2314 3756
988 182 1319 223 FRAGMENTA.
2176 186 2220 219 ,9

86 292 144 316 τον
164 274 267 328 μὲν*
244 292 305 328 αρ
290 274 360 313 ἵετε
377 274 503 327 χειρῶν
531 271 675 318 ἀδίκων,
694 266 733 310 οὗ
757 270 883 321 μείζων
905 269 1041 323 ὄλεθρος
1061 271 1123 308 οὐκ

86 334 178 374 ἔστιν
196 332 404 385 ἀνθρώποις,
419 331 484 369 κᾶν
503 331 630 368 δοκῶσι
643 329 728 382 πρὸς
746 329 784 367 τὸ
804 327 918 381 βραχυ
933 329 992 367 καὶ
1008 327 1122 380 παρὸν

86 391 342 443 ἐπιτυγχάνειν·
362 389 539 460 δεύτερον
540 387 577 426 δὲ
603 387 656 425 ὅτι
675 386 762 439 πρὸς
787 386 1018 437 Ῥωμαίους
1005 392 1085 436 υμῖν
1105 388 1124 424 ὁ

84 448 223 502 λόγος
205 464 303 486 εσται
321 447 412 497 κάμὲ
437 446 495 485 τὸν
516 444 669 498 ἄρχοντα
688 460 831 492 τουτων,
852 443 889 482 ὃν
910 442 988 482 οὔτε
1010 445 1120 482 πολε-

86 511 228 560 μοῦντες
243 505 320 545 οὔτε
341 504 478 558 εἰρήνην
498 505 682 547 αἰτουντες
686 502 882 550 ἐνικήσατε.
903 519 919 536 »
938 500 1123 554 Προσεκύ-

83 581 191 614 νησαν
211 564 268 603 ἐπὶ
284 563 416 607 τούτοις
437 562 588 605 ἅπαντες
606 561 666 600 καὶ
686 561 921 612 ἀνευφήμουν,
949 559 1024 599 θεόν
1043 574 1122 598 τινα

89 623 147 664 ἐπὶ
164 640 234 667 τοις
249 622 363 675 λόγοις
387 621 590 674 ἡγούμενοι.
614 619 855 671 Σπεισάμενος
873 634 954 671 γουν
979 618 1041 657 καὶ
1059 617 1121 664 τὴν

83 685 144 722 τοῦ
155 680 400 733 Νεὸισγάστου
409 681 546 732 μητέρα
557 678 659 730 μόνον
671 677 829 726 αἰτήσας,
841 677 981 717 ἐκείνων
991 677 1122 728 ὁμολο-

84 742 236 792 γούντων
251 755 292 778 τε
312 738 388 790 ἅμα
415 737 475 776 καὶ
495 736 639 786 δόντων,
667 735 841 781 ἀνέζευξεν
861 735 919 775 ἐπὶ
945 733 1121 777 τοιαύταις

83 797 252 851 πράξεσι,
268 795 471 850 μετοπώρου
489 810 527 833 τε
549 794 733 842 ἑστηκότος
753 793 990 844 (ἐξεστηκότος
1006 795 1122 842 Wyt-

84 859 187 897 tenb.
198 858 211 909 )
243 856 303 895 καὶ
333 857 505 908 χειμῶνος
531 853 598 901 ἤδη
628 852 880 904 συνισταμένου
901 851 962 891 καὶ
991 848 1119 903 διαψύ-

83 931 216 969 χοντος.

137 977 211 1012 Res
226 975 391 1024 pertinet
409 972 459 1009 ad
478 984 565 1010 ann.
589 971 664 1009 358
683 985 723 1021 p.
748 972 789 1010 C.
815 970 984 1007 Eandem
1002 970 1122 1006 histo-

85 1035 182 1070 riam
198 1033 286 1069 vide
305 1045 366 1082 ap.
395 1033 548 1067 Petrum
576 1031 782 1066 Patricium
803 1029 913 1078 (Exc.
938 1030 995 1064 De
1022 1028 1120 1075 legg.

85 1105 126 1141 p.
149 1105 163 1127 x
173 1091 192 1127 3
202 1105 216 1128 1
229 1091 290 1130 ed.
303 1089 452 1139 Nieb.).
465 1090 598 1124 Paucis
612 1090 689 1124 haec
705 1089 862 1136 exponit
876 1087 1044 1123 Zosimus
1055 1087 1122 1130 ΙΙΙ,

89 1161 131 1197 7,
161 1151 232 1186 nisi
258 1149 364 1198 quod
387 1161 460 1198 pro
484 1148 681 1184 Chamavis
704 1159 904 1195 perperam
929 1152 1125 1194 ponuntur

90 1210 231 1255 Quadi.
266 1209 405 1243 Praeter
420 1207 661 1244 Ammianum
684 1206 893 1242 Marcellin.
923 1205 1053 1249 XVII,
1080 1202 1126 1248 8,

90 1266 110 1302 5
123 1294 133 1312 ,
153 1267 200 1303 cf.
220 1267 390 1303 Julianus
407 1267 447 1302 in
465 1267 533 1314 Ep.
554 1264 604 1300 ad
624 1264 755 1301 Athen.
776 1275 817 1312 p.
839 1262 914 1298 280
934 1265 980 1299 A.

576 1373 635 1411 13.

140 1469 238 1506 lbid.
265 1482 306 1518 p.
345 1481 390 1515 17
426 1481 435 1503 z
462 1464 549 1505 εὈτι
577 1464 798 1516 Βαδομάριός
816 1479 866 1507 τις
897 1462 1041 1513 δυνάμει
1066 1462 1125 1501 καὶ

86 1526 198 1578 τόλμῃ
217 1526 357 1578 προεῖχε
376 1526 582 1577 Γερμανῶν,
603 1522 663 1561 καὶ
680 1524 713 1566 ἐς
732 1526 832 1560 τοῦτο
856 1521 1046 1574 ὑπετύφετο
1063 1537 1124 1571 με-

85 1583 300 1636 γαλαυχίας,
324 1582 413 1621 ὥστε
434 1581 601 1634 ἐτύγχανε
622 1580 684 1631 μὲν
704 1579 834 1633 ὅμηρον
851 1579 908 1617 τὸν
929 1582 1050 1618 ἑαυτοῦ
1069 1581 1121 1617 δε-

86 1641 204 1686 δωκὼς
224 1640 307 1690 υἵὸν,
325 1641 388 1685 ἕως
411 1640 451 1678 ἂν
473 1642 592 1693 ἀποδῷ
616 1639 694 1683 τοὺς
714 1638 978 1691 αἰχμαλώτους,
1000 1638 1056 1682 οὒς
1087 1641 1125 1676 ἐκ

84 1702 145 1746 τῆς
165 1701 388 1752 καταδρομῆς
407 1694 479 1752 εἶχε
499 1697 826 1751 συνηρπασμένους,
846 1697 986 1740 τούτους
1006 1697 1042 1734 δὲ
1064 1699 1125 1735 οὐκ

85 1758 265 1802 ἀποδιδοὺς
285 1757 411 1810 ἀπῄτει
438 1758 496 1795 τὸν
517 1757 662 1810 ὅμηρον,
689 1755 802 1794 πολλὰ
826 1757 990 1803 ἀπειλῶν,
1016 1758 1046 1794 εἰ
1075 1755 1124 1805 μὴ

84 1815 202 1859 Mem.
215 1816 429 1867 Ἀποπέμπει
444 1815 485 1862 δὴ
505 1820 624 1854 τοῦτον
636 1814 821 1858 Ἰουλιανὸς
840 1816 946 1867 αὐτῷ,
961 1818 1124 1852 τοσοῦτον

84 1876 226 1922 ἐπιθεὶς,
243 1878 288 1919 ὡς
302 1877 362 1913 οὐκ
377 1874 468 1913 ἔστιν
484 1874 680 1919 ἀξιόπιστον
698 1873 733 1911 ἓν
750 1873 927 1925 μειράκιον
946 1873 1030 1925 ὑπὲρ
1045 1875 1125 1912 πολ-

82 1935 151 1972 λῶν
176 1933 422 1986 εὐγενεστέρων
446 1935 614 1985 ὅμηρεῦον
641 1933 724 1984 παρ’
756 1933 870 1984 αὐτῷ·
892 1933 970 1969 ἀλλ’
996 1931 1018 1978 ἢ
1045 1931 1126 1975 τοὺς

84 1990 332 2043 αἰχμαλώτους
349 1992 550 2030 ἀποδιδόναι
566 1993 755 2044 προσῆκον,
774 1989 874 2033 ὄντας
890 1989 976 2042 ὑπὲρ
993 2005 1125 2042 τριοτχι·

81 2050 192 2096 λίους,
211 2051 280 2094 τοῖς
297 2051 422 2088 αὐτίκα
438 2050 556 2097 ἥξουσι
573 2049 771 2101 πρέσὸεσιν,
792 2048 814 2095 ἢ
833 2050 1021 2087 ἀδικοῦντα
1039 2049 1123 2086 εἰδέ-

82 2124 150 2148 ναι.
171 2111 292 2148 Ταῧτα
309 2107 437 2161 ἔγραφέ
458 2124 494 2146 τε
511 2107 571 2146 καὶ
591 2106 652 2154 τὴν
674 2107 864 2158 πρεσὸείαν
881 2106 1036 2146 ἔστελλε.
1054 2107 1123 2146 Καὶ

82 2221 202 2253 ciendae
220 2220 350 2259 orietur,
365 2229 429 2260 qua
450 2228 484 2251 re
497 2220 585 2251 nulla
598 2220 645 2251 est
663 2219 827 2259 capitalior
847 2218 942 2258 pestis
956 2218 1122 2258 pernicies·

82 2282 145 2314 que
168 2271 367 2311 hominibuS‚
385 2271 479 2303 etiam
504 2271 531 2303 si
556 2270 724 2302 videantur
747 2270 787 2302 ad
808 2271 904 2302 breve
925 2271 1072 2310 tempus,
1092 2272 1124 2302 et

82 2328 240 2366 quantum
256 2324 296 2356 ad
317 2333 457 2365 praesens
483 2324 598 2356 attinet
612 2323 652 2355 ad
666 2325 775 2363 optata
789 2323 963 2363 pervenire.
984 2323 1123 2362 Deinde,

82 2378 156 2418 quia
170 2377 259 2409 vobis
273 2384 321 2408 res
336 2377 384 2408 est
400 2384 473 2407 eum
486 2374 638 2408 Romanis
654 2376 686 2407 et
695 2383 840 2413 mecum,
856 2374 911 2414 qui
930 2383 1000 2406 sum
1013 2383 1122 2406 eorum

82 2429 267 2469 imperator,
291 2436 387 2467 quem
403 2435 507 2466 neque
521 2426 641 2458 bellum
666 2427 809 2465 gerentes
830 2434 934 2466 neque
953 2434 1064 2466 pacem
1082 2427 1125 2458 sa-

82 2481 199 2512 cientes
228 2489 369 2521 unquam
399 2479 612 2519 superavistis.
639 2491 655 2507 n
693 2479 935 2511 procubuerunt
961 2479 1009 2510 his
1033 2479 1126 2511 dictis

82 2537 192 2564 omne‘s
199 2533 230 2564 et
243 2534 314 2573 post
323 2532 392 2563 illos
399 2539 560 2563 sermones
573 2530 667 2561 deum
678 2530 814 2570 aliquem
823 2539 889 2562 esse
897 2530 1124 2567 existimantes,

82 2584 128 2615 illi
141 2585 243 2615 fausta
262 2583 425 2623 feliciaque
443 2582 549 2613 omnia
560 2584 635 2613 sunt
650 2581 781 2621 precati.
799 2584 913 2613 Pacem
926 2582 1020 2622 igitur
1033 2582 1125 2622 feeit,

83 2637 116 2667 et
130 2636 232 2667 solam
259 2635 431 2674 Nebisgasti
452 2635 585 2665 matrem
612 2634 719 2675 petiit,
745 2642 842 2673 quam
873 2633 997 2665 barbari
1026 2634 1127 2665 foedus

83 2688 295 2729 approbantes
313 2687 420 2719 statim
434 2686 601 2718 dederunt.
649 2687 705 2718 His
718 2685 889 2724 consectis,
913 2686 1068 2717 autumno
1087 2686 1127 2718 ad

83 2740 180 2772 finem
198 2741 346 2779 vergente
357 2763 366 2779 ‚
381 2740 413 2771 et
426 2738 529 2770 hieme
541 2738 670 2770 ineunte
682 2737 764 2778 (jam
778 2737 862 2768 enim
877 2737 1008 2777 frigebat
1021 2742 1045 2778 ),
1057 2747 1126 2779 pro-

84 2792 185 2824 fectus
197 2792 256 2823 est.

582 2845 639 2876 13.

108 2902 113 2905 “
125 2899 332 2932 Badomarius
342 2899 424 2931 inter
437 2900 613 2931 Germanos
625 2898 767 2938 potentia
777 2898 810 2929 et
820 2897 1012 2929 auctoritate
1023 2897 1128 2929 excel-

84 2953 160 2993 luit,
177 2961 249 2993 quae
263 2960 312 2984 res
327 2960 401 2983 eum
414 2951 454 2983 ad
468 2952 589 2982 tantam
604 2950 786 2991 superbiam
799 2949 927 2989 extulit,
941 2950 988 2988 ut,
1001 2950 1128 2990 proprio

85 3003 150 3036 tilio
160 3028 169 3042 ‚
186 3004 262 3035 dum
279 3003 422 3043 captivos
434 3002 590 3040 redderet,
604 3011 686 3042 quos
698 3010 754 3041 per
767 3000 969 3033 excursiones
982 3003 1127 3041 ceperat,

86 3053 194 3088 obside
203 3055 290 3094 dato,
304 3064 404 3096 quum
419 3054 549 3086 minime
559 3054 703 3094 captivos
713 3053 906 3092 restitueret,
922 3053 1130 3085 nihilominus

86 3108 229 3140 obsidem
256 3108 315 3140 sibi
342 3108 465 3140 restitui
489 3107 680 3148 postulavit,
704 3107 805 3138 multa
827 3106 967 3137 minatus
978 3131 987 3145 ,
1010 3106 1037 3138 si
1063 3115 1128 3137 non

86 3160 248 3200 reciperet.
265 3162 359 3192 Hunc
374 3168 450 3190 vero
466 3159 613 3190 Julianus
628 3158 666 3189 ad
691 3159 796 3198 ipsum
818 3157 951 3196 remisit,
971 3157 1032 3189 hoc
1048 3157 1127 3197 adji-

88 3211 191 3251 ciens,
210 3220 312 3243 unum
325 3211 559 3242 adolescentem
577 3219 642 3241 non
659 3218 725 3242 esse
746 3209 897 3241 idoneum
913 3209 996 3249 apud
1019 3218 1053 3241 se
1073 3218 1129 3249 pro

88 3263 199 3295 multis
210 3263 419 3295 nobilioribus
430 3262 585 3295 obsidem.
606 3263 670 3294 Sed
691 3263 747 3293 aut
760 3262 921 3302 captivos,
936 3261 992 3302 qui
1012 3261 1052 3292 ad
1068 3261 1130 3293 tria

89 3314 188 3349 millia
200 3314 231 3345 in
248 3315 315 3354 eius
328 3315 486 3354 potestate
505 3315 607 3353 erant,
622 3322 697 3345 eum
711 3313 878 3345 restituere
895 3314 1060 3353 oportere,
1075 3314 1131 3344 aut

87 3366 212 3407 iuJuriae
226 3375 333 3407 poenas
346 3375 379 3399 se
394 3367 575 3399 soluturum
593 3375 660 3399 esse
676 3366 781 3399 sciret.
797 3369 875 3398 Haec
891 3365 1027 3406 scripsit,
1042 3367 1070 3397 et
1084 3365 1130 3397 le-

1184 268 1284 311 αὗτὸς
1304 267 1419 306 εἵπετο
1443 269 1485 319 τῆ
1505 265 1714 339 πρεσὸείᾳ’
1696 281 1764 303 απο
1787 265 1885 316 Νεμὲ
1871 282 1954 304 των
1983 267 2068 339 ἄρας
2087 268 2144 306 ἐπι
2163 268 2220 306 τὸν

1183 326 1324 373 Ῥῆνον.
1341 323 1439 372 Ἤδη
1453 340 1491 363 τε
1504 340 1545 371 ην
1562 323 1648 376 πρὸς
1663 324 1732 367 τοῖς
1746 323 2005 375 Ραυροὶκοις,ε
1993 324 2012 362 ό
2030 326 2102 363 ἐστι
2119 326 2221 379 φρού·

1183 399 1269 436 ριον.

1235 443 1326 491 Quae
1341 443 1381 479 h.
1402 444 1426 480 l.
1444 442 1491 478 de
1506 441 1735 478 Badoinario
1754 441 1944 489 leguntur,
1973 443 2125 478 aliunde
2143 457 2223 479 non

1182 510 1275 539 nota
1308 508 1406 539 sunt.
1439 500 1555 549 Apud
1586 501 1776 536 Zosimum
1806 501 1882 544 111,
1919 504 1939 542 4
1974 501 2223 536 Bczclomarius

1180 573 1298 610 prave
1309 560 1535 609 appellatur,
1550 559 1616 607 qui
1631 557 1924 594 Chnmlomarius
1934 558 2116 595 dicendus
2131 567 2222 596 erat.

1182 618 1276 655 Vide
1291 618 1539 665 Reitemeyer.
1559 616 1608 652 ad
1625 616 1763 652 Zosim.
1781 616 1807 654 l.
1827 616 1854 653 l.
1872 617 1947 652 Res
1958 618 2147 665 pertinere
2166 619 2221 652 vi-

1181 675 1294 712 detur
1312 675 1363 712 ad
1381 687 1470 714 ann.
1488 673 1577 723 359.

1673 793 1734 832 14.

1234 884 1327 920 Exc.
1347 885 1404 919 De
1416 889 1574 919 sentent.
1593 895 1635 930 p.
1659 880 1762 928 257.
1753 893 1762 902 ·
1785 877 1870 918 “on
1890 894 1995 932 φησιν
2015 881 2033 917 ὁ
2054 878 2225 924 Εὖνάπιος

1181 940 1262 992 περὶ
1297 939 1506 979 Ἰουλιανοῦ·
1538 938 1715 978 Ἐνταῦθα
1741 936 1777 976 δὲ
1806 952 1930 990 γενομε
1914 953 2009 981 ..νους
2028 941 2226 988 μεμνῆσθαι

1182 1001 1370 1051 προσῆκεν,
1387 1000 1433 1042 ὡς
1453 1001 1511 1035 νῦν
1535 999 1557 1044 ἡ
1586 995 1702 1049 γραφὴ
1730 995 1886 1050 περιέχει
1909 995 1954 1034 τὰ
1972 999 2028 1034 τοῦ
2053 996 2227 1049 Καίσαρος

1184 1057 1287 1110 ἔργα,
1306 1061 1416 1095 ταῦτα
1445 1056 1480 1094 δὲ
1504 1055 1634 1107 ἐγίνετο
1660 1054 1906 1094 Κωνσταντίου
1929 1055 2098 1106 βασιλέως
2119 1057 2226 1105 βασι-

1183 1114 1358 1158 λεύοντος·
1381 1114 1500 1167 ὥσπερ
1517 1118 1575 1153 οὖν
1593 1116 1627 1152 ἐν
1646 1118 1716 1156 τοῖς
1734 1113 1826 1150 κατὰ
1849 1111 2091 1151 Κωνστάντιον
2111 1115 2225 1165 ἀμφο-

1184 1173 1291 1225 τέρων
1324 1172 1529 1223 μεμνημένη
1553 1171 1597 1211 τὰ
1622 1187 1683 1210 του
1715 1170 1943 1223 προκειμένου
1978 1170 2226 1209 Κωνσταντίου

1186 1233 1319 1282 μᾶλλον
1337 1226 1448 1270 εἷλκεν
1462 1231 1522 1269 καὶ
1535 1234 1692 1282 παρῆγεν
1707 1231 1754 1273 εἷς
1774 1229 1831 1268 τὸν
1845 1229 1962 1279 λόγον,
1981 1228 2091 1273 οὕτως
2104 1231 2225 1277 ἐπειδὴ

1186 1290 1242 1328 τὸν
1268 1289 1368 1341 λόγον
1388 1292 1426 1328 ἐκ
1445 1293 1506 1336 τῆς
1524 1288 1691 1340 γενέσεως
1715 1290 1761 1331 εἷς
1788 1287 1976 1327 Ἰουλιανὸν
2006 1288 2148 1326 ἐλθόντα
2168 1289 2226 1327 τὸν

1188 1347 1354 1400 Καίσαρα
1374 1351 1432 1385 νῦν
1462 1347 1673 1400 ἀναγράφει,
1699 1346 1930 1396 ἐπιμνήσεται
1949 1345 2066 1393 πάλιν,
2097 1347 2128 1390 ἐς
2146 1348 2226 1384 ὅσον

1184 1406 1224 1443 ἂν
1248 1408 1387 1458 ἐγχωρῇ
1408 1399 1474 1456 αὖ,
1492 1408 1560 1444 τῶν
1577 1405 1667 1443 κατὰ
1684 1404 1760 1449 τοὺς
1784 1404 2074 1457 παραπίπτοντας
2090 1405 2230 1458 καιροὺς

1183 1466 1231 1507 εἰς
1243 1464 1299 1502 τὸν
1321 1464 1483 1516 Καίσαρα
1503 1462 1738 1515 Κωνσταντίῳ
1752 1462 2019 1514 συντεθειμένων
2036 1478 2073 1501 τε
2087 1463 2148 1501 καὶ
2165 1479 2229 1516 με-

1184 1522 1456 1574 μηχανημένων.

1237 1595 1267 1622 2.
1293 1581 1338 1620 ‘0
1354 1582 1416 1631 μὲν
1433 1580 1499 1632 γὰρ
1519 1580 1696 1630 Ῥωμαῖος
1711 1579 1846 1632 Μάριος
1860 1579 1917 1618 τὸν
1933 1580 2120 1618 ἀντίπαλον
2135 1579 2230 1619 Σύλ-

1183 1641 1249 1678 λαν
1269 1642 1411 1677 διπλοῦν
1430 1640 1545 1692 Οηρίον
1572 1641 1760 1677 ἀποκαλῶν
1773 1669 1784 1688 ,
1813 1638 1980 1676 ἀλώπεκα
2006 1638 2065 1676 καὶ
2086 1638 2229 1687 λεόντα,

1185 1699 1319 1748 μᾶλλον
1341 1698 1471 1751 ἔφασκε
1492 1699 1677 1751 φοὸεῒσθαι
1697 1697 1759 1743 τὴν
1781 1697 1946 1735 ἀλώπεκα
1960 1713 1967 1722 ·
1993 1697 2229 1751 Κωνσταντίῳ

1182 1757 1218 1796 δὲ
1234 1757 1322 1796 λε’ων
1347 1757 1409 1807 μὲν
1430 1757 1539 1800 οὐδεὶς
1558 1760 1687 1809 παρῆν,
1705 1756 1834 1795 πολλαὶ
1854 1756 1889 1794 δὲ
1911 1755 2089 1800 ἀλώπεκες
2111 1756 2230 1809 κύκλῳ

1181 1815 1449 1868 περιτρέχουσαι
1465 1815 1680 1867 διεθορύὸουν
1698 1815 1755 1853 τὸν
1778 1815 1958 1867 Καίσαρα.

1238 1889 1268 1914 3.
1297 1878 1403 1914 Πᾶσα
1424 1876 1452 1912 δ’
1478 1878 1498 1921 ἡ
1518 1875 1576 1927 βία
1598 1874 1660 1921 τὴν
1687 1874 1824 1927 γραφὴν
1843 1873 1935 1912 κατὰ
1961 1872 2070 1926 μικρὰ
2089 1873 2149 1911 καὶ
2173 1873 2230 1911 ἐπὶ

1187 1934 1432 1971 Κωνστάντιον
1454 1932 1635 1985 φέρεσθαι,
1654 1933 1712 1970 καὶ
1728 1935 1795 1971 τῶν
1813 1931 1870 1970 ὑπ’
1888 1931 2017 1970 ἐκείνου
2032 1931 2230 1983 πραττομέ-

1181 2006 1249 2028 νων
1274 1991 1419 2029 ἕκαστον
1451 1993 1638 2043 ἀναγαγεῖν
1669 1991 1725 2029 ἐπὶ
1747 1989 1887 2044 καιροὺς
1911 1992 1990 2028 καθ’
2021 1989 2078 2033 οὒς
2098 1990 2229 2041 ἐγίνετο

1182 2049 1242 2092 καὶ
1257 2051 1478 2089 συνέπιπτεν.

1236 2120 1267 2146 4.
1289 2107 1377 2146 Τότε
1389 2109 1430 2154 δὴ
1447 2111 1463 2146 ὃ
1480 2107 1721 2150 Κωνστάντιος
1734 2106 1785 2159 ἐφ’
1800 2100 1848 2150 οἷς
1866 2105 2021 2158 (χαίρειν
2038 2120 2149 2158 supp.
2165 2108 2229 2156 N.)

1184 2214 1342 2259 g'ationem
1354 2219 1451 2257 misit,
1468 2228 1565 2259 quam
1583 2228 1647 2250 non
1661 2219 1765 2250 multo
1779 2220 1849 2259 post
1863 2218 1928 2259 ipse
1941 2217 2158 2258 subsequutus
2169 2219 2230 2256 est,

1182 2279 1201 2301 a
1219 2270 1407 2302 Nemetibus
1422 2270 1461 2301 ad
1479 2271 1624 2302 Rhenum
1639 2279 1795 2311 movens3
1813 2270 1945 2310 jamque
1963 2269 2048 2310 apud
2070 2271 2232 2302 Rauracos

1183 2324 1264 2363 erat,
1278 2331 1352 2364 quae
1360 2324 1408 2355 est
1418 2324 1636 2355 Romanorum
1653 2322 1788 2354 colonia.

1226 2435 1304 2465 Haec
1317 2433 1361 2466 ait
1374 2433 1414 2466 de
1425 2436 1445 2466 J
1448 2433 1556 2465 uliano
1570 2433 1734 2474 Eunapius
1748 2442 1756 2464 :
1771 2433 1875 2473 Atque
1889 2431 2022 2471 hocjam
2034 2432 2103 2463 loco
2120 2432 2233 2464 memi-

1183 2485 1267 2518 nisse
1277 2485 1387 2525 decet,
1396 2494 1481 2517 nune
1489 2485 1620 2525 quidem
1631 2485 1795 2517 historiam
1810 2485 1892 2516 saeta
1902 2483 2036 2515 Caesaris
2049 2484 2231 2524 complecti,

1184 2547 1257 2578 quae
1273 2538 1404 2578 quidem
1419 2539 1607 2571 Constantio
1621 2539 1763 2578 Augusto
1786 2538 1936 2578 regnante
1949 2539 2072 2577 patrata
2089 2537 2231 2569 suerunt.

1186 2588 1286 2619 Sicuti
1309 2597 1383 2628 ergo
1395 2612 1403 2628 ,
1433 2588 1510 2619 dum
1537 2588 1715 2620 Constantii
1742 2596 1791 2619 res
1821 2588 2046 2627 narrabantur,
2066 2588 2233 2628 utriusque

1185 2639 1306 2671 mentio
1330 2639 1363 2671 in
1385 2639 1516 2671 historia
1536 2639 1649 2679 fiebat,
1676 2639 1721 2670 ita
1742 2640 1851 2670 tamen
1864 2640 1912 2679 ut,
1937 2639 2012 2679 qnia
2028 2639 2233 2671 Constantius

1187 2691 1346 2732 praecipua
1362 2700 1495 2732 persona
1519 2693 1607 2730 erat,
1624 2691 1666 2723 ad
1686 2692 1774 2723 hunc
1790 2691 1930 2723 maxime
1944 2691 2088 2723 tenderet
2109 2693 2232 2731 specta-

1186 2747 1298 2785 retque
1310 2745 1411 2776 oratio
1421 2755 1430 2784 ;
1449 2745 1492 2776 ita
1514 2753 1613 2783 nunc,
1639 2745 1714 2784 quia
1727 2744 1767 2776 de
1780 2744 1908 2776 Juliano
1926 2744 1967 2775 ab
1980 2744 2048 2783 ejus
2065 2744 2232 2776 nativitate

1187 2806 1287 2838 usque
1303 2798 1342 2829 ad
1362 2798 1497 2830 Caesaris
1514 2798 1702 2838 dignitatem
1724 2797 1912 2837 scribimus,
1937 2805 2047 2828 rursus
2073 2798 2230 2837 quantum

1187 2857 1236 2880 res
1251 2849 1401 2888 tulerint,
1418 2848 1546 2880 insidias
1562 2849 1790 2889 machinasque
1802 2848 2061 2888 memorabimus,
2076 2857 2156 2888 quas
2171 2858 2230 2889 op-

1186 2901 1324 2940 portuno
1334 2901 1478 2940 tempore
1493 2900 1646 2932 adversus
1659 2902 1820 2932 Caesarem
1835 2899 2042 2932 constantius
2063 2899 2164 2937 instru
2171 2901 2228 2932 xit.

1225 2951 1485 2984 2.Adversarium
1500 2952 1618 2992 Syllam
1635 2952 1754 2984 Marius
1770 2954 1933 2984 Romanus
1954 2951 2052 2983 feram
2069 2951 2230 2992 duplicem

1186 3003 1344 3043 appellare
1359 3003 1501 3043 solebat,
1515 3003 1646 3043 vulpem
1662 3004 1759 3043 atque
1774 3003 1918 3042 leonem;
1935 3002 1990 3034 sed
2006 3004 2112 3034 tamen
2134 3004 2232 3043 magis

1187 3055 1317 3094 vulpem
1333 3054 1447 3086 timere
1456 3063 1489 3086 se
1502 3055 1615 3086 aiebat.
1659 3054 1845 3087 Constantio
1859 3054 1966 3087 hercle
1978 3054 2086 3086 nullus
2099 3054 2147 3085 leo
2159 3054 2230 3086 ade-

1188 3107 1255 3144 rat,
1271 3105 1328 3137 sed
1344 3106 1455 3138 mullae
1466 3106 1579 3146 vulpes
1591 3105 1854 3138 circumsilientes
1869 3105 2031 3146 negotium
2048 3105 2166 3138 Caesari
2182 3105 2229 3136 sa-

1187 3157 1361 3189 cessebant.

1230 3215 1258 3242 3.
1271 3210 1332 3243 Sed
1348 3210 1442 3250 plane
1456 3219 1584 3243 necesse
1597 3211 1693 3243 estut
1707 3210 1860 3251 paulatim
1878 3210 2009 3242 historia
2021 3210 2061 3242 ad
2075 3211 2229 3242 constan-

1187 3261 1268 3292 tium
1288 3270 1416 3302 quoque
1431 3261 1596 3300 deflectat,
1609 3263 1705 3302 atque
1722 3263 1757 3293 ut
1769 3261 1838 3301 ejus
1853 3270 1903 3294 res
1916 3263 2018 3302 gestas
2032 3260 2229 3300 temporibus

1187 3321 1349 3353 quamque
1364 3313 1430 3345 suis
1445 3313 1592 3345 collocet.

1232 3367 1261 3396 4.
1274 3366 1365 3396 Tune
1378 3373 1453 3397 vero
1467 3363 1684 3405 constantius,
1693 3363 1924 3405 quaeqaudere
1932 3372 1989 3403 par
2002 3364 2081 3402 erat,
2094 3362 2229 3394 moleste

1952 3425 1967 3442 ο

1952 3441 1977 3449 ...-
