2372 3704
1024 246 1358 288 FRAGMENTA.

120 336 336 392 Τυρρηνούς·
356 336 419 384 τὴν
437 334 473 375 δὲ
493 335 607 375 αἰτίαν
627 334 742 387 ὀλίγον
765 333 906 388 ὕστερον
926 334 994 386 ἐρῶ
1016 334 1083 383 (fr.
1106 333 1163 386 3).

119 397 183 442 Ὡς
205 396 241 435 δὲ
262 395 495 448 ἀπενεχθέντα
514 394 572 433 τὸν
589 394 750 447 χρησμὸν
767 393 908 444 ἔμαθον,
926 393 990 431 οὐκ
1009 385 1102 444 εἶχον
1123 391 1167 430 τὰ

118 455 290 508 λεγόμενα
306 454 514 506 συμὸαλεῖν.
533 453 772 506 Ἀμηχανοῧσι
786 452 823 491 δὲ
839 453 953 495 αὐτοῖς
965 453 1033 489 τῶν
1048 465 1169 503 γεραι-

118 515 228 568 τέρων
251 529 305 558 τις
328 513 422 566 λέγει
443 510 633 564 συμὸαλὼν
654 511 694 550 τὸ
713 510 842 562 λόγιον,
869 510 922 549 ὅτι
951 513 1011 548 τοῦ
1039 508 1169 553 παντὸς

117 572 380 626 ἡμαρτήκασιν,
395 573 425 610 εἷ
441 570 571 610 οἴονται
586 569 664 616 τοὺς
677 570 774 615 θεοὺς
787 570 914 614 ἀδίκως
930 569 1045 613 αὐτοῖς
1065 569 1168 620 ἐγκα-

117 633 205 671 λεῖν.
230 630 444 684 Χρημάτων
472 629 536 680 μὲν
560 628 629 683 γὰρ
656 628 888 668 ἀποδεδόσθαι
912 627 975 672 τὰς
1005 627 1170 680 ἀπαρχὰς

119 690 236 734 αὐτοῖς
254 690 396 732 ἁπάσας
422 691 530 742 ὀρθῶς
551 704 588 728 τε
610 687 671 727 καὶ
701 687 762 726 σὺν
790 688 888 740 δίκῃ·
915 685 1107 740 ἀνθρώπων
1132 685 1168 725 δὲ

119 751 222 797 γονῆς
239 747 279 787 τὸ
296 747 425 800 λάχος,
445 750 571 801 χρῆμα
584 745 714 790 παντὸς
725 745 878 798 μάλιστα
895 746 981 790 θεοῖς
997 744 1169 797 τιμιώτα-

119 821 193 858 τον,
203 806 420 860 ὀφείλεσθαι·
435 808 464 845 εἷ
481 806 517 846 δὲ
531 805 572 853 δὴ
585 805 646 845 καὶ
664 805 795 844 τούτων
808 804 949 844 λάὸοιεν
957 804 1019 851 τὴν
1031 803 1168 843 δικαίαν

120 867 259 920 μοῖραν,
275 866 371 911 τέλος
387 866 473 912 ἕξειν
495 866 593 920 σφίσι
611 865 651 905 τὸ
669 865 799 918 λόγιον.
824 867 909 909 Τοῖς
925 863 987 916 μὲν
1004 863 1046 911 δὴ
1063 866 1171 916 ὀρθῶς

120 924 232 964 ἐδόκει
247 927 410 978 λέγεσθαι
426 929 538 964 ταῦτα
551 956 562 977 ,
579 927 651 969 τοῖς
664 923 701 963 δὲ
717 924 752 970 ἐξ
769 923 955 971 ἐπιὸουλῆς
968 923 1171 975 συγκεῖσθαι

120 985 139 1021 ὁ
151 982 265 1035 λόγος.
291 984 589 1035 Εἷσηγησαμένου
603 983 641 1023 δέ
658 999 748 1027 τινος
762 982 825 1030 τὴν
844 981 1005 1034 γνώμην,
1022 981 1081 1020 τὸν
1096 981 1170 1020 θεὸν

120 1041 305 1095 ἐπέρεσθαι
327 1044 357 1082 εἷ
381 1044 476 1096 αὐτῷ
502 1042 600 1098 φίλον
621 1041 813 1096 ἀνθρώπων
841 1041 987 1085 δεκάτας
1007 1041 1171 1091 ἀπολαμ-

120 1100 253 1149 ὅάνειν,
271 1100 451 1151 πέμπουσι
477 1101 516 1140 τὸ
541 1100 700 1154 δεύτερον
716 1100 946 1155 θεοπρόπους,
973 1098 1035 1137 καὶ
1059 1100 1078 1136 ὃ
1097 1098 1173 1142 θεὸς

119 1161 254 1200 ἀνεῖλεν
274 1159 366 1200 οὕτω
385 1166 510 1200 ποιεῖν.
533 1160 602 1200 Ἐκ
619 1158 655 1199 δὲ
675 1159 798 1198 τούτου
824 1158 946 1202 στάσις
969 1155 1093 1200 αὐτοὺς
1112 1172 1173 1195 κα-

119 1219 343 1270 ταλαμὸάνει
366 1219 447 1273 περὶ
471 1222 530 1258 τοῦ
549 1219 680 1272 τρόπου
700 1220 763 1265 τῆς
781 1217 1026 1260 δεκατεύσεως.
1050 1215 1120 1255 Καὶ
1137 1217 1171 1254 ἐν

121 1279 288 1325 ἀλλήλοις
315 1280 348 1317 οἱ
376 1277 632 1331 προεστηκότες
662 1279 732 1316 τῶν
761 1275 897 1316 πόλεων
926 1274 1004 1314 τότε
1024 1276 1173 1328 ιπρῶττον

120 1337 385 1390 ἐταράχθησαν·
403 1337 525 1376 ἔπειτα
541 1336 601 1375 καὶ
617 1335 656 1374 τὸ
671 1335 791 1374 λοιπὸν
813 1336 942 1382 πλῆθος
960 1335 1003 1372 δι’
1022 1332 1174 1386 ὑποψίας

117 1395 199 1439 τοὺς
217 1398 252 1435 ἐν
271 1395 364 1435 τέλει
384 1395 597 1447 ἐλάμὸανεν.
612 1393 796 1447 Ἐγίνοντό
806 1409 845 1432 τε
864 1392 977 1432 οὐδενὶ
994 1391 1119 1444 κόσμῳ
1137 1394 1172 1430 αἱ

117 1454 392 1502 ἐπαναστάσεις,
413 1453 526 1502 ἀλλὰ,
538 1452 659 1506 ὥσπερ
679 1452 786 1500 εἷκὸς,
806 1452 934 1505 οἴστρῳ
949 1451 1008 1490 καὶ
1024 1450 1173 1489 6506),oe-

119 1511 198 1565 ὅείᾳ
219 1512 498 1564 ἀπελαυνόμεναι
509 1527 518 1537 ·
537 1511 725 1551 καὶπολλὰ
738 1510 879 1564 ἐφέστια
893 1509 958 1548 ὅλα
977 1509 1173 1563 ἐξηλείφθη,

119 1571 246 1624 μέρους
265 1573 378 1610 αὐτῶν
392 1570 664 1622 μεθισταμένου*
679 1571 717 1610 οὗ
735 1569 803 1622 γὰρ
823 1568 996 1608 ἐδικαίουν
1018 1569 1050 1606 οἱ
1062 1582 1172 1620 προσ-

120 1629 263 1677 ήκοντες
289 1632 362 1675 τοῖς
385 1629 531 1675 ἐξιοῦσιν
551 1628 806 1668 ἀπολείπεσθαί
823 1643 862 1667 τε
881 1629 950 1666 τῶν
978 1627 1170 1681 φιλτάτων,

120 1688 182 1728 καὶ
201 1690 236 1728 ἐν
266 1691 338 1734 τοῖς
357 1689 527 1742 ἐχθίστοις
552 1687 751 1739 ὑπομένειν.
771 1689 912 1740 Πρῶτοι
933 1685 995 1738 μὲν
1016 1686 1058 1734 δὴ
1080 1680 1174 1725 οὗτοι

122 1747 402 1799 μεταναστάντες
421 1747 456 1793 ἐξ
475 1746 630 1791 Ἰταλίας
646 1746 693 1791 εἴς
713 1762 751 1786 τε
770 1745 834 1794 τὴν
853 1745 1014 1785 Ἑλλάδα
1034 1744 1094 1784 καὶ
1113 1747 1175 1792 τῆς

122 1806 301 1860 βαρὸάρου
318 1806 451 1854 πολλὴν
468 1806 729 1853 ἐπλανήθησαν,
751 1805 842 1857 μετὰ
860 1805 897 1844 δὲ
921 1804 998 1848 τοὺς
1016 1803 1174 1858 πρώτους

120 1865 230 1920 ἕτεροι
238 1866 277 1905 τὸ
287 1867 371 1905 αὐτὸ
384 1866 526 1913 ἔπαθον,
539 1867 618 1907 κτλ.
633 1867 692 1906 Cf.
706 1867 891 1904 Niebuhr.
902 1868 1024 1902 Raem.
1044 1865 1174 1901 Gescle.

120 1927 160 1972 1,
191 1940 234 1976 p.
256 1926 307 1964 66
327 1940 412 1977 sqq.
433 1927 585 1964 Miiller.
615 1928 716 1963 Min.
739 1939 778 1975 p.
803 1925 878 1970 438
900 1938 1003 1974 sqq.;
1020 1926 1109 1964 Dor.
1133 1926 1173 1971 Ι,

118 1998 159 2036 p.
182 1998 272 2025 200.

629 2065 668 2104 3.

178 2155 339 2203 Dionys.
360 2153 450 2192 Hal.
462 2155 509 2192 A.
524 2154 574 2190 R.
592 2153 625 2199 Ι,
642 2152 692 2190 28
705 2164 745 2202 p=
764 2156 825 2199 74,
842 2153 876 2188 R
895 2165 903 2188 2
923 2148 1117 2203 Μυρσίλος,
1129 2147 1174 2187 τὰ

121 2264 225 2305 cuius
237 2264 283 2297 rei
294 2272 425 2297 causam
439 2264 549 2306 paullo
561 2264 633 2305 post
645 2263 828 2296 declarabo.
845 2265 956 2300 Quum
971 2264 1079 2295 autem
1099 2270 1173 2293 ora-

122 2319 231 2350 culum
244 2318 381 2351 relatum
391 2317 580 2357 audiissent,
596 2317 754 2358 conjicere
766 2325 832 2348 non
840 2317 1003 2357 poterant,
1020 2315 1100 2357 quid
1116 2314 1177 2347 sibi

123 2370 244 2402 vellent
255 2377 294 2402 ea
307 2378 382 2411 quae
394 2369 595 2401 dicebantur.
609 2368 673 2402 Sed
688 2368 750 2401 illis
769 2368 996 2400 haesitantibus
1005 2391 1015 2407 ,
1043 2367 1176 2408 quidam

123 2430 165 2454 ex
191 2421 355 2454 seniorum
373 2430 529 2461 numero,
545 2421 677 2453 oraculo
692 2429 749 2461 per
766 2419 970 2460 conjecturas
994 2419 1176 2459 intellecto,

123 2481 177 2505 eos
196 2474 267 2505 toto
290 2473 372 2505 coelo
390 2481 498 2505 errare
512 2472 612 2513 dixit,
634 2472 660 2504 si
681 2471 759 2504 deos
787 2471 828 2504 de
851 2471 926 2513 ipsis
942 2495 947 2499 Α
966 2470 1085 2511 injuria
1098 2479 1177 2502 con-

115 2525 214 2565 queri
234 2525 395 2566 putarent.
425 2526 613 2557 Ceterarum
628 2524 713 2556 enim
732 2532 840 2555 rerum
855 2522 1001 2555 omnium
1021 2522 1179 2564 primitias

123 2575 199 2616 ipsis
225 2577 312 2608 recte
332 2577 365 2608 et
385 2575 459 2615 jure
481 2575 642 2615 redditas,
667 2574 723 2607 sed
760 2575 858 2616 prolis
871 2575 1024 2607 humanae
1052 2574 1176 2615 portio·

123 2637 217 2667 nem,
237 2636 304 2660 rem
331 2627 392 2660 diis
413 2628 559 2660 omniurn
576 2628 670 2667 longe
694 2627 909 2666 carissimam,
931 2627 1038 2659 adhuc
1056 2626 1177 2659 deberi.

123 2679 247 2717 Quodsi
266 2679 361 2718 hujus
375 2688 506 2720 quoque
521 2679 619 2720 prolis
644 2679 795 2711 humanae
808 2680 933 2720 partem
950 2678 1069 2719 iustam
1085 2687 1178 2710 acce-

124 2733 260 2774 pissent,
276 2732 442 2764 oraculum
463 2732 661 2764 satisfactum
674 2731 713 2763 iri
729 2730 868 2763 dicebat.
889 2733 967 2764 Haec
992 2731 1091 2772 igitur
1108 2731 1179 2764 aliis

123 2785 255 2827 quidem
271 2787 358 2818 recte
366 2785 429 2817 dici
441 2809 450 2825 ,
467 2785 538 2817 aliis
553 2794 630 2817 vero
652 2793 690 2817 ea
713 2785 818 2817 oratio
837 2793 880 2817 ex
896 2784 1021 2817 insidiis
1043 2793 1178 2826 compo·

123 2838 185 2870 sita
194 2837 374 2871 videbatur.
385 2838 447 2871 Sed
466 2846 568 2878 quum
578 2837 714 2878 quidam
734 2845 792 2870 sua
815 2838 974 2870 sententia
986 2838 1099 2869 auctor
1117 2837 1179 2870 illis

125 2890 253 2930 suisset,
267 2891 304 2922 ut
318 2889 417 2922 deum
432 2890 685 2930 interrogarent,
712 2897 754 2921 an
777 2889 806 2921 ei
822 2890 950 2930 gratum
975 2891 1058 2922 esset
1075 2890 1179 2922 homi-

124 2952 204 2975 num
217 2943 358 2976 decimas
384 2943 529 2984 accipere
542 2965 552 2982 ,
572 2944 681 2975 vatem
703 2942 745 2974 ad
770 2942 875 2982 ipsum
889 2942 996 2975 denuo
1009 2943 1177 2983 miserunt,

125 2995 268 3037 deusque
279 2995 460 3037 respondit,
474 2997 512 3028 ut
524 2996 568 3028 ita
581 2996 732 3028 facerent.
743 2997 858 3028 Postea
874 2996 959 3028 inter
975 3004 1029 3028 eos
1044 2997 1116 3028 orta
1131 2997 1180 3028 est

123 3047 239 3079 seditio
259 3049 389 3089 propter
409 3047 631 3080 decimationis
653 3047 805 3080 faciendae
820 3047 966 3080 modum.
984 3049 1090 3088 Atque
1118 3047 1179 3088 pri-

126 3107 217 3131 mum
236 3099 295 3140 ipsi
320 3100 488 3132 civitatum
516 3100 746 3140 gubernatores
760 3100 843 3133 inter
858 3109 892 3132 se
916 3101 995 3132 tunc
1010 3102 1087 3132 sunt
1110 3101 1180 3132 tur-

127 3149 212 3190 bati,
226 3150 340 3183 deinde
355 3151 452 3184 etiam
474 3152 597 3192 reliqua
618 3152 708 3192 plebs
720 3151 923 3193 magistratus
936 3153 1102 3193 suspectos
1126 3152 1179 3183 ha·

126 3202 204 3234 bere
224 3202 339 3243 coepit,
358 3204 458 3244 atque
480 3203 572 3235 nulla
587 3203 754 3244 disciplina
780 3204 924 3243 servata,
945 3203 1019 3244 sed,
1039 3203 1087 3236 uti
1112 3203 1180 3235 fieri

127 3253 226 3294 solet,
248 3255 347 3286 oestro
368 3255 508 3295 quodam
534 3256 567 3287 et
588 3256 696 3287 surore
723 3255 880 3287 divinitus
906 3255 1051 3287 immisso
1072 3255 1181 3295 agitati

129 3305 328 3346 emigabrant
339 3330 349 3346 ,
366 3307 398 3338 et
411 3306 523 3338 multae
544 3306 662 3339 domus
682 3306 815 3348 integrae
830 3307 964 3339 desertae
983 3308 1077 3347 sunt,
1094 3306 1182 3347 quod

131 3365 203 3396 pars
215 3357 357 3397 ipsorum
369 3358 432 3390 alio
449 3358 540 3390 sedes
557 3367 633 3390 suas
648 3358 871 3391 transtulisset.
889 3358 953 3396 Qui
969 3358 1055 3390 enim
1071 3366 1180 3390 neces-

131 3407 277 3440 situdinis
289 3409 418 3441 vinculo
431 3409 596 3449 conjuncti
609 3411 700 3442 erant
715 3418 790 3441 cum
805 3410 866 3442 illis
884 3410 941 3450 qui
963 3409 1181 3450 discedebant,

132 3468 151 3494 a
167 3461 337 3494 carissimis
351 3461 453 3495 deseri
462 3464 494 3496 et
504 3463 586 3495 inter
601 3462 835 3496 inimicissimos
844 3471 1008 3496 remanere
1019 3463 1179 3496 nolebant.

2196 257 2272 291 457

1230 333 1382 385 ἔμπαλιν
1399 334 1674 388 ἀποφαινόμενος
1689 333 1889 388 Ἑλλανίκῳ
1907 330 1975 387 (fr.
1995 350 2010 374 1
2034 335 2062 389 )‚
2083 335 2160 381 τοὺς
2187 339 2280 390 Tup-

1233 390 1354 445 ρηνούς
1371 407 1489 445 φησιν,
1509 391 1629 439 ἐπειδὴ
1643 391 1706 439 τὴν
1722 394 1853 431 ἑαυτῶν
1868 392 2039 445 ἐξέλιπον,
2053 396 2087 433 ἐν
2103 399 2147 448 τῇ
2161 396 2278 448 πλάνῃ

1231 453 1535 506 μετονομασθῆναι
1561 449 1776 502 πελαργοὺς,
1806 453 1876 490 τῶν
1896 452 2022 504 ὀρνέων
2052 456 2122 498 τοῖς
2149 455 2277 493 καλου-

1230 510 1346 561 μένοις
1361 512 1548 563 πελαργοῖς
1562 509 1804 558 εἷκασθέντας,
1824 513 1871 555 ὡς
1882 511 1973 550 κατὰ
1987 512 2113 563 ἀγέλας
2132 514 2276 566 ἐφοίτων

1230 568 1279 613 εἴς
1297 584 1335 608 τε
1354 569 1419 617 τὴν
1439 569 1597 609 Ἑλλάδα
1615 568 1676 608 καὶ
1695 568 1759 616 τὴν
1782 568 1958 622 βάρὸαρον
1971 586 1980 595 ·
2005 570 2066 608 καὶ
2085 574 2156 616 τοῖς
2179 573 2282 620 Ἀθη.

1229 628 1336 673 ναίοις
1353 627 1393 667 τὸ
1408 629 1522 681 τεῖχος
1540 627 1579 666 τὸ
1595 627 1676 681 περὶ
1697 626 1760 674 τὴν
1773 628 1978 680 ἀκρόπολιν,
2000 628 2040 668 τὸ
2059 631 2281 682 Πελασγικὸν

1230 686 1461 738 καλούμενον,
1480 686 1621 731 τούτους
1636 686 1851 739 περιὸαλεῖν.

1284 749 1341 784 Βε
1356 749 1529 796 Pelasgis
1557 760 1594 786 v.
1621 748 1770 786 Miiller.
1798 749 1898 786 Min.
1923 761 1966 798 p.
2000 747 2086 785 125.
2110 749 2284 786 Ceterum

1230 806 1310 843 haec
1343 819 1389 843 ex
1422 819 1466 844 ea
1504 806 1755 844 Lesbicorum
1787 815 1897 856 parte
1931 808 2051 856 petita
2092 808 2284 853 videntur,

1231 865 1300 901 ubi
1316 866 1364 903 de
1377 866 1538 916 Pelasgis
1551 866 1818 915 antiquissimis
1831 867 1961 903 insulae
1971 867 2106 904 incolis
2117 880 2286 918 expone-

1231 925 1356 962 batur.

1741 1012 1780 1052 4.

1286 1087 1454 1124 Clemens
1478 1088 1586 1124 Alex.
1618 1088 1745 1124 Protr.
1771 1101 1813 1137 p.
1836 1101 1876 1137 9,
1899 1093 1948 1133 24
1977 1088 2082 1137 Sylb.
2115 1100 2126 1127 t
2156 1085 2230 1131 Τὰς
2249 1086 2286 1126 δὲ

1235 1144 1402 1193 Μούσας,
1420 1144 1461 1189 ἃς
1486 1143 1700 1197 Ἄλκανδρος
1727 1146 1766 1196 (Ρ)
1788 1144 1869 1190 Διὸς
1889 1146 1949 1185 καὶ
1971 1145 2211 1196 Μνημοσύνης
2228 1161 2287 1198 γε·

1234 1205 1395 1255 νεαλογεῗ
1414 1203 1477 1242 καὶ
1497 1206 1528 1241 οἱ
1547 1203 1663 1242 λοιποὶ
1681 1204 1825 1251 ποιηταὶ
1845 1204 1904 1242 καὶ
1919 1210 2127 1257 συγγραφεῖς
2152 1204 2290 1244 ἐκθειά-

1235 1265 1330 1308 ζουσι
1359 1262 1418 1301 καὶ
1439 1261 1613 1310 σέὸουσιν,
1651 1262 1720 1310 ἤδη
1744 1261 1856 1301 δὲκαὶ
1886 1262 1966 1302 ὅλαι
1993 1262 2111 1308 πόλεις
2139 1265 2287 1314 μουσεῖα

1234 1321 1467 1370 τεμενίζουσιν
1486 1323 1623 1368 αὐταῖς,
1645 1321 1792 1366 Μούσας
1812 1321 1917 1366 οὔσας
1937 1321 2186 1374 θεραπαινίδας
2202 1321 2286 1360 ταύ-

1235 1397 1297 1425 τας
1324 1381 1474 1428 ἐώνηται
1507 1380 1690 1433 Μεγακλὼ
1717 1384 1739 1428 ἡ
1772 1380 1927 1434 θυγάτηρ
1963 1381 2148 1433 Μάκαρος.
2181 1379 2223 1420 Ὁ
2251 1379 2288 1418 δὲ

1236 1440 1370 1493 Μάκαρ
1391 1439 1553 1479 Λεσὸίων
1576 1438 1639 1490 μὲν
1656 1438 1872 1487 ἐδασίλευεν,
1891 1439 2064 1493 διεφέρετο
2081 1438 2116 1477 δὲ
2132 1438 2187 1477 ἀεὶ
2203 1437 2288 1491 πρὸς

1235 1498 1299 1547 τὴν
1318 1504 1490 1551 γυναῖκα,
1510 1498 1702 1550 ἠγανάκτει
1721 1498 1756 1537 δὲ
1772 1501 1794 1545 ἡ
1813 1498 1993 1550 Μεγακλὼ
2021 1497 2110 1551 ὑπὲρ
2135 1501 2197 1545 τ’ἧς
2220 1514 2289 1547 μη-

1235 1558 1326 1612 τρός·
1343 1558 1377 1597 τί
1395 1558 1424 1596 δ’
1443 1560 1507 1596 οὐκ
1527 1557 1672 1608 ἔμελλε;
1689 1557 1749 1596 καὶ
1769 1557 1915 1600 Μούσας
1936 1557 2181 1610 θεραπαινίδας
2199 1556 2289 1595 ταύ-

1235 1634 1299 1661 τας
1318 1616 1491 1661 τοσαύτας
1509 1615 1568 1654 τὸν
1598 1615 1744 1669 ἀριθμὸν
1773 1616 1913 1654 ὠνεῖται
1941 1615 2002 1654 καὶ
2029 1617 2130 1654 καλεῖ
2161 1615 2290 1659 Μύσας

1237 1675 1252 1729 (
1264 1675 1442 1727 Μοίσαςὲ)
1464 1674 1558 1726 κατᾲ
1578 1674 1642 1722 τὴν
1668 1674 1849 1713 διάλεκτον
1868 1673 1931 1721 τὴν
1951 1673 2121 1715 Αἰολέων.
2148 1673 2291 1717 Ταύτας

1237 1734 1417 1779 ἐδιδάξατο
1435 1733 1528 1788 ᾄδειν
1544 1732 1603 1772 καὶ
1620 1732 1806 1787 κιθαρίζειν
1820 1731 1883 1778 τὰς
1898 1732 2040 1786 πράξεις
2058 1732 2120 1777 τὰς
2134 1732 2290 1777 παλαιὰς

1238 1795 1411 1845 ἐμμελῶς.
1429 1795 1477 1833 Αἱ
1493 1792 1528 1831 δὲ
1550 1794 1703 1845 συνεχῶς
1722 1792 1962 1845 κιθαρίζουσαι
1981 1791 2041 1831 καὶ
2057 1793 2172 1836 καλῶς
2189 1807 2291 1830 κατε-

1237 1852 1412 1906 πᾴδουσαι
1426 1851 1485 1891 τὸν
1496 1850 1654 1904 Μάκαρα
1668 1850 1806 1902 ἔθελγον
1817 1850 1877 1889 καὶ
1888 1849 2086 1889 κατέπαυον
2100 1853 2161 1897 τῆς
2173 1852 2290 1904 ὀργῆς.

1238 1907 1292 1954 Οῧ
1309 1912 1350 1959 δὴ
1371 1911 1475 1965 χάριν
1492 1913 1514 1958 ἡ
1536 1909 1716 1962 Μεγακλὼ
1734 1910 1964 1962 χαριστήριον
1984 1910 2104 1954 αὐταῖς
2122 1908 2209 1961 ὑπὲρ
2227 1912 2290 1957 τ’ἥς

1238 1971 1368 2024 μητρὸς
1381 1970 1527 2017 ἀνέθηκε
1544 1968 1675 2016 στήλας
1689 1970 1825 2021 χαλκᾶς
1841 1968 1901 2006 καὶ
1915 1967 1981 2006 ἀνὰ
1993 1967 2111 2006 πάντα
2126 1967 2286 2006 ἐκέλευσε

1237 2033 1409 2081 τιμᾶσθαι
1435 2028 1481 2067 τὰ
1499 2028 1590 2081 ἱερά.
1618 2027 1692 2068 Καὶ
1714 2029 1750 2066 αἱ
1769 2026 1831 2077 μὲν
1859 2029 1999 2066 Μοῦσαι
2024 2026 2176 2066 τοιαίδε·
2196 2029 2219 2074 ἡ
2248 2025 2286 2064 δὲ

1237 2088 1376 2141 ἱστορία
1393 2086 1491 2140 παρὰ
1511 2085 1684 2140 Μυρσίλῳ
1700 2088 1750 2140 τῷ
1771 2085 1927 2139 Λεσὸίῳ.

1292 2149 1484 2186 Arnobius
1500 2149 1582 2194 111,
1606 2147 1652 2195 37
1679 2159 1688 2183 :
1715 2147 1886 2196 Ephorus
1901 2146 1973 2183 lias
1996 2145 2159 2197 (Musas)
2181 2149 2295 2196 igitur

1237 2261 1343 2300 Atque
1354 2259 1385 2291 hi
1404 2258 1498 2300 primi
1520 2259 1692 2299 postquam
1719 2266 1761 2290 ex
1778 2257 1867 2290 ltalia
1883 2257 2099 2298 emigrarunt,
2116 2265 2174 2298 per
2188 2257 2294 2288 varias

1236 2312 1370 2345 Graeciae
1390 2312 1423 2343 et
1447 2311 1657 2343 barbararum
1674 2309 1840 2350 regionum
1864 2310 1971 2350 partes
1995 2310 2072 2342 sunt
2086 2308 2205 2350 vagati.
2230 2307 2294 2342 Sed

1237 2365 1308 2406 post
1323 2364 1420 2396 hosce
1434 2362 1556 2404 primos
1567 2361 1652 2395 idem
1669 2361 1740 2394 aliis
1753 2360 1883 2393 accidit.

1279 2468 1449 2510 Myrsilus,
1477 2467 1519 2500 ab
1541 2466 1705 2500 Hellanico
1723 2465 1928 2504 dissentiens,
1953 2465 1999 2497 ait
2016 2465 2201 2506 Tyrrhenos
2222 2464 2295 2506 post

1237 2522 1376 2563 patriam
1392 2521 1538 2554 relictam
1546 2520 1580 2552 in
1589 2520 1664 2561 ipsis
1674 2528 1742 2552 suae
1751 2518 1959 2561 profectionis
1969 2518 2130 2551 erroribus
2140 2542 2151 2558 ,
2168 2518 2294 2551 mutato

1237 2575 1368 2607 nomine
1379 2598 1388 2615 ,
1418 2574 1568 2614 Pelargos
1589 2572 1765 2613 appellatos
1793 2571 1837 2603 ob
1858 2571 2023 2612 quandam
2049 2569 2294 2603 similitudinem

1237 2626 1450 2666 avium,quae
1475 2625 1625 2666 πελαργοὶ
1640 2623 1818 2665 (ciconiae)
1841 2625 2016 2662 vocantur3
2033 2622 2121 2663 quod
2140 2621 2293 2662 gregatim

1238 2680 1382 2712 errarent
1394 2680 1463 2711 tam
1485 2686 1543 2719 per
1556 2677 1717 2710 Graeciam
1739 2685 1837 2718 quam
1852 2675 2004 2708 barbaras
2016 2674 2160 2715 regiones
2175 2687 2183 2706 z
2197 2675 2295 2715 atque

1238 2740 1389 2772 murum,
1409 2740 1474 2772 quo
1496 2730 1694 2762 Athenarum
1711 2737 1769 2760 arx
1787 2728 1938 2768 cingitur,
1966 2727 2088 2769 quique
2116 2727 2295 2767 Pelasgicus

1238 2783 1430 2826 appellatur,
1446 2782 1487 2815 ab
1499 2782 1550 2814 his
1561 2782 1764 2814 exstructum
1779 2780 1869 2812 dicit.

1280 2897 1381 2927 Musae
1394 2895 1503 2927 autem
1512 2917 1522 2933 ‚
1543 2900 1625 2933 quas
1638 2890 1797 2924 Alcander
1819 2890 1865 2922 ait
1881 2898 1982 2930 genus
2003 2889 2122 2922 ducere
2136 2897 2155 2921 a
2168 2889 2249 2921 Jove
2261 2888 2295 2920 et

1239 2949 1456 2986 Mnemosyne,
1468 2948 1501 2977 et
1509 2943 1621 2984 reliqui
1632 2945 1736 2984 poetae
1748 2943 1779 2974 et
1793 2942 1965 2983 scriptores
1978 2942 2015 2973 ut
2027 2942 2102 2973 deas
2112 2948 2165 2973 eas
2174 2939 2295 2972 habent

1238 2999 1271 3032 et
1283 2999 1395 3030 colunt
1404 3008 1413 3037 ;
1422 2997 1500 3037 quin
1509 2997 1542 3028 et
1554 2997 1632 3027 totae
1645 2995 1790 3026 civitates
1803 2994 1903 3026 Musis
1914 3001 2024 3026 musea
2031 2993 2216 3025 exstruunt:
2225 2999 2293 3030 eaS‚

1238 3059 1340 3091 quum
1355 3050 1460 3081 essent
1474 3056 1596 3087 servae‚
1619 3047 1698 3079 emit
1716 3046 1861 3087 Megaclo
1875 3046 1941 3078 filia
1956 3045 2100 3078 Macaris.
2117 3046 2225 3077 Macar
2241 3042 2293 3074 hic

1239 3103 1308 3134 erat
1321 3110 1374 3133 rex
1385 3100 1572 3132 Lesbiorum
1581 3123 1591 3139 ‚
1605 3107 1729 3139 semper
1741 3100 1851 3130 autem
1864 3096 2080 3129 contendebat
2087 3104 2162 3127 cum
2173 3102 2291 3126 uxore:

1239 3151 1479 3193 indignabunda
1503 3159 1581 3183 vero
1601 3150 1714 3182 matris
1737 3149 1840 3182 vicem
1859 3148 1988 3181 dolebat
2003 3146 2145 3187 Megaclo
2160 3157 2169 3185 ;
2183 3144 2294 3186 quidni

1240 3203 1326 3237 enim
1348 3203 1490 3235 doleret?
1510 3203 1551 3235 Et
1567 3205 1675 3234 Musas
1691 3202 1748 3234 has
1769 3201 1902 3233 ancillas
1923 3201 1973 3232 tot
1998 3199 2076 3231 emit
2100 3205 2247 3236 numero,
2261 3197 2294 3228 et

1241 3258 1346 3297 Mysas
1362 3255 1457 3287 vocat
1486 3254 1595 3294 lingua
1612 3253 1746 3286 AEolica.
1767 3254 1832 3285 Has
1855 3251 1966 3284 docuit
1990 3258 2103 3282 canere
2128 3249 2160 3280 et
2185 3250 2294 3279 vetera

1242 3308 1325 3340 sacta
1332 3315 1501 3339 numerose
1508 3306 1550 3339 ad
1558 3306 1713 3338 citharam
1719 3305 1889 3338 modulari.
1901 3304 1967 3336 lllae
1973 3311 2050 3335 vero
2059 3309 2160 3342 quum
2171 3299 2293 3331 cithara

1244 3359 1371 3392 assidue
1397 3359 1549 3391 sonarent
1572 3361 1604 3390 et
1628 3357 1763 3399 pulchre
1788 3356 2007 3393 incantarent,
2026 3355 2153 3386 Macara
2171 3350 2292 3382 demul-

1243 3411 1377 3449 cebant,
1400 3412 1432 3443 et
1447 3410 1516 3450 ejus
1532 3410 1613 3441 iram
1630 3409 1797 3442 sedabant.
1813 3409 1885 3445 Qua
1901 3407 1941 3439 de
1960 3413 2057 3437 causa
2081 3402 2241 3441 Megaclc,
2256 3403 2292 3433 ut

1244 3472 1301 3504 pro
1318 3463 1420 3495 matre
1433 3462 1478 3495 eis
1494 3462 1625 3495 referret
1643 3461 1777 3502 gratias,
1801 3459 1905 3501 posuit
1918 3458 2085 3490 columnas
2109 3461 2214 3487 aeneas
2225 3475 2234 3492 ‚
2259 3454 2291 3486 et
