2372 3704
1090 82 1105 103 X

954 200 1291 243 FRAGMENTA.

53 284 202 332 ἀπειθεῖς
217 303 224 312 ·
245 287 305 326 καὶ
323 287 490 340 ὀργισθεὶς
509 289 527 325 6
546 287 635 331 Θεὸς
655 281 768 326 εἷπεν·
792 307 808 322 «
829 290 883 328 Οὐ
905 289 953 339 μὴ
984 305 1102 328 κατα-

53 345 154 399 μείνῃ
171 346 209 385 τὸ
225 345 364 396 πνεῦμά
380 361 447 396 μου
463 332 497 384 ἐν
516 347 632 390 αὐτοῖς
651 346 708 384 διὰ
724 348 763 385 τὸ
777 341 865 386 εἶναι
883 347 1006 392 αὐτοὺς
1020 349 1104 401 σάρ-

51 420 127 449 κας.
155 421 171 439 υ
201 405 260 458 (12)
291 404 443 448 Τούτους
474 405 707 458 Πείσανδρος,
739 405 885 453 ποιητὴς
912 406 1104 455 Ἑλλήνων,

52 462 214 514 ὠνόμασε
235 463 514 515 δρακοντόποδας
528 494 558 534 ’...
558 465 597 502 ἐκ
616 467 679 511 τῆς
697 468 760 516 γῆς
778 465 1020 517 γεννηθέντας,
1046 467 1106 504 καὶ

51 520 294 572 τολμήσαντάς
311 537 387 560 τινα
404 522 497 561 κατὰ
513 525 580 560 τῶν
595 523 751 576 ὑψίστων
769 527 890 562 θεϊκῶν
908 524 1104 575 δυνάμεων,

51 579 115 625 ἕως
132 579 172 619 τὸ
190 584 279 620 θεῖον
302 581 476 635 διαφόροις
494 584 648 635 πληγαῖς
667 583 861 630 ἠνάλωσεν.
921 585 947 635 (ι
952 583 980 635 3)
1003 583 1048 624 Ὁ
1069 583 1104 623 δὲ

51 639 197 692 Σέρὸιος
219 634 314 678 εἶπεν
335 641 369 678 ἐν
396 640 519 694 βαθείᾳ
546 641 685 679 πεδιάδι
709 642 890 693 διάγοντας
919 645 1047 695 ἔσχηκε
1033 644 1106 681 ’ναι

50 697 203 749 πόλεμον
229 699 317 748 μετά
337 715 439 737 τινων
471 700 657 739 οἰκούντων
678 704 712 740 ἐν
743 701 928 754 υψηλοῖς”
909 718 1024 754 ορεσι,
1047 702 1108 742 καὶ

52 762 127 801 ταῖς
158 757 307 801 κοιλίαις
326 759 535 810 συρομένους
555 763 760 811 φονευθῆναι
789 759 856 798 ὑπὸ
875 763 944 798 τῶν
975 762 1010 798 ἐν
1037 766 1108 803 τοῖς

52 814 197 867 ὑψηλοῖς
213 815 410 854 οἰκούντων.

106 886 152 912 14.
181 873 269 912 Τότε
296 874 430 926 ἐγένετο
450 877 552 924 Νῶε,
581 875 760 926 ἄνθρωπος
782 875 1012 928 ἀγαπώμενος
1040 875 1107 914 ὑπὸ

52 934 112 968 τοῦ
131 932 244 979 Θεοῦ,
266 932 327 970 καὶ
347 932 481 982 ἐγένετο
509 936 526 972 ὁ
551 934 815 984 κατακλυσμὸς,
845 936 959 978 καθὼς
980 937 1015 972 ἐν
1037 940 1109 979 τοῖς

50 988 205 1032 Βιὸλίοις
219 988 376 1042 φέρεται.
391 990 484 1039 Ἐτη
500 992 569 1030 ἀπὸ
581 991 693 1043 Ἀδὰμ
707 993 771 1036 ἕως
780 997 839 1031 τοῦ
857 995 1107 1043 κατακλυσμοῦ

55 1046 185 1099 ,βφν6’.
243 1048 307 1100 Ἐν
334 1049 370 1087 δὲ
391 1052 440 1103 τῷ
466 1051 527 1102 χ6’
556 1050 625 1089 ἔτει
650 1054 711 1098 τῆς
737 1054 827 1098 ζωῆς
849 1054 953 1090 αὐτοῦ
986 1051 1106 1098 ἐξῆλθε

53 1108 133 1146 Νῶε
151 1107 220 1145 ἀπὸ
237 1110 299 1155 τῆς
323 1108 492 1181 κιὸριτοῦ,
517 1109 578 1148 καὶ
596 1116 694 1148 πᾶσα
714 1110 810 1163 ψυχὴ
827 1115 886 1149 τοῦ
907 1111 1022 1163 γένους
1044 1113 1109 1149 αὖ-

55 1169 132 1206 τοῦ.
157 1166 228 1206 Καὶ
255 1166 344 1216 μετὰ
362 1167 400 1206 τὸ
417 1167 620 1207 παύσασθαι
640 1171 697 1208 τὸν
716 1171 967 1220 κατακλυσμὸν
987 1170 1108 1208 ἐκάθι-

56 1240 114 1262 σεν
131 1228 153 1272 ἡ
170 1225 371 1274 κιὸωτὸς,
353 1242 399 1270 ως
420 1227 482 1277 μὲν
504 1227 691 1301 Πέργαμος
709 1228 965 1281 συνεγράψατο,
983 1231 1016 1266 ἐν
1034 1234 1104 1272 τοῖς

59 1282 156 1335 ὄρεσι
173 1283 324 1336 Ἀραρὰτ
342 1287 405 1331 τῆς
433 1285 596 1329 Πισιδίας
624 1286 814 1340 ἐπαρχίας,
833 1291 874 1334 ἦς
894 1287 1107 1339 μητρόπολις

54 1345 76 1388 ἡ
97 1341 288 1392 Ἀπάμεια·
308 1346 355 1387 ὡς
377 1344 413 1381 δὲ
435 1343 604 1391 Ἰώσηπος
634 1346 711 1396 (ΙΙ,
735 1358 769 1392 3,
789 1347 827 1393 6)
856 1361 915 1383 και
936 1345 1056 1392 ἄλλοι,
1076 1347 1110 1383 ἐν

55 1397 126 1438 τοῖς
156 1394 250 1447 ὄρεσι
270 1395 422 1448 Ἀραρὰτ
448 1399 510 1443 τῆς
529 1397 709 1450 Ἀρμενίας
729 1398 858 1449 μεταξὺ
882 1398 1032 1450 Πάρθων
1051 1398 1110 1436 καὶ

59 1451 249 1504 Ἀρμενίων
266 1452 525 1508 [Ἀ]διαὸηνῶν.

109 1525 156 1552 15.
183 1510 230 1551 Ἥ
257 1511 293 1550 δὲ
309 1511 410 1563 γενεὰ
426 1517 486 1551 τοῦ
505 1515 585 1552 Νῶε
606 1514 868 1562 ἐτεκνοποίησε,
895 1531 955 1553 και
976 1514 1109 1566 ἐγένετο

55 1571 186 1616 πλῆθος
214 1571 348 1623 ἀνδρῶν
375 1586 412 1609 τε
432 1571 492 1610 καὶ
513 1575 699 1624 γυναικῶν,
722 1589 781 1611 και
811 1573 947 1612 ἐποίουν
975 1589 1110 1626 πυργο-

54 1625 191 1668 ποιΐαν*
214 1629 336 1673 οἵτινες
356 1629 416 1668 καὶ
440 1630 501 1677 τὴν
529 1631 751 1678 κατασκευὴν
770 1635 831 1678 τῆς
850 1632 1000 1670 κιὸωτοῦ
1030 1635 1110 1670 ἐπι-

55 1687 240 1739 στάμενοι,
270 1691 402 1741 πρῶτοι
430 1689 599 1737 ἐποίησαν
622 1692 748 1738 πλοῖα,
766 1693 882 1729 καὶέν
909 1697 980 1735 τοῖς
1007 1690 1110 1729 ὕδασι

56 1746 171 1785 ἔθεντο
194 1746 283 1785 αὐτὰ
302 1746 484 1800 νήχεσθαι.
506 1748 670 1799 Ἐγένετο
686 1743 744 1787 οὖν
766 1749 835 1787 ἀπὸ
853 1753 911 1787 τοῦ
931 1751 1109 1788 κατακλυ-

55 1808 144 1855 σμοῦ
159 1805 223 1849 ἕως
241 1808 303 1852 τῆς
318 1806 550 1858 πυργοποιΐας
565 1807 623 1854 ἔτη
644 1807 706 1847 το’.

110 1877 156 1904 16.
181 1863 368 1915 Ἐγέννησε
386 1864 471 1911 Σὴμ
485 1895 495 1912 ,
514 1865 584 1909 υἱὸς
601 1868 704 1913 Νῶε,
718 1865 775 1904 τὸν
796 1866 982 1919 Ἀρφαξὰδ,
1001 1866 1110 1919 ἄνδρα

56 1922 172 1971 σοφὸν,
195 1922 255 1961 καὶ
272 1926 290 1961 6
308 1923 481 1976 Ἀρφαξὰδ
497 1923 554 1962 τὸν
580 1924 732 1974 Καϊνὰν,
753 1924 846 1968 ὅστις
862 1925 949 1975 μετὰ
969 1925 1028 1962 τὸν
1044 1941 1109 1963 κα-

57 1980 258 2031 τακλυσμὸν
276 1981 518 2035 συνεγράψατο
533 1981 595 2029 τὴν
615 1982 860 2035 ἀστρονομίαν,
882 1982 1037 2035 εὑρηκὼς
1051 1983 1112 2026 τὰς

57 2040 127 2077 τῶν
144 2039 280 2091 ἄστρων
307 2040 496 2088 ὀνομασίας
516 2043 552 2079 ἐν
575 2041 686 2079 πλακὶ
705 2041 816 2093 λιθίνῂ1
838 2041 1111 2093 [ἐγγε]γλυμμε’-

57 2113 134 2145 νας,
151 2101 196 2141 ὡς
216 2097 388 2145 Ἰώσηπος
408 2099 666 2151 συνεγράψατο.
689 2101 735 2139 Οἱ
757 2099 857 2153 [γὰρ]
875 2104 936 2138 τοῦ
959 2100 1033 2146 Σὴθ
1055 2099 1110 2150 ἔγ-

57 2170 151 2206 γονοι
161 2187 171 2207 ,
190 2156 310 2208 ἄνδρες
326 2156 421 2201 ὄντες
436 2158 608 2202 θεοσεὸεῖς
623 2159 683 2196 καὶ
697 2158 953 2211 προεγνωκότες
965 2158 1027 2205 τὴν
1042 2161 1109 2196 τῶν

59 2215 249 2266 ἀνθρώπων
270 2214 467 2266 μέλλουσαν
491 2215 632 2255 ἔσεσθαι
655 2216 784 2269 φθορὰν
803 2216 879 2263 ἤτοι
898 2215 1108 2267 ἐναλλαγὴν,

59 2273 267 2319 ποιήσαντες
285 2275 416 2321 στήλας
438 2274 484 2326 β’,
498 2275 561 2322 τὴν
578 2275 640 2326 μὲν
657 2275 802 2322 λιθίνην,
823 2274 942 2326 ἑτέραν
957 2275 994 2313 δὲ
1013 2278 1110 2313 πλιν-

60 2331 166 2378 θίνην,
190 2331 347 2385 ἔγραψαν
377 2334 412 2370 ἐν
435 2335 550 2378 αὐτοῖς
571 2333 615 2371 τὰ
639 2336 678 2371 ἐκ
697 2337 757 2371 τοῦ
778 2333 854 2379 Σὴθ
886 2338 946 2371 τοῦ
965 2332 1113 2371 πάππου

62 2390 176 2427 αὐτῶν
208 2390 390 2428 ἐκτεθέντα
410 2391 527 2430 πάντα
548 2391 690 2444 οὐράνια
705 2407 712 2415 ·
742 2391 965 2442 λογισάμενοι
986 2389 1038 2429 ὅτι
1051 2422 1061 2441 ,
1085 2394 1114 2429 εἷ

61 2446 123 2498 μὲν
145 2447 186 2485 δι’
213 2447 336 2492 ὕδατος
362 2449 569 2500 ἐναλλαγείη
599 2453 616 2487 ὁ
645 2453 713 2487 τῶν
745 2450 939 2501 ἀνθρώπων
959 2450 1110 2500 κόσμος,

59 2508 82 2552 ἡ
101 2506 211 2553 λιθίνη
229 2506 340 2553 στήλη
358 2511 454 2556 μενεῖ
471 2507 531 2545 καὶ
549 2509 594 2546 τὰ
611 2509 645 2545 ἐν
663 2510 752 2560 αὐτῇ
770 2508 1013 2560 γεγραμμένα,
1029 2511 1058 2546 εἰ
1077 2508 1112 2546 δὲ

62 2564 120 2602 διὰ
133 2564 259 2617 πυρὸς,
279 2569 301 2611 ἡ
317 2566 476 2612 πλινθίνη
495 2566 607 2613 στήλη
626 2572 734 2616 μενεῖ.
750 2565 855 2610 εἨτις
872 2567 983 2614 λιθίνη
1001 2566 1113 2614 στήλη

62 2623 195 2672 ἔμεινεν
218 2622 307 2674 μετὰ
327 2624 385 2662 τὸν
405 2625 654 2676 κατακλυσμὸν
678 2627 724 2669 εἰς
743 2625 782 2663 τὸ
803 2625 941 2678 Σίριδος
959 2625 1055 2678 ὅρος,
1069 2629 1114 2669 ὣς

63 2681 236 2728 Ἰώσηπος
260 2683 311 2733 (I,
330 2696 359 2730 2,
373 2682 411 2734 3)
433 2683 575 2728 ἐξέθετο.

118 2754 165 2780 17.
196 2741 475 2794 Διεμερίσθησαν
504 2744 540 2780 αῖ
570 2742 676 2795 φυλαὶ
706 2744 774 2780 τῶν
807 2745 888 2781 υἱῶν
917 2744 1012 2783 Νῶε.
1045 2743 1115 2782 Καὶ

65 2799 189 2852 ἔλαχεν
211 2802 233 2846 ἡ
262 2799 353 2853 φυλὴ
379 2801 487 2852 [τοῦ]
519 2801 602 2852 Σὴμ
632 2801 702 2839 ἀπὸ
723 2801 893 2850 Περσίδος
911 2802 971 2839 καὶ
992 2801 1115 2855 [Βάκ-

8 2907 10 2910 v
64 2859 180 2910 τρων]
201 2858 264 2902 ἕως
284 2859 469 2911 Εὐφράτου
494 2861 504 2910 (
516 2859 579 2903 ἕως
596 2860 745 2907 Ἰνδικῆς
765 2860 824 2897 καὶ
844 2860 1114 2913 Ῥινοκορούρων

69 2918 213 2957 Chron.
232 2931 345 2956 anon.
369 2920 456 2956 cod.
477 2920 551 2963 854
565 2920 590 2966 )·
607 2922 629 2966 ἡ
648 2918 683 2956 δὲ
700 2923 759 2957 τοῦ
781 2919 868 2970 Χὰμ
887 2918 956 2956 ἀπὸ
976 2919 1110 2970 [Ῥινο-

2133 221 2203 255 541

1167 293 1357 346 κο]ρούρων
1384 297 1444 341 τῆς
1470 295 1690 346 Αἷγύπτου“
1671 313 1733 342 εως
1754 315 1796 349 με
1793 299 1878 369 ’ρους
1902 303 1962 348 τῆς
1987 302 2135 355 δύσεως,
2157 303 2217 342 καὶ

1172 357 1288 389 πᾶσαν
1309 350 1372 398 τὴν
1393 352 1541 400 Λιὸύην,
1558 354 1617 392 τὸν
1632 356 1757 394 Νεῖλον
1779 357 1836 395 τὸν
1853 359 2038 410 λεγόμενον
2059 363 2220 414 Χρυσορσ·

1172 409 1253 461 ρόαν
1274 409 1338 454 ἕως
1354 411 1597 462 Μαυριτανίας
1613 412 1673 450 και
1687 415 1755 451 τῶν
1773 413 2065 467 Ἥρακλεωτικῶν
2083 421 2220 466 στηλων

1171 467 1230 505 καὶ
1250 470 1310 514 τῆς
1331 468 1486 519 μεγάλης
1507 470 1685 515 θαλάσσης
1715 474 1776 517 τῆς
1799 471 2022 526 Ἀδριαν[ῆς].
2040 475 2086 514 ‘fl
2105 475 2140 514 δὲ
2161 481 2218 515 τοῦ

1170 525 1285 579 Ἰαφὲθ
1307 526 1378 564 ἀπὸ
1397 527 1535 574 Μηδίας
1554 527 1616 574 τὴν
1637 529 1694 567 ἐπι
1713 528 1771 567 τὸν
1792 530 1915 581 ἄρκτον
1938 533 1999 575 ἕως
2020 536 2220 585 Βριτταννι-

1169 587 1239 622 κῶν
1252 585 1367 632 νήσων
1382 585 1473 637 [καὶ]
1488 586 1602 624 πάντα
1617 589 1660 625 τὰ
1680 591 1739 625 τοῦ
1758 588 1883 627 πόντου
1904 591 1940 627 ἑ*
1958 591 2133 643 (ἐπιῖ)τὸν
2149 592 2218 632 Δά-

1170 643 1285 682 νουὸιν
1309 643 1400 695 [καὶ]
1425 645 1482 682 τὸν
1506 645 1640 684 Τάναϊν
1656 645 1733 689 τοὺς
1750 647 1946 697 ποταμοὺς,
1966 648 2028 695 τὴν
2051 650 2107 687 ἐπὶ
2124 653 2220 690 Καυ-

1169 703 1276 741 κάσια
1293 703 1357 755 ὄρη
1375 702 1435 741 καὶ
1456 703 1692 755 Ἀδασγούςῧ*
1708 705 1794 744 Ἀπὸ
1811 706 1973 757 Τίγριδος
1996 709 2088 746 καὶ’
2076 724 2140 752 εως
2159 712 2222 756 τῆς

1172 763 1344 819 Ποντικῆς
1369 762 1566 810 θαλάσσης,
1584 762 1628 801 τὰ
1655 763 1759 802 ἀπὸ*
1779 765 1838 803 τὸν
1860 765 1980 804 Ῥόδον
2002 766 2060 804 καὶ
2080 766 2221 820 Κύπρον

1169 821 1229 859 καὶ
1248 820 1310 868 τὴν
1323 823 1343 858 ἀ
1349 850 1500 861 ......
1523 822 1801 876 Διεμερίσθησαν
1817 823 1852 862 δὲ
1868 825 1903 862 αἱ
1922 824 2028 877 φυλαι
2047 825 2106 863 καὶ
2127 824 2223 876 ἔμει-

1169 894 1230 917 ναν
1252 879 1330 927 ἔθνη
1349 879 1416 918 06¹.

1683 947 1720 985 3.

1224 1017 1316 1051 Exc.
1334 1016 1488 1053 Salmas.
1507 1030 1548 1066 p.
1568 1017 1642 1054 386
1666 1031 1674 1053 :
1694 1015 1762 1055 Ἐκ
1777 1018 1839 1063 τῆς
1853 1017 1962 1069 φυλῆς
1976 1016 2060 1068 Σὴμ
2075 1021 2135 1056 τοῦ
2149 1019 2218 1058 υἱοῦ

1173 1074 1252 1112 Νῶε
1276 1072 1411 1124 ἐγένετό
1431 1089 1483 1118 τις
1502 1073 1630 1126 Νεὸρὼ
1651 1074 1799 1126 κυνηγὸς
1823 1078 1977 1127 πρῶτος,
1997 1074 2033 1114 ὃν
2049 1077 2080 1114 οἱ
2097 1075 2225 1115 Ἀσσύ-

1173 1146 1237 1183 ριοι
1267 1131 1530 1177 ἀποθεώσαντες
1554 1132 1677 1177 ἔταξαν
1695 1135 1729 1171 ἐν
1748 1134 1817 1177 τοῖς
1838 1134 1995 1187 ἄστροις,
2018 1134 2079 1173 καὶ
2101 1136 2225 1173 καλόῦ-

1173 1205 1225 1227 σιν
1244 1189 1417 1242 Ὠρίωνα,
1438 1191 1489 1229 διὸ
1509 1191 1568 1230 καὶ
1586 1191 1643 1230 τὸν
1660 1191 1850 1245 κύναστρον
1869 1195 1964 1246 αὐτῷ
1980 1194 2150 1245 συνῆψαν.
2171 1216 2224 1223 —-

1173 1247 1330 1295 Ἐκλήθη
1353 1249 1388 1287 δὲ
1409 1250 1476 1288 ὑπὸ
1493 1253 1561 1289 τῶν
1578 1252 1776 1303 ἐπιχωρίων
1791 1251 1852 1289 καὶ
1873 1252 2003 1305 Κρόνος
2014 1281 2025 1303 ,
2044 1252 2103 1290 καὶ
2117 1250 2224 1290 ἔλαὸε

1172 1309 1321 1355 γυναῖκα
1344 1307 1407 1353 τὴν
1425 1307 1668 1360 Σεμιράμιδα,
1685 1309 1707 1356 ἣ
1726 1309 1810 1348 Ῥέα
1829 1310 1978 1358 ἐκλήθη,
1999 1309 2058 1348 καὶ
2075 1309 2175 1362 ἔσχεν
2189 1310 2224 1355 ἐξ

1174 1366 1281 1412 αυτῆς
1299 1366 1411 1404 Πῖκον
1430 1365 1489 1404 τὸν
1508 1366 1568 1404 καὶ
1585 1366 1673 1412 Δία,
1701 1367 1759 1405 καὶ
1777 1367 1895 1420 ἽΙραν
1914 1368 1973 1406 καὶ
1996 1368 2119 1411 ἄλλους
2137 1374 2222 1406 παῖ-

1173 1425 1244 1467 δας.
1263 1418 1410 1468 Oba-05²
1396 1424 1500 1467 εάσας
1520 1424 1578 1462 τὸν
1595 1426 1662 1464 Δία
1679 1428 1746 1463 τῶν
1761 1426 1949 1478 Ἀσσυρίων
1964 1430 2116 1478 κρατεῖν,
2132 1429 2224 1473 ἀπῆ-

1174 1498 1228 1535 ρεν
1248 1498 1305 1520 επι
1326 1483 1457 1543 &va
1464 1499 1524 1521 και
1545 1483 1645 1535 ἔσχεν
1669 1484 1740 1522 υἱὸν
1763 1484 1904 1557 Ἀνφρον,
1923 1495 2017 1545 ωπερ
2035 1485 2141 1523 ἔδωκε
2160 1501 2222 1531 την

1174 1540 1332 1587 Λιὸύην·
1361 1541 1395 1586 ἐξ
1418 1545 1456 1580 οὓ
1477 1542 1536 1580 και
1558 1546 1579 1589 ἡ
1610 1542 1773 1596 Ἀφρική·
1792 1542 1872 1595 ἔσχε
1894 1542 1928 1581 δὲ
1949 1547 2044 1587 ουτος
2060 1547 2078 1582 6
2098 1542 2225 1597 Ἄφρος

1173 1599 1374 1652 Ἀφροδίτην
1393 1600 1581 1652 θυγατέρα.
1601 1600 1645 1639 ‘O
1666 1601 1701 1639 δὲ
1723 1601 1841 1645 Ζευς
1827 1602 1933 1645 εάσας
1947 1602 2010 1648 τὴν
2032 1602 2224 1655 Ἀσσυρίων

1174 1659 1285 1711 ἀρχὴν
1295 1661 1344 1710 τῷ
1353 1660 1493 1712 ἀδελφῷ
1504 1659 1615 1711 Νίνῳ,
1624 1659 1709 1712 πρὸς
1716 1660 1773 1698 τὸν
1781 1660 1916 1713 πατέρα
1928 1661 2058 1713 Κρόνον
2070 1661 2222 1714 ἀπήρθη·

1173 1718 1233 1755 καὶ
1250 1718 1438 1770 ἐκράτησεν
1457 1720 1543 1768 ἐκεῖ,
1559 1719 1882 1770 παραχωρήσαντος
1897 1720 1991 1772 αὐτῷ
2004 1724 2064 1757 τοῦ
2081 1720 2224 1772 πατρὸς,

1173 1775 1233 1814 καὶ
1266 1778 1416 1828 ἀφανοῦς
1442 1776 1640 1828 γενομένου.
1668 1779 1770 1820 Νῖνος
1800 1775 1835 1815 δὲ
1866 1776 1995 1827 ἔγημεν
2026 1778 2129 1817 Ῥέαν
2160 1779 2224 1824 τὴν

1175 1835 1285 1886 [καὶ]
1306 1835 1519 1888 Σεμίραμιν,
1549 1835 1613 1882 τὴν
1638 1835 1767 1873 οἰκείαν
1794 1835 1950 1888 μητέρα·
1973 1835 2006 1880 ἐξ
2027 1831 2066 1874 οἷ
2086 1839 2104 1874 6
2123 1837 2224 1887 νόμος

1173 1892 1270 1945 παρὰ
1302 1894 1454 1946 Πέρσαις
1477 1899 1602 1945 γαμεῖν
1633 1894 1694 1937 τὰς
1715 1894 1882 1947 μητέρας.
1914 1895 2004 1933 Τότε
2034 1895 2142 1947 ἐφάνη
2163 1896 2222 1933 καὶ

1173 1951 1405 2003 Ζωροάστρης
1424 1955 1442 1989 6
1461 1951 1683 2004 ἀστρονόμος,
1700 1951 1793 1996 ὅστις
1813 1952 1940 1999 ηὔξατο
1957 1953 2023 1990 ὑπὸ
2046 1952 2151 2004 πυρὸς
2166 1955 2223 1991 οὖ-

1177 2010 1292 2061 ρανίου
1307 2011 1526 2058 τελευτῆσαι,
1544 2010 1650 2048 εἰπὼν
1666 2011 1855 2062 Ἀσσυρίοις
1871 2010 1933 2058 τὴν
1952 2013 2074 2049 ἑαυτοῦ
2092 2010 2221 2064 τέφραν

1174 2068 1307 2120 τηρεῖν·
1326 2068 1415 2106 οὕτω
1429 2067 1496 2120 γὰρ
1517 2070 1629 2106 αὐτῶν
1647 2067 1708 2115 τὴν
1731 2069 1912 2121 βασιλείαν
1932 2069 1980 2120 μὴ
2002 2069 2189 2108 ἐκλείπειν.

1227 2222 1370 2258 Codex.
1391 2222 1506 2258 Paris.
1529 2221 1626 2258 1630
1644 2235 1652 2256 ε
1670 2220 1737 2258 Ἐκ
1749 2220 1934 2271 τῆςφυλῆς
1951 2222 2009 2260 τοῦ
2025 2219 2107 2270 Σὴμ
2128 2221 2223 2270 ἐγεν-

1177 2277 1261 2324 νήθη
1283 2280 1300 2314 ὁ
1321 2278 1414 2321 Χοὺς
1435 2277 1578 2328 ὀνόματι
1599 2275 1743 2329 Αἰθίοψ,
1764 2275 1855 2321 ὅστις
1875 2275 2033 2328 ἐγέννησε
2063 2277 2121 2314 τὸν
2149 2279 2222 2316 Νε-

1179 2336 1272 2389 ὅρὼδ
1292 2336 1438 2387 γίγαντα
1466 2336 1522 2373 τὸν
1551 2334 1614 2382 τὴν
1636 2335 1865 2374 Βαὸυλωνίαν
1892 2335 2080 2383 κτίσαντα,
2101 2334 2136 2373 ὃν
2163 2335 2222 2373 λε’-

1175 2410 1292 2445 γουσιν
1315 2396 1346 2432 οἱ
1373 2393 1510 2446 Πέρσαι
1538 2393 1776 2431 ἀποθεωθέντα
1801 2393 1860 2431 καὶ
1879 2393 2060 2445 γενόμενον
2090 2396 2124 2432 ἐν
2153 2399 2223 2437 τοῖς

1177 2453 1315 2504 ἄστροις
1335 2456 1394 2490 τοῦ
1411 2454 1574 2504 οὐρανοῦ,
1590 2452 1625 2490 ὃν
1644 2454 1788 2490 καλοῦσι
1802 2451 1968 2503 Ὠρίωνα.
1990 2446 2101 2495 Οἷτος
2121 2455 2223 2504 πρῶ-

1175 2526 1230 2553 τος
1253 2509 1352 2561 (καὶ)
1373 2509 1547 2554 κατέδειξε
1568 2510 1606 2547 τὸ
1623 2515 1797 2561 κυνηγεῖν.
1820 2533 1871 2539 —
1891 2510 1959 2548 Ἐκ
1979 2509 2014 2547 δὲ
2035 2513 2095 2556 τῆς
2117 2511 2224 2556 αὐτῆς

1176 2571 1284 2622 φυλῆς
1301 2573 1361 2606 τοῦ
1384 2568 1489 2619 Σὴμ,
1511 2572 1570 2606 τοῦ
1595 2569 1733 2621 πρώτου
1753 2571 1826 2606 υἱοῦ
1851 2573 1909 2607 τοῦ
1940 2571 2038 2615 Νῶε,
2058 2569 2222 2620 ἐγεννήθη

1176 2630 1193 2664 6
1214 2626 1357 2679 Κρόνος.

1229 2699 1257 2724 2.
1291 2685 1397 2738 Περὶ
1414 2687 1493 2723 τῶν
1518 2686 1761 2736 λεγομένων
1782 2687 1876 2738 παρ’
1896 2683 2081 2732 ”Ελλησι
2104 2688 2219 2725 θεῶν.

1178 2744 1355 2791 Γεννηθεὶς
1386 2742 1421 2781 δὲ
1444 2746 1460 2781 6
1496 2748 1649 2786 τοιοῦτος
1688 2743 1817 2794 Κρόνος
1850 2743 2013 2794 ἐγεννήθη
2044 2743 2223 2797 ἄνθρωπος

1176 2802 1436 2853 γιγαντογενής·
1463 2801 1637 2848 ἐπεκλήθη
1661 2803 1697 2840 δὲ
1722 2802 1850 2854 Κρόνος
1870 2802 1935 2840 ὑπὸ
1955 2806 2016 2840 τοῦ
2040 2802 2126 2840 ἰδίου
2148 2818 2221 2840 πα-

1176 2862 1253 2914 τρὸς
1274 2863 1320 2904 εἷς
1346 2861 1408 2907 τὴν
1429 2861 1628 2911 ἐπωνυμίαν
1649 2865 1706 2898 τοῦ
1727 2860 1905 2907 πλανήτου
1931 2861 2086 2912 ἀστέρος.
2114 2861 2221 2912 Ἐγέ-

1177 2937 1253 2958 νετο
1275 2920 1310 2958 δὲ
1329 2919 1469 2962 δυνατὸς
1487 2918 1548 2957 καὶ
1564 2919 1684 2971 πικρός
1696 2935 1704 2943 ·
1725 2918 1816 2962 ὅστις
1832 2922 1967 2971 πρῶτος
1991 2919 2163 2964 κατέδειξε
2183 2919 2221 2957 τὸ

67 3042 125 3072 est.
141 3061 182 3067 —
195 3042 327 3083 Σέρὸιος]
342 3041 465 3084 Σὲραιος
478 3043 564 3083 cod„
577 3053 641 3075 em.
657 3046 799 3076 Cramer.
812 3044 861 3076 cf.
882 3046 1020 3083 Symeon
1035 3044 1199 3083 Logothet.
1217 3044 1338 3075 Chron.
1354 3043 1385 3073 in
1400 3042 1470 3074 cod.
1489 3043 1585 3074 Paris.
1604 3046 1680 3074 1762
1695 3043 1748 3074 fol.
1763 3047 1800 3074 22
1817 3051 1864 3082 v.,
1879 3043 1935 3074 lin.
1952 3046 1968 3075 7
1988 3057 1994 3075 :
2010 3045 2028 3081 ἢ
2044 3045 2084 3079 ὡς
2099 3043 2219 3083 Σέρὸιος

67 3086 201 3127 ἱστορεῖ,
214 3088 261 3118 ὅτι
278 3088 414 3128 πόλεμον
431 3089 552 3130 ἔχοντες
575 3090 652 3130 μετά
665 3101 755 3121 τινων
773 3090 940 3121 οἰκούντων
958 3090 988 3120 ἐν
1004 3090 1132 3130 ὑψηλοῖς
1142 3113 1150 3129 ,
1163 3090 1228 3120 εἶτα
1242 3090 1328 3130 χερσὶ
1342 3089 1407 3129 [καὶ
1422 3090 1496 3120 ποσὶ
1510 3089 1585 3120 add.
1601 3089 1687 3130 mgo]
1700 3090 1752 3120 καὶ
1769 3090 1898 3125 κοιλίαις
1914 3091 1954 3125 ὡς
1972 3090 2130 3131 δράκοντες
2148 3090 2217 3120 κατ’

67 3133 173 3165 αὐτῶν
193 3135 390 3175 ἀνέρποντες,
405 3136 455 3176 ὑφ’
478 3137 522 3168 ὧν
538 3138 592 3168 καὶ
611 3138 719 3168 πολλοὶ
736 3137 883 3172 πολλάκις
898 3136 1012 3167 ἄνωθεν
1030 3137 1195 3177 ἀνῃροῦντο
1214 3136 1412 3176 βαλλόμενοι,
1427 3136 1666 3176 δρακοντόποδες
1682 3137 1856 3173 ἑκέκληντο.
1872 3153 1914 3159 -
1932 3141 1978 3168 14.
1995 3135 2219 3177 Πέργαμος]

69 3181 117 3212 De
137 3181 199 3213 hoc
214 3186 350 3214 auctore
364 3183 444 3214 mihi
458 3192 522 3215 non
535 3186 672 3216 constat.
688 3204 728 3210 —
747 3186 793 3215 17.
810 3183 974 3224 ἔλαχεν]
988 3184 1094 3214 ἐλαῧεν
1108 3183 1180 3214 cod.
1202 3185 1237 3214 ln
1250 3192 1339 3223 seqq.
1352 3183 1517 3222 complura
1528 3183 1632 3214 lacera
1647 3186 1722 3215 sunt
1735 3184 1828 3224 culpa
1841 3184 2035 3224 excerptoris
2041 3194 2050 3222 3
2069 3192 2141 3223 quae
2155 3183 2219 3214 fere

68 3227 190 3259 intacta
217 3228 343 3269 reliqui.
360 3249 398 3255 —
414 3229 620 3271 Βάκτρων]
637 3229 742 3261 addidi
763 3238 781 3261 e
800 3230 919 3261 Ciu-on.
941 3238 1036 3260 anon.
1058 3229 1129 3260 cod.
1155 3232 1226 3268 854,
1247 3238 1298 3269 ap.
1321 3231 1428 3261 cram.
1450 3231 1498 3268 ΙΙ,
1519 3239 1548 3270 p.
1570 3234 1641 3261 250.

110 3275 164 3306 Fr.
186 3276 216 3306 3.
240 3274 288 3306 Cf.
306 3275 488 3307 Chronicon
507 3277 651 3308 paschal.
671 3278 704 3316 1,
726 3286 754 3317 p.
776 3278 814 3307 64
838 3285 905 3316 sqq.
930 3275 1044 3306 Malaia
1064 3284 1095 3315 p.
1118 3279 1187 3307 235.
1210 3275 1343 3307 Cedren.
1375 3277 1406 3314 Ι,
1429 3284 1458 3315 p.
1481 3281 1542 3315 28;
1564 3277 1678 3316 Georg.
1710 3276 1929 3313 Hamartolus,
1953 3285 1993 3307 ex
2012 3284 2075 3314 quo
2095 3274 2217 3305 Malalae

68 3319 150 3351 iiber
169 3320 290 3361 primus
308 3322 492 3363 suppletus,
515 3332 548 3363 p.
573 3328 608 3355 ¹6
629 3323 678 3355 ed.
708 3325 808 3355 Bonn.
837 3341 878 3353 —.
902 3323 1042 3360 ἐκλήθη
1071 3321 1129 3362 δὲ]
1159 3322 1322 3354 Breviator
1350 3331 1515 3362 perperam
1535 3323 1578 3353 ita
1597 3322 1754 3363 loquitur,
1783 3323 1873 3362 quasi
1893 3322 1953 3353 hoc
1973 3322 2013 3353 ad
2035 3320 2215 3353 Nebrodum

71 3367 254 3406 pertineret.
269 3387 309 3393 -
325 3373 375 3409 τῷ
392 3369 436 3401 ἀδ
447 3371 545 3411 ελφῷ
559 3370 679 3412 Νίνῳ]
691 3374 734 3411 τῷ
748 3373 806 3411 υἱῷ
822 3373 857 3403 V.
879 3370 949 3401 cod.
968 3387 1009 3393 —
1026 3370 1137 3410 ἔγημεν
1153 3368 1260 3409 Ῥέαν]
1275 3368 1319 3408 ἕγ.
1333 3369 1432 3410 Ἥραν
1447 3369 1519 3401 cod.
1535 3372 1575 3400 V.
1591 3369 1633 3401 id.
1654 3370 1692 3401 fr.
1714 3372 1732 3401 4
1753 3371 1784 3401 et
1802 3368 1958 3400 Chronica
1978 3367 2117 3399 laudata.

114 3412 167 3443 Fr.
186 3415 215 3445 4.
234 3412 252 3453 ἓ
283 3417 307 3445 1.
331 3415 563 3459 Κατέδειξε]
579 3425 620 3448 ex
638 3416 752 3448 Malaia
763 3428 772 3456 ;
791 3416 937 3456 κατάρξαι
955 3417 989 3447 τὸ
1006 3418 1146 3455 κυνηγεῖν
1163 3415 1282 3455 codex;
1306 3416 1406 3456 possis
1430 3416 1575 3458 κατάρξαι
1597 3417 1717 3457 λέγεται
1734 3420 1788 3448 τοῦ
1810 3418 1962 3455 κυνηγεῖν.
