2314 3756
1 538 11 577 ῐ--ν-
1 490 6 494 ⁴

965 181 1301 224 FRAGMENTA.
1385 176 1390 180 '
1772 241 1775 244 Ι
2162 186 2208 219 13

66 280 251 322 καλοῦντος
281 277 338 316 ἐπὶ
368 278 417 314 τῶ
446 279 553 314 θεῖναι
582 274 659 318 τοὺς
691 273 827 323 νόμους
885 271 948 315 Τίς
969 270 1005 309 δὲ
1036 272 1104 308 τῶν

67 341 177 376 ταῦτα
207 335 393 390 εἰρηκότων
420 334 526 405 ἑτέρῳ
555 332 767 385 συμφέρεται
796 331 876 384 περὶ
904 333 973 368 τῶν
1001 329 1104 376 ἡνίκα

68 395 170 435 ἐτίθει
187 394 265 438 τους
280 394 404 444 νόμους
418 393 572 445 χρόνων,
589 390 679 429 ἀλλὰ
695 390 821 434 πάντες
832 419 842 438 ,
859 389 978 442 ὥσπερ
994 387 1104 427 οἰκίαν

66 453 88 501 ἢ
109 454 231 495 στῦλον
253 450 532 503 δοκιμάζοντες-ἤ
555 465 588 488 τι
606 452 674 488 τῶν
699 448 842 500 ὁμοίων,
864 447 917 486 ὅτι
945 446 1007 498 μὲν
1031 446 1105 485 ἔστι

66 511 125 551 καὶ
140 511 277 564 γέγονε,
293 511 504 550 συντίθενται
525 509 585 548 καὶ
607 508 855 556 κατανεύουσι,
878 506 958 559 περὶ
988 505 1025 544 δὲ
1045 509 1104 543 τοῦ

65 571 147 610 πότε
163 569 309 623 [ἀπορίᾳ
334 571 459 620 suppl.
475 568 605 619 Nieh.]
621 568 828 619 παντοδαπῇ
856 564 1105 615 ἐμπεπλήκασι

64 629 110 668 τὰ
142 628 275 681 βιὸλία.
334 627 464 668 ςΟπότε
483 626 544 665 καὶΙ
561 625 778 673 Θουκυδίδης
797 627 815 662 ὃ
840 623 978 662 πάντων
1006 628 1107 675 ἀκρι-

66 687 230 732 ὃέστατος
249 703 308 725 τον
332 685 440 737 μέγαν
461 701 521 724 και
542 683 820 734 πολυύμνητον’
805 683 933 721 εκεῒνον
953 682 1105 732 πόλεμον

66 746 178 816 ἀρχήν
199 762 275 784 τινα
302 745 363 784 καὶ
382 759 570 798 προφασεις
596 742 682 797 φησι
700 742 822 780 λαὸεῖν
839 741 923 794 πρὸς
943 741 1104 794 δευτέραν

65 804 198 851 κίνησιν
219 805 257 843 ἐκ
284 805 449 856 διαφορᾶς
468 804 624 854 ἡμερων,
642 801 664 848 ἢ
685 816 764 852 περι
782 799 917 838 πόλεων
944 798 1107 843 ἁλώσεως

65 865 179 907 αὐτοῖς
204 863 358 915 ἐγένετο,
387 877 447 900 και
471 861 548 899 οὐδὲ
580 860 682 904 αὐτὸς
715 859 789 912 ἔχει
818 860 952 897 διαιτᾶν
988 861 1106 912 σαφῶς

64 921 124 960 καὶ
159 921 325 974 ἀκριὸῶς,
351 920 438 964 τίνες
467 919 657 957 ἐπεκάλουν
690 918 914 970 δικαιότερον,
946 918 1022 955 ἀλλ’
1049 916 1106 955 ἐπὶ

64 980 125 1024 τὰς
157 979 290 1033 ἡμέρας
322 978 427 1017 ἐλθὼν
451 979 620 1024 υποδηλοῖ
650 976 710 1016 καὶ
740 976 1022 1029 παραδείκνυσιν,
1054 992 1106 1014 οτι

65 1038 146 1086 κενή
166 1037 216 1082 τίς
232 1054 297 1077 που
319 1038 379 1076 καὶ
399 1038 538 1091 ἀχρεῖος
553 1039 576 1084 ἡ
597 1035 676 1088 περὶ
692 1034 768 1079 τους
787 1034 930 1088 χρόνους
946 1035 1105 1088 διατριὸὴ

66 1113 125 1135 και
141 1096 266 1148 σχολη.

117 1154 272 1194 Τοιαυτοί
288 1170 364 1193 τινα
382 1170 442 1192 και
461 1152 601 1191 πλείω“
589 1152 690 1205 ε’τερα
705 1152 789 1205 πρὸς
811 1152 962 1202 ἐμαυτον
980 1152 1107 1199 ἐκκλη-

67 1213 188 1256 σιάσας
216 1213 277 1251 καὶ
311 1211 601 1265 βουλευσάμενος,
633 1211 692 1250 καὶ
723 1211 792 1255 τοῖς
823 1212 856 1255 ἐς
885 1210 930 1248 τὰ
959 1210 1107 1263 χρονικὰ

67 1272 270 1311 σπεύδουσιν
301 1270 362 1309 καὶ
392 1271 618 1317 ἀνεστηκόσιν
642 1268 746 1320 ὅμοιά
780 1285 858 1307 τινα
882 1272 1104 1321 παρεγγυῶν,

67 1333 112 1373 ὡς
130 1332 152 1375 ἡ
173 1329 252 1379 περὶ
269 1330 329 1372 τὰς
348 1327 442 1380 ὥρας
457 1328 517 1366 καὶ
534 1328 667 1380 ἡμέρας
684 1327 843 1379 ἀκρίὸεια
863 1327 1036 1365 πλουσίων
1057 1330 1105 1366 οἰ-

65 1387 221 1438 κονόμοις
240 1387 309 1425 τισὶ
329 1388 388 1425 καὶ
407 1387 583 1436 λογισταῖς
601 1386 747 1438 πρέπει,
762 1386 822 1423 καὶ
840 1386 881 1432 νὴ
899 1385 966 1424 Δία
980 1401 1019 1436 γε
1036 1391 1106 1429 τοῖς

65 1447 98 1489 ἐς
116 1445 159 1483 τὰ
179 1445 322 1498 οὐράνια
339 1445 522 1497 κεχηνόσι,
539 1444 598 1483 καὶ
612 1445 685 1483 ὅσοι
701 1444 786 1497 πρὸς
803 1446 938 1496 ἀριθμῷ
953 1447 1106 1497 φανερῶς

63 1503 250 1551 κάθηνται,
273 1503 374 1546 αὐτὸς
393 1502 429 1541 δὲ
445 1502 688 1555 προαγορεύων
705 1502 882 1555 πόρρωθεν
899 1507 968 1546 τοῖς
991 1504 1105 1554 ἐντυγ·

64 1562 244 1614 χάνουσιν,
275 1561 328 1600 ὅτι
357 1561 547 1605 πιστεύσας
580 1563 721 1614 ἐμαυτῷ
765 1559 930 1599 δύνασθαι
962 1561 1104 1615 γράφειν

65 1621 228 1671 γεγονότα
244 1636 280 1658 τε
295 1620 353 1659 καὶ
369 1619 553 1671 γινόμενα,
568 1619 652 1671 πρὸς
668 1620 744 1657 τόδε
764 1619 800 1657 τὸ
817 1619 914 1672 ἔργον
932 1618 1082 1673 ὥρμησα
1093 1650 1104 1671 ,

63 1683 102 1717 τὸ
120 1679 181 1730 μὲν
197 1679 274 1718 κατ’
288 1679 440 1718 ἐνιαυτὸν
455 1679 515 1718 καὶ
531 1680 608 1717 καθ’
626 1677 760 1731 ἡμέραν
780 1677 899 1731 ὥσπερ
917 1679 1102 1731 ἀπροσδιό-

63 1737 162 1776 νυσόν
177 1754 253 1776 τινα
274 1740 371 1791 ῥῆσιν
387 1737 714 1791 παραιτησάμενος,
727 1736 766 1775 τὸ
789 1736 823 1774 δὲ
838 1736 928 1774 κατὰ
948 1737 1105 1789 χρόνους,

62 1795 94 1836 οἳ
108 1802 176 1840 τοῖς
198 1798 380 1847 βασιλεῦσι
403 1795 676 1849 περιγράφονται
692 1825 702 1846 ,
721 1794 840 1847 κρίνας
865 1795 1104 1848 ἀληθέστερον.

62 1854 315 1911 Ἀναγνό1σεται
334 1859 414 1907 γιοῧν
437 1871 508 1906 τις,
526 1853 578 1892 ὅτι
599 1858 708 1892 ταῦτα
733 1854 789 1893 ἐπὶ
806 1855 904 1893 τοῦδε
921 1858 980 1892 τοῦΙ
1001 1858 1106 1906 βασι-

61 1913 145 1957 λέως
158 1912 180 1960 ἢ
195 1915 286 1963 τοῦδ’
299 1911 499 1966 ἐπράττετο·
509 1916 586 1952 καθ’
601 1913 636 1952 ὃν
656 1912 691 1952 δὲ
709 1913 864 1952 ἐνιαυτὸν
876 1913 936 1951 καὶ
951 1912 1103 1965 ἡμέραν,

61 1971 172 2024 ἕτερος
188 1973 221 2015 ἐς
241 1973 302 2019 τὴν
323 1972 459 2020 ἀπᾶτην
487 1972 669 2025 χορεύεταί
696 1979 720 2018 †
735 1988 797 2015 τις.
857 1971 955 2023 Ἐγὼ
986 1971 1020 2009 δὲ
1044 1973 1102 2011 καὶ

62 2028 193 2082 [xa-cit?
215 2031 344 2081 Nieb.]
364 2029 403 2068 τὸ
421 2030 594 2068 πιστεύειν
616 2031 758 2083 ἐμαυτῷ
777 2030 922 2083 γράφω,
939 2030 1103 2083 ἀνδράσιν

61 2088 244 2139 ἑπόμενος,
262 2088 294 2126 οἳ
313 2093 373 2127 τοῦ
393 2089 473 2127 καθ’
485 2093 577 2139 ἡμᾶς
594 2088 668 2141 βίου
685 2092 809 2141 μακρῷ
827 2092 991 2141 προεῖχον
1012 2089 1103 2127 κατὰ

59 2147 231 2194 παιδείαν,
243 2147 302 2185 καὶ
319 2147 574 2196 διατεταμένως
591 2149 711 2198 ἐνῆγον
727 2147 775 2198 μὴ
795 2154 930 2185 σιωπᾶν
948 2147 991 2191 τὰ
1006 2147 1104 2185 κοινὰ

1165 269 1232 306 τῶν
1252 268 1373 319 ἔργων,
1399 265 1458 303 καὶ
1478 265 1543 304 ὅσα
1563 267 1581 302 ὁ
1601 265 1678 303 καθ’
1696 269 1790 315 ἡμᾶς
1811 266 1908 317 ἔφερε
1928 261 2068 317 χρόνος,
2082 265 2143 304 καὶ
2165 265 2210 304 τὰ

1166 325 1234 377 πρὸ
1255 327 1357 375 ἡμῶν
1382 324 1471 375 μετὰ
1492 323 1555 370 τὴν
1576 323 1751 368 Δεξίππου
1774 324 1910 376 γραφὴν
1930 325 2027 362 οὔπω
2050 326 2154 376 λόγου
2173 342 2211 364 τε

1166 383 1227 422 καὶ
1262 382 1416 435 ἱστορίας
1448 383 1621 434 ἐμφανοῦς
1659 381 1890 433 τετυχηκότα.
1973 382 2133 434 Ἐγίνετο
2175 384 2211 422 δὲ

1167 441 1309 485 ἐκείνοις
1337 457 1374 479 τε
1394 440 1503 490 κάμοὶ
1530 440 1644 479 κοινὸν
1663 439 1702 478 τὸ
1724 440 1822 492 ἔργον
1841 439 1938 488 τόδε,
1958 441 2017 478 καὶ
2035 441 2149 480 πάντα
2172 459 2211 494 γε

1167 502 1199 545 ἐς
1217 499 1284 540 τὸν,
1300 499 1491 539 Ἰουλιανὸν
1512 498 1695 552 ἀναφέρειν
1712 500 1845 546 ἐδόκει,
1864 497 1898 542 ὃς
1925 499 2128 538 ἐὸασίλευσε
2150 501 2212 552 μὲν

1167 559 1218 612 ἐφ’
1237 562 1351 610 ἡμῶν,
1379 558 1418 597 τὸ
1447 558 1482 596 δὲ
1509 558 1721 611 ἀνθρώπινον
1751 557 1855 595 αὐτὸν
1884 556 2002 611 ὥσπερ
2030 558 2107 597 τινὰ
2138 559 2213 598 θεὸν

1166 617 1400 670 προσεκύνουν
1422 617 1586 660 ἅπαντες.
1642 615 1756 666 Λόγου
1778 615 1814 654 δὲ
1835 612 1877 663 ἦν
1904 615 1995 660 ἄξιον
2015 616 2076 655 καὶ
2099 619 2214 662 καλῶς

1167 676 1258 728 ἔχειν
1271 676 1399 722 ἐδόκει,
1416 674 1575 727 καθάπερ
1591 675 1662 718 τοῖς
1677 674 1792 713 ἕνεκεν
1810 673 1998 727 ἐρωμένης.
2013 702 2022 712 .
2042 702 2051 711 .
2077 705 2084 713 .

1166 738 1263 772 νοῦσι
1287 739 1449 782 ποιηταῖς
1465 732 1498 772 οἳ
1521 732 1714 784 γενομένοις
1741 732 1913 785 ἀρίστοις·
1933 732 2024 771 οὕτω
2040 732 2101 771 καὶ
2129 737 2214 784 ἡμῖν

1167 793 1279 845 ἀρχήν
1302 808 1379 830 τινα
1401 791 1462 830 καὶ
1486 790 1621 843 γένεσιν
1650 791 1874 843 προθεμένοις
1899 789 1961 838 τὴν
1979 822 1989 831 .
2006 820 2015 829 .
2032 822 2041 831 .
2057 792 2214 844 παρόντα

1166 853 1225 892 καὶ
1244 885 1254 894 .
1279 882 1288 891 .
1314 884 1323 894 .
1346 855 1413 891 τῶν
1433 867 1501 903 προ
1521 881 1530 891 .
1552 881 1562 891 .
1585 881 1594 891 .
1617 850 1728 889 ἐδόκει
1749 881 1757 890 .
1784 881 1793 890 .
1816 881 1824 890 .
1851 879 1859 887 .
1884 849 1951 903 φὴν
1975 879 1983 888 .
2009 879 2019 889 .
2041 881 2052 891 .
2083 851 2215 889 κόντων

1167 911 1301 965 χρόνων
1321 942 1330 952 ,
1353 940 1364 951 .
1388 942 1397 952 .
1420 911 1521 961 μένον
1547 910 1607 948 καὶ
1627 938 1636 947 .
1654 938 1662 947 .
1683 939 1690 947 .
1715 910 1829 963 ψυχῆς
1861 909 2070 963 ἀναφέρουσι
2090 938 2099 947 .
2116 940 2124 950 .
2139 939 2148 949 .
2177 912 2217 949 τὸ

1167 971 1307 1010 εἴδωλον
1326 1001 1335 1011 .
1356 1001 1365 1011 .
1390 1001 1399 1010 .
1423 971 1492 1008 δεῖν
1515 998 1525 1007 .
1546 1000 1554 1008 .
1576 998 1584 1006 .
1611 971 1621 984 ³
2243 968 2248 970 ⁷

1606 985 1640 1007 εν
1663 968 1868 1021 ἀλλοτρίοις.

1222 1029 1308 1070 “Ὀτι
1329 1029 1464 1075 ἐξουσία
1482 1028 1556 1067 ἐστὶ
1573 1058 1583 1068 .
1604 1058 1613 1068 .
1631 1056 1639 1064 .
1659 1033 1813 1080 πονηρᾶς
1834 1056 1842 1065 .
1864 1056 1873 1065 .
1900 1055 1908 1064 .
1933 1026 1999 1064 ὑπὸ
2019 1026 2121 1079 λόγου
2137 1057 2147 1068 .
2172 1058 2181 1067 .
2205 1057 2213 1065 .

1168 1093 1354 1142 παρακινεῖ
1386 1087 1447 1126 καὶ
1470 1117 1479 1127 .
1500 1116 1509 1126 .
1533 1116 1544 1126 .

1573 1086 1696 1138 χρόνον
1721 1115 1729 1123 .
1754 1116 1763 1125 .
1785 1116 1794 1125 .
1823 1085 2035 1137 χρηματίζει
2059 1113 2067 1122 .
2086 1117 2095 1126 .
2113 1116 2122 1125 .
2153 1087 2218 1138 ἀρ-

1168 1149 1234 1200 χὰς
1255 1180 1262 1188 .
1286 1179 1295 1188 .
1320 1177 1330 1188 .
1351 1146 1419 1200 γὰρ
1437 1145 1575 1198 μήποτε
1593 1175 1602 1185 .
1627 1177 1635 1185 .

1662 1176 1670 1185 .
1694 1144 1784 1183 οὕτω
1805 1143 1840 1182 δὲ
1858 1159 1890 1182 τι
1910 1175 1918 1184 .
1944 1174 1953 1183 .
1980 1174 1989 1183 .

1463 1246 1524 1297 [2.
1554 1244 1922 1295 AYPHAIANOE]

1222 1334 1380 1384 [Suidas
1416 1348 1423 1370 z
1448 1332 1683 1377 Σελευκίς·
1713 1331 1828 1384 ὄρνεόν
1859 1334 1933 1371 ἐστι
1965 1330 2134 1371 εὔπεπτον
2158 1332 2219 1371 καὶ

1168 1392 1356 1444 ἀκόρεστον
1379 1391 1439 1430 καὶ
1459 1396 1653 1444 πανοῦργον
1672 1391 1732 1429 καὶ
1749 1390 1809 1434 τὰς
1840 1391 1984 1442 ἀκρίδας
2002 1391 2130 1443 χανδὸν
2154 1393 2219 1430 λα-

1167 1450 1312 1504 φύσσον.
1347 1468 1362 1485 «
1386 1455 1474 1490 Haec
1497 1453 1616 1488 verba
1649 1452 1765 1488 credo
1795 1452 1954 1488 Suidam
1980 1451 2145 1488 hausisse
2174 1466 2218 1489 ex

1168 1512 1366 1560 Eunapio,
1391 1511 1497 1559 quod
1529 1512 1700 1547 Zosimus
1730 1512 1771 1556 l,
1803 1509 1874 1557 57,
1897 1510 1943 1556 6,
1973 1511 2013 1546 in
2040 1523 2085 1547 ea
2110 1519 2220 1560 parte

1168 1570 1343 1606 Historiae
1361 1583 1476 1618 quam
1493 1583 1513 1606 e
1529 1571 1668 1606 Nostro
1688 1569 1988 1638 511Π1Ῑ1511,Σελευ
2056 1569 2123 1611 ’Ὃς
2125 1574 2215 1617 me-

1167 1636 1310 1674 moret,
1334 1626 1372 1664 αἳ
1396 1643 1470 1670 ταις
1489 1626 1609 1679 αχρίσῑ
1626 1625 1948 1678 συμπερῑίπτανταῑ
1965 1637 2025 1664 καθ
2046 1627 2115 1670 τοῖς
2135 1642 2219 1664 <510-

1169 1701 1258 1736 μασι
1275 1684 1405 1729 ταύτας
1422 1685 1634 1738 δέχονται.»
1653 1687 2135 1725 Βο155οΝΔ111115.Ζο51111115
2148 1688 2219 1723 ista

1167 1747 1300 1782 intexit
1331 1747 1541 1782 nalrationi
1580 1746 1629 1782 de
1663 1747 1860 1783 Aureliani
1896 1747 1935 1781 in
1973 1730 2221 1794 Palmyrenos

1171 1805 1425 1854 expeditione.
1434 1804 1448 1855 ]

1533 1886 1570 1925 3.
1605 1885 1848 1937 (ΠΡοΒοΣ.)

1220 1974 1354 2010 Suidas
1370 1987 1377 2009 :
1393 1973 1424 2011 K
1436 1987 1576 2011 ατακα
1590 1971 1649 2010 ίνε
1660 1988 1693 2011 ιν
1704 1987 1712 1997 ·
1731 1972 1895 2024 ἀναιρεῖν,
1909 1971 2075 2025 φονεύειν.
2095 1990 2111 2008 α
2127 1973 2171 2013 Ὁ
2185 1974 2220 2011 δὲ

1165 2030 1305 2077 τοξότης
1327 2031 1422 2084 ἠφίει
1450 2031 1571 2083 βέλος,
1592 2030 1755 2083 εὔστοχος
1781 2031 1828 2069 ὢν
1847 2031 2030 2076 τοσούτους
2049 2032 2220 2071 κατακαί·

1166 2105 1248 2137 νειν,
1269 2089 1334 2127 ὅσα
1351 2089 1446 2142 ἠφίει
1470 2089 1567 2141 βέλη.
1587 2107 1602 2123 »
1621 2089 1796 2133 Εὖνάπιός
1813 2106 1931 2143 φησιν.

1219 2165 1234 2182 «
1255 2150 1339 2185 Ηο0
1371 2150 1625 2198 fragmentum
1643 2151 1810 2199 pertinet
1835 2150 1886 2186 ad
1911 2151 2016 2186 illam
2043 2152 2220 2189 Historiae

70 2223 2212 2243 -————————-—-——-——-—q————————————.—⁴——

59 2259 175 2291 lebrior
194 2261 261 2290 cst?
275 2259 314 2291 de
330 2268 393 2299 quo
411 2259 460 2290 dei
484 2259 704 2291 testimonium
720 2259 752 2291 in
771 2268 825 2291 ore
840 2260 984 2291 omnium
1000 2268 1103 2291 versa-

58 2313 123 2350 tur,
138 2311 255 2342 diserte
277 2311 372 2342 deum
388 2311 559 2343 vocitantis
575 2311 616 2342 ob
636 2311 837 2342 serendarum
855 2311 960 2351 legum
978 2311 1102 2352 sapien-

58 2364 147 2396 tiam.
193 2365 452 2404 Quotusquisque
466 2373 541 2395 vero
555 2373 592 2396 ex
607 2364 666 2404 his,
678 2364 783 2404 quide
801 2373 837 2395 ea
851 2373 884 2396 re
897 2365 1103 2404 scripserunt,

59 2416 216 2447 consentit
230 2425 305 2446 cum
321 2416 382 2447 alio
409 2416 536 2447 homine
552 2416 592 2447 de
607 2416 804 2456 temporibus
817 2417 934 2457 quibus
950 2417 1002 2448 ille
1021 2417 1104 2457 leges

59 2467 240 2507 scripserit?
262 2467 419 2499 Nimirum
437 2467 469 2498 id
485 2469 777 2508 onmes‚tanquam
802 2468 842 2499 de
866 2468 962 2500 domo
978 2469 1029 2500 vel
1053 2478 1105 2501 co—

58 2518 168 2550 lumna
182 2519 231 2550 vel
246 2527 279 2550 re
293 2518 387 2550 simili
397 2520 520 2558 agatur,
532 2519 618 2559 quod
629 2520 758 2559 quidem
772 2519 824 2551 ille
837 2520 877 2552 sit
890 2521 921 2552 et
934 2521 1102 2561 exstiterit,

59 2571 238 2603 concedunt
253 2573 286 2603 et
309 2573 477 2612 annuunt3
503 2571 543 2603 de
558 2573 703 2612 tempore
721 2574 828 2604 autem
845 2582 909 2613 quo
934 2574 1102 2614 exstiterit,

61 2623 156 2654 variis
178 2621 429 2655 dubitationibus
446 2623 580 2664 implent
607 2625 786 2656 volumina.
817 2627 854 2656 Et
879 2625 1008 2665 quidem
1038 2626 1104 2666 ipse

59 2674 259 2714 Thucydides
274 2675 347 2714 (lv,
363 2675 453 2714 122),
479 2683 543 2715 quo
562 2684 656 2706 nenio
670 2676 729 2707 fuit
742 2676 934 2717 diligentior,
951 2685 1103 2717 magnum

59 2722 139 2756 illud
157 2727 188 2757 et
205 2726 426 2765 famigeratum
441 2726 561 2758 bellum
576 2728 718 2759 renovati
735 2728 856 2760 ardoris
868 2728 994 2761 initium
1011 2739 1103 2761 occa-

60 2777 227 2818 sionesque
240 2778 357 2818 cepisse
371 2779 415 2810 ait
430 2788 470 2810 ex
487 2779 610 2810 dierum
625 2781 851 2819 controversia,
866 2790 938 2822 quae
953 2782 992 2814 de
1006 2783 1106 2823 captis

60 2828 183 2868 oppidis
200 2830 282 2861 inter
292 2830 362 2861 illos
373 2830 545 2862 oriebatur.
589 2833 700 2872 Neque
713 2834 820 2864 tamen
833 2833 899 2873 ipse
911 2834 986 2865 satis
998 2836 1106 2874 aperte

61 2883 272 2922 accurateque
290 2882 411 2923 delinit,
431 2884 493 2914 utri
507 2883 622 2923 J'ustius
635 2885 736 2925 questi
750 2886 814 2917 sint
833 2898 840 2918 ε
855 2895 932 2918 111οΧ
951 2896 1050 2927 quum
1065 2888 1104 2919 ad

61 2932 183 2964 dierum
197 2934 457 2973 supputationem
471 2937 604 2967 ventum
615 2938 674 2975 est,
686 2937 842 2976 significat
855 2940 953 2979 atque
973 2939 1106 2971 demon-

62 2986 162 3023 strat,
179 2994 293 3016 vanam
309 2994 376 3017 esse
392 2987 624 3026 propemodum
638 2990 735 3029 atque
754 2989 900 3021 inutilem
913 2990 1006 3023 istam
1020 2993 1106 3024 circa

61 3036 242 3076 temporum
256 3037 452 3069 notationem
470 3038 682 3071 sedulitatem.

104 3089 182 3120 Haec
195 3090 226 3120 et
242 3089 301 3120 alia
315 3090 405 3130 plura
419 3100 546 3123 mecum
563 3092 628 3132 ipse
641 3093 747 3125 animo
764 3094 874 3135 collegi
888 3104 925 3126 ac
941 3097 1106 3136 reputavi:

64 3142 96 3173 et
108 3140 220 3171 ceteris
238 3141 416 3181 0113111,ηυί
433 3143 472 3173 ad
489 3144 618 3175 annales
630 3145 812 3177 scribendos
828 3147 991 3179 studium
984 3157 1107 3189 impen-

64 3193 157 3233 dunt,
174 3194 365 3226 admonendi
380 3204 475 3227 causa
491 3198 647 3237 snggessi;
668 3199 753 3238 qnod
771 3200 918 3232 videlicet
933 3202 1017 3234 circa
1034 3204 1107 3235 anni

57 3246 269 3290 *tempestates
282 3247 412 3288 diesque
426 3249 578 3282 sedulitas
592 3251 715 3283 villicos
727 3252 862 3285 divitum
873 3263 909 3285 ac
923 3255 1110 3288 rationarios

64 3296 192 3338 deceat,
213 3299 309 3338 atque
326 3308 379 3331 005
395 3300 513 3341 hercle,
527 3302 581 3341 qui
599 3303 740 3335 coelestia
751 3306 945 3345 scrutantur,
959 3307 990 3338 et
1004 3307 1108 3339 calcu·

65 3348 175 3382 latoris
189 3352 290 3381 artem
304 3351 420 3384 diserte
440 3354 640 3393 profitentur.
687 3358 751 3396 Ego
767 3366 843 3389 vero
860 3358 920 3389 1100
941 3359 1111 3392 lectoribus

67 3402 145 3434 meis
161 3402 284 3435 affirmo
297 3430 305 3444 ‚
324 3413 374 3436 mc
391 3414 455 3437 non
473 3406 539 3439 sine
555 3406 671 3440 fiducia
697 3409 779 3442 vires
795 3410 834 3441 ad
862 3420 911 3443 res
935 3412 1111 3452 praeteritas

1165 2267 1203 2291 30
1222 2261 1394 2300 praesentes
1406 2259 1590 2292 scribendas
1603 2260 1682 2291 mihi
1695 2261 1900 2300 suffecturas,
1917 2261 1978 2293 1100
1994 2270 2074 2302 opus
2098 2270 2219 2302 aggres-

1165 2320 1236 2343 sum
1251 2321 1330 2350 esse,
1359 2312 1402 2344 ita
1417 2313 1545 2353 quidem
1557 2337 1566 2352 ‚
1586 2314 1623 2345 ut
1644 2314 1801 2345 minutam
1817 2314 1886 2346 sive
1904 2314 1980 2346 anni
1995 2314 2062 2347 sive
2088 2314 2150 2348 diei
2169 2325 2220 2347 ra-

1165 2362 1304 2403 tionem,
1321 2372 1379 2395 ceu
1401 2364 1476 2405 quid
1490 2364 1724 2405 importunum,
1747 2365 1921 2406 negligam
1938 2374 2052 2398 verum
2074 2367 2222 2407 tempora

1166 2415 1249 2446 intra
1268 2424 1343 2455 quae
1357 2425 1445 2456 reges
1461 2416 1575 2455 singuli
1590 2417 1706 2448 versati
1730 2417 1812 2457 sint,
1830 2417 2010 2457 expendam
2025 2419 2220 2451 accuratius.

1165 2468 1281 2498 Lector
1297 2467 1393 2507 igitur
1409 2468 1493 2508 apud
1505 2477 1557 2500 me
1571 2469 1712 2501 inveniet
1725 2469 1796 2501 haec
1813 2470 1865 2501 vel
1881 2469 1936 2501 illa
1949 2470 2008 2501 sub
2022 2470 2084 2502 1100
2099 2471 2150 2502 vel
2167 2471 2222 2503 illo

1167 2527 1238 2558 rege
1251 2519 1411 2559 evenisse;
1434 2522 1660 2552 verumtamen
1674 2522 1719 2552 rei
1733 2522 1829 2561 gestae
1843 2530 1965 2553 annum
1988 2524 2020 2554 et
2035 2522 2121 2554 diem
2140 2523 2222 2555 alius

1166 2569 1271 2610 quivis
1291 2571 1500 2614 praestigiator
1528 2572 1627 2604 dicat.
1672 2575 1737 2612 Ego
1761 2582 1840 2605 vero
1859 2582 1917 2614 pro
1934 2574 1994 2605 hac
2017 2574 2078 2606 mei
2104 2574 2222 2607 fiducia

1166 2621 1304 2654 scribere
1331 2622 1447 2663 incipio
1477 2624 1661 2664 exemplum
1685 2625 1815 2656 secutus
1843 2625 2012 2657 hominum
2022 2649 2031 2665 ,
2058 2626 2112 2666 qui
2139 2627 2222 2659 hanc

1166 2675 1308 2705 nostram
1321 2676 1450 2706 aetatem
1464 2675 1643 2707 eruditione
1658 2684 1716 2707 sua
1730 2676 1824 2708 valde
1841 2679 2075 2717 superaverunt
2091 2678 2221 2711 :enixe-

1166 2734 1228 2765 que
1243 2725 1320 2756 mihi
1340 2727 1509 2766 proposui,
1522 2727 1694 2767 quominus
1707 2728 1785 2759 nihil
1803 2728 2005 2768 publicarum
2019 2738 2126 2762 rerum
2139 2731 2222 2762 tace-

1167 2786 1234 2808 rem
1243 2800 1251 2815 ,
1270 2778 1337 2809 sive
1350 2787 1430 2818 quas
1442 2781 1551 2811 nostra
1563 2781 1642 2811 110135
1655 2780 1747 2819 vidit,
1769 2780 1837 2812 sive
1850 2781 2046 2822 superiores,
2062 2779 2222 2824 quotquot

1167 2830 1238 2869 post
1248 2829 1411 2861 historiam
1422 2830 1555 2871 Dexippi
1567 2831 1711 2862 nondum
1723 2831 1836 2863 litteris
1846 2833 1896 2864 vel
1910 2833 2045 2873 publicis
2058 2843 2223 2866 commen-

1168 2882 1256 2913 tariis
1281 2881 1516 2913 commendatae
1544 2882 1686 2914 suerunt.
1732 2881 1841 2920 Quare
1866 2893 2040 2917 commune
2062 2894 2136 2917 cum
2159 2886 2222 2918 illis

1169 2932 1325 2965 historicis
1338 2934 1501 2973 negotium
1512 2934 1720 2974 suscepimus.
1729 2936 1818 2966 —Et
1825 2935 1916 2967 nobis
1928 2936 2057 2976 quidem
2065 2937 2172 2969 omnia
2182 2937 2223 2969 ad

1169 2985 1188 3015 J
1191 2984 1334 3016 ulianum
1347 2985 1510 3016 reserenda
1518 2985 1721 3025 videbantur,
1732 2986 1785 3026 qui
1797 2987 1950 3019 memoria
1961 2990 2070 3020 nostra
2079 2989 2222 3030 regnavit

1169 3038 1200 3068 et
1211 3038 1353 3069 numinis
1363 3037 1463 3068 instar
1475 3037 1516 3069 ab
1529 3038 1684 3070 universis
1698 3038 1881 3071 hominibus
1891 3041 1998 3072 cultus
2011 3041 2097 3074 est...

1277 3134 1282 3138 ῃ
1677 3094 1713 3126 2.

1211 3146 1351 3178 seleucis
1363 3146 1440 3185 avis,
1451 3155 1525 3187 quae
1541 3146 1627 3178 cibos
1642 3147 1732 3180 facile
1749 3148 1922 3190 concoquit
1935 3149 1967 3181 et
1980 3149 2168 3183 insatiabilis
2189 3151 2222 3183 et

1172 3199 1288 3239 astuta,
1303 3200 1335 3231 et
1350 3198 1490 3231 locustas
1508 3198 1601 3230 avide
1614 3198 1784 3233 devorans.

1676 3257 1711 3289 3.

1213 3309 1376 3350 Eunapius
1395 3322 1403 3342 ε
1434 3322 1450 3337 «
1466 3310 1656 3351 Sagittarius
1674 3312 1782 3344 autem
1806 3312 1953 3352 sagittam
1968 3312 2091 3351 emisit,
2117 3320 2219 3352 quum

1171 3363 1252 3394 esset
1262 3362 1422 3402 jaculandi
1436 3364 1568 3405 peritus,
1580 3364 1659 3397 adeo
1667 3366 1703 3398 ut
1713 3366 1760 3398 tot
1773 3365 1918 3398 homines
1926 3364 2128 3406 interficeret,
2139 3366 2219 3406 quot

1176 3415 1306 3455 sagittas
1321 3415 1492 3449 emitteret.
1511 3430 1526 3445 »
