2314 3756
121 174 164 205 18
935 161 1151 201 EUNAPII
1174 158 1417 199 SARDIANI

114 252 287 291 Ἐνταῦθα
312 251 332 289 6'
358 267 393 290 τε
417 250 576 303 βασιλεὺς
594 250 707 287 αὐτῶν
733 249 792 287 καὶ
809 251 838 286 οἱ
863 248 1032 300 βάρὸαροι
1053 263 1147 299 πρη-

114 313 179 354 νεῖς
195 309 404 357 ἐκταθέντες,
421 311 556 362 οἰμωγῇ
572 324 609 346 τε
624 307 760 361 ἀφθόνῳ
773 307 833 346 καὶ
848 307 1028 359 ὀλοφύρσει
1041 321 1148 357 προσ-

113 367 317 420 εκέχρηντο,
348 367 503 418 δεόμενοι
538 366 646 417 μηδὲν
678 365 844 403 ἀδύνατον
885 363 1148 402 ἐπιτάττεσθαι·

112 426 279 464 ἀδύνατον
301 426 336 464 δὲ
353 427 467 470 αὐτοῖς
482 419 568 463 εἶναι
588 423 649 462 καὶ
667 423 744 467 τοὺς
761 422 930 465 πεσόντας
948 424 1145 468 ἀναστῆσαι

111 483 170 522 καὶ
189 484 340 537 ὁμήρους
358 485 474 522 δοῦναι
489 482 566 526 τοὺς
581 480 880 528 τετελευτηκότας.
900 479 1092 529 Γενομένης
1108 478 1144 516 δὲ

111 545 255 590 σιωπῆς,
270 545 288 580 6
305 545 373 580 τῶν
391 541 578 594 βαρὸάρων
596 538 756 593 βασιλεὺς
771 538 969 584 ἀναὸοήσας
985 536 1145 587 μέγιστον

111 597 205 647 ὅσον,
228 618 242 634 κ
267 599 346 638 Εἴθε
365 598 423 646 ἔζη
442 614 518 648 μοι,
533 598 597 651 ἔφη
610 627 620 645 ,
637 599 655 635 6
670 599 770 643 παῖς,
786 596 842 633 ἵνα
859 610 912 633 σοι
927 594 1032 637 δοθεὶς
1054 593 1142 644 ὅμη-

113 673 184 708 ρος,
205 651 233 695 ὦ
256 659 412 709 Καῖσαρ,
433 657 588 694 δουλείαν
603 655 747 707 ηὐτύχει
774 657 834 701 τῆς
856 655 941 704 ἐμῆς
968 652 1145 704 βασιλείας

112 715 433 767 εὐδαιμονεστέραν.
467 715 557 753 Ἀλλ’
587 713 653 752 ὑπὸ
682 716 742 751 σοῦ
770 712 942 758 τέθνηκεν,
966 710 1146 762 ἀτυχήσας

111 772 193 816 ἴσως
215 773 274 810 καὶ
293 773 332 811 τὸ
365 776 587 822 ἀγνοηθῆναι.
618 769 772 822 Πολέμῳ
801 768 868 821 γὰρ
898 769 1077 807 ἐπίστευσε
1109 768 1147 806 τὸ

112 833 215 881 σῶμα
230 830 301 874 νέος
316 829 377 878 ὢν,
392 831 427 869 ὃν
444 830 486 868 σὺ
502 830 603 881 μόνον
622 829 777 873 ἀντάξιον
793 828 928 879 εἰρήνης
945 826 1146 875 ὑπολαμὸά-

111 903 190 931 νεις.
220 888 290 927 Καὶ
318 892 390 936 νῦν,
410 881 438 926 ὦ
462 889 626 940 βασιλεῦ,
659 886 700 924 σὺ
730 885 792 936 μὲν
819 884 960 929 ἐξαιτεῖς
978 886 1024 928 ὡς
1044 883 1145 931 ὄντα,

111 945 182 995 ἐγὼ·
201 947 228 984 δ’
244 946 397 1000 ἄρχομαι
418 950 564 999 θρηνεῖν,
582 947 732 997 συνορῶν
747 944 823 982 τίνα
840 944 902 981 οὐκ
921 941 1004 994 ἔχω.
1026 943 1145 980 Παῖδα

110 1005 177 1056 γὰρ
197 1005 400 1056 ὀδυρόμενος
413 1005 472 1042 ἕνα
485 1034 494 1051 ,
512 1003 572 1041 καὶ
588 1003 703 1049 κοινὴν
719 1001 856 1054 εἰρήνην
873 1003 923 1053 τῷ
935 1000 1033 1038 παιδὶ
1048 1016 1147 1038 συνα-

111 1061 309 1101 πολώλεκα.
332 1062 407 1102 Κᾶν
429 1063 489 1113 μὲν
506 1061 692 1113 πιστεύσῃς
714 1063 783 1103 τοῖς
802 1061 897 1110 ἐμοῖς
918 1059 1145 1110 ἀτυχήμασι,

109 1120 332 1172 παραμυθίαν
347 1120 419 1172 ἔχει
441 1136 498 1170 μοι
513 1121 552 1157 τὸ
569 1119 676 1162 πάθος
692 1121 737 1161 ὡς
760 1117 844 1169 ὑπὲρ
866 1116 1030 1154 ἁπάντων
1058 1120 1144 1163 ἠτυ-

110 1178 251 1229 χηκότι·
268 1177 308 1216 ἂν
329 1178 363 1216 δὲ
381 1178 595 1229 ἀπιστήσῃς,
610 1176 669 1215 καὶ
687 1174 803 1226 πατὴρ
818 1175 950 1227 ἀτυχὴς
967 1175 1026 1213 καὶ
1046 1178 1144 1226 βασι-

110 1236 187 1279 λεὺς
201 1235 408 1287 ὀφθήσομαι.
423 1238 504 1278 Τοῖς
518 1235 584 1286 γὰρ
599 1237 693 1284 ἐμοῖς
706 1235 825 1276 κακοῖς
839 1235 900 1271 οὐκ
917 1234 1145 1280 ἀκολουθήσει

111 1294 174 1342 μὲν
188 1296 205 1331 ὃ
225 1293 322 1346 παρὰ
338 1297 405 1331 τῶν
422 1295 537 1332 ἄλλων
557 1293 672 1340 ἔλεος,
689 1292 798 1344 ὅσπερ
816 1291 948 1329 ἅπασιν
972 1292 1146 1344 ὀφείλεται

111 1352 181 1393 τοῖς
202 1353 235 1389 ἐν
252 1352 414 1395 τοιούτοις
427 1350 675 1399 καθεστηκόσι,
691 1350 954 1403 προσκείσονται
971 1350 1006 1388 δὲ
1023 1352 1059 1388 αἱ
1073 1366 1144 1388 κοι-

109 1409 166 1447 ναὶ
186 1411 374 1462 συμφοραί.
399 1411 468 1448 Καὶ
486 1412 522 1448 οὗ
540 1409 805 1462 παραιτήσομαι
824 1408 902 1452 τοὺς
920 1409 1044 1453 ἄλλους
1061 1411 1144 1447 ἀτυ-
1168 1456 1174 1460 ἢ

109 1470 208 1518 χιῶν,
228 1467 317 1505 ἀλλὰ
338 1469 508 1506 κοινωνεῖν
530 1470 606 1519 ἐμοὶ
629 1470 698 1505 τῶν
720 1468 836 1505 δεινῶν
858 1467 1069 1518 ἀναγκάσω,
1087 1483 1146 1506 το-

110 1529 229 1563 σοῦτον
252 1526 435 1563 ἀπολαύων
454 1530 513 1573 τῆς
533 1527 714 1578 βασιλικῆς
734 1525 886 1570 ἐξουσίας
906 1525 985 1562 ὅσον
1003 1527 1145 1577 ἀτυχεῖν

113 1583 213 1632 μόνος
235 1583 283 1634 μὴ
309 1584 487 1623 δύνασθαι.
514 1603 527 1618 »
548 1584 689 1623 Τούτων
711 1583 845 1621 ἀκούων
866 1586 883 1621 ὁ
906 1583 1066 1635 βασιλεὺς
1083 1583 1146 1630 τήν

111 1657 148 1678 τε
176 1642 290 1694 ψυχὴν
314 1642 437 1689 ἔπαθε,
458 1643 518 1680 καὶ
537 1648 607 1685 τοῖς
629 1641 826 1692 λεγομένοις
851 1643 1008 1685 εὖπαθῶς
1028 1641 1144 1686 ἐξεδά-

111 1715 230 1751 κρυσε.
251 1701 321 1739 Καὶ
338 1701 495 1752 καθάπερ
512 1703 546 1738 ἐν
566 1701 635 1745 τοῖς
650 1701 837 1752 δράμασιν,
856 1699 937 1738 ὅταν
954 1702 1000 1744 εἷς
1018 1701 1145 1752 ἄπορον

110 1758 169 1795 καὶ
188 1759 351 1797 δύσλυτον
369 1762 404 1797 αἱ
422 1762 488 1797 τῶν
509 1759 742 1809 ὑποκειμένων
758 1758 866 1812 ἔργων
885 1759 1013 1797 πλοκαὶ
1029 1761 1145 1797 τελευ-

105 1816 270 1862 τήσωσιν,
296 1820 313 1854 6
341 1817 557 1867 καλούμενος
587 1817 656 1854 ἀπὸ
677 1821 837 1868 μηχανῆς
856 1817 929 1861 θεὸς
955 1817 1145 1860 ἐπεισόδιος

102 1928 295 1959 testarentur
320 1930 355 1959 ut
368 1929 471 1968 palam
485 1930 602 1960 faceret
626 1938 707 1969 quos
723 1929 819 1960 vellet
833 1953 842 1968 ,
863 1929 978 1960 iterum
999 1937 1074 1960 curn
1093 1929 1140 1960 his

102 1988 246 2012 sermone
263 1981 485 2021 congrediens,
500 1983 638 2022 ipsorum
652 1982 733 2022 regis
746 1981 847 2013 fitium
865 1982 962 2022 petit,
974 1990 1071 2022 quern
1090 1990 1140 2013 ca-

102 2030 225 2070 ptivum
244 2032 274 2062 in
290 2041 348 2063 sua
361 2034 517 2072 potestate
532 2033 686 2071 habebat,
706 2033 824 2073 tingens
839 2034 994 2072 tanquam
1007 2042 1071 2064 non
1084 2033 1140 2064 ha-

102 2081 200 2114 beret.
216 2083 262 2115 Ad
279 2092 350 2123 quae
358 2083 566 2115 barbarorum
580 2093 633 2116 rex
646 2086 678 2115 et
688 2084 874 2123 barbari,ad
885 2084 980 2124 pedes
987 2084 1139 2124 jacentes,

102 2132 177 2163 lietu
196 2133 282 2173 largo
299 2135 330 2165 et
346 2134 466 2173 eJulatu
491 2135 552 2174 usi,
570 2135 717 2175 precibus
736 2135 982 2174 contenderunt,
1007 2144 1047 2167 ne
1063 2135 1140 2176 quid

102 2184 270 2224 imperaret
295 2186 381 2225 quod
397 2188 548 2227 praestare
572 2187 753 2228 nequirent.
798 2189 862 2218 Nec
884 2187 969 2219 enim
994 2196 1028 2219 se
1050 2196 1141 2227 posse

103 2243 158 2265 eos
183 2236 238 2275 qui
266 2237 429 2276 periissent
446 2238 477 2269 in
501 2238 601 2269 vitam
626 2247 794 2277 revocare,
813 2241 844 2270 et
862 2248 915 2270 eos
937 2238 992 2279 qui
1023 2240 1139 2270 mortui

102 2287 205 2317 essent
229 2287 353 2319 obsides
369 2288 455 2320 dare.
499 2289 631 2321 silentio
649 2291 750 2329 facto,
765 2290 971 2321 barbarorum
990 2299 1046 2321 rex
1062 2299 1141 2322 voce

102 2345 199 2376 quam
215 2339 357 2370 maxima
372 2340 476 2379 potuit
492 2341 682 2373 exclamavit
704 2354 711 2373 :
735 2354 748 2368 «
770 2343 899 2373 Utinam
915 2342 1038 2373 viveret
1058 2342 1141 2374 filius

102 2396 201 2426 meus,
216 2389 251 2420 ut
270 2389 327 2420 tibi
343 2390 478 2422 traditus
490 2391 593 2431 obseS,
608 2402 626 2423 o
640 2395 759 2433 Caesar,
774 2393 943 2424 feliciorem
961 2402 1056 2433 regno
1068 2403 1140 2425 meo

102 2438 185 2478 apud
202 2440 234 2471 te
249 2441 433 2473 servitutem
447 2443 594 2476 serviret!
610 2444 670 2477 Sed
685 2444 748 2475 tuis
761 2444 857 2476 armis
869 2445 995 2484 cecidit,
1010 2445 1141 2477 sortasse

102 2490 198 2522 etiam
221 2500 239 2522 a
263 2493 353 2524 vobis
378 2503 442 2525 non
468 2496 622 2535 cognitus.
668 2498 745 2529 Belli
762 2498 846 2529 enim
878 2498 1024 2538 periculis
1049 2507 1140 2531 suum

102 2544 353 2583 corpusjuvenis
370 2547 497 2587 OhJecit,
511 2558 606 2588 quem
627 2550 775 2581 idoneum
789 2551 876 2591 pacis
888 2551 1003 2582 vadem
1019 2559 1139 2591 censeS,

102 2596 134 2625 et
148 2596 184 2626 tu
210 2604 294 2627 nunc
317 2605 402 2636 eum,
421 2607 440 2629 o
459 2601 642 2640 Imperator,
670 2603 824 2642 tanquam
848 2602 953 2641 vivat,
983 2603 1138 2643 exposcis.

102 2647 168 2685 Ego
187 2655 263 2678 vero
282 2647 376 2679 miser
398 2658 483 2680 nunc
500 2651 635 2691 primum
659 2653 826 2685 lamentari
843 2653 976 2694 incipio,
994 2654 1139 2694 quando·

101 2697 230 2736 quidem
250 2699 373 2738 qualem
385 2709 446 2731 non
464 2702 613 2743 habeam,
627 2712 712 2735 nunc
725 2704 854 2736 demum
865 2705 1013 2745 intelligo.
1025 2706 1140 2737 Filium

101 2748 186 2779 enim
204 2749 334 2782 unicum
348 2751 472 2791 lugens,
490 2754 521 2784 et
540 2762 649 2793 pacem
671 2764 873 2787 communem
900 2766 963 2788 una
985 2766 1058 2788 cum
1077 2757 1140 2789 tilio

101 2800 236 2840 perdidi.
253 2802 284 2834 Si
301 2811 387 2835 meas
402 2804 542 2837 miserias
563 2808 667 2839 tantas
683 2808 760 2848 esse',
778 2811 908 2849 quantae
933 2811 1019 2848 sunt,
1042 2810 1139 2841 credi-

102 2850 185 2882 deris
195 2875 204 2890 ,
218 2851 248 2882 id
263 2854 486 2886 consolationis
501 2855 628 2889 habebit
641 2858 742 2897 dolor,
757 2859 842 2899 quod
861 2868 918 2900 pro
929 2861 1073 2891 omniurn
1088 2869 1139 2892 sa-

102 2901 169 2932 lute
191 2902 274 2959 hunc
290 2912 397 2935 casum
414 2905 563 2937 subierim
583 2920 589 2937 :
617 2909 664 2940 sin
687 2909 780 2941 fidem
803 2910 979 2950 abrogaris,
1003 2913 1034 2942 et
1051 2912 1140 2951 pater

102 2953 211 2984 infelix
235 2955 267 2985 et
282 2963 339 2986 rex
355 2957 540 2996 conspiciar.
584 2961 663 2991 Nam
682 2969 745 2991 non
758 2962 861 2992 solum
878 2963 946 2994 aliis
969 2971 1039 2994 mea
1056 2964 1139 2994 mala

102 3005 407 3038 commiserationem
432 3017 495 3039 non
524 3011 714 3048 movebunt,
738 3021 811 3051 quae
838 3014 984 3045 omnibus
1005 3014 1139 3046 debetur

101 3056 256 3096 eiusmodi
282 3057 446 3090 doloribus
461 3060 603 3096 afflictis:
631 3062 686 3093 sed
713 3064 865 3096 accedent
888 3067 984 3097 etiam
1002 3067 1138 3106 publicae

101 3108 315 3147 calamitates;
332 3118 435 3150 neque
453 3114 574 3143 ceteros
595 3122 613 3143 a
631 3114 763 3145 miseriis
779 3115 958 3155 defendam,
975 3118 1028 3149 sed
1047 3127 1137 3150 com-

101 3161 271 3192 municabo
283 3170 370 3193 meas
386 3171 459 3194 cum
474 3165 595 3203 multis,
609 3165 640 3196 in
654 3166 714 3197 hoc
732 3169 858 3199 tantum
874 3170 957 3208 regia
982 3172 1138 3209 potestate

102 3210 221 3250 fruens,
232 3212 317 3252 quod
335 3213 412 3244 mibi
431 3215 488 3245 soli
508 3224 569 3246 non
588 3216 658 3247 licet
678 3217 834 3250 infelicem
848 3228 925 3251 esse.
947 3234 962 3247 υ
986 3223 1062 3252 Haec
1085 3222 1138 3253 ubi

104 3263 273 3303 imperator
288 3264 423 3303 audivit,
443 3266 526 3306 apud
543 3267 683 3298 animum
700 3277 794 3300 suum
808 3278 933 3302 summo
945 3280 1078 3303 moerore
1090 3274 1138 3305 est

101 3314 234 3346 enectus
246 3337 255 3352 ‚
281 3317 436 3348 eteorum
446 3341 455 3356 ,
469 3327 543 3358 quae
556 3318 641 3351 dicta
653 3323 760 3360 erant,
773 3323 1046 3356 commiseratione
1059 3334 1136 3365 pun<

100 3366 183 3407 ctus,
198 3368 305 3400 tenere
322 3369 531 3402 illacrimavit.
578 3373 615 3403 Et
629 3373 896 3412 quemadmodum
911 3376 942 3407 in
954 3378 1135 3417 comoediis,

1162 3413 1170 3418 ἱ
1200 3378 1407 3418 persequitur.

1208 248 1254 289 εἷς
1271 245 1376 296 μέσον
1393 244 1552 290 ἕλκεται,
1573 242 1690 280 πάντα
1709 242 1952 294 συμπεραίνων
1975 243 2034 280 καὶ
2053 244 2244 296 καταστρέ-

1211 320 1284 356 φων
1306 303 1363 340 ἐπὶ
1383 303 1421 340 τὸ
1442 300 1653 353 σαφέστερον
1683 300 1742 338 καὶ
1762 299 1930 352 εὔκριτον,
1954 300 2045 338 οὕτω
2063 302 2123 340 καὶ
2145 302 2247 347 αὐτὸς

1210 362 1268 399 ἐπὶ
1281 361 1489 413 πράγμασιν
1504 358 1699 411 ἀμηχάνοις
1712 358 1772 397 καὶ
1784 358 1973 404 δυσεξόδοις
1982 389 1992 406 ,
2007 360 2081 410 μετ’
2094 362 2248 412 οἷμωγῆς

1210 420 1374 458 ἁπάντων
1391 417 1454 464 τὴν
1476 417 1538 467 μὲν
1566 416 1704 468 εἰρήνην
1722 416 1923 464 αἰτούντων,
1937 416 1996 455 τὸν
2013 417 2049 456 δὲ
2064 419 2248 467 ἐπιζητού-

1211 491 1311 526 μενον
1330 475 1459 526 ὅμηρον
1488 475 1774 526 ἀπαγορευόντων
1795 474 1845 524 μὴ
1866 474 1971 527 ἔχειν,
1995 474 2053 514 τόν
2072 491 2110 514 τε
2133 476 2248 514 νεανί-

1210 549 1291 572 σκον
1311 531 1527 586 παραγαγὼν
1547 531 1678 571 ἅπασιν
1698 531 1803 577 ἔδειξε
1826 534 2014 584 βασιλικῶς
2038 533 2123 586 παρ’
2141 535 2248 573 αὐτοῦ

1209 591 1451 641 διαιτώμενον,
1474 591 1534 629 καὶ
1552 592 1781 643 διαλεχθῆναι
1796 593 1846 643 τῷ
1868 591 1977 644 πατρὶ
1995 592 2163 636 κελεύσας
2181 591 2247 632 ὅσα

1209 650 1390 696 ἐδούλετο,
1417 649 1640 701 περιεσκόπει
1661 649 1701 687 τὸ
1725 649 2029 702 πραχθησόμενον.
2053 649 2108 688 Τὰ
2129 650 2166 690 δὲ
2188 651 2246 690 ἐπὶ

1209 708 1341 752 τούτοις
1358 703 1399 755 ἦν
1417 708 1496 753 ἄξια
1515 707 1659 747 τούτων.
1685 709 1763 747 Οὐκ
1792 707 1906 746 ἔτεκεν
1935 710 1953 746 6
1970 708 2066 755 ἥλιος
2084 709 2246 756 τοιαύτην

1207 766 1356 819 ἡμέραν,
1377 765 1451 805 οἵαν
1471 766 1549 804 τότε
1574 766 1650 812 ἐξῆν
1679 771 1749 810 τοῖς
1769 770 1939 819 παροῦσιν
1968 769 2052 820 δρᾶν
2067 768 2128 806 καὶ
2148 769 2248 808 ἱστο-

1207 827 1289 877 ρεῖν,
1311 826 1356 863 Οἱ
1375 823 1437 875 μὲν
1457 822 1524 876 γὰρ
1539 823 1608 862 ἀπὸ
1622 821 1766 876 θορύὸου
1780 823 1840 862 καὶ
1856 823 1990 877 θρήνων
2008 825 2171 873 ἐκπλήξει
2184 826 2247 865 καὶ

1209 882 1336 933 θάμὸει
1365 881 1580 925 συνδεθέντες
1607 882 1640 924 ἐς
1659 881 1698 919 τὸ
1726 882 1887 929 ἀκίνητον
1907 882 2104 934 ἐπάγησαν,
2127 882 2246 936 ὥσπερ

1209 941 1397 980 Ἰουλιανοῧ
1417 939 1587 984 δείξαντος
1606 941 1721 984 αὐτοῖς
1740 941 1778 978 οὗ
1804 941 1860 979 τὸν
1883 940 2075 992 νεανίσκον,
2096 943 2172 981 ἀλλ’
2197 942 2248 981 εἴ·

1207 1000 1327 1037 δωλον.
1347 998 1394 1038 ‘0
1411 997 1447 1036 δὲ
1471 996 1651 1050 βασιλεὺς,
1671 997 1746 1036 ἐπεὶ
1759 998 1889 1050 ἡσυχία
1910 1000 2107 1052 μυστηρίων
2134 1000 2246 1039 ἁπάν-

1207 1073 1276 1095 των
1291 1056 1426 1108 ἐγένετο
1442 1055 1696 1108 σταθερωτέρα,
1713 1056 1801 1108 βαρὺ
1816 1056 2048 1109 φθεγξάμενος
2064 1059 2110 1101 εἷς
2122 1057 2244 1109 μέσον,

1206 1134 1222 1150 α
1242 1118 1390 1165 Τοῦτον,
1409 1110 1516 1163 εἶπεν,
1537 1117 1555 1152 6
1576 1115 1638 1165 μὲν
1662 1115 1842 1168 ὑμέτερος,
1859 1117 1905 1159 ὣς
1920 1118 2018 1171 ὑμεῖς
2039 1117 2247 1167 ὑπολαμὸά·

1206 1190 1297 1222 νετε,
1324 1174 1476 1224 πόλεμος
1498 1174 1720 1222 ἀπολώλεκε,
1753 1173 1827 1216 θεὸς
1854 1173 1890 1211 δὲ
1910 1173 1994 1217 ἴσως
2019 1174 2079 1212 καὶ
2098 1174 2138 1213 τὸ
2155 1174 2246 1215 Ῥω-

1207 1233 1319 1284 μαίων
1341 1232 1473 1271 σέσωκε
1503 1231 1759 1284 φιλάνθρωπον.
1779 1229 1878 1275 (Έξω
1903 1230 1940 1269 δὲ
1968 1232 2072 1270 αὐτὸν
2099 1231 2245 1285 ὅμηρον,

1206 1293 1244 1329 οὐ
1264 1291 1352 1343 παρ’
1368 1293 1463 1340 ὑμῶν
1481 1290 1561 1328 καθ’
1579 1289 1780 1341 ὁμολογίαν,
1796 1289 1887 1328 ἀλλὰ
1901 1289 1999 1342 παρὰ
2015 1294 2074 1329 τοῦ
2090 1291 2247 1342 πολέμου

1205 1349 1323 1388 λαὸὼν
1341 1349 1401 1388 καὶ
1421 1351 1471 1400 τῷ
1486 1349 1628 1401 κρατεῖν
1649 1347 1875 1400 ἀρκούμενος.
1899 1348 1972 1388 Καὶ
1995 1342 2091 1393 οὑτος
2111 1349 2173 1399 μὲν
2193 1351 2247 1387 οὐ·

1207 1407 1298 1451 δενὸς
1330 1406 1500 1459 ἀτυχήσει
1519 1410 1587 1444 τῶν
1620 1406 1817 1444 καλλίστων
1842 1406 1918 1456 ἐμοὶ
1943 1406 2060 1451 ξυνών·
2083 1409 2182 1458 ὑμεῖς
2211 1407 2247 1446 δὲ

1205 1466 1412 1519 πειρώμενοι
1444 1465 1674 1518 παραδαίνειν
1711 1464 1774 1508 τὰς
1812 1464 1983 1511 συνθήκας
2014 1465 2245 1511 ἀποτεύξεσθε

1205 1525 1359 1563 πάντων.
1383 1524 1487 1574 Φημὶ
1523 1523 1558 1562 δὲ
1579 1525 1644 1575 οὐχ
1663 1522 1716 1561 ὅτι
1743 1522 1940 1573 κολάσομαι
1962 1523 2020 1562 τὸν
2040 1525 2185 1577 ὅμηρον,
2205 1524 2243 1563 ὃν

1206 1583 1283 1621 οὔτε
1317 1583 1476 1635 ἐνέχυρον
1506 1585 1591 1634 παρ’
1619 1584 1713 1632 ὑμῶν
1743 1581 1868 1634 εἴληφα
1902 1585 1965 1628 τῆς
1993 1582 2147 1634 εἰρήνης,
2167 1584 2246 1621 ἀλλ’

1207 1641 1363 1693 ἀνδρείας
1385 1639 1556 1684 ἀπόδειξιν
1576 1642 1652 1678 καθ’
1673 1642 1770 1689 ὑμῶν
1785 1639 1874 1691 ἔχω·
1892 1639 1982 1678 ὃκαὶ
2001 1641 2114 1684 ἄλλως
2128 1641 2244 1680 ἄνισον

1205 1699 1264 1738 καὶ
1281 1697 1435 1749 θεομισὲς
1449 1728 1459 1747 ,
1478 1697 1556 1741 τοὺς
1571 1697 1667 1736 οὐδὲν
1682 1699 1884 1741 ἀδικοῦντας
1900 1697 1986 1751 ὑπὲρ
2002 1701 2070 1737 τῶν
2088 1699 2247 1738 ἀδικούν-

1205 1773 1272 1796 των
1305 1758 1441 1795 δάκνειν
1473 1756 1533 1794 καὶ
1565 1756 1788 1805 σπαράττειν,
1821 1755 1941 1809 ὥσπερ
1971 1758 2015 1794 τὰ
2047 1757 2149 1809 θηρία
2170 1757 2248 1802 τοὺς

1206 1818 1449 1862 ἀπαντῶντας,
1466 1814 1547 1852 ὅταν
1565 1815 1621 1867 ὑφ’
1638 1814 1764 1866 ἑτέρων
1780 1814 1964 1862 διώκηται·
1983 1816 2059 1853 ἀλλ’
2074 1815 2127 1854 ὅτι
2143 1819 2244 1870 πρῶ-

1207 1927 1334 1968 quando
1351 1936 1400 1959 res
1422 1927 1575 1958 involutae
1589 1928 1621 1958 et
1636 1927 1797 1967 perplexae
1812 1926 1851 1958 ad
1871 1927 2020 1967 ambigua
2035 1929 2069 1960 et
2085 1928 2246 1969 explicatu

1199 1980 1342 2012 difficilia
1360 1981 1513 2020 vergunt,
1530 1979 1608 2012 deus
1618 1980 1673 2020 qui
1688 1982 1819 2010 vocatur
1833 1988 1874 2010 ex
1887 1979 2034 2011 machina
2053 1980 2086 2012 in
2102 1980 2246 2013 medium

1199 2032 1349 2072 trahitur,
1361 2032 1412 2072 qui
1427 2031 1534 2063 omnia
1547 2031 1710 2071 componit
1729 2033 1761 2063 et
1774 2031 1876 2063 tristia
1887 2031 1970 2063 laetis
1981 2033 2086 2064 mutat
2101 2045 2109 2064 ε
2124 2033 2168 2064 ita
2185 2034 2203 2064 J
2207 2042 2246 2064 u·

1200 2083 1318 2122 lianus,
1335 2083 1390 2114 ubi
1421 2092 1470 2115 res
1500 2083 1532 2114 in
1555 2091 1668 2123 magna
1690 2082 1878 2114 difficultate
1897 2083 2131 2123 versabantur,
2143 2093 2245 2124 quum

1199 2144 1309 2167 omnes
1319 2144 1394 2167 eum
1405 2135 1479 2168 tletu
1491 2144 1600 2176 pacem
1611 2136 1766 2175 peterent,
1777 2143 1879 2175 neque
1889 2135 2044 2176 obsidem,
2054 2145 2150 2176 quem
2163 2138 2245 2177 pete-

1200 2189 1269 2225 ret,
1285 2196 1318 2219 se
1333 2187 1450 2219 habere
1467 2188 1671 2226 testarentur,
1693 2186 1725 2218 in
1739 2186 1880 2218 medium
1900 2186 2134 2219 adolescentem
2147 2187 2245 2219 addu-

1200 2241 1288 2270 ctum
1299 2239 1442 2270 omnium
1454 2238 1636 2280 conspectui
1647 2239 1743 2278 atque
1753 2237 1854 2269 oculis
1864 2238 2008 2278 subJecit,
2021 2239 2104 2279 regie
2113 2238 2196 2278 apud
2211 2247 2245 2271 se

1201 2292 1356 2324 habitum.
1375 2294 1548 2332 Quumque
1572 2300 1646 2323 eum
1664 2290 1816 2322 disserere
1831 2298 1906 2321 eum
1922 2291 2012 2330 patre
2027 2299 2102 2330 quae
2117 2290 2243 2324 volebat

1197 2344 1357 2384 jussisset,
1374 2344 1414 2375 ad
1427 2352 1464 2375 ea
1473 2367 1482 2383 ‚
1500 2352 1572 2384 quae
1582 2343 1731 2383 deinceps
1742 2341 1863 2382 agenda
1878 2342 1986 2380 erant,
2001 2341 2149 2374 advertit.
2163 2345 2243 2381 Qum

1199 2397 1274 2427 sunt
1287 2396 1456 2427 consecuta
1466 2419 1476 2435 ,
1490 2395 1539 2426 his
1549 2395 1761 2426 consentanea
1777 2393 1917 2425 suerunt.
1961 2394 2032 2425 Non
2045 2393 2177 2433 protulit
2195 2394 2243 2426 sol

1200 2446 1284 2478 diem
1300 2447 1403 2487 qualis
1415 2446 1468 2478 illa
1489 2446 1568 2486 fuit,
1586 2454 1683 2486 quam
1697 2446 1775 2476 tunc
1795 2444 1902 2476 videre
1918 2445 1950 2476 et
1963 2444 2080 2476 intueri
2104 2444 2171 2484 his,
2187 2445 2243 2485 qui

1200 2499 1348 2538 aderant,
1358 2498 1458 2530 licuit.
1475 2498 1605 2530 Barbari
1619 2497 1716 2537 enim,
1725 2504 1743 2527 a
1755 2505 1893 2528 moerore
1906 2497 1939 2527 et
1951 2496 2099 2528 lamentis
2111 2500 2242 2537 stupore

1201 2553 1232 2582 et
1242 2550 1450 2582 admiratione
1461 2550 1608 2590 correpti,
1621 2549 1799 2580 immobiles
1806 2549 1838 2580 et
1847 2548 1902 2579 fixi
1917 2549 2074 2579 steterunt
2086 2549 2240 2588 tanquam

1200 2603 1346 2635 Julianus
1359 2601 1419 2633 illis
1434 2601 1628 2633 exhibuisset
1641 2609 1705 2632 non
1716 2600 1962 2639 adolescentem,
1977 2599 2031 2631 sed
2045 2599 2156 2631 salsam
2165 2599 2241 2632 ima·

1200 2655 1304 2694 ginem
1332 2653 1551 2685 adolescentis.
1598 2654 1638 2684 At
1663 2652 1848 2692 imperator,
1866 2651 1921 2683 ubi
1939 2651 2101 2682 silentium
2132 2651 2239 2691 altius,

1200 2715 1296 2746 quam
1314 2706 1346 2737 in
1359 2705 1514 2745 mysteriis
1527 2704 1655 2735 solitum
1666 2728 1675 2743 ‚
1694 2703 1812 2735 factum
1833 2704 1918 2742 erat,
1936 2702 2075 2742 graviter
2091 2702 2123 2734 in
2137 2702 2241 2735 medio

1200 2759 1346 2798 loquens,
1368 2770 1383 2785 «
1397 2758 1490 2788 Hunc
1497 2756 1639 2796 quidem,
1650 2756 1767 2795 inquit,
1777 2756 1812 2786 ut
1823 2763 1879 2785 vos
1889 2754 2087 2794 existimatis,
2096 2756 2240 2787 vestrum

1200 2810 1318 2841 bellum
1340 2808 1520 2849 perdiderat
1546 2818 1556 2840 ι
1572 2807 1627 2838 sed
1639 2806 1717 2838 deus
1730 2806 1862 2837 sortasse
1874 2807 1906 2837 et
1920 2807 2136 2836 Romanorum
2150 2805 2239 2838 beni-

1199 2862 1300 2902 gnitas
1314 2861 1461 2894 restituit.
1508 2860 1639 2892 Habebo
1651 2868 1710 2899 ego
1723 2858 1826 2899 ipsum
1840 2857 1983 2890 obsidem
1993 2881 2002 2896 ,
2012 2867 2116 2898 neque
2131 2867 2206 2890 eum
2220 2867 2239 2890 a

1199 2914 1289 2946 vobis
1301 2922 1342 2945 ex
1357 2912 1586 2952 conventione,
1599 2911 1655 2943 sed
1673 2919 1692 2942 a
1706 2911 1788 2942 bello
1806 2909 1893 2950 ipso,
1911 2910 2082 2940 contentus
2106 2910 2237 2950 vicisse3

1198 2967 1231 2997 et
1246 2965 1336 2996 illum
1355 2964 1486 3005 quidem
1507 2963 1702 3004 amplissima
1726 2970 1864 3002 quaeque
1891 2969 1955 2992 non
1976 2960 2142 3000 deficient,
2158 2961 2237 2993 dum

1198 3025 1268 3048 mea
1281 3015 1508 3048 consuetudine
1519 3015 1653 3047 fruetur.
1674 3013 1794 3051 Quodsi
1804 3012 1996 3044 conabimini
2012 3020 2032 3044 a
2048 3012 2165 3045 toedere
2176 3013 2237 3045 dis·

1198 3068 1321 3107 cedere,
1338 3067 1481 3099 omnium
1503 3066 1661 3106 jacturam
1686 3065 1817 3096 facietis.
1860 3066 1929 3095 Hoc
1958 3062 2030 3095 dico
2057 3072 2122 3095 non
2148 3064 2235 3104 quod

1197 3120 1325 3152 saeviam
1343 3119 1375 3150 in
1393 3118 1548 3157 obsidem,
1565 3125 1662 3158 quem
1678 3115 1763 3156 apud
1789 3123 1840 3147 me
1861 3114 1975 3153 habeo,
1993 3123 2056 3146 non
2081 3115 2235 3155 tanquam

1198 3172 1310 3212 pignus
1323 3171 1421 3212 pacis,
1437 3170 1492 3202 sed
1514 3178 1595 3202 meae
1607 3177 1680 3208 erga
1704 3175 1761 3199 vos
1773 3167 1900 3199 virtutis
1915 3166 2154 3199 documentum.
2181 3169 2236 3199 Est

1197 3224 1281 3254 enim
1296 3223 1428 3263 impium
1442 3223 1474 3254 et
1487 3221 1616 3253 minime
1630 3220 1690 3252 deo
1702 3220 1825 3260 gratum
1834 3242 1844 3256 ‚
1856 3227 1921 3258 eos,
1936 3219 1990 3258 qui
2003 3218 2082 3250 nihil
2097 3226 2234 3250 comme·

1198 3275 1342 3314 ruerunt,
1354 3283 1410 3314 pro
1428 3274 1475 3306 his
1485 3273 1538 3313 qui
1549 3272 1769 3312 deliquerunt,
1784 3279 1892 3301 morsu
1902 3270 2049 3309 appetere
2059 3270 2091 3300 et
2103 3269 2232 3308 laniare,

1199 3327 1234 3357 ut
1249 3326 1321 3357 serae
1340 3325 1447 3357 hestiae
1467 3323 1619 3364 quicquid
1632 3322 1769 3353 occurrit
1782 3322 1814 3353 et
1823 3321 1954 3352 obvium
1975 3322 2041 3359 est,
2057 3320 2083 3352 si
2095 3320 2167 3360 quis
2179 3329 2233 3351 eos

1452 3376 1510 3410 Sed
1534 3376 1672 3416 primum
1686 3375 1761 3415 quia
1776 3382 1794 3405 a
1811 3373 1900 3406 vobis
1910 3372 2034 3405 initium
2046 3372 2170 3412 injuriae
2183 3373 2231 3404 sa-
