2372 3704
938 263 944 268 ’
1009 257 1340 314 FRAGMENTA.

470 380 745 420 ΑΡΚΑΔΙΚΑ.

595 498 630 525 1.

364 586 401 634 ‚E
429 585 582 622 LIBRO
608 556 852 624 sECUNDO.

139 681 362 719 Plutarchus
389 682 529 720 Parall.
563 682 655 718 min.
683 695 716 719 c.
750 682 808 720 16.
832 694 841 718 ε
863 679 1058 732 Τεγεάταις
1078 680 1138 719 καὶ

87 739 293 783 Φανεάταις
310 738 453 791 χρονίου
482 738 638 789 πολέμου
668 738 881 791 γενομένου,
901 738 994 783 ἔδοξε
1019 738 1137 792 τριδύ-

86 814 170 850 μους
202 798 369 851 ἀδελφούς
399 797 539 851 πέμψαι
566 797 645 843 τους
663 797 937 873 μαχησομένους
964 799 1047 851 περὶ
1075 801 1138 846 τῆς

88 857 200 906 νίκης.
221 856 349 909 [Καὶ]
364 858 541 907 Τεγεᾶται
563 857 626 908 μὲν
644 850 703 896 ουν
719 873 814 901 τους
815 856 1036 909 Ῥηξιμάχου
1050 864 1135 896 παῖ-

86 917 166 964 δας,
195 916 381 955 Φανεᾶται
411 915 447 954 δὲ
478 915 556 960 τους
582 916 839 969 Δημοστράτου
859 916 1134 969 προύὅάλλοντο,

87 974 359 1025 Συμὸληθείσης
383 973 419 1012 δὲ
439 977 500 1022 τῆς
527 974 667 1027 μάχης,
684 974 919 1024 ἐφονεύθησαν
932 977 1000 1013 τῶν
1018 975 1139 1023 Ρηξι-

87 1034 205 1087 μάχου
220 1033 297 1073 δύο·
316 1037 335 1073 ὁ
361 1033 398 1072 δὲ
424 1034 554 1087 τρίτος,
570 1033 724 1087 τοῦνομα
749 1035 959 1087 Κριτόλαος,
983 1050 1141 1089 στρατη-

86 1092 222 1144 γήματι
247 1093 466 1146 περιεγένετο
495 1095 564 1131 τῶν
594 1092 655 1132 δύο
688 1094 741 1145 (l.
772 1096 841 1132 τῶν
873 1094 1074 1132 ἀντιπάλων
1094 1108 1141 1133 ex

88 1153 241 1190 Stobaeo
255 1152 267 1203 )
282 1167 290 1175 ·
310 1150 638 1205 προσποιητὴνγὰρ
655 1151 767 1207 φυγὴν
785 1153 1027 1206 σκηψάμενος,
1048 1153 1140 1192 κατὰ

89 1210 150 1249 ἕνα
169 1213 240 1249 τῶν
257 1209 451 1250 διωκόντων
472 1212 600 1252 ἀνεῖλε.
621 1212 694 1250 Καὶ
713 1211 889 1263 ἐλθόντος,
910 1214 940 1251 οἱ
962 1213 1024 1263 μὲν
1041 1212 1141 1251 ἄλλοι

91 1269 350 1343 συνεχάρησαν,
371 1270 460 1320 μόνη
478 1271 508 1308 δ’
524 1272 585 1309 οὐκ
604 1271 716 1324 ἐχάρη
737 1274 759 1318 ἡ
778 1270 910 1324 ἀδελφὴ
935 1271 1119 1322 Δημοδίκη
1131 1287 1141 1296 ·

89 1330 298 1382 πεφονεύκει
312 1327 381 1382 γὰρ
409 1331 515 1376 αὐτῆς
538 1329 597 1368 τὸν
611 1331 899 1382 κατηγγυημένον
918 1329 1048 1383 ἄνδρα,
1063 1334 1141 1378 Δη-

92 1387 251 1438 μόδικον.
269 1387 568 1435 Ἀναξιοπαθήσας
577 1388 613 1427 δὲ
625 1390 643 1426 ὁ
658 1387 851 1440 Κριτόλαος
868 1390 1002 1426 ἀνεῖλεν
1017 1389 1140 1435 αὐτήν.

89 1445 210 1486 Φόνου
226 1447 256 1484 δ’
274 1445 444 1498 ἀγόμενος
463 1446 530 1485 ὑπὸ
551 1462 624 1494 της
634 1447 784 1499 μητρὸς,
808 1441 988 1499 ἀπελύθη
990 1449 1060 1485 τῶν
1083 1447 1143 1498 ἐγ·-

89 1504 299 1556 κλημάτων·
330 1507 377 1549 ὡς
405 1505 619 1558 Δημάρατος
651 1508 686 1544 ἐν
719 1505 869 1558 δευτέρῳ
907 1505 1138 1570 Ἀρκαδικῶν.

88 1563 229 1602 Eadem
242 1572 373 1602 narrat
385 1566 557 1603 Stobaeus
574 1566 712 1605 Floril.
727 1567 924 1616 XXXIX,
942 1566 1005 1606 32.

474 1679 754 1722 ΦΡΥΓΙΑΚΑ.

380 1789 412 1828 E
438 1786 589 1829 LIBRO
624 1793 845 1840 QUARTO.

598 1903 634 1929 2.

143 1978 336 2014 Plutarch.
371 1978 430 2014 De
449 1975 543 2016 fluv.
574 1990 609 2017 c.
626 1990 664 2026 9,
683 1981 703 2020 4
725 1990 734 2016 :
759 1975 994 2050 Παράκειται,
998 1979 1028 2016 δ’
1049 1980 1144 2031 αὐτῷ

94 2037 105 2086 (
119 2034 314 2087 Μαιάνδρῳ
328 2033 379 2081 )
359 2050 437 2086 ορος
450 2033 621 2085 Σίπυλον,
639 2034 704 2081 τὴν
721 2035 958 2088 προσηγορίαν
975 2035 1056 2088 ἔχον
1073 2036 1144 2074 ἀπὸ

91 2093 250 2144 Σιπύλου
276 2097 336 2132 τοῦ
367 2092 550 2146 Ἀγήνορος
568 2093 629 2132 καὶ
648 2093 852 2142 Διωξίππης
871 2095 1006 2139 παιδός.
1033 2098 1145 2139 Οὗτος

92 2151 160 2205 γὰρ
179 2151 466 2204 μητροκτονήσας
492 2153 571 2190 κατ’
596 2151 751 2204 ἄγνοιαν,
782 2153 841 2190 καὶ
873 2155 942 2193 ὑπ’.
952 2152 1143 2206 Ἐριννύων

92 2210 397 2263 οἷστρηλατηθεὶς,
428 2212 476 2255 εἰς
507 2210 547 2249 τὸ
576 2211 804 2264 Κεραύνιον’
784 2227 862 2264 ορος
881 2208 985 2260 ἠλθε,
1007 2211 1068 2250 καὶ
1085 2211 1142 2250 διὰ

480 2346 752 2385 ARCADICA.

603 2434 634 2466 1.

134 2505 245 2541 Quum
266 2501 456 2534 diuturnum
485 2503 595 2536 fuisset
622 2504 722 2536 inter
733 2507 886 2545 Tegeatas
907 2514 946 2537 ac
971 2507 1147 2539 Pheneatas

93 2554 234 2592 bellum,
260 2554 382 2594 placuit
400 2555 553 2596 utrinque
569 2556 654 2588 mitti
680 2556 793 2588 fratres
809 2558 1021 2598 tergeminos,
1038 2559 1094 2599 qui
1107 2559 1147 2591 de

93 2616 221 2639 summa
239 2607 283 2640 rei
301 2607 519 2641 decernerent.
550 2611 696 2650 Tegeatae
721 2611 951 2652 Rheximachi,
976 2612 1146 2644 Pheneatae

94 2661 288 2694 Demostrati
307 2661 388 2694 tilios
403 2661 600 2703 delegerunt.
617 2666 775 2696 conserta
791 2673 917 2706 pugna,
934 2664 999 2696 duo
1018 2665 1059 2696 de
1073 2665 1147 2704 filiis

94 2713 303 2745 Rheximachi
316 2713 512 2746 ceciderunt.
532 2715 658 2747 Tertius
670 2716 833 2748 Critolaus
843 2716 1016 2748 calliditate
1032 2716 1145 2749 adver-

94 2764 194 2796 sarios
205 2764 282 2797 vicit
297 2777 304 2797 :
316 2765 465 2798 simulata
475 2766 560 2798 enim
572 2767 645 2807 suga
655 2776 722 2807 eos,
735 2767 813 2799 dum
821 2768 960 2800 invicem
970 2768 1084 2800 divulsi
1096 2769 1146 2800 in·

94 2818 284 2857 sequuntur,
304 2817 475 2850 interfecit.
490 2818 647 2851 Redeunti
668 2829 771 2861 quum
786 2830 898 2852 omnes
909 2821 1147 2861 gratularentur

95 2868 208 2900 victori
217 2893 227 2910 ,
241 2869 308 2901 sola
319 2878 410 2902 soror
422 2870 492 2910 ejus
504 2871 677 2903 Demodice
692 2872 808 2912 gaudio
825 2872 978 2905 abstinuit
990 2873 1032 2904 ob
1045 2873 1145 2905 inter-

96 2921 216 2953 sectum
232 2931 270 2954 ea
281 2931 385 2964 pugna
398 2932 417 2955 a
432 2924 529 2956 fratre
541 2925 754 2957 Demodicum
767 2950 776 2966 ‚
797 2926 848 2957 cui
862 2926 1017 2967 desponsa
1031 2927 1144 2959 fuerat.

96 2973 190 3010 Quod
208 2973 335 3015 indigne
356 2975 460 3008 serens
478 2976 639 3010 Critolaus
657 2986 800 3010 sororem
817 2978 1008 3018 trucidavit;
1032 2979 1146 3011 caedis-

96 3034 159 3066 que
172 3028 351 3067 postulatus
362 3037 381 3059 a
397 3030 512 3069 matre,
526 3029 691 3063 absolutus
701 3032 749 3064 est
759 3056 768 3071 ‚
780 3033 818 3064 ut
833 3033 1027 3064 Demaratus
1036 3034 1146 3065 narrat

97 3077 323 3111 Arcadicorum
338 3081 493 3112 secundo.

459 3162 776 3202 PHRYGIACA.

603 3251 638 3283 2.

140 3313 302 3350 maeandro
317 3319 442 3360 adJacet
459 3330 552 3353 mons
572 3323 716 3363 Sipylus,
738 3332 757 3354 a
782 3323 908 3364 Sipylo,
936 3323 1086 3362 Agenoris
1116 3324 1148 3355 et

100 3367 264 3410 Dioxippoe
277 3370 343 3403 filio
354 3395 363 3411 ,
381 3371 498 3405 dictuS.
516 3373 577 3405 Hic
589 3374 675 3405 enim
691 3383 792 3414 quum
807 3375 944 3406 matrem
960 3374 1079 3406 invitus
1091 3383 1146 3406 oc-

100 3419 244 3461 cidisset,
254 3431 272 3454 a
282 3423 386 3456 Furiis
397 3425 576 3466 exagitatus
588 3426 621 3458 in
632 3426 827 3459 ceraunium
840 3427 984 3458 montem
997 3427 1103 3467 venit,
1116 3429 1148 3459 et

99 3481 167 3513 proe
181 3473 299 3509 doloris
308 3478 532 3519 exsuperantia
545 3479 660 3520 laqueo
668 3479 766 3511 vitam
778 3479 1036 3520 circumscripsit.
1055 3481 1147 3512 Mons

2169 285 2246 319 379

1200 360 1312 408 λύπης
1345 359 1540 413 ὑπερὸολὴν
1579 359 1698 413 βρόχω
1732 376 1788 399 τον
1827 362 1899 414 βίον
1935 364 2157 419 περιέγραψε.
2190 365 2246 406 Τὸ

1202 420 1232 457 δ’
1252 419 1329 473 ὅρος
1347 418 1439 458 κατὰ
1462 419 1629 472 πρόνοιαν
1655 422 1741 458 θεων
1762 420 1823 458 ἀπ’
1844 422 1951 460 αὐτου
1977 423 2173 462 Σίπυλον’
2153 440 2245 464 ωνο-

1203 478 1334 528 μάσθη.
1357 479 1529 518 Γεννᾶται
1548 479 1578 516 δ’
1609 480 1643 516 ἐν
1664 479 1760 532 αὖτω
1791 478 1901 552 λιθος,
1921 481 2111 534 παρόμοιος
2131 483 2248 522 κυλίν-

1202 537 1271 589 δρῳ
1284 566 1294 584 ,
1313 535 1349 575 ὃν
1366 538 1397 575 οἵ
1411 536 1566 580 εὖσεὸεῒς
1584 537 1652 575 υἱοι
1665 566 1675 584 ,
1692 536 1775 575 ὅταν
1803 536 1965 592 εὕρωσιν,
1994 541 2028 578 ἐν
2045 543 2095 592 τῷ
2111 557 2249 592 τεμενει

1200 599 1263 642 τῆς
1295 595 1439 650 Μητρὸς
1463 598 1533 634 τῶν
1559 598 1646 634 θεῶν
1676 596 1828 644 τιθέασι,
1860 597 1920 635 καὶ
1950 597 2115 637 οὐδέποτε
2146 600 2250 652 χάριν

1202 654 1364 699 ἀσεὸείας
1381 654 1658 707 ἁμαρτάνουσιν,
1678 654 1769 693 ἀλλὰ
1784 655 2016 709 φιλοπάτορες
2034 657 2251 710 ὑπάρχουσι,

1201 714 1260 752 καὶ
1288 713 1373 766 πρὸς
1406 713 1486 758 τοὺς
1514 713 1754 767 προσήκοντας
1784 718 2028 764 συμπαθοῦσι,
2059 718 2105 760 ὡς
2123 719 2254 769 ἱστορεῖ

1205 772 1461 825 Αγαθαρχίδης
1477 774 1495 810 ὁ
1511 773 1650 824 Σάμιος
1666 775 1702 811 ἐν
1717 772 1747 810 δ’
1769 774 1858 826 Περὶ
1872 771 1991 814 λίθων.
2010 774 2199 825 Μέμνηται
2217 776 2253 815 δὲ

1200 830 1331 870 τούτων
1346 829 1592 885 ἀκριὸέστερον
1601 830 1814 883 Δημάρατος
1826 833 1859 869 ἐν
1869 831 1898 869 δ’
1915 833 1929 884 [
1947 833 2057 885 Περὶ]
2075 834 2249 886 Φρυγίας.

1516 937 1638 976 ΠΕΡΙ
1668 937 1943 977 ΠΟΤΑΜΩΝ.

1507 1032 1537 1067 E
1565 1031 1718 1067 LIBRO
1747 1032 1944 1069 TERTIO.

1710 1116 1731 1153 3
1739 1145 1748 1154 .

1255 1198 1364 1234 Idem
1377 1197 1432 1235 ib.
1451 1209 1485 1234 e.
1502 1209 1542 1245 9,
1561 1197 1605 1234 3:
1622 1195 1836 1235 Γεννᾶταιδ’
1855 1196 1889 1233 ἓν
1908 1195 2003 1248 αὐτῷ
2019 1197 2099 1246 (sc.
2118 1196 2255 1236 Μαιάν-

1206 1256 1277 1308 δρῳ
1295 1257 1305 1306 )
1328 1255 1440 1302 λίθος,
1461 1256 1543 1302 κατ’
1561 1253 1768 1307 ἀντίφρασιν
1789 1251 1947 1308 Σώφρων
1965 1252 2199 1305 καλούμενος,
2219 1254 2256 1293 ὃν

1208 1315 1268 1353 ἐὰν
1299 1314 1411 1366 βάλῃς
1430 1312 1520 1356 τινὸς
1541 1315 1588 1356 εἷς
1605 1313 1748 1362 κόλπον,
1776 1312 1938 1363 ἐμμανὴς
1959 1313 2092 1364 γίνεται
2116 1314 2176 1352 καὶ
2197 1329 2259 1367 φο-

1203 1372 1293 1411 νεύει
1307 1372 1384 1410 τινὰ
1402 1373 1470 1410 τῶν
1489 1373 1664 1423 συγγενῶν
1677 1386 1685 1395 ·
1705 1370 1951 1422 ἐξιλασάμενος
1972 1371 2086 1418 δὲτὴν
2107 1375 2258 1425 Μητέρα

1206 1433 1277 1469 τῶν
1310 1432 1412 1480 θεῶν,
1446 1430 1694 1468 ἀπαλάσσεται
1715 1433 1777 1468 τοῦ
1805 1431 1952 1474 πάθους·
1985 1429 2099 1474 καθὼς
2127 1433 2260 1484 ἱστορεῖ

1204 1489 1418 1541 Δημάρατος
1437 1490 1471 1527 ἐν
1494 1489 1527 1540 γ’
1546 1488 1635 1540 Περὶ
1654 1490 1838 1538 ποταμῶν.
1862 1489 2051 1541 Μέμνηται
2071 1489 2107 1528 δὲ
2125 1489 2256 1529 τούτων

1204 1548 1266 1587 καὶ
1279 1546 1468 1601 Ἀρχέλαος
1485 1548 1520 1585 ἐν
1536 1547 1569 1585 α’
1589 1547 1678 1599 Περὶ
1695 1547 1815 1586 λίθων.

1509 1648 1823 1704 ΤΡΑΓῼΔΟΥΜ
1830 1649 1944 1689 ΕΝΑ.

1364 1753 1393 1788 Ε
1421 1752 1574 1788 LIBRO
1603 1752 1760 1789 PRIMO
1789 1753 1884 1790 VEL
1912 1754 2108 1791 TERTIO.

1715 1845 1752 1883 ί..

1259 1921 1375 1959 Clem.
1398 1921 1502 1957 Alex.
1521 1920 1646 1958 Protr.
1667 1932 1702 1958 e.
1724 1920 1768 1966 3,
1786 1932 1828 1969 p.
1850 1932 1895 1956 12
1917 1921 2020 1969 Sylb.
2047 1933 2056 1956 :
2077 1918 2263 1971 Ἐρεχθεὺς

1210 1979 1246 2016 δὲ
1261 1981 1279 2016 ὃ
1298 1977 1451 2021 Ἀττικὸς
1470 1977 1530 2015 καὶ
1552 1977 1688 2029 Μάριος
1702 1980 1720 2015 ὁ
1737 1977 1918 2027 Ῥωμαῖος
1931 1977 1991 2021 τὰς
2009 1979 2121 2016 αὐτῶν
2137 1977 2260 2016 ἐθυσά·

1208 2053 1272 2083 την
1293 2036 1504 2088 θυγατέρας·
1525 2030 1571 2073 ῶν
1589 2039 1607 2074 ὁ
1624 2035 1687 2086 μὲν
1707 2039 1750 2087 τῇ
1768 2035 1978 2088 Φερεφάττῃ
1990 2067 2001 2087 ,
2021 2038 2068 2080 ὣς
2086 2036 2259 2088 Δημάρα·

1213 2111 1269 2139 τος
1290 2098 1324 2133 ἐν
1340 2096 1465 2148 πρώτῃ
1481 2094 1806 2147 Τραγῳδουμένων,
1822 2097 1840 2132 ὃ
1856 2093 1891 2132 δὲ
1907 2097 1978 2138 τοῖς
1996 2094 2261 2147 ἀποτροπαίοις,

1209 2157 1226 2192 ὃ
1244 2153 1401 2206 Μάριος,
1421 2156 1466 2196 ὡς
1480 2153 1655 2205 Δωρόθεος
1674 2154 1709 2191 ἐν
1730 2155 1773 2204 τῇ
1790 2153 1940 2205 τετάρτῃ
1959 2153 2142 2192 Ἰταλικῶν
2162 2155 2262 2192 ἱστο-

1209 2213 1272 2265 ρεῖ.
1295 2214 1351 2253 Cf.
1374 2214 1511 2252 Euseb.
1534 2215 1573 2252 P.
1592 2211 1636 2251 E.
1655 2215 1721 2260 IV,
1745 2214 1807 2263 16,
1826 2226 1868 2262 p.
1897 2213 1985 2260 157.

1208 2325 1335 2363 autern,
1351 2323 1411 2355 diis
1431 2325 1475 2355 ita
1494 2323 1697 2364 volentibus,
1715 2324 1756 2356 ab
1769 2333 1808 2356 eo
1830 2324 1959 2364 Sipylus
1971 2325 2105 2356 vocatus
2121 2325 2178 2356 est.
2201 2325 2261 2356 Ge-

1207 2379 1340 2409 neratur
1355 2377 1388 2409 in
1406 2386 1444 2409 eo
1460 2377 1557 2418 lapis,
1574 2386 1672 2418 quem
1698 2378 1753 2409 ubi
1770 2378 1812 2418 pii
1832 2378 1889 2409 filii
1906 2378 2057 2410 invenere
2069 2401 2078 2416 ‚
2094 2378 2125 2409 in
2141 2378 2262 2417 templo

1209 2430 1318 2461 Matris
1330 2429 1464 2461 deorum
1479 2429 1582 2470 ipsum
1594 2431 1764 2470 reponunt,
1777 2439 1836 2462 nec
1846 2438 1990 2470 unquam
2002 2430 2100 2470 impie
2115 2432 2260 2470 peccant,

1207 2482 1262 2514 sed
1279 2484 1426 2523 parentes
1439 2482 1576 2523 diligunt
1588 2484 1621 2514 et
1636 2482 1668 2514 in
1690 2484 1842 2522 cognatos
1864 2491 1939 2514 suos
1955 2482 2035 2514 bene
2047 2482 2153 2514 affecti
2167 2483 2242 2515 sunt
2252 2505 2261 2521 ,

1208 2536 1244 2566 ut
1257 2535 1368 2566 scribit
1389 2534 1639 2575 Agatharchides
1661 2534 1788 2567 Samius
1801 2536 1917 2576 quarto
1939 2535 1984 2566 De
2001 2534 2171 2574 lapidibus.
2192 2536 2260 2566 Me-

1207 2586 1301 2618 minit
1334 2587 1451 2618 horum
1485 2587 1583 2619 etiam
1619 2586 1803 2618 accuratius
1842 2587 2038 2619 Demaratus
2066 2587 2181 2626 quarto
2215 2588 2263 2618 De

1209 2639 1353 2679 Phrygia.

1576 2712 1644 2751 DE
1673 2713 1893 2752 FLUVIIS.

1719 2804 1754 2836 3.

1251 2874 1399 2906 Nascitur
1424 2874 1456 2905 in
1486 2873 1648 2905 Maeandro
1681 2873 1778 2914 lapis,
1803 2882 1859 2914 per
1880 2873 2085 2914 antiphrasin
2115 2873 2262 2914 Sophron

1210 2926 1394 2967 (Sapiens)
1408 2917 1525 2963 dictus,
1538 2934 1634 2965 quem
1649 2925 1673 2956 si
1688 2925 1718 2956 in
1731 2925 1868 2964 aliquus
1883 2925 1988 2957 sinum
2002 2925 2160 2966 projicias,
2176 2925 2260 2956 insa-

1210 2980 1309 3010 nescit
1326 2978 1435 3010 statim
1446 3002 1454 3017 ,
1469 2981 1500 3008 et
1516 2987 1533 3009 e
1549 2978 1692 3018 cognatis
1709 2977 1869 3018 quendam
1883 2978 2019 3018 occidit;
2042 2979 2166 3019 placata
2186 2986 2262 3009 vero

1208 3030 1342 3062 deorum
1360 3032 1479 3068 Matre,
1503 3029 1656 3061 liberatur
1669 3030 1711 3061 ab
1724 3029 1784 3062 hac
1799 3030 1964 3070 passione,
1983 3031 2019 3062 ut
2035 3031 2132 3062 refert
2149 3031 2259 3061 Dema-

1209 3085 1296 3116 ratus
1312 3083 1406 3115 tertio
1417 3085 1463 3115 De
1476 3082 1591 3114 fluviis.

1522 3167 1937 3225 TRAGODUMENA.

1715 3256 1751 3289 4.

1251 3325 1448 3356 Erechtheus
1464 3324 1588 3356 Atticus
1604 3325 1636 3356 et
1655 3324 1776 3357 Marius
1796 3324 1960 3355 Romanus
1980 3322 2059 3354 filias
2074 3329 2148 3353 suas
2160 3320 2256 3353 sacri-

1208 3377 1365 3416 ficar-unt,
1398 3377 1449 3408 iile
1471 3376 1601 3417 quidem
1626 3376 1855 3416 Persephonae,
1881 3375 1918 3405 ut
1941 3374 2127 3406 Demaratus
2153 3372 2256 3412 primo

1208 3429 1476 3468 Tragodumenou
1492 3429 1553 3467 ait,
1573 3429 1624 3459 hic
1651 3437 1728 3459 vero
1744 3427 1804 3459 diis
1818 3424 2013 3466 avcrruucis²
2026 3426 2062 3456 ut
2077 3423 2257 3456 Dorotheus

1209 3481 1240 3512 in
1257 3482 1373 3521 quarto
1386 3480 1572 3513 Italicorum
1584 3479 1689 3511 refert.
1763 3472 1769 3476 ¹
