2372 3704
73 268 146 301 358

65 350 253 398 συσσιτεῖν,
273 347 489 402 ψιλοτάπιδα
509 346 625 400 ἔχοντι
644 347 820 404 κρικωτὴν
844 346 1006 398 καθάπερ
1034 345 1113 390 τους

67 410 284 460 στρωματεῖς
314 408 455 455 εὐτελῆ,
483 407 536 459 ἐφ’
566 401 607 453 ἧς
636 406 886 452 κατακεῖσθαι,
921 405 1048 448 κάδους
1077 404 1114 443 δὲ

65 468 218 520 χαλκοῦς
236 482 298 505 και
315 465 468 518 ποτήρια
488 464 610 517 ὀλίγα·
629 463 807 516 γεγονέναι
831 462 899 516 γὰρ
927 464 1114 516 ὀλιγοδίαι-

66 540 124 563 τον
140 524 201 564 καὶ
219 526 350 577 τρυφῆς
366 522 558 580 ἀλλότριον.

573 601 610 637 8.

118 683 256 721 Athen.
275 684 439 731 xlv,p.
459 683 556 731 620,
573 683 634 718 Β.
663 679 754 732 Περὶ
775 682 813 718 οὗ
847 679 920 730 (sc.
938 693 1018 729 περι
1036 679 1117 716 Κα-

66 739 214 792 σάιδρου
246 744 306 778 τοῦ
330 740 551 784 Μακεδονίας
573 735 863 791 βασιλεύσαντος)
890 752 975 797 φησι
997 735 1118 788 Καρύ-

66 814 159 842 στιος
176 800 210 836 ἐν
227 797 456 850 Ἱστορικοῖς
443 798 706 848 υπομνήμασιν,
722 798 774 834 ὅτι
789 795 896 839 οὕτως
906 798 948 842 ἠν
968 794 1116 845 φιλόμη-

67 873 140 910 ρος,
159 860 205 901 ὣς
229 858 286 895 διὰ
306 857 477 908 στόματος
503 857 595 909 ἔχειν
624 859 692 894 τῶν
720 858 812 894 ἐπῶν
840 854 885 893 τὰ
901 855 1037 892 πολλά·
1057 869 1117 892 και

64 915 171 960 Ἰλιὰς
188 919 231 963 ἠν
252 917 347 968 αὗτῷ
365 915 424 953 καὶ
444 914 632 954 Ὀδυσσεία
654 913 747 957 ἰδίως
765 911 1021 965 γεγραμμέναι.

571 1014 611 1050 9.

118 1083 227 1119 Idem
243 1083 356 1130 XIII,
373 1095 415 1130 p.
436 1080 531 1126 610,
544 1081 576 1116 E
597 1093 605 1115 :
623 1071 703 1117 Εἶτ’
716 1079 779 1117 οὐκ
790 1077 858 1129 ἐγὼ
875 1077 1016 1120 δικαίως
1029 1077 1117 1115 πάν-

65 1155 128 1183 τας
148 1142 238 1190 ὑμᾶς
253 1138 332 1182 τοὺς
348 1137 552 1191 φιλοσόφους
566 1139 675 1186 μισῶ,
697 1135 982 1188 μισοφιλολόγους
997 1134 1117 1182 ὅντας;

66 1196 124 1241 οὒς
137 1199 174 1235 οὗ
196 1197 299 1247 μόνον
316 1194 523 1247 Λυσίμαχος
542 1197 559 1232 6
577 1193 738 1246 βασιλεὺς
758 1192 938 1247 ἐξεκήρυξε
952 1196 1014 1240 τῆς
1029 1193 1127 1237 ἰδίας

68 1254 246 1308 βασιλείας
267 1253 484 1301 ἀπελαύνων,
504 1256 549 1297 ὣς
568 1256 586 1291 6
607 1252 804 1305 Καρύστιός
825 1267 928 1305 φησιν
948 1253 983 1290 ἐν
1004 1251 1118 1291 Ἱστο-

68 1318 173 1365 ρικοῖς
192 1311 455 1363 ὑπομνήμασιν,
475 1310 567 1350 ἀλλὰ
581 1311 642 1350 καὶ
663 1311 848 1358 Ἀθηναῖοι.

386 1423 416 1458 Ε
434 1422 585 1459 LIBRO
605 1423 802 1461 TERTIO.

566 1523 622 1546 10.
665 1547 671 1556 ,

118 1594 228 1630 Idem
243 1595 341 1639 XII,
360 1607 400 1642 p.
425 1593 498 1638 542
515 1621 526 1641 ,
544 1595 574 1629 E
593 1607 601 1629 ;
626 1592 821 1643 Καρύστιος
837 1590 873 1629 δὲ
890 1593 907 1629 6
922 1593 1117 1644 Περγαμη-

64 1649 116 1694 νὸς
130 1652 164 1687 ἐν
176 1650 282 1702 τρίτῳ
296 1649 626 1700 (Υπομνημάτωνμ
645 1650 857 1701 Δημήτριος,
875 1649 993 1702 φησὶν,
1005 1653 1023 1688 6
1035 1653 1115 1690 Φα-

25 1737 29 1739 -
63 1708 208 1761 ληρεὺς,
224 1708 403 1760 Ἱμεραίου
424 1712 482 1746 τοῦ
505 1709 654 1762 ἀδελφοῦ
677 1708 910 1761 ἀναιρεθέντος
929 1710 987 1745 ὑπ’
1009 1709 1117 1747 Ἀντι-

65 1767 220 1818 πάτρου,
242 1767 342 1809 αὐτὸς
360 1766 449 1817 μετὰ
470 1766 660 1819 Νικάνορος
677 1766 859 1820 διέτριὸεν,
882 1765 995 1804 αἰτίαν
1014 1766 1118 1818 ἔχων,

64 1827 111 1868 ὡς
127 1825 171 1863 τὰ
188 1824 402 1878 Ἐπιφάνεια
422 1828 482 1862 τοῦ
500 1826 649 1878 ἀδελφοῦ
666 1824 769 1864 θύων.
792 1825 990 1878 Κασάνδρῳ
1005 1825 1039 1863 δὲ
1062 1841 1120 1877 γε-

65 1883 207 1934 νόμενος
227 1884 340 1936 φίλος,
366 1883 456 1934 μέγα
477 1882 614 1935 ἴσχυσε.
644 1883 716 1923 Καὶ
737 1886 814 1921 κατ’
849 1882 960 1935 ἀρχὰς
993 1883 1055 1934 μὲν
1077 1879 1118 1932 ῆν

65 1944 171 1981 αὐτοῦ
201 1942 240 1980 τὸ
271 1941 410 1995 ἄριστον
440 1941 597 1995 ὄξύὸαφα
623 1941 850 1986 παντοδαπὰς
871 1941 974 1985 ἐλάας
993 1942 1119 1994 ἔχοντα

64 2000 125 2039 καὶ
147 2000 248 2053 τυρὸν
277 2001 495 2047 νησιωτικόν.
526 2000 590 2045 Ὡς
610 2001 638 2038 δ’
668 2000 881 2048 ἐπλούτησε,
904 2000 1119 2052 Μοσχίωνα,

64 2057 122 2096 τὸν
144 2058 285 2111 ἄριστον
300 2061 368 2096 τῶν
385 2059 462 2097 τότε
480 2058 655 2112 μαγείρων
672 2058 733 2097 και
751 2060 1027 2107 δειπνοποιῶν,’
1013 2058 1120 2106 εωνή-

66 2133 170 2165 σατο,
189 2133 250 2155 και
268 2121 422 2156 τοσαῦτα
442 2121 483 2165 ἠν
502 2117 546 2156 τὰ
563 2117 904 2171 παρασκευαζόμενα
925 2119 1005 2156 καθ’
1026 2118 1119 2168 ἠμέ-

67 2191 143 2228 ραν,
174 2174 285 2228 ὥστε,
315 2175 555 2229 χαρισαμένου
587 2179 636 2230 τῷ
667 2177 852 2229 Μοσχίωνι
880 2175 925 2214 τὰ
949 2178 987 2215 λε
973 2177 1118 2230 είψανα,

63 2288 174 2319 dicum
195 2287 345 2320 convictu
363 2298 457 2320 usum
481 2298 548 2321 esse
567 2290 744 2330 Antipatri;
774 2289 986 2330 habuisseque
1011 2299 1116 2329 regem

63 2339 127 2370 vile
142 2341 288 2380 tapetum
310 2340 458 2380 glabrum
483 2341 611 2373 annulis
626 2341 839 2381 instructum,
864 2342 954 2373 velut
975 2342 1117 2381 vulgaria

63 2390 184 2430 aulaea,
199 2391 250 2423 cui
265 2391 482 2432 incumberet,
500 2395 532 2424 et
557 2393 654 2424 cados
675 2402 781 2425 aeneos
797 2396 829 2425 et
847 2394 962 2433 pocula
989 2402 1091 2434 pauca
1106 2407 1113 2425 :

64 2441 154 2474 victu
166 2442 252 2474 enim
266 2451 364 2482 parco
376 2452 471 2475 usum
482 2452 548 2475 esse
562 2445 593 2475 et
606 2453 625 2475 a
638 2445 766 2476 luxuria
779 2445 921 2476 alienum
933 2445 1040 2477 fuisse.

576 2499 610 2530 8.

108 2553 153 2584 De
171 2552 352 2585 cassandro
371 2553 427 2593 qui
452 2553 647 2585 Macedoniae
666 2563 762 2594 regno
789 2555 910 2594 potitus
931 2555 999 2594 est,
1018 2556 1118 2595 Cary-

65 2604 147 2636 stius
161 2604 194 2635 in
217 2604 466 2637 Commentariis
488 2605 646 2637 historicis
664 2605 726 2645 ait,
743 2614 818 2637 eum
841 2605 920 2637 adeo
939 2605 1117 2637 studiosum

65 2655 162 2687 fuisse
176 2657 322 2695 Homeri,
338 2657 374 2687 ut
391 2656 546 2696 majorem
560 2657 739 2688 carminum
753 2656 821 2696 ejus
835 2659 957 2696 partem
975 2659 1118 2689 constan·

65 2709 114 2739 ter
130 2708 162 2738 in
177 2716 232 2740 ore
248 2708 378 2740 haberet
398 2718 406 2739 :
423 2708 478 2748 qui
492 2708 588 2740 etiam
610 2708 741 2740 Iliadem
755 2710 787 2741 et
801 2709 975 2749 odysseam
991 2709 1119 2750 proprio

65 2759 172 2791 studio
185 2759 243 2791 sibi
261 2760 327 2800 ipse
339 2760 562 2801 descripserat.

110 2869 206 2909 Atqui
224 2878 331 2900 nonne
347 2870 463 2901 merito
477 2879 534 2902 vos
550 2879 607 2910 ego
619 2878 730 2902 omnes
749 2870 955 2911 philosophos
972 2870 1025 2902 odi
1045 2879 1119 2903 eru-

67 2919 197 2951 ditionis
209 2919 376 2952 inimicos?
392 2930 471 2961 quos
487 2931 551 2953 non
567 2922 672 2954 solum
691 2922 900 2962 Lysimachus
920 2931 977 2954 rex
993 2922 1120 2963 publico

68 2970 174 3002 edicto
199 2979 216 3002 e
239 2980 335 3011 regno
362 2981 420 3003 suo
437 2973 578 3013 expulit,
597 2975 633 3004 ut
649 2974 815 3014 Carystius
832 2973 878 3006 ait
900 2973 934 3005 in
955 2974 1121 3006 Historicis

69 3022 318 3063 commentariis,
333 3032 446 3054 verum
461 3026 557 3055 etiam
573 3025 791 3058 Athenienses.

570 3081 622 3112 10.

112 3133 277 3173 carystius
291 3135 503 3173 Pergamenus
515 3135 611 3166 tertio
624 3135 705 3168 libro
718 3137 1032 3169 Commentariorum
1045 3137 1090 3170 ait
1112 3149 1119 3168 :

72 3199 87 3213 «
105 3185 286 3218 Demetrius
301 3186 489 3226 Phalereus,
510 3187 677 3220 interfecto
699 3189 859 3221 Himeraeo
882 3191 979 3222 fratre
997 3190 1066 3230 ejus
1080 3190 1122 3222 ab

70 3237 238 3277 Antipatro
247 3261 256 3277 ,
271 3237 337 3277 ipse
354 3237 439 3277 apud
449 3238 639 3270 Nicanorem
653 3241 840 3272 versabatur
852 3252 861 3281 ;
874 3241 1121 3282 perhibeturque

70 3280 247 3329 Epiphania
261 3289 437 3320 celebrasse
463 3289 578 3322 fratris.
592 3291 714 3322 Deinde
729 3300 784 3332 per
798 3293 967 3324 Cassandri
980 3293 1120 3325 benevo-

71 3342 203 3373 lentiam
217 3341 256 3373 ad
273 3350 418 3382 magnam
439 3343 630 3382 potestatem
651 3345 807 3383 pervenit.
829 3347 867 3376 Et
884 3346 975 3377 initio
989 3346 1118 3386 quidem

73 3393 242 3434 prandium
262 3394 291 3425 ei
306 3394 429 3434 suerat,
450 3394 618 3426 acetabula
637 3396 811 3428 omnifariis
826 3396 918 3428 olivis
936 3397 1074 3438 repleta,
1090 3399 1121 3429 et

74 3445 220 3478 insularis
233 3454 354 3478 caseus.
371 3447 414 3478 Ut
428 3454 503 3478 vero
513 3445 632 3479 ditatus
645 3448 705 3487 est,
716 3449 932 3482 moschionem
943 3459 1120 3490 coquorum

855 257 1095 299 CARYSTII
1125 258 1426 304 PERGAMENI
1434 287 1444 306 ‚

1174 344 1342 398 Μοσχίών
1363 346 1398 383 ἐν
1412 344 1504 383 ἔτεσι
1518 343 1578 384 δύο
1592 346 1684 398 τρεῖς
1697 343 1871 389 συνοικίας
1885 343 2073 394 ἐωνήσατο,
2089 345 2218 390 παῖδάς

1172 404 1203 442 τ’
1220 403 1415 456 ἐλευθέρους
1430 402 1547 456 ῧὸριζε
1564 403 1625 442 καὶ
1641 406 1806 454 γυναῖκας
1822 402 1884 447 τὰς
1901 405 1970 441 τῶν
1986 404 2218 477 ἐπιφανεστά-
2235 443 2242 451 ,

1174 477 1257 503 των.
1281 461 1540 510 Ἔζηλοτύπουν
1562 460 1597 500 δὲ
1621 461 1763 522 πάντες..
1766 463 1798 500 οἳ
1825 462 1946 505 παῖδες
1964 461 2022 500 τὸν
2046 462 2219 515 ἐρωμενον

1174 521 1278 558 αὐτοῦ
1294 520 1347 560 Θέ
1331 535 1464 572 ε·ογνιν
1483 535 1543 557 και
1559 522 1722 558 τοσοῦτον
1741 523 1783 566 ἠν
1799 535 1850 572 τῳ
1865 520 2058 573 Δημητρίῳ
2076 522 2221 574 προσελ-

1176 579 1257 626 θεῖν,
1277 574 1386 625 ὥστε,
1407 577 1482 626 μετ’
1503 577 1643 630 ἄριστον
1670 579 1775 615 αὐτοῦ
1801 578 2102 629 περιπατήσαντος
2123 578 2221 631 παρὰ

1175 635 1253 679 τους
1278 635 1473 686 Τρίποδας,
1495 635 1662 681 συνῆλθον
1684 635 1731 678 εἷς
1749 634 1807 672 τὸν
1829 635 1935 673 τόπον
1964 636 2083 680 παῖδες
2098 637 2221 676 κάλλι-

1176 709 1251 732 στοι
1263 696 1339 737 ταῖς
1358 693 1434 740 ἑξῆς
1453 693 1621 744 ἡμέραις,
1641 691 1684 731 ἵν’
1701 695 1832 746 ὀφθεῖεν
1853 695 1962 746 αὐτῷ.
1980 711 1996 729 ι»

1469 798 1541 833 EX
1563 798 1732 834 EODEM
1751 798 1914 834 LIBRO.

1671 897 1731 921 11.

1229 961 1340 997 Idem
1362 962 1484 1004 XIII,
1506 974 1544 1010 p.
1565 960 1641 1007 577
1656 987 1667 1006 ,
1685 961 1748 998 C·
1767 958 1976 1013 Ἀριστοφῶν
1993 959 2029 999 δὲ
2051 962 2070 999 6
2087 961 2223 1015 ῥήτωρ,

1177 1020 1194 1056 6
1218 1017 1276 1055 ·t6v
1305 1017 1410 1066 νόμον
1444 1016 1646 1068 εἰσενεγκὼν
1681 1018 1736 1055 ἐπ’
1765 1017 1954 1057 Εὐκλείδου
1981 1019 2166 1073 ἄρχοντος,
2186 1021 2223 1066 ὃς

1178 1076 1220 1114 ἂν
1239 1075 1327 1127 μὴ
1314 1075 1346 1120 εξ
1371 1078 1478 1123 ἀστῆς
1505 1078 1649 1128 γε’νηται
1667 1075 1762 1115 νόθον
1789 1079 1894 1124 εἶναι,
1913 1077 2014 1122 αὐτὸς
2034 1079 2222 1132 ἀπεδείχθη

1178 1134 1244 1172 ὑπὸ
1266 1135 1470 1173 Καλλιάδου
1490 1150 1549 1173 του
1570 1138 1727 1185 κωμικοῦ
1746 1137 1785 1173 ἐκ
1801 1135 1994 1188 Χορηγίδος
2008 1139 2068 1184 τῆς
2087 1138 2224 1192 ἑταίρας

1177 1193 1537 1244 παιδοποιησάμενος,
1566 1196 1614 1238 ὡς
1639 1196 1657 1232 ὁ
1688 1193 1790 1238 αὐτὸς
1816 1196 1948 1248 ἱστορεῖ
1975 1194 2170 1249 Καρυστιος
2188 1199 2224 1236 ἐν
2263 1192 2267 1195 Δ

1177 1252 1283 1306 τρίτῳ
1299 1252 1602 1304 Ὑπομνημάτων.

1230 1314 1405 1350 Euclides
1434 1315 1580 1350 archon
1607 1313 1678 1349 fuit
1706 1314 1764 1352 Ol.
1787 1319 1854 1363 94,
1882 1327 1916 1351 1.
1949 1316 2036 1360 403.
2058 1318 2116 1354 De
2143 1318 2226 1367 lege

1177 1385 1214 1409 v.
1237 1373 1435 1408 Demosth.
1457 1385 1497 1420 p.
1530 1371 1649 1418 1308,
1675 1372 1739 1410 25.
1762 1373 1904 1409 Eodem
1928 1374 2014 1410 loco
2036 1375 2226 1424 Carystius

1177 1431 1447 1466 memoraverit
1463 1443 1546 1480 quae
1563 1431 1791 1468 antecedunt
1811 1432 1915 1481 apud
1934 1433 2155 1470 Athenaeum
2176 1435 2225 1470 si-

1177 1490 1282 1524 milia
1306 1500 1314 1525 :

1673 1555 1733 1581 12.

1180 1625 1185 1630 ·
1239 1612 1345 1648 Idem
1359 1613 1456 1648 XIII
1470 1625 1532 1660 ‚.p
1555 1612 1651 1660 577,
1670 1614 1728 1649 B:
1751 1611 1962 1666 Φιλέταιρον
1979 1613 2040 1663 δὲ,
2060 1614 2118 1652 τὸν
2137 1616 2227 1668 Περ-

1180 1667 1297 1720 γάμου
1319 1668 1379 1706 καὶ
1393 1671 1453 1714 τῆς
1471 1670 1603 1715 Καινῆς
1619 1669 1747 1716 ταύτης
1762 1670 1951 1720 λεγομένης
1969 1672 2226 1723 βασιλεύσαντα

1177 1725 1312 1778 χώρας,
1334 1726 1424 1770 Βόας
1442 1727 1670 1779 αὐλητρίδος,
1700 1728 1860 1780 ἑταίρας,
1883 1729 1922 1767 τὸ
1938 1730 2034 1780 γένος
2053 1731 2122 1768 ἀπὸ
2146 1733 2227 1771 Πα-

1179 1785 1384 1837 φλαγονίας,
1397 1785 1468 1823 υιόν
1493 1801 1576 1838 φησι
1588 1786 1745 1836 γενέσθαι
1767 1786 1963 1839 Καρυστιος
1980 1790 2013 1826 ἐν
2029 1789 2228 1840 Ἱστορικοῖς

1180 1843 1443 1894 ὓπομνήμασιν.
1474 1843 1530 1882 De
1558 1846 1633 1882 hoc
1656 1848 1855 1883 Philetaero
1884 1861 1921 1886 v,
1954 1849 2090 1885 Strabo
2121 1851 2226 1899 XII,

1178 1916 1214 1952 p.
1233 1903 1324 1946 543.
1340 1905 1457 1950 XIII,
1475 1917 1514 1952 p.
1532 1904 1621 1940 623.
1638 1907 1863 1954 Pergamum
1881 1909 2001 1943 tenuit
2019 1921 2090 1956 per
2109 1921 2228 1946 annos

1177 1963 1312 2011 viginti
1342 1975 1459 2010 usque
1490 1963 1540 1999 ad
1565 1963 1639 1999 263
1677 1963 1762 2013 (vel
1790 1965 1909 2014 260).
1937 1966 2032 2005 Vide
2060 1967 2226 2006 Clinton.

1180 2021 1222 2057 F.
1244 2022 1294 2058 H.
1317 2027 1412 2057 tom.
1433 2021 1514 2066 111,
1535 2033 1575 2069 p.
1601 2025 1675 2064 400
1692 2035 1747 2070 sq.

1620 2134 1623 2137 Δ
1676 2104 1736 2140 13.

1237 2178 1346 2215 Idem
1363 2180 1454 2217 XIV
1467 2207 1478 2226 ‚
1495 2192 1536 2229 p.
1556 2179 1648 2229 639,
1669 2179 1699 2218 B
1718 2193 1726 2215 :
1754 2178 2043 2231 Περιηνέχθησαν
2062 2181 2148 2230 ἡμῖν
2169 2178 2230 2218 καὶ

1177 2298 1215 2322 ea
1236 2291 1332 2322 oetate
1354 2290 1511 2332 optimum
1528 2293 1560 2323 et
1582 2299 1748 2323 coenarum
1769 2291 1982 2332 parandarum
2004 2286 2229 2333 peritissimum

1176 2343 1274 2373 emit:
1290 2343 1322 2374 et
1338 2344 1427 2374 tanta
1444 2343 1590 2374 ciborum
1607 2343 1699 2383 copia
1706 2342 1850 2383 quotidie
1860 2343 2044 2384 parabatur,
2058 2346 2108 2384 ut,
2124 2353 2229 2385 quum

1178 2394 1354 2426 Moschioni
1374 2395 1523 2436 reliquias
1539 2395 1675 2427 donaret
1690 2394 1890 2434 Demetrius,
1919 2395 2004 2428 intra
2032 2396 2114 2428 duos
2130 2405 2231 2429 annos

1178 2447 1342 2479 Moschion
1356 2449 1421 2480 tres
1435 2448 1466 2480 in
1492 2448 1571 2480 urbe
1590 2448 1710 2480 insulas
1728 2450 1867 2488 emeret,
1893 2452 1925 2481 et
1948 2449 2058 2481 liberis
2079 2449 2186 2490 pueris
2198 2451 2231 2482 et
2284 2459 2286 2464 ·

1177 2499 1462 2531 illustrissimorum
1471 2500 1612 2532 virorum
1622 2499 1776 2531 uxoribus
1784 2501 1930 2540 stuprum
1939 2501 2080 2532 inferret.
2088 2501 2230 2540 Theogni

1177 2552 1297 2582 amasio
1313 2551 1382 2590 ejus
1397 2560 1509 2583 omnes
1526 2551 1616 2592 pueri
1639 2551 1824 2583 invidebant
1857 2564 1865 2583 :
1886 2553 1919 2583 et
1945 2552 2026 2584 tanti
2046 2551 2230 2584 habebatur

1177 2602 1217 2633 ad
1232 2600 1431 2635 Demetrium
1439 2604 1602 2644 accedere,
1615 2604 1664 2642 ut,
1675 2612 1778 2644 quum
1791 2603 1844 2636 ille
1855 2605 1926 2645 post
1939 2604 2108 2644 prandium
2122 2604 2231 2636 obam-

1179 2653 1323 2686 bulasset
1341 2655 1426 2696 apud
1443 2656 1610 2696 Tripodas,
1627 2655 1867 2696 insequentibus
1881 2655 1994 2688 diebus
2011 2656 2231 2689 formosissimi

1177 2705 1299 2746 quique
1313 2707 1403 2747 pueri
1414 2716 1487 2739 eum
1503 2707 1535 2739 in
1549 2708 1656 2739 locum
1669 2707 1895 2747 convenirent,
1906 2717 1971 2748 quo
1983 2707 2024 2740 ab
2036 2708 2091 2740 illo
2106 2707 2231 2750 conspi-

1177 2761 1337 2791 cerentur.
1354 2772 1370 2787 »

1682 2817 1732 2846 11.

1219 2866 1412 2908 Aristophon
1429 2868 1538 2899 orator
1548 2891 1558 2907 ‚
1569 2868 1624 2908 qui
1639 2868 1740 2908 legem
1755 2868 1920 2908 rogaverat
1934 2869 2071 2908 praetore
2083 2868 2228 2910 Euclide,

1178 2918 1214 2948 ut
1226 2918 1369 2958 quisquis
1384 2927 1448 2950 non
1462 2927 1502 2950 ex
1517 2919 1588 2950 cive
1601 2919 1704 2951 Attica
1724 2921 1819 2950 natus
1832 2921 1931 2958 esset,
1949 2919 2078 2959 spurius
2091 2919 2228 2953 habere-

1178 2970 1243 3007 tur,
1256 2970 1322 3009 ipse
1341 2970 1508 3001 convictus
1527 2971 1607 3002 esta
1620 2970 1762 3002 Calliade
1772 2970 1897 3001 comico
1914 2969 1995 3001 filios
2010 2979 2176 3011 generasse
2188 2981 2228 3004 ex

1180 3020 1358 3061 Choregide
1382 3021 1567 3061 meretrice,
1582 3023 1619 3053 ut
1639 3021 1738 3053 tradit
1751 3021 1836 3053 idem
1859 3022 2024 3062 Carystius
2038 3023 2134 3054 tertio
2146 3023 2229 3055 libro

1179 3075 1501 3106 Commentariorum.

1678 3130 1731 3162 12.

1223 3185 1447 3224 Piiiletaerum,
1465 3184 1607 3225 Pergami
1621 3185 1653 3216 et
1671 3187 1770 3217 Novae
1782 3184 1895 3224 hujus,
1906 3193 1980 3225 quae
1996 3185 2144 3225 vocatur,
2156 3193 2228 3226 pro·

1179 3236 1292 3268 vinciae
1306 3245 1410 3277 regem
1420 3261 1429 3276 ,
1447 3236 1550 3268 filium
1564 3236 1660 3268 fuisse
1675 3237 1749 3268 Boae
1763 3236 1939 3268 meretricis
1958 3237 1991 3268 et
2003 3236 2141 3268 tibicinae
2152 3259 2160 3273 ‚
2177 3245 2227 3276 ge-

1178 3297 1254 3320 nere
1269 3288 1506 3329 Paphlagoniae,
1521 3288 1686 3328 carystius
1695 3287 1806 3320 scribit
1819 3288 1850 3319 in
1864 3287 2110 3321 Commentariis
2125 3287 2226 3320 histo-

1179 3340 1263 3373 ricis.

1678 3395 1730 3427 13.

1220 3449 1535 3483 Circumferebantur
1552 3440 1643 3482 nfflfis
1661 3458 1790 3490 quoquc
1808 3449 1957 3482 secundae
1981 3458 2054 3490 quae
2068 3450 2226 3482 vocantur
