2326 3724
1007 164 1341 204 FRAGMENTA.
2189 173 2236 205 85

83 247 368 304 λετο.,κ”Πρέσὸεις
385 247 497 287 τοίνυν
514 247 613 300 παρὰ
630 246 760 286 Ἀετίου
777 246 836 285 καὶ
851 249 909 284 τοῦ
930 245 1131 294 βασιλεύον-

83 325 140 354 τος
165 311 235 348 τῶν
259 306 429 360 ἑσπερίων
452 305 644 357 Ῥωμαίων
666 304 864 352 ἐστάλησαν
887 306 1065 357 ἐροῦντες,
1088 306 1134 347 ὡς

83 367 240 422 χρήστης
260 365 434 410 Σιλὸανὸς
458 363 704 405 Κωνσταντίου
724 363 906 415 γενόμενος
924 362 986 407 τὰς
1008 363 1134 416 φιάλας

57 477 59 479 q
84 427 230 480 ἐνέχυρα
270 426 330 465 καὶ
362 426 400 464 οὗ
424 424 536 478 φώρια
567 422 689 462 λαὸὼν
717 422 809 475 ἔχοι,
839 422 898 461 καὶ
927 425 973 466 ὡς
1004 422 1133 465 ταύτας

85 485 248 539 ἀργυρίου
268 484 371 537 χάριν
391 486 519 536 ἱερεῦσι
537 484 598 520 καὶ
617 484 715 533 (del.
739 482 799 520 καὶ
820 491 886 519 aut
905 484 978 532 leg.
998 480 1058 519 καὶ
1075 482 1133 532 οὐ)

84 549 153 588 τοῖς
180 546 403 596 ἐπιτυχοῦσιν
434 542 611 580 ἀπέδοτο·
642 540 722 579 οὔτε
741 539 808 592 γὰρ
827 539 923 591 θέμις
947 540 1138 592 ἀνθρώποις

84 604 131 648 εἷς
159 602 329 656 σφετέραν
359 602 535 640 διακονίαν
557 601 789 653 κεχρησθαι’
774 615 980 672 εκπωμασιν
1010 601 1137 637 ἀνατε-

85 666 173 701 θεῖσι
197 665 279 714 ⁰⁵¹5-
307 662 351 701 Ei
372 655 430 700 ουν
453 658 502 710 μὴ
522 675 584 706 της
605 657 749 709 εὐλόγου
768 659 974 711 προφάσεως
1001 659 1061 696 καὶ
1081 660 1139 696 εὖ-

84 720 212 774 λαὸεία
245 724 305 759 τοῦ
339 718 429 758 θείου
461 717 638 765 ἀποσταίη
664 721 725 756 τοῦ
757 717 818 762 τὰς
849 718 974 770 φιάλας
1006 718 1137 760 αἷτεῒν,

85 780 278 832 ἐκπέμπειν
297 780 336 818 τὸ
361 778 446 832 ὑπὲρ
469 781 584 817 αὐτῶν
603 777 746 831 χρυσίον
759 809 770 826 ,
792 777 850 817 τὸν
873 777 1045 817 Σιλὸανὸν
1065 793 1139 816 πα·-

87 839 349 894 ραιτουμένους·
378 839 416 877 οὐ
445 837 512 911 γὰρ
550 836 713 876 ἐκδώσειν
745 836 924 890 ἄνθρωπον
954 838 1139 875 ἀδικοῦντα

87 897 196 938 οὐθέν.
217 897 289 936 Και
310 913 398 945 αυτη
417 895 479 946 μὲν
500 894 597 934 αἰτία
617 898 678 941 τῆς
693 896 761 932 τῶν
780 895 913 946 ἀνδρων
934 894 1138 948 πρεσὸείας,

88 957 148 996 καὶ
167 956 378 1009 παρείποντο
394 954 446 993 ὅτι
465 953 525 992 καὶ
546 953 816 1014 ἀποκρινόμενος
833 954 1046 1008 ἀποπέυᾘψοι
1054 961 1142 1007 σφᾶς

88 1018 107 1054 ὁ
131 1015 318 1068 βάρὸαρος.
343 1013 429 1054 Ἐπὶ
449 1016 511 1060 τῆς
532 1014 639 1059 αὐτῆς
659 1016 717 1050 οὖν
738 1013 816 1051 ὁδου
836 1013 1037 1064 γενόμενο,ι
1054 1029 1140 1066 προ·

89 1077 300 1127 πορευθῆναι
320 1073 423 1112 αὐτὸν
445 1071 711 1121 ἀναμείναντες,
733 1073 795 1110 σὺν
816 1075 866 1126 τῷ
885 1088 991 1110 παντι
1011 1074 1141 1119 ἐπηκο-

93 1133 312 1183 λουθήσαμεν
337 1131 476 1178 πλήθει,
501 1130 574 1169 Καὶ
591 1129 770 1181 ποταμούς
789 1146 884 1174 τινας
908 1130 1123 1175 διαὸάντες’
1108 1147 1142 1169 εν

92 1192 240 1244 μεγίστῃ
254 1190 513 1244 παρεγινόμεθα
527 1189 640 1263 κώμῃε
641 1221 650 1237 ,
665 1191 699 1227 ἐν
714 1193 736 1241 ᾑ
750 1189 794 1228 τὰ
809 1194 869 1228 τοῦ
885 1189 1034 1236 Ἀττήλα
1048 1190 1142 1237 οἰκή-

91 1267 188 1302 ματα
215 1249 491 1304 περιφανέστερα
522 1250 591 1286 τῶν
623 1249 830 1300 ἁπανταχοῦ
869 1253 958 1287 εἰναι
986 1248 1143 1300 ἐλέγετο,

91 1311 200 1356 ξύλοις
227 1326 264 1348 τε
293 1308 354 1348 καὶ
375 1309 509 1347 σανίσιν
530 1306 698 1352 εὖξέστοις
723 1307 930 1360 ἡρμοσμένα
956 1307 1016 1346 καὶ
1044 1323 1143 1361 περι-

92 1369 186 1423 δόλῳ
215 1368 339 1421 ξυλίνῳ
363 1366 608 1417 κυκλούμενα,
637 1367 676 1403 οὗ
704 1365 791 1419 πρὸς
813 1367 1030 1419 ἀσφάλειαν,
1052 1367 1145 1405 ἀλλὰ

91 1427 175 1479 πρὸς
200 1426 407 1478 εὖπρέπειαν
432 1425 729 1476 συλλαμὸάνοντι.
753 1424 856 1463 Μετὰ
876 1424 913 1462 δὲ
933 1423 978 1462 τὰ
997 1428 1056 1462 τοῦ
1080 1428 1144 1477 βα-

91 1485 213 1530 σιλέως
230 1480 272 1533 ἦν
289 1485 334 1524 τὰ
351 1488 412 1523 τοῦ
429 1483 643 1536 Ὀνηγησίου
661 1484 838 1536 διαπρεπῆ
851 1512 860 1530 ,
878 1482 939 1522 καὶ
958 1482 1144 1533 περίὸολον

93 1544 155 1595 μὲν
172 1546 212 1583 ἐκ
232 1543 341 1590 ξύλων
360 1542 420 1581 καὶ
449 1541 540 1581 αὐτὰ
558 1542 709 1595 ἔχοντα,
728 1545 794 1594 οὐχ
822 1541 947 1592 ὁμοίως
973 1541 1008 1579 δὲ
1025 1541 1144 1594 ὥσπερ

92 1606 110 1642 ὁ
141 1602 292 1660 Ἀττήλα
328 1601 469 1654 πύργοις
500 1603 696 1652 ἐκοσμεῖτο.
735 1602 927 1640 Βαλανεῒον
955 1598 996 1638 δὲ
1024 1595 1068 1648 ἦν
1105 1602 1143 1639 οὐ

92 1662 212 1715 πόρρω
228 1678 290 1701 του
311 1661 518 1715 περιὸόλου,
540 1659 626 1735 ὅπερ
647 1659 858 1711 Ὀνηγήσιος
880 1658 969 1710 μετὰ
987 1658 1045 1698 τὸν
1070 1659 1146 1699 Ἀτ-

93 1722 203 1769 τήλαν
224 1721 321 1774 παρὰ
355 1720 509 1764 Σκύθαις
540 1719 672 1771 ἰσχύων
694 1718 785 1770 μέγα
815 1718 1005 1771 ωκοδόμει,
1030 1717 1144 1762 λίθους

93 1783 134 1820 ἐκ
164 1784 224 1829 τῆς
254 1779 416 1819 Παιόνων
446 1778 657 1830 διακομίσας
677 1781 757 1830 γῆς·
785 1776 863 1816 οὐδὲ
884 1776 952 1830 γὰρ
973 1776 1084 1828 λίθος,
1105 1778 1143 1816 οὗ

96 1839 235 1892 δένδρον
254 1838 353 1892 παρὰ
378 1843 449 1882 τοῖς
468 1840 578 1877 ἐκεῖνο
606 1837 645 1875 τὸ
667 1838 767 1890 μέρος
795 1838 928 1880 οἰκοῦσι
957 1836 1147 1889 βαρὸάροις

95 1898 207 1947 ἐστὶν,
227 1898 318 1936 ἀλλὰ
335 1897 532 1950 ἐπεισάκτῳ
546 1900 589 1950 τῇ
610 1895 676 1948 ὕλῃ
693 1894 885 1948 κέχρηνται
904 1895 1029 1948 ταύτῃ.
1046 1894 1092 1934 Ὁ
1109 1893 1145 1933 δὲ

96 2012 315 2042 Romanorum
334 2008 590 2041 occidentalium
609 2008 801 2048 imperatore
823 2008 999 2046 venerant,
1021 2006 1077 2047 qui
1096 2006 1145 2038 di-

97 2063 218 2100 cerent,
230 2061 406 2102 sylvanum
421 2059 599 2092 Constantii
609 2059 800 2091 creditorem
815 2067 890 2090 vasa
902 2066 999 2089 aurea
1013 2066 1070 2098 pro
1083 2066 1147 2090 cre·

97 2113 165 2145 dito
181 2113 401 2154 oppignerata,
418 2121 483 2143 non
499 2112 585 2143 furto
601 2111 837 2151 ablata„penes
849 2119 883 2142 se
899 2109 1060 2149 habuisse,
1075 2119 1149 2150 quae

96 2166 315 2198 sacerdotibus
327 2189 336 2205 ,
354 2165 408 2205 qui
433 2164 527 2205 primi
543 2173 578 2197 se
600 2164 810 2203 obtulissent,
830 2163 972 2195 nummis
990 2164 1149 2203 argenteis

98 2219 322 2260 permutasset.
345 2220 410 2250 Nec
422 2217 508 2249 enim
525 2218 571 2250 sas
584 2226 652 2249 esse
667 2217 850 2249 hominibus
863 2217 978 2257 pocula
993 2219 1062 2248 Deo
1074 2225 1150 2248 con-

95 2273 218 2304 secrata
230 2270 366 2312 propriis
380 2270 487 2302 usibus
499 2270 673 2311 applicare.
686 2271 799 2310 ltaque
809 2269 867 2301 nisi
878 2270 944 2301 tam
955 2268 1042 2308 justa
1054 2277 1150 2300 causa

98 2325 155 2356 aut
167 2323 266 2355 divini
279 2322 420 2354 numinis
430 2322 607 2354 reverentia
617 2330 635 2353 a
648 2321 792 2362 petendis
802 2321 924 2361 poculis
933 2321 1148 2360 dimoveatur,

100 2376 224 2408 retento
244 2375 396 2415 sylvano,
415 2383 532 2405 aurum
548 2382 582 2405 se
600 2382 658 2413 pro
675 2372 792 2413 pateris
808 2372 1033 2414 praebiturum.
1078 2374 1149 2404 Ho-

99 2428 220 2459 minem
240 2426 326 2458 enim
341 2450 350 2466 ,
370 2425 427 2466 qui
446 2425 525 2457 nihil
544 2425 732 2465 deliquerit,
756 2424 887 2456 minime
907 2433 941 2456 se
965 2424 1150 2456 dediturum

98 2489 176 2513 esse.
196 2481 272 2511 Haec
285 2480 355 2510 erat
371 2479 467 2518 igitur
484 2478 599 2509 horum
616 2477 760 2509 virorum
782 2477 948 2518 legationis
964 2486 1076 2518 causa,
1094 2477 1151 2518 qui

98 2532 272 2565 barbarum
289 2530 526 2571 sequebantur,
543 2531 581 2561 ut
599 2538 787 2570 responsum
808 2530 945 2570 ferrent,
969 2531 1001 2561 et
1013 2529 1151 2562 dimitte-

99 2586 224 2617 rentur.
240 2587 348 2622 Quum
364 2592 441 2615 vero
455 2582 549 2615 nobis
557 2582 669 2614 eadem
683 2583 736 2614 via
748 2582 890 2615 eundum
906 2584 1001 2623 esset,
1015 2591 1080 2623 qua
1093 2585 1150 2615 At-

98 2638 171 2670 tilas
196 2636 381 2673 incedebat,
400 2644 572 2676 parumper
594 2635 730 2676 morati,
752 2635 830 2667 dum
849 2635 1063 2676 praecederet,
1086 2644 1151 2667 non

99 2689 204 2720 multo
221 2690 291 2729 post
304 2688 424 2728 secuti,
439 2696 514 2719 cum
533 2686 655 2727 reliqua
677 2687 904 2728 multitudine,
924 2687 1067 2728 tra-'uectis
1079 2687 1152 2728 qui-

100 2740 237 2772 busdam
247 2740 408 2779 amnibus,
420 2739 461 2771 ad
474 2739 634 2779 quendam
646 2748 799 2779 magnum
814 2739 921 2771 vicum
934 2739 1150 2780 pervenimus.

101 2795 160 2826 Hic
188 2794 279 2825 erant
301 2793 408 2825 Attilae
424 2792 527 2832 aedes,
552 2801 624 2832 quae
640 2792 772 2832 reliquis
787 2793 938 2824 omnibus
956 2793 1153 2833 ubicumque

101 2845 248 2878 locorum
276 2845 515 2885 praestantiores
533 2853 600 2876 esse
619 2844 814 2876 serebantur.
841 2846 941 2876 Erant
970 2844 1020 2876 11ae
1048 2853 1089 2876 ex
1113 2844 1153 2876 li·

101 2898 170 2938 gnis
196 2899 229 2930 et
251 2897 370 2929 tabulis
385 2897 503 2929 eximie
524 2896 632 2937 politis
648 2898 821 2928 exstructae
845 2898 877 2929 et
896 2897 1021 2929 ambitu
1049 2897 1153 2938 ligneo

102 2949 330 2989 circumdatae,
347 2957 412 2980 non
428 2948 467 2980 ad
484 2948 721 2980 munimentum
733 2972 741 2987 ,
761 2948 816 2980 sed
832 2948 872 2980 ad
889 2950 1041 2980 ornatum
1061 2958 1152 2980 com·

102 3002 226 3042 parato.
270 2999 421 3033 Proxima
438 3000 532 3040 regiae
548 3001 616 3031 erat
632 2999 777 3040 Ouegesii
791 3000 908 3031 domus
919 3025 927 3040 ‚
945 3002 977 3032 et
992 3001 1059 3042 ipsa
1072 3010 1152 3041 quo-

102 3061 166 3094 que
184 3052 309 3085 ambitu
323 3052 427 3097 ligneo
445 3053 611 3090 constans,
629 3061 694 3083 non
716 3053 827 3083 tamen
842 3061 954 3092 acque,
971 3061 1011 3084 ac
1026 3053 1153 3094 Attilae,

103 3106 248 3138 turribus
270 3105 412 3145 insignis.
434 3104 524 3136 Haud
540 3104 634 3144 longo
651 3103 821 3136 intervallo
840 3113 860 3136 a
880 3104 1016 3136 circuitu
1036 3105 1154 3137 domus

103 3157 241 3189 distabat
257 3157 420 3196 balneum,
440 3155 528 3196 quod
549 3155 734 3196 On'egesius‚
749 3156 804 3196 qui
825 3155 1002 3188 secuudum
1023 3157 1154 3188 Attilam

104 3210 278 3250 plurimum
292 3209 379 3251 apud
401 3209 537 3249 Scythas
549 3209 663 3250 opibus
678 3209 816 3248 valebat,
835 3209 993 3249 lapidibus
1005 3218 1047 3241 ex
1065 3212 1155 3241 Paeo-

106 3264 160 3295 nia
177 3262 321 3295 advectis
343 3262 570 3294 aediiicaverat.
597 3264 662 3294 Nec
688 3262 773 3293 enim
790 3262 876 3302 apud
894 3271 962 3302 eos,
989 3262 1045 3303 qui
1067 3262 1099 3293 in
1119 3271 1156 3294 ea

106 3317 196 3357 parte
214 3316 353 3357 Scythiae
370 3315 539 3353 habitant,
559 3314 645 3346 ullus
661 3317 708 3346 est
721 3316 777 3346 aut
796 3315 887 3355 lapis,
904 3316 961 3346 aut
974 3315 1087 3354 arbos,
1101 3315 1156 3346 scd

108 3368 245 3399 materia
266 3367 395 3399 aliunde
412 3366 546 3398 advecta
564 3367 710 3398 utuntur.
729 3366 833 3406 Hujus
851 3367 959 3398 autem
979 3366 1081 3398 balnei
1103 3375 1152 3397 ar-

108 3420 278 3461 cliitectuS,
293 3429 311 3453 e
325 3420 441 3453 Sirmio
454 3419 600 3460 captivus
617 3419 781 3463 abductus,
802 3419 980 3453 mercedem
995 3419 1099 3460 operis
1109 3419 1158 3451 sui

1196 244 1410 298 ἀρχιτέκτων
1433 247 1490 282 τοῦ
1510 243 1695 296 βαλανείου
1717 244 1787 283 ἀπὸ
1806 249 1864 284 τοῦ
1887 245 2036 298 Σιρμίου
2058 246 2244 298 αἷχμάλω-

1195 319 1251 348 τος
1271 303 1410 355 ἀχθεὶς,
1441 302 1562 353 μισθὸν
1582 306 1641 340 τοῦ
1664 303 1849 356 εὑρέματος
1866 305 2059 357 ἐλευθερίαν
2077 306 2248 358 λήψεσθαι

1195 363 1415 413 προσδοκῶν,
1445 360 1548 398 ἔλαθε
1579 360 1709 408 μείζονι
1729 360 1824 414 πόνῳ
1844 361 2042 413 περιπεσὼν
2070 366 2131 409 τῆς
2152 362 2249 415 παρὰ
2268 395 2272 398 .

1196 420 1348 463 Σκύθαις
1370 418 1545 461 δουλείας·
1569 418 1725 472 βαλανέα
1742 418 1809 471 γὰρ
1831 419 1934 457 αὐτὸν
1960 420 2170 471 Ὀνηγήσιος
2190 437 2249 458 κα·

1198 478 1366 526 τέστησε,
1389 477 1448 515 καὶ
1472 476 1651 531 λουομένῳ
1677 479 1773 529 αὐτῷ
1798 493 1835 515 τε
1865 476 1925 514 καὶ
1945 478 2014 519 τοῖς
2036 478 2122 530 ἀμφ’
2144 479 2247 516 αὐτὸν

1198 539 1405 585 διηκονεῖτο.
1426 537 1489 576 Ἐν
1508 535 1618 589 ταύτῃ
1635 540 1678 588 τῇ
1699 536 1801 589 κώμῃ
1828 536 1980 574 εἰσιόντα
1999 536 2056 574 τὸν
2078 537 2248 583 Ἀττήλαν

1201 596 1366 644 ἀπήντων
1387 595 1487 648 κόραι
1507 595 1692 647 στοιχηδὸν
1711 594 2011 647 προπορευόμεναι
2033 595 2098 633 ὑπὸ
2120 595 2251 640 ὀθόναις

1200 656 1342 698 λεπταῖς
1361 671 1398 694 τε
1418 654 1479 693 καὶ
1498 655 1658 704 λευκαῖς,
1689 654 1746 692 ἐπὶ
1773 653 1862 692 πολὺ
1886 655 1919 697 ἐς
1939 656 2049 705 μῆκος
2078 670 2250 707 παρατει-

1201 714 1358 762 νούσαις,
1385 714 1474 752 ὥστε
1502 713 1570 751 ὑπὸ
1591 719 1656 765 μιᾷ
1677 713 1808 765 ἑκάστῃ
1834 712 1935 765 ὀθόνῃ
1956 713 2149 765 ἀνεχομένη
2178 720 2253 757 ταῖς

1200 790 1302 827 χερσι
1330 776 1399 811 τῶν
1419 772 1502 825 παρ’
1534 772 1682 833 ἑκάτερα
1703 788 1875 824 γυναικων
1901 771 2007 824 κόρας
2031 771 2120 810 ἑπτὰ
2145 772 2167 819 ἢ
2193 775 2252 811 καὶ

1202 833 1342 876 πλείους
1365 830 1570 885 βαδιζούσας
1593 834 1702 882 (ἦσαν
1721 829 1756 868 δὲ
1778 830 1907 868 πολλαὶ
1923 845 2084 868 τοιαυται
2101 847 2168 868 των
2186 847 2251 881 γυ-

1202 894 1330 930 ναικων
1342 891 1409 929 υπὸ
1425 907 1500 935 ταις
1516 889 1650 933 ὀθόναις
1664 888 1829 942 τάξεις)”
1807 890 1900 927 αδειν
1916 889 2059 942 ᾅσματα
2079 890 2249 929 Σκυθικά.

1203 950 1361 998 Πλησίον
1399 949 1435 988 δὲ
1473 952 1541 987 τῶν
1577 947 1791 999 Ὀνηγησίου
1830 949 2031 998 οἰκημάτων
2067 948 2251 999 γενόμενον

1205 1010 1271 1060 (δι’
1294 1011 1407 1047 αὐτῶν
1426 1008 1494 1060 γὰρ
1515 1011 1536 1055 ἡ
1553 1007 1611 1047 ἐπὶ
1627 1007 1671 1045 τὰ
1689 1007 1851 1059 βασίλεια
1866 1001 1949 1059 ἦγεν
1971 1006 2091 1056 ὁδός),
2112 1006 2255 1051 ὑπεξελ-

1204 1071 1350 1115 θοῧσαή
1374 1072 1433 1106 τοῦ
1452 1066 1666 1116 Ὀνηγησίου
1690 1065 1827 1117 γαμετιὶΙ
1858 1065 1948 1116 μετὰ
1973 1065 2125 1112 πλήθους
2152 1069 2255 1118 θερα-

1204 1128 1361 1175 πόντων,
1375 1130 1444 1165 τῶν
1464 1126 1527 1178 μὲν
1545 1125 1633 1179 ὄψα,
1648 1141 1717 1163 των
1735 1124 1770 1163 δὲ
1786 1125 1845 1163 καὶ
1864 1118 1953 1163 οἶνον
1973 1124 2145 1178 φερόντων
2168 1127 2177 1174 (
2192 1140 2254 1175 με·

1209 1186 1310 1238 γίστη
1330 1187 1365 1225 δὲ
1385 1186 1474 1234 αὕτη
1492 1185 1590 1237 παρὰ
1605 1184 1790 1228 Σκύθαις’
1775 1200 1848 1222 εστι
1868 1183 2001 1235 τιμή),
2023 1184 2200 1231 ἠσπάζετό
2222 1200 2256 1222 τε

1206 1246 1266 1284 καὶ
1286 1245 1382 1293 ἠξίου
1404 1243 1615 1294 μεταλαὸεῗν
1634 1247 1680 1282 ὧν
1700 1244 1796 1280 αὐτῶ
1816 1241 2114 1295 φιλοφρονουμένη
2136 1242 2256 1293 ἐκόμι-

1207 1320 1278 1344 σεν.
1308 1304 1377 1347 ιῸς
1411 1303 1447 1342 δὲ
1479 1302 1676 1350 ἐπιτηδείου
1709 1301 1830 1355 ἀνδρὸς
1861 1301 2088 1354 χαριζόμενος
2116 1305 2254 1354 γαμετῇ

1205 1362 1323 1410 ἤσθιεν
1345 1362 1402 1401 ἐπὶ
1430 1366 1488 1401 τοῦ
1514 1361 1623 1400 ἵππου
1648 1361 1799 1411 ἥμενος,
1832 1363 1900 1398 τῶν
1924 1359 2178 1413 παρεπομένων
2199 1362 2256 1398 τὸν

1205 1421 1338 1460 πίνακα
1362 1421 1544 1474 (ἀργύρεος
1573 1419 1609 1458 δὲ
1629 1415 1672 1468 ἦν
1690 1414 1804 1471 οὗτος)
1829 1422 1863 1462 ἐς
1884 1417 1967 1470 ὕψος
1990 1418 2147 1471 ἀράντων
2168 1422 2255 1471 βαρ-

1207 1480 1336 1533 ὅάρων.
1353 1479 1652 1531 Ἀπογευσάμενος
1666 1478 1701 1517 δὲ
1715 1478 1775 1517 καὶ
1787 1481 1848 1525 τῆς
1859 1477 2148 1530 προσενεχθείσης
2162 1480 2258 1529 αὐτῷ

1207 1538 1346 1583 κύλικος
1366 1541 1399 1583 ἐς
1413 1539 1457 1577 τὰ
1479 1539 1641 1591 βασίλεια
1662 1538 1806 1590 ἐχώρει,
1824 1536 1906 1576 ὄντα
1926 1540 1994 1576 τῶν
2013 1537 2129 1575 ἄλλων
2152 1536 2258 1588 ὑπέρ-

1206 1615 1290 1651 τερα
1319 1598 1379 1637 καὶ
1407 1600 1442 1637 ἐν
1470 1599 1595 1652 ὑψηλῷ
1625 1596 1826 1648 διακείμενα
1851 1596 1985 1650 χωρίῳ.
2010 1596 2136 1647 ἹΙμεῒς
2160 1595 2196 1633 δὲ
2225 1598 2258 1633 ἐν

1206 1661 1276 1702 τοῖς
1299 1657 1536 1709 Ὀνηγησίου,
1568 1656 1697 1695 ἐκείνου
1718 1655 2094 1709 παρακελευσαμένου,
2113 1657 2258 1706 ἐγκατε·

1209 1717 1393 1769 μείναμεν·
1423 1717 1674 1764 ἐπανεληλύθει
1703 1714 1769 1768 γὰρ
1796 1714 1858 1754 σὺν
1881 1718 1931 1768 τῷ
1962 1714 2112 1761 Ἀττήλα
2141 1714 2256 1753 παιδί.

1209 1776 1281 1817 Καὶ
1314 1775 1686 1830 ἠριστοποιησάμεθα,
1722 1773 1977 1824 δεξιωσαμένης
2008 1777 2103 1824 ἡμᾶς
2131 1776 2192 1820 τῆς
2221 1788 2257 1811 τε

1206 1839 1362 1889 γαμετῆς
1379 1835 1439 1874 καὶ
1459 1838 1527 1874 τῶν
1547 1834 1639 1874 κατὰ
1655 1833 1751 1885 γένος
1771 1836 1867 1886 αὐτῷ
1884 1832 2114 1886 διαφερόντων
2129 1848 2137 1856 ·
2159 1832 2260 1875 αὐτὸς

1208 1894 1277 1948 γὰρ
1309 1897 1359 1948 τῷ
1388 1894 1538 1947 Ἀττήλᾳ
1567 1893 1656 1945 μετὰ
1684 1893 1748 1940 τὴν
1780 1893 1947 1931 ἐπάνοδον
1969 1891 2047 1930 τότε
2068 1893 2207 1944 πρῶτον
2229 1892 2261 1933 ἐς

1209 2007 1392 2039 libertatem
1403 2015 1436 2039 se
1446 2007 1695 2038 consecuturum
1709 2014 1851 2046 sperans,
1865 2005 1962 2037 salsus
1972 2014 2030 2036 sua
2042 2013 2109 2044 spe,
2125 2004 2157 2035 iu
2172 2004 2263 2043 longe

1209 2059 1375 2091 duriorem
1398 2058 1484 2099 apud
1509 2058 1644 2098 Scythas
1672 2057 1785 2088 incidit
1809 2057 2012 2089 servitutem.
2038 2056 2262 2088 Balneatorem

1210 2111 1294 2143 enim
1309 2120 1384 2143 eum
1398 2111 1571 2151 onegesius
1590 2109 1746 2149 instituit,
1763 2109 1801 2141 ut
1816 2109 1875 2141 sibi
1889 2109 2016 2149 totique
2031 2117 2098 2140 suae
2115 2108 2262 2148 familiae,

1210 2173 1313 2205 quum
1329 2165 1526 2204 lavarentur,
1544 2172 1657 2204 operas
1669 2163 1847 2203 praestaret.
1865 2164 1903 2194 In
1920 2162 2008 2193 bunc
2021 2162 2129 2193 vicum
2146 2161 2264 2193 adven-

1209 2217 1293 2250 tanti
1311 2218 1418 2250 Attilae
1436 2217 1552 2258 puellae
1568 2216 1698 2248 obviam
1714 2215 1918 2256 prodierunt,
1934 2223 2009 2255 quae
2028 2223 2085 2255 per
2103 2215 2200 2246 series
2216 2214 2263 2245 in-

1211 2270 1384 2310 cedebant,
1398 2269 1460 2301 sub
1473 2269 1578 2301 linteis
1593 2267 1746 2300 tenuibus
1758 2268 1790 2300 et
1802 2267 1963 2308 candidis,
1978 2266 2219 2307 quammaxime
2232 2266 2265 2296 in

1210 2322 1442 2363 longitudinem
1463 2321 1616 2360 extensis,
1636 2321 1682 2352 ita
1703 2321 1740 2352 ut
1761 2319 1821 2351 sub
1837 2328 2037 2360 unoquoque
2053 2319 2172 2358 linteo,
2194 2326 2264 2349 ma-

1210 2375 1306 2407 nibus
1321 2374 1495 2406 mulierum
1511 2374 1552 2405 ab
1565 2374 1704 2413 utraque
1717 2374 1809 2413 parte
1824 2372 1857 2403 in
1874 2371 1977 2403 altum
1991 2371 2132 2410 sublato,
2144 2371 2264 2410 septem

1211 2427 1325 2468 puellae
1339 2429 1396 2458 aut
1410 2425 1507 2458 etiam
1523 2425 1633 2466 plures
1648 2423 1886 2465 progredientes
1907 2423 2018 2463 (erant
2039 2424 2147 2454 autem
2172 2422 2267 2453 multi

1212 2478 1396 2520 hujusmodi
1413 2478 1589 2510 mulierum
1602 2477 1662 2509 sub
1678 2477 1739 2508 illis
1752 2475 1857 2508 linteis
1872 2474 2019 2515 ordines)
2039 2473 2187 2514 Scythica
2199 2482 2267 2505 car-

1211 2532 1300 2563 mina
1319 2531 1484 2563 canerent.
1506 2532 1580 2563 Jam
1604 2528 1751 2569 proxime
1768 2527 1915 2567 Onegesii
1933 2526 2066 2558 domum
2092 2527 2268 2557 accesserat

1214 2585 1283 2625 (per
1295 2583 1398 2624 ipsam
1414 2582 1499 2614 enim
1513 2582 1564 2613 via
1578 2580 1716 2612 ducebat
1731 2579 1772 2611 ad
1786 2579 1933 2619 regiam),
1946 2587 2047 2618 quum
2066 2578 2151 2609 foras
2165 2577 2266 2617 prosi-

1212 2637 1286 2669 liret
1308 2635 1454 2676 Onegesii
1476 2644 1572 2674 uxor,
1593 2642 1709 2674 magna
1725 2633 1915 2664 ancillarum
1941 2631 2094 2662 comitata
2118 2630 2266 2662 multitu—

1212 2689 1299 2727 dine,
1312 2697 1385 2729 quae
1397 2687 1530 2719 obsonia
1540 2687 1573 2718 et
1584 2686 1697 2717 vinum
1712 2685 1869 2724 serebant,
1881 2683 1935 2725 qui
1949 2682 2110 2714 maximus
2122 2684 2169 2714 est
2183 2682 2267 2722 apud

1212 2739 1349 2780 Scythas
1363 2738 1478 2770 honos.
1496 2739 1572 2769 Haec
1588 2736 1720 2768 Attilam
1734 2734 1900 2773 salutavit,
1917 2733 2106 2773 rogavitque
2123 2733 2158 2763 ut
2171 2741 2212 2763 ex
2226 2732 2267 2762 ci-

1212 2792 1262 2824 bis
1276 2791 1472 2830 desumeret,
1487 2798 1569 2830 quos
1582 2797 1659 2820 cum
1674 2795 1804 2819 summa
1817 2785 2042 2818 testificatione
2059 2793 2126 2816 suoe
2142 2792 2215 2823 erga
2233 2784 2268 2814 il-

1212 2844 1281 2875 lum
1294 2841 1473 2874 volun-tatis
1485 2841 1650 2873 attulerat.
1696 2840 1808 2878 ltaque
1821 2837 1915 2869 uxori
1931 2836 2069 2868 hominis
2081 2835 2138 2867 sibi
2159 2843 2266 2866 neces-

1213 2895 1288 2927 sarii
1300 2894 1548 2936 gratificaturus,
1566 2890 1719 2930 comedit,
1733 2898 1817 2930 equo
1829 2888 1979 2927 insidens,
1992 2887 2147 2926 barbaris,
2166 2886 2220 2926 qui
2236 2885 2268 2916 in

1214 2948 1283 2988 ejus
1295 2947 1450 2980 comitatu
1461 2946 1564 2984 erant,
1576 2952 1762 2985 suspensam
1775 2942 1919 2974 tabulam
1934 2941 2021 2981 (erat
2037 2941 2145 2972 autem
2157 2947 2267 2978 argen-

1214 3002 1286 3042 tea)
1300 3000 1532 3032 attollentibus.
1550 2997 1672 3030 Deinde
1694 2997 1862 3036 degustato
1880 2995 1998 3033 calice,
2015 2994 2070 3034 qui
2094 2993 2138 3024 illi
2165 2992 2267 3023 suerat

1213 3053 1354 3092 oblatus,
1373 3052 1408 3083 in
1425 3051 1544 3091 regiam
1558 3059 1591 3082 se
1606 3049 1830 3089 recepit.⁷Erat
1845 3048 1954 3079 autem
1971 3046 2025 3077 illa
2050 3044 2179 3084 reliquis
2194 3052 2266 3074 con-

1214 3104 1352 3145 spectior
1366 3105 1399 3136 et
1414 3103 1449 3135 in
1460 3102 1566 3134 altiori
1580 3102 1651 3133 loco
1667 3101 1739 3133 sita.
1757 3102 1821 3132 Nos
1839 3108 1916 3131 vero
1932 3098 1965 3129 in
1983 3097 2105 3129 aedibus
2124 3094 2267 3134 Ouegesii

1216 3157 1285 3199 (sic
1306 3157 1359 3188 ille
1378 3156 1591 3197 praeceperat3
1609 3152 1745 3185 redierat
1760 3148 1846 3184 en'im
1872 3159 1954 3182 cum.
1972 3149 2080 3181 Attilae
2106 3147 2190 3186 tilio)
2215 3154 2266 3177 re-

1215 3208 1403 3241 mansimus.
1437 3207 1506 3239 lllic
1535 3214 1662 3238 coenam
1687 3203 1903 3244 sumpsimus,
1923 3200 2102 3241 excipiente
2123 3207 2182 3229 nos
2198 3199 2267 3236 ejus

1217 3269 1332 3300 uxore,
1345 3259 1498 3291 comitata
1513 3256 1737 3289 illustrioribus
1750 3255 1805 3295 qui
1816 3263 1890 3286 eum
1903 3260 2017 3294 genere
2030 3248 2264 3288 contingebant.

1217 3313 1267 3345 llli
1281 3312 1367 3343 enim
1387 3311 1533 3342 animum
1549 3308 1716 3341 nobiscum
1737 3305 1886 3338 convivio
1900 3303 2078 3336 exhilarate
2093 3309 2146 3341 per
2161 3299 2265 3330 otium

1217 3364 1349 3396 minime
1362 3362 1474 3394 licuit·
1467 3386 1476 3402 ‚
1493 3361 1570 3402 quia
1581 3369 1687 3400 quae
1669 3359 1807 3390 ⁰‘asserat
1828 3357 1861 3388 iu
1874 3355 2011 3396 negotio,
2028 3352 2067 3384 ad
2085 3351 2170 3392 quod
2192 3351 2261 3381 mis-

1217 3431 1271 3454 sus
1285 3419 1399 3459 suerat,
1414 3417 1446 3448 et
1465 3414 1647 3453 adversum,
1670 3412 1724 3453 qni
1745 3411 1809 3443 lilio
1823 3409 1930 3443 Attilae
1945 3406 2138 3447 contigerat,
2154 3412 2264 3436 casum
