2372 3704
1029 241 1358 286 FRAGMENTA.

120 320 359 373 αὖτοκρατόρα
389 324 610 370 καταστῆσαι
633 326 692 361 τοῦ
717 323 935 377 ψηφίσασθαι
951 327 1054 366 αὐτὸν
1072 344 1164 379 συμ-

119 377 358 417 ὅασιλεύοντα.
390 379 484 418 Ἀλλ’
502 383 519 418 6
543 381 606 430 μὲν
637 381 821 427 Θεοδόσιος
850 385 884 422 ἐν
903 385 1011 435 ἀγῶνι
1032 386 1167 438 ἐγένετο

118 435 178 475 καὶ
198 439 216 475 6
241 440 299 476 τοῦ
321 437 565 491 Ἀρδαὸουρίου
585 440 667 484 παῖς
689 437 841 493 Ἄσπαρ,
860 441 920 480 καὶ
947 444 1080 497 ἀφασία
1097 460 1166 483 κα-

116 497 210 547 τεῖχε
229 495 273 533 τὰ
290 495 480 547 Ῥωμαίων
498 497 705 551 πράγματα.
738 499 782 539 Ὁ
805 498 841 538 δὲ
861 501 950 545 Θεὸς
966 502 1112 554 ἄγγελον
1130 504 1165 542 ἐν

117 553 276 605 σχήματι
305 555 466 605 ποιμένος
498 556 700 595 ἀπέστειλεν
727 559 863 609 ὁδηγεῖν
894 559 938 598 τὰ
975 559 1165 611 Ῥωμαίων

116 611 337 664 στρατόπεδα
351 613 411 651 καὶ
425 613 482 652 τὸν
498 615 691 667 στρατηγὸν
702 613 880 668 Ἄσπαρα,
902 618 978 670 ἄγει
997 635 1033 658 τε
1052 618 1164 658 ἅπαν-

116 685 177 714 τας
205 670 260 708 διὰ
292 674 353 718 τῆς
385 673 645 725 παρακειμένης
668 677 711 725 τῇ
750 673 923 728 Ῥαὸέννῃ
955 676 1079 727 λίμνης
1110 678 1164 728 (ἐν

116 729 226 781 ταύτῃ
244 728 313 783 γὰρ
334 734 376 782 τῇ
401 730 502 769 πόλει
518 734 535 769 6
555 731 717 783 τύραννος
741 732 944 786 διέτριὸεν),
966 733 1040 773 ὅθεν
1057 735 1167 780 οὐδεὶς

115 787 279 826 οὐδέποτε
297 788 548 836 διαὸεὸηκέναι
580 791 773 842 ἱστόρηται.
795 791 917 836 Οὕτως
936 787 994 831 οῧν
1021 794 1165 832 διαὸάν-

114 859 170 889 τες
192 845 253 892 τὴν
274 845 418 894 ἄὸατον,
438 847 498 885 καὶ
517 847 628 900 βατὴν
657 849 714 886 διὰ
738 849 842 902 ξηρᾶς
862 850 925 897 τὴν
944 851 1086 904 πορείαν
1113 855 1166 890 εὗ-

116 902 251 956 ρόντες,
271 905 492 958 ἀνεῳγμένας
512 921 549 943 τε
570 905 632 950 τὰς
651 906 762 950 πύλας
781 908 998 961 κατιδόντες,
1016 913 1077 956 τῆς
1095 909 1160 949 πό-

115 962 203 1005 λεως
216 963 396 1014 ἐγκρατεῖς
411 962 567 1015 ἐγένοντο
579 979 587 988 ·
605 964 665 1002 καὶ
681 969 801 1004 τοῦτον
817 966 994 1011 ἀνελόντες
1006 968 1165 1021 γνώριμα

117 1022 167 1074 τῷ
189 1023 328 1073 βασιλεῖ
343 1021 387 1060 τὰ
407 1023 638 1075 πεπραγμένα
656 1025 878 1072 ἐποιήσαντο·
898 1025 934 1070 ὃς
951 1028 1165 1080 εὐχαριστή-

114 1094 177 1123 σας
192 1082 241 1133 τῷ
251 1081 334 1134 Θεῷ
354 1081 495 1120 ἐσκόπει
515 1082 593 1120 τίνα
620 1085 689 1121 τῶν
707 1084 876 1137 ἐσπερίων
899 1086 1069 1132 ἀναδείξει
1096 1090 1162 1139 βα-

113 1138 226 1180 σιλέα.

602 1202 690 1250 196.

166 1279 260 1315 Exc.
280 1278 395 1314 Salm.
424 1291 449 1327 p
492 1278 568 1327 399
595 1292 603 1314 :
628 1277 806 1316 Πλακιδία
827 1271 899 1330 εἶχε
928 1277 988 1316 δύο
1015 1294 1165 1332 στρατη-

113 1334 210 1386 γοὺς,
229 1329 277 1373 ὧν
297 1339 347 1389 τῷ
367 1334 429 1387 μὲν
443 1336 493 1374 ἑνὶ
508 1336 706 1389 Βονιφατίῳ
725 1336 788 1384 τὴν
804 1336 941 1383 Λιὸύην
958 1337 1162 1391 ἐπέτρεψεν,

113 1392 241 1431 Ἀέτιον
267 1393 303 1432 δὲ
336 1393 620 1446 παρακατέσχεν.
685 1393 899 1447 Ἐφθόνησεν
939 1394 1065 1439 Ἀέτιος
1104 1397 1164 1435 καὶ

112 1451 243 1505 ἔγραψε
256 1453 475 1506 Βονιφατίῳ,
501 1451 554 1490 ὅτι
573 1471 588 1486 «
610 1456 632 1500 ἠ
659 1453 848 1505 βασίλισσα
870 1453 943 1506 ἔχει
967 1455 1058 1493 κατὰ
1079 1460 1162 1508 σοῦ,

112 1510 172 1548 καὶ
185 1510 307 1549 τούτου
323 1514 482 1561 σημεῖον,
502 1510 554 1549 ὅτι
571 1511 850 1562 μετακαλέσεταί
871 1528 909 1551 σε
933 1515 991 1550 ὑπ’
1003 1515 1164 1563 οὐδεμιᾶς

112 1569 237 1614 αἰτίας.
293 1569 379 1611 Ἐὰν
396 1564 454 1609 οὖν
484 1570 601 1622 γράψῃ
619 1586 673 1609 σοι
702 1572 825 1619 ἐλθεῖν,
859 1570 908 1622 μὴ
941 1573 1162 1624 ὑπακούσῃς·

112 1628 294 1681 ἀναιρήσει
312 1628 379 1682 γάρ
399 1645 451 1669 σε.
477 1646 492 1663 »
510 1622 600 1668 Εἶτα
625 1631 776 1676 κατ’ἧλθε
795 1629 859 1676 τὴν
878 1630 1090 1683 βασίλισσαν
1110 1632 1162 1670 λέ-

110 1702 198 1738 γων,
218 1690 266 1732 ὡς
285 1687 504 1727 ἀποστασίαν
526 1690 656 1741 μελετᾷ
676 1690 694 1726 6
713 1688 931 1741 Βονιφοίτιος.
947 1708 961 1723 «
976 1690 1047 1728 Καὶ
1061 1695 1162 1729 τοῦτο

111 1745 229 1797 γνώσῃ
250 1749 385 1799 σαφῶς*
403 1746 462 1784 ἐὰν
475 1746 543 1799 γὰρ
558 1746 781 1798 μετακαλέσῃ
795 1777 804 1794 ,
826 1747 943 1800 φησὶν,
959 1748 1077 1796 αὐτὸν,
1100 1751 1163 1788 οὐκ

110 1802 300 1844 ἐλεύσεται.
318 1822 333 1839 »
349 1803 420 1843 Καὶ
436 1804 511 1843 ἐπεὶ
524 1804 674 1858 ἔγραψεν
690 1807 783 1858 αὐτῷ
798 1807 906 1844 ἐλθεῖν
922 1809 942 1852 ἡ
960 1807 1161 1858 βασίλισσα,

111 1863 223 1909 ἀληθῆ
237 1862 382 1913 νομίσας
399 1865 525 1907 ἐκεῖνος
542 1863 587 1902 τὰ
608 1864 673 1902 ὑπὸ
690 1863 820 1902 Ἀετίου
836 1866 931 1917 αὐτῷ
950 1866 1160 1915 μηνυθέντα,

109 1919 171 1967 τὴν
186 1921 320 1970 Λιὸύην
341 1922 528 1974 ἐνεχείρισε
548 1925 578 1962 Γ
580 1922 688 1966 ότθοις
696 1952 707 1970 ,
724 1922 786 1961 καὶ
805 1924 881 1961 οὗδὲ
903 1925 1029 1967 ἐκεῖνος
1050 1926 1160 1963 ἐλθεῖν

111 1979 279 2020 ἐπείθετο.
337 1979 510 2033 ‘'Yon-:pov
531 1981 568 2020 δὲ
588 1981 784 2020 σταλέντων
807 1984 910 2020 τινῶν
942 1983 1026 2034 πρὸς
1040 1983 1159 2034 αὐτὸν,

110 2038 170 2076 καὶ
185 2037 393 2088 συμὸοίσεως
412 2040 619 2091 γενομένης,
636 2039 676 2078 τὸ
695 2040 816 2093 ψεῦδος
836 2040 1006 2091 ἠλέγχθη.
1025 2042 1160 2079 Κάκεῖ·

111 2111 166 2134 νον
204 2096 268 2146 μὲν
300 2097 403 2136 πλέον
424 2098 608 2148 ἠγοίπησεν
627 2101 650 2145 ἡ
676 2098 886 2151 βασίλισσα,
902 2098 960 2136 τὸν
981 2099 1011 2136 δ’
1031 2098 1159 2138 Ἀέτιον

111 2155 325 2206 ἐμυσάττετο
357 2155 419 2206 μὲν
442 2160 587 2195 τοιαῦτα
622 2157 941 2210 ῥαδιουργήσαντα,
971 2157 1008 2195 οὖ
1042 2157 1160 2207 μέντοι

110 2214 236 2266 δράσαι
255 2230 289 2252 τι
304 2215 411 2253 κακὸν
432 2215 602 2263 ἠδυνήθη.
621 2216 698 2263 Τὴν
713 2215 849 2263 Λιὸύην
875 2215 994 2255 οὔποτ’
1015 2215 1157 2268 ἴσχυσεν

109 2272 143 2317 ἐξ
158 2271 287 2313 ἐκείνου
301 2274 614 2316 ἐπανασώσασθαι,

585 2377 674 2414 197.

163 2438 264 2477 Ibid.
286 2451 323 2487 p.
350 2443 425 2481 40⁰
449 2451 457 2474 :
480 2437 769 2481 Οὐαλεντινιανὸς
795 2436 934 2488 μικρὸς,
957 2438 1022 2488 οὐχ
1053 2440 1071 2475 6
1100 2441 1157 2475 τοῦ

109 2495 263 2545 μεγάλου
291 2496 581 2534 Οὖαλεντινιανοῧ
612 2495 700 2542 υἱὸς,
734 2494 813 2546 [ὃς]
840 2489 883 2542 ἦν
920 2498 1013 2547 αὐτῷ
1043 2497 1081 2533 ἐκ
1101 2499 1161 2542 τ’ῆς

109 2553 271 2604 δευτέρας
290 2556 467 2604 γαμετῆς,
498 2553 543 2600 ἣν
563 2553 735 2604 ἐπέγημεν
764 2553 815 2592 ἔτι
841 2553 953 2601 ζώσης
972 2557 1033 2601 τῆς
1055 2555 1159 2593 αὐτοῦ

108 2611 285 2661 γυναικὸς,
313 2611 390 2649 ἀλλ’
408 2614 425 2648 6
442 2611 513 2654 υἱὸς
537 2612 785 2650 Κωνσταντίου
811 2611 996 2662 Κόμητος,
1023 2615 1084 2650 τοῦ
1107 2628 1161 2650 τι-

109 2669 278 2718 μηθέντος
311 2671 358 2713 εἷς
392 2669 573 2722 βασιλείαν
595 2670 750 2720 Ῥώμης
769 2670 866 2722 παρὰ
899 2670 1069 2723 Ὀνωρίου
1098 2675 1159 2710 τοῦ

111 2727 302 2780 βασιλέως,
324 2727 384 2766 καὶ
408 2729 606 2774 Πλακιδίας
622 2730 772 2782 ἀδελφῆς
796 2728 966 2782 Ὀνωρίου
990 2729 1049 2768 καὶ
1081 2729 1161 2783 Ἀρ-

107 2787 228 2825 καδίου
244 2790 313 2825 τῶν
336 2787 526 2839 βασιλέων.

2187 272 2265 304 613

1710 362 1794 409 198.

1282 435 1371 472 Exc.
1388 437 1443 471 De
1460 438 1525 474 ins.
1546 451 1585 487 p.
1611 453 1654 485 7¹
1677 454 1685 477 :
1704 439 1790 479 ζΌτι
1812 443 1869 480 ἐπὶ
1894 447 2082 485 Θεοδοσίου
2099 452 2157 486 τοῦ
2174 449 2270 498 νέου,

1229 491 1428 544 Χρυσάφιος
1446 493 1564 547 διῴκει
1577 495 1620 534 τὰ
1642 497 1758 536 πάντα
1771 530 1780 546 ,
1797 499 1840 536 τὰ
1859 502 1996 541 πάντων
2015 505 2189 556 ἁρπάζων,
2211 509 2270 546 καὶ

1229 548 1296 587 ὑπὸ
1309 551 1450 590 πάντων
1470 554 1688 605 μισούμενος.
1709 557 1799 596 Τότε
1821 557 1882 606 μὲν
1901 555 1957 598 οὖν
1978 561 2165 614 Ἀττῆλας,
2185 566 2270 617 πρό·

1227 622 1331 660 φασιν
1363 609 1426 656 τὴν
1460 613 1707 652 Κωνσταντίου
1742 616 2020 667 προὸαλλόμενος
2053 621 2200 669 αἴτησιν,
2227 624 2269 671 ἣν

1228 666 1328 705 αὐτὸν
1347 669 1429 721 περὶ
1449 673 1509 707 τοῦ
1529 671 1644 721 γάμου
1664 676 1726 719 τῆς
1752 675 1964 727 Σατορνίλου
1989 680 2153 731 θυγατρὸς
2172 682 2266 732 ᾔτει,

1227 726 1456 765 ἐπανίσταται
1470 731 1512 781 τῇ
1528 729 1716 779 Ῥωμαίων
1733 734 1846 784 ἀρχῇ,
1862 735 1921 772 καὶ
1935 734 1991 773 τὸν
2004 738 2164 789 εὐνοῦχον
2179 742 2271 792 Χρυ-

1227 783 1348 837 σοίφιον
1372 787 1553 834 ἐκδοθῆναί
1575 791 1606 827 οἱ
1626 791 1900 842 παρεκελεύετο,
1922 796 1967 838 ὥς
1987 796 2189 847 φωραθέντα
2210 802 2270 844 τῆς

1226 845 1305 880 κατ’
1321 845 1426 883 αὐτοῦ
1449 846 1648 895 ἐπιὸουλῆς.
1671 849 1851 889 Ἐντεῦθεν
1875 852 1980 890 πάλιν
2004 853 2194 899 Ἀνατόλιος
2212 856 2273 894 καὶ

1228 902 1346 952 Νόμος
1365 904 1449 956 πρὸς
1467 905 1524 944 τὸν
1542 906 1710 954 Ἀττήλαν
1727 909 1999 961 παραγίνονται,
2021 913 2080 950 καὶ
2097 914 2271 952 πείθουσιν

1228 961 1330 999 αὐτὸν
1349 962 1467 1016 δώροις
1482 965 1701 1017 ἀποσχέσθαι
1716 971 1776 1015 τ’ῆς
1790 969 1881 1007 κατὰ
1897 973 1955 1009 τοῦ
1971 970 2130 1024 εὐνούχου
2148 975 2267 1025 ὀργῆς.

1709 1076 1792 1112 199.

1279 1141 1378 1177 Ibid.
1406 1155 1446 1191 p.
1469 1156 1513 1189 71
1536 1154 1544 1181 :
1564 1142 1648 1182 “Ort
1668 1144 1852 1188 Θεοδόσιος
1876 1148 1894 1183 6
1917 1145 1988 1189 νέος
2011 1147 2094 1200 πρὸς
2115 1147 2172 1186 τὸν
2200 1149 2270 1195 Ζή-

1225 1213 1317 1236 νωνα
1336 1199 1581 1250 ἐχαλέπαινεν·
1600 1201 1719 1239 ἐδεδίει
1738 1201 1805 1255 γὰρ
1834 1203 1883 1253 μή
1907 1219 1991 1243 ποτε
2019 1205 2078 1243 καὶ
2097 1207 2271 1258 τυραννίδι

1227 1257 1406 1304 ἐπιθῆται,
1441 1258 1621 1298 ἀκινδύνου
1655 1261 1749 1314 αὐτῷ
1777 1261 1935 1313 γενέσθαι
1950 1263 1966 1278 *
1999 1267 2059 1310 τῆς
2094 1265 2266 1318 ἁρπαγῆς.

1225 1314 1343 1369 “On-ep
1369 1316 1420 1354 ἔτι
1437 1317 1590 1366 μάλιστα
1612 1317 1832 1371 ἐξετάραττεν
1855 1320 1972 1359 αὐτόν.
1998 1321 2068 1361 Καὶ
2087 1329 2173 1361 πᾶσι
2200 1330 2270 1368 τοῖς

1226 1375 1459 1427 ἁμαρτήμασι
1479 1377 1602 1429 ῥᾳδίως
1618 1376 1731 1428 νέμων
1749 1379 1968 1430 συγγνώμην,
1988 1381 2142 1431 χαλεπός
2157 1398 2194 1420 τε
2211 1384 2269 1421 καὶ

1226 1435 1484 1487 ἀμετάτρεπτος
1501 1430 1541 1482 ἦν
1559 1437 1597 1473 οὗ
1618 1435 1719 1485 μόνον
1735 1437 1826 1475 κατὰ
1840 1441 1907 1476 τῶν
1922 1439 2106 1491 τυραννίδα
2122 1442 2270 1490 μελετη-

1226 1492 1376 1538 σοίντων,
1402 1493 1492 1530 ἀλλὰ
1513 1493 1573 1531 καὶ
1593 1496 1660 1531 τῶν
1693 1495 1870 1546 βασιλείας
1901 1495 2003 1540 ἀξίων
2023 1497 2266 1547 νομισθέντων,

1225 1551 1285 1589 καὶ
1320 1551 1408 1604 σφὰς
1440 1551 1597 1590 ἐκποδὼν
1618 1559 1728 1591 ποιεῖν
1763 1554 1819 1592 διὰ
1840 1554 1965 1599 παντὸς
1985 1556 2107 1608 ἐχώρει
2125 1557 2267 1609 τρόπου.

1227 1610 1299 1649 Καὶ
1318 1611 1403 1662 πρὸς
1420 1616 1490 1654 τοῖς
1513 1611 1705 1664 εἰρημένοις
1724 1612 1920 1662 προσώποις
1942 1614 2001 1651 καὶ
2022 1615 2190 1653 Βαύδωνα
2210 1617 2267 1654 καὶ

1224 1668 1410 1716 Δανίηλον,
1425 1671 1471 1713 ὣς
1483 1668 1657 1722 τυραννίδι
1675 1670 1908 1721 ἐπιθεμένους,
1927 1671 2097 1716 ἐξέὸαλεν.
2114 1673 2196 1712 Ἀπὸ
2209 1678 2269 1722 τῆς

1225 1728 1332 1774 αὐτῆς
1351 1728 1463 1766 τοίνυν
1483 1729 1716 1781 προαιρέσεως
1739 1729 1799 1767 καὶ
1827 1730 1883 1768 τὸν
1904 1730 2050 1777 Ζήνωνα
2071 1733 2267 1781 ἀμύνασθαι

1226 1785 1472 1836 ἐσπουδακὼς,
1493 1790 1554 1833 τῆς
1584 1788 1753 1841 προτέρας
1779 1787 1892 1840 εἴχετο
1913 1791 2054 1841 βουλῆς,
2083 1789 2171 1828 ὥστε
2192 1792 2268 1829 δια-

1225 1844 1329 1891 ὅῆναι
1348 1844 1410 1896 μὲν
1430 1845 1487 1883 τὸν
1506 1845 1700 1896 Μαξιμῖνον
1721 1849 1769 1891 εἷς
1788 1847 1850 1894 τὴν
1870 1847 2123 1898 Ἰσαυρόπολιν,
2141 1850 2199 1887 καὶ
2224 1851 2266 1887 τὰ

1224 1905 1297 1941 ἐκεῖ
1323 1903 1435 1955 χωρία
1464 1904 1762 1956 προκαταλαὸεῒν,
1795 1907 1927 1944 στεῖλαι
1946 1906 1980 1944 δὲ
2005 1906 2061 1944 διὰ
2093 1907 2268 1955 θαλάσσης

1223 1962 1280 2000 ἐπὶ
1297 1963 1356 2008 τὴν
1377 1963 1423 2000 ἕω
1443 1962 1587 2013 δύναμιν
1608 1962 1671 2010 τὴν
1689 1963 1745 2001 τὸν
1769 1964 1913 2010 Ζήνωνα
1933 1967 2267 2017 παραστησομένην·

1222 2021 1281 2059 καὶ
1301 2025 1369 2059 τῶν
1390 2023 1484 2073 αὐτῷ
1507 2021 1719 2072 δεδογμένων
1751 2024 1813 2061 οὐκ
1843 2023 2029 2075 ἀφίστατο·
2058 2025 2208 2073 μείζονος
2229 2025 2264 2063 δὲ

1223 2081 1325 2119 αὐτὸν
1341 2080 1590 2133 ἐκταράξαντος
1607 2080 1729 2133 φόὸου,
1744 2080 1806 2127 τὴν
1822 2081 2046 2134 παρασκευὴν
2062 2083 2263 2123 ἀνεὸάλετο.

1274 2153 1301 2177 2.
1331 2133 1423 2179 ῗΗκε
1440 2139 1507 2191 γάρ
1523 2156 1573 2183 τις
1598 2138 1864 2190 ἀγγέλλων,τὸν
1889 2141 2057 2187 Ἀττήλαν
2078 2144 2146 2185 τοῖς
2173 2142 2262 2180 κατὰ

1221 2198 1284 2245 τὴν
1305 2199 1451 2250 Ῥώμην
1477 2199 1653 2237 ἐπιθέσθαι
1674 2200 1880 2251 βασιλείοις,
1909 2199 2079 2252 Ὀνωρίας
2099 2204 2160 2244 τ’ἦς
2187 2204 2262 2240 Βα-

1220 2259 1430 2296 λεντινιανοῧ
1469 2259 1619 2311 ἀδελφῆς
1659 2260 1692 2302 ἐς
1723 2259 1923 2311 ἐπικουρίαν
1961 2260 2264 2308 ἐπικαλεσαμένης

1222 2317 1338 2357 αὐτόν.
1371 2317 1416 2356 ‘H
1434 2317 1502 2370 γὰρ
1522 2316 1675 2369 Ὀνωρία
1701 2320 1768 2355 τῶν
1796 2319 1986 2369 βασιλικῶν
2000 2318 2059 2356 καὶ
2077 2318 2163 2365 αὐτὴ
2185 2321 2263 2369 ἐχο-

1222 2375 1308 2425 μένη
1323 2376 1522 2429 σκήπτρων,
1544 2375 1697 2429 Εὐγενίῳ
1716 2375 1802 2423 τινὶ,
1818 2374 1881 2423 τὴν
1901 2375 2099 2426 ἐπιμέλειαν
2111 2378 2179 2413 τῶν
2201 2378 2263 2414 αὖ.

1221 2437 1281 2480 τῆς
1301 2435 1415 2487 ἔχοντι
1430 2435 1664 2488 πραγμάτων,
1684 2434 1759 2480 ἥλω
1781 2436 1813 2478 ἐς
1832 2436 1997 2486 λαθραῖον
2015 2434 2186 2486 ἐρχομένη
2205 2434 2262 2472 λέ-

1220 2508 1297 2544 χος,
1314 2494 1372 2532 καὶ
1386 2493 1443 2531 ἐπὶ
1457 2497 1507 2546 τῷ
1527 2494 1758 2546 ἁμαρτήματι
1775 2493 1923 2546 ἀνῃρέθη
1942 2492 2003 2543 μὲν
2024 2495 2164 2543 ἐκεῖνος,
2185 2495 2206 2539 ἡ
2227 2492 2263 2531 δὲ

1220 2556 1287 2591 τῶν
1326 2552 1509 2604 βασιλείων
1538 2555 1722 2599 ἐλαθεῒσα,
1756 2552 1982 2604 Ἑρκουλοίνῳ
2010 2559 2261 2604 κατεγγυᾶται,

1221 2611 1318 2664 ἀνδρὶ
1339 2614 1496 2663 ὑπατικῷ
1524 2611 1583 2649 καὶ
1615 2610 1751 2663 τρόπων
1780 2605 1818 2648 εὗ
1837 2611 1967 2662 ἔχοντι,
1998 2613 2043 2655 ὡς
2072 2611 2159 2659 μήτε
2178 2611 2261 2663 πρὸς

1223 2669 1403 2723 βασιλείαν
1441 2671 1530 2720 μήτε
1550 2669 1633 2722 πρὸς
1665 2669 1893 2723 νεωτερισμὸν
1924 2670 2180 2708 ὑποτοπεῖσθαι.
2201 2669 2261 2708 Ἐν

1221 2734 1382 2782 συμφορᾷ
1398 2727 1433 2766 δὲ
1450 2728 1508 2766 καὶ
1528 2728 1605 2780 ἀνίᾳ
1622 2729 1714 2778 δεινῇ
1725 2728 1764 2765 τὸ
1781 2734 1927 2780 πρᾶγμα
1941 2729 2143 2778 ποιουμένη,
2164 2727 2261 2779 παρὰ

1220 2787 1278 2826 τὸν
1299 2788 1465 2834 Ἀττήλαν
1481 2787 1664 2826 ’Υάκινθον
1684 2788 1846 2838 εὐνοῦχον
1866 2786 2039 2837 ἐκπέμπει
2053 2786 2148 2833 τινὰ,
2170 2786 2265 2823 ὥστε.

108 2904 219 2941 χρῆται
233 2899 312 2940 τύχῃ
323 2924 332 2939 ,
346 2900 450 2935 καθὼς
464 2900 638 2941 ἐνομίζετο,
656 2902 675 2939 ἡ
693 2901 772 2941 τύχη
790 2900 832 2940 (l.
851 2900 1057 2941 ἐναντιωτάτῃ
1070 2901 1081 2940 )
1092 2925 1100 2940 ,
1116 2901 1230 2942 μᾶλλον
1250 2901 1282 2931 δὲ
1297 2924 1306 2939 ,
1324 2902 1365 2936 ὡς
1378 2900 1504 2940 ὕστερον
1521 2899 1640 2939 ἐδείχθη
1651 2925 1658 2937 ,
1676 2898 1807 2938 (supple
1825 2898 2000 2938 θειοτάτῃ).
2014 2918 2053 2925 -
2066 2902 2260 2936 καταστῆ·

107 2945 195 2987 σαι]
214 2950 407 2984 καταστῆναι
424 2946 497 2978 cod.
514 2964 557 2970 -——-
574 2946 785 2988 ποιμένος]
806 2947 989 2988 ποιούμενος
1011 2947 1081 2979 cod.
1107 2966 1146 2974 --
1167 2948 1232 2979 τὸν
1259 2947 1471 2989 στρατηγὸν
1490 2946 1522 2977 Ἄ
1534 2944 1686 2986 σπαρα]
1705 2945 1756 2977 τὸν
1773 2956 1839 2986 στρ.
1865 2945 2073 2987 Ἀρδαὸούριον
2090 2946 2200 2977 codex.
2220 2965 2259 2972 -

107 2993 310 3035 ἐγκρατεῖς
326 2993 528 3035 ἐγένοντο]
548 2995 697 3035 ἐγκρατὴς
711 2995 832 3034 ἐγένετο
847 2994 959 3027 codex.

148 3042 201 3072 Fr.
227 3044 296 3072 196.
321 3043 359 3072 V.
381 3043 515 3081 Procop.
536 3043 583 3072 De
602 3041 676 3073 ben.
695 3041 830 3073 Vandal.
852 3050 881 3073 c.
899 3046 929 3074 3.
947 3042 999 3074 Cf.
1015 3043 1158 3082 Prosper.
1175 3042 1296 3074 Chron.
1318 3050 1347 3080 p.
1366 3042 1437 3072 654.
1453 3039 1636 3070 TiIIemont.
1660 3040 1724 3077 VI,
1747 3047 1778 3078 p.
1804 3042 1872 3071 191.

150 3090 203 3120 Fr.
233 3091 299 3120 197.
324 3090 365 3120 V.
387 3089 535 3120 Socratae
553 3090 649 3126 VIII,
679 3091 714 3120 24
730 3112 740 3128 ,
759 3089 814 3128 qui
835 3090 907 3129 post
926 3097 964 3120 ea
982 3098 1057 3129 quoe
1077 3089 1188 3128 fragm.
1212 3093 1269 3121 195
1288 3090 1426 3119 Joannes
1445 3086 1627 3126 exscripsit,
1657 3086 1757 3126 pergit
1781 3085 1826 3117 ita
1848 3098 1855 3117 :
1877 3085 1939 3117 Ἤν
1966 3086 1998 3116 δὲ
2024 3086 2145 3125 ἀνεψιὸς
2172 3086 2258 3139 αὐτῷ

109 3135 219 3174 κομιδῆ
235 3136 300 3170 νέος
315 3158 324 3173 ,
341 3135 591 3171 Οὐαλεντινιανὸς
609 3135 726 3176 ὄνομα,
749 3135 785 3166 ἐκ
811 3136 979 3172 Πλακιδίας
995 3140 1048 3174 τῆς
1063 3136 1158 3167 αὐτοῦ
1172 3135 1253 3172 θείας
1267 3135 1446 3176 γενόμενος·
1472 3134 1538 3171 ἥτις
1562 3133 1696 3174 θυγάτηρ
1714 3134 1767 3173 μὲν
1790 3132 1827 3171 ἢν
1851 3132 2020 3164 Θεοδοσίου
2045 3135 2100 3162 τοῦ
2123 3133 2256 3188 μεγαλου

110 3182 261 3221 βασιλέως
272 3205 281 3220 ,
293 3182 452 3223 Ἀρκαδίου
466 3184 499 3215 δὲ
518 3184 570 3214 καὶ
587 3183 738 3223 Ὅνωρίου
754 3187 815 3214 τῶν
835 3184 889 3215 δύο
908 3184 1089 3224 αὐγούστων
1105 3184 1234 3222 ἀδελφή“
1249 3183 1363 3222 πατρὸς
1382 3182 1414 3212 δὲ
1427 3180 1464 3219 ἦν
1481 3181 1498 3211 ὁ
1515 3181 1767 3212 Οὐαλεντινιανὸς
1782 3179 2001 3234 Κωνσταντίου
2012 3202 2020 3216 ,
2038 3178 2070 3214 ὃς
2086 3179 2146 3209 ὑπο
2168 3180 2256 3231 ῼνω-

108 3229 174 3269 ρίου
189 3229 332 3269 βασιλεὺς
345 3230 533 3271 ἀναδειχθεὶς
547 3231 600 3261 καὶ
619 3231 736 3272 βραχὺν
749 3231 836 3271 αὐτῷ
850 3231 960 3272 χρόνον
975 3231 1224 3272 συμὸασιλεύσας
1236 3252 1247 3268 ,
1260 3229 1346 3265 εὐθὺς
1358 3228 1547 3264 ἐτελεύτησε.
1563 3228 1680 3258 Τοῦτον
1692 3227 1744 3258 τὸν
1759 3226 1883 3266 ἀνεψιὸν
1898 3228 2043 3265 Καισαρα
2057 3233 2254 3260 καταστησας

108 3276 174 3306 κτλ.
189 3296 230 3302 --
245 3277 542 3318 Κωνσταντίου]
558 3278 794 3310 Κωνσταντίνου
808 3278 918 3310 codex.

151 3323 203 3352 Fr.
227 3325 297 3354 198.
317 3323 366 3354 Cf.
389 3324 485 3355 Prisci
502 3325 613 3363 fragm.
635 3328 665 3356 5.
688 3327 735 3356 13.

150 3370 203 3400 Fr.
231 3372 298 3401 199.
319 3369 525 3411 γενέσθαι]
540 3372 681 3408 γενέσθαι
707 3373 954 3412 μελλούσηςῗ-
970 3368 1181 3410 Βαύδωνα]
1201 3368 1347 3400 Βάνδωνα
1364 3367 1435 3399 cod.
1453 3384 1493 3389 —
1507 3366 1774 3406 αὐτοδεδογμένων
1791 3366 1904 3397 codex.
1919 3363 1989 3403 -ξ
2008 3367 2038 3394 2-
2055 3360 2197 3401 Ὀνωρί
2209 3371 2252 3396 ας

108 3418 172 3452 τῆς
192 3414 301 3456 Bam]
320 3415 504 3457 Ὀνωριάδος
517 3428 545 3448 τ.
566 3419 601 3448 Β.
621 3418 733 3449 codex.
756 3418 894 3449 Primam
912 3418 1006 3457 hujus
1027 3418 1086 3448 Ioci
1110 3419 1232 3457 partem
1253 3415 1354 3446 ‘habes
1376 3424 1426 3455 ap.
1455 3414 1589 3463 Suidqm
1617 3423 1648 3444 v.
1673 3413 1816 3453 Ὁνωρία.
1843 3415 1888 3444 De
1917 3420 1949 3443 re
1966 3410 2006 3442 cs.
2029 3408 2181 3441 Jornand.
2202 3410 2253 3440 De

109 3470 246 3494 success.
266 3471 352 3503 regn.
368 3466 429 3502 925
449 3465 495 3496 De
519 3465 585 3496 reb.
610 3466 681 3497 Get.
700 3473 728 3496 c.
751 3467 811 3503 423
830 3466 953 3496 Priscus
969 3465 1008 3496 [ι’.
1029 3468 1081 3503 15;
1098 3463 1268 3496 Marcellin.
1288 3462 1427 3501 (Ἄποπις
1448 3461 1586 3494 Gibbon.
1608 3470 1675 3501 cap.
1693 3462 1817 3492 XXXV.
