2372 3704
166 277 240 311 396

1086 268 1385 315 DIOPHANTI,

165 360 176 409 (
197 358 393 396 Helladius
416 358 625 396 Chrestom.
654 370 695 407 p.
723 356 839 407 679).
859 378 909 385 -
926 355 1201 407 Προχόννησον]
1263 370 1364 394 nunc
1383 357 1624 407 deperditum
1647 357 1781 404 retuli,
1808 369 1878 394 nec
1905 358 2047 395 mutavi
2072 359 2309 398 sententiam.

163 417 316 468 πρόχουν
335 419 375 454 ἰη
391 430 509 454 numo
536 417 792 453 Proconnesio
806 415 911 452 vides
929 428 990 463 ap.
1014 416 1198 451 Mionnet.

165 470 358 526 Supplem.
386 478 431 523 V,
459 488 498 524 p.
523 475 621 523 496,
650 487 690 512 n.
724 474 839 510 1262.
870 469 923 502 --’
940 471 1205 524 Ἐλαφόνησος]

160 532 406 585 Ἀδελφόνησος
440 535 565 582 Etym.
593 534 644 570 M.
670 533 765 570 Ptin.
799 531 847 570 H.
869 532 919 572 N.
938 534 986 576 V,
1015 535 1062 575 44
1083 542 1092 568 :
1112 532 1206 566 Ela-

160 592 410 640 phonnesus...
437 592 568 627 eadem
594 591 731 627 Neuris
756 597 794 625 et
819 590 1067 626 Proconnesus
1085 589 1201 626 dicta.

158 650 364 699 Distinguit
387 651 486 686 inter
504 649 670 685 Procon.
704 655 742 684 et
771 648 1050 696 Elaphonesum
1071 647 1206 694 Scylax

160 708 301 756 Peripl.
320 721 360 757 p.
389 706 436 744 35
462 707 623 744 Hudson
643 717 653 744 :
675 706 792 751 Νῆσος
812 704 885 742 ἐστὶ
904 703 965 742 καὶ
983 703 1081 747 πόλις
1105 705 1206 754 Προ-

159 763 323 812 κόννησος
353 764 411 804 καὶ
441 763 543 815 ἑτέρα
574 766 677 810 νῆσος
710 762 887 812 εὐλίμενος
927 761 1202 814 Ἐλαφόννησος.

161 824 269 860 Hanc
299 837 393 870 esse,
421 836 535 872 quam
569 819 630 867 τὴν
659 820 816 858 παλαιὰν
842 819 1086 872 Προκόννησον
1111 819 1207 855 dicit

158 882 293 918 Strabo
306 883 422 928 XIII,
439 894 482 930 p.
500 880 575 918 588
586 907 596 926 ,
617 881 715 916 bene
729 887 859 916 monet
874 879 1112 927 Marquardt.
1132 878 1207 923 Cy-

158 944 258 976 zI‘cus
274 953 315 989 p.
338 939 399 976 18.

680 1014 717 1050 3.

213 1085 432 1122 Herodorus
453 1085 462 1134 (
481 1085 538 1120 111
551 1112 563 1133 ,
588 1082 660 1133 48)
678 1091 807 1120 narrat
822 1095 962 1132 pueros
981 1083 1205 1131 Corcyraeo-

158 1157 244 1180 rum
261 1151 447 1180 trecentos
460 1171 470 1191 ,
491 1156 586 1191 quos
609 1142 813 1179 Periander
833 1143 1122 1179 Corinthiorum
1138 1149 1203 1190 ty—

155 1209 296 1232 rannus
336 1196 386 1232 ad
421 1197 611 1244 Alyattem
636 1195 796 1231 misisset
818 1195 1055 1241 castrand0s‚
1087 1208 1205 1243 quum

156 1256 311 1291 Samum
342 1256 596 1303 appulissent,
625 1254 730 1301 jussu
763 1255 977 1291 Samiorum
1008 1255 1048 1289 in
1077 1254 1206 1290 fanum

155 1314 288 1348 Dianae
318 1314 504 1361 supplices
537 1312 770 1361 confugisse,
815 1320 928 1360 atque
963 1313 1038 1348 hoc
1087 1313 1204 1348 modo

156 1378 342 1419 servatos,
373 1378 410 1407 et
438 1371 647 1418 Corcyraeis
683 1383 705 1407 a
735 1371 868 1407 Samiis
890 1372 1082 1407 restitutos
1111 1384 1202 1410 esse.

159 1429 299 1468 Contra
335 1430 556 1465 Plutarchus
592 1431 649 1466 De
693 1430 847 1478 malign.
890 1430 1037 1468 Herod.
1078 1443 1112 1467 e.
1155 1443 1202 1466 22

159 1488 226 1537 (p.
254 1488 351 1531 1048
373 1488 435 1526 ed.
469 1487 640 1536 Didot)‚
665 1488 818 1524 Cnidios
848 1489 900 1524 ait
919 1489 1206 1536 Corcyraeorum

156 1559 297 1595 pueros
315 1559 477 1582 servasse
493 1554 531 1582 et
547 1546 775 1591 reddidisse,
796 1559 915 1594 quum
935 1548 1048 1582 Samii
1065 1549 1205 1583 voluis·

155 1612 239 1641 sent
256 1605 411 1652 quidem
422 1634 432 1651 ,
449 1617 519 1640 nec
543 1611 669 1640 tamen
686 1606 910 1654 potuissent.
933 1606 1061 1654 Pergit
1076 1616 1085 1643 :
1109 1606 1205 1657 Κορ-

157 1667 294 1714 κυραῖοι
314 1660 462 1711 Σαμίων
481 1660 544 1712 μὲν
566 1661 623 1700 ἐπὶ
642 1661 755 1714 τούτῳ
774 1661 875 1713 λόγον
890 1663 927 1700 οὐ
943 1662 1053 1700 πολὺν
1069 1661 1204 1714 ἔχουσι,

157 1719 307 1759 Κνιδίων
328 1719 363 1757 δὲ
379 1719 576 1770 μέμνηνται
597 1719 657 1758 καὶ
676 1719 827 1764 Κνιδίοις
846 1720 914 1758 εἶσὶ
930 1720 1030 1770 τιμαὶ
1047 1722 1106 1759 καὶ
1127 1721 1206 1759 ἀτέ-

159 1779 250 1816 λειαι
270 1777 331 1817 καὶ
350 1778 563 1831 ψηφίσματα
582 1781 666 1830 παρ’
683 1780 800 1822 αὐτοῖς
813 1794 821 1803 ·
842 1773 936 1816 οὗτοι
952 1779 1019 1832 γὰρ
1039 1779 1207 1818 ἐπιπλεύ-

157 1852 279 1880 σαντες
296 1835 468 1882 ἐξήλασαν
491 1838 530 1874 ἐκ
546 1839 608 1874 τοῦ
634 1838 726 1889 ἱεροῦ
756 1836 834 1880 τοὺς
852 1837 1069 1890 Περιάνδρου
1091 1838 1204 1890 φύλα-

155 1911 220 1939 κας
234 1925 246 1946 ,
268 1894 365 1933 αὐτοὶ
391 1895 421 1932 δ’
446 1894 682 1938 ἀναλαὸόντες
705 1894 783 1938 τοὺς
801 1896 931 1938 παῖδας
952 1898 1000 1940 εἷς
1022 1896 1204 1949 Κέρκυραν

155 1953 371 2004 διεκόμισαν,
391 1955 437 1997 ὡς
464 1952 636 2006 Ἀντήνωρ
657 1955 692 1991 ἐν
712 1954 783 1998 τοῖς
807 1956 994 2005 Κρητικοῖς
1013 1955 1200 2008 ἱστόρηκε,

155 2012 217 2050 καὶ
238 2012 418 2055 Διονύσιος
437 2014 455 2049 ὁ
470 2011 667 2055 Χαλκιδεὺς
687 2013 722 2049 ἐν
739 2018 815 2056 ταῖς
836 2013 1016 2053 Κτίσεσιν.

207 2073 302 2110 Cum
317 2072 516 2108 Herodoto
539 2073 630 2108 facit
647 2073 761 2121 Diog.
779 2074 826 2110 L.
846 2073 880 2118 I,
899 2071 948 2121 95
967 2085 978 2121 ς
1000 2073 1047 2109 de
1066 2073 1208 2110 Cnidiis

155 2131 203 2168 cf.
223 2132 362 2167 Plinius
375 2132 451 2177 IX,
470 2135 532 2175 41.
547 2133 591 2168 V.
607 2132 669 2167 W.
686 2132 824 2167 Miiller
847 2134 901 2168 De
920 2132 1207 2179 Corcyraeorum

153 2191 250 2239 Rep.
272 2204 313 2239 p.
350 2189 394 2226 15
423 2203 478 2238 sq.
512 2189 684 2227 Panofka
713 2191 739 2226 1.
775 2191 799 2227 l.
828 2203 868 2239 p.
903 2190 967 2229 38.
1001 2192 1208 2238 Corcyraeis

160 2256 295 2284 contra
314 2249 564 2284 Periandrum
592 2250 759 2295 Agranis
787 2248 952 2285 amicum
971 2256 1107 2297 praesto
1122 2249 1208 2285 fue-

156 2314 246 2342 runt
270 2307 394 2343 Cnidii
413 2308 484 2354 illi,
512 2308 582 2342 nisi
608 2307 731 2356 fallor,
767 2308 830 2355 qui
860 2315 940 2342 tum
965 2314 1127 2355 propter
1144 2304 1207 2350 τὴν

160 2362 342 2415 βαρύτητα
363 2365 431 2400 τῶν
460 2365 538 2400 κατ’
557 2363 674 2401 Ἀσίαν
696 2362 867 2415 βασιλέων
895 2364 1081 2414 (Diodor.
1100 2368 1144 2411 V,
1166 2378 1204 2414 9,

161 2424 260 2459 circa
294 2423 356 2458 Ol.
391 2421 441 2458 50
464 2422 475 2471 )
508 2424 637 2459 relicta
655 2425 780 2471 patria
803 2421 920 2459 noras
942 2424 1048 2460 sedes
1068 2426 1205 2472 quaesi-

158 2494 259 2518 vere.
276 2481 499 2517 Cnidiorum
516 2482 669 2517 colonia
690 2482 859 2530 Corcyra
881 2483 1010 2531 Nigra.
1032 2483 1206 2520 Ceterum

159 2540 208 2578 cf.
225 2541 374 2576 Miiller.
397 2541 486 2576 Dor.
518 2541 605 2586 I‚p.
632 2539 717 2585 167.

640 2613 728 2665 (Ην)

160 2687 167 2708 ⁷
211 2686 382 2723 Clemens
399 2685 507 2722 Alex.
524 2686 663 2722 Strom.
681 2686 711 2731 I,
728 2698 770 2734 p.
789 2683 863 2729 348
881 2685 943 2723 ed.
961 2686 1062 2721 Pott.
1084 2698 1092 2720 ε
1113 2683 1205 2722 Ξάν-

159 2746 214 2786 θος
228 2743 263 2781 δὲ
284 2746 302 2781 ὃ
322 2742 433 2786 Λυδὸς
453 2742 534 2795 περὶ
547 2741 608 2788 τὴν
626 2740 928 2789 ὀκτωκαιδεκάτην
952 2741 1183 2791 Ὀλυμπιάδα
1197 2773 1206 2789 ,

160 2803 206 2844 ὡς
222 2800 258 2839 δὲ
273 2801 451 2844 Διονύσιος
463 2800 544 2854 περὶ
559 2799 622 2848 τὴν
639 2798 954 2847 πεντεκαιδεκάτην
970 2799 1092 2839 Θάσον
1115 2799 1207 2837 ἐκτί-

159 2863 239 2898 σθαι
267 2859 346 2911 (sc.
367 2858 493 2912 φησί).

211 2920 301 2954 Haec
339 2919 390 2954 ad
417 2918 702 2955 Chalcidensem
729 2919 779 2954 D.
810 2916 979 2954 referunt
1007 2918 1204 2954 Fabricius

160 2975 288 3025 (Bibl.
314 2977 378 3014 Gr.
406 2978 465 3021 II,
497 2989 538 3025 p.
567 2989 639 3025 797
667 2976 729 3012 ed.
762 2975 852 3025 pr.)
882 2983 920 3012 et
945 2977 1206 3012 Westerman-

157 3046 228 3069 nus
249 3034 299 3069 ad
315 3036 418 3070 Voss.
434 3035 483 3070 H.
498 3035 564 3072 Gr.
590 3047 628 3082 p.
652 3034 743 3076 432.
767 3036 846 3083 Ego
869 3034 1042 3083 (Fragm.
1069 3035 1204 3072 chron.

158 3105 199 3140 p.
225 3096 295 3138 147
315 3090 324 3141 )
344 3092 393 3128 ad
416 3094 465 3128 D.
490 3093 826 3128 Halicarnassensis
846 3106 941 3142 opus
966 3090 1054 3143 Περὶ
1070 3091 1205 3143 χρόνων

201 3253 362 3294 Corcyraei
379 3253 560 3286 Samiorum
575 3253 706 3293 quidem
727 3254 760 3286 in
773 3255 822 3287 his
836 3264 903 3287 non
924 3264 1072 3297 magnam
1088 3256 1207 3289 habent

161 3305 336 3344 rationem;
355 3304 543 3337 cnidiorum
561 3313 637 3336 vero
658 3305 892 3346 meminerunt,
912 3307 1014 3347 iisque
1031 3309 1106 3339 suut
1122 3308 1207 3348 apud

160 3360 246 3400 ipsos
258 3360 394 3391 honores
403 3380 412 3396 ‚
426 3356 646 3388 immunitates
659 3357 757 3396 atque
769 3357 897 3390 decreta
914 3368 922 3389 ε
936 3367 1012 3390 nam
1027 3359 1058 3390 hi
1071 3359 1206 3391 navibus

160 3411 304 3451 advecti,
320 3407 469 3443 custodes
486 3407 647 3440 Periandri
673 3417 691 3439 e
703 3410 824 3449 templo
843 3411 1055 3450 expulerunt,
1074 3419 1205 3451 pueros—

161 3471 223 3503 que
243 3463 282 3494 ad
305 3472 337 3495 se
357 3461 499 3500 receptos
519 3461 690 3499 Corcyram
718 3462 942 3500 pervexerunt,
961 3463 997 3493 ut
1014 3464 1155 3494 Antenor
1173 3463 1205 3494 in

1266 417 1374 453 Idem
1396 417 1566 453 Clemens
1588 418 1624 463 1,
1639 429 1680 465 p.
1706 416 1780 452 320
1811 429 1819 452 ε
1850 415 2059 468 Παλαίτερα
2081 418 2150 453 τῶν
2176 415 2311 463 Ἑλλη-

1270 476 1373 512 νικῶν
1404 472 1449 511 τὰ
1476 473 1683 524 Ἀργολικὰ,
1708 472 1753 511 τὰ
1774 477 1835 511 τοῦ
1861 473 2003 526 Ἰνάχου
2019 474 2128 525 λέγω,
2143 476 2188 518 ὥς
2213 478 2309 513 Διον.

1264 534 1282 570 ὁ
1298 530 1588 582 Ἁλικαρνασσεὺς
1623 532 1659 569 ἐν
1693 531 1762 574 τοῖς
1775 530 1922 582 Χρόνοις
1951 531 2119 570 διδάσκει.
2136 535 2247 570 Hunc
2268 534 2313 569 li-

1263 592 1377 628 brum
1405 597 1551 639 spectat
1580 591 1694 626 etiam
1730 591 1863 627 Suidas
1887 589 2106 641 ιΕὖριπίδης
2130 590 2313 643 τραγικὸς,

1263 651 1324 685 τοῦ
1340 646 1508 700 προτέρου
1529 646 1747 699 ἀδελφιδοῦς,
1764 649 1810 690 ὡς
1823 649 1919 685 Διον.
1937 648 1972 684 ἐν
1988 648 2186 698 Χρονικοῖς.
2201 650 2314 686 Adde

1266 708 1430 754 Syncell.
1451 719 1492 754 p.
1511 705 1603 754 275,
1616 707 1644 743 C
1665 718 1675 744 z
1693 706 1740 744 Oi
1762 706 1914 757 βασιλεῖς
1933 704 2092 744 Ποντίων
2118 706 2202 744 δέκα
2221 705 2314 745 κατὰ

1265 763 1404 807 τούτους
1422 758 1538 814 ζῆρξαν
1570 762 1649 806 τοὺς
1677 762 1823 815 χρόνους
1845 763 2091 815 διαρκέσαντες
2122 763 2183 812 ἔτη
2217 766 2311 812 σιη’·

1266 823 1346 873 περὶ
1363 816 1411 860 ὧν
1438 821 1694 873 Ἀπολλόδωρος
1713 821 1772 859 καὶ
1790 820 1968 865 Διονύσιος
1986 824 2194 875 ἱστοροῦσιν.
2217 825 2313 863 Vide

1265 883 1428 930 Dionys.
1447 883 1495 918 H.
1519 881 1566 917 A.
1589 883 1637 919 R.
1657 883 1698 927 Ι,
1722 882 1786 924 46.
1816 883 1959 918 Xanthi
1983 884 2216 920 mentionem
2233 885 2315 922 Cle-

1265 953 1370 976 mens
1396 941 1499 989 apud
1534 942 1658 989 ipsum
1681 941 1865 989 repererit
1882 942 2109 989 Dionysium
2138 942 2316 980 Halicar-

1265 1011 1496 1045 nassensem,
1519 1012 1633 1047 quem
1653 999 1755 1048 Lydi
1782 1012 1898 1048 opere
1921 1001 1960 1035 in
1989 1001 2178 1039 Archaeol.
2204 1002 2316 1040 Rom.

1265 1071 1376 1094 usum
1395 1070 1473 1094 esse
1494 1065 1650 1095 constat.

1708 1148 1851 1162 —40—

1545 1219 2035 1280 DIOPHANTUS.

1317 1320 1558 1369 Diophantus
1570 1320 1673 1369 apud
1687 1322 2007 1370 Agatharchidem
2016 1324 2073 1358 De
2085 1334 2181 1361 mar.
2193 1324 2315 1361 Rubr.

1271 1378 1409 1428 (Phot.
1434 1380 1531 1415 Bibl.
1553 1379 1640 1415 cod.
1673 1379 1773 1425 250,
1792 1384 1832 1428 p.
1866 1379 1941 1425 454
1970 1381 2010 1418 b.
2047 1380 2124 1431 34)
2147 1383 2319 1431 regiones

1265 1438 1596 1486 septemtrionales
1618 1437 1857 1486 descripsisse
1888 1439 2030 1478 dicitur
2048 1439 2058 1488 (
2075 1439 2108 1476 Τ
2111 1438 2131 1475 ὰ
2151 1438 2214 1488 μὲν
2233 1438 2318 1491 πρὸς

1266 1494 1416 1546 ἑσπέραν
1435 1493 1651 1546 ἐξείργασται
1671 1494 1782 1537 Λύκος
1792 1510 1829 1532 τε
1849 1494 1909 1532 καὶ
1931 1495 2099 1545 Τίμαιος·
2116 1495 2160 1533 τὰ
2177 1495 2212 1534 δὲ
2231 1497 2317 1549 πρὸς

1269 1551 1438 1595 ἀνατολὰς
1456 1551 1646 1595 Ἑκαταῖος
1671 1551 1731 1590 καὶ
1751 1552 1913 1596 Βάσιλις·
1937 1551 1981 1590 τὰ
1998 1552 2034 1590 δὲ
2057 1553 2141 1606 πρὸς
2167 1554 2315 1608 ἄρκτους

1266 1609 1513 1661 Διόφαντος
1547 1610 1606 1648 καὶ
1636 1609 1876 1662 Δημήτριος).
1907 1613 1979 1648 Hic
2018 1620 2095 1659 est,
2129 1615 2186 1650 uti
2214 1622 2319 1652 recte

1267 1671 1419 1707 Vossius
1434 1678 1585 1717 monet,
1610 1683 1722 1719 quem
1742 1672 1953 1720 Stephanus
1966 1672 2097 1708 laudat
2106 1676 2173 1710 'vv,
2199 1669 2316 1710 Ἀὅιοι

1275 1736 1312 1764 et
1331 1727 1554 1778 Λιὸυστῖνοι,
1574 1729 1643 1765 ubi
1662 1730 1865 1766 adducitur
1892 1731 1936 1767 Δ.
1959 1730 1993 1765 ἐν
2014 1730 2222 1772 Πολιτικοῖς.
2242 1732 2318 1779 Qui

1267 1788 1396 1823 titulus
1413 1788 1660 1837 corrigendus
1681 1795 1748 1833 est,
1767 1790 1806 1823 ni
1824 1788 1947 1831 fallor,
1967 1801 2013 1825 ex
2027 1790 2145 1827 schol.
2157 1791 2317 1839 Apollo·

1266 1847 1320 1881 nii
1334 1847 1476 1882 Rhodii
1489 1849 1545 1882 111
1559 1874 1570 1892 ,
1590 1851 1662 1890 241
1677 1874 1687 1892 ,
1707 1848 1852 1883 scilicet
1874 1848 1977 1896 apud
1994 1849 2227 1897 Stephanum
2242 1862 2315 1900 pro

1270 1903 1467 1946 Πολιτικοῖς
1485 1905 1607 1941 scribe
1626 1903 1808 1947 Ποντικοῖς
1829 1905 1875 1954 (*)
1890 1920 1899 1951 ;
1917 1906 2021 1954 apud
2042 1907 2162 1942 schol.
2184 1909 2316 1947 Rhod.

1266 1974 1339 2010 pro
1360 1960 1534 2009 Διοφάνης
1554 1962 1587 1998 ἐν
1608 1960 1641 1998 α’
1655 1963 1722 1998 τῶν
1745 1963 1925 2000 Ποντικῶν
1946 1964 2189 2013 reponendus
2206 1966 2316 2003 vide-

1268 2028 1329 2056 tur
1345 2018 1535 2072 Διόφαντος
1554 2020 1588 2056 ἐν
1607 2018 1639 2056 α’
1658 2035 1690 2057 τ.
1712 2021 1762 2058 Π.
1795 2022 2056 2070 Diophantum
2070 2024 2219 2060 Pontici
2235 2026 2316 2060 Mi-

1268 2079 1443 2115 thridatis
1457 2079 1786 2116 ducemmemorat
1798 2081 1980 2116 Memnon
1995 2093 2030 2120 c.
2051 2080 2098 2124 34
2116 2081 2226 2131 (tom.
2243 2084 2316 2130 111,

1268 2150 1308 2186 p.
1341 2136 1453 2189 543).
1485 2139 1637 2185 Quanto
1663 2146 1793 2174 noster
1819 2140 2060 2187 Diophantus
2087 2148 2195 2177 aetate
2214 2144 2313 2190 Aga-

1271 2196 1510 2232 tharchidem
1537 2198 1788 2245 superaverit,
1813 2198 1957 2233 nescio.
1981 2198 2160 2234 Diversus
2181 2199 2228 2235 ab
2248 2211 2316 2245 eo,

1266 2262 1361 2302 puto
1376 2281 1387 2299 ,
1431 2254 1502 2290 fuit
1542 2255 1783 2304 Diophantus
1828 2255 2157 2302 Lacedaemonius,
2203 2270 2319 2305 quem

1270 2313 1577 2360 quattuordecim
1605 2315 1883 2362 Antiquitatum
1902 2314 2041 2359 libros,
2065 2327 2135 2352 nec
2159 2328 2240 2352 non
2259 2317 2318 2353 De

1266 2372 1380 2407 sacris
1400 2371 1558 2407 deorum
1576 2384 1673 2421 opus
1700 2373 1887 2421 scripsisse
1914 2374 1967 2408 ait
1989 2373 2208 2422 Fulgentius
2234 2373 2316 2425 (⁸).

1311 2450 1351 2491 (*)
1371 2453 1467 2483 Error
1481 2451 1650 2483 facillimus
1668 2452 1736 2484 erat
1752 2451 1777 2484 si
1791 2460 1826 2484 re
1847 2461 1924 2484 vera
1947 2452 2148 2493 Diophantus
2170 2453 2316 2494 exstitit,

1270 2497 1325 2537 qui
1350 2498 1502 2530 Politica
1526 2498 1664 2539 scripsit.
1694 2498 1788 2535 Quod
1812 2507 1888 2530 sane
1912 2507 1978 2530 non
2003 2499 2144 2531 alienum
2167 2499 2252 2533 roret
2275 2500 2318 2533 ab

1271 2544 1452 2584 Diophanto
1477 2545 1570 2585 cujus
1595 2545 1740 2577 meminit
1767 2545 1951 2578 Aristoteles
1965 2545 2031 2578 Pol.
2054 2548 2096 2585 V,
2109 2548 2142 2587 4,
2161 2550 2216 2587 13,
2234 2547 2310 2579 ubi:

1270 2591 1364 2632 Εἴπερ
1379 2592 1600 2632 δεῖ-’δημοσίους
1614 2593 1691 2624 εἷναι
1703 2593 1774 2629 τοὺς
1790 2592 1830 2624 τὰ
1842 2593 1932 2624 κοινὰ
1947 2593 2168 2635 ἐργαζομένους
2177 2617 2187 2634 ,
2200 2595 2248 2626 δεῖ
2259 2605 2315 2626 κα·

1269 2637 1363 2678 θάπερ
1374 2638 1405 2669 ἐν
1421 2638 1599 2680 Ἐπιδάμνῳ
1614 2650 1648 2671 τε
1661 2640 1713 2671 καὶ
1725 2642 1766 2676 ὡς
1777 2639 1993 2680 Διόφαντός
2006 2651 2082 2672 ποτε
2092 2641 2316 2679 κατεσκεύαζεν

1271 2682 1432 2725 Ἀθήνησι,
1458 2689 1567 2717 τοῦτον
1600 2686 1682 2727 ἔχειν
1701 2687 1754 2718 τὸν
1786 2686 1913 2726 τρόπον.
1929 2687 2066 2719 Aliunde
2096 2687 2138 2719 de
2159 2688 2223 2720 hoc
2249 2697 2316 2721 non

1268 2732 1412 2770 constat,
1436 2730 1497 2763 nisi
1519 2731 1604 2763 idem
1617 2734 1666 2764 est
1683 2741 1758 2764 cum
1784 2733 1930 2772 rhetore,
1946 2733 2082 2774 Philippi
2108 2734 2245 2774 oequali,
2275 2734 2317 2766 de

1269 2785 1334 2816 quo
1353 2786 1384 2808 v.
1414 2778 1624 2810 Demosthen.
1650 2787 1682 2818 p.
1701 2781 1782 2817 403,
1812 2782 1966 2820 ¹05436,
1997 2785 2054 2820 13;
2078 2782 2152 2821 498,
2175 2785 2235 2821 26;
2253 2785 2315 2813 505

1268 2824 1351 2855 extr.
1366 2824 1414 2856 Cf.
1434 2825 1673 2857 Westermann.
1688 2835 1741 2866 qr.
1757 2827 1896 2859 Bereds.
1918 2830 2006 2866 53,7.

1308 2871 1372 2910 (**)
1387 2870 1477 2903 Alius
1492 2871 1693 2916 Diophantus
1710 2872 1984 2913 (Ecphantuse)
2006 2874 2054 2905 est
2070 2876 2313 2914 Syracusanus,

1266 2916 1473 2956 philosophus
1492 2918 1726 2958 Pythagoreus,
1744 2919 1836 2958 cujus
1848 2919 1888 2951 de
1905 2920 2016 2951 mundi
2029 2923 2104 2951 ortu
2116 2920 2309 2952 sententiam

1265 2963 1360 2995 affert
1372 2963 1562 2995 Theodoret.
1573 2965 1712 3005 Therap.
1728 2967 1785 3004 lv,
1798 2973 1829 3005 p.
1845 2968 1918 2997 795.
1934 2966 2021 2997 Alios
2033 2965 2146 2998 videiu
2157 2966 2311 2998 Tlioeaur.

1266 3011 1303 3042 L.
1323 3012 1379 3042 Gr.
1396 3019 1423 3042 s.
1439 3019 1471 3042 V.
1488 3012 1521 3042 et
1536 3010 1570 3041 in
1586 3011 1710 3043 Fabi-ic.
1728 3013 1761 3043 B.
1781 3014 1836 3043 Gr.
1853 3013 1902 3052 V,
1921 3021 1952 3052 p.
1967 3014 2029 3044 645
2044 3021 2094 3052 sq.
2107 3029 2150 3036 —
2163 3013 2258 3050 Quod
2273 3014 2313 3046 ad

1269 3057 1451 3097 Diophanes
1471 3059 1618 3089 auctores
1634 3058 1676 3089 cs.
1699 3059 1768 3089 not.
1791 3058 1833 3089 ad
1855 3058 1894 3089 fr.
1915 3058 2119 3099 Theophanis
2141 3059 2223 3092 tom.
2246 3061 2313 3099 111,

1272 3111 1304 3143 p.
1319 3107 1392 3135 312.

1267 3199 1374 3231 Rebus
1393 3199 1526 3231 Creticis
1541 3199 1702 3239 narravit,
1716 3207 1754 3231 ac
1766 3200 1938 3242 Dionysius
1948 3201 2166 3234 Chalcidensis
2175 3201 2206 3234 in
2217 3209 2314 3243 opere

1267 3253 1315 3283 De
1330 3250 1503 3291 originibus
1515 3250 1655 3283 urbium.

1764 3306 1820 3338 14.

1307 3358 1455 3390 Xanthus
1490 3358 1596 3399 Lydus
1627 3359 1712 3390 circa
1747 3359 2038 3392 duodevicesimam
2069 3360 2290 3402 Olympiadem
2300 3384 2310 3400 ,

1267 3410 1439 3450 Dionysius
1458 3418 1533 3442 vero
1547 3410 1631 3442 circa
1650 3409 1809 3442 decimam
1832 3411 1977 3451 quintam
1991 3411 2132 3444 Thasum
2149 3411 2314 3445 conditam

1266 3470 1333 3494 esse
1348 3461 1469 3493 dicunt.
2265 3465 2268 3468 ’
