2372 3704
954 216 1005 254 ΙΝ
1041 217 1318 256 VOLUMlNE
1348 218 1378 256 1.

80 308 231 345 colonia
250 307 488 355 Pelasgorum
514 312 614 349 erat,
637 305 704 352 qui
728 306 879 340 Macare
903 305 1001 341 duce
1019 313 1128 354 post-

79 379 193 414 quam
208 378 229 402 e
244 366 388 403 Graecia
399 365 438 399 in
449 365 575 401 Asiam
593 363 834 411 trajecerant,
853 376 969 411 quum
983 365 1073 400 alias
1083 377 1129 399 ex

78 426 212 461 vicinis
233 425 483 472 Hellesponto
502 424 642 459 insulas
673 431 752 459 tum
783 423 946 459 Lesbum
970 435 1132 472 occupa-

80 489 287 531 vei-unt;.v.
309 482 468 528 Dionys,
498 481 537 525 Ι,
565 480 610 516 18
625 507 635 525 ,
656 493 768 528 (1116111
791 481 993 517 verisimile
1018 489 1072 517 est
1092 482 1131 516 in

76 541 134 577 his
147 541 254 589 sequi
270 541 523 576 Hellanicum.
552 541 608 575 Ex
631 540 756 575 Lesbo
778 539 916 576 dein'de
936 541 978 575 in
994 540 1130 578 Chium

77 601 261 644 insulam,
283 600 458 643 Samum,
483 598 590 649 Con,
615 598 797 634 Rhodum
817 599 977 634 colonos
1002 600 1131 634 missos

77 670 157 695 esse
179 658 357 708 perhibet
375 657 570 693 Diodorus
589 658 642 702 V,
674 656 744 702 813
779 670 857 705 quo
886 657 1128 693 referendum

75 718 229 754 videtur
267 717 519 765 fragmentum
556 729 569 751 1
583 729 627 751 12
640 744 651 764 ,
684 716 753 752 ubi
792 717 930 752 citatur
960 713 1062 753 Ἑλλ.
1095 715 1130 752 ἐν

76 777 127 827 τῷ
162 775 268 828 Περὶ
296 774 406 814 Χίου
436 774 630 817 κτίσεως.
662 775 718 811 Cf.
750 775 795 812 fr.
822 775 916 822 113,
944 788 1022 823 quo
1043 776 1129 811 loco

75 844 252 872 narratur
272 835 320 871 de
346 836 492 871 colonis
514 835 640 871 Lesbo
666 842 763 883 puta
785 835 1052 883 navigantibus
1069 843 1130 871 at-

77 906 152 941 que
168 893 217 930 ad
249 893 443 929 Tenedum
473 900 508 929 et
526 895 714 929 Lemnum
734 893 1034 941 appellentibus,
1062 893 1130 928 ubi

75 964 164 1004 pars
183 965 316 989 eorum
335 952 536 988 manebat:
557 949 762 999 Τούτοις(1.
801 963 832 986 6.
848 952 980 1000 primis
997 953 1129 987 Lemni

76 1011 235 1055 incolis,
252 1012 318 1058 qui
345 1011 481 1046 Sinties
501 1010 794 1058 appellabantur
816 1017 976 1059 propter
1007 1010 1129 1046 fabri-

76 1083 159 1106 cam
176 1082 371 1106 armorum
389 1077 503 1117 atque
522 1070 684 1106 telorum
710 1068 796 1118 πρὸς
816 1067 855 1104 τὸ
875 1067 1031 1104 σίνεσθαι
1052 1067 1129 1110 τοὺς

75 1126 249 1177 πλησίον)
272 1125 468 1180 συνῴκισαν
492 1124 635 1168 ἑαυτοὺς
667 1125 795 1174 ἀναμὶξ
815 1128 860 1168 ὡς
879 1121 984 1172 ἦλθον
1010 1126 1128 1164 αὐτόθι

75 1186 136 1225 καὶ
157 1186 344 1224 κατέλιπον
375 1189 458 1228 ναῦς
478 1184 601 1230 πέντε,
620 1187 762 1222 scilicet
784 1199 903 1234 quum
919 1187 1128 1234 pergebant

75 1247 117 1281 in
137 1247 297 1282 insulam
311 1246 463 1283 Chium.
484 1246 522 1281 Si
551 1245 599 1280 de
628 1244 757 1280 Rhodi
778 1246 891 1280 etiam
919 1252 1032 1294 atque
1060 1246 1128 1281 Coi

76 1306 288 1354 originibus
305 1304 505 1353 proditum
527 1311 624 1348 erat,
644 1303 862 1350 adjunxeris
888 1316 971 1352 quae
1002 1304 1048 1339 de
1075 1305 1130 1340 his

76 1368 225 1408 exstant
248 1364 296 1401 fr.
324 1376 393 1409 ¹07
419 1370 457 1398 et·
474 1362 559 1398 103.
577 1362 651 1398 Sed
681 1363 838 1398 alteram
859 1362 998 1397 deinde
1020 1363 1130 1398 colo-

75 1423 179 1463 niam
198 1422 341 1457 Lesbus
357 1422 507 1468 accepit
523 1427 612 1468 post
628 1421 784 1465 Troica,
804 1419 872 1455 ubi
894 1420 1055 1455 ducibus
1072 1422 1128 1456 Ti-

75 1492 253 1524 sameno,
273 1480 469 1523 Pennino,
502 1479 584 1513 aliis
610 1478 736 1514 AEoles
755 1479 919 1527 primam
946 1479 1050 1514 illam
1067 1479 1129 1513 in-

75 1539 213 1583 sulam,
252 1537 390 1572 deinde
424 1537 613 1574 AEolidem
640 1549 723 1584 quae
743 1537 828 1574 inde
859 1537 1130 1572 nominabatur

74 1597 276 1645 petebant;
302 1596 350 1631 de
368 1607 444 1643 qua
462 1608 504 1630 re
524 1596 738 1633 Hellanicus
754 1595 931 1633 laudatur
952 1595 998 1632 fr.
1023 1608 1038 1631 1
1052 1601 1095 1639 14
1117 1609 1125 1631 :

78 1653 167 1705 Περὶ
185 1653 221 1692 δὲ
235 1656 296 1700 τῆς
308 1652 477 1703 Ὀρέστου
495 1653 542 1695 εἷς
555 1651 617 1697 τὴν
637 1652 783 1690 Αἰολίδα
799 1651 960 1694 ἀποικίας
972 1651 1076 1692 Ἓλλ.
1094 1654 1126 1689 ἐν

73 1715 124 1764 τῷ
144 1712 274 1765 πρώτῳ
293 1712 467 1750 Αἰολικῶν
489 1711 697 1757 δεδήλωκεν,
715 1719 752 1747 et
776 1712 870 1749 ibid.
892 1725 900 1748 ε
920 1710 978 1750 Τὰ
998 1710 1034 1749 δὲ
1049 1710 1128 1764 περὶ

74 1765 136 1818 τ’ῆξ
166 1771 328 1813 ἀποικίας
362 1769 501 1809 Λέσδου
530 1768 631 1808 ‘EM
654 1772 672 1807 ὃ
703 1769 850 1813 Λέσὸιος
870 1772 1000 1822 ἱστορεῖ
1031 1772 1065 1807 ἐν
1092 1771 1125 1808 α’

74 1831 264 1879 Αἰολικῶν,
281 1831 384 1867 unde
400 1838 503 1879 patet
519 1831 668 1866 AEolica
682 1838 719 1866 et
733 1831 895 1866 Lesbica
906 1831 1044 1866 eodem
1055 1844 1123 1866 vo-

74 1891 216 1926 lumine
237 1891 409 1939 exposita
424 1890 549 1927 fuisse.
563 1890 704 1924 Mirum
722 1889 827 1936 quod
843 1890 1021 1924 narrabat
1034 1891 1126 1926 Ore-

74 1956 168 1986 stem
189 1951 315 1998 ipsum
331 1950 545 1996 pervenisse
568 1948 728 1983 Lesbum
740 1975 749 1991 ,
773 1955 907 1983 contra
921 1954 1126 1996 (1113111113-

75 2009 172 2044 dunt
192 2009 322 2044 ceteri.
348 2025 362 2039 »
377 2029 426 2034 —
443 2008 556 2042 Lz'bro
569 2011 695 2054 primo
716 2007 950 2042 adscribitur
968 2006 1013 2044 fr.
1044 2019 1057 2041 1
1070 2020 1082 2041 1
1094 2020 1127 2052 7,

75 2067 123 2102 de
141 2068 250 2103 Lesbi
271 2068 355 2101 loco
369 2093 379 2109 ,
400 2078 513 2113 quem
534 2064 711 2106 Μαλλόεις
737 2065 939 2110 dicebant3
958 2065 1005 2101 fr.
1032 2078 1046 2100 1
1060 2065 1120 2110 18,

75 2125 122 2161 de
136 2125 306 2173 Tragasis
320 2125 356 2158 in
368 2124 537 2167 Troade3
556 2125 650 2159 libro
663 2125 823 2159 secundo
835 2123 878 2158 fr.
901 2136 914 2158 1
928 2136 939 2158 1
949 2135 972 2170 9
984 2130 1019 2158 et
1037 2136 1049 2158 1
1060 2136 1125 2168 20,

75 2184 123 2229 de
138 2185 256 2232 Nape,
272 2183 383 2219 Lesbi
399 2183 501 2219 loco.
519 2182 630 2218 Adde
647 2179 699 2220 fr,'
719 2194 805 2227 121,
827 2182 872 2217 de
890 2183 1017 2219 Metao
1033 2195 1125 2230 opp.

73 2243 258 2289 LesLico3
280 2242 327 2277 fr.
353 2254 367 2276 1
381 2241 424 2276 16
442 2240 583 2286 et134,
603 2241 650 2276 de
665 2244 757 2276 Asso
773 2248 810 2276 et
823 2241 999 2288 Gargaris
1017 2253 1125 2289 opp.;

75 2301 123 2349 lsr.
149 2314 162 2336 1
176 2314 188 2336 1
199 2300 234 2345 5,
247 2301 293 2336 de
308 2301 439 2335 Pitana
453 2327 463 2346 ,
481 2311 595 2347 quam
611 2312 629 2333 a
648 2300 806 2348 Pelasgis
823 2300 1020 2334 subactam
1034 2301 1127 2347 Ery-

76 2360 183 2396 thraei
201 2361 238 2394 in
257 2360 471 2394 libertatem
493 2358 751 2395 vindicarunt.

132 2418 378 2462 ΠΙΞΡΣΙΚΑ,
401 2415 494 2467 βιὸλ.
518 2415 564 2466 β’.
591 2437 644 2444 -
669 2418 791 2452 [1111111
822 2416 839 2451 Ι
864 2415 1127 2465 (Assyriorum

75 2485 113 2514 et
132 2477 332 2512 Medorum
348 2476 528 2523 historia)
550 2487 558 2512 2
579 2475 643 2512 Fr.
669 2475 740 2510 160
755 2482 793 2510 et
819 2474 890 2522 159
905 2471 956 2520 (α’
982 2475 1127 2526 Περσ.),

77 2537 222 2579 Perses,
253 2535 380 2570 Persei
411 2534 455 2579 f.‚
488 2534 629 2582 Cephei
651 2546 695 2570 ex
712 2534 958 2569 Andromeda
985 2547 1125 2581 nepos,

75 2608 97 2631 a
110 2594 292 2632 Chaldaeis
312 2606 332 2628 e
348 2593 542 2642 Cephenia
557 2593 697 2640 ejectus
713 2593 750 2627 in
771 2593 896 2630 Artaea
913 2593 963 2640 (ἐς
982 2590 1026 2628 τὰ
1046 2591 1128 2644 Ἀρ-

74 2653 178 2701 ταῖα)
212 2653 358 2689 transit.
379 2673 432 2680 --
453 2654 516 2690 Fr.
543 2651 613 2687 163
640 2659 677 2687 et
713 2652 806 2698 169,
829 2651 877 2687 de
905 2654 1035 2687 Atossa
1067 2664 1126 2687 re-

75 2714 175 2761 gina.
190 2733 243 2739 —
258 2713 320 2748 Fr.
342 2711 414 2747 158
436 2709 494 2760 (ot'
518 2711 628 2758 Περσ.
642 2707 670 2761 ),
693 2710 953 2758 Sardanapalli
967 2710 1058 2745 duo.
1075 2731 1128 2737 —

76 2773 139 2808 Fr.
162 2771 224 2807 30.
249 2772 321 2806 Pro
337 2769 465 2814 Medo,
481 2770 623 2805 Medeae
640 2775 677 2804 et
696 2769 802 2817 AEgei
824 2769 863 2814 f.,
877 2781 989 2816 quem
1009 2769 1128 2804 Medis

76 2830 185 2878 (olim
202 2829 319 2876 Ariis)
340 2841 481 2863 nomen
502 2827 649 2863 dedisse
668 2827 891 2875 perhibent,
913 2827 1128 2863 Hellanicus

75 2889 193 2924 habet
209 2888 442 2934 Polyxenum
454 2914 463 2931 ,
484 2886 626 2921 Medeae
642 2893 680 2921 et
694 2886 837 2921 Iasonis
848 2885 872 2921 f.
888 2906 941 2912 —
958 2886 1021 2922 Fr.
1041 2885 1127 2928 168,

76 2949 174 2983 Ariae
202 2954 238 2982 et
256 2947 434 2981 Ariorum
453 2945 612 2980 mentio.
629 2965 682 2972 —-
706 2946 829 2981 Limen
849 2945 885 2980 11
910 2955 918 2981 :
937 2945 1002 2980 Fr.
1037 2944 1126 2991 164,

77 3006 280 3053 Cambyses
291 3005 406 3040 frater
417 3004 581 3052 Marphii
593 3011 629 3039 et
639 3003 878 3052 Memphidis.
891 3024 944 3029 —
959 3004 1020 3039 Fr.
1038 3003 1126 3048 167,

75 3064 297 3111 Daphernes
324 3063 444 3111 (unus
469 3075 513 3098 ex
532 3069 676 3110 septem
690 3089 699 3106 ,
719 3062 785 3109 qui
811 3061 1127 3096 Pseudosmerdin

77 3122 384 3170 interfecerunt).
405 3123 529 3159 —F1·.
559 3121 631 3157 166
643 3147 654 3166 ,
670 3121 776 3156 Darii
793 3118 861 3155 filii
875 3119 1052 3155 undecim
1071 3117 1127 3167 C).

121 3242 162 3282 (*)
179 3243 367 3281 Fragmenta
383 3243 452 3280 164,
466 3244 522 3273 167
531 3241 564 3272 et
579 3244 636 3272 166
650 3240 750 3280 petita
763 3241 888 3271 suntex
903 3239 1004 3271 schol.
1023 3238 1128 3270 AEsch.

80 3290 168 3320 Pers.
187 3297 220 3318 v.
238 3291 314 3327 775,
334 3291 408 3326 778,
439 3291 511 3320 779.
534 3287 609 3318 Veri
626 3287 826 3318 simillimum
844 3288 909 3325 est,
936 3285 1023 3325 quod
1043 3285 1130 3316 Prel-

80 3336 167 3367 }erus
180 3336 301 3372 monet,
311 3344 350 3366 ex
360 3334 473 3366 eodem
490 3335 577 3366 fonte
590 3334 719 3365 {luxisse
730 3342 803 3373 qum
815 3342 865 3373 ap.
879 3333 1014 3364 eundem
1026 3331 1127 3362 schol.

81 3382 122 3413 ad
136 3390 166 3412 v.
198 3384 255 3413 771
277 3382 425 3420 leguntur
438 3381 478 3412 de
492 3381 614 3412 ratione
631 3390 696 3421 qua
711 3380 752 3411 ad
771 3389 903 3420 regnum
922 3379 1037 3410 Darius
1053 3387 1126 3418 per-

83 3428 216 3460 venerit.
235 3440 249 3454 a
263 3431 343 3466 Quae
360 3429 499 3460 narratio
511 3451 521 3467 ,
544 3428 701 3459 Prellerus
719 3436 749 3467 p.
768 3430 807 3459 33
830 3426 894 3465 ait,
912 3426 1070 3466 discrepat
1088 3425 1130 3456 ab

2159 228 2235 261 68³

1198 328 1251 333 —-
1269 308 1332 344 Fr.
1359 307 1425 343 161
1453 306 1511 358 (β’
1534 307 1670 359 Περσ.)
1685 335 1695 353 ,
1721 310 1904 356 Tyrediza
1923 311 1963 346 in
1990 311 2151 348 Thracia
2173 310 2238 359 (ex

1190 365 1274 403 hist.
1291 366 1543 414 expeditionis
1559 366 1692 403 Xerxis
1705 395 1715 413 ,
1735 375 1778 402 ut
1794 380 1856 415 ap.
1883 369 2026 407 Herod.
2044 371 2130 415 VII,
2149 369 2234 418 25).

1190 444 1244 451 -
1257 425 1320 461 Fr.
1347 424 1418 459 162
1440 423 1491 474 (β’
1509 424 1622 475 Περσ.
1639 425 1667 471 l,
1689 426 1856 474 Strepsa,
1871 427 2039 471 Thraciae
2054 429 2157 464 urbs.
2184 450 2236 456 —

1190 484 1253 521 Fr.
1275 483 1319 519 81
1339 510 1349 528 ,
1376 484 1486 519 Naxii
1501 485 1661 519 navibus
1681 496 1745 519 sex
1776 492 1909 520 contra
1941 487 2069 522 Persas
2096 487 2238 523 Graecis

1191 542 1431 577 auxiliantur.
1454 563 1501 570 —
1519 541 1622 578 Adde
1639 541 1683 578 fr.
1712 541 1782 577 165
1797 569 1806 585 ‚
1823 542 1890 576 ubi
1910 543 2047 579 Ctesias
2068 545 2235 580 Hellani-

1190 613 1276 636 cum
1288 607 1432 636 notasse
1448 600 1603 645 dicitur,
1623 600 1729 648 quod
1748 601 1953 648 ignorasset
1970 602 2090 650 legem
2104 604 2239 640 Persa-

1188 672 1296 706 rum,
1320 672 1367 695 ex
1389 672 1464 707 qua
1484 672 1651 696 cremare
1663 666 1836 695 mortuos
1854 659 1958 695 nefas
1970 667 2036 697 est.

1243 718 1436 757 lEPFAAl
1463 715 1640 763 “HPAZ,
1666 716 1762 768 βιὸλ.
1795 715 1839 766 γ’.
1867 719 1986 754 Lmen
2014 719 2032 754 I
2056 731 2065 754 ε
2087 719 2153 756 Fr.
2188 723 2236 764 44

1189 774 1200 828 (
1218 774 1300 828 Ἱερ.
1330 775 1380 827 α’)
1397 805 1409 824 ,
1446 778 1600 826 Sipylus
1635 777 1727 812 urbs
1764 777 1934 824 Phrygiae
1979 774 1990 826 (
2010 789 2055 812 ex
2090 778 2237 813 Tantali

1187 835 1378 885 historia).
1399 838 1456 872 De
1474 837 1577 872 fonte
1595 836 1763 884 quodam
1791 835 1839 871 ad
1869 836 2098 883 Magnesiam
2115 848 2239 884 prope

1188 895 1357 944 Sipylum
1385 908 1419 932 v.
1453 895 1498 932 fr.
1517 895 1620 930 125.
1648 916 1700 921 -
1725 895 1790 931 Fr.
1821 894 1869 936 46
1907 891 2007 944 (Ἱερ.
2036 891 2124 940 α’),
2151 895 2240 931 Cer.

1189 966 1279 1002 cyra
1297 955 1452 1002 Asopis,
1486 967 1508 990 a
1528 966 1605 1001 qua
1626 954 1746 989 insula
1768 953 1952 997 vocitata,
1973 960 2093 988 mater
2109 954 2241 990 Phaea-

1162 1014 1164 1016 ’
1188 1015 1254 1049 615.
1282 1037 1335 1042 --
1355 1015 1417 1050 Fr.
1443 1012 1491 1056 45
1517 1011 1620 1063 (Ἱερ.
1646 1012 1714 1057 α’),
1733 1012 1914 1057 Macedo,
1937 1013 2037 1048 AEoli
2053 1012 2095 1056 f.‚
2113 1025 2134 1049 a
2161 1026 2239 1061 quo

1187 1073 1429 1109 Macedones.
1454 1093 1503 1099 --
1522 1073 1585 1108 Fr.
1605 1071 1648 1107 51
1675 1080 1712 1108 et
1736 1071 1800 1116 53,
1827 1073 2012 1117 Alcyones
2032 1071 2240 1108 sacerdotis

1191 1130 1299 1180 (quae
1316 1139 1395 1167 erat
1409 1130 1486 1166 filia
1506 1131 1672 1166 Stheneli
1693 1142 1880 1177 sororque
1900 1130 2117 1177 Eurysthei)
2139 1143 2239 1166 anno

1187 1191 1367 1238 vicesimo
1396 1197 1521 1234 sexto,
1553 1190 1662 1225 tertia
1687 1189 1931 1237 generatione
1960 1194 2047 1223 ante
2074 1189 2236 1236 Troica,

1188 1249 1305 1284 Siculi
1332 1261 1378 1284 ex
1402 1249 1511 1284 Italia
1533 1249 1572 1283 in
1592 1247 1780 1284 Sicaniam
1806 1254 2009 1282 transeunt.
2030 1246 2146 1296 [Quae
2176 1260 2240 1283 or-

1189 1306 1285 1342 dinis
1305 1307 1568 1355 chronologici
1587 1318 1699 1341 causa
1724 1306 1786 1340 hic
1807 1305 2039 1353 interposui3
2069 1305 2238 1340 Hellani-

1189 1377 1254 1400 cus
1271 1365 1318 1400 de
1338 1365 1396 1401 his
1413 1366 1452 1400 in
1468 1364 1634 1400 secundo
1649 1364 1749 1399 libro
1767 1363 1904 1398 dixisse
1918 1363 2050 1407 fertur,
2067 1375 2112 1398 eo
2134 1363 2238 1399 haud

1188 1423 1304 1459 dubie
1326 1425 1414 1459 loco
1435 1424 1502 1459 ubi
1522 1423 1569 1458 de
1589 1423 1810 1459 Graecorum
1830 1422 1989 1457 coloniis
2013 1422 2052 1456 in
2071 1420 2240 1457 Siciliam

1189 1482 1362 1518 deductis
1382 1494 1594 1518 sermonem
1624 1479 1749 1529 secit.]
1769 1500 1818 1506 —-
1845 1478 2051 1528 [Alcyonae
2071 1480 2240 1515 succedit

1190 1542 1363 1586 Admela,
1379 1540 1458 1576 fllia
1469 1540 1683 1588 Eurysthei.
1698 1539 1892 1586 Syncellus
1902 1551 1938 1585 p.
1959 1550 2029 1583 172
2043 1550 2052 1573 2
2067 1535 2238 1586 Ἀδμήτη,

1188 1598 1342 1651 θυγάτηρ
1374 1597 1600 1649 Εὐρυσθέως,
1631 1598 1665 1634 ἐν
1700 1594 1818 1648 Ἀργει
1857 1594 2054 1646 ἱεράτευσεν
2086 1594 2147 1641 ἔτη
2182 1595 2239 1641 λη’

1193 1659 1236 1707 (l.
1256 1658 1309 1704 νη’
1328 1661 1354 1706 )
1375 1658 1420 1695 Αἰ
1446 1656 1516 1694 ἀπὸ
1533 1655 1662 1702 ταύτης
1687 1653 1750 1701 τὴν
1782 1653 1972 1705 ἱερωσύνην
1994 1652 2240 1702 διαδεξάμεναι

1188 1716 1385 1759 ψαλίδες
1404 1715 1630 1766 καλοῦνται.]
1660 1736 1708 1743 -
1729 1715 1794 1752 Fr.
1816 1718 1878 1760 47.
1900 1711 2004 1763 (Ἱερ.
2026 1711 2100 1761 α’),
2123 1714 2241 1749 Nisaea

1188 1778 1227 1812 in
1248 1777 1439 1825 Megaride
1456 1789 1477 1812 a
1499 1777 1612 1820 Niso,
1636 1774 1838 1810 Pandionis
1857 1772 1953 1817 filio,
1974 1773 2164 1810 conditur.
2186 1793 2239 1799 -—

1191 1835 1385 1885 [Admetoe
1402 1835 1604 1870 sacerdota·
1623 1845 1723 1868 anno
1756 1831 1821 1874 58,
1854 1835 1917 1879 qui
1934 1839 2142 1879 postremus
2160 1839 2243 1866 erat

1188 1895 1301 1941 hujus
1319 1895 1529 1936 sacerdotis,
1554 1891 1762 1940 apotheosis
1782 1891 1969 1934 Herculi.s·,
1991 1902 2065 1926 sec.
2092 1891 2234 1924 Marm.

1190 1955 1365 1996 Fames„
1382 1953 1443 1987 nbi
1461 1965 1474 1986 .·
1494 1948 1609 2000 ’Ὴρας
1623 1948 1777 2000 Ἀργείας
1793 1946 1902 1997 ἱέρεια
1926 1946 2081 1995 Ἀδμάτα
2096 1975 2105 1992 ,
2127 1947 2237 1998 Εὐρυ-

1188 2013 1295 2053 σθέως
1311 2008 1370 2047 καὶ
1387 2007 1559 2059 Ἀδμάτας
1573 2013 1633 2049 τᾶς
1647 2005 1928 2055 Ἀμφιδάμαντος
1942 2003 2002 2051 ἔτη
2017 2004 2093 2055 νη’]
2111 2005 2172 2054 (²⁶)
2187 2025 2239 2032 —

1187 2110 1242 2141 illa
1256 2118 1330 2150 quae
1358 2109 1475 2148 legitur
1500 2107 1585 2147 apud
1615 2105 1813 2137 Herodotum
1843 2105 1875 2135 et
1896 2104 2058 2143 Ctesiam,
2078 2103 2240 2143 habetque

1187 2165 1257 2188 eam
1277 2157 1412 2187 formam
1422 2179 1431 2195 ,
1443 2156 1479 2186 ut
1491 2154 1586 2185 fando
1598 2153 1803 2192 magisquam
1818 2153 1906 2182 certa
1923 2150 2111 2190 cognitionis
2125 2150 2186 2182 fide
2196 2149 2238 2181 ad

1187 2206 1353 2235 auctorem
1385 2201 1566 2243 pervenisse
1590 2209 1683 2238 eam,
1709 2207 1813 2239 neque
1832 2200 1903 2238 post
1920 2197 2118 2229 Herodotum
2140 2199 2239 2237 atque

1187 2251 1327 2282 Ctesiam
1345 2250 1383 2281 ad
1402 2250 1491 2280 illum
1511 2247 1642 2279 modum
1661 2247 1733 2286 tingi
1750 2245 1892 2286 potuisse
1905 2244 2058 2276 3111111165.
2094 2244 2238 2284 Camby-

1186 2306 1253 2329 sem
1268 2297 1346 2328 dicit
1363 2298 1394 2328 in
1418 2297 1591 2336 AEgyptum
1615 2293 1872 2334 proticiscentem
1887 2290 2126 2331 duobusmagis
2139 2290 2238 2322 admi-

1187 2344 1410 2375 nistrationem
1423 2343 1509 2383 regni
1526 2341 1706 2380 mandasse,
1721 2340 1855 2371 consilio
1867 2340 1961 2371 simul
1972 2348 2013 2370 ex
2023 2338 2184 2370 nobilibus
2197 2337 2238 2369 ad

1187 2400 1322 2431 regnum
1340 2389 1596 2431 participandum
1627 2389 1784 2427 sorinat03
1811 2389 1899 2418 certe
1914 2386 1979 2418 tale
2003 2385 2078 2426 quid
2109 2385 2239 2416 subesse

1188 2439 1314 2470 videtur
1334 2437 1413 2476 illis,
1431 2436 1536 2472 ἐπειδὴ
1554 2437 1583 2466 οἱ
1601 2435 1718 2475 Πέρσαι
1732 2433 1833 2465 πάντα
1845 2437 1884 2475 τῇ
1898 2434 1994 2474 βουλῇ
2009 2431 2237 2472 διεπράττοντο,

1188 2485 1337 2524 idemque
1352 2483 1520 2515 consilium
1535 2482 1633 2513 habes
1645 2481 1731 2521 apud
1744 2480 1928 2521 AEschylum
1943 2481 1975 2511 in
1996 2479 2109 2511 Persis.
2130 2480 2239 2518 Magos

1188 2532 1259 2563 illos
1272 2531 1411 2572 appellat
1426 2530 1657 2569 Artaphernem
1672 2530 1704 2559 et
1719 2527 1863 2567 Darium,
1879 2536 1953 2567 qua¹
1968 2527 2099 2558 nomina
2112 2534 2152 2556 ne
2164 2534 2239 2556 0011-

1188 2579 1311 2610 fusione
1329 2580 1398 2609 orta
1419 2579 1589 2618 putemus,
1619 2576 1694 2607 facit
1720 2574 1806 2615 quod
1834 2574 1974 2612 additur,
1993 2573 2079 2604 hunc
2103 2573 2238 2604 Darium

1188 2626 1287 2657 alium
1317 2625 1412 2656 1111556
1437 2626 1535 2663 atque
1554 2632 1629 2655 eum
1647 2622 1702 2662 qui
1731 2630 1865 2661 regnum
1889 2624 1999 2661 postea
2024 2619 2159 2660 adeptus
2177 2619 2236 2659 sit;

1188 2674 1274 2705 unde
1289 2674 1376 2713 patet
1390 2674 1557 2704 auctorem
1574 2671 1614 2702 de
1634 2669 1718 2701 veris
1731 2669 1915 2700 nominibus
1927 2667 2070 2699 nondum
2095 2675 2239 2707 comper-

1187 2723 1258 2752 tum
1273 2720 1431 2752 habuisse.
1448 2721 1557 2758 Magos
1582 2718 1654 2749 illos
1673 2718 1743 2757 post
1762 2718 1898 2747 mortem
1917 2714 2086 2754 cambysis
2107 2714 2149 2745 ab
2179 2722 2236 2746 ce-

1187 2769 1263 2800 teris
1277 2768 1316 2799 de
1333 2776 1429 2807 regno
1452 2766 1593 2806 deiectos
1613 2773 1691 2796 6556.
1715 2765 1786 2794 ,13111
1818 2762 1973 2803 plurimos
1995 2770 2129 2801 regnum
2152 2761 2238 2792 ultro

1188 2815 1399 2851 (letrectasse3
1411 2813 1470 2844 sibi
1486 2812 1585 2851 magis
1599 2811 1724 2851 placere
1752 2809 1791 2840 ad
1809 2819 1903 2841 suum
1928 2808 2098 2840 arbitrium
2114 2807 2233 2839 vivere.

1189 2862 1421 2902 Artaphernem
1439 2869 1528 2898 vero,
1547 2860 1595 2889 vel
1612 2858 1719 2898 potius
1733 2857 1934 2897 Daphernem
1946 2864 2041 2896 quem
2056 2855 2238 2887 Hellanicus

1189 2908 1372 2948 appellabat
1387 2932 1395 2946 ‚
1410 2909 1507 2946 atque
1524 2905 1653 2936 Darium
1669 2906 1830 2935 certamen
1844 2904 1992 2943 equestre
2008 2901 2112 2933 iniisse
2125 2925 2134 2941 ,
2145 2902 2238 2941 pacto

1190 2958 1225 2986 ut
1236 2955 1329 2994 cujus
1343 2962 1459 2993 equus,
1480 2953 1534 2983 ubi
1551 2951 1590 2982 ad
1612 2953 1729 2982 metam
1744 2951 1878 2981 ventum
1890 2951 1992 2988 esset,
2012 2949 2151 2989 primum
2164 2947 2237 2979 11111-

1189 3003 1291 3040 niret,
1306 3001 1335 3032 ei
1352 3008 1484 3039 regnum
1498 2998 1686 3037 obtingeret.
1703 2999 1775 3029 Jam
1795 2997 1888 3028 Dario
1914 3005 1988 3027 cum
2005 2995 2158 3035 equisone
2179 3003 2238 3026 suo

1189 3049 1303 3080 callide
1324 3046 1563 3078 convenissent
1591 3045 1735 3076 tunicam
1761 3043 1802 3074 ad
1818 3043 1966 3083 genitalia
1988 3051 2081 3081 equae
2110 3040 2236 3072 feminae

1188 3095 1366 3133 affricaret,
1388 3102 1524 3132 eamque
1544 3092 1630 3123 fatali
1650 3091 1706 3122 illo
1729 3092 1895 3121 momento
1910 3089 1950 3120 ad
1977 3097 2070 3119 nares
2083 3088 2156 3128 equi
2178 3086 2236 3118 ad-

1190 3143 1346 3173 moveret.
1366 3142 1413 3172 lta
1441 3141 1560 3170 sactum
1582 3148 1650 3171 esse
1674 3139 1711 3169 ut
1736 3138 1852 3170 Darius
1867 3145 1961 3177 regno
1975 3136 2142 3177 potiretur.
2161 3134 2236 3166 Aliis

1189 3190 1280 3221 aliter
1299 3197 1366 3219 rem
1382 3186 1515 3218 narrari.
1533 3199 1548 3213 »

1232 3236 1271 3274 (*)
1293 3237 1407 3274 Operae
1424 3234 1559 3274 pretium
1575 3234 1622 3265 est
1635 3232 1805 3272 dispicere,
1821 3239 1898 3261 num
1912 3229 1952 3260 de
1966 3229 2087 3260 ratione
2100 3227 2235 3258 chrono-

1189 3282 1290 3321 logica
1309 3279 1504 3311 celeberrimi
1531 3279 1626 3318 11111115
1650 3278 1852 3310 sacerdotum
1875 3275 2008 3314 catalogi
2032 3271 2235 3314 probabiliter

1188 3327 1308 3369 aliquid
1320 3327 1414 3359 statui
1425 3328 1532 3366 queat.
1542 3346 1581 3351 —
1592 3325 1781 3357 t'ertinuisse
1792 3325 1908 3356 librum
1919 3324 2075 3363 primum
2086 3327 2185 3358 usque
2194 3317 2233 3348 ad

1189 3384 1311 3408 annum
1332 3376 1529 3414 postremum
1547 3372 1711 3411 Admotae,
1726 3380 1791 3411 quo
1804 3370 1844 3401 ad
1857 3369 1959 3400 divos
1975 3366 2127 3399 Hercules
2138 3363 2233 3402 abiit,

1189 3422 1378 3455 secundum
1392 3429 1468 3452 vero
1482 3420 1599 3452 librum
1610 3419 1737 3451 initium
1753 3417 1862 3449 secisse
1873 3425 1892 3448 a
1911 3412 2117 3447 Phalidibus
2131 3418 2234 3444 sacer-
