2372 3704
109 272 184 304 520

610 351 645 389 3.

158 420 284 457 Schol.
303 419 430 467 Apoll.
448 419 512 464 lv,
533 417 606 462 324
622 430 631 455 :
646 415 872 469 Ἀγγούρου
888 417 1026 470 ὄρεος]
1043 419 1153 465 Πλη-

108 476 180 514 σίον
196 475 336 527 Ἴστρου
350 478 522 525 ποταμοῦ.
539 474 759 524 Μνημονεύει
777 475 812 513 δὲ
827 476 930 513 αὐτοῦ
948 475 1150 526 Τιμάγητος

107 536 142 572 ἐν
157 533 321 584 Λιμέσιν.
341 536 388 573 V.
409 535 545 573 Ukert.
563 535 640 579 ΙΙΙ,
663 547 707 580 2,
729 547 767 583 p.
792 532 863 572 125
878 547 935 582 sq.

159 677 267 712 Idem
301 677 362 722 11,
388 676 482 712 1031
512 672 618 720 εΤὴν
645 673 872 725 Ἀρητιάδα
898 671 1022 720 νῆσόν
1048 687 1151 724 φασιν

96 732 175 780 ,ὑπὸ
188 731 362 785 Ὀτρήρας
378 735 438 778 τῆς
453 729 570 783 Ἄρεος
590 730 970 783 κατοικισθῆναι.“Περὶ
986 730 1022 767 δὲ
1035 732 1103 767 τῶν
1118 731 1152 767 ἐν

110 793 197 843 αὐτῇ
218 790 342 843 ὀρνέων
363 789 539 840 μέμνηται
554 790 771 840 Τιμάγητος.
792 788 871 827 Εἰσὶ
891 788 926 826 δὲ
948 788 1152 841 σιδηρόπτε·

111 865 183 902 ροι,
203 848 240 887 αἳ
255 847 415 900 λέγονται
435 848 689 900 Στυμφαλίδες.

614 924 648 960 5.

162 990 269 1026 Idem
283 991 319 1035 I,
335 994 408 1032 224
429 1000 438 1026 ε
460 988 503 1026 Εἰ
521 986 556 1023 δὲ
571 986 627 1024 ἐπὶ
643 985 796 1024 κίνδυνον
817 985 940 1029 αὐτοὺς
960 984 1062 1035 (τοὺς
1076 985 1153 1037 Ἄρ-

109 1044 299 1096 γοναύτας)
315 1044 468 1095 ἔπεμπεν
489 1047 507 1082 ὁ
527 1044 674 1091 Πελίας,
696 1043 752 1082 διὰ
768 1043 803 1081 τί
817 1046 834 1081 ὁ
849 1043 919 1087 υἱὸς
939 1046 1042 1081 αὐτοῦ
1056 1043 1154 1095 ἐξήρ-

108 1116 212 1155 χετο;
231 1102 290 1140 καὶ
311 1097 406 1145 οἶτος
431 1101 492 1151 μέν
522 1117 637 1154 φησιν,
658 1101 800 1145 ἄκοντος
820 1104 878 1138 τοῦ
899 1101 1043 1152 πατρός.
1075 1103 1153 1148 Δη-

110 1161 264 1212 μάγητος
281 1159 335 1206 δὲ,
355 1159 408 1197 ὅτι
425 1159 602 1197 ἐκέλευσεν
621 1161 639 1196 ὁ
657 1158 788 1202 Πελίας
810 1158 872 1205 τὴν
891 1156 1004 1209 Ἀργὼ
1022 1160 1153 1210 ἀραιοῖς

108 1219 252 1270 γόμφοις
281 1220 457 1269 παγῆναι,
483 1215 542 1254 ἵνα
569 1217 702 1268 ταχέως
729 1218 883 1268 ἀπολέσῃ
910 1216 1053 1260 αὐτούς·
1073 1219 1091 1254 ὃ
1118 1216 1153 1254 δὲ

107 1275 229 1328 Ἄργος
247 1275 445 1314 τούναντίον
461 1274 665 1321 πεποίηκεν.
690 1275 740 1314 Τὸ
754 1274 795 1322 δὴ
811 1274 931 1313 πιστὸν
946 1274 1036 1327 ἔχων
1055 1275 1152 1327 παρὰ

109 1338 168 1373 τοῦ
189 1334 344 1376 τέκτονος
363 1337 381 1372 ὁ
399 1332 570 1377 Ἄκαστος
584 1333 708 1379 ἐπέὸη.

161 1392 395 1443 Δημάγητος]
410 1393 517 1429 Idem
530 1394 669 1442 procul
682 1393 800 1430 dubio
813 1393 880 1442 qui
895 1394 1049 1443 reliquis
1060 1394 1155 1430 locis

108 1451 312 1502 Τιμάγητος
327 1460 501 1488 vocatur.

160 1569 369 1616 Stephanus
387 1568 475 1615 Byz.
497 1580 506 1606 ε
529 1566 653 1613 'Am-⁷3·
677 1565 784 1610 οὕτως
804 1570 825 1614 ἡ
843 1565 981 1613 Ἀττικὴ
999 1567 1155 1605 ἐκαλεῖτο

108 1625 177 1662 ἀπὸ
187 1625 346 1664 Ἀκταίου
358 1623 485 1668 τινός...
498 1623 604 1664 Ἔστι
614 1624 674 1662 καὶ
688 1625 791 1672 Ἀκτὴ
805 1625 1024 1676 Μαγνησίας,
1044 1625 1101 1678 ἀφ’
1115 1619 1156 1671 ἧς

105 1683 240 1726 Ἄκτιος
266 1684 324 1723 καὶ
349 1683 536 1728 Ἐπάκτιος
564 1684 741 1723 Ἀπόλλων
771 1691 928 1735 τιμᾶται.
962 1683 1069 1724 Ἔστι
1096 1683 1156 1722 καὶ

107 1742 471 1795 ἑτέραᾎκαρνανίας,
491 1737 532 1789 ἧς
552 1738 727 1793 μέμνηται
747 1743 971 1793 Δημάγητος.

159 1800 392 1852 Δημάγητος]
406 1801 618 1853 Δημάρατος
633 1803 754 1838 voluit
769 1803 915 1839 Berkel.

514 1905 734 1920 --οοοοο-σ-

406 1991 855 2070 ΤΙΜΑοοΒΑε.

517 2092 759 2131 ΘΗΒΑΙΚΑ.

612 2194 646 2216 1.

162 2251 288 2289 Schol.
302 2253 392 2289 Eur.
412 2252 544 2287 Phoen.
567 2252 643 2297 670
661 2264 670 2290 ς
691 2249 760 2289 Ἐκ
778 2251 846 2287 τῶν
867 2247 1015 2287 ὀδόντων
1036 2247 1153 2292 ἐξεκύ-

110 2323 194 2355 ησεν
211 2311 234 2354 ἡ
254 2311 299 2359 γῆ
321 2308 530 2360 ὁπλοφόρους
551 2308 692 2361 ἄνδρας.
718 2308 800 2347 Εἰσὶ
818 2307 852 2345 δὲ
875 2302 969 2346 οὗτοι
989 2306 1023 2351 ἐξ
1044 2308 1157 2344 αὐτῶν

1028 266 1079 303 Tl
1085 265 1193 305 MAG
1201 266 1317 306 ORAE
1330 296 1340 314 ‚

1212 360 1493 413 ὑπολειφθέντες,
1522 361 1671 412 Πέλωρ,
1704 360 1851 413 Ἐχίων,
1886 361 2056 408 Οὐδαῖος,
2093 359 2256 413 Χθόνιος,

1212 417 1436 472 Ὑπερήνωρ,
1452 418 1543 458 κατὰ
1559 419 1596 457 δὲ
1611 418 1819 471 Τιμαγόραν
1837 417 1896 457 καὶ
1915 418 2048 470 Κρέων.

1717 515 1754 540 2.

1266 572 1443 620 Stephan.
1460 573 1548 619 Byz.
1572 584 1580 605 t
1607 568 1778 621 Σπάρτη,
1803 568 2007 608 Λακωνικὸν
2029 567 2174 620 χωρίον,
2187 566 2258 606 ἀπὸ

1213 630 1280 666 τῶν
1292 628 1380 677 μετὰ
1395 628 1543 676 Κάδμου
1558 629 1748 679 Σπαρτῶν,
1759 626 1839 678 περὶ
1855 620 1902 664 ὧν
1918 625 2123 677 Τιμαγόρας
2135 623 2256 678 φησὶν,

1214 686 1422 729 ἐκπεσόντας
1443 686 1456 736 (
1468 684 1522 737 δὲ)
1541 684 1662 729 αὐτοὺς
1693 686 1739 728 εἷς
1769 685 1831 730 τὴν
1851 681 2060 730 Λακωνικὴν
2082 683 2252 736 Σπάρτην

1214 745 1272 796 ἀφ’
1293 745 1423 782 ἑαυτῶν
1443 742 1628 793 ὀνομάσαι.

1721 808 1742 843 3

1267 877 1394 914 Schol.
1426 878 1518 912 Eur.
1545 877 1677 912 Phoen.
1705 875 1778 924 159
1803 889 1811 911 ε
1843 872 1934 926 Περὶ
1957 872 1993 911 δὲ
2021 876 2082 912 τοῦ
2109 873 2261 921 πλήθους

1214 936 1281 971 τῶν
1301 933 1475 973 Νιοὸιδῶν
1497 933 1598 976 αὐτὸς
1618 932 1811 985 Εὐριπίδης
1833 933 1866 969 ἐν
1887 931 2091 985 Κρεσφόντῃ
2112 932 2257 984 φησί·...

1217 1011 1230 1025 «ι
1251 992 1322 1031 Καὶ
1340 991 1388 1035 δὶς
1405 990 1482 1029 ἕπτ’
1502 993 1609 1037 αὐτῆς
1625 989 1728 1028 τέκνα
1749 989 1882 1036 Νιόόης
1895 989 2042 1028 θανόντα
2059 989 2184 1034 Λοξίου
2199 1006 2258 1030 το·

1216 1049 1391 1099 ξεύμασιν.
1408 1067 1424 1084 »
1438 1048 1567 1100 οὈμως
1582 1051 1629 1101 (l.
1647 1048 1792 1099 ὁμοίως)
1809 1047 1868 1087 καὶ
1885 1047 2064 1100 Αἰσχύλος
2075 1050 2109 1086 ἐν
2126 1050 2162 1088 Ν
2165 1048 2258 1101 ιόὸῃ,

1215 1110 1274 1146 καὶ
1293 1106 1540 1160 Ἀριστοφάνης
1555 1107 1589 1146 δὲ
1609 1109 1643 1145 ἐν
1656 1106 1809 1159 δράματι
1825 1105 1957 1152 Νιόὸης
1976 1105 2100 1156 ὁμοίως
2111 1105 2139 1151 ζ’
2153 1106 2261 1151 αὐτὰς

1215 1167 1386 1219 λέγουσιν,
1399 1161 1486 1205 εἶναι
1504 1167 1538 1205 δὲ
1558 1166 1647 1205 ἑπτὰ
1662 1165 1722 1204 καὶ
1739 1165 1817 1209 τοὺς
1831 1165 1989 1219 ἄρρενας.
2005 1164 2209 1219 Τιμαγόρας
2223 1164 2261 1204 δὲ

1216 1227 1249 1263 ἓν
1269 1231 1340 1270 τοῖς
1357 1225 1554 1272 Θηὸαϊκοῒς
1571 1224 1675 1277 φησὶν
1694 1227 1740 1268 ὥς
1759 1225 1874 1267 κακῶς
1893 1222 2086 1275 πάσχοντες
2102 1222 2172 1261 ὑπὸ
2189 1225 2259 1261 τῶν

1214 1284 1295 1337 περὶ
1309 1285 1476 1336 Ἀμφίονα
1496 1286 1527 1322 οἵ
1556 1282 1713 1335 Σπαρτοὶ
1733 1283 1867 1320 ἀνεῖλον
1897 1279 2021 1325 αὖτοὺς
2046 1280 2261 1333 λοχήσαντες

1216 1343 1379 1386 ἀπιόντας
1396 1345 1444 1386 εἷς
1458 1341 1665 1393 Ἐλευθερὰς
1696 1339 1754 1378 ἐπὶ
1782 1339 1956 1391 πατρικὴν
1983 1338 2120 1387 θυσίαν,
2141 1338 2205 1387 τὴν
2222 1338 2260 1378 δὲ

1215 1402 1348 1450 Νιόὸην
1366 1401 1486 1440 εἴασαν
1505 1403 1565 1448 ζῆν
1592 1399 1650 1438 διὰ
1667 1399 1826 1439 Πέλοπα·
1847 1398 1947 1437 ἄλλοι
1973 1397 2010 1437 δὲ
2026 1396 2141 1442 ἄλλως
2164 1400 2261 1437 ἱστο-

1218 1465 1313 1514 ροῦσι
1323 1461 1403 1513 περὶ
1417 1461 1534 1506 αὖτ’ἠς.

1271 1519 1437 1570 θυσίαν]
1451 1522 1504 1556 sic
1517 1519 1777 1557 em.Valcken.
1792 1530 1863 1566 pro
1881 1514 2014 1553 οὐσίαν.
2034 1516 2129 1555 Cod.
2145 1518 2260 1555 Taur.

1217 1579 1262 1622 εἷς
1280 1577 1523 1630 πατριουσίαν,
1555 1585 1592 1614 et
1609 1578 1741 1627 paullo
1763 1583 1849 1612 ante
1863 1576 1977 1617 κακῶς
1989 1589 2030 1613 π.
2057 1575 2089 1611 οἱ
2105 1573 2184 1626 περὶ
2202 1574 2260 1612 τὸν

1217 1639 1261 1676 Α.
1283 1638 1313 1674 οἱ
1335 1638 1569 1689 Σπαρτιᾶται.
1581 1636 1639 1675 Cf.
1666 1636 1815 1672 Miiller.
1831 1635 1930 1671 Me'n.
1942 1647 1983 1684 p.
2002 1646 2094 1682 229,
2121 1641 2159 1670 et
2175 1640 2259 1671 not.

1217 1697 1266 1732 ad
1277 1697 1371 1746 frag,
1395 1709 1410 1732 1
1432 1698 1667 1743 Demagorae.

1269 1755 1438 1802 Subjicio
1458 1754 1691 1790 mentionem
1710 1751 1799 1788 libri
1827 1748 1917 1801 Περὶ
1939 1750 2120 1799 ποταμῶν,
2149 1762 2263 1797 quem

1216 1813 1331 1849 semel
1354 1813 1465 1849 affert
1488 1811 1678 1848 Plutarch.
1703 1811 1760 1846 De
1779 1807 1872 1847 fluv.
1892 1821 1925 1846 c.
1964 1821 2030 1854 12,
2048 1807 2068 1843 3
2090 1819 2100 1845 :
2124 1806 2263 1844 Φύεται

1217 1869 1254 1909 δὲ
1275 1869 1334 1908 καὶ
1362 1867 1491 1922 βοτάνη
1515 1868 1579 1919 (sc.
1607 1869 1658 1905 ad
1673 1869 1826 1905 Caicum
1846 1867 1973 1914 Mysiae
2001 1865 2066 1914 fl.)
2093 1863 2263 1917 Ἧλιφάρ-

1219 1944 1331 1980 μακος
1346 1925 1546 1977 καλουμένη
1558 1955 1568 1973 ,
1589 1925 1633 1972 ἣν
1651 1926 1683 1963 οἳ
1705 1922 1816 1976 ἰατροὶ
1833 1925 1909 1966 ταῖς
1923 1922 2190 1975 αἱμορροούσαις
2208 1937 2263 1960 τι-

1218 1986 1331 2036 θέασι,
1348 1985 1408 2024 καὶ
1427 1987 1494 2023 τῶν
1513 1982 1649 2037 φλεὸῶν
1662 1981 1896 2033 μεσολαὸοῦσι
1911 1981 1973 2027 τὴν
1989 1980 2138 2034 ἔκρυσιν·
2150 1979 2264 2023 καθὼς

1217 2048 1349 2098 ἱστορεῖ
1365 2043 1572 2095 Τιμαγόρας
1588 2044 1622 2081 ἐν
1641 2041 1674 2080 α’
1695 2041 1784 2093 Περὶ
1801 2042 1983 2091 ποταμῶν.
2018 2041 2161 2078 Eadem
2178 2041 2265 2078 Sto-

1217 2108 1318 2144 baeus
1336 2104 1470 2144 Floril.
1492 2103 1534 2150 C,
1559 2116 1618 2149 17.

610 2433 643 2464 3.

154 2500 302 2535 Angurus
318 2503 409 2527 mons
423 2505 520 2536 prope
536 2498 655 2529 Istrum
681 2497 761 2530 situs
779 2497 839 2530 est.
857 2495 1002 2530 Meminit
1017 2495 1086 2535 ejus
1101 2494 1156 2527 Ti-

115 2548 259 2586 magetus
271 2547 304 2578 in
317 2555 411 2587 opere
424 2549 471 2579 De
484 2548 649 2588 portubus.

619 2602 656 2634 4.

156 2660 337 2693 Aretiadem
357 2661 493 2694 insulam
510 2663 549 2694 ab
561 2664 675 2695 Otrera
687 2663 801 2695 Martis
812 2663 874 2694 filia
891 2662 1002 2694 incolis
1015 2662 1158 2701 frequen-

113 2714 214 2744 tatam
228 2720 294 2743 esse
310 2713 409 2744 aiunt.
439 2716 484 2744 De
500 2714 613 2746 avibus
636 2714 668 2746 in
684 2723 722 2746 ea
740 2714 927 2754 degentibus
951 2713 1082 2753 exponit
1103 2712 1157 2744 Ti-

115 2764 268 2846 mliaglegus.
282 2765 402 2795 Ferreis
413 2764 475 2797 illae
486 2766 542 2797 alis
551 2766 716 2798 instructae
726 2767 812 2806 sunt,
829 2765 1049 2805 vocanturque
1056 2765 1158 2803 Stym-

115 2823 134 2855 p
160 2823 178 2845 a
192 2823 199 2844 ι
224 2822 268 2845 es.

111 2891 134 2910 s
616 2861 651 2893 5.

157 2921 214 2954 Sin
240 2921 281 2952 ad
309 2923 481 2962 periculum
513 2927 710 2963 Argonautas
739 2925 839 2957 Pelias
860 2924 983 2963 emisit,
1002 2932 1060 2955 cur
1078 2922 1160 2954 filius

116 2973 184 3013 ejus
208 2982 282 3004 cum
309 2974 346 3005 iis
362 2975 459 3006 exiit?
474 2976 657 3015 Apollonius
669 2977 714 3008 ait
729 2986 801 3008 eum
818 2977 918 3008 invito
934 2977 1023 3017 patre
1035 2975 1157 3007 exiisse.

116 3026 309 3064 Demagetus
326 3026 335 3064 (
351 3028 545 3066 Timaqecus
559 3027 570 3067 )
585 3037 660 3059 vero
677 3030 785 3060 narrat
803 3028 932 3066 jussisse
947 3027 1064 3059 Peliam
1079 3029 1160 3066 Argo

116 3084 232 3108 navem
254 3076 353 3107 clavis
374 3076 505 3108 infirmis
530 3078 704 3118 compingi,
727 3088 791 3119 quo
809 3079 903 3111 citius
916 3079 986 3110 illos
1005 3078 1160 3118 perderet.

116 3130 218 3167 Argus
230 3136 307 3181 Yero
330 3129 525 3159 contrarium
545 3129 631 3160 fecit.
648 3132 758 3171 ltaque
774 3140 904 3163 securus
919 3139 937 3162 a
953 3133 1043 3171 parte
1059 3130 1161 3162 archi-

116 3178 192 3210 tecti
205 3179 340 3210 Acastus
352 3187 465 3210 navem
483 3180 676 3212 conscendit.

621 3242 655 3273 6.

159 3302 249 3333 Acte.
266 3301 318 3332 Sic
331 3299 436 3332 Attica
446 3301 619 3332 vocabatur
633 3304 674 3334 ab
692 3303 800 3334 Actaeo
823 3304 972 3344 quodam.
996 3305 1050 3336 Est
1065 3304 1160 3336 etiam

118 3354 197 3385 Acte
218 3353 384 3393 Magnesiae
397 3377 405 3391 ,
429 3361 447 3384 a
469 3362 533 3392 qua
550 3354 658 3385 Actius
673 3355 704 3385 et
722 3357 870 3394 Epaetius
895 3357 1005 3396 Apollo
1035 3357 1161 3388 colitur.

119 3406 175 3437 Est
193 3406 289 3437 etiam
304 3406 381 3438 Acte
396 3406 592 3444 Acarnaniae,
608 3406 697 3445 quus
718 3407 861 3439 meminit
879 3410 1067 3448 Demagetus
1081 3410 1092 3448 (
1107 3411 1160 3440 Tl-

118 3457 304 3497 maffeius).

1601 2418 1878 2460 THEBAICA.

1726 2493 1756 2524 1.

1258 2561 1306 2590 Ex
1322 2556 1471 2589 dentibus
1494 2555 1579 2587 terra
1595 2553 1690 2586 enixa
1705 2553 1753 2584 est
1767 2552 1854 2584 viros
1877 2550 2055 2583 armiferos.
2074 2551 2123 2582 Ex
2143 2549 2265 2590 quibus

1216 2609 1398 2650 superstites
1418 2606 1520 2639 relicti
1538 2607 1613 2638 sunt
1629 2605 1661 2636 hi
1677 2617 1684 2636 :
1703 2604 1808 2643 Pelor,
1826 2603 1946 2635 Echion
1958 2626 1968 2642 ,
1982 2601 2120 2641 Udaeus,
2140 2601 2265 2632 Chtho-

1217 2661 1289 2692 nius
1297 2661 1330 2692 et
1339 2661 1521 2700 Hyperenor
1531 2669 1540 2697 ;
1554 2656 1732 2689 secundum
1742 2654 1943 2696 Timagoram
1953 2662 2031 2686 vero
2042 2653 2138 2685 etiam
2146 2654 2262 2685 Creon.

1720 2733 1755 2765 2.

1259 2802 1373 2842 Sparta
1403 2801 1436 2832 in
1461 2800 1598 2832 Laconia
1638 2806 1756 2830 nomen
1782 2796 1880 2828 habet
1911 2804 1930 2827 a
1954 2795 2075 2835 spartis
2104 2794 2160 2834 qui
2188 2802 2264 2826 cum

1218 2853 1339 2886 cadmo
1363 2854 1463 2884 erant.
1484 2855 1530 2884 De
1546 2852 1584 2883 iis
1601 2851 1783 2890 Timagoras
1799 2848 1843 2880 ait
1867 2848 1975 2888 pulsos
1990 2851 2022 2878 et
2039 2848 2071 2878 in
2091 2846 2263 2878 Laconiam

1217 2906 1426 2946 transgressos
1438 2905 1584 2945 Spartam
1599 2903 1639 2936 de
1654 2903 1795 2944 ipsorum
1808 2901 1936 2933 nomine
1949 2908 2158 2940 nuncupasse.

1720 2974 1771 3005 3.Δ

1261 3048 1306 3078 De
1317 3054 1452 3078 numero
1465 3045 1671 3078 Niobidarum
1685 3044 1751 3084 ipse
1764 3042 1932 3082 Euripides
1941 3041 1972 3073 in
1984 3040 2181 3081 Cresphonte
2193 3040 2238 3072 ait
2252 3049 2261 3071 ε

1219 3100 1265 3131 Et
1288 3098 1339 3130 bis
1365 3100 1494 3138 septem
1514 3096 1632 3129 Niobes
1657 3095 1758 3127 liberi
1777 3096 1876 3128 Loxii
1905 3094 2087 3134 pereuntes
2109 3093 2260 3131 saqims.

1218 3150 1368 3182 Ceterum
1380 3149 1545 3188 AEschylus
1555 3155 1683 3187 quoque
1694 3146 1726 3178 in
1734 3146 1832 3178 Niobe
1843 3147 1875 3177 et
1886 3143 2110 3183 Aristophanes
2121 3143 2153 3173 in
2164 3142 2263 3174 Niobe

1219 3201 1330 3234 eodem
1343 3201 1440 3233 modo
1455 3201 1576 3241 septem
1590 3199 1658 3239 ejus
1674 3199 1754 3230 filias
1768 3199 1953 3238 septemque
1966 3196 2043 3227 item
2060 3194 2143 3227 lilios
2167 3195 2263 3227 fuisse

1218 3254 1339 3286 dicunt.
1356 3254 1537 3294 Timagoras
1549 3261 1625 3284 vero
1642 3251 1675 3283 in
1690 3250 1856 3283 Thebaicis
1870 3249 1978 3281 narrat
1996 3249 2141 3288 Spartos,
2159 3255 2262 3288 quum

1219 3306 1259 3337 ab
1283 3305 1461 3346 Amphione
1474 3304 1605 3344 eiusque
1617 3302 1710 3335 sociis
1723 3302 1806 3333 male
1821 3301 2026 3338 haberentur,
2041 3298 2191 3331 Niobidas
2205 3306 2262 3329 oc-

1219 3357 1330 3388 cidisse
1358 3356 1545 3388 Eleutheras
1569 3354 1802 3395 proficiscentes
1820 3352 1861 3384 ad
1883 3351 2110 3384 celebrandum
2134 3357 2262 3382 sacrum

1221 3409 1357 3449 patrium
1368 3432 1376 3447 ‚
1390 3408 1498 3440 Niobae
1509 3416 1585 3438 vero
1595 3406 1692 3437 vitam
1708 3405 1869 3445 reliquisse
1883 3404 2011 3445 propter
2026 3402 2184 3442 Pelopem.
2201 3399 2264 3433 Alii

1219 3460 1355 3500 denique
1368 3459 1459 3491 aliter
1472 3459 1512 3491 de
1530 3458 1629 3491 Niobe
1644 3458 1784 3489 narrant.
