2326 3724
90 208 135 239 ss
891 176 894 179 ⁴
962 205 1125 245 musci
1157 205 1361 245 PAMTAE

88 291 121 325 ἐν
139 292 180 342 τῇ
197 290 299 342 κώμῃ
314 291 486 344 ἀρχούσης
500 292 659 343 γυναικὸς
674 292 756 343 (μία
773 292 806 331 δὲ
823 293 910 339 αὕτη
923 295 990 331 τῶν
1009 294 1128 340 Βλήδα

86 352 260 397 γυναικῶν
293 350 472 402 ἐγεγόνει)
501 350 633 405 ‘tpo'pcite
648 355 731 402 ἡμῖν
753 353 1043 405 διαπεμψαμένης
1071 353 1130 390 καὶ

87 407 143 444 ἐπὶ
179 409 341 462 συνουσίᾳ
372 411 538 460 γυναῖκας
567 411 748 462 εὐπρεπεῖς
782 411 956 457 (Σκυθικὴ
977 411 1013 448 δὲ
1043 412 1129 458 αὕτη

86 466 170 516 τιμή
188 468 221 518 ),
244 467 303 511 τὰς
323 467 387 518 μὲν
409 471 573 518 γυναῖκας
594 470 631 506 ἐκ
657 471 724 506 τῶν
745 469 983 520 προκειμένων
1007 469 1130 508 ἐδωδί-

87 539 161 573 μων
184 526 521 578 φιλοφρονησάμενοι
541 530 583 577 τῇ
614 526 699 578 πρὸς
727 526 833 571 αὐτὰς
854 529 973 578 ὁμιλίᾳ
996 529 1129 577 ἀπηγο·

88 581 278 632 ρεύσαμεν·
320 584 631 634 ἐγκαταμείναντες
671 585 708 623 δὲ
738 587 812 630 ταῖς
850 585 1019 629 καλύὸαις
1055 585 1129 636 ἅμα

87 641 203 693 ἡμέρα
221 643 254 685 ἐς
270 641 331 688 τὴν
355 645 422 680 τῶν
444 646 576 681 σκευῶν
597 644 797 696 ἐτράπημεν
815 645 1025 690 ἀναζήτησιν
1039 673 1050 690 ,
1069 643 1131 681 καὶ

88 699 274 750 σύμπαντα
297 701 497 754 εὑρηκότες,
517 702 560 739 τὰ
584 702 646 752 μὲν
668 705 701 740 ἐν
731 705 780 755 τῷ
799 704 939 756 χωρίῳ,
961 697 1067 754 οἷπερ
1094 704 1128 740 ἐν

86 762 130 810 τῇ
150 760 340 812 προτεραίᾳ
361 760 620 803 καταλύσαντες
644 761 829 813 ἐτύχομεν,
849 761 893 799 τὰ
914 761 949 799 δὲ
967 761 1027 798 καὶ
1047 760 1132 813 πρὸς

86 821 129 869 τῇ
149 818 237 870 ὄχθῃ
266 822 326 865 τ’ἧς
358 819 505 868 λίμνης,
527 819 570 856 τὰ
601 819 635 857 δὲ
663 821 722 857 καὶ
749 822 782 857 ἐν
810 821 904 870 αὐτῷ
924 822 973 872 τῷ
1003 819 1128 869 ὕδατι,

89 877 317 927 ἀνελάὸομεν.
340 878 412 916 Καὶ
433 878 564 923 ἐκείνην
582 877 644 924 τὴν
663 878 799 930 ἡμέραν
822 880 856 915 ἐν
873 882 915 930 τῇ
940 877 1043 930 κώμῃ
1063 879 1129 915 διε-

88 936 259 989 τρίψαμεν
286 936 425 974 ἅπαντα
453 937 760 988 διατερσαίνοντες·
790 937 809 974 ὅ
842 954 878 975 τε
901 936 968 990 γὰρ
996 936 1130 990 χειμὼν

87 993 260 1032 ἐπέπαυτο
277 994 336 1032 καὶ
354 995 514 1046 λαμπρὸς
530 994 624 1040 ἥλιος
638 989 693 1041 ἦν.
718 995 1008 1045 Ἐπιμεληθέντες
1020 995 1054 1033 δὲ
1073 995 1132 1033 καὶ

86 1055 154 1090 τῶν
178 1052 295 1091 ἵππων
323 1054 381 1091 καὶ
399 1056 465 1091 τῶν
494 1055 623 1091 λοιπῶν
645 1054 838 1104 ὑποζυγίων
859 1053 955 1106 παρὰ
978 1054 1040 1100 τὴν
1067 1057 1132 1106 βα-

87 1111 201 1150 σιλίδα
222 1112 434 1164 ἀφικόμεθα,
461 1112 518 1149 καὶ
537 1112 644 1158 αὐτὴν
666 1111 909 1162 ἀσπασάμενοι
932 1113 994 1150 καὶ
1010 1113 1130 1165 δώροις

88 1171 341 1222 ἀμειψάμενοι,
372 1170 463 1223 τρισί
490 1186 526 1208 τε
548 1172 715 1223 ἀργυραῖς
736 1172 877 1224 φιάλαις
897 1171 953 1209 καὶ
978 1174 1131 1224 ἐρυθροῐς

87 1229 235 1280 δέρμασι
257 1229 315 1266 καὶ
335 1231 385 1282 τῷ
407 1228 439 1272 ἐξ
459 1228 585 1271 Ἰνδίας
604 1227 746 1281 πεπέρει
768 1229 827 1267 καὶ
847 1233 895 1281 τῷ
913 1233 1039 1283 καρπῷ
1061 1233 1128 1268 τῶν

88 1287 249 1340 φοινίκων
271 1287 330 1325 καὶ
352 1287 477 1339 ἑτέροις
497 1287 700 1340 τραγήμασι
720 1289 776 1325 διὰ
802 1289 840 1326 τὸ
867 1289 916 1338 μὴ
937 1289 1128 1342 ἐπιχωριά-

87 1349 154 1391 ζειν
175 1352 244 1390 τοῖς
268 1346 457 1398 βαρὸάροις
477 1341 554 1384 οἶσι
575 1347 722 1397 τιμίοις,
749 1347 931 1398 ὑπέξιμεν,
954 1349 1133 1399 εὐξάμενοι

87 1407 174 1456 αὐτῇ
195 1404 309 1455 ἀγαθὰ
328 1408 387 1451 τῆς
402 1405 509 1449 Ξενίας
532 1405 627 1457 πέρι.
652 1405 820 1459 Ἥμερῶν
846 1407 880 1444 δὲ
905 1407 931 1452 ζ’
954 1407 1029 1445 ὁδὸν
1049 1406 1130 1445 ἀνό-

86 1479 206 1507 σαντες
233 1466 267 1502 ἐν
295 1461 398 1514 κώμῃ
428 1464 491 1501 τινὶ
524 1463 775 1514 ἐπεμείναμεν,
804 1467 873 1503 τῶν
900 1464 1131 1518 ξεναγούντων

85 1522 446 1575 παρακελευσαμένων
478 1524 647 1572 Σκυθῶν,
682 1517 738 1560 οἶα
768 1523 809 1568 δὴ
838 1527 897 1561 τοῦ
927 1523 1078 1570 Ἀττήλα
1098 1525 1132 1567 ἐς

86 1582 194 1628 αὐτὴν
224 1582 458 1632 ἐμὸαλοῧντος
477 1581 539 1628 τὴν
560 1582 636 1619 ὁδὸν
657 1581 716 1619 καὶ
735 1584 835 1632 ἡμῶν
855 1582 1004 1621 κατόπιν
1026 1585 1132 1621 αὐτοῦ

87 1641 292 1693 πορεύεσθαι
309 1641 531 1693 ὀφειλόντων.
562 1638 677 1679 Ἰἰνθα
702 1639 744 1688 δὴ
766 1641 1040 1694 ἐνετυγχάνομεν
1073 1643 1135 1679 ἀν-

89 1700 190 1750 δράσι
211 1701 278 1737 τῶν
308 1698 477 1750 ἑσπερίων
511 1699 701 1747 εΡωμαίων
733 1699 793 1738 καὶ
815 1701 930 1742 αὐτοῖς
958 1700 1056 1753 παρὰ
1075 1700 1134 1737 τὸν

86 1759 255 1805 Ἀττήλαν
269 1757 574 1811 πρεσὸευομένοις·
590 1752 638 1796 ὧν
650 1758 829 1809 Ῥωμύλος
840 1754 880 1806 ἦν
893 1789 904 1809 ,
918 1758 1006 1811 ἀνὴρ
1017 1763 1059 1810 τῇ
1071 1763 1131 1798 τοῦ

85 1818 236 1868 κόμητος
264 1817 342 1870 ἀξία
374 1816 620 1867 τετιμημένος,
651 1817 710 1856 καὶ
744 1819 940 1870 Πριμοῧτος
973 1819 1090 1869 (infra
1122 1832 1131 1856 :

88 1878 306 1928 Προμοῦτος)
325 1879 385 1922 τῆς
403 1876 572 1927 Νωρίκων
589 1875 707 1928 ἄρχων
720 1875 857 1928 χώρας,
869 1877 928 1914 καὶ
947 1876 1131 1927 (Ρωμανὸς

86 1939 336 1988 στρατιωτικοῦ
353 1935 532 1985 τάγματος
548 1933 703 1985 ἡγεμών.
718 1937 832 1981 Συνῆν
848 1935 883 1973 δὲ
898 1937 1014 1978 αὐτοῖς
1034 1937 1133 1974 Κων-

87 1994 266 2045 στάντιος,
295 1993 331 2032 ὃν
362 1994 574 2032 ἀπεστάλκει
604 1994 732 2037 Ἀέτιος
759 1993 857 2047 παρὰ
876 1994 934 2032 τὸν
964 1994 1132 2040 Ἀττήλαν

87 2115 179 2147 lamis
194 2115 285 2147 siccis
296 2115 398 2154 ignem
412 2115 640 2147 accenderunt.
685 2115 754 2147 Vici
767 2115 896 2146 domina
907 2124 970 2146 una
981 2124 1021 2146 ex
1032 2115 1139 2147 Blettae

89 2167 244 2198 uxoribus
272 2168 350 2198 erat.
395 2169 472 2198 llaec
491 2167 583 2199 nobis
598 2167 719 2198 cibaria
745 2169 777 2199 et
793 2167 944 2198 mulieres
967 2167 1138 2206 formosas,

88 2228 161 2250 cum
184 2219 301 2259 quibus
317 2219 418 2250 amori
438 2219 677 2259 indulgeremus
695 2219 706 2259 (
723 2219 783 2250 lioc
802 2219 887 2250 enim
904 2218 987 2259 apud
1006 2219 1140 2259 Scythas

91 2273 201 2302 lionori
215 2271 342 2303 ducitur
356 2273 366 2312 )
378 2296 386 2311 ,
401 2271 628 2312 suppeditavit.
645 2272 833 2304 Mulieribus
848 2282 888 2304 ex
905 2272 983 2304 cibis
998 2273 1140 2313 praebitis

89 2324 275 2364 gratificati,
296 2325 458 2356 abearum
474 2325 705 2357 consuetudine
718 2325 952 2365 abstinuimus3
975 2328 1140 2357 manentes

90 2386 168 2408 vero
188 2377 218 2408 in
232 2377 381 2417 tuguriis,
398 2377 491 2408 simul
512 2380 609 2418 atque
625 2378 750 2417 illuxit,
770 2378 810 2409 ad
828 2387 865 2410 ea
883 2388 957 2418 quae
974 2387 1015 2410 ex
1029 2381 1139 2411 nostra

91 2425 287 2470 supellectile
312 2429 587 2470 desiderabantur,
611 2431 824 2471 perquirenda
846 2441 957 2463 curam
979 2431 1140 2463 converti-

91 2492 173 2515 mus.
191 2485 267 2515 Haec
297 2484 413 2524 partim
439 2484 470 2515 in
499 2493 536 2515 eo
554 2485 623 2516 loco
636 2508 644 2523 ‚
677 2485 732 2516 ubi
760 2485 861 2526 pridie
880 2485 1140 2524 consederamus,

91 2535 207 2575 partim
225 2535 256 2566 in
272 2535 339 2575 ripa
357 2535 480 2575 paludis
493 2560 501 2575 ,
519 2536 641 2575 partim*
661 2537 693 2568 in
719 2537 785 2577 ipsa
813 2537 930 2577 palude
945 2539 1069 2578 reperta
1088 2545 1139 2569 re·

91 2587 243 2627 cepimus.
263 2589 299 2618 tn
314 2587 361 2617 liis
374 2586 571 2618 desiccandis
585 2588 690 2619 totum
708 2588 792 2620 diem
810 2589 841 2619 in
866 2589 920 2620 illo
940 2589 1010 2620 vico
1029 2589 1039 2629 (
1055 2591 1140 2620 tem-

93 2640 197 2679 pestas
212 2638 297 2669 enim
310 2638 463 2677 desierat,
482 2640 513 2670 et
525 2639 630 2670 clarus
644 2640 690 2671 sol
706 2641 903 2680 apparebat)
918 2640 1138 2672 contrivimus.

95 2691 213 2722 Deinde
223 2691 341 2722 curatis
354 2691 443 2731 equis
453 2693 483 2722 et
498 2691 784 2732 reliquisjumentis
793 2717 802 2732 ‚
817 2693 956 2733 reginam
967 2694 1141 2724 salutatum

93 2743 222 2774 ivimus.
269 2744 357 2774 lianc
375 2742 513 2774 vicissim
527 2743 618 2774 donis
634 2745 828 2776 remunerati
845 2754 956 2776 sumus
969 2745 1071 2776 tribus
1088 2754 1141 2785 pa-

93 2796 171 2828 teris
186 2796 360 2835 argenteis,
385 2796 559 2827 velleribus
573 2796 694 2835 rubris,
721 2798 828 2837 pipere
846 2797 972 2838 lndico,
992 2798 1143 2838 palmulis

96 2851 130 2880 et
145 2847 243 2879 variis
258 2847 410 2888 cupediis,
427 2857 500 2888 quae
516 2849 624 2879 omnia
645 2857 663 2879 a
678 2849 831 2889 barbaris,
849 2853 885 2880 ut
903 2850 1018 2889 ignota,
1035 2850 1139 2890 magni

95 2901 307 2932 aestimantur.
331 2902 397 2932 Nec
420 2900 522 2931 multo
547 2901 619 2940 post
637 2902 745 2932 omnia
772 2902 874 2933 fausta
898 2903 1064 2942 feliciaque
1082 2902 1144 2934 illis

97 2952 322 2994 hospitalitatis
338 2961 411 2992 ergo
427 2953 559 2992 precati,
575 2954 786 2987 discessimus.
806 2956 933 2994 Septem
950 2955 1074 2986 dicrum
1090 2955 1142 2986 iti-

96 3013 172 3036 nere
185 3011 324 3041 emenso,
338 3003 476 3043 Scythae,
490 3004 614 3044 quinos
625 3004 797 3043 ducebant,
808 3006 838 3036 in
850 3006 989 3046 quodam
1001 3007 1072 3038 vico
1086 3015 1144 3038 nos

99 3055 272 3088 consistere
285 3055 460 3095 jusserunt,
477 3056 552 3095 quia
566 3058 636 3096 post
653 3056 795 3096 Attilam,
809 3057 862 3096 qui
878 3057 936 3089 liac
957 3058 1008 3089 via
1022 3058 1142 3098 protici-

97 3108 252 3152 sceretur,
274 3106 334 3138 iter
352 3106 445 3138 nobis
461 3107 641 3138 faciendum
654 3110 746 3139 esset.
767 3110 827 3139 Hic
845 3109 955 3141 obvios
973 3110 1144 3142 habuimus

98 3159 218 3199 legatos
233 3167 252 3190 a
267 3158 417 3190 Romanis
431 3158 701 3196 occidentalibus,
720 3159 803 3199 ipsos
819 3169 948 3200 qnoque
961 3161 998 3191 ad
1013 3162 1142 3193 Attilam

99 3211 222 3242 missos.
252 3211 349 3241 Erant
368 3211 476 3241 autem
497 3211 650 3250 praecipui
675 3212 831 3242 Romulus
844 3212 977 3244 Comitis
991 3212 1144 3253 dignitate

98 3262 279 3301 decoratus,
291 3264 323 3293 et
335 3261 496 3293 Primutus
510 3264 519 3300 ζ
531 3263 765 3302 Promotuse),
781 3263 903 3294 Noricae
917 3264 1053 3303 regionis
1066 3274 1143 3304 prae-

100 3315 220 3353 secius,
234 3315 268 3345 et
283 3315 462 3352 Romanus,
480 3313 626 3344 militaris
646 3313 766 3345 ordinis
789 3314 914 3346 ductor.
961 3315 1018 3346 His
1035 3316 1144 3348 aderat

100 3364 318 3403 Constantius,
333 3373 427 3403 quem
439 3364 548 3396 Aetius
559 3364 597 3395 ad
611 3364 751 3402 Attilam,
765 3367 799 3396 ut
810 3365 853 3396 illi
867 3366 897 3396 in
910 3367 1144 3399 conscribendis

102 3416 242 3457 epistolis
260 3416 444 3455 deserviret,
470 3415 610 3456 miserat,
629 3418 660 3447 et
686 3417 831 3456 Tatulus,
854 3418 973 3448 Orestis
989 3419 1067 3458 ejus,
1089 3420 1143 3458 qui

1192 295 1417 348 ὑπογραφέως
1437 293 1539 346 χάριν
1555 323 1564 341 ,
1587 292 1646 330 καὶ
1674 294 1852 337 Τατοῧλος
1871 296 1888 332 ὃ
1919 293 2088 346 Ὀρέστου
2119 293 2237 347 πατὴρ

1194 358 1252 392 τοῦ
1280 354 1369 403 μετὰ
1401 352 1611 398 Ἐδέκωνος,
1637 352 1675 389 οὐ
1696 354 1756 397 τῆς
1776 351 1963 403 πρεσὸείας
1992 351 2115 399 ἕνεκα,
2146 355 2237 391 ἀλλὰ

1193 412 1399 457 οἰκειότητος
1413 410 1516 462 χάριν
1532 409 1607 460 ἅμα
1625 409 1741 462 σφίσιν
1757 411 1872 453 αὐτοῖς
1887 409 1950 458 τὴν
1965 410 2110 463 πορείαν
2124 410 2239 449 ποιού-

1193 485 1306 520 μενοι,
1339 468 1584 512 Κωνστάντιος
1617 468 1679 518 μὲν
1713 468 1771 506 διὰ
1803 468 1867 515 τὴν
1896 471 1930 508 ἐν
1962 475 2039 514 ταῖς
2071 469 2239 518 Ἰταλίαις

1192 527 1465 580 προϋπάρξασαν
1489 527 1572 578 πρὸς
1591 525 1670 570 τοὺς
1693 526 1819 578 ἄνδρας
1842 529 1988 578 γνῶσιν,
2005 522 2184 571 Τατιῗῦλος
2201 527 2238 566 δὲ

1194 586 1250 624 διὰ
1271 585 1490 637 συγγένειαν.
1513 585 1560 625 ‘O
1580 585 1648 637 γὰρ
1671 587 1775 623 αὐτοῦ
1795 591 1877 629 παῖς
1900 585 2073 637 Ὀρέστης
2093 585 2237 636 ‘Pomt-

1192 646 1253 683 λου
1270 644 1443 697 θυγατέρα
1462 643 1691 696 ἐγεγαμήκει,
1705 643 1774 682 ἀπὸ
1791 643 2018 688 Παταὸίωνος
2027 647 2088 690 τῆς
2105 646 2140 683 ἐν
2157 646 2238 684 Νω·

1194 703 1278 756 ρίκῳ
1305 703 1439 747 πόλεως
1445 734 1520 743 .....
1544 702 1826 756 Ἔπρεσὸεύοντο
1854 702 2151 753 ἐκμειλιττόμενοι
2179 702 2240 741 τὸν

1194 762 1363 809 Ἀττήλαν
1375 791 1385 810 ,
1433 763 1615 808 ἐκδοθῆναι
1661 764 1756 815 αὑτῷ
1792 762 2002 814 βουλόμενον
2041 761 2214 801 Σιλὸανὸν
2228 790 2239 808 ,

1194 820 1334 873 Ἀρμίου
1356 821 1569 873 (ἀργυρίουῗ
1589 823 1671 860 Val.
1687 822 1697 871 )
1717 821 1891 873 τραπέζης
1909 819 2080 868 κατὰτὴν
2097 819 2240 872 Ῥώμην

1196 883 1423 927 προεστῶτα,
1455 882 1502 923 ὡς
1533 880 1660 931 φιάλας
1691 885 1825 932 χρυσᾶς
1863 879 1961 933 παρὰ
1994 879 2241 919 Κωνσταντίου

1194 936 1398 987 δεξάμενον,
1418 937 1452 982 ὃς
1472 939 1512 975 ἐκ
1539 940 1709 976 Γαλατῶν
1729 938 1791 988 μὲν
1817 940 1885 976 τῶν
1909 940 1943 976 ἐν
1959 939 2003 990 τῇ
2021 937 2153 991 ἑσπέρᾳ
2173 941 2242 988 ‹bp-

1196 1003 1307 1046 μᾶτο,
1331 997 1530 1035 ἀπέσταλτο
1552 996 1588 1034 δὲ
1612 996 1672 1034 καὶ
1691 996 1793 1038 αὐτὸς
1812 996 1910 1048 παρὰ
1931 996 2102 1043 Ἀττήλαν
2123 1012 2162 1034 τε
2181 997 2240 1034 καὶ

1198 1055 1357 1102 Βλήδαν,
1377 1053 1496 1107 ὥσπερ
1525 1058 1543 1093 ὁ
1565 1054 1640 1104 μετ’
1671 1053 2059 1101 αὐτὸν,Κωνστάντιος,
2088 1057 2240 1106 ὓπογρα-

1196 1113 1284 1166 φέως
1298 1113 1414 1165 χάριν.
1439 1113 1541 1152 Κατὰ
1561 1113 1596 1151 δὲ
1613 1113 1671 1151 τὸν
1696 1112 1819 1166 χρόνον
1845 1114 1880 1150 ἐν
1899 1106 1928 1165 ᾧ
1954 1112 2021 1150 ὕπὸ
2042 1114 2187 1152 Σκυθῶν
2206 1115 2242 1151 ἐν

1195 1176 1237 1224 τῇ
1258 1172 1420 1211 Παιόνων
1434 1173 1670 1224 ἐπολιορκεῖτο
1689 1172 1728 1209 τὸ
1745 1171 1910 1222 Σίρμιον,
1925 1170 1988 1215 τὰς
2007 1171 2134 1224 φιάλας
2145 1171 2242 1223 παρὰ

1194 1235 1254 1269 τοῦ
1275 1234 1335 1276 τῆς
1353 1231 1486 1272 πόλεως
1506 1229 1695 1268 ἐπισκόπου
1721 1229 1858 1273 ἐδέξατο
1885 1231 1937 1280 ἐφ’
1962 1222 1991 1282 ᾧ
2011 1229 2115 1267 αὐτὸν
2133 1229 2241 1268 λύσα-

1197 1293 1294 1335 σθαι,
1307 1288 1338 1326 εἴ
1353 1305 1391 1340 γε
1404 1288 1582 1341 περιόντος
1598 1290 1708 1326 αὐτοῦ
1726 1289 1859 1325 ἁλῶναι
1873 1287 1936 1334 τὴν
1949 1288 2050 1326 πόλιν
2065 1288 2242 1338 συμὸαίη,

1196 1347 1218 1394 ἢ
1249 1347 1484 1400 ἀναιρεθέντος
1509 1347 1713 1393 ὠνήσασθαι
1737 1346 1814 1389 τοὺς
1834 1345 2082 1398 αἰχμαλώτους
2106 1348 2244 1399 ἀπαγο-

1197 1406 1319 1456 μένους
1346 1409 1413 1445 τῶν
1444 1409 1572 1445 ἀστῶν.
1604 1405 1649 1445 ‘O
1669 1406 1706 1443 δὲ
1738 1406 1978 1449 Κωνστάντιος
1998 1406 2088 1456 μετὰ
2107 1404 2164 1444 τὸν
2183 1409 2244 1452 τῆς

1195 1466 1329 1509 πόλεως
1358 1465 1640 1518 ἀνδραποδισμὸν
1668 1464 1886 1516 ὀλιγωρήσας
1907 1466 1975 1502 τῶν
2006 1466 2186 1511 συνθηκῶν
2207 1465 2242 1507 ἐς

1197 1524 1259 1570 τὴν
1278 1524 1422 1574 Ῥώμην
1441 1524 1532 1562 κατὰ
1551 1523 1674 1577 πρᾶξίν
1692 1539 1769 1561 τινα
1795 1523 2047 1576 παραγίνεται,
2062 1523 2123 1562 καὶ
2141 1523 2246 1573 κομί-

1197 1585 1292 1628 ζεται
1319 1583 1416 1635 παρὰ
1445 1587 1504 1621 τοῦ
1538 1582 1713 1622 Σιλὸανοῦ
1734 1582 1876 1635 χρυσίον
1905 1582 1967 1626 τὰς
1997 1581 2127 1634 φιάλας
2142 1581 2245 1628 δοὺς,

1200 1641 1290 1679 ὥστε
1323 1643 1428 1694 ῥητοῦ
1453 1641 1579 1693 χρόνου
1611 1641 1704 1684 ἐντὸς
1725 1643 1746 1687 ἢ
1779 1641 1953 1679 ἀποδόντα
1972 1641 2012 1679 τὸ
2031 1640 2246 1679 ἐκδανεισθὲν

1197 1699 1340 1753 χρυσίον
1359 1699 1546 1737 ἀναλαέῗεῖν
1564 1699 1608 1738 τὰ
1629 1700 1776 1752 ἐνέχυρα
1789 1731 1798 1747 ,
1819 1699 1841 1746 ἢ
1860 1701 1975 1743 αὐτοῖς
1990 1699 2048 1738 τὸν
2070 1698 2244 1738 Σιλὸανὸν

1199 1761 1231 1803 ἐς
1253 1759 1273 1796 ὅ
1292 1774 1324 1796 τι
1344 1758 1503 1810 βούλοιτο
1523 1758 1740 1810 χρήσασθαι.
1761 1761 1895 1797 Τοῦτον
1912 1758 1953 1804 δὴ
1975 1758 2033 1797 τὸν
2052 1757 2245 1798 Κωνστάν-

1196 1833 1267 1855 τιον
1286 1819 1320 1855 ἐν
1340 1816 1472 1870 ὑποψία
1490 1817 1676 1869 προδοσίας
1693 1817 1926 1867 ποιησάμενοι
1945 1816 2114 1863 Ἀττήλας
2132 1831 2170 1855 τε
2185 1817 2246 1855 καὶ

1199 1876 1338 1922 Βλήδας
1367 1875 1655 1928 ἀνεσταύρωσαν·
1687 1875 1776 1926 μετὰ
1802 1876 1837 1914 δὲ
1861 1875 1984 1928 χρόνον
2013 1878 2062 1928 τῷ
2095 1875 2246 1928 Ἀττήλᾳ

1201 1939 1246 1978 ὣς
1264 1936 1308 1973 τὰ
1327 1935 1407 1988 περὶ
1427 1939 1496 1974 τῶν
1516 1937 1650 1988 φιαλῶν
1671 1935 1826 1986 ἐμηνύθη
1839 1965 1849 1985 ,
1873 1937 2054 1982 ἐκδοθῆναι
2074 1931 2246 1988 αὗτῷτὸν

1199 1993 1394 2042 Σιλὸανὸν,
1415 1988 1470 2032 οἶα
1491 1994 1534 2039 δὴ
1558 1996 1657 2047 φῶρα
1677 1996 1746 2031 τῶν
1776 1994 1880 2032 αὐτοῦ
1907 1993 2112 2044 γενόμενον,
2141 1993 2247 2032 ἐδού-

1202 2124 1276 2147 cum
1294 2115 1443 2148 Edecone
1459 2116 1539 2154 erat,
1557 2117 1659 2156 pater,
1678 2124 1744 2147 non
1761 2115 1926 2156 legationis
1941 2123 2049 2156 causa,
2063 2114 2118 2147 sed
2133 2114 2247 2156 privati

1201 2168 1296 2200 oflicii
1308 2170 1339 2200 et
1350 2169 1575 2200 familiaritatis
1592 2177 1677 2209 ergo.
1693 2168 1880 2201 Constantio
1893 2168 1977 2200 enim
1991 2168 2023 2200 in
2035 2168 2135 2200 ltaliis
2142 2168 2248 2208 agenti

1201 2230 1334 2262 magnus
1344 2222 1494 2253 cumillis
1508 2231 1586 2254 usus
1601 2222 1822 2254 intercesserat
1836 2231 1844 2253 :
1858 2221 2009 2254 Tatulum
2025 2221 2163 2254 affinitas
2181 2229 2249 2254 mo-

1203 2275 1309 2307 vebat.
1328 2277 1457 2308 Orestes
1470 2275 1568 2315 enim,
1583 2277 1650 2316 eJus
1665 2275 1760 2314 filius,
1775 2275 1901 2308 Romuli
1917 2274 2016 2306 filiam
2032 2283 2050 2306 e
2063 2274 2248 2312 patavione,

1202 2329 1309 2361 Norici
1326 2329 1475 2369 civitate,
1494 2338 1628 2361 uxorem
1646 2329 1793 2360 duxerat.
1805 2328 1924 2368 Legati
1940 2329 2048 2360 autem
2063 2327 2247 2366 veniebant,

1202 2383 1239 2414 ut
1267 2382 1398 2414 Attilam
1421 2383 1574 2422 lenirent,
1603 2382 1659 2423 qui
1683 2382 1742 2414 sihi
1767 2382 1960 2423 sylvanum,
1985 2380 2084 2413 Armii
2101 2380 2112 2421 t
2126 2389 2249 2422 arqen-

1205 2436 1351 2473 tariaee’)
1369 2443 1489 2466 mensae
1507 2436 1619 2466 Romae.
1635 2434 1837 2474 praefectum,
1864 2433 1946 2465 tradi
1961 2432 2155 2474 postulabat,
2171 2441 2248 2473 pro-

1203 2487 1312 2526 pterea
1325 2486 1411 2526 quod
1421 2488 1547 2526 pateras
1557 2495 1670 2518 aureas
1683 2493 1701 2516 a
1716 2485 1904 2527 Constantio
1916 2483 2057 2526 quodam
2070 2485 2247 2525 acceperat.

1207 2537 1266 2570 Hic
1278 2538 1496 2577 Constantius,
1508 2546 1549 2569 ex
1560 2538 1671 2569 Galliis
1682 2535 1941 2569 occidentalibus
1951 2537 2052 2576 ortus,
2066 2535 2107 2568 ad
2118 2535 2250 2568 Attilam

1203 2591 1236 2622 et
1254 2588 1398 2628 Bledam,
1416 2590 1452 2620 ut
1466 2589 1529 2621 illis
1542 2589 1574 2620 in
1597 2588 1835 2620 conscribendis
1847 2587 1987 2628 epistolis
2003 2595 2132 2628 operam
2145 2586 2249 2628 daret,

1203 2640 1475 2682 quemadmodum
1502 2642 1535 2672 et
1570 2641 1641 2680 post
1669 2640 1761 2671 illum
1789 2639 1870 2671 alter
1897 2638 2104 2671 Constantius
2135 2638 2251 2671 missus

1204 2694 1317 2725 fuerat.
1333 2692 1389 2724 lile
1401 2701 1490 2730 vero,
1501 2701 1568 2732 quo
1578 2693 1721 2732 tempore
1731 2691 1883 2723 Sirmium
1896 2690 2062 2732 oppidum,
2075 2689 2109 2722 in
2122 2691 2251 2722 Paeonia

1204 2745 1301 2776 situm
1312 2768 1320 2784 ‚
1339 2743 1466 2784 Scythae
1482 2742 1682 2782 obsidebant,
1700 2751 1798 2774 aurea
1819 2751 1895 2774 vasa
1913 2750 1932 2773 a
1948 2741 2087 2774 civitatis
2101 2741 2249 2782 episcopo

1204 2796 1383 2836 acceperat,
1400 2796 1438 2827 ut
1453 2803 1494 2826 ex
1515 2803 1628 2826 eorum
1645 2794 1758 2834 pretio,
1773 2793 1798 2826 si
1815 2802 1848 2825 se
1863 2793 2034 2833 superstite
2049 2793 2163 2824 urbem
2179 2793 2250 2834 capi

1205 2849 1399 2889 contigisset,
1418 2847 1525 2889 quoad
1539 2847 1614 2879 satis
1630 2848 1723 2886 esset,
1740 2855 1796 2887 pro
1809 2855 1866 2878 sua
1882 2846 2028 2878 libertate
2047 2846 2224 2878 solveretur
2240 2858 2248 2878 :

1205 2901 1253 2932 sin
1267 2901 1423 2941 periisset,
1439 2899 1524 2931 cives
1537 2899 1569 2930 in
1582 2899 1767 2931 servitutem
1782 2897 1911 2930 abducti
1929 2897 2171 2929 redimerentur.
2187 2897 2250 2930 sed

1205 2952 1411 2984 Constantius
1425 2952 1497 2992 post
1513 2951 1601 2983 urbis
1620 2950 1779 2982 excidium
1795 2949 1834 2981 de
1850 2950 1945 2989 pacto
1961 2949 2015 2980 illo
2034 2957 2147 2989 parum
2166 2949 2250 2980 solli-

1205 3005 1301 3044 citus,
1320 3007 1454 3036 Romam
1477 3002 1643 3044 cujusdam
1665 3001 1782 3042 negotii
1803 3010 1899 3033 causa
1918 3001 2090 3042 profectus,
2117 3009 2192 3032 vasa
2209 3001 2250 3033 ad

1204 3058 1379 3098 Sylvanum
1394 3056 1521 3095 detulit,
1538 3057 1571 3087 et
1583 3063 1698 3086 aurum
1712 3054 1753 3086 ab
1768 3063 1807 3085 eo
1818 3053 1950 3094 accepit,
1965 3053 2178 3093 convenitque
2194 3055 2248 3092 ut,

1204 3109 1230 3140 si
1245 3109 1327 3140 intra
1336 3109 1462 3148 tempus
1470 3107 1661 3148 praefinitum
1671 3114 1784 3137 aurum
1794 3106 1905 3136 mutuo
1912 3106 2075 3145 sumptum
2089 3103 2247 3144 redderet,

1207 3169 1281 3192 vasa
1300 3159 1454 3200 reciperet
1475 3167 1482 3187 :
1501 3159 1534 3190 ni
1556 3158 1692 3196 fecisset,
1714 3157 1872 3197 sylvanus
1886 3164 1961 3187 vasa
1981 3155 2040 3188 sibi
2062 3155 2196 3188 liaberet
2217 3159 2250 3188 et

1205 3212 1254 3244 liis
1281 3221 1339 3253 pro
1361 3212 1495 3243 arbitrio
1518 3211 1674 3243 uteretur.
1702 3212 1796 3242 Hunc
1825 3208 2047 3240 constantium
2075 3207 2190 3240 Attilas
2216 3211 2250 3241 et

1207 3263 1316 3303 Bteda,
1325 3273 1426 3304 quum
1437 3263 1498 3294 illis
1513 3261 1699 3303 proditionis
1707 3259 1834 3292 nomine
1847 3261 2013 3300 suspectus
2024 3261 2116 3297 esset,
2129 3260 2162 3291 in
2174 3269 2248 3291 cru-

1206 3325 1274 3348 cem
1290 3316 1432 3355 egerunt.
1479 3317 1527 3346 Ex
1538 3323 1614 3354 quo,
1627 3315 1662 3344 ut
1676 3312 1715 3344 de
1730 3311 1851 3352 poculis
1863 3311 1967 3342 aureis
1979 3311 2130 3342 indicium
2144 3311 2184 3342 ad
2194 3313 2247 3343 At·

1205 3367 1295 3399 tilam
1313 3368 1360 3398 est
1382 3366 1524 3398 delatum
1539 3388 1546 3402 ,
1570 3365 1629 3396 sibi
1647 3363 1729 3395 tradi
1752 3363 1946 3403 sylvanum,
1964 3363 2119 3402 tanquam
2144 3362 2248 3394 furem

1207 3427 1318 3450 eorum
1336 3427 1408 3458 quae
1425 3426 1480 3449 sua
1501 3418 1621 3456 essent,
1641 3415 1800 3455 flagitavit.
1823 3414 1929 3453 Legati
1948 3413 2041 3453 igitur
2058 3414 2099 3445 ab
2113 3414 2203 3446 Aetio
2215 3415 2248 3446 et
