2372 3704
1002 190 1066 230 ΡΒ
1075 190 1138 230 AG
1145 191 1336 231 MENTA.

52 274 222 323 ὁκοίησαν
239 273 425 326 Αἰγύπτιοι
448 271 585 325 Ἑρμῆν
605 271 752 325 βασιλέα
765 285 773 295 ·
795 271 854 310 καὶ
875 270 1100 310 ἐὸασίλευσεν

53 325 117 380 ἔτη
134 334 200 373 λθ’.

107 405 139 430 ο.
160 390 350 442 Ἐγέννησε
366 388 403 428 δὲ
420 389 508 432 Ζεὺς
526 388 586 427 καὶ
606 387 721 440 ἕτερον
739 387 811 426 υἱὸν
831 388 976 440 ὀνόματι
997 388 1105 442 Ἡρα-

54 449 141 489 κλέα
164 448 254 501 μετὰ
270 447 467 499 Ἀλκμήνης
487 450 550 494 τῆς
569 446 753 495 Θηὸαίας,
774 446 809 490 ὃς
828 446 959 495 ἐκλήθη
976 447 1107 500 Τριέσ-

55 524 168 561 περος.
185 501 296 551 Οὗτος
313 506 496 560 Ἡρακλῆς
515 505 689 551 κατέδειξε
714 506 895 558 [πρῶτος]
912 506 950 544 τὸ
967 507 1106 559 φιλοσο-

55 573 130 621 φεῖν
145 568 180 605 ἓν
195 567 266 610 τοῖς
277 565 448 618 ἑσπερίοις
460 564 612 617 μέρεσιν,
626 564 704 611 ἤτοι
713 570 783 608 τοῖς
797 565 957 608 δυτικοῖς.
973 567 1107 604 Τοῦτον

55 623 320 668 ἀποθεώσαντες
336 626 367 662 οἱ
393 627 455 662 τοῦ
474 623 590 673 γένους
608 625 713 661 αὐτοῦ
735 621 824 674 μετὰ
842 622 906 670 τὴν
925 625 1028 662 αὐτοῦ
1049 639 1107 662 τε-

53 682 194 731 λευτὴν,
221 682 393 721 ἐκάλεσαν
414 681 543 736 ἀστέρα
566 682 724 735 οὐράνιον
751 681 896 732 ὀνόματι
916 683 1020 720 αὐτοῦ
1049 682 1107 721 τὸν

55 740 297 795 ἀστροχίτωνα
315 739 499 793 Ἡρακλέα
511 756 519 764 ·
535 739 572 779 ὃν
589 739 760 792 γράφουσι
778 739 881 793 δορὰν
900 739 1036 785 λέοντος
1052 756 1108 793 φο-

56 804 183 855 ροῦντα
215 800 276 839 καὶ
301 799 382 852 τρία
411 801 509 850 μῆλα
538 802 751 851 κρατοῦντα·
781 798 871 851 ἅπερ
906 799 986 851 τρία
1011 802 1107 849 μῆλα

56 858 244 913 ἀφελέσθαι
258 857 363 896 ,αὐτὸν
385 857 646 908 ἐμυθολόγησαν
661 859 711 910 τῷ
730 857 876 910 ῥοπάλῳ
893 856 1107 910 φονεύσαντα

54 918 114 956 τὸν
138 918 332 969 δράκοντα,
362 916 522 956 τουτέστι
548 915 828 969 νικήσανταρτὸν
859 913 1107 956 πολυποίκιλον

54 977 117 1022 τ’ῆς
134 981 289 1028 πονηρᾶς
309 974 495 1025 ἐπιθυμίας
515 973 682 1026 λογισμὸν
702 973 759 1012 διὰ
780 977 838 1013 τοῦ
867 976 1023 1027 ῥοπάλου
1048 978 1110 1022 τῆς

56 1034 283 1087 φιλοσοφίας,
315 1033 441 1086 ἔχοντα
473 1033 699 1086 περιὸόλαιον
737 1033 900 1086 φρόνημα
931 1036 977 1077 ὡς
1005 1034 1109 1086 δορὰν

55 1091 212 1136 λέοντος·
235 1092 296 1131 καὶ
315 1092 425 1136 οὕτως
445 1092 605 1146 ἀφείλετο
627 1092 671 1130 τὰ
693 1091 772 1144 τρία
794 1093 911 1143 μῆλα,
928 1092 1013 1145 ὅπερ
1037 1092 1110 1131 ἐστὶ

54 1150 117 1194 τὰς
136 1153 227 1203 τρεῖς
246 1150 393 1205 ἀρετὰς,
419 1151 458 1190 τὸ
485 1150 535 1203 μὴ
563 1151 779 1204 ὀργίζεσθαι,
804 1151 843 1190 τὸ
870 1151 920 1201 μὴ
939 1154 1107 1205 φιλαργυ-

55 1215 142 1263 ρεῖν,
158 1210 197 1249 τὸ
216 1209 266 1261 μὴ
292 1212 501 1264 φιληδονεῖν.
529 1211 598 1250 Διὰ
618 1209 686 1264 γὰρ
702 1215 761 1249 τοῦ
779 1211 934 1264 ῥοπάλου
950 1214 1011 1259 τῆς
1024 1228 1112 1266 κρα-

56 1272 196 1320 τερικῆς
237 1270 354 1322 ψυχῆς
384 1268 444 1307 καὶ
475 1272 538 1316 τῆς
570 1270 673 1322 δορᾶς
691 1273 762 1308 ’τοῦ
798 1269 1013 1323 θρασυτάτου
1050 1271 1111 1308 καὶ

56 1326 231 1380 σώφρονος
248 1330 416 1379 λογισμοῦ
439 1328 575 1376 ἐνίκησε
598 1328 656 1367 τὸν
675 1328 747 1366 υἱὸν
766 1331 828 1375 τ’ἧς
844 1331 978 1381 φαυλῆς
995 1331 1112 1368 ἐπιθυ-

58 1385 142 1437 μίας
171 1387 409 1439 φιλοσοφήσας
438 1386 544 1440 μέχρι
579 1387 748 1435 θανάτου,
781 1387 896 1431 καθὼς
928 1387 1113 1440 Ἡρόδοτος

58 1445 107 1498 (l.
127 1444 350 1498 Ἡρόδωρος)
375 1448 393 1483 ὁ
416 1446 618 1498 σοφώτατος
639 1445 897 1499 συνεγράψατο,
920 1445 956 1490 ὃς
969 1446 1031 1485 καὶ
1047 1446 1113 1486 ἄλ-

57 1504 136 1548 λους
156 1503 344 1555 ἹΙρακλεῖς
359 1505 491 1557 ἱστορεῖ
510 1507 716 1556 γεγενῆσθαι
737 1504 840 1544 ἑπτά.

108 1576 139 1602 7.
169 1561 272 1602 Μετὰ
286 1561 422 1615 Ἑρμῆν
437 1561 660 1601 ε’ὅασίλευσεν
684 1563 887 1614 Αἰγυπτίων
900 1562 1111 1617 οἸ-Ῐφαιστος,

56 1619 94 1659 ὃν
116 1620 176 1660 καὶ
196 1621 271 1660 θεὸν
298 1622 469 1660 ἐκάλουν·
497 1625 539 1669 ἠν
545 1621 633 1696 myzitp
663 1620 877 1672 πολεμιστὴς
898 1621 959 1660 καὶ
987 1637 1112 1673 μυστι-

57 1679 137 1732 κὸς,
164 1681 199 1723 ὃς
219 1679 456 1731 συμπεσόντος
476 1682 571 1733 αὐτῷ
589 1679 699 1718 ιππου
720 1682 754 1719 ἐν
774 1683 825 1733 τῷ
842 1680 988 1732 πολέμῳ
1014 1682 1107 1727 πλη-

60 1738 134 1790 γεὶς
163 1737 276 1789 ἔμεινε
305 1738 487 1791 χωλεύων,
523 1738 607 1777 Ἀπὸ
634 1738 669 1778 δὲ
701 1740 879 1788 μυστικῶν
911 1740 1022 1790 εὐχῶν
1050 1738 1112 1785 τὴν

54 1796 227 1843 ὄξυλάὸην
245 1797 383 1842 ἐδέξατο
407 1799 446 1836 ἐκ
462 1801 523 1835 τοῦ
543 1796 643 1850 ἀέρος
662 1799 708 1841 εἰς
727 1797 766 1835 τὸ
783 1800 1053 1842 κατασκευάζειν
1076 1800 1114 1836 ἐκ

59 1856 201 1908 σιδήρου
218 1854 310 1896 ὅπλα
322 1872 330 1880 ·
351 1855 426 1895 ὅθεν
443 1857 503 1894 καὶ
525 1856 716 1909 ἐπικρατὴς
735 1856 858 1909 εὑρέθη
883 1858 930 1900 εἷς
948 1856 1027 1901 τοὺς
1045 1871 1113 1894 πο-

59 1914 203 1966 λέμους·
219 1915 286 1968 πρὸ
302 1915 370 1968 γὰρ
391 1917 497 1953 αὐτοῦ
517 1915 680 1968 ῥοπάλοις
699 1915 759 1953 καὶ
779 1915 885 1958 λίθοις
904 1915 1110 1966 ἐπολέμουν.

59 1972 313 2023 Ἐνομοθέτησε
328 1975 363 2011 δὲ
378 1973 438 2011 καὶ
450 1976 526 2018 ταῖς
539 1973 744 2026 Αἰγυπτίων
758 1973 894 2024 γυναιξὶ
909 1975 1112 2027 μονανδρεῒν

58 2030 121 2070 καὶ
139 2031 323 2083 σωφρόνως
340 2031 483 2081 διάγειν.

114 2104 143 2129 8.
174 2089 275 2128 Μετὰ
298 2090 355 2141 [δὲ
375 2090 464 2142 τὴν]
486 2089 651 2137 τελευτὴν
672 2090 870 2143 Ἡφαίστου
890 2089 1114 2129 εἶὸασίλευσεν

62 2148 262 2199 Αἰγυπτίων
277 2151 295 2187 6
312 2149 381 2192 υἱὸς
398 2150 504 2187 αὐτοῦ
523 2148 648 2192 ’Ἠλιος
665 2149 813 2202 ἡμέραις
827 2150 945 2203 Ιδυοζ’,
963 2152 1009 2193 ὡς
1025 2143 1114 2187 εἶναι

62 2207 121 2255 ἔτη
153 2206 198 2245 ιδ’
216 2207 275 2245 καὶ
293 2207 427 2260 ἡμέρας
451 2208 514 2259 4ζῆ
547 2207 641 2247 Οὔτε
657 2207 723 2258 γὰρ
742 2201 886 2261 ᾔδεισαν
906 2207 985 2246 τότε
1006 2209 1114 2260 Αἰγύ-

61 2263 299 2312 πτιοιῆἄλλοι
314 2265 401 2309 τινὲς
415 2265 571 2304 ἐνιαυτὸν
589 2266 752 2319 ψηφίσαι,
771 2267 846 2305 ἀλλ’
862 2266 962 2305 ἄλλοι
979 2266 1040 2316 μὲν
1056 2266 1116 2310 τὰς

62 2325 241 2377 περιόδους
261 2327 323 2372 τῆς
339 2325 485 2373 σελήνης
506 2327 553 2370 εἰς
571 2325 747 2370 ἐνιαυτοὺς
761 2326 940 2379 ἐψήφιζον,
957 2328 988 2364 οἱ
1003 2326 1038 2364 δὲ
1055 2326 1117 2370 τὰς

62 2383 240 2437 περιόδους
258 2387 326 2422 τῶν
340 2387 480 2437 ἡμερῶν
495 2400 503 2408 ·
533 2387 563 2423 οἱ
581 2384 648 2437 γὰρ
665 2388 732 2423 τῶν
761 2385 806 2422 23'
832 2387 950 2435 μηνῶν
976 2385 1116 2436 ἀριθμοὶ

65 2443 155 2494 μετὰ
168 2447 280 2481 ταῦτα
294 2443 545 2495 ἐπενοήθησαν,
567 2443 601 2488 ἐξ
621 2443 700 2482 ὅτου
723 2443 956 2494 ἐπωνομάσθη
977 2443 1016 2482 τὸ
1032 2446 1115 2482 ὓπο-

2138 199 2215 234 543

1167 274 1277 316 τελεῖς
1293 267 1380 311 εἶναι
1397 273 1474 318 τοὺς
1485 273 1684 324 ἀνθρώπους
1693 277 1763 318 τοῖς
1776 277 1988 326 βασιλεῦσιν.
2004 275 2049 316 Ὁ
2064 280 2216 322 τοιοῦτος

1169 331 1332 381 βασιλεὺς
1350 331 1530 382 Αἰγύπτου
1544 330 1668 375 Ἥλιος
1682 333 1870 384 κατασχὼν
1890 335 2036 384 γυναῖκα
2055 350 2218 387 μοιχευο-

1169 388 1275 438 μένην
1295 389 1509 441 ἐτιμώρησεν
1528 389 1648 437 αὐτὴν,
1665 391 1835 441 στηρίζων
1853 391 1916 438 τὴν
1930 408 1991 430 του
2005 394 2136 447 πατρὸς
2156 398 2220 435 αὖ·

1171 463 1232 485 του
1263 447 1492 497 νομοθεσίαν·
1520 447 1580 485 καὶ
1612 447 1712 486 τὀυτό
1733 450 1824 486 ἐστιν
1853 448 1870 487 ὃ
1899 454 2086 497 ποιητικῶς
2116 453 2222 505 φησὶν

1167 504 1374 558 ςὈμηρος,“
1356 523 1402 548 ως
1408 504 1535 550 Ἥλιος
1550 506 1673 556 ἤλεγξε
1687 505 1748 553 τὴν
1764 506 1966 559 Ἀφροδίτην
1980 512 2220 562 συμμιγνυμέ-

1168 580 1230 611 νην
1245 565 1364 609 νυκτὸς
1379 563 1491 617 Ἄρεϊ.
1510 565 1712 619 Ἀφροδίτην
1726 564 1793 617 γὰρ
1808 566 1952 604 εκάλεσε
1973 567 2035 613 τὴν
2051 569 2222 619 ἐπιθύμη-

1171 639 1224 662 σιν
1241 626 1302 670 τῆς
1320 623 1480 676 πορνείας
1496 623 1562 662 ὑπὸ
1583 623 1706 662 Ἡλίου
1729 624 1898 675 βασιλέως
1918 626 2149 677 ἐλεγχθείσης.
2170 628 2222 667 Τὸ

1171 681 1206 721 δὲ
1230 682 1353 729 ἀληθὲς
1376 682 1605 735 Παλαίφατος
1625 685 1643 720 ὁ
1663 682 1862 735 σοφώτατος
1885 684 2119 737 χρονογράφος
2139 701 2223 725 συν-

1170 742 1364 795 εγράψατο.

1225 815 1254 839 9.
1289 799 1392 840 Μετὰ
1411 799 1475 847 τὴν
1498 799 1624 839 Ἡλίου
1657 799 1820 847 τελευτὴν
1851 799 2055 840 ε’ὅασίλευσε
2090 803 2218 847 Σῶσις.

1171 858 1274 899 Μετὰ
1293 863 1405 898 ταῦτα
1422 858 1531 912 ἕτεροι
1547 858 1626 906 δύο,
1646 859 1706 898 καὶ
1728 862 1804 909 μετ’
1820 859 1942 903 αὐτοὺς
1953 861 2095 908 Θοῦλις,
2114 860 2149 905 ὃς
2161 877 2226 900 πα-

1172 917 1335 971 ραλαὸὼν
1353 924 1471 956 πᾶσαν
1487 917 1550 965 τὴν
1565 920 1630 970 γῆν
1651 918 1742 969 μετὰ
1759 920 1797 972 (l.
1821 917 1899 970 ἕως)
1912 922 1973 957 τοῦ
1987 920 2140 958 ὠκεανοῦ
2160 914 2226 968 ἧλ-

1172 981 1226 1016 θεν
1234 979 1267 1015 ἐν
1275 981 1319 1030 τῇ
1331 978 1474 1029 Ἀφρικῇ
1484 979 1532 1021 εἰς
1542 976 1581 1015 τὸ
1592 982 1765 1027 μαντεῖον·
1774 979 1834 1016 καὶ
1843 982 1881 1016 θυ
1887 979 2011 1021 σιάσας
2019 979 2227 1018 ἐπυνθάνετο

1171 1036 1293 1087 λεγων·
1311 1054 1327 1070 «ι
1338 1036 1401 1080 Τίς
1417 1035 1484 1089 πρὸ
1500 1038 1561 1083 τῆς
1576 1037 1661 1086 ἐμοῦ
1681 1035 1860 1088 βασιλείας
1881 1036 2036 1083 ἠδυνήθη
2056 1037 2226 1082 ὑποτάξαι

1173 1093 1218 1132 τὰ
1237 1094 1372 1143 πάντα,
1395 1093 1418 1141 ἢ
1435 1094 1485 1138 τίς
1503 1095 1578 1145 μετ’
1601 1093 1682 1145 ἐμέ;
1701 1113 1715 1129 υ
1736 1094 1810 1134 Καὶ
1831 1093 1929 1141 ἐδόθη
1948 1096 2042 1133 αυτῶ
2066 1096 2226 1149 χρησμὸς

1175 1157 1290 1197 οὗτος·
1312 1171 1327 1187 υ

1258 1256 1374 1295 Πρῶτα
1384 1253 1452 1290 θεὸς
1463 1277 1472 1293 ,
1490 1254 1653 1294 μετέπειτα
1661 1253 1752 1294 λόγος
1762 1255 1815 1285 καὶ
1828 1257 1950 1295 πνεῦμα
1963 1254 2020 1286 σὺν
2033 1255 2150 1292 αὐτοῖς.

1258 1301 1381 1341 [Ταῦτα
1393 1301 1439 1342 δὲ]
1452 1301 1596 1341 σύμφυτα
1614 1301 1716 1332 πάντα
1729 1302 1781 1332 καὶ
1796 1301 1949 1342 [ἔντυμον]
1963 1303 2004 1338 εἰς
2018 1302 2049 1333 ἓν
2063 1302 2150 1334 ἰόντα
2159 1325 2168 1342 ,

1258 1347 1294 1379 οὗ
1307 1348 1418 1389 κράτος
1432 1348 1558 1379 αἰώνιον
1574 1347 1705 1387 (ἀέναον
1720 1347 1803 1387 conj.
1820 1349 1958 1380 Lobeck.
1971 1350 1995 1389 ).

1232 1459 1276 1485 10.
1298 1447 1386 1484 Μετ’
1403 1445 1504 1483 αὐτὸν
1525 1445 1748 1484 ἐδασίλευσεν
1764 1446 1999 1496 Αἰγυπτίων
1983 1462 2023 1484 εκ
2038 1463 2100 1493 της
2119 1449 2228 1501 φυλης

1175 1503 1262 1554 Χὰμ
1278 1505 1479 1556 Σωστρις,’
1464 1504 1515 1556 εφ’
1533 1507 1571 1542 ου
1590 1503 1888 1556 μετῳκίσθησαν’
1873 1520 1908 1541 εν
1926 1504 2063 1557 Περσίᾳ
2079 1504 2227 1546 Σκύθαι.

1178 1563 1239 1602 Ἐν
1255 1563 1325 1606 τοῖς
1344 1562 1477 1614 χρόνοις
1499 1566 1559 1600 τοῦ
1577 1561 1809 1614 Σώστριδος’
1792 1579 1834 1609 ην
1851 1562 1988 1614 Ἑρμης
2009 1565 2026 1600 6
2043 1563 2227 1616 τρισμέγι-

1178 1637 1255 1665 στος
1273 1624 1290 1659 6
1308 1621 1552 1693 Αἰγύπτιος,’
1534 1620 1621 1673 ανὴρ
1643 1620 1788 1682 φοὸερὸς
1807 1622 1857 1673 [ἐν
1876 1620 2019 1694 σοφία],
2042 1620 2113 1663 ὃςν
2094 1637 2223 1693 εφρασε

1175 1686 1265 1732 τρεῖς
1287 1679 1453 1730 μεγίστας
1471 1678 1634 1729 δυνάμεις
1651 1683 1759 1726 εἰναι,
1782 1678 1822 1717 τὸ
1843 1694 1903 1717 του
1923 1679 2073 1731 ἀρρήτου
2089 1681 2149 1718 καὶ
2169 1680 2230 1726 δη-

1178 1754 1344 1790 μιουργου
1360 1737 1487 1789 ὄνομα,
1506 1737 1606 1789 [μίαν
1622 1737 1673 1789 δὲ]
1693 1737 1851 1785 θειότητα
1868 1741 1961 1776 εἶπεν
1980 1742 2086 1777 εἰναι·
2104 1738 2155 1776 διὸ
2170 1738 2230 1777 καὶ

1177 1798 1340 1844 ἐκλήθη“
1328 1797 1394 1835 υπὸ
1415 1799 1483 1835 τῶν
1501 1795 1703 1847 Αἰγυπτίων
1731 1795 1998 1849 Τρισμέγιστος.
2028 1796 2228 1850 Ἐμφέρον·

1176 1873 1234 1894 ται
1256 1856 1291 1894 δὲ
1320 1857 1355 1895 ἐν
1383 1856 1453 1899 τοῖς
1473 1855 1557 1907 πρὸς
1582 1854 1790 1902 Ἀσκληπιὸν
1812 1855 1924 1906 λόγοις
1948 1857 2054 1894 αὐτοῦ
2084 1856 2229 1908 ῥήματα

1176 1919 1301 1953 ταῦτα·

1231 1988 1275 2013 11.
1298 1991 1312 2007 «
1336 1968 1422 2025 [Ἦν
1445 1973 1538 2025 φῶς]
1557 1972 1673 2025 νοερὸν
1689 1971 1756 2024 πρὸ
1774 1971 1884 2025 φωτὸς
1900 1975 2018 2024 νοεροῧ
2037 1972 2097 2010 καὶ
2114 1968 2154 2020 ἦν
2173 1972 2228 2011 ἀεὶ

1176 2037 1254 2076 νοῧς
1269 2032 1344 2076 νοὸς
1357 2031 1520 2086 φωτεινός
1531 2048 1539 2055 ·
1556 2031 1615 2070 καὶ
1635 2031 1730 2070 οὐδὲν
1749 2031 1863 2084 ἕτερον
1879 2026 1920 2078 ἦν
1940 2031 1963 2078 ἢ
1980 2035 2001 2078 ἡ
2020 2030 2142 2070 τούτου
2159 2032 2230 2070 ἑνό-

1177 2107 1257 2139 της’
1276 2091 1329 2130 ἀεὶ
1349 2093 1384 2129 ἐν
1405 2094 1499 2143 αὑτῷ
1521 2088 1582 2137 ὢν,
1611 2090 1665 2127 ἀεὶ
1691 2092 1741 2142 τῷ
1762 2092 1867 2128 αὑτοῦ
1893 2088 1945 2128 νοῒ
1972 2090 2032 2128 καὶ
2062 2090 2231 2142 quoti-ml

1702 2148 1825 2192 Ἐκτὸς
1848 2149 1970 2187 τούτου
1990 2150 2028 2186 οὐ
2049 2148 2123 2191 θεὸς
2137 2179 2148 2199 ,
2169 2151 2230 2187 οὐκ

1178 2209 1341 2260 ἄγγελος,
1357 2210 1395 2246 οὗ
1420 2208 1567 2258 δαίμων,
1587 2209 1648 2245 οὐκ
1670 2206 1769 2245 οὐσία
1794 2223 1846 2251 τις
1868 2207 1978 2254 ἄλλη·
1998 2206 2138 2245 πάντων
2162 2207 2231 2260 γὰρ

1177 2266 1319 2313 κτίστης
1342 2266 1402 2305 καὶ
1419 2265 1536 2318 πατὴρ
1557 2265 1617 2303 καὶ
1641 2265 1732 2313 θεὸς,
1752 2265 1811 2303 καὶ
1830 2264 1946 2303 πάντα
1971 2267 2029 2303 ὑπ’
2048 2266 2149 2303 αὐτὸν
2170 2266 2231 2304 καὶ

1177 2326 1212 2363 ἐν
1231 2326 1326 2377 αὐτῷ
1353 2326 1457 2363 ἐστιν.
1475 2324 1520 2363 Ὁ
1542 2324 1609 2376 γὰρ
1628 2324 1727 2375 λόγος
1755 2323 2085 2372 αὖτοῧιπαντέλειος
2104 2322 2151 2362 ὢν
2171 2323 2232 2361 καὶ

1177 2383 1317 2435 γόνιμος
1340 2383 1400 2421 καὶ
1418 2383 1646 2435 δημιουργὸς,
1663 2386 1697 2422 ἐν
1712 2382 1845 2434 γονίμῳ
1863 2382 1962 2435 φύσει
1977 2381 2094 2421 πεσὼν
2117 2384 2151 2420 ἐν
2170 2398 2231 2433 γο-

1953 2442 2012 2495 (12)
2030 2443 2102 2482 Καὶ
2119 2447 2231 2481 ταῦτα

1176 2149 1350 2199 πνεύματι
1369 2149 1483 2187 πάντα
1512 2148 1680 2201 περιέχει.

1178 2445 1269 2497 νίμῳ
1286 2443 1387 2482 ὕδατι
1404 2443 1525 2496 ἔγκυον
1542 2444 1581 2482 τὸ
1597 2443 1688 2496 ὕδωρ
1705 2443 1861 2490 ἐποίησε.
1887 2461 1903 2477 »

2157 2520 2230 2527 -

105 2556 159 2586 Fr.
175 2558 206 2586 6.
218 2554 239 2595 §
250 2559 281 2586 6.
295 2558 424 2596 πρῶτο
434 2554 469 2595 ς]
481 2555 626 2595 supplevi
639 2563 657 2586 e
671 2555 815 2587 cedreno
829 2563 860 2595 p.
873 2559 911 2587 32
926 2579 935 2594 ,
950 2559 980 2594 2,
993 2555 1049 2587 uhi
1062 2555 1173 2587 eadem
1186 2556 1259 2587 sere.
1274 2555 1355 2587 Hinc
1368 2555 1526 2595 incipiunt
1540 2556 1695 2595 Excerpta
1710 2557 1782 2596 Περὶ
1798 2555 1904 2596 ἀρετῆς
1919 2563 1949 2595 p.
1963 2557 2024 2586 778
2036 2553 2086 2586 ed.
2100 2554 2206 2586 vales.
2221 2566 2230 2586 z

64 2601 139 2633 'Oti
152 2601 205 2633 τὸν
221 2602 379 2642 Ἡρακλέα
393 2602 445 2633 τὸν
459 2605 512 2639 τῆς
529 2602 697 2642 Ἀλκμήνης
718 2602 882 2642 φιλόσοφον
899 2604 1072 2642 ἱστοροῦσι·
1094 2602 1128 2634 ὃν
1144 2603 1294 2643 γράφουσι
1308 2602 1399 2642 δορὰν
1415 2603 1544 2643 φέροντα
1558 2603 1569 2642 <
1579 2603 1642 2642 sic)
1656 2604 1709 2634 καὶ
1722 2602 1791 2642 τρία
1806 2603 1888 2642 μῆλα
1900 2613 1949 2643 up.
1967 2604 2030 2633 etc.
2054 2603 2089 2632 ut
2105 2601 2136 2632 in
2159 2600 2230 2632 cod.

74 2652 151 2680 ¹630
172 2657 273 2688 usque
294 2648 335 2680 ad
352 2649 449 2680 verba
465 2649 537 2689 ἄχρι
552 2648 663 2690 (μέχρι
683 2649 755 2681 cod.
775 2649 901 2688 noster)
915 2649 1058 2681 θανάτου.
1073 2666 1115 2672 —
1128 2650 1182 2682 Τὰ
1206 2649 1275 2691 τρία
1292 2660 1326 2690 μ.
1346 2650 1466 2685 καὶτὰς
1481 2660 1525 2690 τρ.
1549 2649 1622 2690 ἀμ]
1642 2649 1795 2681 articulos
1813 2657 1831 2680 e
1848 2651 1927 2680 Exc.
1941 2648 2013 2679 Val.
2032 2647 2158 2687 addidi,
2177 2647 2232 2678 ubi

65 2704 146 2728 mox
158 2695 320 2727 omittitur
333 2696 487 2727 articulus
501 2697 575 2728 ante
586 2697 754 2736 φιληδονεῖν
769 2697 801 2728 et
815 2697 1077 2737 φιλαργυρεῖν,·-
1089 2696 1315 2739 Ἡρόδοτος]
1330 2697 1381 2728 Sic
1397 2697 1493 2727 etiam
1510 2697 1694 2734 cedrenus,
1709 2696 1764 2727 ubi
1778 2695 1951 2736 Ἡρόδωρος
1967 2695 1978 2735 (
1991 2695 2031 2726 sr.
2049 2697 2083 2727 24
2093 2719 2102 2733 ,
2120 2703 2152 2734 p.
2171 2695 2231 2734 34)

1 2766 4 2768 -
67 2751 130 2774 em.
152 2742 292 2775 Lobeck.
307 2743 340 2774 in
360 2742 512 2782 Aglaoph.
529 2751 561 2782 p.
580 2746 658 2774 1310
672 2752 708 2774 ex
724 2743 901 2775 Clemente.
917 2743 1008 2774 Alex.
1033 2745 1151 2775 Strom.
1172 2747 1202 2784 l,
1220 2753 1251 2784 p.
1271 2748 1331 2776 369
1350 2745 1433 2775 Pott.
1451 2742 1522 2783 -ἓ
1544 2749 1574 2776 8.
1604 2743 1723 2774 Eadem
1745 2744 1855 2774 narrat
1881 2743 1997 2774 Malala
2022 2751 2053 2782 p.
2072 2745 2110 2773 23
2127 2751 2175 2782 sq.
2200 2743 2232 2773 el.

67 2790 189 2822 Chron.
209 2790 320 2822 Pascli.
335 2798 366 2830 p.
383 2792 434 2822 84.
458 2809 498 2816 —
522 2789 754 2832 ἐπωνομάσθη]
776 2791 820 2822 sie
843 2791 940 2822 etiam
969 2790 1081 2823 Malaia
1093 2815 1102 2831 ,
1126 2791 1179 2823 ubi
1204 2793 1240 2823 L.
1258 2791 1402 2822 Dindors.
1427 2791 1512 2830 conj.
1542 2791 1709 2828 ἐπενοήθη;
1739 2790 1885 2830 ἐνομίσθη
1910 2789 2029 2822 Chron.
2054 2789 2167 2820 pasch.
2191 2806 2231 2811 —

67 2836 87 2878 §
104 2840 135 2868 9.
151 2835 273 2877 Σῶσις]
288 2845 306 2868 e
322 2837 456 2875 Mala1a3
480 2838 590 2875 Σωσῆς
607 2838 730 2876 codex;
748 2837 833 2869 idem
854 2846 931 2869 mox
948 2837 1077 2875 Θούλης.
1091 2856 1132 2864 -
1154 2838 1283 2880 ἕτεροι
1301 2838 1389 2879 δύο]
1404 2847 1450 2870 sc.
1476 2838 1577 2869 Osiris
1602 2839 1634 2870 et
1656 2840 1752 2869 Orus.
1778 2854 1818 2860 -
1845 2839 1881 2868 ln
1904 2836 2035 2870 oraculo
2052 2845 2125 2876 qum
2142 2836 2232 2867 uncis

68 2883 324 2924 distinguuntur,
339 2884 487 2924 supplevi
503 2893 545 2915 ex
559 2884 720 2916 Chronico
734 2884 880 2916 Pasclial.
900 2893 930 2924 p.
948 2886 1005 2921 84,
1021 2884 1077 2916 ubi
1094 2885 1218 2925 plenius
1236 2886 1403 2917 oraculum
1419 2885 1599 2917 exhibetur.
1613 2885 1745 2917 Brevius
1761 2885 1904 2924 itemque
1920 2885 2109 2923 corruptum
2135 2883 2232 2914 habes

67 2929 154 2971 apud
171 2930 317 2962 Malalam
329 2939 360 2970 p.
377 2934 416 2962 25
426 2954 435 2970 ,
448 2929 630 2962 cedrenum
643 2939 674 2970 p.
697 2935 736 2962 36
746 2954 755 2969 ‚
768 2931 900 2962 suidam
912 2939 942 2962 v.
960 2931 1070 2966 Θοῦλις
1082 2955 1091 2969 ,
1105 2931 1159 2970 qui
1173 2941 1231 2963 sua
1244 2933 1373 2964 sortasse
1383 2942 1422 2964 ex
1435 2935 1559 2964 Joanne
1569 2934 1679 2963 nostro
1691 2930 1805 2963 hausit.
1819 2931 1869 2963 cf.
1885 2930 2012 2963 Lobeck
2023 2931 2231 2971 Aglaopham.

69 2986 101 3018 p.
117 2980 188 3010 480.
203 2976 276 3018 —§
294 2982 342 3010 10.
354 2979 502 3018 Σῶστρι
512 2977 546 3018 ς]
559 2979 605 3010 sic
617 2979 714 3010 etiam
729 2978 863 3018 Malala;
876 2978 1050 3019 Σέσωστρις
1063 2978 1198 3010 Cedren.
1213 2981 1245 3011 et
1259 2980 1379 3011 Cliron.
1395 2980 1509 3011 Pasch.
1521 2997 1562 3004 —
1574 2979 1604 3010 ἐν
1619 2978 1713 3019 σοφία
1724 2977 1735 3018 ]
1748 2978 1893 3018 supplevi
1907 2987 1925 3010 e
1936 2978 2051 3009 Malaia
2062 3001 2070 3015 ,
2085 2979 2231 3009 cedreno

68 3025 102 3056 et
117 3024 234 3056 Chron.
248 3025 343 3056 Elisoe
355 3024 386 3056 in
400 3024 510 3056 codice
525 3025 626 3056 literae
636 3049 645 3063 ‚
661 3027 698 3057 ut
712 3025 840 3066 passim.
852 3044 891 3052 -
905 3024 924 3065 ξ
943 3028 987 3057 11.
1001 3025 1120 3056 Eadem
1133 3026 1253 3057 habent
1267 3029 1346 3058 Exc.
1360 3026 1524 3064 salmasii,
1536 3034 1608 3065 quae
1622 3026 1695 3065 post
1706 3033 1804 3065 supra
1818 3025 1877 3063 (fr.
1894 3025 1930 3064 5)
1945 3025 2040 3056 allata
2050 3047 2059 3063 ‚
2073 3025 2229 3064 pergunt;

70 3070 149 3102 Τότε
164 3071 181 3102 ὁ
193 3071 408 3111 τρισμέγιστος
422 3071 537 3112 Ἑρμῆς
551 3071 684 3112 ἀνεφάνη
697 3095 705 3110 ,
724 3072 757 3107 ὃς
770 3073 824 3103 καὶ
838 3071 1037 3111 ἐθεολόγησεν
1050 3072 1148 3109 οὕτως
1159 3081 1167 3088 ·
1189 3086 1204 3100 «
1220 3074 1281 3106 Ἦν
1295 3077 1357 3114 φῶς
1371 3075 1433 3105 etc.
1450 3075 1608 3105 Praeterea
1624 3072 1723 3104 verba
1738 3072 1809 3103 haec
1823 3072 2017 3112 ‘trismegisti
2036 3072 2106 3111 plus
2126 3071 2230 3103 minus

69 3119 222 3158 corrupta
236 3118 337 3157 legere
350 3120 398 3150 est
414 3127 463 3159 ap.
481 3119 638 3159 cyrillum
653 3121 689 3151 G.
706 3119 771 3151 Jul.
792 3122 823 3159 l,
839 3127 872 3159 p.
889 3122 947 3157 353
968 3118 1104 3151 Cedren.
1127 3129 1156 3160 p.
1173 3124 1231 3162 37,
1247 3122 1354 3153 Malal.
1373 3129 1403 3160 p.
1423 3124 1482 3159 28;
1502 3119 1684 3152 Chronicon
1698 3119 1811 3151 Pasch.
1829 3127 1862 3159 p.
1885 3122 1943 3156 86;
1960 3121 2110 3159 Symeon.
2130 3120 2229 3156 Logo-

69 3163 192 3196 thetam
212 3164 244 3196 in
265 3165 386 3198 Cliron.
405 3174 465 3197 ms.
489 3165 580 3205 (cod.
605 3166 703 3199 Paris.
726 3166 845 3206 1702),
865 3165 994 3198 suidam
1014 3174 1046 3196 v.
1067 3166 1189 3206 Ἑρμῆς.
1206 3167 1347 3202 -νοὺς
1366 3166 1453 3203 νοὸς
1472 3165 1586 3207 φωτ.]
1616 3166 1685 3202 νοὸς
1708 3167 1726 3196 ὁ
1741 3177 1819 3206 φωτ.
1838 3167 1916 3196 Exc.
1936 3165 2036 3196 Salm.
2056 3166 2087 3196 et
2104 3164 2218 3196 suidas

70 3210 220 3241 Ceterum
238 3210 335 3242 verba
349 3210 387 3249 ἢν
404 3213 467 3251 φῶς
485 3219 527 3242 ex
546 3213 624 3242 Exc.
642 3211 743 3243 Salm.
757 3235 766 3250 ‚
786 3211 869 3250 aliis,
887 3211 1053 3252 supplevi,
1068 3221 1169 3251 quum
1187 3213 1218 3244 in
1233 3214 1309 3244 eod.
1322 3213 1524 3245 evanuerint.
1544 3212 1675 3244 Malalas
1694 3212 1790 3244 habet
1813 3224 1820 3243 :
1844 3211 1875 3243 ἓν
1898 3211 1991 3252 μόνον
2013 3212 2077 3242 ἐστὶ
2099 3211 2134 3241 τὸ
2155 3213 2218 3250 φῶς

71 3255 160 3288 Idem
179 3256 242 3288 alia
260 3257 352 3297 plura
369 3257 417 3288 his
433 3257 599 3297 praemittit
618 3258 716 3289 verba
733 3258 894 3290 Mercurii.
911 3277 952 3283 —
968 3258 1015 3289 ἀεὶ
1035 3259 1066 3289 ἐν
1080 3260 1167 3299 αὑτῷ
1182 3260 1248 3292 κτλ.
1263 3259 1274 3300 ]
1287 3260 1332 3291 sic
1349 3259 1447 3291 etiam
1462 3259 1619 3299 cyrillus;
1643 3260 1723 3290 Exc.
1739 3259 1836 3291 Salm.
1853 3259 1885 3290 et
1899 3258 2014 3290 suidas
2031 3258 2100 3297 post
2116 3265 2228 3287 vocem

72 3302 177 3340 ἑνότης
197 3305 333 3343 pergunt
349 3316 356 3335 :
371 3305 424 3335 καὶ
439 3308 561 3345 πνεῦμα
575 3304 677 3337 πάντα
690 3307 845 3347 περιέχον.
861 3324 901 3328 -
915 3306 958 3337 οὐ
976 3305 1149 3346 δαίμων]
1163 3316 1227 3338 om.
1245 3310 1323 3338 Exc.
1339 3307 1439 3338 Salm.
1454 3308 1486 3338 et
1500 3306 1589 3339 snid.
1607 3326 1649 3332 —
1661 3317 1704 3337 κτ
1715 3306 1805 3343 ίστη
1816 3305 1851 3346 ς]
1868 3305 1970 3346 κύριος
1988 3307 2066 3336 Exc.
2081 3303 2181 3335 Salm.
2196 3306 2226 3335 ei

71 3349 163 3381 suid.
175 3373 185 3388 ‚
201 3350 337 3383 Cedren.
350 3375 360 3390 ,
376 3352 452 3384 Mal.
476 3371 517 3378 -
530 3352 786 3393 παντέλειος]
809 3354 965 3392 προελθὼν
986 3364 1076 3384 παντ,
1100 3354 1210 3393 cyrill.
1222 3378 1231 3393 ,
1250 3353 1385 3386 Cedren.
1408 3354 1440 3384 et
1462 3353 1538 3385 Mal.
1564 3370 1606 3377 -
1627 3351 1886 3393 δημιουργὸς]
1912 3350 2125 3392 δημιουργικὸς
2150 3350 2226 3380 Exc-

75 3395 172 3428 Salm.
201 3398 234 3429 et
262 3397 369 3431 suidae
385 3398 479 3431 codd.
498 3398 630 3431 duoa‘-
646 3400 683 3431 ἐν
710 3400 896 3441 γονίμῳ...
925 3399 1061 3441 ὕδατι]
1078 3409 1144 3432 om.
1168 3402 1248 3432 Exc.
1282 3398 1404 3440 salm.;
1422 3399 1535 3432 Suidas
1559 3408 1617 3440 pro
1639 3399 1669 3430 ἐν
1685 3398 1805 3440 γονίμῳ
1828 3398 1915 3430 ὕδατι
1936 3396 2058 3438 praebet
2078 3394 2131 3426 καὶ
2146 3404 2177 3434 γ-
2194 3395 2214 3427 ὕ
