2372 3704
135 249 215 281 ’610

135 332 204 373 τοῖς
222 330 572 371 ἐναντίοιςΐπιπίπτει
584 361 592 377 ,
604 330 642 368 τὸ
658 330 720 381 μὲν
735 333 896 371 πλεῖστον
913 334 948 371 ἐν
965 334 1038 377 ταῖς
1053 335 1176 382 εὐναῖς,

134 389 172 426 τὸ
193 391 227 427 δὲ
248 390 473 440 ἀνιστάμενον
504 393 571 428 τῶν
588 389 705 428 ὅπλων
722 391 987 442 γεγυμνωμένον
1008 393 1177 444 διεχειρί-

134 450 230 495 ζετο,
252 448 354 487 αὐτόν
374 465 410 487 τε
437 449 493 487 τὸν
522 450 682 500 Εὐγένιον
712 450 909 503 ζωγρήσας,
935 454 996 498 τῆς
1024 454 1177 504 κεφαλῆς

135 508 338 555 ἀποτέμνει,
357 507 417 546 καὶ
431 511 554 560 μακρῷ
577 508 695 559 δόρατι
714 508 924 560 περιπήξας,
945 511 979 547 ἐν
997 510 1088 553 δ’λοις
1107 516 1177 554 τοῖς

134 568 195 611 τῆς
209 565 362 610 Ἰταλίας
377 566 466 619 ὅροις
482 566 747 616 διεπόμπευσεν·
765 570 811 610 ὡς
827 566 918 605 ἅπαν
936 567 975 605 τὸ
991 570 1058 605 τῶν
1077 570 1176 607 πολε-

134 623 222 673 μίων
243 626 371 670 πλῆθος
400 624 485 676 πρὸς
515 625 572 662 τὸν
599 625 803 670 νενικηκότα
839 628 986 677 χωρεῖν,
1017 626 1076 664 καὶ
1106 633 1176 671 τοῖς

134 683 238 720 αὐτοῦ
269 682 451 733 πείθεσθαι
478 682 727 734 διατάγμασιν.
756 682 801 721 <O
827 684 862 720 δὲ
889 683 1122 735 Ἀρὸογάστης
1141 687 1175 722 ἐν

133 740 244 792 τούτῳ
261 756 297 778 τε
314 739 351 778 τὸ
373 741 515 790 μανικὸν
534 745 593 787 τῆς
622 741 802 792 βαρὸάρου
824 741 958 794 φύσεως
977 742 1173 793 ἀποδείξας,

134 798 333 852 αὐτοχειρία
357 798 545 851 διεφθάρη,
575 801 624 852 τῷ
653 799 808 852 σφετέρῳ
839 800 1038 852 περιπεσὼν
1072 800 1171 852 ξίφει.

127 856 218 895 'lini
235 857 365 898 τούτοις
381 873 417 895 τε
448 857 612 909 θρίαμὸοι
633 857 724 894 κατὰ
754 857 815 903 τὴν
835 858 979 907 Ῥώμην
1010 858 1174 909 ἐγένοντο·

133 915 193 952 καὶ
221 921 494 967 στεφανηφορεῖν
516 916 578 961 τὴν
600 916 804 967 ἁπανταχοῦ
834 918 901 953 τῶν
929 915 1090 962 ὑπηκόων
1112 919 1176 967 γῆν

131 973 253 1020 ἐδόκει,
265 973 324 1011 καὶ
336 976 577 1024 πανηγυρίζειν
591 973 647 1011 ἐπὶ
660 976 701 1024 τῇ
712 974 911 1025 καθαιρέσει
923 978 980 1011 τοῦ
990 975 1173 1026 τύραννου.

615 1051 697 1087 188.

189 1123 274 1157 Exc.
294 1123 348 1157 De
363 1123 449 1156 virt.
471 1134 506 1169 p.
528 1121 604 1170 849
622 1133 629 1158 :
647 1119 731 1159 “Ort
753 1121 784 1157 οἱ
800 1119 978 1171 ἐπίτροποι
996 1120 1175 1173 Ἀρκαδίου

132 1179 190 1215 καὶ
209 1177 380 1228 (Ονωρίου
398 1177 576 1230 εΡουερῖνος
592 1178 650 1215 καὶ
666 1178 844 1229 Στελίχων
862 1177 966 1231 ἄμφω
979 1177 1022 1216 τὰ
1036 1178 1176 1216 πάντων

133 1235 366 1288 συνήρπαζον,
389 1239 422 1274 ἐν
452 1238 501 1289 τῷ
521 1237 660 1288 πλούτῳ
686 1236 724 1274 τὸ
744 1237 868 1288 κράτος
895 1236 1079 1286 τιθέμενοι.
1106 1237 1175 1276 Καὶ

132 1294 240 1336 οὐδεὶς
261 1289 352 1346 εἶχεν
373 1294 456 1332 ἴδιον
479 1293 573 1332 οὐδὲν
595 1296 623 1332 εἷ
645 1294 694 1345 μὴ
715 1293 887 1347 Ῥουφίνῳ
904 1295 963 1332 καὶ
985 1296 1176 1346 Στελίχωνι

131 1352 234 1395 ἔδοξε·
268 1354 360 1390 δίκαι
380 1369 417 1390 τε
447 1353 583 1390 ἅπασαι
611 1353 694 1405 πρὸς
731 1353 860 1391 τούτων
893 1353 1086 1405 ἐκρίνοντο·
1116 1354 1177 1391 καὶ

131 1410 235 1454 πολὺς
264 1406 304 1457 ἦν
334 1411 435 1462 ὄχλος
459 1414 527 1449 τῶν
559 1410 784 1462 περιθεόντων
815 1411 847 1449 εἴ
866 1411 931 1449 πού
957 1428 1023 1449 τινι
1049 1412 1176 1464 χωρίον

131 1469 316 1507 κάλλιστον
327 1464 382 1516 ἦν·
397 1470 453 1507 καὶ
473 1473 491 1508 6
503 1470 672 1516 δεσπότης
685 1469 781 1513 εὐθὺς
797 1469 1048 1522 συνηρπάζετο.
1066 1470 1177 1509 Ἑκά-

131 1527 226 1580 τερός
243 1544 278 1565 τε
310 1530 422 1566 αὐτῶν
439 1527 501 1574 τὴν
526 1528 705 1579 βασιλείαν
724 1530 959 1580 περιεσκόπει.

616 1605 700 1653 189.

183 1674 282 1710 Ibid.
308 1687 316 1711 :
336 1672 421 1711 “Ort
445 1671 634 1724 Ιέὐτρόπιος
654 1675 672 1710 6
695 1676 751 1711 τοῦ
784 1672 966 1725 Ἀρκαδίου
993 1673 1177 1725 πρόκοιτος

131 1730 226 1768 οὐδὲν
248 1733 315 1768 τῶν
337 1732 454 1768 δεινῶν
482 1730 729 1780 ἀπελίμπανε,
763 1730 824 1773 τὰς
845 1731 905 1776 μὲν
927 1730 1038 1782 ἀρχὰς
1059 1733 1176 1781 δημο-

132 1789 189 1840 σία
211 1789 418 1841 πιπράσκων
431 1819 441 1838 ,
471 1791 531 1827 καὶ
550 1790 628 1833 τούς
649 1805 682 1826 τι
702 1789 909 1840 δυναμένους
930 1793 1176 1842 συκοφαντῶν,

133 1846 277 1899 ἑξορίαις
308 1863 345 1885 τε
374 1847 450 1890 τοὺς
483 1853 696 1898 μεγιστᾶνας
726 1847 950 1894 ὓποὸοίλλιον,
973 1848 1032 1885 καὶ
1059 1854 1176 1886 πᾶσαν

133 1905 231 1956 ὕὸριν
262 1908 333 1947 τοῖς
361 1909 422 1951 τῆς
447 1905 642 1956 συγκλήτου
675 1907 799 1958 βουλῆς
820 1906 971 1956 ἐπάγων.
989 1906 1080 1944 Ἀλλ’
1100 1906 1178 1944 οὐδὲ

132 1966 193 2008 τῆς
215 1966 282 2000 τῶν
307 1963 494 2014 βαρὸάρων
517 1964 682 2015 ἀπείχετο
703 1963 928 2015 συμμαχίας,
948 1966 994 2007 ὥς
1014 1963 1054 2001 ἂν
1076 1964 1177 2009 αὐτὸς

132 2022 278 2066 ἐλπίζων
299 2023 344 2064 εἷς
366 2021 428 2067 τὴν
446 2026 504 2060 τοῦ
533 2022 702 2074 βασιλέως
723 2021 946 2071 μεταὸαίνειν
967 2021 1079 2066 ἀξίαν.
1106 2022 1179 2061 Καί

132 2096 214 2118 ποτε
236 2080 296 2118 καὶ
315 2079 391 2123 τοὺς
410 2082 444 2117 ἐν
470 2086 545 2124 ταῖς
561 2080 763 2127 ἐκκλησίαις
782 2080 995 2133 πεφευγότας
1014 2082 1177 2132 συλλαμ-

131 2139 249 2177 ῧάνειν
284 2140 488 2191 βουλόμενος
516 2140 619 2189 νόμον
649 2140 840 2191 προῦθηκεν
863 2138 1091 2191 ἐπιτρέποντα
1117 2140 1176 2179 καὶ

134 2197 208 2242 τοὺς
224 2199 262 2235 ἐκ
278 2200 345 2235 τῶν
360 2198 613 2249 θυσιαστηρίων
635 2198 858 2251 ἀφέλκεσθαι.
880 2198 950 2236 Καὶ
964 2201 982 2236 6
1000 2199 1062 2248 μὲν
1075 2199 1178 2249 νόμος

128 2255 351 2307 ἐγέγραπτο,
380 2255 457 2301 δίκη
483 2256 519 2293 δὲ
539 2256 662 2299 εὐθέως
679 2259 739 2303 τῆς
769 2255 948 2303 ὠμότητος
979 2257 1173 2302 ἠκολούθει.

134 2315 221 2351 Μετ’
243 2316 281 2351 οὐ
305 2313 393 2352 πολὺ
421 2314 488 2366 γὰρ
507 2314 749 2367 προσκρούσας
765 2317 814 2367 τῷ
834 2316 969 2366 βασιλεῖ
988 2315 1176 2367 Εὐτρόπιος

134 2373 168 2408 εἶν
183 2378 253 2414 τοῖς
269 2372 456 2424 πρόσφυξιν
473 2372 606 2422 ἐγένετο
622 2373 682 2410 καὶ
697 2372 764 2410 ὑπὸ
779 2372 818 2410 τὸ
833 2373 1075 2425 θυσιαστήριον
1091 2373 1176 2412 ἔκει-

133 2445 193 2476 το,
219 2431 381 2469 Ἰωάννου
403 2433 671 2474 ἐπισκοποῦντος
695 2435 754 2469 τοῦ
776 2431 1030 2482 Χρυσοστόμου
1046 2463 1055 2481 ,
1085 2434 1177 2470 ἐκεῖ-

135 2488 190 2526 θέν
221 2504 258 2526 τε
290 2489 484 2541 ἀφαιρεθεὶς
508 2490 627 2532 νυκτὸς
646 2488 709 2535 τὴν
744 2490 899 2541 κεφαλὴν
926 2491 1172 2540 ἀποτέμνεται.

935 246 1149 285 JOANMS
1179 247 1397 287 ANTiOCH
1408 249 1493 288 ENI

1240 334 1345 373 Οὕτω
1362 335 1423 385 μὲν
1439 331 1496 374 οὖν
1515 337 1703 388 Εὐτρόπιος
1720 338 1815 382 δίκας
1834 341 1895 386 τῆς
1913 339 2108 392 ἁμαρτάδος
2127 341 2279 386 ὑποστὰς

1238 393 1297 431 καὶ
1320 393 1354 438 ἐξ
1371 396 1475 433 αὐτοῦ
1495 398 1555 433 τοῦ
1575 395 1770 445 καταλόγου
1784 399 1852 434 τῶν
1873 398 2015 435 ὑπάτων
2033 400 2196 451 ἠλείφθη,
2217 400 2279 450 μό-

1239 466 1296 489 νου
1315 456 1372 490 τοῦ
1394 452 1715 501 συνυπατεύσαντος
1735 455 1920 507 Θεοδώρου
1939 457 2196 508 γεγραμμένου.

1717 562 1801 598 190.

1291 626 1379 662 Exc.
1401 627 1457 661 De
1483 626 1552 663 ins.
1574 639 1601 674 p
1639 626 1686 672 67
1713 640 1722 662 z
1740 623 1826 665 εὈτι
1843 626 2034 680 Ῥουφῖνος,
2055 631 2073 666 6
2092 629 2280 682 ἐπίτροπος

1238 682 1270 719 Ἀ
1278 681 1438 733 ρκαδίου,
1458 681 1491 726 ἐξ
1516 682 1702 729 ε’πιὲουλῆς
1721 685 1915 736 Εὐτροπίου
1935 690 1994 724 τοῦ
2014 687 2196 738 προκοίτου
2216 691 2278 735 τῆς

1239 739 1269 778 Ἀ
1279 740 1419 791 ρκαδίου
1450 740 1620 792 διήμαρτε
1647 740 1780 787 κηδίας·
1811 743 1888 780 ἀλλ’
1908 741 2002 793 ὅμως
2031 746 2074 795 τῇ
2098 745 2279 798 πλεονεξία

1239 798 1297 835 καὶ
1330 800 1372 846 τῇ
1393 798 1610 850 χαλεπότητι
1629 801 1696 836 τῶν
1716 799 1854 852 τρόπων
1878 806 1983 839 πᾶσιν
2003 801 2194 854 ὑπέροπτος
2218 798 2279 852 ἦν,

1236 855 1295 893 τόν
1312 871 1346 894 τε
1368 855 1513 908 βασιλέα
1527 856 1711 904 οἰκειότητι
1726 861 1795 896 τῶν
1808 858 1993 911 βαρὸάρων
2010 860 2279 910 καταπλήττων,

1238 914 1297 951 καὶ
1319 917 1461 966 βαρεῖαν
1482 915 1642 959 ἐπιτιθεὶς
1659 915 1812 966 ἀνάγκην
1832 915 1917 967 πρὸς
1935 916 1974 954 τὸ
1990 921 2199 964 κοινωνῆσαι
2217 922 2278 967 τῆς

1239 972 1437 1024 ἇλουργίδος
1453 974 1652 1026 αὖτῷ,ποτὲ
1667 974 1772 1012 δὲκαὶ
1789 975 1918 1021 πλῆθος
1933 975 2119 1028 βαρὸάρων
2136 978 2279 1026 εἰσαγα-

1238 1029 1307 1081 γὼν
1319 1061 1329 1080 ,
1360 1026 1408 1069 ὧν
1429 1031 1609 1084 Ἀλάριχος
1628 1035 1747 1084 ἡγεῖτο
1759 1064 1769 1083 ,
1789 1039 1906 1071 πᾶσαν
1926 1036 2011 1083 ὁμοῦ
2030 1033 2093 1080 τὴν
2121 1033 2278 1075 Ἑλλάδα

1238 1090 1297 1127 καὶ
1327 1090 1371 1128 τὰ
1392 1090 1469 1143 περὶ
1494 1091 1556 1138 τὴν
1587 1091 1765 1143 Ἰλλυρίδα
1803 1091 1986 1144 διεπόρθει·
2014 1094 2060 1138 ὡς
2086 1092 2147 1131 καὶ
2177 1094 2279 1141 δῆλος

1239 1147 1350 1186 ἅπασι
1369 1151 1528 1200 γενέσθαι
1543 1152 1587 1202 τῇ
1604 1153 1664 1196 τῆς
1677 1150 1873 1202 τυραννίδος
1891 1150 2074 1203 ἐπιὸουλῇ.

1292 1207 1338 1246 ‘O
1358 1207 1421 1256 μὲν
1441 1208 1507 1260 γὰρ
1526 1208 1710 1260 ὖπέχαιρε,
1737 1207 1796 1246 καὶ
1815 1207 1873 1246 τὸν
1893 1208 2005 1246 κοινὸν
2024 1208 2161 1262 ὄλεθρον
2189 1209 2279 1248 ἷδίαν

1238 1267 1392 1315 κρηπῖδα
1413 1268 1474 1311 τ’ῆς
1496 1266 1674 1316 βασιλείας
1697 1266 1954 1316 ὑπελάμὸανεν·
1975 1269 1993 1304 6
2010 1267 2046 1305 δὲ
2067 1267 2228 1320 βασιλεὺς
2244 1270 2280 1307 ἐν

1239 1323 1371 1376 ἀφασίᾳ
1386 1324 1539 1362 διετέλει·
1558 1325 1595 1362 οὗ
1614 1323 1682 1374 μὴν
1699 1324 1759 1362 καὶ
1773 1327 1791 1362 6
1809 1325 1988 1377 Στελίχων
2003 1327 2150 1364 ἐνταῦθα
2165 1325 2280 1376 ὅμοιος

1238 1375 1297 1428 ἦν,
1320 1382 1412 1420 ἀλλὰ
1433 1382 1614 1421 διέπλευσε
1635 1381 1697 1433 μὲν
1717 1382 1816 1426 αὐτὸς
1832 1385 1865 1426 ἐς
1886 1382 1946 1430 τὴν
1966 1382 2143 1431 Ἑλλάδα,
2167 1385 2280 1422 καίτοι

1240 1440 1347 1489 μηδὲν
1376 1441 1619 1493 προσήκουσαν
1650 1447 1723 1485 τοῖς·
1740 1445 1803 1488 τῆς
1834 1441 1995 1494 ἑσπερίας
2026 1442 2196 1495 τέρμασι,
2219 1443 2280 1487 τὰς

1239 1501 1305 1536 τῶν
1333 1499 1552 1537 ἐνοικούντων
1579 1499 1748 1552 οἰκτείρας
1775 1500 1972 1552 συμφορὰς,
2001 1500 2060 1538 καὶ
2087 1500 2165 1544 τοὺς
2189 1505 2278 1554 βαρ-

1240 1556 1366 1609 Εάρους
1402 1558 1526 1595 σπάνει
1562 1560 1630 1595 τῶν
1657 1558 1856 1609 ἀναγκαίων
1892 1558 2107 1611 διαφθείρας,
2141 1558 2272 1597 ἔπαυσε

1239 1618 1299 1661 τῆς
1321 1615 1441 1666 [κατὰ]
1456 1619 1524 1653 τῶν
1545 1616 1740 1668 ἐπιχωρίων
1757 1619 1879 1669 ὁρμῆς,
1903 1617 2219 1667 Συγκαλεσάμενος
2240 1618 2276 1656 δὲ

1240 1673 1392 1723 Γαϊνὰν,
1424 1673 1459 1716 ὃς
1477 1674 1552 1711 τότε
1575 1677 1643 1712 τῶν
1676 1675 1842 1726 ἑσπερίων
1863 1675 2105 1727 στρατοπέδων
2136 1675 2280 1727 ἔξαρχος

1238 1727 1299 1779 ἦν,
1329 1731 1446 1784 ἀρτύει
1469 1732 1531 1779 τὴν
1561 1732 1652 1771 κατὰ
1681 1732 1863 1786 Ῥουφίνου
1895 1733 2033 1780 σκευήν·
2061 1734 2117 1772 ὅτε
2138 1735 2180 1781 δὴ
2216 1735 2277 1773 καὶ

1239 1793 1256 1828 6
1273 1795 1332 1829 τοῦ
1358 1791 1538 1842 Ἀρκαδίου
1559 1791 1704 1843 στρατὸς
1723 1791 1762 1830 ἔκ
1779 1808 1815 1830 τε
1832 1795 1893 1838 τῆς
1917 1792 2080 1843 Εὖγενίου
2109 1792 2277 1844 καθαιρέ-
2323 1838 2331 1843 .

1240 1865 1324 1892 σεως
1344 1850 1404 1887 καὶ
1423 1853 1484 1896 τῆς
1504 1852 1572 1887 τῶν
1595 1849 1783 1903 βαρὸάρων
1811 1853 1878 1888 τῶν
1899 1850 1989 1889 κατὰ
2015 1849 2076 1897 τὴν
2100 1851 2278 1903 Ἰλλυρίδα

1240 1907 1386 1952 διώξεως
1405 1907 1462 1945 ἐπὶ
1485 1907 1547 1954 τὴν
1569 1907 1831 1946 Κωνσταντίνου
1851 1907 1950 1946 πόλιν
1975 1908 2110 1960 ἐχώρει.
2140 1908 2186 1947 Ὁ
2216 1907 2278 1958 μὲν

1239 1965 1304 2017 γὰρ
1327 1963 1489 2017 βασιλεὺς
1502 1965 1593 2003 κατὰ
1607 1965 1685 2009 τοὺς
1705 1964 1875 2009 παλαιοὺς
1887 1965 2010 2017 νόμους
2025 1968 2072 2011 εἷς
2085 1965 2276 2012 ὑπάντησιν

1239 2026 1306 2061 τῶν
1328 2024 1572 2076 στρατοπέδων
1593 2025 1632 2062 ἐκ
1650 2027 1711 2070 τῆς
1726 2024 1859 2067 πόλεως
1875 2026 2058 2076 προῆλθεν·
2077 2025 2137 2062 καὶ
2157 2027 2176 2063 6
2193 2027 2280 2064 Γαῖ-

1239 2081 1298 2125 νὰς
1318 2082 1420 2120 αὐτὸν
1451 2081 1619 2135 ἐφρούρει·
1639 2088 1737 2120 πᾶσα
1764 2082 1798 2120 δὲ
1824 2077 1866 2128 ἧν
1889 2081 2022 2133 ἀνάγκη
2048 2082 2108 2120 καὶ
2131 2081 2189 2121 τὸν
2218 2085 2281 2128 τῆς

1239 2142 1347 2186 αὐλῆς
1379 2140 1532 2193 ἔπαρχον
1567 2140 1754 2185 συνεξιέναι
1789 2140 1992 2193 (Ῥουφῖνος
2027 2140 2062 2179 δὲ
2092 2135 2178 2191 ἦν).
2208 2141 2280 2180 Καὶ

1239 2199 1314 2249 ἅμα
1334 2215 1370 2237 τε
1391 2202 1408 2237 6
1431 2199 1592 2251 βασιλεὺς
1616 2198 1683 2237 ὑπὸ
1712 2201 1781 2237 τῶν
1813 2197 2055 2250 στρατοπέδων
2081 2197 2278 2250 Αὔγουστος

1238 2257 1466 2307 ὀνομάζεται,
1500 2258 1559 2296 καὶ
1597 2257 1777 2310 Ῥουφῖνος
1806 2256 2055 2307 κατετέμνετο,
2087 2256 2215 2304 ταύτης
2241 2272 2279 2296 τε

1239 2316 1343 2369 ἔτυχε
1363 2320 1423 2363 τῆς
1443 2318 1615 2363 τελευτῆς.
1639 2318 1770 2360 Παῖδες
1788 2315 1824 2354 δὲ
1840 2317 1943 2354 αὐτοῦ
1961 2315 2020 2354 καὶ
2038 2314 2174 2367 γαμετὴ
2194 2316 2279 2368 πρὸς

1237 2376 1299 2421 τὴν
1326 2376 1513 2422 ἐκκλησίαν
1538 2375 1743 2428 κατέφυγον·
1772 2375 2001 2427 διηρπάζοντο
2027 2375 2063 2412 δὲ
2087 2374 2279 2419 «ἀκωλύτως

1238 2434 1377 2471 ἅπαντα
1395 2434 1458 2472 ὅσα
1479 2435 1571 2473 κατὰ
1589 2435 1652 2479 τὴν
1673 2433 1876 2472 δυναστείαν
1897 2432 2079 2479 ἐκτήσατο.

1291 2492 1415 2543 [Τότε]
1438 2491 1566 2535 Γαῖνὰς
1591 2494 1609 2529 6
1639 2494 1708 2529 τῶν
1735 2491 1828 2542 ἑῴων
1858 2491 2098 2543 στρατοπέδων
2119 2490 2280 2543 ἔξαρχος,

178 2602 228 2631 Fr.
253 2603 319 2631 188.
337 2602 412 2630 llere
425 2609 463 2631 ex
484 2600 626 2639 Eunapio
649 2602 790 2631 Joannes
806 2600 855 2631 vei
872 2602 986 2631 auctor
1001 2601 1069 2640 ejus
1088 2601 1295 2642 deprompsit.
1314 2605 1354 2634 V.
1370 2602 1504 2642 Eunapii
1525 2602 1563 2634 fr.
1587 2607 1639 2640 63,
1656 2611 1688 2642 ρ.
1707 2605 1760 2633 42.
1778 2620 1818 2624 —
1837 2603 1883 2634 τὰ
1901 2602 2057 2634 πάντων
2083 2602 2279 2643 συνήρπα-

132 2646 217 2686 ζον]
237 2647 276 2677 τὰ
292 2647 393 2678 πάντα
407 2659 437 2678 σ.
457 2649 576 2687 Ennap.
596 2656 648 2687 ap.
667 2647 796 2679 suidam
814 2657 843 2679 v.
860 2648 1026 2688 Ῥουφῖνος.
1042 2668 1081 2673 —-
1095 2650 1185 2689 πρὸς
1203 2649 1350 2681 τούτων
1371 2649 1447 2690 ἔκρ.
1462 2648 1473 2689 ]
1488 2649 1561 2690 πρὸς
1578 2649 1688 2680 τούτου
1701 2648 1754 2689 ἔκρ
1781 2648 1895 2680 codex.
1910 2668 1950 2675 -
1965 2649 2038 2680 πού
2057 2647 2155 2688 τινι]
2174 2648 2280 2688 said„

136 2705 180 2732 τῳ
200 2705 257 2723 τινι
275 2693 346 2724 cod.

178 2743 200 2772 F
204 2749 227 2770 r.
255 2743 321 2770 189.
350 2739 465 2770 Eadem
486 2740 598 2771 suidas
614 2749 644 2772 v.
669 2740 851 2782 Εὐτρὸπιος.
873 2739 958 2771 {dem
973 2748 1003 2770 v.
1022 2741 1137 2777 ὕπατος
1155 2742 1197 2773 ita
1217 2742 1314 2773 habet
1335 2755 1341 2773 :
1361 2743 1487 2782 Πρῶτος
1508 2742 1540 2772 δὲ
1556 2742 1673 2778 ὕπατος
1696 2741 1853 2780 εὐνούχων
1870 2741 2036 2782 ἀπεδείχθη
2059 2740 2108 2772 ἐπὶ
2131 2741 2281 2782 Ὀνωρίου

136 2789 188 2819 καὶ
201 2787 354 2828 Ἀρκαδίου
365 2810 374 2825 ,
387 2790 448 2817 τῶν
462 2789 537 2818 υἱῶν
552 2788 721 2819 Θεοδοσίου
736 2812 743 2825 ,
761 2787 927 2828 Εὐτρόπιος
941 2788 958 2818 ὁ
972 2788 1178 2828 πρωτόκοιτος
1192 2793 1246 2820 τοῦ
1265 2790 1429 2830 βασιλέως.
1446 2789 1653 2829 Ἐδιφρορεῖτο
1670 2789 1701 2820 δὲ
1721 2788 1772 2819 διὰ
1785 2791 1838 2824 τῆς
1855 2787 1974 2823 πόλεως
1990 2788 2078 2819 οὐδὲν
2094 2790 2157 2819 τῶν
2174 2789 2280 2820 δεινῶν

137 2834 358 2874 ἀπολιμπάνων
372 2834 438 2865 κτλ.
455 2835 491 2864 ut
504 2837 612 2865 nostro
630 2835 651 2865 Ι.
667 2855 706 2860 -
722 2834 812 2870 τούς
831 2845 866 2865 τι
888 2833 1150 2874 δυναμένους]
1169 2836 1214 2866 sic
1230 2838 1262 2866 et
1279 2835 1393 2867 Suidas
1408 2843 1440 2865 v.
1462 2835 1580 2871 ὕπατος
1593 2858 1601 2873 ,
1624 2835 1678 2866 sed
1698 2835 1781 2866 idem
1802 2842 1833 2864 v.
1857 2834 1989 2874 Εὐτρόπ.
2011 2843 2018 2864 :
2033 2834 2103 2869 τοὺς
2119 2838 2172 2871 τῆς
2186 2834 2276 2866 δυνά-

138 2892 228 2922 μεως.
243 2899 278 2906 -
296 2880 361 2911 καί
381 2891 473 2911 ποτε
490 2881 591 2922 κτλ.]
610 2884 688 2918 Qum
702 2882 880 2921 sequuntur
895 2880 993 2920 petita
1009 2889 1050 2911 ex
1063 2883 1186 2913 socrat.
1201 2883 1243 2913 Vl
1257 2905 1266 2922 ,
1282 2886 1312 2913 5.
1326 2901 1368 2908 —
1383 2880 1499 2920 νόμον
1516 2881 1648 2921 προῠθ.
1675 2882 1730 2912 ἐπ.
1756 2881 1821 2912 καὶ
1837 2881 1929 2913 τοὺς
1942 2879 1953 2920 ]
1967 2880 2012 2911 sic
2025 2880 2139 2912 suidas
2151 2890 2182 2913 v.
2197 2882 2279 2912 ὕπα-

136 2939 186 2964 τος
199 2940 207 2968 ;
222 2930 332 2958 contra
353 2936 381 2958 v.
403 2927 539 2967 Εὐτρὸπ.
558 2930 590 2959 et
609 2928 641 2958 in
659 2927 768 2959 codice
788 2928 935 2967 Excerpt.
951 2927 1064 2967 legitur
1083 2941 1090 2959 ι
1107 2928 1276 2968 προύθηκεν
1294 2929 1463 2968 ἐπιτρέπων
1479 2927 1616 2963 τούτους.
1638 2927 1763 2958 Plenius
1778 2927 1848 2957 haec
1864 2928 2009 2957 socrates
2029 2926 2048 2957 1.
2071 2926 2092 2957 1.
2108 2943 2147 2948 -
2167 2927 2277 2967 ἀφέλ-

138 2975 297 3014 κεσθαι]
315 2975 386 3005 Post
404 2973 485 3004 hanc
501 2983 531 3004 v.
549 2974 661 3006 Suidas
675 2983 706 3005 v.
723 2974 840 3010 ὕπατος
857 2974 887 3004 in
903 2973 1032 3006 brevius
1051 2975 1242 3006 contrahens
1262 2976 1361 3015 pergit
1379 2987 1386 3005 :
1403 2975 1435 3009 ὃς
1451 2973 1665 3014 προσκρούσας
1692 2976 1735 3013 τῷ
1759 2973 1881 3013 βασιλεῖ
1901 2973 1954 3003 καὶ
1976 2974 2163 3012 καταφυγὼν
2177 2974 2218 3009 εἰς
2246 2975 2282 3006 τὸ

137 3022 352 3061 Θυσιαστήριον
367 3021 481 3051 ἐκεῖθεν
499 3021 647 3061 ἀφῃρέθη.
671 3021 799 3052 Scilicet
822 3021 924 3061 glossa
947 3029 972 3052 s.
989 3030 1021 3052 ν.
1038 3022 1156 3058 ὕπατος
1174 3022 1271 3061 petita
1287 3023 1334 3052 est
1351 3029 1388 3051 ex
1404 3020 1465 3051 alio
1487 3019 1599 3056 titulo,
1624 3028 1656 3049 v.
1683 3028 1712 3049 c.
1731 3028 1770 3049 ex
1786 3019 1836 3049 nt.
1855 3019 1927 3058 Περὶ
1942 3019 2120 3049 πολιτικῶν.
2148 3019 2228 3050 Hinc
2245 3019 2282 3051 iit

138 3072 174 3100 ιιι
194 3068 293 3109 prima
314 3068 423 3106 fragm.
444 3076 517 3107 pars
535 3067 659 3107 plenius
675 3067 878 3106 exhibeatur,
894 3068 1050 3107 posterior
1069 3071 1232 3099 contracta
1251 3068 1302 3099 sit.
1324 3069 1455 3098 inverso
1479 3065 1589 3096 ordine
1605 3065 1668 3105 egit
1685 3066 1852 3104 excerptor
1871 3065 1920 3095 tit.
1943 3065 2014 3104 Περὶ
2035 3065 2141 3105 ἀρετῆς
2154 3067 2207 3096 καὶ
2222 3077 2280 3097 κα-

138 3116 216 3151 κίας.
231 3131 273 3138 —-
286 3114 328 3145 ἐπ
338 3125 346 3144 ι
356 3125 427 3144 σκο
437 3125 457 3144 π
467 3125 482 3144 ο
492 3114 623 3155 ὒντος]
640 3114 697 3152 leg.
716 3117 793 3154 puto
807 3115 1067 3151 ἐπισκώπτοντος.
1089 3117 1236 3146 Socrates
1249 3115 1271 3146 Ι.
1286 3115 1307 3145 l.
1332 3126 1340 3145 ι
1357 3113 1395 3145 ‘0
1413 3113 1466 3144 οὖν
1481 3112 1668 3150 ἐπίσκοπος,
1683 3116 1738 3144 τοῦ
1757 3111 1928 3152 Εὐτροπίου
1943 3112 2004 3142 ὑπὸ
2017 3112 2052 3143 τὸ
2066 3113 2282 3153 θυσιαστήριον

138 3163 279 3203 κειμένου
293 3186 301 3201 ,
315 3162 368 3192 καὶ
389 3161 617 3200 ἐκπεπληγὸτος
635 3162 695 3192 ὑπὸ
718 3164 773 3192 τοῦ
797 3161 910 3200 cogno,
924 3162 1082 3197 καθεσθεὶς
1099 3162 1147 3193 ἐπὶ
1171 3164 1226 3192 τοῦ
1240 3161 1384 3202 ἄμὸωνος
1398 3184 1406 3198 ,
1422 3161 1488 3191 ὅθεν
1505 3159 1611 3190 εἴωθεν
1633 3160 1686 3190 καὶ
1711 3158 1856 3199 πρότερον
1880 3159 1996 3199 ὁμιλεῖν
2023 3158 2112 3199 χάριν
2137 3162 2192 3189 τοῦ
2212 3160 2280 3196 ἐξα·

138 3210 284 3240 κούεσθαι
296 3232 304 3246 ,
320 3207 436 3247 λόγον
456 3207 610 3246 ἐλεγκτι
623 3208 689 3238 κὸν
706 3208 829 3243 ἐξέτεινε
840 3209 908 3239 κατ’
922 3208 1017 3239 αὐτοῦ
1045 3208 1090 3248 ἐφ’
1104 3209 1130 3249 ᾧ
1144 3209 1233 3240 πλέον
1251 3207 1349 3240 ἐδόκει
1365 3205 1567 3247 προσκρούειν
1580 3205 1660 3235 τισὶν
1673 3227 1682 3243 ,
1701 3204 1749 3235 ὅτι
1766 3204 1818 3235 τὸν
1837 3204 2011 3244 ἀτυχοῦντα
2024 3204 2061 3235 οὐ
2075 3204 2167 3245 μόνον
2182 3206 2263 3243 ἠλέει
2273 3229 2282 3245 ,

139 3255 204 3287 ἀλλ’
217 3256 252 3287 ἐκ
264 3259 319 3286 τοῦ
337 3253 475 3285 ἐναντίου
491 3257 544 3284 καὶ
558 3254 703 3294 ἤλεγχεν.

181 3305 232 3334 Fr.
258 3305 326 3334 190.
353 3301 403 3332 Cf.
426 3299 570 3331 Zosimus
586 3303 633 3339 V,
651 3304 669 3331 3
696 3309 764 3340 sqq.
784 3320 823 3325 -
842 3301 1038 3341 Ῥουφῖνος
1061 3302 1098 3332 δὲ
1115 3300 1180 3342 ἢν]
1208 3301 1253 3332 Ῥ.
1277 3310 1309 3331 τε
1331 3299 1417 3339 (non
1441 3308 1503 3333 τις,
1530 3298 1565 3328 ut
1583 3296 1631 3328 ed.
1655 3296 1786 3335 cram.)
1806 3295 1843 3334 ἦν
1860 3295 1932 3326 cod.
1959 3313 1996 3321 -
2015 3295 2127 3337 [τότε]
2151 3297 2285 3338 Γαῐνὰς]

138 3353 178 3382 V.
195 3350 265 3381 τότε
278 3349 318 3380 de
335 3357 407 3379 meo
422 3347 542 3378 addidi.
560 3347 667 3378 Codex
689 3360 695 3378 ε
712 3359 739 3378 τι
757 3348 885 3387 γα·ινά;;
901 3348 931 3378 in
948 3348 1064 3387 quibus
1078 3357 1148 3380 voc.
1166 3360 1194 3379 τι
1210 3351 1301 3380 cento
1320 3347 1367 3377 est
1386 3344 1577 3376 narrationis
1598 3342 1762 3374 uberioris.
1788 3342 1911 3374 Etenim
1929 3351 2002 3382 quae
2021 3342 2087 3382 iam
2104 3346 2285 3384 sequuntur

140 3397 300 3436 exscripta
316 3396 392 3427 sunt
409 3402 447 3425 ex
466 3396 588 3425 socrat.
615 3395 653 3426 Η.
684 3395 769 3425 Ecci.
800 3397 842 3426 Vl
856 3418 864 3432 ‚
886 3399 904 3424 6
919 3419 926 3433 ,
948 3404 977 3435 p.
999 3400 1057 3426 305
1077 3404 1123 3436 sq.
1147 3396 1240 3434 (coll.
1268 3397 1395 3426 Sozom.
1417 3394 1510 3430 Vlil,
1536 3392 1596 3431 4),
1613 3390 1668 3422 ubi
1689 3390 1733 3422 ita
1758 3399 1765 3421 ε
1795 3392 1928 3430 Πρᾶγμα
1944 3390 1976 3421 δὲ
1993 3390 2076 3426 ἀξιον
2095 3392 2214 3431 μνήμης
2231 3392 2282 3423 ἐπὶ

140 3445 234 3476 τῶνδε
251 3446 312 3474 τῶν
337 3441 455 3483 χρόνων
471 3441 634 3482 γενόμενον
659 3441 866 3480 διηγήσομαι,
882 3441 997 3476 δεικνὺς
1023 3442 1107 3477 ὅπως
1123 3443 1142 3479 ἡ
1169 3442 1203 3473 ἐκ
1219 3445 1273 3473 τοῦ
1291 3442 1360 3472 θεοῦ
1379 3440 1509 3481 πρόνοια
1527 3440 1580 3477 τὴν
1599 3438 1686 3469 πόλιν
1706 3439 1758 3468 καὶ
1778 3437 1816 3468 τὰ
1833 3436 1998 3477 Ῥωμαίων
2014 3437 2049 3469 ἐκ
2064 3442 2120 3470 τοῦ
2138 3439 2284 3479 μεγίστου
