2372 3704
775 195 1209 240 ARISTOCREONTIS
1238 196 1572 238 FRAGMENTA.

544 305 649 342 ·3.

163 382 270 420 Idem
280 381 335 417 ib.
351 393 384 417 c.
399 379 446 418 31
461 387 557 418 extr.
572 390 582 418 :
595 377 863 430 Ἀριστοκράτης
876 377 906 415 δ’
919 379 937 415 ὃ
957 375 1156 428 Ἱππάρχου

111 439 197 493 φησὶ
233 437 312 482 τοὺς
343 437 458 483 ξένους
487 442 547 476 τοῦ
580 434 783 489 Λυκούργου
820 434 1089 482 τελευτήσαντος
1122 435 1158 472 ἐν

111 498 236 553 Κρήτῃ
253 501 383 538 καῦσαι
404 498 445 537 τὸ
464 499 568 549 σῶμα
584 495 644 535 καὶ
668 496 868 548 διασπεῖραι
887 494 949 542 τὴν
967 494 1097 548 τέφραν
1112 494 1159 537 εἷς

109 557 172 605 τὴν
191 557 384 605 θάλασσαν,
408 557 512 595 αὐτοῦ
538 553 715 602 δεηθέντος
733 553 795 592 καὶ
821 552 1062 606 φυλαξαμένου
1075 582 1087 603 ,
1108 551 1158 604 μή

110 631 195 655 ποτε
212 616 281 670 ἄρα
297 618 364 655 τῶν
384 613 557 668 λειψάνων
577 614 623 658 εἷς
639 611 889 664 Λακεδαίμονα
909 612 1158 664 κομισθέντων,

110 677 158 720 ὣς
177 674 408 722 ἐπανήκοντος
426 675 532 712 αὐτοῦ
552 671 612 711 καὶ
636 674 705 711 τῶν
733 670 845 724 ὅρκων
866 670 1078 722 λελυμένων,
1097 686 1159 722 με·

111 733 294 773 ταὸάλωσι
307 732 371 781 τὴν
389 730 580 771 πολιτείαν.

615 807 653 847 4.

164 887 274 925 Idem
300 885 528 936 Pliilopoem.
557 897 591 924 c.
625 883 687 921 16.
717 883 998 932 Philopoemen,
1024 882 1162 920 secatis

111 947 295 983 intestinis
328 946 470 995 Spartae
492 943 737 989 tumultibus,
774 941 1083 979 Lacedaemonios
1111 939 1162 976 ad

112 1005 233 1041 foedus
245 1004 471 1041 Achaeorum
486 1002 651 1038 reduxit.
670 997 796 1051 Χρόνῳ
813 999 846 1036 δ’
860 996 1002 1049 ὕστερον
1017 996 1162 1049 ἐγκαλέ-

55 1072 57 1074 ’
113 1075 176 1104 σας
204 1075 238 1099 τι
262 1060 334 1103 τοῖς
361 1057 652 1108 Λακεδαιμονίοις
673 1058 877 1110 στρατηγῶν
897 1057 916 1093 ὃ
934 1054 1161 1106 Φιλοποίμην

111 1117 191 1163 τοὺς
205 1117 268 1169 μὲν
286 1117 444 1171 φυγάδας
459 1116 659 1167 κατήγαγεν
673 1116 721 1159 εἷς
735 1114 798 1162 τὴν
815 1113 931 1164 πόλιν,
948 1112 1161 1164 ὀγδοήκοντα

112 1177 149 1216 δὲ
180 1175 406 1229 Σπαρτιάτας
439 1174 654 1222 ἀπέκτεινεν,
674 1175 721 1218 ὥς
750 1171 926 1215 Πολύὸιός
960 1187 1078 1224 φησιν,
1114 1174 1161 1215 ὣς

112 1235 142 1273 δ’
167 1234 452 1288 Ἀριστοκράτης,
475 1231 692 1279 πεντήκοντα
711 1231 771 1270 καὶ
798 1229 1037 1284 τριακοσίους,
1061 1228 1105 1268 τὰ
1126 1228 1161 1268 δὲ

114 1293 215 1347 τείχη
235 1294 394 1341 καθεῖλε,
410 1291 530 1345 χώραν
548 1290 584 1329 δὲ
601 1289 733 1337 πολλὴν
760 1287 1020 1340 ἀποτεμόμενος
1034 1287 1160 1341 προσέ-

113 1369 210 1404 νειμε
231 1355 301 1396 τοῖς
319 1349 626 1402 Μεγαλοπολίταις
645 1350 724 1387 κτλ.

168 1413 225 1452 Cf.
251 1414 344 1450 Exc.
365 1410 505 1458 Polyb.
527 1410 637 1455 XXI,
671 1408 733 1444 16.
754 1407 915 1454 XXIII,
941 1419 976 1452 1,
1003 1419 1041 1453 13
1062 1419 1100 1452 7,
1121 1405 1158 1442 5.

113 1470 192 1520 (01.
219 1475 314 1517 147,
350 1473 387 1512 4.
423 1468 496 1516 189
525 1480 560 1504 a.
584 1467 662 1516 C.).
682 1486 736 1495 —
766 1466 970 1514 Sequentia
995 1477 1088 1500 num
1114 1465 1162 1501 ad

112 1527 279 1565 eundem
303 1527 574 1564 Aristocratem
598 1525 836 1574 pertineant,
864 1524 1052 1561 incertum
1081 1524 1162 1574 qui-

113 1585 199 1622 dem
212 1612 222 1631 ‚
241 1597 320 1622 non
334 1583 588 1633 improbabile
609 1590 748 1619 tamen.

617 1663 654 1702 5.

166 1741 346 1791 Stephan.
367 1742 454 1790 Byz.
479 1753 487 1776 :
511 1737 688 1786 Ἀδαντὶς,
704 1740 727 1785 ἡ
746 1736 954 1785 Εὔὸοια,...
979 1733 1109 1783 ἐκλήθη
1127 1734 1163 1774 δὲ

114 1797 184 1837 ἀπὸ
201 1797 371 1842 Ἄδαντος
391 1801 450 1836 τοῦ
470 1794 663 1848 Ἀργείου-ἢ
688 1799 748 1834 τοῦ
772 1797 845 1834 υἱοῦ
866 1796 1085 1839 Ποσειδῶνος
1103 1794 1163 1832 καὶ

113 1856 332 1909 Ἀρεθούσης,
350 1858 396 1901 ὡς
414 1854 693 1908 Ἀριστοκράτης.

619 1937 655 1974 6.

167 2016 296 2055 Schol.
330 2015 511 2064 Sophocl.
544 2014 681 2051 Trach.
715 2012 791 2050 266
829 2025 838 2048 ς
884 2009 1093 2063 Κρεώφυλος
1127 2009 1163 2048 δὲ

121 2073 167 2125 β’,
190 2071 456 2125 Ἀριστοκράτης
474 2071 510 2110 δὲ
526 2071 575 2123 γ’,
594 2068 730 2118 Τοξέα,
750 2068 916 2118 Κλύτιον,
935 2068 1085 2116 Δηίονα,
1108 2083 1162 2109 sc.

114 2133 249 2181 Euryti
265 2139 303 2168 et
320 2131 526 2168 Antioches
538 2129 637 2167 filios
653 2130 764 2166 fuisse
780 2129 926 2167 dicunt.
944 2129 1034 2164 Tres
1053 2129 1167 2165 etiam

114 2198 289 2228 numerat
301 2190 462 2227 Diodor.
479 2191 543 2236 IV,
561 2189 625 2236 37.
645 2188 702 2228 Cf.
719 2187 869 2226 Welck.
890 2187 996 2234 Cycl.
1012 2198 1053 2236 p.
1071 2186 1161 2227 231.

605 2262 674 2316 (7·)

167 2343 295 2391 Schol.
311 2342 556 2391 Aristophan.
576 2341 678 2379 Nub.
699 2352 772 2389 971
791 2341 873 2378 :De
887 2339 1031 2388 Phryni
1052 2339 1166 2376 citha-

117 2402 227 2440 roedo
247 2402 463 2450 Mytilenaeo
482 2401 600 2437 verba
618 2399 716 2435 fiunt
734 2410 831 2448 saepe
850 2410 873 2434 a
891 2399 1047 2435 comicis
1062 2411 1166 2434 com-

114 2467 342 2505 memorato,
359 2460 502 2508 quippe
514 2460 582 2507 qui
593 2455 839 2509 ἐκαινούργησε
853 2454 987 2499 κλάσας
997 2455 1060 2501 τὴν
1073 2455 1166 2508 ᾠδὴν

116 2516 213 2569 παρὰ
231 2515 272 2554 τὸ
286 2517 432 2569 ἀρχαῖον
448 2515 542 2563 ἔθος,
560 2517 608 2559 ὣς
624 2513 869 2568 Ἀριστοφάνης
892 2513 980 2567 φησὶ
997 2513 1058 2552 καὶ
1079 2513 1167 2566 Ἀρι-

116 2574 321 2627 στοκράτης.

2191 216 2264 250 333

1272 284 1347 320 Pro
1364 282 1633 336 Ἀριστοκράτης
1657 301 1672 318 α
1700 286 1968 324 Valckenarius
1989 289 2091 337 apud
2109 290 2270 338 Burges-

1218 337 1315 372 sium
1327 338 1369 372 in
1383 339 1515 373 Diario
1534 339 1688 374 classico
1706 339 1794 374 fasc.
1816 343 1863 382 44
1875 367 1885 385 ,
1906 353 1945 388 p.
1961 341 2056 387 280,
2074 340 2269 391 Ἀριστόξε-

1219 408 1287 442 νος,
1300 397 1519 444 Burgessius
1531 397 1612 444 ipse
1629 394 1875 446 Φερεκράτης,
1893 399 2000 445 quod
2015 400 2269 447 probabilius.

1219 453 1378 502 Phrynis
1404 461 1639 490 memoratur
1660 455 1700 489 in
1723 453 1937 502 fragmento
1955 456 2186 492 Pherecratis
2206 469 2269 506 ap.

1196 524 1198 527 ·
1221 507 1414 548 Plutarch.
1434 512 1533 549 Mor.
1547 525 1588 562 p.
1616 525 1632 548 1
1643 516 1714 555 142
1724 540 1731 547 .
1745 513 1917 549 Fortasse
1931 520 2057 549 tamen
2070 514 2273 551 delendum

1220 568 1281 608 καὶ
1310 569 1591 622 Ἀριστοκράτης.
1616 587 1630 604 υ
1651 573 1844 610 Dmnonr.
1869 571 1927 610 Cf.
1950 573 2039 608 Istri
2054 571 2101 608 fr.
2126 577 2191 621 49.

1477 819 2011 879 ARISTOCREON.

1275 959 1418 996 Plinius
1430 958 1480 995 H.
1492 959 1540 997 N.
1553 959 1618 1004 VI,
1636 958 1699 1003 36,
1714 970 1754 1007 p.
1771 957 1847 994 388
1865 957 1927 996 ed.
1943 957 2112 995 Tauchn.
2131 957 2275 993 :Simili
2319 983 2322 985 —

1226 1019 1334 1055 modo
1349 1026 1386 1054 et
1402 1018 1450 1053 de
1466 1029 1641 1052 mensura
1656 1021 1737 1064 ejus
1757 1015 1890 1066 (spatii
1912 1016 2020 1065 quod
2043 1023 2099 1052 est
2113 1027 2135 1052 a
2155 1018 2278 1064 Syene

1223 1077 1273 1113 ad
1289 1074 1471 1125 Meroon)
1487 1078 1598 1111 varia
1614 1075 1815 1123 prodidere
1833 1088 1845 1110 .·
1857 1077 2000 1123 primus
2015 1075 2153 1110 Dalion
2178 1075 2276 1109 ultra

1222 1136 1379 1171 Meroen
1397 1137 1506 1184 longe
1510 1141 1719 1183 provectus,
1731 1134 1829 1169 Mox
1836 1134 2072 1168 Art'stocreon
2085 1139 2123 1168 et
2132 1133 2229 1168 Bion
2242 1140 2278 1167 et

1222 1196 1372 1239 Basilis,
1394 1202 1469 1233 ete.
1488 1193 1555 1244 (V.
1574 1193 1710 1242 fragm.
1724 1191 1934 1240 Basilidis).
1951 1192 2200 1228 Aristocreon
2214 1191 2278 1227 hic

1223 1254 1325 1290 idem
1344 1253 1459 1288 fuerit
1477 1265 1564 1288 cum
1589 1252 1872 1289 Aristocreonte
1898 1250 2100 1300 Chrysippi
2117 1250 2279 1286 Solensis

1222 1312 1399 1348 familiari
1417 1318 1455 1347 et
1474 1311 1675 1359 discipulo,
1692 1311 1759 1358 qui
1780 1309 1960 1346 defuncto
1980 1309 2162 1357 magistro
2183 1307 2277 1357 (207

1223 1383 1259 1409 a.
1278 1371 1320 1407 C.
1333 1367 1343 1420 )
1358 1376 1520 1406 statuam
1533 1369 1664 1417 posuit
1679 1368 1892 1418 (Plutarch,
1907 1369 1964 1404 De
1978 1368 2096 1404 Stoic.
2115 1379 2276 1415 repugn.

1224 1441 1256 1466 c.
1282 1441 1304 1464 2
1327 1441 1367 1476 p.
1403 1427 1524 1473 1133,
1542 1426 1606 1476 F).
1628 1427 1766 1464 Libros
1786 1426 1833 1461 de
1862 1425 2059 1474 AEthiopia
2081 1424 2164 1471 jam
2188 1425 2281 1474 legit

1223 1487 1379 1536 aequalis
1396 1486 1692 1523 Aristocreontis
1708 1485 1940 1533 Hermippus
1963 1482 2020 1535 (v.
2040 1483 2087 1519 fr.
2110 1482 2170 1533 2).

1589 1593 1920 1645 (ΑΙΘΙΟΠΙΚΑ.)

1735 1701 1770 1726 1.

1277 1773 1419 1809 Plinius
1432 1773 1482 1810 H.
1500 1773 1548 1811 N.
1566 1772 1635 1818 VI,
1655 1770 1720 1821 35,
1738 1783 1776 1820 p.
1796 1769 1871 1818 390
1884 1769 2003 1805 Tchn.
2025 1781 2034 1805 ε
2049 1770 2280 1805 Aristocreon

1224 1833 1355 1879 Libyoe
1372 1833 1489 1867 latere
1503 1843 1528 1866 α
1545 1832 1675 1867 Meroe
1690 1831 1867 1879 oppidum
1887 1830 2000 1864 Tolen
2019 1829 2163 1863 dierum
2177 1831 2280 1876 quin-

1226 1903 1297 1939 que
1334 1894 1466 1926 itinere
1501 1891 1628 1926 tradit.
1661 1890 1759 1925 Inde
1786 1889 1930 1923 dierum
1965 1887 2156 1922 duodecim
2186 1888 2285 1922 Esar

1227 1951 1486 1998 AEgyptiorum
1503 1948 1678 1996 oppIdum
1695 1950 1758 1995 qui
1772 1945 2087 1982 Psammetichum
2094 1943 2279 1995 fugerint.
2325 1943 2327 1945 ’

1227 2008 1276 2042 In
1295 2019 1338 2042 eo
1362 2007 1572 2054 produntur
1588 2008 1700 2040 annis
1722 2006 1891 2039 trecentis
1918 2003 2118 2039 habitasse.
2142 2004 2282 2040 Contra

1229 2067 1267 2100 in
1286 2064 1447 2100 Arabico
1468 2065 1584 2099 latere
1602 2064 1730 2098 Daron
1745 2062 1922 2109 oppidum
1936 2073 2014 2096 esse
2031 2073 2167 2098 eorum.
2184 2062 2281 2096 Bion

1227 2131 1367 2168 autem,
1393 2130 1466 2159 etc.
1491 2122 1549 2172 (v.
1571 2122 1700 2157 Bionis
1718 2120 1764 2156 fr.
1785 2119 1839 2169 3).

1281 2182 1430 2227 Ibidem
1449 2181 1549 2217 inter
1564 2180 1659 2216 alios
1675 2179 1878 2227 AEthiopiae
1900 2178 2066 2227 populos
2081 2189 2281 2214 recensen-

1229 2248 1292 2277 tur
1310 2241 1527 2277 Ptoembarz·
1536 2268 1546 2285 ‚
1573 2238 1854 2287 Ptoemplzanoe‘,
1880 2240 1942 2286 qui
1957 2249 2087 2272 canem
2104 2250 2176 2285 pro
2193 2249 2282 2285 rege

1227 2299 1385 2343 habent,
1413 2307 1512 2335 motu
1540 2302 1620 2345 ejus
1642 2300 1802 2346 imperia
1817 2304 2055 2345 auguranteS.
2082 2297 2170 2332 Haec
2189 2296 2280 2332 item

1227 2365 1313 2396 sunt
1330 2357 1636 2395 Aristocreontis.

1737 2437 1773 2460 2.

1280 2515 1446 2574 AElianus
1461 2515 1511 2550 H.
1528 2514 1575 2550 A.
1591 2513 1684 2558 VII,
1707 2516 1757 2556 40
1779 2523 1789 2547 t
1811 2507 2005 2558 Πέπυσμαι
2024 2505 2060 2545 δὲ
2079 2505 2139 2544 καὶ
2158 2503 2282 2545 Αἰθιό-

1229 2586 1303 2609 πων
1321 2574 1409 2609 εἰναι
1434 2570 1546 2618 ἔθνος,
1566 2571 1601 2608 ἐν
1627 2561 1656 2621 ᾧ
1677 2565 1854 2620 βασιλεύει
1878 2565 1983 2614 κύων,
2002 2563 2063 2603 καὶ
2086 2566 2129 2614 τῇ
2152 2561 2281 2600 ἐκείνου

126 2639 2274 2660 ———-——--.-—--—--——-—-——-————--

627 2689 663 2722 3.

159 2755 386 2794 Aristocrates,
399 2753 573 2795 Hipparchi
586 2752 671 2785 filius
679 2777 689 2792 ‚
709 2754 855 2793 Lycurgo
867 2752 901 2784 in
913 2754 1010 2786 Creta
1018 2753 1148 2785 mortuo
1156 2776 1166 2793 ,

1742 2685 1758 2702 ,,

1270 2742 1403 2775 Abantis
1416 2740 1538 2774 Euboea
1551 2740 1638 2773 dicta
1656 2739 1704 2772 est
1717 2697 1761 2771 ai),
1767 2707 1892 2771 libante
1902 2735 2018 2777 Argivo
2030 2734 2082 2767 vel
2096 2731 2236 2774 Neptuni
2248 2731 2282 2764 et

117 2807 159 2839 ab
176 2806 386 2847 hospitalibus
400 2804 470 2846 ejus
482 2813 599 2846 corpus
612 2805 791 2836 crematum
801 2828 810 2843 ,
829 2803 1016 2845 cineresque
1031 2804 1064 2836 in
1079 2812 1168 2836 mare
1229 2796 1395 2830 Arethusae
1410 2795 1493 2835 filio,
1510 2795 1547 2827 Ut
1562 2793 1772 2827 Aristocrates
1787 2791 1843 2823 aii·

116 2858 272 2899 dispersos
292 2857 455 2898 perhibet;
474 2857 710 2897 obtemperasse
727 2856 882 2887 nimirum
901 2864 956 2888 eos
977 2856 1075 2896 ipsius
1102 2857 1166 2896 Ly-

117 2909 204 2950 curgi
217 2909 364 2950 precibus
372 2932 381 2948 ‚
391 2908 425 2940 id
435 2908 578 2941 caventis
586 2931 596 2947 ,
609 2916 650 2939 ne
665 2907 731 2939 suis
741 2907 883 2948 reliquiis
893 2909 1040 2948 Spartam
1051 2907 1166 2947 allatis,

116 2962 283 3002 tamquam
299 2960 365 3001 ipse
377 2960 403 2992 si
415 2960 576 2999 rediisset,
590 2959 677 2991 cives
694 2958 799 2990 soluta
811 2959 1003 2991 sacramenti
1017 2958 1168 2999 religione

117 3012 348 3054 rempublicam
361 3021 381 3045 a
395 3021 429 3046 se
439 3013 621 3045 institutam
637 3012 813 3044 mutarent.

617 3072 653 3105 4.

160 3133 272 3165 Postea
281 3132 434 3174 temporis
446 3132 664 3174 Philopoemen
677 3133 851 3173 praeturam
864 3140 975 3173 gerens
985 3155 994 3170 ‚
1007 3131 1166 3163 incertum

118 3185 206 3227 quod
221 3186 343 3218 crimen
358 3185 608 3218 Lacedaemoniis
622 3185 792 3225 objiciens,
807 3194 909 3225 quum
925 3184 1036 3216 exules
1053 3192 1166 3215 eorum

118 3238 152 3270 in
167 3237 280 3270 urbem
301 3237 458 3277 restituit,
477 3238 549 3270 tum
563 3238 739 3278 Spartanos
753 3237 914 3277 octoginta
931 3236 1042 3276 (hunc
1054 3243 1167 3266 nume-

119 3298 191 3321 rum
207 3288 304 3320 habet
321 3288 490 3329 Polybius3
510 3288 720 3321 Aristocrates
743 3289 872 3320 centum
893 3288 927 3319 et
942 3286 1072 3326 triginta
1087 3286 1098 3326 )
1116 3295 1173 3318 ne¹>

121 3340 225 3380 cavit;
251 3348 362 3372 muros
388 3339 524 3380 dejecit,
552 3340 758 3381 multumque
789 3338 855 3380 agri
883 3337 1069 3379 ademptum
1093 3337 1166 3369 urbi

120 3391 390 3433 Megalopolitanis
402 3392 559 3425 attribuit.

1731 2848 1767 2880 6.

1270 2904 1469 2946 Creophylus
1483 2903 1582 2945 duos,
1602 2902 1812 2936 Aristocrates
1833 2906 1911 2931 vero
1928 2898 2011 2937 tres,
2030 2898 2176 2929 Toxeum
2191 2893 2278 2927 scili-

1228 2960 1297 2998 cet,
1312 2958 1453 2999 Clytium
1468 2958 1501 2990 et
1512 2957 1685 2996 Deionem,
1703 2954 1785 2987 filios
1797 2951 1910 2992 Euryti
1928 2950 2024 2983 ruisse
2038 2948 2127 2981 dicit.

1271 3067 1406 3108 Phrynis
1428 3065 1626 3098 citharoedus
1637 3007 1786 3104 frangat}
1800 3061 1933 3094 cantum
1949 3058 2063 3091 contra
2079 3063 2202 3089 morem
2217 3053 2277 3096 pri·

1228 3128 1320 3152 scum
1332 3117 1490 3157 mutavit,
1505 3118 1542 3150 ut
1555 3116 1784 3157 Aristophanes
1792 3114 1838 3146 ait
1848 3114 1880 3146 et
1893 3110 2111 3145 Aristocratoe.

1584 3189 1918 3244 (AErnloPICA.)

1735 3264 1770 3296 2.

1270 3334 1440 3367 Nationem
1461 3331 1646 3372 AEthiopum
1662 3339 1730 3363 esse
1746 3328 1869 3367 audivi,
1885 3334 1960 3367 quae
1981 3330 2093 3356 canem
2109 3319 2206 3352 habet
2221 3327 2272 3350 re-

1228 3395 1299 3428 gem
1316 3387 1348 3418 et
1365 3384 1448 3417 illius
1461 3383 1593 3415 arbitrio
1606 3385 1695 3423 paret
1704 3392 1713 3422 ς
1727 3381 1753 3413 si
1767 3389 1824 3413 suo
1839 3377 1977 3419 quodam
1993 3373 2088 3407 modo
2104 3370 2210 3413 gannit
2222 3371 2271 3402 vel
