<?xml version="1.0" encoding="UTF-8"?>
<!DOCTYPE html PUBLIC "-//W3C//DTD XHTML 1.0 Transitional//EN"
    "http://www.w3.org/TR/xhtml1/DTD/xhtml1-transitional.dtd">
<html xmlns="http://www.w3.org/1999/xhtml" xml:lang="en" lang="en">
 <head>
  <title>
</title>
<meta http-equiv="Content-Type" content="text/html;charset=utf-8" />
  <meta name='ocr-system' content='tesseract 3.04.00' />
  <meta name='ocr-capabilities' content='ocr_page ocr_carea ocr_par ocr_line ocrx_word'/>
</head>
<body>
  <div class='ocr_page' id='page_1' title='image "./fragmentahistori04mueluoft_0043.png"; bbox 0 0 2326 3724; ppageno 0'>
   <div class='ocr_carea' id='block_1_1' title="bbox 936 102 2166 173">
    <p class='ocr_par' dir='ltr' id='par_1_1' title="bbox 936 102 2166 173">
     <span class='ocr_line' id='line_1_1' title="bbox 936 102 2166 173; baseline 0.002 -3"><span class='ocrx_word' id='word_1_1' title='bbox 936 130 1266 170; x_wconf 74' lang='lat' dir='ltr'><strong>FRAGMENTA.</strong></span> <span class='ocrx_word' id='word_1_2' title='bbox 1908 102 1910 104; x_wconf 41' lang='grc'><strong><em>’</em></strong></span> <span class='ocrx_word' id='word_1_3' title='bbox 2119 139 2139 172; x_wconf 78' lang='lat' dir='ltr'><strong>a</strong></span> <span class='ocrx_word' id='word_1_4' title='bbox 2154 139 2166 173; x_wconf 85' lang='grc' dir='ltr'>ι</span> 
     </span>
    </p>
   </div>
   <div class='ocr_carea' id='block_1_2' title="bbox 0 217 1073 1270">
    <p class='ocr_par' dir='ltr' id='par_1_2' title="bbox 0 217 1073 1270">
     <span class='ocr_line' id='line_1_2' title="bbox 25 217 1067 272; baseline -0.003 -13.929"><span class='ocrx_word' id='word_1_5' title='bbox 25 219 142 272; x_wconf 85' lang='grc' dir='ltr'>σμένῳ</span> <span class='ocrx_word' id='word_1_6' title='bbox 168 220 283 262; x_wconf 81' lang='grc' dir='ltr'>κακῶς</span> <span class='ocrx_word' id='word_1_7' title='bbox 306 217 347 256; x_wconf 86' lang='grc' dir='ltr'><strong>τὸ</strong></span> <span class='ocrx_word' id='word_1_8' title='bbox 375 218 500 265; x_wconf 83' lang='grc' dir='ltr'>ἀληθὲς</span> <span class='ocrx_word' id='word_1_9' title='bbox 524 217 789 270; x_wconf 79' lang='grc' dir='ltr'>ἐπεισάγοντες,</span> <span class='ocrx_word' id='word_1_10' title='bbox 818 217 878 256; x_wconf 84' lang='grc' dir='ltr'><strong>καὶ</strong></span> <span class='ocrx_word' id='word_1_11' title='bbox 906 217 1067 269; x_wconf 87' lang='grc' dir='ltr'>καθάπερ</span> 
     </span>
     <span class='ocr_line' id='line_1_3' title="bbox 19 276 1066 334; baseline -0.003 -16.994"><span class='ocrx_word' id='word_1_12' title='bbox 19 281 96 334; x_wconf 77' lang='grc' dir='ltr'><strong>φῶς</strong></span> <span class='ocrx_word' id='word_1_13' title='bbox 115 277 184 316; x_wconf 77' lang='grc' dir='ltr'><strong>ἀπὸ</strong></span> <span class='ocrx_word' id='word_1_14' title='bbox 209 277 392 327; x_wconf 81' lang='grc' dir='ltr'>λαμπάδος</span> <span class='ocrx_word' id='word_1_15' title='bbox 409 276 466 315; x_wconf 82' lang='grc' dir='ltr'>διὰ</span> <span class='ocrx_word' id='word_1_16' title='bbox 484 292 548 324; x_wconf 86' lang='grc' dir='ltr'><strong>της</strong></span> <span class='ocrx_word' id='word_1_17' title='bbox 560 278 745 324; x_wconf 78' lang='grc' dir='ltr'>ἡλιακῆς’</span> <span class='ocrx_word' id='word_1_18' title='bbox 729 279 864 321; x_wconf 85' lang='grc' dir='ltr'>ακτῒνος</span> <span class='ocrx_word' id='word_1_19' title='bbox 881 276 1066 329; x_wconf 76' lang='grc' dir='ltr'>ἀφανίζον-</span> 
     </span>
     <span class='ocr_line' id='line_1_4' title="bbox 23 333 1068 388; baseline -0.003 -12"><span class='ocrx_word' id='word_1_20' title='bbox 23 352 79 381; x_wconf 85' lang='grc' dir='ltr'><strong>τες</strong></span> <span class='ocrx_word' id='word_1_21' title='bbox 96 335 155 375; x_wconf 78' lang='grc' dir='ltr'><strong>καὶ</strong></span> <span class='ocrx_word' id='word_1_22' title='bbox 179 335 434 386; x_wconf 77' lang='grc' dir='ltr'>ἀμὸλύνοντες,</span> <span class='ocrx_word' id='word_1_23' title='bbox 453 337 581 386; x_wconf 84' lang='grc' dir='ltr'>ὁμοίως</span> <span class='ocrx_word' id='word_1_24' title='bbox 600 335 809 387; x_wconf 80' lang='grc' dir='ltr'>ἐπιθήσομεν</span> <span class='ocrx_word' id='word_1_25' title='bbox 827 340 899 379; x_wconf 90' lang='grc' dir='ltr'>τοῖς</span> <span class='ocrx_word' id='word_1_26' title='bbox 925 333 1068 388; x_wconf 82' lang='grc' dir='ltr'>εἰρημέ-</span> 
     </span>
     <span class='ocr_line' id='line_1_5' title="bbox 0 391 1069 446; baseline -0.003 -12.937"><span class='ocrx_word' id='word_1_27' title='bbox 0 410 92 439; x_wconf 79' lang='grc' dir='ltr'>νοις</span> <span class='ocrx_word' id='word_1_28' title='bbox 118 395 378 446; x_wconf 83' lang='grc' dir='ltr'>τᾶληθέστερα,</span> <span class='ocrx_word' id='word_1_29' title='bbox 410 394 554 433; x_wconf 84' lang='grc' dir='ltr'>κάκεῖνα</span> <span class='ocrx_word' id='word_1_30' title='bbox 587 393 645 432; x_wconf 80' lang='grc' dir='ltr'>διὰ</span> <span class='ocrx_word' id='word_1_31' title='bbox 673 394 736 441; x_wconf 79' lang='grc' dir='ltr'><strong>τὴν</strong></span> <span class='ocrx_word' id='word_1_32' title='bbox 767 392 945 446; x_wconf 78' lang='grc' dir='ltr'>ἱστορικὴν</span> <span class='ocrx_word' id='word_1_33' title='bbox 969 391 1069 437; x_wconf 81' lang='grc' dir='ltr'>δόξαν</span> 
     </span>
     <span class='ocr_line' id='line_1_6' title="bbox 0 449 1068 505; baseline -0.005 -12.87"><span class='ocrx_word' id='word_1_34' title='bbox 0 451 318 505; x_wconf 78' lang='grc' dir='ltr'>συγχωρήσαντες</span> <span class='ocrx_word' id='word_1_35' title='bbox 350 451 488 503; x_wconf 87' lang='grc' dir='ltr'>μένειν,</span> <span class='ocrx_word' id='word_1_36' title='bbox 516 451 578 491; x_wconf 88' lang='grc' dir='ltr'><strong>καὶ</strong></span> <span class='ocrx_word' id='word_1_37' title='bbox 601 455 714 490; x_wconf 77' lang='grc' dir='ltr'>ταῦτα</span> <span class='ocrx_word' id='word_1_38' title='bbox 743 450 801 490; x_wconf 85' lang='grc' dir='ltr'>διὰ</span> <span class='ocrx_word' id='word_1_39' title='bbox 819 451 883 498; x_wconf 87' lang='grc' dir='ltr'><strong>τὴν</strong></span> <span class='ocrx_word' id='word_1_40' title='bbox 904 449 1068 498; x_wconf 80' lang='grc' dir='ltr'>ἀλήθειαν</span> 
     </span>
     <span class='ocr_line' id='line_1_7' title="bbox 2 509 690 572; baseline -0.003 -20.936"><span class='ocrx_word' id='word_1_41' title='bbox 2 509 297 572; x_wconf 71' lang='grc' dir='ltr'>ἐφελκυσαμενοι</span> <span class='ocrx_word' id='word_1_42' title='bbox 315 525 376 548; x_wconf 90' lang='grc' dir='ltr'><strong>και</strong></span> <span class='ocrx_word' id='word_1_43' title='bbox 395 509 690 563; x_wconf 84' lang='grc' dir='ltr'>παραζεύξαντες.</span> 
     </span>
     <span class='ocr_line' id='line_1_8' title="bbox 83 569 1071 621; baseline -0.001 -16.077"><span class='ocrx_word' id='word_1_44' title='bbox 83 586 100 605; x_wconf 70' lang='grc' dir='ltr'>α</span> <span class='ocrx_word' id='word_1_45' title='bbox 135 570 280 608; x_wconf 87' lang='lat' dir='ltr'>Gothos</span> <span class='ocrx_word' id='word_1_46' title='bbox 311 571 359 606; x_wconf 83' lang='lat' dir='ltr'><strong>ab</strong></span> <span class='ocrx_word' id='word_1_47' title='bbox 390 572 539 607; x_wconf 86' lang='lat' dir='ltr'><strong>Hunnis</strong></span> <span class='ocrx_word' id='word_1_48' title='bbox 569 569 925 621; x_wconf 88' lang='lat' dir='ltr'><strong>supervenientibus</strong></span> <span class='ocrx_word' id='word_1_49' title='bbox 956 580 1071 606; x_wconf 79' lang='lat' dir='ltr'><strong>caesos</strong></span> 
     </span>
     <span class='ocr_line' id='line_1_9' title="bbox 12 616 1071 682; baseline -0.005 -15"><span class='ocrx_word' id='word_1_50' title='bbox 12 616 219 682; x_wconf 42' lang='lat' dir='ltr'><strong>{victosque</strong></span> <span class='ocrx_word' id='word_1_51' title='bbox 236 630 414 679; x_wconf 84' lang='lat' dir='ltr'>petivisse</span> <span class='ocrx_word' id='word_1_52' title='bbox 433 641 456 666; x_wconf 87' lang='lat' dir='ltr'><strong>a</strong></span> <span class='ocrx_word' id='word_1_53' title='bbox 481 629 638 668; x_wconf 83' lang='lat' dir='ltr'>Valente</span> <span class='ocrx_word' id='word_1_54' title='bbox 654 637 698 665; x_wconf 87' lang='lat' dir='ltr'><strong>ut</strong></span> <span class='ocrx_word' id='word_1_55' title='bbox 716 630 757 665; x_wconf 90' lang='lat' dir='ltr'><strong>in</strong></span> <span class='ocrx_word' id='word_1_56' title='bbox 774 630 990 665; x_wconf 84' lang='lat' dir='ltr'>Romanam</span> <span class='ocrx_word' id='word_1_57' title='bbox 1009 627 1071 663; x_wconf 88' lang='lat' dir='ltr'><strong>di-</strong></span> 
     </span>
     <span class='ocr_line' id='line_1_10' title="bbox 1 679 1073 738; baseline -0.004 -13"><span class='ocrx_word' id='word_1_58' title='bbox 1 717 3 720; x_wconf 22' lang='grc'><strong><em>4</em></strong></span> <span class='ocrx_word' id='word_1_59' title='bbox 24 679 166 727; x_wconf 69' lang='lat' dir='ltr'><strong>tionem</strong></span> <span class='ocrx_word' id='word_1_60' title='bbox 193 687 355 735; x_wconf 82' lang='lat' dir='ltr'><strong>trajecto</strong></span> <span class='ocrx_word' id='word_1_61' title='bbox 386 689 485 724; x_wconf 89' lang='lat' dir='ltr'><strong>Istro</strong></span> <span class='ocrx_word' id='word_1_62' title='bbox 514 690 777 738; x_wconf 86' lang='lat' dir='ltr'><strong>reciperentur</strong></span> <span class='ocrx_word' id='word_1_63' title='bbox 810 686 821 737; x_wconf 96' lang='lat'>(</span> <span class='ocrx_word' id='word_1_64' title='bbox 836 686 934 736; x_wconf 84' lang='lat'><strong>376)</strong></span> <span class='ocrx_word' id='word_1_65' title='bbox 949 714 960 729; x_wconf 89' lang='lat'>‚</span> <span class='ocrx_word' id='word_1_66' title='bbox 990 693 1073 722; x_wconf 91' lang='lat' dir='ltr'><strong>tota</strong></span> 
     </span>
     <span class='ocr_line' id='line_1_11' title="bbox 14 745 1069 786; baseline -0.005 -1"><span class='ocrx_word' id='word_1_67' title='bbox 14 745 131 786; x_wconf 72' lang='lat' dir='ltr'><strong>‘vetus</strong></span> <span class='ocrx_word' id='word_1_68' title='bbox 144 747 306 783; x_wconf 86' lang='lat' dir='ltr'><strong>historia</strong></span> <span class='ocrx_word' id='word_1_69' title='bbox 322 754 494 785; x_wconf 87' lang='lat' dir='ltr'><strong>testatur.</strong></span> <span class='ocrx_word' id='word_1_70' title='bbox 516 748 697 784; x_wconf 86' lang='lat' dir='ltr'><strong>Dicturus</strong></span> <span class='ocrx_word' id='word_1_71' title='bbox 715 747 813 782; x_wconf 85' lang='lat' dir='ltr'><strong>hanc</strong></span> <span class='ocrx_word' id='word_1_72' title='bbox 831 758 914 782; x_wconf 88' lang='lat' dir='ltr'><strong>rem</strong></span> <span class='ocrx_word' id='word_1_73' title='bbox 942 746 1069 781; x_wconf 86' lang='lat' dir='ltr'><strong>Euna-</strong></span> 
     </span>
     <span class='ocr_line' id='line_1_12' title="bbox 21 805 1068 857; baseline -0.002 -14"><span class='ocrx_word' id='word_1_74' title='bbox 21 807 108 857; x_wconf 81' lang='lat' dir='ltr'><strong>pius</strong></span> <span class='ocrx_word' id='word_1_75' title='bbox 126 813 295 856; x_wconf 88' lang='lat' dir='ltr'><strong>coeperat</strong></span> <span class='ocrx_word' id='word_1_76' title='bbox 310 806 373 842; x_wconf 87' lang='lat' dir='ltr'><strong>hic</strong></span> <span class='ocrx_word' id='word_1_77' title='bbox 399 807 566 843; x_wconf 91' lang='lat' dir='ltr'><strong>scribere</strong></span> <span class='ocrx_word' id='word_1_78' title='bbox 587 806 633 842; x_wconf 88' lang='lat' dir='ltr'><strong>de</strong></span> <span class='ocrx_word' id='word_1_79' title='bbox 652 808 884 845; x_wconf 81' lang='lat' dir='ltr'><strong>Hunnorum</strong></span> <span class='ocrx_word' id='word_1_80' title='bbox 907 805 1068 853; x_wconf 83' lang='lat' dir='ltr'><strong>origine.</strong></span> 
     </span>
     <span class='ocr_line' id='line_1_13' title="bbox 22 864 1071 913; baseline -0.003 -11"><span class='ocrx_word' id='word_1_81' title='bbox 22 867 163 902; x_wconf 87' lang='lat' dir='ltr'><strong>Verum</strong></span> <span class='ocrx_word' id='word_1_82' title='bbox 182 864 263 913; x_wconf 87' lang='lat' dir='ltr'><strong>ejus</strong></span> <span class='ocrx_word' id='word_1_83' title='bbox 290 866 551 902; x_wconf 85' lang='lat' dir='ltr'><strong>narrationem</strong></span> <span class='ocrx_word' id='word_1_84' title='bbox 578 865 782 902; x_wconf 79' lang='lat' dir='ltr'><strong>infeliciter</strong></span> <span class='ocrx_word' id='word_1_85' title='bbox 798 864 973 900; x_wconf 85' lang='lat' dir='ltr'><strong>amissam</strong></span> <span class='ocrx_word' id='word_1_86' title='bbox 991 876 1071 899; x_wconf 91' lang='lat' dir='ltr'><strong>non</strong></span> 
     </span>
     <span class='ocr_line' id='line_1_14' title="bbox 23 923 1071 973; baseline -0.001 -13"><span class='ocrx_word' id='word_1_87' title='bbox 23 925 214 962; x_wconf 84' lang='lat' dir='ltr'><strong>incuriose</strong></span> <span class='ocrx_word' id='word_1_88' title='bbox 233 924 386 973; x_wconf 89' lang='lat' dir='ltr'><strong>supplet</strong></span> <span class='ocrx_word' id='word_1_89' title='bbox 404 925 574 960; x_wconf 87' lang='lat' dir='ltr'><strong>Zosimus</strong></span> <span class='ocrx_word' id='word_1_90' title='bbox 590 926 664 970; x_wconf 91' lang='lat' dir='ltr'><strong>IV,</strong></span> <span class='ocrx_word' id='word_1_91' title='bbox 686 936 752 960; x_wconf 84' lang='lat'><strong>20.</strong></span> <span class='ocrx_word' id='word_1_92' title='bbox 775 939 792 957; x_wconf 85' lang='lat'>»</span> <span class='ocrx_word' id='word_1_93' title='bbox 814 925 908 960; x_wconf 71' lang='lat' dir='ltr'><strong>Mu.</strong></span> <span class='ocrx_word' id='word_1_94' title='bbox 931 923 992 959; x_wconf 86' lang='lat' dir='ltr'><strong>Ad</strong></span> <span class='ocrx_word' id='word_1_95' title='bbox 1010 923 1071 959; x_wconf 95' lang='lat' dir='ltr'><strong>lo-</strong></span> 
     </span>
     <span class='ocr_line' id='line_1_15' title="bbox 24 983 1073 1032; baseline -0.003 -12"><span class='ocrx_word' id='word_1_96' title='bbox 24 996 112 1020; x_wconf 83' lang='lat' dir='ltr'><strong>cum</strong></span> <span class='ocrx_word' id='word_1_97' title='bbox 127 983 267 1020; x_wconf 89' lang='lat' dir='ltr'><strong>Zosimi</strong></span> <span class='ocrx_word' id='word_1_98' title='bbox 297 983 344 1020; x_wconf 90' lang='lat' dir='ltr'><strong>cf.</strong></span> <span class='ocrx_word' id='word_1_99' title='bbox 371 984 655 1032; x_wconf 87' lang='lat' dir='ltr'><strong>Reitemeyerus</strong></span> <span class='ocrx_word' id='word_1_100' title='bbox 671 983 811 1019; x_wconf 87' lang='lat' dir='ltr'><strong>Zosimi</strong></span> <span class='ocrx_word' id='word_1_101' title='bbox 828 983 889 1019; x_wconf 88' lang='lat' dir='ltr'><strong>vel</strong></span> <span class='ocrx_word' id='word_1_102' title='bbox 909 983 1073 1031; x_wconf 84' lang='lat' dir='ltr'><strong>Eunapii</strong></span> 
     </span>
     <span class='ocr_line' id='line_1_16' title="bbox 23 1042 1068 1091; baseline 0 -13"><span class='ocrx_word' id='word_1_103' title='bbox 23 1054 170 1078; x_wconf 86' lang='lat' dir='ltr'><strong>errores</strong></span> <span class='ocrx_word' id='word_1_104' title='bbox 184 1044 385 1091; x_wconf 57' lang='lat' dir='ltr'><strong>castigans</strong></span> <span class='ocrx_word' id='word_1_105' title='bbox 403 1043 579 1079; x_wconf 90' lang='lat' dir='ltr'><strong>Ceterum</strong></span> <span class='ocrx_word' id='word_1_106' title='bbox 593 1056 631 1078; x_wconf 89' lang='lat' dir='ltr'><strong>v.</strong></span> <span class='ocrx_word' id='word_1_107' title='bbox 651 1043 843 1078; x_wconf 86' lang='lat' dir='ltr'><strong>Ammian.</strong></span> <span class='ocrx_word' id='word_1_108' title='bbox 858 1042 1014 1086; x_wconf 85' lang='lat' dir='ltr'>XXXI,</span> <span class='ocrx_word' id='word_1_109' title='bbox 1031 1054 1068 1079; x_wconf 83' lang='lat'><strong>2.</strong></span> 
     </span>
     <span class='ocr_line' id='line_1_17' title="bbox 24 1100 1073 1149; baseline -0.002 -13"><span class='ocrx_word' id='word_1_110' title='bbox 24 1101 253 1137; x_wconf 86' lang='lat' dir='ltr'><strong>Hunnorum</strong></span> <span class='ocrx_word' id='word_1_111' title='bbox 271 1101 503 1137; x_wconf 84' lang='lat' dir='ltr'><strong>mentionem</strong></span> <span class='ocrx_word' id='word_1_112' title='bbox 517 1113 562 1136; x_wconf 82' lang='lat' dir='ltr'><strong>ex</strong></span> <span class='ocrx_word' id='word_1_113' title='bbox 578 1102 753 1149; x_wconf 86' lang='lat' dir='ltr'><strong>Eunapio</strong></span> <span class='ocrx_word' id='word_1_114' title='bbox 771 1100 904 1137; x_wconf 83' lang='lat' dir='ltr'><strong>Suidas</strong></span> <span class='ocrx_word' id='word_1_115' title='bbox 918 1112 1073 1148; x_wconf 92' lang='lat' dir='ltr'><strong>quoque</strong></span> 
     </span>
     <span class='ocr_line' id='line_1_18' title="bbox 23 1157 1072 1210; baseline 0 -16"><span class='ocrx_word' id='word_1_116' title='bbox 23 1158 148 1206; x_wconf 84' lang='lat' dir='ltr'><strong>injicit</strong></span> <span class='ocrx_word' id='word_1_117' title='bbox 174 1173 212 1195; x_wconf 90' lang='lat' dir='ltr'><strong>v.</strong></span> <span class='ocrx_word' id='word_1_118' title='bbox 240 1157 483 1210; x_wconf 87' lang='grc' dir='ltr'>Καγχάζει·</span> <span class='ocrx_word' id='word_1_119' title='bbox 503 1157 634 1210; x_wconf 83' lang='grc' dir='ltr'>ἀθρόως</span> <span class='ocrx_word' id='word_1_120' title='bbox 651 1159 752 1210; x_wconf 79' lang='grc' dir='ltr'>γελᾷ.</span> <span class='ocrx_word' id='word_1_121' title='bbox 772 1157 966 1201; x_wconf 79' lang='grc' dir='ltr'>Εὖνάπιος·</span> <span class='ocrx_word' id='word_1_122' title='bbox 990 1175 1004 1190; x_wconf 88' lang='lat'>«</span> <span class='ocrx_word' id='word_1_123' title='bbox 1025 1158 1072 1196; x_wconf 87' lang='grc' dir='ltr'><strong>Οἱ</strong></span> 
     </span>
     <span class='ocr_line' id='line_1_19' title="bbox 25 1212 798 1270; baseline 0 -16"><span class='ocrx_word' id='word_1_124' title='bbox 25 1216 60 1254; x_wconf 86' lang='grc' dir='ltr'><strong>δὲ</strong></span> <span class='ocrx_word' id='word_1_125' title='bbox 78 1212 205 1256; x_wconf 73' lang='grc' dir='ltr'>Οῧννοι</span> <span class='ocrx_word' id='word_1_126' title='bbox 221 1216 336 1255; x_wconf 83' lang='grc' dir='ltr'>πλατὺ</span> <span class='ocrx_word' id='word_1_127' title='bbox 356 1215 598 1269; x_wconf 88' lang='grc' dir='ltr'>καγχάσαντες</span> <span class='ocrx_word' id='word_1_128' title='bbox 613 1216 760 1270; x_wconf 83' lang='grc' dir='ltr'>ᾤχοντο.</span> <span class='ocrx_word' id='word_1_129' title='bbox 783 1234 798 1251; x_wconf 76' lang='grc' dir='ltr'>υ</span> 
     </span>
    </p>
   </div>
   <div class='ocr_carea' id='block_1_3' title="bbox 514 1313 576 1351">
    <p class='ocr_par' dir='ltr' id='par_1_3' title="bbox 514 1313 576 1351">
     <span class='ocr_line' id='line_1_20' title="bbox 514 1313 576 1351; baseline 0 -9"><span class='ocrx_word' id='word_1_130' title='bbox 514 1313 576 1351; x_wconf 75' lang='lat'><strong>42.</strong></span> 
     </span>
    </p>
   </div>
   <div class='ocr_carea' id='block_1_4' title="bbox 25 1389 1076 2090">
    <p class='ocr_par' dir='ltr' id='par_1_4' title="bbox 25 1389 1076 2090">
     <span class='ocr_line' id='line_1_21' title="bbox 77 1389 1072 1442; baseline 0 -14"><span class='ocrx_word' id='word_1_131' title='bbox 77 1393 168 1431; x_wconf 82' lang='lat' dir='ltr'><strong>Exc.</strong></span> <span class='ocrx_word' id='word_1_132' title='bbox 189 1395 246 1429; x_wconf 86' lang='lat' dir='ltr'><strong>De</strong></span> <span class='ocrx_word' id='word_1_133' title='bbox 259 1394 357 1442; x_wconf 83' lang='lat' dir='ltr'><strong>legg.</strong></span> <span class='ocrx_word' id='word_1_134' title='bbox 377 1406 418 1442; x_wconf 90' lang='lat' dir='ltr'><strong>p.</strong></span> <span class='ocrx_word' id='word_1_135' title='bbox 441 1405 557 1441; x_wconf 82' lang='lat'><strong>19-21</strong></span> <span class='ocrx_word' id='word_1_136' title='bbox 579 1389 692 1430; x_wconf 66' lang='lat' dir='ltr'><strong>:⁸Ort</strong></span> <span class='ocrx_word' id='word_1_137' title='bbox 713 1393 782 1429; x_wconf 83' lang='grc' dir='ltr'><strong>τῶν</strong></span> <span class='ocrx_word' id='word_1_138' title='bbox 801 1392 948 1430; x_wconf 82' lang='grc' dir='ltr'>Σκυθῶν</span> <span class='ocrx_word' id='word_1_139' title='bbox 968 1393 1072 1438; x_wconf 82' lang='grc' dir='ltr'>ἡττη-</span> 
     </span>
     <span class='ocr_line' id='line_1_22' title="bbox 25 1449 1071 1502; baseline -0.001 -14"><span class='ocrx_word' id='word_1_140' title='bbox 25 1449 152 1488; x_wconf 82' lang='grc' dir='ltr'>θέντων</span> <span class='ocrx_word' id='word_1_141' title='bbox 171 1449 230 1488; x_wconf 75' lang='grc' dir='ltr'><strong>καὶ</strong></span> <span class='ocrx_word' id='word_1_142' title='bbox 261 1450 326 1488; x_wconf 79' lang='grc' dir='ltr'><strong>ὑπὸ</strong></span> <span class='ocrx_word' id='word_1_143' title='bbox 345 1452 413 1488; x_wconf 82' lang='grc' dir='ltr'><strong>τῶν</strong></span> <span class='ocrx_word' id='word_1_144' title='bbox 439 1449 583 1488; x_wconf 81' lang='grc' dir='ltr'>Ούννων</span> <span class='ocrx_word' id='word_1_145' title='bbox 603 1450 853 1502; x_wconf 77' lang='grc' dir='ltr'>ἀναιρεθέντων</span> <span class='ocrx_word' id='word_1_146' title='bbox 885 1449 944 1487; x_wconf 78' lang='grc' dir='ltr'><strong>καὶ</strong></span> <span class='ocrx_word' id='word_1_147' title='bbox 964 1449 1071 1501; x_wconf 79' lang='grc' dir='ltr'>ἄρδην</span> 
     </span>
     <span class='ocr_line' id='line_1_23' title="bbox 28 1508 1071 1581; baseline 0 -34"><span class='ocrx_word' id='word_1_148' title='bbox 28 1508 276 1558; x_wconf 85' lang='grc' dir='ltr'>ἀπολλυμένων</span> <span class='ocrx_word' id='word_1_149' title='bbox 296 1509 355 1559; x_wconf 84' lang='grc' dir='ltr'><strong>(τὸ</strong></span> <span class='ocrx_word' id='word_1_150' title='bbox 372 1510 549 1560; x_wconf 78' lang='grc' dir='ltr'>πλῆθος),</span> <span class='ocrx_word' id='word_1_151' title='bbox 569 1510 599 1546; x_wconf 84' lang='grc' dir='ltr'>οἱ</span> <span class='ocrx_word' id='word_1_152' title='bbox 625 1508 687 1560; x_wconf 80' lang='grc' dir='ltr'><strong>μὲν</strong></span> <span class='ocrx_word' id='word_1_153' title='bbox 708 1508 1071 1581; x_wconf 71' lang='grc' dir='ltr'>ἐγκαταλαμὸανόμε-</span> 
     </span>
     <span class='ocr_line' id='line_1_24' title="bbox 27 1566 1072 1628; baseline 0 -23"><span class='ocrx_word' id='word_1_154' title='bbox 27 1583 79 1605; x_wconf 90' lang='grc' dir='ltr'><strong>νοι</strong></span> <span class='ocrx_word' id='word_1_155' title='bbox 100 1583 160 1605; x_wconf 92' lang='grc' dir='ltr'><strong>συν</strong></span> <span class='ocrx_word' id='word_1_156' title='bbox 180 1567 314 1619; x_wconf 82' lang='grc' dir='ltr'>γυναιξι</span> <span class='ocrx_word' id='word_1_157' title='bbox 333 1567 394 1606; x_wconf 80' lang='grc' dir='ltr'><strong>καὶ</strong></span> <span class='ocrx_word' id='word_1_158' title='bbox 412 1567 542 1611; x_wconf 90' lang='grc' dir='ltr'>τέκνοις</span> <span class='ocrx_word' id='word_1_159' title='bbox 560 1566 814 1628; x_wconf 78' lang='grc' dir='ltr'>διεφθείροντο,</span> <span class='ocrx_word' id='word_1_160' title='bbox 845 1583 906 1605; x_wconf 91' lang='grc' dir='ltr'><strong>και</strong></span> <span class='ocrx_word' id='word_1_161' title='bbox 927 1567 1072 1619; x_wconf 80' lang='grc' dir='ltr'>οὐδεμία</span> 
     </span>
     <span class='ocr_line' id='line_1_25' title="bbox 27 1625 1073 1679; baseline 0 -15"><span class='ocrx_word' id='word_1_162' title='bbox 27 1625 132 1679; x_wconf 81' lang='grc' dir='ltr'>φειδω</span> <span class='ocrx_word' id='word_1_163' title='bbox 151 1629 211 1673; x_wconf 87' lang='grc' dir='ltr'>τ’ἧς</span> <span class='ocrx_word' id='word_1_164' title='bbox 230 1626 310 1679; x_wconf 80' lang='grc' dir='ltr'>περὶ</span> <span class='ocrx_word' id='word_1_165' title='bbox 326 1642 404 1670; x_wconf 87' lang='grc' dir='ltr'>τους</span> <span class='ocrx_word' id='word_1_166' title='bbox 421 1626 542 1676; x_wconf 84' lang='grc' dir='ltr'>φόνους</span> <span class='ocrx_word' id='word_1_167' title='bbox 559 1629 601 1673; x_wconf 89' lang='grc' dir='ltr'><strong>ἠν</strong></span> <span class='ocrx_word' id='word_1_168' title='bbox 618 1625 813 1676; x_wconf 82' lang='grc' dir='ltr'>ὠμότητος.</span> <span class='ocrx_word' id='word_1_169' title='bbox 838 1626 889 1665; x_wconf 86' lang='grc' dir='ltr'><strong>Τὸ</strong></span> <span class='ocrx_word' id='word_1_170' title='bbox 910 1625 945 1663; x_wconf 80' lang='grc' dir='ltr'><strong>δὲ</strong></span> <span class='ocrx_word' id='word_1_171' title='bbox 966 1642 1073 1664; x_wconf 87' lang='grc' dir='ltr'>συνα-</span> 
     </span>
     <span class='ocr_line' id='line_1_26' title="bbox 28 1679 1074 1738; baseline -0.001 -15"><span class='ocrx_word' id='word_1_172' title='bbox 28 1683 143 1723; x_wconf 81' lang='grc' dir='ltr'>λισθὲν</span> <span class='ocrx_word' id='word_1_173' title='bbox 163 1683 223 1722; x_wconf 84' lang='grc' dir='ltr'><strong>καὶ</strong></span> <span class='ocrx_word' id='word_1_174' title='bbox 243 1684 328 1738; x_wconf 83' lang='grc' dir='ltr'>πρὸς</span> <span class='ocrx_word' id='word_1_175' title='bbox 354 1683 463 1737; x_wconf 82' lang='grc' dir='ltr'>φυγὴν</span> <span class='ocrx_word' id='word_1_176' title='bbox 487 1687 646 1737; x_wconf 77' lang='grc' dir='ltr'>ὁρμῆσαν</span> <span class='ocrx_word' id='word_1_177' title='bbox 668 1686 799 1730; x_wconf 70' lang='grc' dir='ltr'>πλῆθος</span> <span class='ocrx_word' id='word_1_178' title='bbox 818 1683 879 1735; x_wconf 80' lang='grc' dir='ltr'><strong>μὲν</strong></span> <span class='ocrx_word' id='word_1_179' title='bbox 907 1679 1014 1735; x_wconf 66' lang='grc' dir='ltr'>(ἠνὲ)</span> <span class='ocrx_word' id='word_1_180' title='bbox 1037 1686 1074 1722; x_wconf 84' lang='grc' dir='ltr'>οὔ</span> 
     </span>
     <span class='ocr_line' id='line_1_27' title="bbox 31 1740 1072 1796; baseline 0.002 -16"><span class='ocrx_word' id='word_1_181' title='bbox 31 1740 120 1780; x_wconf 73' lang='grc' dir='ltr'>πολὺ</span> <span class='ocrx_word' id='word_1_182' title='bbox 130 1745 197 1780; x_wconf 81' lang='grc' dir='ltr'><strong>τῶν</strong></span> <span class='ocrx_word' id='word_1_183' title='bbox 213 1742 320 1781; x_wconf 84' lang='grc' dir='ltr'>εἴκοσι</span> <span class='ocrx_word' id='word_1_184' title='bbox 335 1743 512 1796; x_wconf 84' lang='grc' dir='ltr'>μυριάδων</span> <span class='ocrx_word' id='word_1_185' title='bbox 525 1742 736 1781; x_wconf 81' lang='grc' dir='ltr'>ἀποδέουσαι</span> <span class='ocrx_word' id='word_1_186' title='bbox 753 1742 918 1794; x_wconf 82' lang='grc' dir='ltr'>(ἀποδέον</span> <span class='ocrx_word' id='word_1_187' title='bbox 930 1773 940 1792; x_wconf 86' lang='grc'>,</span> <span class='ocrx_word' id='word_1_188' title='bbox 955 1742 1072 1794; x_wconf 69' lang='grc' dir='ltr'>ὅσοιῖ)</span> 
     </span>
     <span class='ocr_line' id='line_1_28' title="bbox 29 1800 1075 1856; baseline -0.001 -16"><span class='ocrx_word' id='word_1_189' title='bbox 29 1802 196 1847; x_wconf 76' lang='grc' dir='ltr'>συνῆλθον</span> <span class='ocrx_word' id='word_1_190' title='bbox 214 1800 350 1856; x_wconf 77' lang='grc' dir='ltr'>[τῶν]’</span> <span class='ocrx_word' id='word_1_191' title='bbox 335 1817 368 1845; x_wconf 89' lang='grc' dir='ltr'><strong>ες</strong></span> <span class='ocrx_word' id='word_1_192' title='bbox 389 1802 429 1840; x_wconf 85' lang='grc' dir='ltr'><strong>τὸ</strong></span> <span class='ocrx_word' id='word_1_193' title='bbox 451 1801 608 1853; x_wconf 84' lang='grc' dir='ltr'>μάχιμον</span> <span class='ocrx_word' id='word_1_194' title='bbox 633 1803 858 1852; x_wconf 83' lang='grc' dir='ltr'>ἀκμαζούσας</span> <span class='ocrx_word' id='word_1_195' title='bbox 877 1805 889 1854; x_wconf 85' lang='grc'>(</span> <span class='ocrx_word' id='word_1_196' title='bbox 899 1801 1075 1853; x_wconf 83' lang='grc' dir='ltr'>ἀκμαζόν-</span> 
     </span>
     <span class='ocr_line' id='line_1_29' title="bbox 25 1859 1073 1913; baseline 0.001 -15"><span class='ocrx_word' id='word_1_197' title='bbox 25 1860 183 1911; x_wconf 64' lang='grc' dir='ltr'>τωνΡ).*</span> <span class='ocrx_word' id='word_1_198' title='bbox 193 1859 383 1907; x_wconf 84' lang='grc' dir='ltr'>κινηθέντες</span> <span class='ocrx_word' id='word_1_199' title='bbox 396 1860 605 1912; x_wconf 81' lang='grc' dir='ltr'>[νικηθέντες</span> <span class='ocrx_word' id='word_1_200' title='bbox 619 1863 768 1900; x_wconf 89' lang='lat' dir='ltr'><strong>Hoesch.</strong></span> <span class='ocrx_word' id='word_1_201' title='bbox 773 1860 855 1913; x_wconf 83' lang='grc' dir='ltr'>]και</span> <span class='ocrx_word' id='word_1_202' title='bbox 867 1866 942 1904; x_wconf 82' lang='grc' dir='ltr'>ταῖς</span> <span class='ocrx_word' id='word_1_203' title='bbox 953 1861 1073 1913; x_wconf 80' lang='grc' dir='ltr'>ὄχθαις</span> 
     </span>
     <span class='ocr_line' id='line_1_30' title="bbox 31 1918 1076 1973; baseline 0.001 -17"><span class='ocrx_word' id='word_1_204' title='bbox 31 1918 233 1962; x_wconf 80' lang='grc' dir='ltr'>ἐπιστάντες</span> <span class='ocrx_word' id='word_1_205' title='bbox 245 1918 367 1971; x_wconf 84' lang='grc' dir='ltr'>χεῖράς</span> <span class='ocrx_word' id='word_1_206' title='bbox 381 1935 418 1957; x_wconf 83' lang='grc' dir='ltr'><strong>τε</strong></span> <span class='ocrx_word' id='word_1_207' title='bbox 435 1918 564 1971; x_wconf 85' lang='grc' dir='ltr'>ὤρεγον</span> <span class='ocrx_word' id='word_1_208' title='bbox 579 1919 757 1972; x_wconf 82' lang='grc' dir='ltr'>πόρρωθεν</span> <span class='ocrx_word' id='word_1_209' title='bbox 777 1922 852 1970; x_wconf 87' lang='grc' dir='ltr'>μετ’</span> <span class='ocrx_word' id='word_1_210' title='bbox 871 1921 1076 1973; x_wconf 74' lang='grc' dir='ltr'>ὀλοφυρμῶν</span> 
     </span>
     <span class='ocr_line' id='line_1_31' title="bbox 26 1977 1075 2031; baseline 0 -16"><span class='ocrx_word' id='word_1_211' title='bbox 26 1977 86 2015; x_wconf 76' lang='grc' dir='ltr'><strong>καὶ</strong></span> <span class='ocrx_word' id='word_1_212' title='bbox 107 1980 208 2030; x_wconf 75' lang='grc' dir='ltr'>βοῆς,</span> <span class='ocrx_word' id='word_1_213' title='bbox 229 1978 289 2016; x_wconf 80' lang='grc' dir='ltr'><strong>καὶ</strong></span> <span class='ocrx_word' id='word_1_214' title='bbox 308 1977 503 2030; x_wconf 81' lang='grc' dir='ltr'>προέτεινον</span> <span class='ocrx_word' id='word_1_215' title='bbox 522 1978 719 2030; x_wconf 76' lang='grc' dir='ltr'>ἱκετηρίας,</span> <span class='ocrx_word' id='word_1_216' title='bbox 746 1981 985 2031; x_wconf 74' lang='grc' dir='ltr'>ἐπιτραπῆναι</span> <span class='ocrx_word' id='word_1_217' title='bbox 1013 1978 1075 2025; x_wconf 84' lang='grc' dir='ltr'><strong>τὴν</strong></span> 
     </span>
     <span class='ocr_line' id='line_1_32' title="bbox 26 2036 1075 2090; baseline 0.002 -17"><span class='ocrx_word' id='word_1_218' title='bbox 26 2036 186 2074; x_wconf 65' lang='grc' dir='ltr'>διάίῗασιν</span> <span class='ocrx_word' id='word_1_219' title='bbox 202 2039 485 2088; x_wconf 75' lang='grc' dir='ltr'>παρακαλοῦντες</span> <span class='ocrx_word' id='word_1_220' title='bbox 497 2067 506 2084; x_wconf 92' lang='grc'>,</span> <span class='ocrx_word' id='word_1_221' title='bbox 518 2038 578 2075; x_wconf 79' lang='grc' dir='ltr'><strong>καὶ</strong></span> <span class='ocrx_word' id='word_1_222' title='bbox 595 2037 657 2083; x_wconf 81' lang='grc' dir='ltr'><strong>τὴν</strong></span> <span class='ocrx_word' id='word_1_223' title='bbox 676 2040 771 2090; x_wconf 70' lang='grc' dir='ltr'>στρῶν</span> <span class='ocrx_word' id='word_1_224' title='bbox 792 2036 976 2090; x_wconf 77' lang='grc' dir='ltr'>συμφορὰν</span> <span class='ocrx_word' id='word_1_225' title='bbox 993 2038 1075 2075; x_wconf 84' lang='grc' dir='ltr'>ὀδυ-</span> 
     </span>
    </p>
   </div>
   <div class='ocr_carea' id='block_1_5' title="bbox 1098 215 2173 271">
    <p class='ocr_par' dir='ltr' id='par_1_5' title="bbox 1098 215 2173 271">
     <span class='ocr_line' id='line_1_33' title="bbox 1098 215 2173 271; baseline 0.003 -16"><span class='ocrx_word' id='word_1_226' title='bbox 1098 238 1103 241; x_wconf 88' lang='grc'><em>·</em></span> <span class='ocrx_word' id='word_1_227' title='bbox 1131 216 1287 270; x_wconf 85' lang='grc' dir='ltr'>ρόμενοι,</span> <span class='ocrx_word' id='word_1_228' title='bbox 1304 215 1364 254; x_wconf 81' lang='grc' dir='ltr'><strong>καὶ</strong></span> <span class='ocrx_word' id='word_1_229' title='bbox 1382 215 1584 268; x_wconf 81' lang='grc' dir='ltr'>προσθήκην</span> <span class='ocrx_word' id='word_1_230' title='bbox 1605 219 1647 266; x_wconf 82' lang='grc' dir='ltr'><strong>τῇ</strong></span> <span class='ocrx_word' id='word_1_231' title='bbox 1669 217 1858 269; x_wconf 73' lang='grc' dir='ltr'>συμμαχία</span> <span class='ocrx_word' id='word_1_232' title='bbox 1883 218 2043 271; x_wconf 82' lang='grc' dir='ltr'>παρέξειν</span> <span class='ocrx_word' id='word_1_233' title='bbox 2063 221 2173 271; x_wconf 86' lang='grc' dir='ltr'>ἐπαγ-</span> 
     </span>
    </p>
   </div>
   <div class='ocr_carea' id='block_1_6' title="bbox 1131 274 2186 2092">
    <p class='ocr_par' dir='ltr' id='par_1_6' title="bbox 1131 274 2186 2092">
     <span class='ocr_line' id='line_1_34' title="bbox 1131 274 2174 328; baseline 0.003 -15"><span class='ocrx_word' id='word_1_234' title='bbox 1131 275 1348 326; x_wconf 84' lang='grc' dir='ltr'>γελλόμενοι.</span> <span class='ocrx_word' id='word_1_235' title='bbox 1364 276 1411 314; x_wconf 77' lang='grc' dir='ltr'><strong>Οἵ</strong></span> <span class='ocrx_word' id='word_1_236' title='bbox 1425 274 1461 312; x_wconf 84' lang='grc' dir='ltr'><strong>δὲ</strong></span> <span class='ocrx_word' id='word_1_237' title='bbox 1478 276 1553 319; x_wconf 83' lang='grc' dir='ltr'>ταῖς</span> <span class='ocrx_word' id='word_1_238' title='bbox 1570 276 1691 327; x_wconf 83' lang='grc' dir='ltr'>ὄχθαις</span> <span class='ocrx_word' id='word_1_239' title='bbox 1704 276 1967 327; x_wconf 83' lang='grc' dir='ltr'>ἐπιτεταγμένοι</span> <span class='ocrx_word' id='word_1_240' title='bbox 1982 277 2174 328; x_wconf 87' lang='grc' dir='ltr'>Ῥωμαίων</span> 
     </span>
     <span class='ocr_line' id='line_1_35' title="bbox 1132 332 2176 386; baseline 0.003 -14"><span class='ocrx_word' id='word_1_241' title='bbox 1132 332 1230 372; x_wconf 81' lang='grc' dir='ltr'>οὐδὲν</span> <span class='ocrx_word' id='word_1_242' title='bbox 1251 333 1385 386; x_wconf 77' lang='grc' dir='ltr'>ἔφασαν</span> <span class='ocrx_word' id='word_1_243' title='bbox 1406 332 1549 386; x_wconf 83' lang='grc' dir='ltr'>πράξειν</span> <span class='ocrx_word' id='word_1_244' title='bbox 1569 333 1651 372; x_wconf 82' lang='grc' dir='ltr'>ἄνευ</span> <span class='ocrx_word' id='word_1_245' title='bbox 1673 333 1843 386; x_wconf 85' lang='grc' dir='ltr'>βασιλέως</span> <span class='ocrx_word' id='word_1_246' title='bbox 1860 334 2014 386; x_wconf 81' lang='grc' dir='ltr'>γνώμης.</span> <span class='ocrx_word' id='word_1_247' title='bbox 2038 336 2176 376; x_wconf 74' lang='grc' dir='ltr'>Ἐντεῦ-</span> 
     </span>
     <span class='ocr_line' id='line_1_36' title="bbox 1133 392 2177 446; baseline 0.005 -16"><span class='ocrx_word' id='word_1_248' title='bbox 1133 396 1189 431; x_wconf 89' lang='grc' dir='ltr'><strong>θεν</strong></span> <span class='ocrx_word' id='word_1_249' title='bbox 1207 392 1418 446; x_wconf 79' lang='grc' dir='ltr'>ἀναφέρεται</span> <span class='ocrx_word' id='word_1_250' title='bbox 1435 393 1497 442; x_wconf 81' lang='grc' dir='ltr'><strong>μὲν</strong></span> <span class='ocrx_word' id='word_1_251' title='bbox 1517 393 1575 432; x_wconf 78' lang='grc' dir='ltr'><strong>ἐπὶ</strong></span> <span class='ocrx_word' id='word_1_252' title='bbox 1591 393 1648 431; x_wconf 84' lang='grc' dir='ltr'><strong>τὸν</strong></span> <span class='ocrx_word' id='word_1_253' title='bbox 1671 393 1819 445; x_wconf 82' lang='grc' dir='ltr'>βασιλέα</span> <span class='ocrx_word' id='word_1_254' title='bbox 1835 397 1858 442; x_wconf 84' lang='grc' dir='ltr'><strong>ἡ</strong></span> <span class='ocrx_word' id='word_1_255' title='bbox 1880 396 2024 444; x_wconf 84' lang='grc' dir='ltr'>γνῶσις·</span> <span class='ocrx_word' id='word_1_256' title='bbox 2044 398 2177 444; x_wconf 83' lang='grc' dir='ltr'>πολλῆς</span> 
     </span>
     <span class='ocr_line' id='line_1_37' title="bbox 1133 450 2175 508; baseline 0.004 -19"><span class='ocrx_word' id='word_1_257' title='bbox 1133 450 1169 489; x_wconf 78' lang='grc' dir='ltr'><strong>δὲ</strong></span> <span class='ocrx_word' id='word_1_258' title='bbox 1205 451 1403 503; x_wconf 86' lang='grc' dir='ltr'>ἀντιλογίας</span> <span class='ocrx_word' id='word_1_259' title='bbox 1435 453 1644 504; x_wconf 84' lang='grc' dir='ltr'>γενομένης,</span> <span class='ocrx_word' id='word_1_260' title='bbox 1679 452 1740 490; x_wconf 77' lang='grc' dir='ltr'><strong>καὶ</strong></span> <span class='ocrx_word' id='word_1_261' title='bbox 1773 453 1912 492; x_wconf 82' lang='grc' dir='ltr'>πολλῶν</span> <span class='ocrx_word' id='word_1_262' title='bbox 1945 454 1997 506; x_wconf 86' lang='grc' dir='ltr'>ἐφ’</span> <span class='ocrx_word' id='word_1_263' title='bbox 2028 455 2175 508; x_wconf 83' lang='grc' dir='ltr'>ἑκάτερα</span> 
     </span>
     <span class='ocr_line' id='line_1_38' title="bbox 1132 510 2176 566; baseline 0.003 -19"><span class='ocrx_word' id='word_1_264' title='bbox 1132 513 1280 561; x_wconf 84' lang='grc' dir='ltr'>γνωμῶν</span> <span class='ocrx_word' id='word_1_265' title='bbox 1300 511 1335 549; x_wconf 87' lang='grc' dir='ltr'><strong>ἐν</strong></span> <span class='ocrx_word' id='word_1_266' title='bbox 1355 512 1404 563; x_wconf 83' lang='grc' dir='ltr'><strong>τῷ</strong></span> <span class='ocrx_word' id='word_1_267' title='bbox 1429 511 1602 563; x_wconf 83' lang='grc' dir='ltr'>βασιλικῷ</span> <span class='ocrx_word' id='word_1_268' title='bbox 1622 510 1783 564; x_wconf 85' lang='grc' dir='ltr'>συλλόγῳ</span> <span class='ocrx_word' id='word_1_269' title='bbox 1804 513 1972 565; x_wconf 83' lang='grc' dir='ltr'>ῥηθεισῶν</span> <span class='ocrx_word' id='word_1_270' title='bbox 1987 541 1998 562; x_wconf 93' lang='grc'>,</span> <span class='ocrx_word' id='word_1_271' title='bbox 2017 511 2110 557; x_wconf 83' lang='grc' dir='ltr'>ἔδοξε</span> <span class='ocrx_word' id='word_1_272' title='bbox 2126 515 2176 566; x_wconf 81' lang='grc' dir='ltr'><strong>τῷ</strong></span> 
     </span>
     <span class='ocr_line' id='line_1_39' title="bbox 1135 569 2180 624; baseline 0.003 -17"><span class='ocrx_word' id='word_1_273' title='bbox 1135 570 1286 622; x_wconf 88' lang='grc' dir='ltr'>βασιλεῖ.</span> <span class='ocrx_word' id='word_1_274' title='bbox 1312 569 1386 609; x_wconf 83' lang='grc' dir='ltr'><strong>Καὶ</strong></span> <span class='ocrx_word' id='word_1_275' title='bbox 1402 569 1469 622; x_wconf 86' lang='grc' dir='ltr'>γὰρ</span> <span class='ocrx_word' id='word_1_276' title='bbox 1485 572 1577 617; x_wconf 75' lang='grc' dir='ltr'>ὑπῆν</span> <span class='ocrx_word' id='word_1_277' title='bbox 1596 585 1630 607; x_wconf 86' lang='grc' dir='ltr'><strong>τι</strong></span> <span class='ocrx_word' id='word_1_278' title='bbox 1650 570 1860 618; x_wconf 86' lang='grc' dir='ltr'>ζηλοτυπίας</span> <span class='ocrx_word' id='word_1_279' title='bbox 1881 571 1978 623; x_wconf 80' lang='grc' dir='ltr'>αὐτῷ</span> <span class='ocrx_word' id='word_1_280' title='bbox 1996 570 2084 624; x_wconf 86' lang='grc' dir='ltr'>πρὸς</span> <span class='ocrx_word' id='word_1_281' title='bbox 2101 571 2180 615; x_wconf 77' lang='grc' dir='ltr'>τοὺς</span> 
     </span>
     <span class='ocr_line' id='line_1_40' title="bbox 1133 624 2180 683; baseline 0.002 -17"><span class='ocrx_word' id='word_1_282' title='bbox 1133 627 1475 679; x_wconf 74' lang='grc' dir='ltr'>συμὸασιλεύοντας,</span> <span class='ocrx_word' id='word_1_283' title='bbox 1503 627 1536 667; x_wconf 86' lang='grc' dir='ltr'>οἳ</span> <span class='ocrx_word' id='word_1_284' title='bbox 1560 629 1683 673; x_wconf 83' lang='grc' dir='ltr'>παῖδες</span> <span class='ocrx_word' id='word_1_285' title='bbox 1708 629 1772 680; x_wconf 87' lang='grc' dir='ltr'><strong>μὲν</strong></span> <span class='ocrx_word' id='word_1_286' title='bbox 1799 624 1888 677; x_wconf 73' lang='grc' dir='ltr'>ἦσαν</span> <span class='ocrx_word' id='word_1_287' title='bbox 1915 630 2064 683; x_wconf 76' lang='grc' dir='ltr'>ἀδελφοῦ</span> <span class='ocrx_word' id='word_1_288' title='bbox 2094 630 2180 681; x_wconf 75' lang='grc' dir='ltr'>(καὶ</span> 
     </span>
     <span class='ocr_line' id='line_1_41' title="bbox 1132 684 2181 741; baseline 0.002 -17"><span class='ocrx_word' id='word_1_289' title='bbox 1132 685 1329 738; x_wconf 88' lang='grc' dir='ltr'>γέγραπται</span> <span class='ocrx_word' id='word_1_290' title='bbox 1360 686 1453 725; x_wconf 79' lang='grc' dir='ltr'>οὕτω</span> <span class='ocrx_word' id='word_1_291' title='bbox 1485 684 1696 739; x_wconf 89' lang='grc' dir='ltr'>πρότερον),</span> <span class='ocrx_word' id='word_1_292' title='bbox 1728 685 1792 734; x_wconf 84' lang='grc' dir='ltr'><strong>τὴν</strong></span> <span class='ocrx_word' id='word_1_293' title='bbox 1822 687 2007 739; x_wconf 85' lang='grc' dir='ltr'>,βασιλείαν</span> <span class='ocrx_word' id='word_1_294' title='bbox 2034 688 2070 726; x_wconf 85' lang='grc' dir='ltr'><strong>δὲ</strong></span> <span class='ocrx_word' id='word_1_295' title='bbox 2103 689 2181 741; x_wconf 83' lang='grc' dir='ltr'>διῃ-</span> 
     </span>
     <span class='ocr_line' id='line_1_42' title="bbox 1135 744 2178 799; baseline 0.003 -17"><span class='ocrx_word' id='word_1_296' title='bbox 1135 747 1261 797; x_wconf 80' lang='grc' dir='ltr'>ρῆσθαι</span> <span class='ocrx_word' id='word_1_297' title='bbox 1279 744 1372 784; x_wconf 80' lang='grc' dir='ltr'>κατὰ</span> <span class='ocrx_word' id='word_1_298' title='bbox 1388 751 1478 798; x_wconf 77' lang='grc' dir='ltr'>σφᾶς</span> <span class='ocrx_word' id='word_1_299' title='bbox 1496 744 1659 793; x_wconf 83' lang='grc' dir='ltr'>ἐδόκουν,</span> <span class='ocrx_word' id='word_1_300' title='bbox 1681 747 1744 792; x_wconf 78' lang='grc' dir='ltr'><strong>τὴν</strong></span> <span class='ocrx_word' id='word_1_301' title='bbox 1772 744 1938 797; x_wconf 81' lang='grc' dir='ltr'>διανομὴν</span> <span class='ocrx_word' id='word_1_302' title='bbox 1960 748 2023 785; x_wconf 80' lang='grc' dir='ltr'><strong>οὐκ</strong></span> <span class='ocrx_word' id='word_1_303' title='bbox 2039 748 2178 799; x_wconf 82' lang='grc' dir='ltr'>ἀνενεγ·</span> 
     </span>
     <span class='ocr_line' id='line_1_43' title="bbox 1133 803 2177 859; baseline 0.002 -17"><span class='ocrx_word' id='word_1_304' title='bbox 1133 803 1249 848; x_wconf 87' lang='grc' dir='ltr'>κόντες</span> <span class='ocrx_word' id='word_1_305' title='bbox 1265 803 1324 842; x_wconf 82' lang='grc' dir='ltr'><strong>ἐπὶ</strong></span> <span class='ocrx_word' id='word_1_306' title='bbox 1337 803 1395 842; x_wconf 87' lang='grc' dir='ltr'><strong>τὸν</strong></span> <span class='ocrx_word' id='word_1_307' title='bbox 1415 807 1518 842; x_wconf 88' lang='grc' dir='ltr'>θεῖον.</span> <span class='ocrx_word' id='word_1_308' title='bbox 1540 806 1574 843; x_wconf 90' lang='grc' dir='ltr'>Τ</span> <span class='ocrx_word' id='word_1_309' title='bbox 1575 803 1685 843; x_wconf 89' lang='grc' dir='ltr'>ούτων</span> <span class='ocrx_word' id='word_1_310' title='bbox 1702 803 1744 851; x_wconf 83' lang='grc' dir='ltr'><strong>δὴ</strong></span> <span class='ocrx_word' id='word_1_311' title='bbox 1761 803 1862 843; x_wconf 80' lang='grc' dir='ltr'>ἕνεκα</span> <span class='ocrx_word' id='word_1_312' title='bbox 1873 834 1883 852; x_wconf 91' lang='grc'>,</span> <span class='ocrx_word' id='word_1_313' title='bbox 1899 804 1959 843; x_wconf 84' lang='grc' dir='ltr'><strong>καὶ</strong></span> <span class='ocrx_word' id='word_1_314' title='bbox 1976 807 2024 849; x_wconf 84' lang='grc' dir='ltr'><strong>ὡς</strong></span> <span class='ocrx_word' id='word_1_315' title='bbox 2039 805 2177 859; x_wconf 82' lang='grc' dir='ltr'>μεγάλῃ</span> 
     </span>
     <span class='ocr_line' id='line_1_44' title="bbox 1134 861 2180 916; baseline 0.003 -16"><span class='ocrx_word' id='word_1_316' title='bbox 1134 861 1318 915; x_wconf 78' lang='grc' dir='ltr'>προσθήκῃ</span> <span class='ocrx_word' id='word_1_317' title='bbox 1339 862 1378 901; x_wconf 84' lang='grc' dir='ltr'><strong>τὸ</strong></span> <span class='ocrx_word' id='word_1_318' title='bbox 1407 862 1612 914; x_wconf 79' lang='grc' dir='ltr'>Ῥωμαϊκὸν</span> <span class='ocrx_word' id='word_1_319' title='bbox 1643 862 1827 914; x_wconf 77' lang='grc' dir='ltr'>αὐξήσων,</span> <span class='ocrx_word' id='word_1_320' title='bbox 1848 864 2015 916; x_wconf 74' lang='grc' dir='ltr'>δεχθῆναι</span> <span class='ocrx_word' id='word_1_321' title='bbox 2045 864 2180 903; x_wconf 84' lang='grc' dir='ltr'>κελεύει</span> 
     </span>
     <span class='ocr_line' id='line_1_45' title="bbox 1135 921 2181 974; baseline 0.002 -15"><span class='ocrx_word' id='word_1_322' title='bbox 1135 921 1212 965; x_wconf 77' lang='grc' dir='ltr'>τοὺς</span> <span class='ocrx_word' id='word_1_323' title='bbox 1229 921 1377 974; x_wconf 84' lang='grc' dir='ltr'>ἄνδρας,</span> <span class='ocrx_word' id='word_1_324' title='bbox 1395 921 1440 960; x_wconf 84' lang='grc' dir='ltr'><strong>τὰ</strong></span> <span class='ocrx_word' id='word_1_325' title='bbox 1461 922 1554 960; x_wconf 78' lang='grc' dir='ltr'>ὅπλα</span> <span class='ocrx_word' id='word_1_326' title='bbox 1570 921 1837 972; x_wconf 82' lang='grc' dir='ltr'>καταθεμένους.</span> <span class='ocrx_word' id='word_1_327' title='bbox 1862 922 1951 974; x_wconf 79' lang='grc' dir='ltr'>Πρὶν</span> <span class='ocrx_word' id='word_1_328' title='bbox 1972 922 2008 960; x_wconf 80' lang='grc' dir='ltr'><strong>δὲ</strong></span> <span class='ocrx_word' id='word_1_329' title='bbox 2027 921 2089 969; x_wconf 78' lang='grc' dir='ltr'><strong>τὴν</strong></span> <span class='ocrx_word' id='word_1_330' title='bbox 2109 923 2181 962; x_wconf 88' lang='grc' dir='ltr'>διά-</span> 
     </span>
     <span class='ocr_line' id='line_1_46' title="bbox 1136 979 2181 1035; baseline 0.004 -18"><span class='ocrx_word' id='word_1_331' title='bbox 1136 979 1238 1018; x_wconf 73' lang='grc' dir='ltr'>ὅασιν</span> <span class='ocrx_word' id='word_1_332' title='bbox 1262 982 1301 1019; x_wconf 88' lang='grc' dir='ltr'><strong>ἐκ</strong></span> <span class='ocrx_word' id='word_1_333' title='bbox 1322 981 1492 1033; x_wconf 85' lang='grc' dir='ltr'>βασιλέως</span> <span class='ocrx_word' id='word_1_334' title='bbox 1511 982 1771 1033; x_wconf 77' lang='grc' dir='ltr'>ἐπιτραπῆναι,</span> <span class='ocrx_word' id='word_1_335' title='bbox 1791 982 1937 1020; x_wconf 83' lang='grc' dir='ltr'>Σκυθῶν</span> <span class='ocrx_word' id='word_1_336' title='bbox 1957 983 1988 1019; x_wconf 79' lang='grc' dir='ltr'>οἵ</span> <span class='ocrx_word' id='word_1_337' title='bbox 2005 982 2181 1035; x_wconf 85' lang='grc' dir='ltr'>τολμηρό-</span> 
     </span>
     <span class='ocr_line' id='line_1_47' title="bbox 1134 1038 2182 1092; baseline 0.002 -16"><span class='ocrx_word' id='word_1_338' title='bbox 1134 1054 1232 1077; x_wconf 84' lang='grc' dir='ltr'>τατοι</span> <span class='ocrx_word' id='word_1_339' title='bbox 1252 1039 1311 1077; x_wconf 79' lang='grc' dir='ltr'><strong>καὶ</strong></span> <span class='ocrx_word' id='word_1_340' title='bbox 1333 1039 1492 1083; x_wconf 78' lang='grc' dir='ltr'>αὐθάδεις</span> <span class='ocrx_word' id='word_1_341' title='bbox 1513 1040 1704 1092; x_wconf 89' lang='grc' dir='ltr'>βιάσασθαι</span> <span class='ocrx_word' id='word_1_342' title='bbox 1723 1039 1782 1078; x_wconf 83' lang='grc' dir='ltr'><strong>τὸν</strong></span> <span class='ocrx_word' id='word_1_343' title='bbox 1798 1040 1903 1092; x_wconf 89' lang='grc' dir='ltr'>πόρον</span> <span class='ocrx_word' id='word_1_344' title='bbox 1922 1038 2100 1092; x_wconf 87' lang='grc' dir='ltr'>ἔγνωσαν,</span> <span class='ocrx_word' id='word_1_345' title='bbox 2122 1040 2182 1079; x_wconf 72' lang='grc' dir='ltr'><strong>καὶ</strong></span> 
     </span>
     <span class='ocr_line' id='line_1_48' title="bbox 1137 1098 2181 1152; baseline 0.002 -16"><span class='ocrx_word' id='word_1_346' title='bbox 1137 1099 1336 1151; x_wconf 85' lang='grc' dir='ltr'>βιαζόμενοι</span> <span class='ocrx_word' id='word_1_347' title='bbox 1349 1098 1610 1147; x_wconf 86' lang='grc' dir='ltr'>κατεκόπησαν.</span> <span class='ocrx_word' id='word_1_348' title='bbox 1629 1101 1675 1139; x_wconf 79' lang='grc' dir='ltr'><strong>Οἱ</strong></span> <span class='ocrx_word' id='word_1_349' title='bbox 1691 1099 1727 1137; x_wconf 81' lang='grc' dir='ltr'><strong>δὲ</strong></span> <span class='ocrx_word' id='word_1_350' title='bbox 1742 1099 2002 1152; x_wconf 85' lang='grc' dir='ltr'>διαφθείραντες</span> <span class='ocrx_word' id='word_1_351' title='bbox 2015 1100 2072 1138; x_wconf 87' lang='grc' dir='ltr'><strong>τὸν</strong></span> <span class='ocrx_word' id='word_1_352' title='bbox 2090 1103 2181 1138; x_wconf 83' lang='grc' dir='ltr'>ἀπο·</span> 
     </span>
     <span class='ocr_line' id='line_1_49' title="bbox 1135 1157 2182 1211; baseline 0.001 -16"><span class='ocrx_word' id='word_1_353' title='bbox 1135 1157 1270 1208; x_wconf 83' lang='grc' dir='ltr'>δασμὸν</span> <span class='ocrx_word' id='word_1_354' title='bbox 1291 1161 1411 1196; x_wconf 78' lang='grc' dir='ltr'>τοῦτον</span> <span class='ocrx_word' id='word_1_355' title='bbox 1440 1160 1502 1204; x_wconf 68' lang='grc' dir='ltr'><strong>τῆς</strong></span> <span class='ocrx_word' id='word_1_356' title='bbox 1527 1173 1564 1195; x_wconf 83' lang='grc' dir='ltr'><strong>τε</strong></span> <span class='ocrx_word' id='word_1_357' title='bbox 1594 1158 1705 1210; x_wconf 69' lang='grc' dir='ltr'>ἀρχῆς</span> <span class='ocrx_word' id='word_1_358' title='bbox 1735 1157 1984 1210; x_wconf 87' lang='grc' dir='ltr'>παρελύθησαν</span> <span class='ocrx_word' id='word_1_359' title='bbox 2013 1159 2073 1196; x_wconf 79' lang='grc' dir='ltr'><strong>καὶ</strong></span> <span class='ocrx_word' id='word_1_360' title='bbox 2102 1158 2182 1211; x_wconf 77' lang='grc' dir='ltr'>περὶ</span> 
     </span>
     <span class='ocr_line' id='line_1_50' title="bbox 1135 1213 2178 1271; baseline 0.002 -18"><span class='ocrx_word' id='word_1_361' title='bbox 1135 1218 1205 1259; x_wconf 81' lang='grc' dir='ltr'>τοῖς</span> <span class='ocrx_word' id='word_1_362' title='bbox 1227 1215 1388 1267; x_wconf 86' lang='grc' dir='ltr'>σώμασιν</span> <span class='ocrx_word' id='word_1_363' title='bbox 1410 1215 1650 1254; x_wconf 81' lang='grc' dir='ltr'>ἐκινδύνευσαν</span> <span class='ocrx_word' id='word_1_364' title='bbox 1664 1245 1674 1265; x_wconf 88' lang='grc'>,</span> <span class='ocrx_word' id='word_1_365' title='bbox 1693 1213 1745 1254; x_wconf 75' lang='grc' dir='ltr'><strong>ὅτι</strong></span> <span class='ocrx_word' id='word_1_366' title='bbox 1763 1215 1951 1267; x_wconf 83' lang='grc' dir='ltr'>πολεμίους</span> <span class='ocrx_word' id='word_1_367' title='bbox 1967 1216 2178 1271; x_wconf 79' lang='grc' dir='ltr'>διέφθειραν.</span> 
     </span>
     <span class='ocr_line' id='line_1_51' title="bbox 1137 1273 2183 1327; baseline 0 -13"><span class='ocrx_word' id='word_1_368' title='bbox 1137 1273 1188 1314; x_wconf 85' lang='grc' dir='ltr'><strong>Οῗ</strong></span> <span class='ocrx_word' id='word_1_369' title='bbox 1203 1290 1241 1312; x_wconf 90' lang='grc' dir='ltr'><strong>τε</strong></span> <span class='ocrx_word' id='word_1_370' title='bbox 1266 1275 1631 1327; x_wconf 87' lang='grc' dir='ltr'>παραδυναστεύοντες</span> <span class='ocrx_word' id='word_1_371' title='bbox 1654 1276 1792 1326; x_wconf 85' lang='grc' dir='ltr'>βασιλεῖ</span> <span class='ocrx_word' id='word_1_372' title='bbox 1820 1275 1880 1313; x_wconf 80' lang='grc' dir='ltr'><strong>καὶ</strong></span> <span class='ocrx_word' id='word_1_373' title='bbox 1912 1275 2096 1326; x_wconf 86' lang='grc' dir='ltr'>δυνάμενοι</span> <span class='ocrx_word' id='word_1_374' title='bbox 2118 1275 2183 1327; x_wconf 86' lang='grc' dir='ltr'><strong>μέ-</strong></span> 
     </span>
     <span class='ocr_line' id='line_1_52' title="bbox 1137 1333 2182 1388; baseline 0.003 -18"><span class='ocrx_word' id='word_1_375' title='bbox 1137 1349 1253 1384; x_wconf 88' lang='grc' dir='ltr'>γιστον</span> <span class='ocrx_word' id='word_1_376' title='bbox 1274 1333 1470 1384; x_wconf 86' lang='grc' dir='ltr'>κατεγέλων</span> <span class='ocrx_word' id='word_1_377' title='bbox 1491 1336 1605 1372; x_wconf 82' lang='grc' dir='ltr'>αὐτῶν</span> <span class='ocrx_word' id='word_1_378' title='bbox 1629 1333 1668 1372; x_wconf 84' lang='grc' dir='ltr'><strong>τὸ</strong></span> <span class='ocrx_word' id='word_1_379' title='bbox 1696 1334 1930 1386; x_wconf 85' lang='grc' dir='ltr'>φιλοπόλεμον</span> <span class='ocrx_word' id='word_1_380' title='bbox 1950 1334 2010 1373; x_wconf 87' lang='grc' dir='ltr'><strong>καὶ</strong></span> <span class='ocrx_word' id='word_1_381' title='bbox 2031 1350 2182 1388; x_wconf 85' lang='grc' dir='ltr'>στρατη-</span> 
     </span>
     <span class='ocr_line' id='line_1_53' title="bbox 1136 1388 2184 1447; baseline 0.002 -17"><span class='ocrx_word' id='word_1_382' title='bbox 1136 1392 1233 1441; x_wconf 80' lang='grc' dir='ltr'>γικὸν</span> <span class='ocrx_word' id='word_1_383' title='bbox 1249 1422 1259 1439; x_wconf 93' lang='grc'>,</span> <span class='ocrx_word' id='word_1_384' title='bbox 1283 1393 1482 1436; x_wconf 84' lang='grc' dir='ltr'>πολιτικοὺς</span> <span class='ocrx_word' id='word_1_385' title='bbox 1511 1392 1547 1430; x_wconf 79' lang='grc' dir='ltr'><strong>δὲ</strong></span> <span class='ocrx_word' id='word_1_386' title='bbox 1569 1394 1631 1431; x_wconf 81' lang='grc' dir='ltr'><strong>οὐκ</strong></span> <span class='ocrx_word' id='word_1_387' title='bbox 1658 1392 1790 1445; x_wconf 79' lang='grc' dir='ltr'>ἔφασαν</span> <span class='ocrx_word' id='word_1_388' title='bbox 1825 1388 1924 1432; x_wconf 70' lang='grc' dir='ltr'>εἶναι.</span> <span class='ocrx_word' id='word_1_389' title='bbox 1948 1392 1994 1433; x_wconf 85' lang='lat' dir='ltr'><strong>‘O</strong></span> <span class='ocrx_word' id='word_1_390' title='bbox 2026 1394 2088 1442; x_wconf 87' lang='grc' dir='ltr'><strong>μὲν</strong></span> <span class='ocrx_word' id='word_1_391' title='bbox 2116 1395 2184 1447; x_wconf 83' lang='grc' dir='ltr'>γὰρ</span> 
     </span>
     <span class='ocr_line' id='line_1_54' title="bbox 1139 1450 2184 1505; baseline 0.003 -17"><span class='ocrx_word' id='word_1_392' title='bbox 1139 1450 1302 1502; x_wconf 79' lang='grc' dir='ltr'>βασιλεὺς</span> <span class='ocrx_word' id='word_1_393' title='bbox 1324 1450 1357 1495; x_wconf 83' lang='grc' dir='ltr'>ἐξ</span> <span class='ocrx_word' id='word_1_394' title='bbox 1379 1450 1588 1503; x_wconf 73' lang='grc' dir='ltr'>Ἀντιοχείας</span> <span class='ocrx_word' id='word_1_395' title='bbox 1611 1450 1800 1503; x_wconf 84' lang='grc' dir='ltr'>ἐπέτρεπεν</span> <span class='ocrx_word' id='word_1_396' title='bbox 1822 1453 1940 1496; x_wconf 83' lang='grc' dir='ltr'>αὐτοῖς</span> <span class='ocrx_word' id='word_1_397' title='bbox 1959 1451 2023 1499; x_wconf 72' lang='grc' dir='ltr'><strong>τὴν</strong></span> <span class='ocrx_word' id='word_1_398' title='bbox 2045 1454 2184 1505; x_wconf 73' lang='grc' dir='ltr'>ἀχρεῖον</span> 
     </span>
     <span class='ocr_line' id='line_1_55' title="bbox 1136 1508 2184 1563; baseline 0.002 -17"><span class='ocrx_word' id='word_1_399' title='bbox 1136 1508 1274 1556; x_wconf 83' lang='grc' dir='ltr'>ἡλικίαν</span> <span class='ocrx_word' id='word_1_400' title='bbox 1295 1511 1433 1562; x_wconf 82' lang='grc' dir='ltr'>πρῶτον</span> <span class='ocrx_word' id='word_1_401' title='bbox 1455 1509 1724 1559; x_wconf 79' lang='grc' dir='ltr'>ὑποδεξαμένοις</span> <span class='ocrx_word' id='word_1_402' title='bbox 1743 1509 1803 1548; x_wconf 81' lang='grc' dir='ltr'><strong>καὶ</strong></span> <span class='ocrx_word' id='word_1_403' title='bbox 1824 1509 2106 1563; x_wconf 81' lang='grc' dir='ltr'>παραπέμψασιν</span> <span class='ocrx_word' id='word_1_404' title='bbox 2136 1511 2184 1552; x_wconf 82' lang='grc' dir='ltr'><strong>εἷς</strong></span> 
     </span>
     <span class='ocr_line' id='line_1_56' title="bbox 1137 1567 2184 1621; baseline 0.001 -16"><span class='ocrx_word' id='word_1_405' title='bbox 1137 1567 1199 1615; x_wconf 80' lang='grc' dir='ltr'><strong>τὴν</strong></span> <span class='ocrx_word' id='word_1_406' title='bbox 1217 1567 1425 1618; x_wconf 52' lang='grc' dir='ltr'>(Ρωμαῖκὴν</span> <span class='ocrx_word' id='word_1_407' title='bbox 1450 1568 1675 1620; x_wconf 83' lang='grc' dir='ltr'>ἐπικράτειαν</span> <span class='ocrx_word' id='word_1_408' title='bbox 1688 1598 1698 1615; x_wconf 92' lang='grc'>,</span> <span class='ocrx_word' id='word_1_409' title='bbox 1721 1568 1782 1606; x_wconf 84' lang='grc' dir='ltr'><strong>καὶ</strong></span> <span class='ocrx_word' id='word_1_410' title='bbox 1799 1569 1930 1615; x_wconf 88' lang='grc' dir='ltr'>ταύτην</span> <span class='ocrx_word' id='word_1_411' title='bbox 1948 1571 1996 1613; x_wconf 90' lang='grc' dir='ltr'><strong>εἷς</strong></span> <span class='ocrx_word' id='word_1_412' title='bbox 2015 1568 2184 1621; x_wconf 79' lang='grc' dir='ltr'>ὁμηρείαν</span> 
     </span>
     <span class='ocr_line' id='line_1_57' title="bbox 1139 1626 2185 1680; baseline 0.002 -16"><span class='ocrx_word' id='word_1_413' title='bbox 1139 1629 1305 1680; x_wconf 78' lang='grc' dir='ltr'>ἀσφαλῶς</span> <span class='ocrx_word' id='word_1_414' title='bbox 1333 1627 1560 1679; x_wconf 78' lang='grc' dir='ltr'>κατέχουσιν,</span> <span class='ocrx_word' id='word_1_415' title='bbox 1582 1629 1768 1673; x_wconf 77' lang='grc' dir='ltr'>ἐπιστῆναι</span> <span class='ocrx_word' id='word_1_416' title='bbox 1788 1628 1864 1671; x_wconf 88' lang='grc' dir='ltr'>ταῖς</span> <span class='ocrx_word' id='word_1_417' title='bbox 1889 1627 2031 1679; x_wconf 79' lang='grc' dir='ltr'>ὄχθαις,</span> <span class='ocrx_word' id='word_1_418' title='bbox 2055 1628 2114 1666; x_wconf 86' lang='grc' dir='ltr'><strong>καὶ</strong></span> <span class='ocrx_word' id='word_1_419' title='bbox 2136 1626 2185 1678; x_wconf 83' lang='grc' dir='ltr'>μὴ</span> 
     </span>
     <span class='ocr_line' id='line_1_58' title="bbox 1139 1685 2185 1738; baseline 0.001 -15"><span class='ocrx_word' id='word_1_420' title='bbox 1139 1686 1306 1738; x_wconf 88' lang='grc' dir='ltr'>πρότερον</span> <span class='ocrx_word' id='word_1_421' title='bbox 1327 1686 1406 1730; x_wconf 71' lang='grc' dir='ltr'>τοὺς</span> <span class='ocrx_word' id='word_1_422' title='bbox 1432 1685 1610 1738; x_wconf 90' lang='grc' dir='ltr'>μαχίμους</span> <span class='ocrx_word' id='word_1_423' title='bbox 1630 1685 1792 1730; x_wconf 83' lang='grc' dir='ltr'>δέξασθαι</span> <span class='ocrx_word' id='word_1_424' title='bbox 1811 1686 2072 1734; x_wconf 70' lang='grc' dir='ltr'>διαὸαίνοντας,</span> <span class='ocrx_word' id='word_1_425' title='bbox 2096 1686 2185 1737; x_wconf 80' lang='grc' dir='ltr'>μηδὲ</span> 
     </span>
     <span class='ocr_line' id='line_1_59' title="bbox 1139 1743 2185 1797; baseline 0.001 -15"><span class='ocrx_word' id='word_1_426' title='bbox 1139 1743 1182 1782; x_wconf 84' lang='grc' dir='ltr'><strong>τὰ</strong></span> <span class='ocrx_word' id='word_1_427' title='bbox 1199 1745 1305 1782; x_wconf 87' lang='grc' dir='ltr'>πλοῖα</span> <span class='ocrx_word' id='word_1_428' title='bbox 1328 1750 1525 1797; x_wconf 83' lang='grc' dir='ltr'>παρασχεῖν</span> <span class='ocrx_word' id='word_1_429' title='bbox 1546 1746 1579 1787; x_wconf 89' lang='grc' dir='ltr'><strong>ἐς</strong></span> <span class='ocrx_word' id='word_1_430' title='bbox 1597 1743 1660 1790; x_wconf 81' lang='grc' dir='ltr'><strong>τὴν</strong></span> <span class='ocrx_word' id='word_1_431' title='bbox 1681 1744 1891 1797; x_wconf 86' lang='grc' dir='ltr'>περαίωσιν,</span> <span class='ocrx_word' id='word_1_432' title='bbox 1907 1746 1936 1783; x_wconf 84' lang='grc' dir='ltr'><strong>εἷ</strong></span> <span class='ocrx_word' id='word_1_433' title='bbox 1959 1745 2008 1795; x_wconf 81' lang='grc' dir='ltr'>μὴ</span> <span class='ocrx_word' id='word_1_434' title='bbox 2028 1745 2071 1783; x_wconf 84' lang='grc' dir='ltr'><strong>τὰ</strong></span> <span class='ocrx_word' id='word_1_435' title='bbox 2093 1744 2185 1783; x_wconf 77' lang='grc' dir='ltr'>ὅπλα</span> 
     </span>
     <span class='ocr_line' id='line_1_60' title="bbox 1138 1802 2186 1857; baseline 0.002 -17"><span class='ocrx_word' id='word_1_436' title='bbox 1138 1802 1368 1853; x_wconf 84' lang='grc' dir='ltr'>καταθέμενοι</span> <span class='ocrx_word' id='word_1_437' title='bbox 1393 1802 1519 1855; x_wconf 85' lang='grc' dir='ltr'>γυμνοὶ</span> <span class='ocrx_word' id='word_1_438' title='bbox 1539 1802 1762 1853; x_wconf 73' lang='grc' dir='ltr'>διαὸαίνοιεν.</span> <span class='ocrx_word' id='word_1_439' title='bbox 1786 1805 1832 1842; x_wconf 81' lang='grc' dir='ltr'><strong>Οἱ</strong></span> <span class='ocrx_word' id='word_1_440' title='bbox 1853 1803 1889 1842; x_wconf 79' lang='grc' dir='ltr'><strong>δὲ</strong></span> <span class='ocrx_word' id='word_1_441' title='bbox 1909 1807 2019 1842; x_wconf 80' lang='grc' dir='ltr'>ταῦτα</span> <span class='ocrx_word' id='word_1_442' title='bbox 2041 1806 2186 1857; x_wconf 86' lang='grc' dir='ltr'>ἐπιτρα-</span> 
     </span>
     <span class='ocr_line' id='line_1_61' title="bbox 1137 1861 2185 1916; baseline 0.002 -17"><span class='ocrx_word' id='word_1_443' title='bbox 1137 1862 1279 1911; x_wconf 85' lang='grc' dir='ltr'>πέντες,</span> <span class='ocrx_word' id='word_1_444' title='bbox 1302 1864 1319 1900; x_wconf 91' lang='lat'>6</span> <span class='ocrx_word' id='word_1_445' title='bbox 1353 1861 1415 1912; x_wconf 85' lang='grc' dir='ltr'><strong>μὲν</strong></span> <span class='ocrx_word' id='word_1_446' title='bbox 1442 1864 1481 1900; x_wconf 83' lang='grc' dir='ltr'><strong>ἐκ</strong></span> <span class='ocrx_word' id='word_1_447' title='bbox 1509 1864 1577 1900; x_wconf 81' lang='grc' dir='ltr'><strong>τῶν</strong></span> <span class='ocrx_word' id='word_1_448' title='bbox 1611 1861 1872 1908; x_wconf 67' lang='grc' dir='ltr'>διαὸεὸηκότων</span> <span class='ocrx_word' id='word_1_449' title='bbox 1899 1863 1969 1915; x_wconf 83' lang='grc' dir='ltr'><strong>ἤρα</strong></span> <span class='ocrx_word' id='word_1_450' title='bbox 1999 1862 2185 1916; x_wconf 86' lang='grc' dir='ltr'>παιδαρίου</span> 
     </span>
     <span class='ocr_line' id='line_1_62' title="bbox 1138 1920 2182 1974; baseline 0 -16"><span class='ocrx_word' id='word_1_451' title='bbox 1138 1921 1227 1964; x_wconf 81' lang='grc' dir='ltr'>τινὸς</span> <span class='ocrx_word' id='word_1_452' title='bbox 1240 1922 1365 1958; x_wconf 79' lang='grc' dir='ltr'>λευκοῦ</span> <span class='ocrx_word' id='word_1_453' title='bbox 1381 1921 1440 1958; x_wconf 68' lang='grc' dir='ltr'><strong>καὶ</strong></span> <span class='ocrx_word' id='word_1_454' title='bbox 1459 1920 1640 1973; x_wconf 82' lang='grc' dir='ltr'>χαρίεντος</span> <span class='ocrx_word' id='word_1_455' title='bbox 1659 1920 1722 1967; x_wconf 79' lang='grc' dir='ltr'><strong>τὴν</strong></span> <span class='ocrx_word' id='word_1_456' title='bbox 1740 1921 1816 1974; x_wconf 72' lang='grc' dir='ltr'>ὄψιν</span> <span class='ocrx_word' id='word_1_457' title='bbox 1829 1952 1840 1971; x_wconf 89' lang='grc'>,</span> <span class='ocrx_word' id='word_1_458' title='bbox 1862 1925 1879 1960; x_wconf 97' lang='lat'>6</span> <span class='ocrx_word' id='word_1_459' title='bbox 1898 1922 1933 1960; x_wconf 82' lang='grc' dir='ltr'><strong>δὲ</strong></span> <span class='ocrx_word' id='word_1_460' title='bbox 1951 1922 2047 1968; x_wconf 84' lang='grc' dir='ltr'>ἠλέει</span> <span class='ocrx_word' id='word_1_461' title='bbox 2063 1921 2182 1972; x_wconf 67' lang='grc' dir='ltr'>(ἥλωὲ</span> 
     </span>
     <span class='ocr_line' id='line_1_63' title="bbox 1140 1974 2186 2031; baseline 0.001 -14"><span class='ocrx_word' id='word_1_462' title='bbox 1140 1983 1203 2019; x_wconf 90' lang='lat' dir='ltr'><strong>W.</strong></span> <span class='ocrx_word' id='word_1_463' title='bbox 1218 1979 1228 2031; x_wconf 89' lang='lat'><em>)</em></span> <span class='ocrx_word' id='word_1_464' title='bbox 1250 1979 1410 2030; x_wconf 80' lang='grc' dir='ltr'>γυναικὸς</span> <span class='ocrx_word' id='word_1_465' title='bbox 1427 1979 1656 2031; x_wconf 83' lang='grc' dir='ltr'>εὐπροσώπου</span> <span class='ocrx_word' id='word_1_466' title='bbox 1673 1983 1742 2017; x_wconf 82' lang='grc' dir='ltr'><strong>τῶν</strong></span> <span class='ocrx_word' id='word_1_467' title='bbox 1761 1980 2018 2031; x_wconf 80' lang='grc' dir='ltr'>αἰχμαλώτων,</span> <span class='ocrx_word' id='word_1_468' title='bbox 2037 1980 2072 2024; x_wconf 86' lang='grc' dir='ltr'><strong>ὃς</strong></span> <span class='ocrx_word' id='word_1_469' title='bbox 2090 1979 2126 2018; x_wconf 78' lang='grc' dir='ltr'><strong>δὲ</strong></span> <span class='ocrx_word' id='word_1_470' title='bbox 2141 1974 2186 2028; x_wconf 67' lang='grc' dir='ltr'><strong>ἦν</strong></span> 
     </span>
     <span class='ocr_line' id='line_1_64' title="bbox 1143 2037 2184 2092; baseline 0.001 -17"><span class='ocrx_word' id='word_1_471' title='bbox 1143 2039 1368 2089; x_wconf 79' lang='grc' dir='ltr'>αἰχμάλωτος</span> <span class='ocrx_word' id='word_1_472' title='bbox 1389 2038 1455 2076; x_wconf 78' lang='grc' dir='ltr'><strong>ὑπὸ</strong></span> <span class='ocrx_word' id='word_1_473' title='bbox 1473 2037 1662 2090; x_wconf 87' lang='grc' dir='ltr'>παρθένου,</span> <span class='ocrx_word' id='word_1_474' title='bbox 1681 2038 1758 2081; x_wconf 74' lang='grc' dir='ltr'>τοὺς</span> <span class='ocrx_word' id='word_1_475' title='bbox 1775 2038 1811 2076; x_wconf 83' lang='grc' dir='ltr'><strong>δὲ</strong></span> <span class='ocrx_word' id='word_1_476' title='bbox 1827 2039 1866 2077; x_wconf 83' lang='grc' dir='ltr'><strong>τὸ</strong></span> <span class='ocrx_word' id='word_1_477' title='bbox 1885 2038 2029 2090; x_wconf 86' lang='grc' dir='ltr'>μέγεθος</span> <span class='ocrx_word' id='word_1_478' title='bbox 2041 2042 2184 2092; x_wconf 80' lang='grc' dir='ltr'>κατεῖχε</span> 
     </span>
    </p>
   </div>
   <div class='ocr_carea' id='block_1_7' title="bbox 39 2110 2189 2128">
    <p class='ocr_par' dir='ltr' id='par_1_7' title="bbox 39 2110 2189 2128">
     <span class='ocr_line' id='line_1_65' title="bbox 39 2110 2189 2128; baseline 0.002 -6"><span class='ocrx_word' id='word_1_479' title='bbox 39 2110 2189 2128; x_wconf 68' lang='lat'><strong>——————-———-—————————-——————‚-—</strong></span> 
     </span>
    </p>
   </div>
   <div class='ocr_carea' id='block_1_8' title="bbox 34 2148 1084 2546">
    <p class='ocr_par' dir='ltr' id='par_1_8' title="bbox 34 2148 1084 2546">
     <span class='ocr_line' id='line_1_66' title="bbox 35 2148 1082 2190; baseline 0.001 -11"><span class='ocrx_word' id='word_1_480' title='bbox 35 2150 162 2189; x_wconf 84' lang='lat' dir='ltr'><strong>tamen,</strong></span> <span class='ocrx_word' id='word_1_481' title='bbox 176 2149 202 2181; x_wconf 84' lang='lat' dir='ltr'><strong>si</strong></span> <span class='ocrx_word' id='word_1_482' title='bbox 216 2148 374 2190; x_wconf 84' lang='lat' dir='ltr'><strong>potiorem</strong></span> <span class='ocrx_word' id='word_1_483' title='bbox 390 2148 487 2180; x_wconf 90' lang='lat' dir='ltr'><strong>aliam</strong></span> <span class='ocrx_word' id='word_1_484' title='bbox 504 2149 700 2190; x_wconf 80' lang='lat' dir='ltr'><strong>experientia</strong></span> <span class='ocrx_word' id='word_1_485' title='bbox 713 2149 817 2181; x_wconf 83' lang='lat' dir='ltr'><strong>edocti</strong></span> <span class='ocrx_word' id='word_1_486' title='bbox 841 2149 978 2189; x_wconf 87' lang='lat' dir='ltr'><strong>fuerint,</strong></span> <span class='ocrx_word' id='word_1_487' title='bbox 999 2149 1082 2180; x_wconf 91' lang='lat' dir='ltr'><strong>hanc</strong></span> 
     </span>
     <span class='ocr_line' id='line_1_67' title="bbox 35 2201 1083 2244; baseline -0.001 -10"><span class='ocrx_word' id='word_1_488' title='bbox 35 2201 179 2243; x_wconf 84' lang='lat' dir='ltr'><strong>deligunt</strong></span> <span class='ocrx_word' id='word_1_489' title='bbox 200 2204 298 2244; x_wconf 89' lang='lat' dir='ltr'><strong>atque</strong></span> <span class='ocrx_word' id='word_1_490' title='bbox 311 2203 510 2244; x_wconf 79' lang='lat' dir='ltr'><strong>proeoptant3</strong></span> <span class='ocrx_word' id='word_1_491' title='bbox 533 2203 579 2235; x_wconf 88' lang='lat' dir='ltr'><strong>sic</strong></span> <span class='ocrx_word' id='word_1_492' title='bbox 595 2212 653 2235; x_wconf 92' lang='lat' dir='ltr'><strong>nos</strong></span> <span class='ocrx_word' id='word_1_493' title='bbox 667 2203 752 2234; x_wconf 88' lang='lat' dir='ltr'><strong>haud</strong></span> <span class='ocrx_word' id='word_1_494' title='bbox 779 2211 855 2234; x_wconf 89' lang='lat' dir='ltr'><strong>sane</strong></span> <span class='ocrx_word' id='word_1_495' title='bbox 875 2202 982 2243; x_wconf 84' lang='lat' dir='ltr'><strong>priora</strong></span> <span class='ocrx_word' id='word_1_496' title='bbox 997 2202 1083 2233; x_wconf 89' lang='lat' dir='ltr'><strong>dicta</strong></span> 
     </span>
     <span class='ocr_line' id='line_1_68' title="bbox 35 2254 1082 2294; baseline 0 -9"><span class='ocrx_word' id='word_1_497' title='bbox 35 2254 277 2294; x_wconf 74' lang='lat' dir='ltr'><strong>confodientes,</strong></span> <span class='ocrx_word' id='word_1_498' title='bbox 295 2254 351 2286; x_wconf 89' lang='lat' dir='ltr'><strong>sed</strong></span> <span class='ocrx_word' id='word_1_499' title='bbox 373 2254 515 2286; x_wconf 80' lang='lat' dir='ltr'><strong>erroneis</strong></span> <span class='ocrx_word' id='word_1_500' title='bbox 539 2254 744 2294; x_wconf 86' lang='lat' dir='ltr'><strong>opinionibus</strong></span> <span class='ocrx_word' id='word_1_501' title='bbox 770 2263 862 2286; x_wconf 87' lang='lat' dir='ltr'><strong>veras</strong></span> <span class='ocrx_word' id='word_1_502' title='bbox 885 2262 936 2285; x_wconf 88' lang='lat' dir='ltr'><strong>res</strong></span> <span class='ocrx_word' id='word_1_503' title='bbox 964 2262 1082 2294; x_wconf 90' lang='lat' dir='ltr'><strong>suppo-</strong></span> 
     </span>
     <span class='ocr_line' id='line_1_69' title="bbox 36 2305 1083 2346; baseline -0.001 -9"><span class='ocrx_word' id='word_1_504' title='bbox 36 2308 149 2338; x_wconf 88' lang='lat' dir='ltr'><strong>nentes</strong></span> <span class='ocrx_word' id='word_1_505' title='bbox 160 2330 170 2344; x_wconf 84' lang='lat'><strong>,</strong></span> <span class='ocrx_word' id='word_1_506' title='bbox 184 2314 222 2338; x_wconf 89' lang='lat' dir='ltr'><strong>ac</strong></span> <span class='ocrx_word' id='word_1_507' title='bbox 237 2306 339 2338; x_wconf 88' lang='lat' dir='ltr'><strong>veluti</strong></span> <span class='ocrx_word' id='word_1_508' title='bbox 356 2306 471 2338; x_wconf 85' lang='lat' dir='ltr'><strong>faculae</strong></span> <span class='ocrx_word' id='word_1_509' title='bbox 488 2306 595 2338; x_wconf 88' lang='lat' dir='ltr'><strong>lucem</strong></span> <span class='ocrx_word' id='word_1_510' title='bbox 611 2307 770 2338; x_wconf 82' lang='lat' dir='ltr'><strong>solaribus</strong></span> <span class='ocrx_word' id='word_1_511' title='bbox 785 2305 881 2337; x_wconf 84' lang='lat' dir='ltr'><strong>radiis</strong></span> <span class='ocrx_word' id='word_1_512' title='bbox 898 2305 1083 2346; x_wconf 87' lang='lat' dir='ltr'><strong>opprimen-</strong></span> 
     </span>
     <span class='ocr_line' id='line_1_70' title="bbox 34 2357 1081 2398; baseline 0 -10"><span class='ocrx_word' id='word_1_513' title='bbox 34 2357 84 2388; x_wconf 88' lang='lat' dir='ltr'><strong>tes</strong></span> <span class='ocrx_word' id='word_1_514' title='bbox 105 2357 374 2398; x_wconf 83' lang='lat' dir='ltr'><strong>hebetantesque‚</strong></span> <span class='ocrx_word' id='word_1_515' title='bbox 400 2358 556 2390; x_wconf 88' lang='lat' dir='ltr'><strong>hactenus</strong></span> <span class='ocrx_word' id='word_1_516' title='bbox 586 2358 681 2390; x_wconf 90' lang='lat' dir='ltr'><strong>dictis</strong></span> <span class='ocrx_word' id='word_1_517' title='bbox 708 2358 835 2390; x_wconf 84' lang='lat' dir='ltr'><strong>veriora</strong></span> <span class='ocrx_word' id='word_1_518' title='bbox 857 2357 1081 2389; x_wconf 83' lang='lat' dir='ltr'><strong>subtexemus.</strong></span> 
     </span>
     <span class='ocr_line' id='line_1_71' title="bbox 35 2410 1083 2452; baseline 0 -10"><span class='ocrx_word' id='word_1_519' title='bbox 35 2410 157 2450; x_wconf 72' lang='lat' dir='ltr'><strong>Nempe</strong></span> <span class='ocrx_word' id='word_1_520' title='bbox 178 2412 211 2442; x_wconf 91' lang='lat' dir='ltr'><strong>et</strong></span> <span class='ocrx_word' id='word_1_521' title='bbox 232 2410 396 2451; x_wconf 83' lang='lat' dir='ltr'><strong>superiora</strong></span> <span class='ocrx_word' id='word_1_522' title='bbox 412 2411 467 2442; x_wconf 89' lang='lat' dir='ltr'><strong>illa</strong></span> <span class='ocrx_word' id='word_1_523' title='bbox 495 2410 528 2442; x_wconf 92' lang='lat' dir='ltr'><strong>in</strong></span> <span class='ocrx_word' id='word_1_524' title='bbox 554 2410 714 2442; x_wconf 79' lang='lat' dir='ltr'><strong>historicae</strong></span> <span class='ocrx_word' id='word_1_525' title='bbox 739 2410 898 2452; x_wconf 88' lang='lat' dir='ltr'><strong>opinionis</strong></span> <span class='ocrx_word' id='word_1_526' title='bbox 921 2410 992 2442; x_wconf 90' lang='lat' dir='ltr'><strong>loco</strong></span> <span class='ocrx_word' id='word_1_527' title='bbox 1015 2419 1083 2442; x_wconf 90' lang='lat' dir='ltr'><strong>esse</strong></span> 
     </span>
     <span class='ocr_line' id='line_1_72' title="bbox 37 2461 1084 2504; baseline 0.003 -12"><span class='ocrx_word' id='word_1_528' title='bbox 37 2461 197 2501; x_wconf 86' lang='lat' dir='ltr'><strong>sinemus,</strong></span> <span class='ocrx_word' id='word_1_529' title='bbox 217 2463 250 2493; x_wconf 91' lang='lat' dir='ltr'><strong>et</strong></span> <span class='ocrx_word' id='word_1_530' title='bbox 276 2462 445 2502; x_wconf 77' lang='lat' dir='ltr'><strong>praesentia</strong></span> <span class='ocrx_word' id='word_1_531' title='bbox 464 2462 620 2495; x_wconf 85' lang='lat' dir='ltr'><strong>addemus</strong></span> <span class='ocrx_word' id='word_1_532' title='bbox 629 2462 787 2504; x_wconf 80' lang='lat' dir='ltr'><strong>juxtaque</strong></span> <span class='ocrx_word' id='word_1_533' title='bbox 809 2471 1028 2504; x_wconf 89' lang='lat' dir='ltr'><strong>apponemus,</strong></span> <span class='ocrx_word' id='word_1_534' title='bbox 1049 2464 1084 2495; x_wconf 91' lang='lat' dir='ltr'><strong>ut</strong></span> 
     </span>
     <span class='ocr_line' id='line_1_73' title="bbox 35 2513 623 2546; baseline 0.003 -2"><span class='ocrx_word' id='word_1_535' title='bbox 35 2513 163 2545; x_wconf 85' lang='lat' dir='ltr'><strong>veritati</strong></span> <span class='ocrx_word' id='word_1_536' title='bbox 181 2514 365 2545; x_wconf 86' lang='lat' dir='ltr'><strong>consultum</strong></span> <span class='ocrx_word' id='word_1_537' title='bbox 382 2522 450 2545; x_wconf 88' lang='lat' dir='ltr'><strong>esse</strong></span> <span class='ocrx_word' id='word_1_538' title='bbox 463 2514 623 2546; x_wconf 87' lang='lat' dir='ltr'><strong>videatur.</strong></span> 
     </span>
    </p>
   </div>
   <div class='ocr_carea' id='block_1_9' title="bbox 78 2565 702 2599">
    <p class='ocr_par' dir='ltr' id='par_1_9' title="bbox 78 2565 702 2599">
     <span class='ocr_line' id='line_1_74' title="bbox 78 2565 702 2599; baseline 0.003 -3"><span class='ocrx_word' id='word_1_539' title='bbox 78 2565 187 2597; x_wconf 81' lang='lat' dir='ltr'><strong>Hunni</strong></span> <span class='ocrx_word' id='word_1_540' title='bbox 203 2575 279 2597; x_wconf 88' lang='lat' dir='ltr'><strong>vero</strong></span> <span class='ocrx_word' id='word_1_541' title='bbox 294 2566 524 2599; x_wconf 85' lang='lat' dir='ltr'><strong>cachinnantes</strong></span> <span class='ocrx_word' id='word_1_542' title='bbox 541 2566 702 2599; x_wconf 87' lang='lat' dir='ltr'><strong>abierunt.</strong></span> 
     </span>
    </p>
   </div>
   <div class='ocr_carea' id='block_1_10' title="bbox 78 2621 1084 2704">
    <p class='ocr_par' dir='ltr' id='par_1_10' title="bbox 78 2621 1084 2704">
     <span class='ocr_line' id='line_1_75' title="bbox 78 2621 1084 2704; baseline 0.002 -9"><span class='ocrx_word' id='word_1_543' title='bbox 78 2664 204 2704; x_wconf 88' lang='lat' dir='ltr'><strong>Scythis</strong></span> <span class='ocrx_word' id='word_1_544' title='bbox 226 2664 319 2696; x_wconf 83' lang='lat' dir='ltr'><strong>victis</strong></span> <span class='ocrx_word' id='word_1_545' title='bbox 341 2665 373 2696; x_wconf 89' lang='lat' dir='ltr'><strong>et</strong></span> <span class='ocrx_word' id='word_1_546' title='bbox 392 2664 433 2696; x_wconf 88' lang='lat' dir='ltr'><strong>ab</strong></span> <span class='ocrx_word' id='word_1_547' title='bbox 458 2621 690 2697; x_wconf 48' lang='lat' dir='ltr'><strong>Huiiiii’s&#39;caesis</strong></span> <span class='ocrx_word' id='word_1_548' title='bbox 711 2666 744 2697; x_wconf 92' lang='lat' dir='ltr'><strong>et</strong></span> <span class='ocrx_word' id='word_1_549' title='bbox 768 2664 810 2696; x_wconf 89' lang='lat' dir='ltr'><strong>ad</strong></span> <span class='ocrx_word' id='word_1_550' title='bbox 832 2664 1084 2697; x_wconf 85' lang='lat' dir='ltr'><strong>internecionem</strong></span> 
     </span>
    </p>
   </div>
   <div class='ocr_carea' id='block_1_11' title="bbox 19 2715 1088 3384">
    <p class='ocr_par' dir='ltr' id='par_1_11' title="bbox 19 2715 1088 3384">
     <span class='ocr_line' id='line_1_76' title="bbox 38 2715 1086 2757; baseline 0.004 -11"><span class='ocrx_word' id='word_1_551' title='bbox 38 2724 141 2755; x_wconf 91' lang='lat' dir='ltr'><strong>usque</strong></span> <span class='ocrx_word' id='word_1_552' title='bbox 156 2715 285 2756; x_wconf 85' lang='lat' dir='ltr'><strong>deletis,</strong></span> <span class='ocrx_word' id='word_1_553' title='bbox 299 2725 410 2748; x_wconf 91' lang='lat' dir='ltr'><strong>omnes</strong></span> <span class='ocrx_word' id='word_1_554' title='bbox 421 2740 430 2755; x_wconf 92' lang='lat'>‚</span> <span class='ocrx_word' id='word_1_555' title='bbox 447 2716 503 2757; x_wconf 89' lang='lat' dir='ltr'><strong>qui</strong></span> <span class='ocrx_word' id='word_1_556' title='bbox 519 2717 605 2757; x_wconf 85' lang='lat' dir='ltr'><strong>capti</strong></span> <span class='ocrx_word' id='word_1_557' title='bbox 621 2718 732 2757; x_wconf 86' lang='lat' dir='ltr'><strong>erant,</strong></span> <span class='ocrx_word' id='word_1_558' title='bbox 750 2726 824 2748; x_wconf 91' lang='lat' dir='ltr'><strong>cum</strong></span> <span class='ocrx_word' id='word_1_559' title='bbox 845 2717 1033 2749; x_wconf 89' lang='lat' dir='ltr'><strong>mulieribus</strong></span> <span class='ocrx_word' id='word_1_560' title='bbox 1053 2719 1086 2750; x_wconf 86' lang='lat' dir='ltr'><strong>et</strong></span> 
     </span>
     <span class='ocr_line' id='line_1_77' title="bbox 38 2768 1086 2810; baseline 0.003 -11"><span class='ocrx_word' id='word_1_561' title='bbox 38 2776 151 2799; x_wconf 90' lang='lat' dir='ltr'><strong>eorum</strong></span> <span class='ocrx_word' id='word_1_562' title='bbox 162 2768 233 2800; x_wconf 86' lang='lat' dir='ltr'><strong>liliis</strong></span> <span class='ocrx_word' id='word_1_563' title='bbox 242 2769 423 2809; x_wconf 83' lang='lat' dir='ltr'><strong>interempti</strong></span> <span class='ocrx_word' id='word_1_564' title='bbox 435 2771 522 2809; x_wconf 83' lang='lat' dir='ltr'><strong>sunt,</strong></span> <span class='ocrx_word' id='word_1_565' title='bbox 534 2779 636 2810; x_wconf 89' lang='lat' dir='ltr'><strong>quum</strong></span> <span class='ocrx_word' id='word_1_566' title='bbox 648 2770 758 2802; x_wconf 91' lang='lat' dir='ltr'><strong>nullus</strong></span> <span class='ocrx_word' id='word_1_567' title='bbox 767 2770 965 2802; x_wconf 85' lang='lat' dir='ltr'><strong>crudelitatis</strong></span> <span class='ocrx_word' id='word_1_568' title='bbox 981 2772 1013 2802; x_wconf 92' lang='lat' dir='ltr'><strong>et</strong></span> <span class='ocrx_word' id='word_1_569' title='bbox 1024 2779 1086 2802; x_wconf 78' lang='lat' dir='ltr'><strong>cae-</strong></span> 
     </span>
     <span class='ocr_line' id='line_1_78' title="bbox 19 2813 1084 2861; baseline 0.003 -11"><span class='ocrx_word' id='word_1_570' title='bbox 19 2818 128 2857; x_wconf 63' lang='lat' dir='ltr'><strong>,dium</strong></span> <span class='ocrx_word' id='word_1_571' title='bbox 146 2813 230 2852; x_wconf 87' lang='lat' dir='ltr'><strong>esset</strong></span> <span class='ocrx_word' id='word_1_572' title='bbox 251 2820 386 2860; x_wconf 90' lang='lat' dir='ltr'><strong>modus;</strong></span> <span class='ocrx_word' id='word_1_573' title='bbox 401 2821 457 2861; x_wconf 90' lang='lat' dir='ltr'><strong>qui</strong></span> <span class='ocrx_word' id='word_1_574' title='bbox 474 2823 582 2853; x_wconf 89' lang='lat' dir='ltr'><strong>autem</strong></span> <span class='ocrx_word' id='word_1_575' title='bbox 598 2822 723 2853; x_wconf 85' lang='lat' dir='ltr'><strong>collecti</strong></span> <span class='ocrx_word' id='word_1_576' title='bbox 746 2822 924 2861; x_wconf 75' lang='lat' dir='ltr'><strong>effugerant</strong></span> <span class='ocrx_word' id='word_1_577' title='bbox 949 2831 1013 2854; x_wconf 90' lang='lat' dir='ltr'><strong>non</strong></span> <span class='ocrx_word' id='word_1_578' title='bbox 1029 2822 1084 2853; x_wconf 91' lang='lat' dir='ltr'><strong>mi-</strong></span> 
     </span>
     <span class='ocr_line' id='line_1_79' title="bbox 39 2871 1087 2914; baseline 0.005 -13"><span class='ocrx_word' id='word_1_579' title='bbox 39 2879 102 2902; x_wconf 90' lang='lat' dir='ltr'><strong>nus</strong></span> <span class='ocrx_word' id='word_1_580' title='bbox 124 2879 222 2911; x_wconf 88' lang='lat' dir='ltr'><strong>quam</strong></span> <span class='ocrx_word' id='word_1_581' title='bbox 248 2871 417 2903; x_wconf 91' lang='lat' dir='ltr'><strong>hominum</strong></span> <span class='ocrx_word' id='word_1_582' title='bbox 443 2872 583 2904; x_wconf 86' lang='lat' dir='ltr'><strong>ducenta</strong></span> <span class='ocrx_word' id='word_1_583' title='bbox 608 2873 726 2912; x_wconf 88' lang='lat' dir='ltr'><strong>millia,</strong></span> <span class='ocrx_word' id='word_1_584' title='bbox 755 2873 795 2904; x_wconf 90' lang='lat' dir='ltr'><strong>ad</strong></span> <span class='ocrx_word' id='word_1_585' title='bbox 815 2873 933 2905; x_wconf 90' lang='lat' dir='ltr'><strong>bellum</strong></span> <span class='ocrx_word' id='word_1_586' title='bbox 960 2875 1026 2914; x_wconf 88' lang='lat' dir='ltr'><strong>apti</strong></span> <span class='ocrx_word' id='word_1_587' title='bbox 1054 2875 1087 2906; x_wconf 89' lang='lat' dir='ltr'><strong>et</strong></span> 
     </span>
     <span class='ocr_line' id='line_1_80' title="bbox 39 2922 1085 2966; baseline 0.004 -13"><span class='ocrx_word' id='word_1_588' title='bbox 39 2924 134 2954; x_wconf 80' lang='lat' dir='ltr'><strong>aetate</strong></span> <span class='ocrx_word' id='word_1_589' title='bbox 146 2922 311 2963; x_wconf 80' lang='lat' dir='ltr'><strong>florentes,</strong></span> <span class='ocrx_word' id='word_1_590' title='bbox 326 2926 559 2956; x_wconf 89' lang='lat' dir='ltr'><strong>convenerunt.</strong></span> <span class='ocrx_word' id='word_1_591' title='bbox 580 2926 695 2965; x_wconf 85' lang='lat' dir='ltr'><strong>ltaque</strong></span> <span class='ocrx_word' id='word_1_592' title='bbox 711 2925 847 2965; x_wconf 89' lang='lat' dir='ltr'><strong>profecti</strong></span> <span class='ocrx_word' id='word_1_593' title='bbox 869 2926 901 2957; x_wconf 91' lang='lat' dir='ltr'><strong>et</strong></span> <span class='ocrx_word' id='word_1_594' title='bbox 920 2925 961 2956; x_wconf 88' lang='lat' dir='ltr'><strong>ad</strong></span> <span class='ocrx_word' id='word_1_595' title='bbox 984 2926 1085 2966; x_wconf 86' lang='lat' dir='ltr'><strong>ripam</strong></span> 
     </span>
     <span class='ocr_line' id='line_1_81' title="bbox 43 2974 1087 3018; baseline 0.004 -13"><span class='ocrx_word' id='word_1_596' title='bbox 43 2974 168 3015; x_wconf 69' lang='lat' dir='ltr'><strong>(latri)</strong></span> <span class='ocrx_word' id='word_1_597' title='bbox 183 2976 321 3014; x_wconf 87' lang='lat' dir='ltr'><strong>stantes,</strong></span> <span class='ocrx_word' id='word_1_598' title='bbox 336 2984 450 3007; x_wconf 84' lang='lat' dir='ltr'><strong>manus</strong></span> <span class='ocrx_word' id='word_1_599' title='bbox 467 2985 484 3008; x_wconf 91' lang='lat' dir='ltr'><strong>e</strong></span> <span class='ocrx_word' id='word_1_600' title='bbox 504 2976 677 3016; x_wconf 83' lang='lat' dir='ltr'><strong>longinquo</strong></span> <span class='ocrx_word' id='word_1_601' title='bbox 699 2977 919 3017; x_wconf 80' lang='lat' dir='ltr'><strong>porrigebant,</strong></span> <span class='ocrx_word' id='word_1_602' title='bbox 934 2979 966 3009; x_wconf 92' lang='lat' dir='ltr'><strong>et</strong></span> <span class='ocrx_word' id='word_1_603' title='bbox 979 2986 1087 3018; x_wconf 83' lang='lat' dir='ltr'><strong>preces</strong></span> 
     </span>
     <span class='ocr_line' id='line_1_82' title="bbox 40 3025 1087 3070; baseline 0.004 -13"><span class='ocrx_word' id='word_1_604' title='bbox 40 3034 115 3057; x_wconf 86' lang='lat' dir='ltr'><strong>cum</strong></span> <span class='ocrx_word' id='word_1_605' title='bbox 128 3025 206 3059; x_wconf 84' lang='lat' dir='ltr'><strong>netu</strong></span> <span class='ocrx_word' id='word_1_606' title='bbox 220 3028 253 3058; x_wconf 90' lang='lat' dir='ltr'><strong>et</strong></span> <span class='ocrx_word' id='word_1_607' title='bbox 267 3028 494 3060; x_wconf 87' lang='lat' dir='ltr'><strong>vociferatione</strong></span> <span class='ocrx_word' id='word_1_608' title='bbox 504 3029 694 3060; x_wconf 85' lang='lat' dir='ltr'><strong>emittebant</strong></span> <span class='ocrx_word' id='word_1_609' title='bbox 707 3053 715 3067; x_wconf 96' lang='lat'><strong>,</strong></span> <span class='ocrx_word' id='word_1_610' title='bbox 730 3029 1015 3070; x_wconf 82' lang='lat' dir='ltr'><strong>trajectionemque</strong></span> <span class='ocrx_word' id='word_1_611' title='bbox 1028 3030 1087 3061; x_wconf 87' lang='lat' dir='ltr'><strong>sibi</strong></span> 
     </span>
     <span class='ocr_line' id='line_1_83' title="bbox 41 3077 1088 3121; baseline 0.005 -13"><span class='ocrx_word' id='word_1_612' title='bbox 41 3077 174 3109; x_wconf 90' lang='lat' dir='ltr'><strong>concedi</strong></span> <span class='ocrx_word' id='word_1_613' title='bbox 188 3077 387 3119; x_wconf 77' lang='lat' dir='ltr'><strong>flagitantes,</strong></span> <span class='ocrx_word' id='word_1_614' title='bbox 405 3088 497 3111; x_wconf 89' lang='lat' dir='ltr'><strong>suam</strong></span> <span class='ocrx_word' id='word_1_615' title='bbox 519 3080 643 3112; x_wconf 88' lang='lat' dir='ltr'><strong>cladem</strong></span> <span class='ocrx_word' id='word_1_616' title='bbox 666 3081 895 3121; x_wconf 82' lang='lat' dir='ltr'><strong>deplorabant,</strong></span> <span class='ocrx_word' id='word_1_617' title='bbox 916 3083 948 3113; x_wconf 88' lang='lat' dir='ltr'><strong>et</strong></span> <span class='ocrx_word' id='word_1_618' title='bbox 970 3090 1004 3114; x_wconf 86' lang='lat' dir='ltr'><strong>sc</strong></span> <span class='ocrx_word' id='word_1_619' title='bbox 1027 3082 1088 3113; x_wconf 91' lang='lat' dir='ltr'><strong>illis</strong></span> 
     </span>
     <span class='ocr_line' id='line_1_84' title="bbox 43 3129 1086 3173; baseline 0.005 -13"><span class='ocrx_word' id='word_1_620' title='bbox 43 3129 231 3169; x_wconf 78' lang='lat' dir='ltr'><strong>praebituros</strong></span> <span class='ocrx_word' id='word_1_621' title='bbox 246 3130 358 3162; x_wconf 82' lang='lat' dir='ltr'><strong>auxilii</strong></span> <span class='ocrx_word' id='word_1_622' title='bbox 375 3131 590 3163; x_wconf 83' lang='lat' dir='ltr'><strong>accessionem</strong></span> <span class='ocrx_word' id='word_1_623' title='bbox 608 3132 818 3172; x_wconf 83' lang='lat' dir='ltr'><strong>spondebant.</strong></span> <span class='ocrx_word' id='word_1_624' title='bbox 863 3134 904 3165; x_wconf 88' lang='lat' dir='ltr'><strong>At</strong></span> <span class='ocrx_word' id='word_1_625' title='bbox 931 3134 1086 3173; x_wconf 86' lang='lat' dir='ltr'><strong>Romani,</strong></span> 
     </span>
     <span class='ocr_line' id='line_1_85' title="bbox 42 3181 1088 3225; baseline 0.005 -13"><span class='ocrx_word' id='word_1_626' title='bbox 42 3181 99 3221; x_wconf 87' lang='lat' dir='ltr'><strong>qui</strong></span> <span class='ocrx_word' id='word_1_627' title='bbox 113 3181 188 3222; x_wconf 90' lang='lat' dir='ltr'><strong>ripis</strong></span> <span class='ocrx_word' id='word_1_628' title='bbox 207 3184 383 3222; x_wconf 83' lang='lat' dir='ltr'><strong>praeerant,</strong></span> <span class='ocrx_word' id='word_1_629' title='bbox 401 3184 479 3215; x_wconf 92' lang='lat' dir='ltr'><strong>nihil</strong></span> <span class='ocrx_word' id='word_1_630' title='bbox 496 3193 530 3216; x_wconf 91' lang='lat' dir='ltr'><strong>se</strong></span> <span class='ocrx_word' id='word_1_631' title='bbox 548 3185 607 3216; x_wconf 79' lang='lat' dir='ltr'><strong>ni‘si</strong></span> <span class='ocrx_word' id='word_1_632' title='bbox 622 3184 823 3225; x_wconf 87' lang='lat' dir='ltr'><strong>imperatoris</strong></span> <span class='ocrx_word' id='word_1_633' title='bbox 839 3185 928 3225; x_wconf 86' lang='lat' dir='ltr'><strong>jussu</strong></span> <span class='ocrx_word' id='word_1_634' title='bbox 948 3186 1088 3217; x_wconf 82' lang='lat' dir='ltr'><strong>facturos</strong></span> 
     </span>
     <span class='ocr_line' id='line_1_86' title="bbox 43 3234 1086 3278; baseline 0.006 -14"><span class='ocrx_word' id='word_1_635' title='bbox 43 3234 283 3274; x_wconf 87' lang='lat' dir='ltr'><strong>responderunt.</strong></span> <span class='ocrx_word' id='word_1_636' title='bbox 302 3236 521 3272; x_wconf 85' lang='lat' dir='ltr'><strong>Quamobrem</strong></span> <span class='ocrx_word' id='word_1_637' title='bbox 538 3236 636 3277; x_wconf 88' lang='lat' dir='ltr'><strong>hujus</strong></span> <span class='ocrx_word' id='word_1_638' title='bbox 655 3237 700 3269; x_wconf 89' lang='lat' dir='ltr'><strong>rei</strong></span> <span class='ocrx_word' id='word_1_639' title='bbox 720 3238 858 3277; x_wconf 84' lang='lat' dir='ltr'><strong>cognitio</strong></span> <span class='ocrx_word' id='word_1_640' title='bbox 872 3238 972 3270; x_wconf 81' lang='lat' dir='ltr'><strong>estad</strong></span> <span class='ocrx_word' id='word_1_641' title='bbox 990 3238 1086 3278; x_wconf 87' lang='lat' dir='ltr'><strong>impe·</strong></span> 
     </span>
     <span class='ocr_line' id='line_1_87' title="bbox 43 3287 1088 3330; baseline 0.007 -14"><span class='ocrx_word' id='word_1_642' title='bbox 43 3287 182 3318; x_wconf 83' lang='lat' dir='ltr'><strong>ratorem</strong></span> <span class='ocrx_word' id='word_1_643' title='bbox 201 3287 317 3319; x_wconf 84' lang='lat' dir='ltr'><strong>delata.</strong></span> <span class='ocrx_word' id='word_1_644' title='bbox 334 3290 443 3325; x_wconf 92' lang='lat' dir='ltr'><strong>Quum</strong></span> <span class='ocrx_word' id='word_1_645' title='bbox 471 3298 521 3321; x_wconf 86' lang='lat' dir='ltr'><strong>res</strong></span> <span class='ocrx_word' id='word_1_646' title='bbox 543 3289 577 3321; x_wconf 90' lang='lat' dir='ltr'><strong>in</strong></span> <span class='ocrx_word' id='word_1_647' title='bbox 601 3299 715 3330; x_wconf 87' lang='lat' dir='ltr'><strong>magna</strong></span> <span class='ocrx_word' id='word_1_648' title='bbox 732 3291 886 3323; x_wconf 89' lang='lat' dir='ltr'><strong>varietate</strong></span> <span class='ocrx_word' id='word_1_649' title='bbox 907 3294 1088 3323; x_wconf 83' lang='lat' dir='ltr'><strong>versaretur</strong></span> 
     </span>
     <span class='ocr_line' id='line_1_88' title="bbox 44 3338 1086 3384; baseline 0.007 -16"><span class='ocrx_word' id='word_1_650' title='bbox 44 3338 208 3379; x_wconf 84' lang='lat' dir='ltr'><strong>multaque</strong></span> <span class='ocrx_word' id='word_1_651' title='bbox 225 3348 255 3370; x_wconf 78' lang='lat' dir='ltr'><strong>ni</strong></span> <span class='ocrx_word' id='word_1_652' title='bbox 269 3342 441 3381; x_wconf 87' lang='lat' dir='ltr'><strong>utramque</strong></span> <span class='ocrx_word' id='word_1_653' title='bbox 457 3343 578 3382; x_wconf 86' lang='lat' dir='ltr'><strong>partem</strong></span> <span class='ocrx_word' id='word_1_654' title='bbox 590 3342 622 3374; x_wconf 91' lang='lat' dir='ltr'><strong>in</strong></span> <span class='ocrx_word' id='word_1_655' title='bbox 635 3343 766 3374; x_wconf 84' lang='lat' dir='ltr'><strong>consilio</strong></span> <span class='ocrx_word' id='word_1_656' title='bbox 777 3343 926 3384; x_wconf 65' lang='lat' dir='ltr'><strong>principis</strong></span> <span class='ocrx_word' id='word_1_657' title='bbox 936 3343 1022 3375; x_wconf 86' lang='lat' dir='ltr'><strong>dicta</strong></span> <span class='ocrx_word' id='word_1_658' title='bbox 1036 3352 1086 3375; x_wconf 91' lang='lat' dir='ltr'><strong>es-</strong></span> 
     </span>
    </p>
   </div>
   <div class='ocr_carea' id='block_1_12' title="bbox 1143 2150 2192 2244">
    <p class='ocr_par' dir='ltr' id='par_1_12' title="bbox 1143 2150 2192 2244">
     <span class='ocr_line' id='line_1_89' title="bbox 1143 2150 2191 2193; baseline 0.005 -13"><span class='ocrx_word' id='word_1_659' title='bbox 1143 2151 1235 2188; x_wconf 88' lang='lat' dir='ltr'><strong>sent,</strong></span> <span class='ocrx_word' id='word_1_660' title='bbox 1256 2150 1385 2181; x_wconf 86' lang='lat' dir='ltr'><strong>tandem</strong></span> <span class='ocrx_word' id='word_1_661' title='bbox 1402 2159 1547 2182; x_wconf 86' lang='lat' dir='ltr'><strong>assensus</strong></span> <span class='ocrx_word' id='word_1_662' title='bbox 1560 2152 1628 2190; x_wconf 91' lang='lat' dir='ltr'><strong>est,</strong></span> <span class='ocrx_word' id='word_1_663' title='bbox 1643 2151 1783 2183; x_wconf 81' lang='lat' dir='ltr'><strong>maxime</strong></span> <span class='ocrx_word' id='word_1_664' title='bbox 1796 2155 1925 2193; x_wconf 86' lang='lat' dir='ltr'><strong>propter</strong></span> <span class='ocrx_word' id='word_1_665' title='bbox 1940 2152 2191 2191; x_wconf 84' lang='lat' dir='ltr'><strong>aemulationem,</strong></span> 
     </span>
     <span class='ocr_line' id='line_1_90' title="bbox 1143 2200 2192 2244; baseline 0.005 -13"><span class='ocrx_word' id='word_1_666' title='bbox 1143 2210 1241 2240; x_wconf 86' lang='lat' dir='ltr'><strong>qnam</strong></span> <span class='ocrx_word' id='word_1_667' title='bbox 1265 2200 1403 2233; x_wconf 87' lang='lat' dir='ltr'><strong>habebat</strong></span> <span class='ocrx_word' id='word_1_668' title='bbox 1425 2210 1500 2233; x_wconf 91' lang='lat' dir='ltr'><strong>cum</strong></span> <span class='ocrx_word' id='word_1_669' title='bbox 1523 2202 1571 2234; x_wconf 92' lang='lat' dir='ltr'><strong>his</strong></span> <span class='ocrx_word' id='word_1_670' title='bbox 1594 2203 1649 2243; x_wconf 88' lang='lat' dir='ltr'><strong>qui</strong></span> <span class='ocrx_word' id='word_1_671' title='bbox 1678 2203 1847 2244; x_wconf 88' lang='lat' dir='ltr'><strong>imperium</strong></span> <span class='ocrx_word' id='word_1_672' title='bbox 1871 2213 1946 2235; x_wconf 90' lang='lat' dir='ltr'><strong>cum</strong></span> <span class='ocrx_word' id='word_1_673' title='bbox 1969 2214 2008 2236; x_wconf 90' lang='lat' dir='ltr'><strong>eo</strong></span> <span class='ocrx_word' id='word_1_674' title='bbox 2030 2205 2192 2238; x_wconf 82' lang='lat' dir='ltr'><strong>tenebant.</strong></span> 
     </span>
    </p>
   </div>
   <div class='ocr_carea' id='block_1_13' title="bbox 1135 2254 2192 2297">
    <p class='ocr_par' dir='ltr' id='par_1_13' title="bbox 1135 2254 2192 2297">
     <span class='ocr_line' id='line_1_91' title="bbox 1135 2254 2192 2297; baseline 0.004 -13"><span class='ocrx_word' id='word_1_675' title='bbox 1135 2255 1245 2294; x_wconf 41' lang='lat' dir='ltr'><strong>,Erant</strong></span> <span class='ocrx_word' id='word_1_676' title='bbox 1259 2257 1368 2285; x_wconf 88' lang='lat' dir='ltr'><strong>autem</strong></span> <span class='ocrx_word' id='word_1_677' title='bbox 1386 2254 1442 2286; x_wconf 83' lang='lat' dir='ltr'><strong>filii</strong></span> <span class='ocrx_word' id='word_1_678' title='bbox 1463 2255 1587 2296; x_wconf 85' lang='lat' dir='ltr'><strong>fratris,</strong></span> <span class='ocrx_word' id='word_1_679' title='bbox 1605 2256 1880 2296; x_wconf 84' lang='lat' dir='ltr'><strong>quemadmodum</strong></span> <span class='ocrx_word' id='word_1_680' title='bbox 1897 2258 1929 2288; x_wconf 89' lang='lat' dir='ltr'><strong>et</strong></span> <span class='ocrx_word' id='word_1_681' title='bbox 1953 2265 2047 2297; x_wconf 87' lang='lat' dir='ltr'><strong>supra</strong></span> <span class='ocrx_word' id='word_1_682' title='bbox 2067 2256 2192 2289; x_wconf 85' lang='lat' dir='ltr'><strong>dictum</strong></span> 
     </span>
    </p>
   </div>
   <div class='ocr_carea' id='block_1_14' title="bbox 1143 2306 2195 3385">
    <p class='ocr_par' dir='ltr' id='par_1_14' title="bbox 1143 2306 2195 3385">
     <span class='ocr_line' id='line_1_92' title="bbox 1144 2306 2193 2347; baseline 0.002 -9"><span class='ocrx_word' id='word_1_683' title='bbox 1144 2307 1210 2344; x_wconf 84' lang='lat' dir='ltr'><strong>est,</strong></span> <span class='ocrx_word' id='word_1_684' title='bbox 1223 2306 1279 2346; x_wconf 91' lang='lat' dir='ltr'><strong>qui</strong></span> <span class='ocrx_word' id='word_1_685' title='bbox 1296 2306 1533 2346; x_wconf 88' lang='lat' dir='ltr'><strong>imperatoriam</strong></span> <span class='ocrx_word' id='word_1_686' title='bbox 1553 2308 1743 2347; x_wconf 85' lang='lat' dir='ltr'><strong>potestatem</strong></span> <span class='ocrx_word' id='word_1_687' title='bbox 1761 2308 1843 2339; x_wconf 89' lang='lat' dir='ltr'><strong>inter</strong></span> <span class='ocrx_word' id='word_1_688' title='bbox 1855 2317 1889 2340; x_wconf 90' lang='lat' dir='ltr'><strong>se</strong></span> <span class='ocrx_word' id='word_1_689' title='bbox 1902 2308 2106 2340; x_wconf 85' lang='lat' dir='ltr'><strong>dividendam</strong></span> <span class='ocrx_word' id='word_1_690' title='bbox 2127 2310 2193 2340; x_wconf 88' lang='lat' dir='ltr'><strong>sta-</strong></span> 
     </span>
     <span class='ocr_line' id='line_1_93' title="bbox 1144 2359 2194 2400; baseline 0.003 -10"><span class='ocrx_word' id='word_1_691' title='bbox 1144 2360 1290 2396; x_wconf 85' lang='lat' dir='ltr'><strong>tuerant,</strong></span> <span class='ocrx_word' id='word_1_692' title='bbox 1304 2368 1368 2390; x_wconf 92' lang='lat' dir='ltr'><strong>non</strong></span> <span class='ocrx_word' id='word_1_693' title='bbox 1385 2359 1489 2400; x_wconf 86' lang='lat' dir='ltr'><strong>patrui</strong></span> <span class='ocrx_word' id='word_1_694' title='bbox 1506 2360 1639 2392; x_wconf 89' lang='lat' dir='ltr'><strong>arbitrio</strong></span> <span class='ocrx_word' id='word_1_695' title='bbox 1657 2360 1810 2400; x_wconf 86' lang='lat' dir='ltr'><strong>permissa</strong></span> <span class='ocrx_word' id='word_1_696' title='bbox 1829 2360 1995 2393; x_wconf 88' lang='lat' dir='ltr'><strong>divisione.</strong></span> <span class='ocrx_word' id='word_1_697' title='bbox 2014 2361 2072 2393; x_wconf 87' lang='lat' dir='ltr'><strong>His</strong></span> <span class='ocrx_word' id='word_1_698' title='bbox 2087 2360 2194 2393; x_wconf 80' lang='lat' dir='ltr'><strong>causis</strong></span> 
     </span>
     <span class='ocr_line' id='line_1_94' title="bbox 1144 2411 2194 2453; baseline 0.003 -11"><span class='ocrx_word' id='word_1_699' title='bbox 1144 2411 1321 2451; x_wconf 85' lang='lat' dir='ltr'><strong>impulsus,</strong></span> <span class='ocrx_word' id='word_1_700' title='bbox 1339 2413 1410 2442; x_wconf 91' lang='lat' dir='ltr'><strong>tum</strong></span> <span class='ocrx_word' id='word_1_701' title='bbox 1428 2411 1525 2443; x_wconf 90' lang='lat' dir='ltr'><strong>etiam</strong></span> <span class='ocrx_word' id='word_1_702' title='bbox 1539 2411 1615 2452; x_wconf 89' lang='lat' dir='ltr'><strong>quia</strong></span> <span class='ocrx_word' id='word_1_703' title='bbox 1629 2412 1769 2443; x_wconf 84' lang='lat' dir='ltr'><strong>maxima</strong></span> <span class='ocrx_word' id='word_1_704' title='bbox 1785 2413 1924 2444; x_wconf 87' lang='lat' dir='ltr'><strong>accessio</strong></span> <span class='ocrx_word' id='word_1_705' title='bbox 1944 2413 2097 2453; x_wconf 82' lang='lat' dir='ltr'><strong>potentiae</strong></span> <span class='ocrx_word' id='word_1_706' title='bbox 2112 2413 2194 2445; x_wconf 84' lang='lat' dir='ltr'><strong>foret</strong></span> 
     </span>
     <span class='ocr_line' id='line_1_95' title="bbox 1143 2462 2191 2505; baseline 0.003 -11"><span class='ocrx_word' id='word_1_707' title='bbox 1143 2463 1307 2502; x_wconf 84' lang='lat' dir='ltr'><strong>Romanis,</strong></span> <span class='ocrx_word' id='word_1_708' title='bbox 1331 2462 1426 2502; x_wconf 81' lang='lat' dir='ltr'><strong>jussit</strong></span> <span class='ocrx_word' id='word_1_709' title='bbox 1447 2463 1582 2503; x_wconf 84' lang='lat' dir='ltr'><strong>Scythas</strong></span> <span class='ocrx_word' id='word_1_710' title='bbox 1599 2463 1738 2503; x_wconf 85' lang='lat' dir='ltr'><strong>admitti,</strong></span> <span class='ocrx_word' id='word_1_711' title='bbox 1756 2463 1853 2495; x_wconf 88' lang='lat' dir='ltr'><strong>modo</strong></span> <span class='ocrx_word' id='word_1_712' title='bbox 1875 2473 1964 2496; x_wconf 84' lang='lat' dir='ltr'><strong>arma</strong></span> <span class='ocrx_word' id='word_1_713' title='bbox 1983 2464 2191 2505; x_wconf 88' lang='lat' dir='ltr'><strong>deponerent.</strong></span> 
     </span>
     <span class='ocr_line' id='line_1_96' title="bbox 1143 2515 2192 2558; baseline 0.003 -12"><span class='ocrx_word' id='word_1_714' title='bbox 1143 2516 1324 2556; x_wconf 82' lang='lat' dir='ltr'><strong>Antequam</strong></span> <span class='ocrx_word' id='word_1_715' title='bbox 1346 2524 1424 2547; x_wconf 86' lang='lat' dir='ltr'><strong>vero</strong></span> <span class='ocrx_word' id='word_1_716' title='bbox 1446 2515 1599 2555; x_wconf 77' lang='lat' dir='ltr'><strong>trajectus</strong></span> <span class='ocrx_word' id='word_1_717' title='bbox 1622 2516 1704 2547; x_wconf 90' lang='lat' dir='ltr'><strong>esset</strong></span> <span class='ocrx_word' id='word_1_718' title='bbox 1726 2516 1766 2547; x_wconf 90' lang='lat' dir='ltr'><strong>ab</strong></span> <span class='ocrx_word' id='word_1_719' title='bbox 1789 2516 1980 2556; x_wconf 88' lang='lat' dir='ltr'><strong>imperatore</strong></span> <span class='ocrx_word' id='word_1_720' title='bbox 2004 2526 2192 2558; x_wconf 85' lang='lat' dir='ltr'><strong>concessus,</strong></span> 
     </span>
     <span class='ocr_line' id='line_1_97' title="bbox 1143 2569 2195 2610; baseline 0.001 -10"><span class='ocrx_word' id='word_1_721' title='bbox 1143 2569 1336 2609; x_wconf 81' lang='lat' dir='ltr'><strong>Scytharum</strong></span> <span class='ocrx_word' id='word_1_722' title='bbox 1349 2569 1534 2601; x_wconf 85' lang='lat' dir='ltr'><strong>audaciores</strong></span> <span class='ocrx_word' id='word_1_723' title='bbox 1550 2570 1582 2601; x_wconf 90' lang='lat' dir='ltr'><strong>et</strong></span> <span class='ocrx_word' id='word_1_724' title='bbox 1598 2569 1745 2600; x_wconf 89' lang='lat' dir='ltr'><strong>elatiores</strong></span> <span class='ocrx_word' id='word_1_725' title='bbox 1766 2569 1936 2601; x_wconf 79' lang='lat' dir='ltr'><strong>transitum</strong></span> <span class='ocrx_word' id='word_1_726' title='bbox 1949 2569 2008 2600; x_wconf 89' lang='lat' dir='ltr'><strong>sibi</strong></span> <span class='ocrx_word' id='word_1_727' title='bbox 2024 2569 2054 2600; x_wconf 89' lang='lat' dir='ltr'><strong>vi</strong></span> <span class='ocrx_word' id='word_1_728' title='bbox 2070 2571 2195 2610; x_wconf 87' lang='lat' dir='ltr'><strong>aperire</strong></span> 
     </span>
     <span class='ocr_line' id='line_1_98' title="bbox 1144 2620 2191 2661; baseline 0 -9"><span class='ocrx_word' id='word_1_729' title='bbox 1144 2621 1395 2660; x_wconf 89' lang='lat' dir='ltr'><strong>constituerunt,</strong></span> <span class='ocrx_word' id='word_1_730' title='bbox 1413 2621 1467 2652; x_wconf 89' lang='lat' dir='ltr'><strong>sed</strong></span> <span class='ocrx_word' id='word_1_731' title='bbox 1490 2621 1523 2652; x_wconf 89' lang='lat' dir='ltr'><strong>vi</strong></span> <span class='ocrx_word' id='word_1_732' title='bbox 1545 2621 1662 2660; x_wconf 86' lang='lat' dir='ltr'><strong>repulsi</strong></span> <span class='ocrx_word' id='word_1_733' title='bbox 1688 2620 1783 2652; x_wconf 89' lang='lat' dir='ltr'><strong>deleti</strong></span> <span class='ocrx_word' id='word_1_734' title='bbox 1806 2622 1892 2652; x_wconf 89' lang='lat' dir='ltr'><strong>sunt.</strong></span> <span class='ocrx_word' id='word_1_735' title='bbox 1918 2623 1955 2653; x_wconf 82' lang='lat' dir='ltr'><strong>At</strong></span> <span class='ocrx_word' id='word_1_736' title='bbox 1975 2621 2020 2652; x_wconf 88' lang='lat' dir='ltr'><strong>illi</strong></span> <span class='ocrx_word' id='word_1_737' title='bbox 2039 2621 2095 2661; x_wconf 88' lang='lat' dir='ltr'><strong>qui</strong></span> <span class='ocrx_word' id='word_1_738' title='bbox 2118 2630 2191 2653; x_wconf 82' lang='lat' dir='ltr'><strong>eam</strong></span> 
     </span>
     <span class='ocr_line' id='line_1_99' title="bbox 1144 2672 2193 2712; baseline 0 -8"><span class='ocrx_word' id='word_1_739' title='bbox 1144 2672 1338 2712; x_wconf 83' lang='lat' dir='ltr'><strong>Scytharum</strong></span> <span class='ocrx_word' id='word_1_740' title='bbox 1351 2673 1511 2705; x_wconf 88' lang='lat' dir='ltr'><strong>exercitus</strong></span> <span class='ocrx_word' id='word_1_741' title='bbox 1525 2674 1649 2712; x_wconf 86' lang='lat' dir='ltr'><strong>partem</strong></span> <span class='ocrx_word' id='word_1_742' title='bbox 1665 2681 1848 2712; x_wconf 85' lang='lat' dir='ltr'><strong>oppressam</strong></span> <span class='ocrx_word' id='word_1_743' title='bbox 1862 2672 2077 2712; x_wconf 86' lang='lat' dir='ltr'><strong>confecerant,</strong></span> <span class='ocrx_word' id='word_1_744' title='bbox 2092 2673 2193 2711; x_wconf 75' lang='lat' dir='ltr'><strong>magi-</strong></span> 
     </span>
     <span class='ocr_line' id='line_1_100' title="bbox 1144 2723 2190 2764; baseline 0.001 -9"><span class='ocrx_word' id='word_1_745' title='bbox 1144 2725 1245 2755; x_wconf 89' lang='lat' dir='ltr'><strong>stratu</strong></span> <span class='ocrx_word' id='word_1_746' title='bbox 1260 2724 1375 2764; x_wconf 88' lang='lat' dir='ltr'><strong>privati</strong></span> <span class='ocrx_word' id='word_1_747' title='bbox 1389 2725 1463 2755; x_wconf 84' lang='lat' dir='ltr'><strong>sunt</strong></span> <span class='ocrx_word' id='word_1_748' title='bbox 1476 2726 1508 2755; x_wconf 92' lang='lat' dir='ltr'><strong>et</strong></span> <span class='ocrx_word' id='word_1_749' title='bbox 1520 2724 1633 2764; x_wconf 90' lang='lat' dir='ltr'><strong>capitis</strong></span> <span class='ocrx_word' id='word_1_750' title='bbox 1649 2723 1826 2764; x_wconf 89' lang='lat' dir='ltr'><strong>periculum</strong></span> <span class='ocrx_word' id='word_1_751' title='bbox 1840 2724 2001 2763; x_wconf 85' lang='lat' dir='ltr'><strong>adierunt,</strong></span> <span class='ocrx_word' id='word_1_752' title='bbox 2016 2725 2091 2764; x_wconf 86' lang='lat' dir='ltr'><strong>quia</strong></span> <span class='ocrx_word' id='word_1_753' title='bbox 2105 2724 2190 2756; x_wconf 89' lang='lat' dir='ltr'><strong>vide·</strong></span> 
     </span>
     <span class='ocr_line' id='line_1_101' title="bbox 1145 2775 2193 2816; baseline 0 -9"><span class='ocrx_word' id='word_1_754' title='bbox 1145 2775 1219 2807; x_wconf 84' lang='lat' dir='ltr'><strong>licet</strong></span> <span class='ocrx_word' id='word_1_755' title='bbox 1235 2776 1341 2807; x_wconf 87' lang='lat' dir='ltr'><strong>hostes</strong></span> <span class='ocrx_word' id='word_1_756' title='bbox 1353 2775 1604 2807; x_wconf 86' lang='lat' dir='ltr'><strong>trucidaverant.</strong></span> <span class='ocrx_word' id='word_1_757' title='bbox 1655 2775 1719 2812; x_wconf 90' lang='lat' dir='ltr'><strong>Qui</strong></span> <span class='ocrx_word' id='word_1_758' title='bbox 1736 2777 1845 2807; x_wconf 88' lang='lat' dir='ltr'><strong>autem</strong></span> <span class='ocrx_word' id='word_1_759' title='bbox 1865 2775 1951 2816; x_wconf 81' lang='lat' dir='ltr'><strong>apud</strong></span> <span class='ocrx_word' id='word_1_760' title='bbox 1970 2775 2193 2816; x_wconf 85' lang='lat' dir='ltr'><strong>imperatorem</strong></span> 
     </span>
     <span class='ocr_line' id='line_1_102' title="bbox 1145 2826 2193 2868; baseline 0.002 -11"><span class='ocrx_word' id='word_1_761' title='bbox 1145 2827 1264 2867; x_wconf 88' lang='lat' dir='ltr'><strong>primas</strong></span> <span class='ocrx_word' id='word_1_762' title='bbox 1278 2829 1383 2868; x_wconf 86' lang='lat' dir='ltr'><strong>partes</strong></span> <span class='ocrx_word' id='word_1_763' title='bbox 1402 2828 1513 2867; x_wconf 84' lang='lat' dir='ltr'><strong>gratiae</strong></span> <span class='ocrx_word' id='word_1_764' title='bbox 1532 2826 1739 2867; x_wconf 41' lang='lat' dir='ltr'><strong>occupabant,</strong></span> <span class='ocrx_word' id='word_1_765' title='bbox 1753 2828 1785 2859; x_wconf 90' lang='lat' dir='ltr'><strong>et</strong></span> <span class='ocrx_word' id='word_1_766' title='bbox 1798 2828 1972 2867; x_wconf 90' lang='lat' dir='ltr'><strong>plurimum</strong></span> <span class='ocrx_word' id='word_1_767' title='bbox 1988 2827 2072 2867; x_wconf 88' lang='lat' dir='ltr'><strong>apud</strong></span> <span class='ocrx_word' id='word_1_768' title='bbox 2088 2827 2193 2868; x_wconf 90' lang='lat' dir='ltr'><strong>ipsum</strong></span> 
     </span>
     <span class='ocr_line' id='line_1_103' title="bbox 1145 2878 2194 2918; baseline 0 -8"><span class='ocrx_word' id='word_1_769' title='bbox 1145 2879 1305 2918; x_wconf 80' lang='lat' dir='ltr'><strong>valebant,</strong></span> <span class='ocrx_word' id='word_1_770' title='bbox 1317 2888 1371 2910; x_wconf 90' lang='lat' dir='ltr'><strong>eos</strong></span> <span class='ocrx_word' id='word_1_771' title='bbox 1381 2878 1565 2917; x_wconf 86' lang='lat' dir='ltr'><strong>irridebant,</strong></span> <span class='ocrx_word' id='word_1_772' title='bbox 1578 2880 1732 2918; x_wconf 83' lang='lat' dir='ltr'><strong>tanquam</strong></span> <span class='ocrx_word' id='word_1_773' title='bbox 1747 2879 1892 2910; x_wconf 91' lang='lat' dir='ltr'><strong>homines</strong></span> <span class='ocrx_word' id='word_1_774' title='bbox 1902 2879 2056 2910; x_wconf 85' lang='lat' dir='ltr'><strong>militares</strong></span> <span class='ocrx_word' id='word_1_775' title='bbox 2066 2880 2098 2910; x_wconf 90' lang='lat' dir='ltr'><strong>et</strong></span> <span class='ocrx_word' id='word_1_776' title='bbox 2111 2878 2194 2913; x_wconf 87' lang='lat' dir='ltr'><strong>bello</strong></span> 
     </span>
     <span class='ocr_line' id='line_1_104' title="bbox 1145 2929 2193 2970; baseline 0.001 -10"><span class='ocrx_word' id='word_1_777' title='bbox 1145 2930 1273 2970; x_wconf 88' lang='lat' dir='ltr'><strong>quidem</strong></span> <span class='ocrx_word' id='word_1_778' title='bbox 1290 2931 1397 2970; x_wconf 87' lang='lat' dir='ltr'><strong>aptos,</strong></span> <span class='ocrx_word' id='word_1_779' title='bbox 1416 2930 1470 2961; x_wconf 91' lang='lat' dir='ltr'><strong>sed</strong></span> <span class='ocrx_word' id='word_1_780' title='bbox 1493 2939 1600 2961; x_wconf 89' lang='lat' dir='ltr'><strong>rerum</strong></span> <span class='ocrx_word' id='word_1_781' title='bbox 1617 2929 1758 2961; x_wconf 85' lang='lat' dir='ltr'><strong>civilium</strong></span> <span class='ocrx_word' id='word_1_782' title='bbox 1784 2938 1915 2970; x_wconf 88' lang='lat' dir='ltr'><strong>prorsus</strong></span> <span class='ocrx_word' id='word_1_783' title='bbox 1947 2930 2054 2962; x_wconf 89' lang='lat' dir='ltr'><strong>rudes.</strong></span> <span class='ocrx_word' id='word_1_784' title='bbox 2073 2932 2193 2961; x_wconf 84' lang='lat' dir='ltr'><strong>Praece-</strong></span> 
     </span>
     <span class='ocr_line' id='line_1_105' title="bbox 1146 2979 2195 3024; baseline 0.001 -10"><span class='ocrx_word' id='word_1_785' title='bbox 1146 2985 1236 3023; x_wconf 89' lang='lat' dir='ltr'><strong>perat</strong></span> <span class='ocrx_word' id='word_1_786' title='bbox 1260 2983 1433 3023; x_wconf 83' lang='lat' dir='ltr'><strong>imperator</strong></span> <span class='ocrx_word' id='word_1_787' title='bbox 1444 2979 1500 3014; x_wconf 43' lang='lat' dir='ltr'><strong>“ab</strong></span> <span class='ocrx_word' id='word_1_788' title='bbox 1531 2983 1716 3022; x_wconf 85' lang='lat' dir='ltr'><strong>Antiochia,</strong></span> <span class='ocrx_word' id='word_1_789' title='bbox 1747 2985 1784 3015; x_wconf 89' lang='lat' dir='ltr'><strong>ut</strong></span> <span class='ocrx_word' id='word_1_790' title='bbox 1806 2983 1946 3024; x_wconf 90' lang='lat' dir='ltr'><strong>primum</strong></span> <span class='ocrx_word' id='word_1_791' title='bbox 1975 2983 2138 3014; x_wconf 84' lang='lat' dir='ltr'><strong>imbellem</strong></span> <span class='ocrx_word' id='word_1_792' title='bbox 2162 2985 2195 3016; x_wconf 87' lang='lat' dir='ltr'><strong>et</strong></span> 
     </span>
     <span class='ocr_line' id='line_1_106' title="bbox 1146 3035 2191 3075; baseline -0.001 -9"><span class='ocrx_word' id='word_1_793' title='bbox 1146 3035 1226 3066; x_wconf 89' lang='lat' dir='ltr'><strong>nulli</strong></span> <span class='ocrx_word' id='word_1_794' title='bbox 1246 3035 1315 3066; x_wconf 92' lang='lat' dir='ltr'><strong>usui</strong></span> <span class='ocrx_word' id='word_1_795' title='bbox 1329 3036 1436 3075; x_wconf 86' lang='lat' dir='ltr'><strong>aptam</strong></span> <span class='ocrx_word' id='word_1_796' title='bbox 1453 3035 1649 3075; x_wconf 85' lang='lat' dir='ltr'><strong>susciperent</strong></span> <span class='ocrx_word' id='word_1_797' title='bbox 1659 3036 1787 3068; x_wconf 88' lang='lat' dir='ltr'><strong>aetatem</strong></span> <span class='ocrx_word' id='word_1_798' title='bbox 1802 3037 1834 3067; x_wconf 89' lang='lat' dir='ltr'><strong>et</strong></span> <span class='ocrx_word' id='word_1_799' title='bbox 1846 3044 1900 3075; x_wconf 90' lang='lat' dir='ltr'><strong>per</strong></span> <span class='ocrx_word' id='word_1_800' title='bbox 1914 3037 2132 3069; x_wconf 84' lang='lat' dir='ltr'><strong>Romanorum</strong></span> <span class='ocrx_word' id='word_1_801' title='bbox 2146 3035 2191 3066; x_wconf 89' lang='lat' dir='ltr'><strong>di·</strong></span> 
     </span>
     <span class='ocr_line' id='line_1_107' title="bbox 1148 3086 2192 3126; baseline 0 -9"><span class='ocrx_word' id='word_1_802' title='bbox 1148 3086 1244 3117; x_wconf 88' lang='lat' dir='ltr'><strong>tionis</strong></span> <span class='ocrx_word' id='word_1_803' title='bbox 1257 3088 1360 3118; x_wconf 85' lang='lat' dir='ltr'><strong>terras</strong></span> <span class='ocrx_word' id='word_1_804' title='bbox 1377 3086 1593 3126; x_wconf 88' lang='lat' dir='ltr'><strong>dimitterent,</strong></span> <span class='ocrx_word' id='word_1_805' title='bbox 1611 3087 1643 3117; x_wconf 91' lang='lat' dir='ltr'><strong>et</strong></span> <span class='ocrx_word' id='word_1_806' title='bbox 1655 3087 1809 3126; x_wconf 90' lang='lat' dir='ltr'><strong>tanquam</strong></span> <span class='ocrx_word' id='word_1_807' title='bbox 1827 3086 1953 3117; x_wconf 85' lang='lat' dir='ltr'><strong>obsides</strong></span> <span class='ocrx_word' id='word_1_808' title='bbox 1965 3087 2037 3117; x_wconf 89' lang='lat' dir='ltr'><strong>tuto</strong></span> <span class='ocrx_word' id='word_1_809' title='bbox 2050 3086 2120 3117; x_wconf 92' lang='lat' dir='ltr'><strong>loco</strong></span> <span class='ocrx_word' id='word_1_810' title='bbox 2135 3086 2192 3118; x_wconf 86' lang='lat' dir='ltr'><strong>ha-</strong></span> 
     </span>
     <span class='ocr_line' id='line_1_108' title="bbox 1148 3137 2195 3178; baseline -0.001 -9"><span class='ocrx_word' id='word_1_811' title='bbox 1148 3137 1278 3176; x_wconf 85' lang='lat' dir='ltr'><strong>berent;</strong></span> <span class='ocrx_word' id='word_1_812' title='bbox 1303 3146 1407 3178; x_wconf 89' lang='lat' dir='ltr'><strong>neque</strong></span> <span class='ocrx_word' id='word_1_813' title='bbox 1429 3146 1466 3169; x_wconf 90' lang='lat' dir='ltr'><strong>eo</strong></span> <span class='ocrx_word' id='word_1_814' title='bbox 1492 3138 1594 3170; x_wconf 88' lang='lat' dir='ltr'><strong>secius</strong></span> <span class='ocrx_word' id='word_1_815' title='bbox 1611 3137 1652 3168; x_wconf 88' lang='lat' dir='ltr'><strong>ad</strong></span> <span class='ocrx_word' id='word_1_816' title='bbox 1675 3138 1759 3178; x_wconf 86' lang='lat' dir='ltr'><strong>ripas</strong></span> <span class='ocrx_word' id='word_1_817' title='bbox 1775 3138 2000 3175; x_wconf 84' lang='lat' dir='ltr'><strong>consisterent,</strong></span> <span class='ocrx_word' id='word_1_818' title='bbox 2024 3139 2061 3168; x_wconf 92' lang='lat' dir='ltr'><strong>ut</strong></span> <span class='ocrx_word' id='word_1_819' title='bbox 2085 3138 2195 3168; x_wconf 82' lang='lat' dir='ltr'><strong>turbas</strong></span> 
     </span>
     <span class='ocr_line' id='line_1_109' title="bbox 1148 3189 2195 3230; baseline 0.001 -11"><span class='ocrx_word' id='word_1_820' title='bbox 1148 3198 1262 3230; x_wconf 76' lang='lat' dir='ltr'><strong>pugnae</strong></span> <span class='ocrx_word' id='word_1_821' title='bbox 1275 3191 1364 3229; x_wconf 81' lang='lat' dir='ltr'><strong>aptas</strong></span> <span class='ocrx_word' id='word_1_822' title='bbox 1378 3189 1510 3221; x_wconf 90' lang='lat' dir='ltr'><strong>minime</strong></span> <span class='ocrx_word' id='word_1_823' title='bbox 1523 3189 1698 3229; x_wconf 84' lang='lat' dir='ltr'><strong>transgredi</strong></span> <span class='ocrx_word' id='word_1_824' title='bbox 1711 3189 1862 3227; x_wconf 87' lang='lat' dir='ltr'><strong>sinerent,</strong></span> <span class='ocrx_word' id='word_1_825' title='bbox 1878 3198 1982 3230; x_wconf 91' lang='lat' dir='ltr'><strong>neque</strong></span> <span class='ocrx_word' id='word_1_826' title='bbox 1998 3189 2122 3229; x_wconf 83' lang='lat' dir='ltr'><strong>navigia</strong></span> <span class='ocrx_word' id='word_1_827' title='bbox 2134 3189 2195 3220; x_wconf 90' lang='lat' dir='ltr'><strong>illis</strong></span> 
     </span>
     <span class='ocr_line' id='line_1_110' title="bbox 1147 3240 2192 3282; baseline -0.001 -10"><span class='ocrx_word' id='word_1_828' title='bbox 1147 3242 1187 3272; x_wconf 84' lang='lat' dir='ltr'><strong>ad</strong></span> <span class='ocrx_word' id='word_1_829' title='bbox 1201 3241 1420 3281; x_wconf 72' lang='lat' dir='ltr'><strong>traiectionem</strong></span> <span class='ocrx_word' id='word_1_830' title='bbox 1434 3241 1634 3282; x_wconf 76' lang='lat' dir='ltr'><strong>praeberent,</strong></span> <span class='ocrx_word' id='word_1_831' title='bbox 1647 3241 1832 3281; x_wconf 87' lang='lat' dir='ltr'><strong>priusquam</strong></span> <span class='ocrx_word' id='word_1_832' title='bbox 1849 3249 1938 3272; x_wconf 91' lang='lat' dir='ltr'><strong>arma</strong></span> <span class='ocrx_word' id='word_1_833' title='bbox 1953 3240 2192 3280; x_wconf 85' lang='lat' dir='ltr'><strong>deposuissent,</strong></span> 
     </span>
     <span class='ocr_line' id='line_1_111' title="bbox 1147 3291 2192 3334; baseline -0.001 -10"><span class='ocrx_word' id='word_1_834' title='bbox 1147 3302 1213 3334; x_wconf 87' lang='lat' dir='ltr'><strong>quo</strong></span> <span class='ocrx_word' id='word_1_835' title='bbox 1231 3293 1335 3324; x_wconf 86' lang='lat' dir='ltr'><strong>nudos</strong></span> <span class='ocrx_word' id='word_1_836' title='bbox 1359 3293 1625 3324; x_wconf 87' lang='lat' dir='ltr'><strong>transmitterent.</strong></span> <span class='ocrx_word' id='word_1_837' title='bbox 1671 3295 1792 3324; x_wconf 80' lang='lat' dir='ltr'><strong>Eorum</strong></span> <span class='ocrx_word' id='word_1_838' title='bbox 1811 3293 1938 3329; x_wconf 87' lang='lat' dir='ltr'><strong>autem,</strong></span> <span class='ocrx_word' id='word_1_839' title='bbox 1951 3292 2007 3331; x_wconf 88' lang='lat' dir='ltr'><strong>qui</strong></span> <span class='ocrx_word' id='word_1_840' title='bbox 2023 3291 2083 3322; x_wconf 88' lang='lat' dir='ltr'><strong>ista</strong></span> <span class='ocrx_word' id='word_1_841' title='bbox 2104 3299 2192 3326; x_wconf 85' lang='lat' dir='ltr'><strong>man-</strong></span> 
     </span>
     <span class='ocr_line' id='line_1_112' title="bbox 1151 3341 2193 3385; baseline -0.003 -9"><span class='ocrx_word' id='word_1_842' title='bbox 1151 3344 1225 3376; x_wconf 83' lang='lat' dir='ltr'><strong>data</strong></span> <span class='ocrx_word' id='word_1_843' title='bbox 1239 3347 1453 3385; x_wconf 73' lang='lat' dir='ltr'><strong>exceperunt,</strong></span> <span class='ocrx_word' id='word_1_844' title='bbox 1471 3344 1587 3376; x_wconf 77' lang='lat' dir='ltr'><strong>exarsit</strong></span> <span class='ocrx_word' id='word_1_845' title='bbox 1610 3344 1660 3375; x_wconf 91' lang='lat' dir='ltr'><strong>hic</strong></span> <span class='ocrx_word' id='word_1_846' title='bbox 1675 3352 1784 3376; x_wconf 87' lang='lat' dir='ltr'><strong>amore</strong></span> <span class='ocrx_word' id='word_1_847' title='bbox 1800 3343 1890 3384; x_wconf 80' lang='lat' dir='ltr'><strong>pueri</strong></span> <span class='ocrx_word' id='word_1_848' title='bbox 1912 3342 2047 3382; x_wconf 89' lang='lat' dir='ltr'><strong>alicujus</strong></span> <span class='ocrx_word' id='word_1_849' title='bbox 2066 3341 2193 3374; x_wconf 79' lang='lat' dir='ltr'><strong>candidi</strong></span> 
     </span>
    </p>
   </div>
  </div>
 </body>
</html>
