2326 3724
74 233 148 266 102

64 313 139 359 λεν,
160 311 249 348 ὥστε
279 313 339 357 τῆς
371 309 516 348 Ἰταλῶν
549 307 742 361 ἀπέχεσθαι
769 310 831 359 γ’ῆς
850 307 910 346 καὶ
931 307 991 351 τὰς
1013 310 1114 359 βασι-

67 369 178 413 λείους
195 367 387 419 ἐκπέμπειν
405 368 570 419 γυναῗκας
587 365 832 419 αἰχμαλώτους
847 365 1018 416 ἀγομένας
1029 395 1039 415 ,
1050 364 1114 412 τήν

68 442 104 464 τε
129 427 395 466 Βαλεντινιανοῦ
415 425 571 477 γαμετὴν
601 424 660 461 καὶ
681 423 741 467 τὰς
771 424 877 470 αὐτῆς
908 423 1112 474 θυγατέρας.

69 486 142 524 Καὶ
159 487 190 523 οἱ
211 484 372 537 πρέσὸεις
391 485 422 527 ἐς
436 483 498 530 τὴν
514 485 560 521 ἕω
577 482 749 535 ἄπρακτοι
772 481 979 533 ἐπανῄεσαν·
1004 480 1114 519 οὐδενὶ

68 543 137 596 γὰρ
155 545 223 582 τῶν
253 543 518 593 ἐπεσταλμένων
541 541 639 594 παρὰ
658 544 717 579 τοῦ
743 543 948 592 Μαρκιανοῦ
970 542 987 577 ὃ
1008 538 1115 583 Γεζέ-

71 617 166 654 ριχος
190 601 399 649 ὓπηκουσεν,
424 599 502 639 οὐδὲ
525 599 593 651 μὴν
613 600 706 638 λύειν
729 599 790 642 τὰς
820 601 984 649 γυναῖκας
1013 597 1114 635 {506—

69 661 159 699 )ετο.
191 659 238 699 Ὅ
269 659 304 698 δὲ
339 658 542 713 Μαρκιανὸς
576 658 676 710 ἕτερα
703 658 788 709 πρὸς
815 656 917 694 αὐτὸν
947 655 1114 706 διέπεμπε

69 719 264 772 γράμματα
287 719 345 756 καὶ
371 719 428 757 τὸν
448 717 748 770 πρεσὸευσόμενον
768 714 920 761 Βλήδαν·
940 718 980 760 ἠν
1002 713 1037 751 δὲ
1057 716 1116 760 τ’ἧς

69 791 130 814 του
150 776 334 829 Γεζερίχου
355 777 548 829 αἱρέσεως’
534 775 736 817 επίσκοπος·
755 777 815 820 τῆς
822 772 901 834 γὰρ
929 775 997 810 τῶν
1027 773 1115 824 Χρι-

70 837 219 872 στιανῶν
232 834 415 885 θρησκείας
429 833 488 872 καὶ
505 833 582 876 τους
594 833 794 880 Βανδήλους
810 836 898 870 εἰναι
915 830 1113 880 συμὸαίνει.

69 891 135 936 Ὃς
155 893 273 940 ἐπειδὴ
296 895 380 945 παρ’
402 892 504 930 αὐτὸν
525 892 666 944 ἀφίκετο
688 890 787 929 ml*
769 906 856 942 εγνω
876 892 918 939 τῇ
941 890 1044 927 αὐτοῦ
1066 887 1114 938 μὴ

71 951 292 989 ὑπακούοντα
319 950 508 1003 πρεσὸεία,
530 951 792 1001 αὐθαδεστέρων
825 949 936 997 λόγων
964 946 1115 996 ἥπτετο,

70 1009 130 1047 καὶ
149 1009 213 1063 ἔφη
243 1008 290 1060 μὴ
312 1008 480 1046 συνοίσειν
501 1010 615 1060 αὐτω,
635 1007 729 1058 εἴπερ
751 1006 817 1044 υπὸ
847 1009 907 1052 τῆς
937 1004 1117 1056 παρούσης

71 1067 256 1120 εὐημερίας
275 1066 388 1120 ἀρθείς
409 1082 469 1104 και
493 1069 560 1104 τῶν
579 1065 670 1104 κατὰ
686 1066 785 1111 τὴν
773 1064 819 1102 έω
839 1062 1027 1114 (Ρωμαίων
1048 1065 1115 1115 βα-

72 1126 170 1164 σιλέα
189 1126 274 1179 πρὸς
302 1127 453 1175 πόλεμον
484 1126 578 1162 αὐτῶ
604 1126 794 1170 ἀναστῆναι
826 1121 1114 1173 παρασκευάσοι,

71 1184 131 1228 τὰς
160 1184 353 1237 βασιλείους
374 1183 422 1234 μὴ
443 1182 533 1220 λύων
566 1188 743 1234 γυναῖκας.
775 1181 867 1220 Ἀλλ’
896 1179 974 1218 οὔτε
1003 1182 1025 1226 ἢ
1046 1181 1114 1217 τῶν

71 1242 371 1294 προηγησαμένων
391 1240 448 1279 ἐπὶ
467 1244 509 1292 τῇ
539 1240 707 1294 πρεσὸείᾳ
737 1239 901 1292 ῥημάτων
929 1237 1115 1286 ἐπιείκεια,

72 1300 150 1338 οὔτε
171 1303 188 1338 ὁ
209 1299 406 1347 ἀπειληθεὶς
426 1299 528 1352 φόὸος
549 1299 672 1351 μέτρια
691 1298 748 1336 τὸν
773 1298 956 1349 Γεζέριχον
982 1297 1115 1350 φρονεῖν

71 1359 280 1410 ἠνάγκασεν·
304 1358 481 1411 ἄπρακτον
502 1357 568 1411 γὰρ
590 1357 650 1396 καὶ
669 1357 890 1404 τὸν-Βλήδαν
908 1355 1116 1406 ἀπέπεμπε,

72 1417 132 1455 καὶ
153 1419 185 1460 ἐς
201 1416 263 1464 τὴν
282 1416 445 1456 Σικελίαν
474 1411 568 1459 αὖθις
588 1416 647 1454 καὶ
668 1417 700 1459 ἐς
718 1414 782 1462 τὴν
813 1414 997 1468 πρόσοικον
1028 1415 1115 1464 αὐτῇ

72 1476 225 1514 Ἰταλίαν
248 1476 392 1526 δύναμιν
413 1475 698 1527 διαπεμψάμενος
727 1480 845 1511 πᾶσαν
866 1473 986 1524 ἐδῄου.
1015 1471 1059 1511 Ὁ
1081 1471 1116 1510 δὲ

74 1533 210 1577 Ἄὸιτος
223 1537 240 1573 ὃ
253 1537 320 1573 τῶν
336 1534 503 1586 ἑσπερίων
515 1533 702 1583 Ῥωμαίων
719 1531 880 1585 βασιλεὺς
891 1530 1118 1584 ἐπρεσὸεύετο

77 1593 136 1630 καὶ
155 1593 255 1637 αὐτὸς
272 1593 369 1645 παρὰ
389 1593 444 1630 τὸν
467 1591 664 1644 Γεζέριχον,
685 1595 754 1629 τῶν
774 1590 884 1629 πάλαι
908 1589 1008 1628 αὐτὸν
1033 1593 1117 1628 ὓπο-

77 1652 282 1701 μιμνήσκων
311 1653 484 1702 σπονδῶν,
508 1651 547 1695 ἃς
567 1653 595 1688 εἷ
622 1650 670 1699 μὴ
693 1649 876 1702 φυλάττειν
905 1648 1035 1696 ἕλοιτο,
1057 1648 1118 1687 καὶ

77 1710 177 1748 αὐτὸν
201 1710 556 1762 παρασκευάσασθαι,
571 1710 697 1761 πλήθει
713 1724 750 1746 τε
766 1707 880 1760 οἰκείῳ
898 1708 1038 1746 πίσυνον
1056 1707 1118 1745 καὶ

75 1771 117 1819 τῇ
138 1771 205 1806 τῶν
225 1768 422 1819 συμμάχων
440 1767 632 1820 ἐπικουρίᾳ.
656 1765 824 1817 ’Έπεμπε
845 1766 880 1804 δὲ
900 1766 960 1804 καὶ
979 1767 1037 1804 τὸν
1053 1781 1119 1803 πα-

76 1826 401 1879 τρίκιον-Ῥεκίμερ
435 1829 469 1870 ἐς
498 1825 561 1872 τὴν
593 1825 758 1864 Σικελίαν
788 1824 848 1863 σὺν
879 1826 1031 1877 στρατῷ.
1059 1826 1114 1862 Cf.

76 1889 293 1925 Tillemont.
319 1888 391 1932 VI,
414 1900 455 1936 p.
481 1886 555 1922 300
578 1894 614 1922 et
635 1886 724 1932 276.
754 1887 808 1921 Ex
825 1886 1045 1920 narratione
1070 1885 1118 1920 de

75 1947 253 1982 Vandalis
269 1947 419 1982 Italia'm
435 1953 471 1982 et
487 1946 651 1982 Siciliam
667 1945 932 1993 diripientibus
949 1951 1119 1992 sumptus

75 2006 188 2042 etiam
206 2005 319 2040 fuerit
331 2005 436 2040 locus
452 2004 574 2040 Suidae
586 2017 621 2038 V.
636 2001 812 2053 Χάρυέῗδις
828 2016 836 2038 :
858 2000 1009 2050 Πρίσκος
1026 1999 1119 2052 λέγει

76 2062 155 2114 περὶ
168 2061 399 2114 Χαρύὸδεως·
420 2079 436 2094 «
451 2059 703 2113 Παραπλέουσι
727 2058 761 2096 δὲ
776 2058 838 2105 τὴν
853 2058 1017 2098 Σικελίαν
1034 2058 1120 2110 πρὸς

77 2177 128 2205 eta
146 2174 282 2205 libertati
301 2173 478 2204 restituere.
496 2172 556 2204 Sed
571 2171 664 2212 legati
677 2196 685 2211 ‚
700 2180 734 2203 re
755 2171 890 2208 insecta,
909 2171 940 2202 in
955 2170 1120 2202 Orientem

78 2225 196 2257 reversi
210 2227 294 2256 sunt.
309 2227 388 2257 Nam
403 2224 480 2255 nihil
495 2233 606 2255 eorum
620 2232 693 2264 quoe
705 2223 867 2255 Marciano
881 2222 1036 2262 imperata
1049 2222 1118 2253 sue-

78 2278 161 2315 rant,
179 2277 300 2314 sac-ere,
321 2285 425 2316 neque
446 2276 580 2307 liberare
595 2276 744 2306 mulieres
758 2274 871 2306 voluit.
898 2273 1116 2311 Quamobrem

77 2329 259 2361 Marcianus
274 2329 392 2360 iterum
408 2329 530 2360 litteras
548 2326 589 2359 ad
603 2328 810 2360 Gensericum
833 2327 957 2366 scripsit
975 2335 1031 2366 per
1048 2326 1120 2358 Ble-

78 2381 153 2411 ‹lam
167 2380 319 2419 legatum.
336 2382 411 2411 Erat
424 2382 530 2411 autern
547 2379 641 2411 Bieda
656 2379 822 2420 episcopus
833 2379 988 2410 haereseos
1003 2379 1120 2409 Gense-

79 2431 147 2463 rici.
172 2431 308 2462 Vandali
334 2431 419 2463 enim
445 2431 700 2463 Christianorum
726 2431 849 2461 cultum
875 2431 908 2461 et
935 2429 1119 2469 religionem

77 2483 216 2524 amplexi
240 2484 377 2515 fuerant,
403 2483 462 2515 Hic
488 2483 543 2515 ubi
563 2483 602 2515 ad
623 2483 830 2516 Gensericum
854 2483 998 2521 accessit,
1024 2484 1120 2522 atque

79 2536 221 2567 alienum
244 2543 262 2565 a
287 2544 344 2566 sua
368 2535 521 2574 legatione
546 2534 726 2575 perspexit,
752 2535 784 2565 in
808 2533 908 2565 verba
930 2533 1119 2573 superbiora

78 2586 194 2627 erupit.
215 2588 283 2617 Non
299 2585 379 2617 bene
401 2595 565 2617 cessurum
580 2586 623 2617 illi
637 2610 646 2625 ‚
670 2586 695 2617 si
722 2586 753 2617 in
771 2585 940 2626 praesentia
957 2585 1053 2616 rebus
1069 2593 1119 2616 se-

78 2638 191 2669 cundis
206 2637 434 2669 elatushellum
447 2647 519 2668 cum
537 2638 749 2670 Orientalium
763 2646 892 2678 quoque
905 2639 1040 2668 Romane
1049 2645 1120 2668 rum

78 2690 269 2729 imperatore
283 2690 502 2729 contraheret,
518 2690 608 2729 regiis
621 2689 808 2721 mulieribus
820 2698 881 2720 non
896 2688 927 2719 in
942 2688 1120 2726 libertatem

79 2741 242 2772 restitutis.
271 2740 331 2772 Sed
349 2749 453 2780 neque
476 2741 540 2772 ulla
559 2741 731 2772 verborum
748 2741 861 2772 lenitas
875 2740 962 2780 prius
984 2749 1002 2771 a
1018 2740 1119 2780 iegato

79 2794 232 2831 usurpata
245 2816 253 2831 ‚
267 2800 372 2831 neque
386 2791 527 2823 incussus
540 2792 646 2830 timor,
662 2793 754 2823 illum
767 2792 806 2822 ad
825 2792 924 2822 ullam
938 2791 1035 2822 animi
1054 2800 1120 2823 mo-

79 2844 274 2876 derationem
290 2844 471 2884 pertrahere
487 2846 672 2884 potuerunt.
689 2847 769 2876 Nam
787 2845 916 2877 Bledam
936 2845 1023 2875 irrita
1040 2844 1122 2883 lega-

80 2897 166 2927 tione
185 2895 316 2934 dimisit,
334 2897 365 2926 et
390 2904 499 2926 rursus
513 2896 542 2926 in
559 2896 699 2928 Siciliam
721 2898 752 2928 et
774 2896 919 2936 proxima
938 2896 1037 2927 ltaliae
1054 2897 1122 2926 losza

81 2947 259 2979 exercitum
285 2947 480 2984 immittens,
500 2956 628 2978 omnem
654 2948 813 2987 regionem
834 2947 984 2982 vastavit..
1007 2947 1120 2979 Avitus

80 3007 227 3040 quoque,
256 3001 470 3031 Romanorum
493 2999 749 3031 occidentalium
776 3000 962 3040 imperator,
985 2998 1025 3029 ad
1047 3008 1121 3030 eum

81 3052 201 3092 legatos
214 3052 311 3092 misit,
327 3052 382 3092 qui
405 3054 570 3083 monerent
587 3054 622 3083 ut
646 3053 800 3083 tinderum
827 3053 947 3092 pridem
970 3061 1044 3084 cum
1064 3053 1118 3084 illo

81 3103 234 3135 initorum
247 3103 459 3141 meminisset;
474 3104 521 3134 sin
538 3104 643 3134 minus
654 3128 661 3142 ‚
677 3113 710 3134 se
721 3128 729 3142 ‚
747 3106 777 3135 et
790 3104 963 3135 domestico
980 3103 1121 3135 exercitu

81 3157 114 3188 et
134 3155 308 3187 auxiliariis
333 3156 430 3195 copiis
448 3156 583 3194 fretum,
604 3155 723 3186 bellum
746 3158 944 3195 paraturum.
974 3158 1013 3187 Et
1036 3155 1122 3188 misit

82 3216 156 3239 tane
169 3205 371 3240 Recimerum
390 3207 559 3246 patricium
571 3215 644 3237 eum
660 3207 803 3238 exercitu
821 3207 852 3237 in
867 3207 1018 3238 Siciliam.

123 3259 296 3292 Priseusde
308 3258 468 3298 Charybdi
482 3258 559 3290 dicit
575 3270 581 3289 :
597 3260 705 3295 Quum
719 3260 827 3289 antem
839 3259 976 3289 Siciliam
992 3259 1120 3298 praetrr·

84 3311 270 3352 navigarent
284 3310 376 3350 juxta
391 3312 564 3341 Messanam
579 3310 608 3340 in
626 3310 705 3340 freto
723 3310 846 3348 ltaliae,
865 3310 916 3340 ubi
942 3310 1119 3349 Charybdis

83 3367 140 3401 est,
157 3363 335 3404 ingentibus
351 3363 468 3394 coortis
491 3362 635 3403 procellis
653 3371 747 3393 naves
770 3372 844 3393 cum
865 3363 937 3403 ipsis
954 3363 1028 3394 viris
1046 3363 1122 3394 snb-

84 3424 194 3446 mersa:
208 3416 293 3446 sunt.

901 198 1067 260 Pss'ism
1098 219 1158 258 ΡΑ
1168 218 1304 257 NlTAE

1176 307 1219 356 τῇ
1236 304 1410 356 Μεσσήνῃ
1433 303 1525 342 κατὰ
1545 303 1603 342 τὸν
1622 303 1776 356 πορθμὸν
1795 306 1856 351 τ’ἥς
1878 303 2046 352 Ἰταλίας,
2066 305 2101 342 ἐν
2120 297 2219 358 ᾧπερ

1176 366 1198 409 ἡ
1226 363 1422 415 Χάρυὸδις,
1444 362 1647 413 πνευμάτων
1673 362 1909 402 ἔπιλαὸόντων
1937 364 2086 412 δυσαῶν,
2104 365 2219 407 αὐτοῖς

1177 421 1322 473 ἀνδράσι
1341 420 1551 459 κατέδυσαν.
1575 437 1590 454 n

1581 519 1645 555 25.
1680 518 1816 569 (456.)

1230 607 1377 644 Ibidem
1392 620 1433 655 p.
1457 607 1517 653 73.
1536 610 1583 652 74
1603 619 1611 642 :
1627 604 1712 644 οὈτι
1725 607 1793 642 τῶν
1811 604 1999 655 Ῥωμαίων
2011 605 2045 648 ἐς
2062 605 2222 658 Κόλχους

1177 664 1344 704 ἐλθόντων
1359 663 1419 702 καὶ
1435 662 1685 713 συμὸαλόντων
1702 663 1856 714 πόλεμον
1867 663 1950 716 πρὸς
1963 662 2115 710 Λαζοὺς,
2129 667 2148 702 ὁ
2159 662 2222 714 μὲν

1179 721 1381 773 Ῥωμαϊκὸς
1400 721 1545 774 στρατὸς
1561 723 1595 765 ἐς
1615 722 1658 759 τὰ
1679 722 1827 775 σφέτερα
1850 721 2084 770 ἐπανέζευξεν,
2102 721 2163 760 καὶ
2189 723 2221 760 οἷ

1180 782 1269 835 ἀμφὶ
1285 779 1329 819 τὰ
1350 780 1509 832 βασίλεια
1529 779 1613 832 πρὸς
1631 779 1694 826 τὴν
1715 780 1833 832 ἑτέραν
1860 780 1978 832 μάχην
2006 781 2223 833 παρεσκευά·

1178 843 1294 887 ζοντο,
1319 838 1560 891 βουλευόμενοι
1580 837 1723 891 πότερον
1741 838 1803 885 τὴν
1824 838 1931 886 αὐτὴν
1953 837 1976 885 ἢ
1997 839 2059 885 τὴν
2079 841 2123 877 δι’
2139 838 2222 892 Ἀρ-

1179 898 1298 949 μενίας
1318 900 1378 944 τῆς
1400 899 1545 949 Περσῶν
1565 896 1683 950 χώρας
1702 897 1887 948 προσοίκου
1907 895 2128 949 πορευθέντες
2143 897 2222 936 ὁδὸν

1177 955 1235 994 τὸν
1250 955 1401 1006 πόλεμον
1418 954 1603 1006 ἐπάξουσι,
1615 954 1781 1008 πρότερον
1796 954 1965 1008 πρεσὸείᾳ
1976 955 2034 994 τὸν
2047 955 2222 1008 μόναρχον

1177 1016 1244 1052 τῶν
1262 1013 1473 1065 Παρθυαίων
1495 1012 1690 1057 πείσαντες·
1708 1013 1800 1052 κατὰ
1816 1012 1886 1065 ,γὰρ
1904 1012 2079 1051 θάλατταν
2097 1012 2223 1064 ἄπορος

1179 1074 1292 1116 αὐτοῖς
1309 1078 1378 1110 πᾶν
1401 1071 1554 1124 (ἄπορον
1578 1073 1691 1116 αὐτοῖς
1712 1065 1798 1110 εἶναι
1813 1073 1924 1111 Nieb.
1940 1070 1949 1122 )
1967 1071 2141 1121 ἐνομίζετο
2160 1071 2222 1114 τὰς

1179 1130 1377 1182 δυσχωρίας
1406 1132 1618 1182 παραπλεῖν,
1645 1130 1808 1180 ἀλιμένου
1836 1133 1897 1177 τῆς
1925 1129 2067 1181 Κόλχου
2091 1144 2223 1181 τυγχα-

1177 1189 1315 1236 νούσης.
1335 1188 1381 1228 ‘O
1413 1187 1448 1227 δὲ
1480 1188 1648 1237 Γωὸάζης
1678 1188 1909 1241 ἐπρεσὸεύετο
1942 1189 2004 1238 μὲν
2033 1187 2092 1226 καὶ
2123 1187 2224 1231 αὐτὸς

1178 1247 1276 1301 παρὰ
1295 1247 1372 1291 τοὺς
1392 1247 1635 1300 Παρθυαίους,
1656 1245 1884 1300 ἐπρεσὸεύετο
1906 1246 1942 1284 δὲ
1961 1245 2022 1285 καὶ
2044 1244 2141 1298 παρὰ
2165 1245 2224 1284 τὸν

1180 1304 1327 1358 βασιλέα
1343 1306 1550 1357 Ῥωμαίων.
1572 1305 1644 1345 Καὶ
1664 1307 1683 1343 ὁ
1700 1303 1762 1355 μὲν
1781 1307 1848 1342 τῶν
1866 1305 2019 1356 Πάρθων
2035 1303 2224 1356 μόναρχος,

1177 1366 1223 1408 ὡς
1239 1363 1393 1414 πολέμου
1414 1365 1508 1416 αὐτῷ
1526 1362 1776 1414 συνισταμένου
1797 1363 1880 1415 πρὸς
1896 1362 2047 1406 Οὔννους
2062 1361 2138 1405 τοὺς
2159 1363 2224 1401 Κι-

1178 1422 1320 1475 δαρίτας
1339 1423 1595 1473 καλουμένους,
1613 1422 1822 1461 ἀπεσείσατο
1835 1424 1919 1474 παρ’
1937 1421 2039 1460 αὐτὸν
2056 1420 2134 1465 τοὺς
2149 1423 2224 1460 Λα-

1179 1481 1254 1526 ζοὺς
1274 1481 1570 1534 καταφεύγοντας.

1579 1562 1643 1599 26.
1677 1561 1813 1613 (456.)

1205 1646 1322 1691 ⁸Exc.
1352 1657 1409 1691 De
1435 1655 1508 1703 leg.
1539 1661 1641 1703 gent.
1662 1666 1703 1702 p.
1729 1657 1773 1696 [01
1809 1667 1817 1689 :
1839 1650 1925 1691 ’Ότι
1948 1651 2116 1699 Γωὸάζης
2134 1663 2224 1703 πρε-

1179 1711 1341 1750 σὸεύεται
1353 1711 1450 1762 παρὰ
1457 1710 1669 1761 Ῥωμαίους.
1684 1710 1930 1760 Ῥωμαῖοιδὲ
1912 1710 2142 1763 απεκρίναντο
2155 1713 2224 1754 τοῖς

1179 1764 1275 1817 παρὰ
1296 1767 1325 1804 I
1327 1764 1466 1809 westou
1483 1765 1641 1802 σταλεῖσι
1665 1762 1869 1815 πρέσὸεσιν,
1895 1765 1941 1806 ὡς
1960 1762 2142 1816 ἀφέξονται
2164 1767 2226 1801 του

1179 1823 1356 1873 πολέμου,
1374 1823 1442 1875 εἴγε
1461 1821 1484 1869 ἢ
1506 1822 1607 1865 αὐτὸς
1623 1821 1797 1869 Γωὸάζης
1815 1822 1979 1861 ἀπόθοιτο
2001 1821 2064 1869 τὴν
2095 1821 2224 1874 ἀρχὴν,

1179 1881 1202 1928 ἢ
1223 1881 1281 1919 τὸν
1301 1882 1410 1919 παῖδα
1431 1884 1492 1927 τῆς
1519 1880 1695 1933 βασιλείας
1718 1881 1896 1933 ἀφέλοιτο·
1912 1882 1949 1918 οὗ
1970 1881 2037 1933 γὰρ
2055 1879 2150 1929 θέμις
2165 1882 2226 1926 τῆς

1179 1940 1299 1993 χώρας
1340 1939 1555 1991 ἀμφοτέρους
1591 1939 1813 1990 ἡγεμονεύειν
1851 1938 1949 1991 παρὰ
1979 1938 2038 1977 τὸν
2074 1938 2225 1977 παλαιὸν

1181 1999 1320 2048 θεσμόν.
1340 1998 1453 2037 ΕΏστε
1471 1998 1506 2036 δὲ
1527 1998 1668 2050 θάτερον
1696 1997 1905 2050 βασιλεύειν,
1932 1997 2104 2045 Γωὸάζην
2123 1997 2146 2044 ἢ
2166 1996 2224 2035 τὸν

1182 2058 1286 2095 αὐτοῦ
1306 2058 1436 2105 παῖδα,
1455 2059 1516 2103 τ”ἧς
1535 2056 1724 2108 Κολχίδος,
1741 2055 1800 2094 καὶ
1815 2057 1898 2108 τῇδε
1913 2057 2058 2103 λυθῆναι
2079 2056 2137 2094 τὸν
2156 2055 2226 2095 πό-

1221 2228 1355 2260 Romani
1370 2227 1402 2259 in
1422 2227 1607 2259 Colchidem
1627 2227 1760 2268 profecti
1779 2227 1863 2259 bello
1882 2227 2036 2260 adversus
2053 2229 2153 2260 Lazos
2167 2227 2224 2260 de-

1181 2281 1319 2319 certant,
1333 2287 1392 2319 nec
1406 2279 1508 2310 multo
1520 2282 1590 2320 post
1601 2280 1818 2311 Romanorum
1829 2279 1989 2311 exercitus
1997 2279 2036 2311 ad
2049 2287 2107 2312 sua
2119 2279 2224 2312 rediit.

1182 2333 1289 2369 Quum
1303 2332 1411 2362 autem
1426 2331 1598 2371 imperator
1607 2331 1713 2362 denuo
1726 2330 1846 2362 bellum
1864 2332 2007 2371 repetere
2019 2333 2225 2372 praepararet,

1181 2382 1349 2413 consilium
1363 2382 1489 2421 habuit,
1506 2391 1546 2413 an
1560 2382 1671 2414 eadem
1683 2382 1734 2414 via
1748 2382 1905 2422 insistens,
1919 2391 1960 2413 an
1971 2391 2026 2423 per
2042 2383 2225 2415 Armeniam

1182 2435 1350 2465 Persarum
1366 2442 1461 2473 regno
1478 2434 1636 2465 confinem
1646 2458 1655 2474 ,
1667 2433 1729 2466 fide
1742 2434 1829 2474 prius
1842 2442 1861 2464 a
1877 2433 2069 2465 Parthorum
2084 2442 2156 2474 rege
2172 2443 2224 2466 ac-

1181 2487 1284 2525 cepta,
1294 2485 1414 2516 bellum
1432 2485 1570 2516 inferret.
1582 2485 1708 2517 Etenim
1720 2494 1821 2525 quum
1835 2484 1996 2518 Colchidis
2006 2493 2062 2517 ora
2069 2487 2152 2518 esset
2165 2486 2224 2517 im-

1183 2539 1348 2578 portuosa,
1364 2547 1414 2570 res
1427 2538 1520 2569 nimis
1533 2538 1633 2569 ardua
1643 2538 1716 2578 ipsis
1730 2538 1895 2570 videbatur
1909 2538 1996 2570 locos
2010 2537 2141 2570 infestos
2153 2544 2227 2576 pm·-

1181 2589 1389 2628 ternavigare.
1420 2589 1563 2621 Gohazes
1573 2598 1700 2629 quoque
1711 2590 1830 2629 legatos
1841 2589 1927 2621 misit
1939 2589 1980 2620 ad
1994 2589 2128 2621 Parthos
2141 2590 2174 2621 et
2183 2589 2224 2620 ad

1181 2640 1406 2680 imperatorem
1434 2642 1663 2671 Romanorum.
1696 2642 1737 2672 Et
1763 2641 1952 2672 Parthorum
1986 2639 2116 2680 quidem
2146 2649 2201 2672 rex
2212 2665 2224 2680 ,

1181 2691 1257 2732 quia
1280 2691 1402 2723 bellum
1416 2691 1460 2722 ilii
1482 2693 1550 2722 crat
1570 2700 1642 2722 cum
1662 2692 1801 2730 Hunnis,
1815 2698 1896 2732 quos
1909 2691 2067 2724 Cidaritas
2083 2693 2223 2731 vocant,

1189 2745 1290 2775 Lazos
1314 2741 1354 2774 ad
1375 2751 1409 2774 se
1426 2742 1642 2782 confugientes
1655 2741 1773 2782 rejecit.

1678 2797 1733 2828 26.

1222 2845 1367 2878 Gobazes
1391 2845 1510 2885 legatos
1527 2845 1611 2877 misit
1628 2845 1666 2877 ad
1684 2847 1858 2883 Romanos,
1876 2845 1993 2885 quibus
2013 2843 2146 2878 Romani
2172 2854 2223 2889 re-

1186 2898 1397 2939 sponderunt,
1418 2907 1451 2929 se
1469 2907 1488 2928 a
1501 2897 1585 2928 hello
1602 2900 1800 2936 cessaturos,
1820 2897 1845 2928 si
1866 2906 1998 2937 regnum
2018 2899 2075 2929 aut
2086 2898 2151 2938 ipse
2166 2898 2222 2930 ‹ie-

1182 2950 1327 2991 poneret,
1341 2951 1397 2980 aut
1409 2949 1475 2980 filio
1488 2948 1652 2980 adimeret.
1666 2951 1731 2980 Nec
1745 2949 1827 2979 enim
1842 2948 1889 2979 sas
1901 2957 1968 2980 esse
1984 2949 2159 2980 secundum
2170 2957 2223 2981 an·

1182 3003 1304 3043 tiquam
1320 3001 1454 3041 regionis
1466 3002 1566 3041 legem
1578 3025 1586 3040 ,
1604 3001 1685 3032 duos
1705 3001 1799 3032 simul
1815 3000 1982 3032 dominari.
1999 3002 2109 3041 ltaque
2125 3011 2222 3042 opor-

1182 3056 1311 3087 tereaut
1322 3054 1424 3094 ipsum
1435 3053 1607 3092 Gobamm,
1620 3054 1676 3083 aut
1689 3052 1756 3091 ejtis
1766 3052 1864 3083 tilium
1874 3061 2003 3091 regnare
2013 3052 2044 3083 in
2056 3052 2221 3092 Colchide,

1182 3108 1279 3146 atque
1292 3105 1336 3137 ita
1349 3105 1467 3137 bellum
1479 3104 1620 3136 solutum
1634 3104 1681 3134 iri.
1696 3105 1773 3135 llaec
1788 3103 1983 3143 Euphemius
1994 3103 2054 3134 illis
2068 3106 2223 3143 suaserat,

1182 3158 1238 3198 qui
1261 3155 1401 3197 magistri
1425 3155 1606 3187 officiorum
1622 3154 1808 3194 dignitatem
1833 3154 1980 3194 adeptus,
1999 3154 2169 3194 prudentia
2192 3157 2225 3186 et

1182 3209 1364 3249 eloquentia
1386 3207 1509 3245 clarus,
1541 3207 1602 3238 sub
1634 3207 1795 3239 Marciano
1823 3196 2015 3245 imperatore
2039 3205 2223 3246 reipublicae

1183 3260 1491 3293 administrationem
1506 3259 1646 3299 gerebat,
1669 3261 1702 3290 et
1716 3259 1893 3290 multorum
1908 3259 2103 3298 optimorum
2118 3259 2220 3290 consi-

1183 3313 1298 3344 liorum
1315 3313 1426 3343 auctor
1441 3311 1486 3342 illi
1506 3311 1574 3342 suit.
1592 3311 1650 3342 llic
1666 3310 1808 3341 Priscum
1828 3318 1957 3350 quoque
1971 3309 2063 3348 huJus
2082 3309 2222 3341 historiae

1183 3365 1369 3404 scriptorem
1389 3370 1577 3394 assessorem
1596 3361 1655 3392 sibi
1681 3360 1838 3400 adjunxit.
1866 3361 2009 3392 Gobazes
2035 3360 2141 3400 igitur,
2163 3360 2224 3392 sibi

1184 3414 1288 3446 delata
1314 3414 1462 3454 optione,
1480 3412 1565 3452 regni
1586 3412 1716 3452 imigma
1734 3411 1879 3451 deposuit
1894 3435 1902 3450 ,
1929 3414 1960 3443 et
1980 3420 2075 3452 regno
2091 3411 2155 3442 tilio
2169 3418 2221 3442 ce-
