2326 3724
0 0 20 228 l

0 229 17 800 ᾗ

542 183 1178 288 HESYCHIUS
1234 196 1784 286 MILESIUS.

146 567 280 605 Suidas
311 578 320 605 ε

93 624 274 677 δικηγόρου
292 623 354 662 καὶ
377 623 613 676 Φιλοσοφίας,
641 621 787 674 γεγονὼς
815 622 873 660 ἐπὶ
901 622 1127 661 Ἀναστασίου

94 683 278 734 βασιλέως.
298 681 478 735 Ἔγραψεν
501 680 779 742 ᾯνοματολόγον
797 680 821 727 ἢ
845 682 985 720 Πίνακα
1005 682 1073 718 τῶν
1094 681 1134 727 ἐν,

93 740 235 793 παιδείᾳ
255 742 472 791 ὀνομαστῶν,
488 744 526 778 οὓ
546 739 695 790 ἐπιτομή
712 742 785 778 ἐστι
801 743 901 778 τοῦτο
920 738 959 777 τὸ
981 739 1126 791 βιὸλίον.

95 799 165 838 Καὶ
194 800 368 852 Χρονικὴν
393 799 561 852 ἱστορίαν,
586 798 708 845 ἥντινα
734 799 836 836 διεῖλε
859 799 907 842 εἷς
926 797 960 842 ἒξ
981 797 1127 843 διαστή-

92 871 188 904 ματα
209 857 317 908 (off-to)
334 856 402 909 γὰρ
419 858 520 895 καλεῖ
536 856 679 895 ἕκαστον
703 855 835 908 βιῧλίον
847 857 872 907 ),
900 857 933 894 ἐν
955 849 1003 899 οἷς
1022 855 1128 908 ἐμφέ-

93 928 209 966 ρονται
224 916 260 953 αἱ
271 915 362 953 κατὰ
371 914 509 968 καιροὺς
521 913 663 967 πράξεις
675 916 743 952 τῶν
755 913 944 964 Ῥωμαίων
958 914 1126 966 βασιλέων

91 971 150 1010 καὶ
169 973 205 1010 αἱ
219 974 416 1012 δυναστεῖαι
435 975 503 1011 τῶν
518 973 609 1012 κατὰ
623 972 720 1017 ἔθνος
734 972 982 1024 κρατησάντων
1003 971 1126 1025 τυράν-

92 1044 160 1068 νων
174 1031 234 1069 καὶ
251 1031 295 1069 τὰ
311 1031 401 1070 κατὰ
421 1032 460 1070 τὸ
481 1032 668 1077 Βυζάντιον
682 1030 882 1083 πραχθέντα
903 1030 965 1075 ἕως
981 1034 1043 1078 τῆς
1061 1034 1125 1082 βα-

91 1088 220 1133 σιλείας
248 1090 495 1138 Ἀναστασίου,
526 1094 586 1129 τοῦ
624 1089 922 1140 ἔπονομαζομένου
963 1090 1123 1142 Δικόρου.

92 1147 152 1190 Εἷς
166 1146 209 1199 δὲ,
222 1148 280 1202 τὸν
299 1148 429 1187 πίνακα
452 1151 520 1188 τῶν
538 1150 573 1186 ἐν
596 1148 738 1201 παιδείᾳ
766 1147 979 1201 λαμψάντων
999 1149 1126 1195 ἐκκλη-

92 1209 280 1257 σιαστικῶν
297 1207 516 1246 διδασκάλων
533 1206 668 1251 οὐδενὸς
681 1206 909 1257 μνημονεύει·
926 1210 972 1251 ὡς
988 1209 1028 1246 ἐκ
1049 1206 1126 1244 τού-

89 1279 158 1301 των
193 1261 560 1318 ὑπόνοιαψπαρέχειν,
591 1266 640 1315 μὴ
668 1260 756 1303 εἶναι
785 1265 886 1303 αὐτὸν
905 1265 1127 1318 Χριστιανὸν,

90 1321 180 1360 ἀλλὰ
199 1325 261 1370 τῆς
274 1323 484 1371 Ἑλληνικῆς
505 1323 754 1375 ματαιοπονίας
772 1324 965 1363 ἀνάπλεων.

141 1384 262 1431 Igitur
275 1385 484 1432 Hesychius
496 1412 506 1430 ‚
524 1387 590 1433 qui
605 1397 627 1421 a
646 1386 830 1434 dignitate
851 1387 1026 1430 Iam-tris,
1051 1382 1125 1422 Ἶλ-

88 1438 267 1491 λύστριος,
298 1444 430 1479 vocari
455 1444 575 1487 solet,
595 1444 760 1491 patriam
778 1444 913 1480 habuit
933 1445 1123 1489 Miletum,

86 1507 234 1548 patrem
258 1501 487 1549 Hesychium
500 1527 511 1547 ,
539 1509 699 1538 matrem
720 1503 882 1550 denique
895 1530 905 1548 ,
933 1505 964 1539 si
982 1511 1126 1539 veteres

87 1558 210 1595 Suidae
231 1559 416 1596 editiones
429 1561 637 1608 sequimur,
666 1561 861 1608 Sophiam.
894 1564 1032 1599 Verum
1052 1575 1124 1610 pro

87 1617 239 1669 vulgata
259 1615 319 1654 καὶ
343 1616 475 1668 Σοφίας
504 1620 640 1667 optimi
667 1620 790 1656 Suidae
815 1620 966 1656 codices
995 1621 1124 1658 ABVE

87 1673 257 1724 praebent
283 1674 342 1713 καὶ
358 1675 570 1728 φιλοσοφίας.
595 1693 611 1710 «
636 1679 713 1714 Nec
744 1686 885 1714 temere
900 1705 910 1724 ‚
939 1680 1123 1716 Bernhar-

89 1733 184 1781 dyus
199 1735 252 1770 ait
266 1761 277 1780 ‚
301 1736 508 1783 praesertim
523 1748 641 1783 quum
661 1737 700 1772 in
725 1737 882 1773 Labbaei
902 1738 1037 1775 Glossis
1050 1740 1123 1774 Ba-

87 1791 144 1830 sil.
162 1799 279 1829 exstet
292 1794 310 1830 ὁ
331 1790 565 1845 Ἰλλούστριος
584 1792 752 1845 Ἣσύχιος
767 1796 785 1831 ὅ
812 1795 1047 1847 φιλοσοφήσας
1063 1798 1124 1840 τῆς

86 1846 276 1895 Μιλησίας.
290 1852 449 1888 Accedit
464 1853 568 1900 quod
579 1854 734 1889 Photius
754 1855 843 1890 item
857 1855 953 1890 Bibl.
969 1856 1056 1891 cod.
1074 1855 1124 1903 69

84 1908 392 1961 ΡοευίῐἩσυχίου
401 1909 460 1947 καὶ
469 1910 695 1963 Φιλοσοφίας,
703 1913 771 1948 ubi
781 1914 887 1949 libris
899 1915 1022 1949 invitis
1033 1915 1124 1950 olim

85 1967 280 2015 legebatur
291 1967 351 2006 καὶ
369 1967 514 2019 Σοφίας.
536 1972 671 2018 Itaque
682 1969 742 2007 καὶ
757 1971 887 2022 Σοφίας
902 1973 1121 2021 repudiavi3

87 2037 318 2073 quamquam
325 2039 406 2074 quae
418 2027 599 2063 doctrinae
607 2040 745 2076 genera
754 2037 962 2065 memorata
971 2030 1121 2076 fuerint,

86 2083 189 2119 haud
202 2084 370 2121 divinare
382 2086 485 2121 licet.
503 2101 519 2118 ιι
537 2086 631 2123 Mihi
646 2098 736 2124 vero
762 2100 840 2123 non
856 2089 1036 2124 doctrinae
1059 2102 1125 2138 ge-

85 2152 176 2177 nera
188 2143 252 2179 sed
261 2143 390 2179 matris
403 2156 543 2179 nomen
556 2147 846 2181 commemorari
858 2147 960 2194 apud
971 2147 1124 2183 Suidam

86 2200 250 2237 videtur.
270 2203 326 2238 Eo
349 2203 450 2239 enim
465 2202 571 2239 ducit
590 2204 766 2252 Photius3
786 2205 878 2240 etin
891 2205 1026 2241 Glossis
1038 2207 1120 2241 Bas.

86 2257 259 2297 facillime
269 2261 517 2297 emendatur:
537 2260 754 2314 Φιλοσοφίας
776 2264 837 2308 τῆς
859 2262 1048 2309 Μιλησίας.
1068 2267 1123 2301 Ac

85 2316 217 2362 quidni
225 2318 328 2366 apud
338 2320 545 2364 Romanos,
558 2320 625 2367 qui
636 2332 776 2356 nomen
785 2318 915 2372 Σοφίας
926 2321 964 2356 in
976 2322 1053 2357 hon
1059 2335 1124 2358 ore

87 2372 282 2412 habebant
291 2405 302 2422 ,
315 2377 521 2414 modestius
533 2379 647 2414 etiam
661 2377 874 2429 Φιλοσοφίας
888 2392 1027 2416 nomen
1039 2393 1124 2416 mu-

84 2432 167 2469 lieri
190 2435 352 2471 inditum
371 2436 445 2472 sit?
460 2456 510 2464 —
537 2436 678 2475 Filium
699 2449 743 2473 ex
768 2450 888 2474 uxore
919 2440 1124 2486 Hesychius

86 2493 246 2541 suscepit
254 2489 275 2529 J
278 2505 441 2530 oannem
456 2521 467 2539 ‚
483 2507 596 2543 quem
609 2495 728 2532 fatum
740 2503 1009 2545 praematurum
1022 2500 1123 2547 patri

84 2550 224 2599 eripuit
245 2551 377 2600 (Phot.
400 2554 487 2589 cod.
506 2554 591 2601 69).

135 2609 281 2645 Deinde
295 2610 427 2646 Suidas
444 2611 579 2647 vixisse
595 2611 824 2659 Hesychium
838 2601 1010 2649 dicit-sub
1021 2616 1120 2650 Ana-

8 2679 20 2714 s·
83 2667 215 2712 stasi03
229 2675 332 2703 recte
344 2668 482 2716 procul
501 2669 641 2715 dubio;
660 2670 724 2706 sed
738 2671 834 2706 vixit
846 2672 960 2707 etiam
970 2672 1038 2708 sub
1054 2674 1072 2708 J
1078 2685 1120 2708 u·

83 2722 180 2758 stino
194 2725 212 2759 I
226 2732 263 2760 et
274 2725 499 2763 Justiniano.
512 2728 608 2763 Nam
621 2728 886 2766 Constantinus
899 2731 1119 2779 Porphyro·

4 2760 21 2791 ’θ’
83 2781 228 2827 genitus
240 2783 297 2819 De
308 2784 424 2821 them.
440 2785 480 2830 Ι,
500 2797 521 2820 2
541 2798 583 2834 p.
606 2785 652 2821 18
665 2787 788 2822 Bonn.
809 2799 818 2822 :
837 2785 929 2824 Οὔτε
942 2786 1008 2838 γὰρ
1025 2789 1119 2840 Προ-

83 2835 217 2885 κόπιος,
230 2841 299 2886 ait,
319 2839 397 2878 οὔτε
408 2840 609 2894 Μένανδρος
621 2841 700 2880 οὔτε
712 2842 877 2895 Ἡσύχιος
892 2843 1120 2898 Ἰλλούστριος

82 2893 317 2944 ἐμνημόνευσε
342 2902 402 2936 τοῦ
428 2899 584 2939 τοιούτου
613 2900 779 2951 ὀνόματος
799 2904 872 2952 (sc.
898 2906 958 2941 τοῦ
975 2902 1120 2953 θέματος

69 2949 347 3007 .Ἇρμενιακοῦ),
362 2958 392 2994 οἱ
407 2956 452 2995 τὰ
471 2958 626 3009 Χρονικὰ
641 2959 867 3005 συντάξαντες
880 2960 937 2999 ἐπὶ
954 2964 1014 3008 τῆς
1030 2963 1117 3001 ’Iou-

82 3015 254 3051 στινιανοῧ
286 3014 476 3064 βασιλείας.
507 3018 614 3055 Idem
643 3021 758 3056 etiam
788 3021 878 3066 inde
912 3022 1117 3070 colligitur,

75 3071 188 3116 ,quod
210 3073 421 3121 'Hesychius
450 3075 624 3113 historias
649 3090 734 3114 suas
759 3091 879 3127 usque
904 3079 953 3115 ad
976 3081 1120 3128 primos

81 3137 198 3165 annos
218 3132 325 3179 regni
351 3131 578 3171 Justinianei
601 3135 780 3182 deduxit,
804 3144 842 3173 et
866 3138 1120 3186 probabiliter

3 3185 18 3204 Ὗ
81 3185 194 3222 etiam
206 3189 302 3225 ultra
316 3190 547 3228 deducturus
559 3193 700 3239 fuisset,
710 3195 783 3230 nisi
796 3207 817 3231 a
829 3195 1033 3232 scribendo
1044 3198 1118 3232 ani·

80 3253 184 3279 mum
197 3248 388 3284 avertisset
398 3250 525 3286 dilecti
539 3264 640 3287 mors
651 3251 734 3288 filii.
749 3253 923 3301 Denique
930 3266 1015 3298 ¹rem
1028 3267 1117 3290 con-

81 3297 213 3338 ficiunt
225 3316 268 3340 ea
289 3318 372 3353 quae
388 3307 434 3343 de
449 3308 684 3345 Triboniano
699 3307 926 3347 assentatore
941 3312 1118 3360 leguntur

82 3357 120 3392 in
131 3357 412 3416 Ὀνοματολόγῳ.
434 3367 508 3412 Qui
535 3367 690 3415 quidem
715 3368 972 3407 Tribonianus
998 3382 1117 3418 quum

1110 3439 1163 3465 143

348 564 400 604 ‘H
413 563 565 617 σύχιος
596 562 844 614 Μιλήσιος,
864 563 934 607 υἱὸς
956 562 1130 616 Ἥσυχίου
1185 560 1323 609 τἘλλην
1343 562 1404 600 καὶ
1421 561 1533 608 ἄθεος,
1553 565 1580 599 i.
1601 576 1635 600 e.
1652 563 1820 599 ethnicus
1834 571 1874 599 et
1897 565 2047 611 impius,
2064 563 2227 608 dicatur,

1187 623 1297 658 simul
1308 623 1397 658 hinc
1410 623 1530 670 liquet
1545 623 1771 671 Hesychium
1784 623 1966 671 religione
1981 622 2231 658 Christianum

1187 679 1310 716 fuisse.
1326 681 1434 718 Adde
1449 681 1555 728 quod
1564 682 1662 717 inter
1673 681 1832 728 Sibyllas
1842 681 2006 729 primam
2021 679 2129 715 fuisse
2147 692 2228 715 nar-

1186 746 1246 774 rat
1262 739 1473 775 Chaldaeam
1482 736 1543 784 τὴν
1570 738 1669 790 περὶ
1697 739 1730 777 Χ
1742 753 1758 790 ρ
1769 753 1809 775 ισ
1820 741 1895 776 τοῦ
1921 735 2227 788 προφητεύσασαν,

1188 798 1272 833 Alia
1286 798 1487 843 nonnulla,
1516 810 1599 845 quae
1623 799 1664 832 in
1691 797 1850 833 eandem
1875 797 2098 832 sententiam
2113 796 2229 831 inter-

1188 856 1374 904 pretanda
1405 856 1509 905 apud
1543 856 1776 904 Hesychium
1814 861 2041 899 occurrunt,
2081 854 2232 901 collegit

1188 914 1277 952 Chr.
1306 915 1629 951 Thorschmidtius
1656 916 1695 950 in
1721 914 1934 952 Comment.
1963 915 2019 949 De
2046 912 2231 959 Hesychio

1187 974 1330 1009 Milesio
1346 973 1832 1024 Chr-IstianofflVittenberg
1880 972 1997 1019 17163
2013 978 2050 1007 et
2071 971 2233 1019 repetita

1187 1032 1227 1066 in
1247 1032 1424 1079 Hesychii
1442 1032 1575 1067 Milesii
1591 1031 1782 1080 opusculis
1795 1032 1831 1066 II
1843 1057 1854 1075 ‚
1870 1031 1931 1066 ed.
1951 1030 2111 1066 Orellius
2128 1029 2228 1076 Lips.

1195 1089 1314 1134 1820,
1329 1103 1370 1138 p.
1396 1090 1467 1126 261
1494 1089 1614 1139 sqq.).
1635 1092 1791 1126 Temere
1816 1090 1933 1138 igitur
1955 1088 2088 1125 Suidas
2106 1088 2232 1123 ethni-

1188 1161 1275 1184 cum
1288 1147 1516 1196 Hesychium
1535 1150 1643 1184 fuisse
1668 1149 1881 1198 suspicatur
1905 1161 1950 1183 ex
1967 1160 2012 1183 eo
2027 1173 2037 1192 ,
2066 1146 2171 1194 quod
2193 1147 2233 1182 in

1187 1208 1467 1256 Onomatologo
1482 1220 1588 1243 sacra
1600 1208 1758 1244 miscere
1770 1207 1940 1255 profanis
1950 1213 2083 1242 auctor
2092 1205 2228 1241 noluit.

1241 1267 1401 1315 Scripsit
1424 1266 1635 1313 Hesychius
1665 1261 1982 1314 Ὀνοματολόγονῆ
2008 1261 2137 1299 πίνακα
2162 1265 2230 1300 τῶν

1190 1325 1225 1361 ἐν
1246 1324 1388 1376 παιδείᾳ
1409 1325 1626 1374 ὀνομαστῶν,
1646 1317 1684 1361 οῧ
1710 1322 1858 1372 ἐπιτομή
1885 1324 1976 1360 ἐστιν
2002 1324 2103 1360 τοῦτο
2123 1320 2162 1359 τὸ
2182 1324 2232 1373 βι·

1188 1382 1297 1422 ὅλίον,
1325 1400 1340 1416 «
1364 1386 1453 1420 Haec
1470 1383 1482 1433 (
1499 1375 1718 1420 Naekius'ait
1733 1384 1773 1418 in
1794 1383 1940 1419 Choeril.
1959 1382 2005 1417 fr.
2024 1395 2064 1430 p.
2082 1381 2151 1431 34)
2170 1382 2231 1416 in-

1187 1443 1367 1479 credibile
1393 1450 1553 1490 quantas
1578 1443 1707 1478 turbas
1733 1442 1919 1479 dederint.
1945 1441 2142 1485 Albertus,
2162 1440 2231 1475 ubi

1186 1502 1308 1537 Suidae
1322 1503 1450 1537 locum
1466 1501 1621 1537 exhibet
1636 1513 1722 1536 cum
1735 1501 1930 1535 variorum
1942 1499 2042 1535 notis
2053 1525 2063 1543 ‚
2079 1499 2119 1533 in
2132 1499 2230 1534 Pro-

1185 1561 1281 1608 legg.
1300 1561 1347 1596 ad
1362 1561 1526 1607 Hesych.
1545 1561 1638 1595 Lex.
1667 1559 1733 1593 fol.
1752 1560 1769 1594 I
1784 1585 1794 1603 ,
1807 1560 1870 1594 Jo.
1885 1558 2006 1594 Vossii
2024 1557 2140 1593 verba
2154 1569 2231 1606 ap—

1184 1619 1295 1666 ponit
1308 1644 1318 1662 ,
1336 1631 1418 1665 quae
1432 1618 1572 1653 sibene
1595 1617 1764 1665 intelligo
1779 1643 1789 1661 ‚
1817 1616 1896 1651 haec
1924 1616 1996 1651 fuit
2011 1616 2130 1653 Vossii
2148 1628 2231 1651 sen-

1186 1678 1316 1721 tentia,
1335 1676 1488 1713 Suidam
1498 1676 1651 1711 lexicon
1662 1675 1757 1711 illud
1769 1681 1877 1710 suum
1889 1675 2080 1723 appellare
2096 1672 2230 1724 βιὸλίον

1185 1742 1223 1770 et
1255 1736 1459 1784 Epitomen
1485 1735 1666 1782 Hesycliii
1699 1726 1847 1770 Milesii.
1891 1734 2074 1769 Meursius
2111 1734 2230 1769 muti-

1185 1793 1263 1829 lum
1291 1806 1368 1830 esse
1394 1794 1570 1830 censebat
1596 1793 1775 1838 Suidam,
1807 1794 1914 1829 etita
1938 1793 2219 1841 supplendum:

1185 1851 1403 1900 ὀνομαστῶν,
1426 1850 1593 1900 Διογένην
1613 1850 1782 1902 Λαέρτιον
1801 1849 2062 1900 μιμησάμενος,
2080 1844 2119 1888 οὗ
2140 1851 2228 1887 ἐπι-

1185 1909 1273 1958 τομὴ
1289 1911 1366 1948 κτλ.
1383 1912 1503 1958 Quam
1515 1910 1775 1957 conjecturam
1789 1923 1918 1946 secure
1931 1910 2084 1959 repetiit
2100 1910 2228 1945 Thor-

1185 1969 1405 2005 schmidtius
1418 1970 1458 2004 in
1477 1970 1572 2004 Diss.
1592 1971 1648 2005 De
1661 1969 1850 2016 Hesychio
1866 1969 2027 2004 Milesio.
2051 1968 2228 2004 Albertus

1185 2040 1266 2063 eam
1279 2040 1357 2063 non
1371 2027 1548 2063 refutavit
1558 2053 1568 2072 ,
1588 2035 1625 2063 et
1638 2029 1821 2062 Kiisterus
1832 2027 1881 2063 ad
1893 2027 2048 2063 Suidam
2066 2026 2229 2062 liberum

1185 2086 1231 2122 de
1249 2098 1293 2122 ea
1321 2087 1456 2122 lectori
1478 2085 1668 2132 judicium
1693 2087 1861 2134 reliquit.
1879 2085 1911 2121 A
1933 2098 2023 2121 vero
2052 2085 2228 2133 proxime

1184 2144 1305 2180 abfuit
1322 2145 1520 2181 Fabricius
1539 2146 1582 2181 B.
1604 2145 1669 2181 Gr.
1697 2146 1772 2190 VI,
1802 2157 1843 2193 p.
1874 2155 1949 2180 222
1975 2142 2039 2195 (Ἴ.
2062 2144 2230 2180 Breviter

1226 2303 1268 2344 (Ἴ
1279 2304 1444 2336 Fabricius
1456 2304 1477 2335 l.
1493 2303 1516 2335 l.
1538 2316 1545 2335 :
1565 2315 1580 2330 u
1598 2304 1668 2336 Hoc
1681 2303 1786 2344 potest
1805 2303 1850 2335 ita
1863 2303 2017 2343 intelligi,
2032 2304 2070 2334 ut
2085 2303 2168 2335 duos
2185 2303 2224 2335 li-

1183 2350 1258 2383 bros
1285 2351 1428 2391 ejusdem
1455 2350 1634 2391 argumenti
1659 2350 1875 2391 composuerit
1901 2350 2098 2390 Hesychius,
2124 2359 2225 2382 unum

1183 2398 1363 2430 uberiorem
1377 2422 1386 2438 ‚
1409 2407 1506 2438 quem
1521 2397 1709 2430 Callimachi
1725 2398 1872 2438 exemplo
1890 2397 2087 2437 inscripserit
2101 2397 2227 2429 Πίνακα

1183 2447 1215 2477 et
1233 2446 1370 2477 alterum
1383 2445 1440 2486 qui
1460 2445 1555 2476 hodie
1576 2446 1681 2476 exstat
1699 2445 1876 2476 breviorem
1895 2445 2153 2485 Ὀνοματολόγον,
2171 2444 2227 2484 qui

1183 2493 1279 2524 suerit
1294 2492 1408 2533 prioris
1423 2492 1525 2523 veluti
1543 2491 1699 2535 epitome„
1707 2491 1863 2532 Equidem
1882 2492 2039 2523 Meursius
2050 2492 2142 2531 putat
2155 2499 2227 2531 sup·

1183 2540 1298 2579 plenda
1313 2548 1380 2571 esse
1393 2539 1490 2571 verba
1505 2551 1513 2570 ε
1531 2539 1680 2576 Διογένην
1702 2539 1755 2570 τὸν
1771 2539 1922 2579 Λαέρτιον
1942 2538 2156 2579 μιμησάμενος
2166 2561 2175 2577 ,
2189 2538 2228 2569 οὗ

1182 2587 1319 2627 ἐπιτομή
1337 2587 1403 2618 ἐστι
1419 2587 1455 2618 τὸ
1472 2587 1571 2627 παρὸν
1599 2586 1728 2627 βιῧλίον.
1750 2585 1811 2617 Sed
1837 2593 2032 2626 quamqualn
2055 2585 2191 2624 plurima
2209 2593 2227 2617 e

1183 2634 1309 2665 Laertio
1323 2633 1434 2665 iisdem
1448 2633 1553 2664 verbis
1566 2633 1704 2672 repetiit,
1716 2632 1886 2672 Epitomen
1898 2631 2136 2663 tamen'Laertii
2147 2640 2226 2662 neu-

1181 2680 1302 2721 tiquam
1319 2681 1450 2721 praestat
1460 2702 1469 2718 ‚
1486 2688 1527 2711 ne
1542 2679 1647 2711 dicam
1665 2679 1807 2711 codicem
1821 2679 1945 2710 nullum
1956 2677 2065 2710 Suidae
2078 2686 2139 2711 ms,
2154 2686 2226 2709 con-

1179 2727 1317 2767 Jectume
1330 2726 1459 2759 Meursii
1482 2726 1645 2758 audaciori
1660 2725 1846 2766 suffragari,
1864 2727 1896 2757 et
1908 2725 2102 2765 Hesychium
2124 2725 2227 2756 multa

1183 2774 1321 2812 referre,
1337 2773 1377 2805 ‹le
1388 2773 1505 2813 quibus
1519 2773 1551 2804 in
1568 2774 1694 2805 Laertio
1708 2782 1747 2804 ue
1759 2773 1827 2814 γρῦ.
1846 2772 2006 2804 Nonnulla
2024 2780 2067 2803 ex
2080 2771 2227 2811 Hesycliii

1180 2820 1288 2853 libello
1299 2820 1494 2852 verbotenus
1510 2819 1644 2859 Suidas,
1661 2828 1726 2850 non
1739 2821 1866 2851 tantum
1882 2820 1913 2850 in
1930 2827 1960 2850 v.
1979 2817 2109 2857 Ξάνθος,
2126 2818 2225 2850 Ξενο-

1187 2867 1318 2909 κράτης,
1334 2867 1502 2907 Ποτάμων,
1520 2866 1660 2905 Φαίδων,
1678 2866 1732 2898 sed
1748 2867 1844 2899 etiam
1866 2868 1898 2897 in
1914 2866 2113 2902 Ἀπολλώνιος
2128 2889 2137 2905 ,
2156 2865 2225 2906 Ἀρι·

1181 2915 1271 2950 στέας
1279 2916 1312 2946 et
1332 2913 1402 2945 aliis
1417 2922 1513 2953 quam
1527 2913 1672 2953 plurimis
1682 2913 1770 2945 locis.
1787 2925 1803 2941 »
1818 2929 1860 2936 -—
1871 2925 1886 2940 «
1907 2913 2019 2944 Exstat
2035 2912 2087 2943 liic
2097 2911 2225 2943 libellus

1181 2970 1256 2994 mss.
1273 2960 1446 2993 Florentiae
1457 2961 1490 2991 in
1506 2959 1584 2992 bibl.
1603 2961 1699 2992 Laur.
1715 2959 1798 2992 Med.
1823 2959 1894 2992 cod.
1913 2961 2061 2991 XXXVll
2074 2982 2084 2999 ‚
2099 2967 2149 2990 nr.
2168 2962 2223 2997 10,

1181 3007 1213 3038 et
1242 3006 1315 3038 cod.
1341 3008 1435 3046 xlv,
1458 3014 1532 3038 saec.
1557 3009 1654 3046 XVI,
1685 3007 1767 3047 plut.
1788 3009 1852 3039 70:
1877 3006 1941 3038 vid.
1964 3005 2096 3037 Bandin.
2119 3005 2222 3036 Catal-

1181 3051 1275 3084 codd.
1295 3053 1353 3084 Gr.
1368 3055 1382 3084 Ι
1388 3056 1395 3082 1
1408 3075 1418 3091 ‚
1433 3055 1494 3084 569
1504 3054 1535 3084 et
1554 3056 1628 3085 674.
1646 3055 1683 3084 ln
1693 3053 1868 3093 posteriore
1878 3052 1986 3084 codice
1996 3051 2147 3092 praecedit
2160 3051 2224 3090 epi-

1179 3098 1261 3130 stola
1272 3107 1376 3139 groeca
1398 3099 1583 3140 Cbristophi
1608 3099 1679 3131 Rufi
1698 3099 1741 3131 ad
1762 3102 1917 3132 Cosmum
1940 3102 1953 3130 l
1973 3098 2147 3130 Mediceum
2161 3121 2171 3136 ‚
2190 3098 2222 3129 in

1180 3153 1246 3185 qua
1258 3154 1292 3176 se
1311 3153 1423 3177 recens
1447 3145 1534 3176 hunc
1550 3148 1716 3178 auctorem
1740 3155 1758 3178 e
1777 3146 1917 3178 tenebris
1935 3145 2053 3177 eruisse
2073 3144 2219 3175 testatur.

1181 3193 1286 3228 Quam
1306 3193 1474 3232 epistolam
1495 3192 1657 3224 Bandinus
1680 3193 1702 3224 l.
1721 3192 1744 3224 l.
1770 3192 1943 3232 evulgavit.
1974 3191 2222 3223 Montsauconus

1180 3237 1264 3270 Bibl.
1284 3238 1361 3271 bibl.
1376 3248 1452 3271 mss.
1469 3241 1536 3271 tres
1549 3239 1675 3271 codices
1696 3239 1774 3272 bibl.
1796 3240 1908 3271 Medic.
1927 3239 2038 3270 refert.
2057 3254 2098 3260 -
2118 3236 2219 3268 Paris.

1179 3283 1212 3316 in
1223 3285 1293 3317 cod.
1305 3288 1399 3326 3025,
1411 3295 1459 3318 nr.
1476 3291 1512 3318 10
1523 3286 1600 3318 bibl.
1618 3286 1740 3318 nation.
1756 3299 1772 3314 ν»
1786 3288 1926 3318 flammis.
1939 3303 1981 3309 —
1992 3297 2006 3311 «
2022 3283 2142 3316 Prodiit
2153 3282 2218 3321 pri-

1179 3341 1270 3364 mum
1295 3342 1398 3373 graece
1417 3342 1435 3365 e
1458 3334 1654 3365 bibliotheca
1678 3335 1731 3366 Jo.
1752 3333 1921 3372 sambuci,
1951 3330 2142 3370 Anlweipiae
2163 3337 2215 3362 an.

1183 3382 1306 3420 1572,8.
1318 3380 1401 3421 apud
1413 3380 1675 3421 Christopliorum
1697 3380 1877 3412 Piantinum
1891 3403 1900 3419 ,
1915 3379 2151 3418 subjunctaque
2175 3375 2217 3407 acl
