2326 3724
468 249 1231 342 THEOPHANES
1284 252 1939 345 BYZANTIUS.

181 589 431 640 Theophanes
465 593 687 640 Byzantius,
722 604 743 628 a
775 592 933 640 reliquis
969 593 1032 628 ille
1065 593 1175 641 hujus

124 651 290 686 nominis
316 651 567 699 scriptoribus
589 652 712 700 probe
739 651 1044 700 distinguendus,
1067 652 1174 688 libris

127 708 257 744 decem
269 710 505 758 consignavit
520 722 578 745 res
592 711 731 746 Justini
745 718 782 746 et
793 711 940 747 libeni
957 709 1062 759 (565-
1066 710 1114 746 58
1124 711 1172 758 1),

125 779 169 803 ac
187 780 266 816 prae
297 769 431 803 ceteris
457 780 502 804 ea
532 768 685 804 videtur
712 776 932 817 persecutus
961 780 1060 812 esse,
1092 781 1174 816 quae

125 834 259 861 contra
276 827 404 862 Persas
420 828 670 876 imperatores
686 828 850 863 Romani
867 834 1073 875 gesserunt.
1095 828 1174 862 Ini-

125 886 218 920 tium
247 885 494 921 historiarum
517 887 677 934 sumpsit
703 886 750 921 ab
771 898 870 921 anno
899 898 976 932 quo
1007 887 1173 921 Joannes

124 945 382 981 Comentiolus
398 945 447 980 ad
462 946 660 980 Persarum
681 958 810 994 regem
826 946 1055 993 legationem
1079 946 1176 981 obiit

126 1001 256 1052 (566);
274 1015 350 1051 qua
364 1004 766 1051 quumnihilJustinus
779 1003 998 1053 proficeret,
1015 1004 1173 1050 foedera,

124 1073 208 1108 quae
223 1063 243 1097 J
246 1062 454 1097 ustimanus
471 1062 702 1098 etChosroes
718 1063 756 1098 in
768 1075 886 1098 annos
900 1063 1176 1111 quinquaginta

122 1121 363 1185 pepigerant,
382 1128 496 1169 rupta
516 1128 602 1156 sunt
621 1119 741 1172 (566).
760 1122 878 1158 Liber
890 1122 1046 1157 ultimus
1066 1122 1176 1158 desiit

123 1178 263 1214 inbelli
276 1179 363 1214 inde
378 1179 425 1214 ab
442 1190 541 1214 anno
559 1177 632 1225 572
650 1181 813 1228 suscepti
833 1192 973 1215 annum
986 1180 1175 1216 decimum

125 1235 188 1284 (58
198 1235 252 1286 1),
270 1239 348 1273 sive
361 1239 401 1273 in
413 1238 555 1273 Tiberii
570 1250 711 1274 annum
723 1247 973 1287 postremum.
991 1238 1130 1275 l‘raete1
1132 1251 1176 1275 ea

125 1295 377 1344 Theophanes
398 1309 457 1332 res
476 1298 679 1332 Justiniani
709 1298 829 1334 desei
820 1305 980 1347 ipserat
1003 1298 1174 1346 aliosque

123 1353 244 1389 libros
265 1355 332 1403 (de
352 1356 467 1391 rebus
489 1357 688 1405 Mauricii)
710 1357 838 1392 nescio
862 1368 1062 1404 quousque
1081 1368 1172 1404 per-

123 1413 284 1449 tinentes
302 1415 347 1449 iis
368 1427 450 1462 quae
472 1414 628 1450 Photius
644 1415 788 1463 legerat
814 1415 944 1450 decem
964 1415 1174 1450 volumini-

123 1471 195 1506 bus
211 1473 472 1519 subjunxerat.
490 1474 692 1522 Scripserit
707 1481 842 1510 auctor
854 1475 1055 1523 postremis
1067 1475 1174 1510 annis

123 1531 329 1568 Mauricii
319 1545 413 1580 imp.

379 1625 536 1661 Photius
556 1626 654 1663 Bibl.
682 1626 770 1662 cod.
792 1626 875 1669 64:

177 1715 455 1767 Ἀνεγνώσθησαν
473 1717 674 1770 Θεοφάνους
691 1717 883 1762 Βυζαντίου
897 1717 1096 1770 Ἱστορικῶν
1114 1717 1175 1756 λό-

123 1789 178 1824 γοι
200 1774 236 1811 δέ
222 1790 296 1815 ε.κα
313 1773 492 1847 ἈἩρχεται
497 1774 533 1813 δὲ
551 1778 568 1813 6
582 1791 717 1828 πρωτος
734 1776 862 1828 λόγος’
844 1776 912 1814 απὸ
924 1781 983 1815 τοῦ
1000 1779 1172 1829 Περσικου

125 1832 281 1883 πολέμου
303 1849 362 1872 του
382 1833 571 1877 συστάντος
601 1834 690 1884 μετὰ
716 1834 777 1881 τὴν
798 1835 953 1873 διάλυσιν
974 1838 1042 1873 τῶν
1067 1850 1173 1874 σπον-

124 1892 208 1942 δῶν,
231 1892 269 1935 ἃς
285 1891 526 1936 Ἰουστινιανὸς
539 1896 557 1931 6
575 1893 736 1945 βασιλευς
753 1894 812 1932 καὶ
827 1894 999 1966 Χοσρόης,
997 1897 1014 1932 6
1027 1897 1174 1948 Περσῶν

125 1950 288 1996 ἀλλήλοις
319 1950 446 1989 ἔθεντο.
475 1950 612 1990 Ἔλυσε
643 1951 678 1990 δὲ
712 1951 872 2004 Χοσρόης
898 1967 934 1989 τε
961 1951 1083 2000 αὐτὸς,
1114 1952 1174 1991 καὶ

125 2004 329 2057 Ἰουστῒνος,
349 2009 508 2062 διάδοχος
526 2009 770 2048 Ἰουστινιανου
788 2011 966 2055 καταστὰς
979 2040 988 2057 ,
1010 2010 1172 2063 δευτέρου

124 2065 221 2111 ἔτους
251 2084 312 2115 της
323 2069 451 2142 Ηάρχης
475 2070 569 2107 αὐτῶ
598 2069 866 2122 περαιουμένου
899 2069 1106 2122 Ἀρχόμενος
1137 2069 1173 2108 δὲ

125 2126 279 2164 ἐντευθεν
302 2129 363 2173 τῆς
379 2127 532 2180 ιστορίας
552 2127 686 2166 κάτεισι
705 2127 809 2180 μέχρι
830 2128 1015 2167 δεκάτου”
997 2144 1092 2172 ετους
1108 2130 1175 2166 αὖ-

124 2199 184 2222 του
207 2189 266 2223 τοῦ
287 2186 455 2236 πολέμου.
482 2186 670 2237 Μέμνηται
685 2186 755 2225 δὲ’
741 2203 774 2224 εν
796 2187 884 2239 τῳδε
905 2203 954 2225 τ(1
972 2187 1099 2240 πρώτῳ
1114 2191 1176 2226 τοῦ

127 2242 264 2294 βιὸλίου
296 2243 388 2296 λόγῳ
418 2259 478 2282 και
503 2244 548 2282 τὰ
575 2245 689 2286 κατὰ
699 2245 945 2285 Ἰουστινιανὸν
977 2247 1174 2298 ἱστορῆσαι.

124 2302 179 2340 Οὐ
198 2301 266 2351 μὴν
290 2303 381 2340 ἀλλὰ
399 2302 532 2350 δῆλός
517 2319 624 2356 εστιν,
642 2307 688 2349 ὡς
703 2305 762 2343 καὶ
786 2304 906 2358 ἐφεξῆς
922 2306 989 2342 τῶν
1011 2304 1095 2342 δέκα
1116 2303 1176 2342 λό-

123 2374 194 2410 γων
230 2360 365 2412 ἑτερους
390 2361 566 2407 συνέταξε.
602 2363 748 2408 Διέξεισι
781 2364 817 2401 δὲ
851 2365 884 2401 ἐν
914 2362 977 2413 μὲν
1004 2364 1092 2415 τῷδε
1125 2365 1175 2400 τῶ

124 2418 239 2472 λόγῳ,
260 2418 352 2463 ὅπως
383 2436 419 2457 αι
445 2421 591 2458 σπονδαὶ
618 2421 857 2474 συνεχύθησαν
890 2421 1078 2460 Ἰουστίνου
1113 2421 1176 2472 μὲν

166 2529 255 2560 Lecti
274 2531 349 2561 sunt
375 2530 576 2570 Theophanis
597 2532 937 2572 constantinopolitani
965 2531 1174 2564 Historiarum

125 2579 198 2612 libri
219 2580 352 2620 decem,
377 2590 516 2622 quorum
533 2582 654 2622 primus
670 2583 797 2614 initium
820 2583 908 2614 ducit
924 2583 965 2614 ab
981 2583 1035 2614 1110
1051 2583 1176 2614 Persico

125 2630 231 2671 116110,
259 2632 344 2673 quod
365 2633 466 2674 ruptis
490 2633 558 2674 jam
589 2634 760 2666 foederibus
779 2634 816 2666 iis
841 2636 991 2666 exortum
1012 2636 1078 2674 est,
1099 2643 1174 2675 qufe

124 2683 323 2716 Justinianus
337 2684 509 2725 imperator
522 2687 554 2717 et
564 2685 742 2724 chosroes,
763 2688 928 2718 Persarum
946 2695 1022 2726 rex,
1037 2686 1174 2717 invicem

126 2735 358 2768 constituerant
376 2738 475 2776 (562).
492 2737 640 2769 Solverat
654 2746 691 2769 ea
703 2737 880 2770 chosroes·
872 2747 956 2778 11156,
971 2739 1003 2770 et
1016 2740 1034 2770 J
1038 2738 1174 2777 ustinus,

125 2789 144 2818 J
148 2787 296 2819 ustiniam
311 2787 376 2827 jam
387 2797 563 2828 successor,
578 2790 718 2821 exeunte
731 2790 852 2821 altero·
845 2790 967 2830 imperii
978 2798 1062 2821 3000
1074 2790 1173 2829 (566)

126 2838 209 2870 Hinc
222 2848 295 2879 ergo
308 2840 524 2872 narrationem
541 2841 744 2881 auspicatus,
763 2841 864 2882 pergit
879 2850 975 2881 porro
991 2841 1032 2873 ad
1053 2850 1174 2873 annum

128 2900 228 2930 usque
243 2891 317 2923 belli
334 2892 507 2924 decimum
531 2894 676 2925 Meminit
698 2902 772 2926 vero
792 2894 854 2926 1100
874 2894 941 2935 11150
961 2894 1065 2935 1111100
1084 2894 1175 2925 volu-

127 2942 214 2974 mine
224 2942 313 2982 libri,
325 2943 484 2983 scripsisse
498 2953 535 2976 ea
548 2953 678 2985 quoque
691 2953 724 2977 se
737 2954 811 2985 quae
824 2945 883 2976 sub
894 2946 1075 2977 Justiniano
1088 2947 1176 2984 gesta

127 2997 220 3034 sunt,
238 2996 303 3026 imo
319 2997 350 3027 et
373 2997 479 3036 plures
495 3006 568 3029 eum
594 2998 704 3030 decem
724 2999 810 3030 hisce
825 2997 1027 3038 subjunxisse
1059 2998 1175 3037 libros,

127 3046 203 3078 satis
236 3047 404 3079 manifeste
434 3051 576 3089 apparet.
610 3052 722 3081 Narrat
753 3052 862 3082 autem
890 3050 951 3081 hoc
980 3049 1080 3089 libro,
1112 3058 1177 3090 qua

129 3098 252 3129 ratione
269 3101 362 3138 pacta
384 3102 543 3131 conventa
559 3101 621 3132 sint
637 3101 791 3133 dissoluta
803 3126 812 3142 ,
833 3110 936 3142 quum
953 3102 1100 3134 Justinus
1122 3110 1177 3142 per

130 3149 369 3181 comentiotum
381 3151 531 3182 suaniam
548 3160 567 3182 a
580 3152 722 3185 Chosroe
741 3153 977 3193 repeteret(cf.
990 3152 1177 3186 Menandri

130 3199 176 3236 fr.
194 3201 265 3241 15),
291 3201 357 3242 ipse
374 3210 450 3233 vero
475 3202 574 3234 verbo
599 3204 729 3243 quidem
749 3205 969 3245 promitteret,
986 3206 1176 3236 nontamen

130 3260 165 3283 re
187 3253 362 3292 praestaret.
380 3253 487 3285 Refert
505 3255 538 3285 et
565 3254 598 3285 in
616 3256 685 3286 tota
705 3256 934 3296 Mesopotamia
958 3258 1079 3288 terram
1105 3265 1177 3288 mo-

130 3303 230 3343 visse,
244 3304 370 3335 initium
383 3305 535 3336 nimirum
549 3306 768 3338 calamitatum
779 3331 788 3347 ,
805 3317 879 3348 quae
892 3308 1070 3340 subsecutae
1088 3309 1175 3341 sunt.

175 3357 264 3386 2.111
281 3355 410 3387 Oriente
429 3355 469 3387 ad
493 3356 625 3388 Tanaim
645 3358 739 3389 Turei
764 3358 902 3398 degunt,
919 3359 973 3399 qui
992 3361 1177 3400 Massagetae

132 3406 309 3447 antiquitus
321 3407 415 3446 dicti,
429 3417 448 3440 a
461 3408 560 3440 Persis
574 3418 632 3441 sua
642 3409 749 3450 lingua
761 3411 1000 3444 Kermichiones
1012 3412 1176 3452 appellan-

133 3460 195 3491 tiu.
214 3459 253 3491 Hi
271 3461 458 3500 tempestate
483 3460 546 3492 hac
574 3460 694 3501 legatos
710 3470 783 3493 cum
806 3463 995 3494 muneribus
1014 3463 1053 3494 ad
1081 3465 1175 3496 ,10511

1237 591 1294 631 διὰ
1312 593 1545 644 Κομεντιόλου
1562 595 1736 634 Σουανίαν
1753 595 1849 647 παρὰ
1864 596 2058 650 Χοσρόου’
2038 603 2279 650 απαιτοῧντος,

1237 653 1342 690 αὐτοῦ
1363 653 1399 690 δὲ
1419 655 1686 704 υποτιθεμένου,
1708 656 1746 693 οὐ
1776 654 1893 706 μέντοι
1913 657 2101 702 διδοῦντος·
2130 658 2224 704 ὅπως
2243 676 2281 699 τε

1235 715 1257 759 ἡ
1277 712 1537 763 Μεσοποταμία
1554 729 1654 751 πασα
1678 713 1835 762 ἐσείσθη,
1856 715 2035 767 προοίμιον
2050 719 2120 756 τῶν
2138 719 2283 758 ἐπελευ-

1238 769 1393 820 σομένων
1414 773 1530 808 κακῶν
1552 771 1734 845 γενομένη.

1289 841 1319 867 2.
1342 826 1428 867 “On
1445 828 1488 866 τὰ
1506 828 1591 881 πρὸς
1610 832 1707 882 εὖρον
1722 829 1848 881 ἄνεμον
1865 847 1924 870 του
1939 833 2113 878 Τανάιδος
2128 835 2280 886 Τοῦρκοι

1237 884 1399 935 νέμονται
1423 888 1454 924 οἳ
1473 887 1584 925 πάλαι
1605 888 1838 939 Μασσαγέται
1857 889 2086 941 καλούμενοι,
2107 891 2164 936 οὒς
2185 892 2283 946 Πέρ-

1237 959 1297 982 σαι
1322 944 1433 983 οἰκεία
1458 945 1601 998 γλώσσῃ
1634 947 1882 1000 Κερμιχίωνᾶς
1908 964 2004 1001 φασι.
2029 950 2102 990 Καὶ
2122 952 2220 991 αὐτοὶ
2245 951 2283 992 δὲ

1237 1004 1272 1041 ἐν
1289 1005 1338 1056 τῷ
1358 1003 1435 1042 τότε
1452 1005 1546 1057 δῶρα
1563 1005 1623 1044 καὶ
1639 1005 1802 1057 πρέσὸεις
1821 1007 1905 1059 πρὸς
1927 1009 2072 1059 βασιλέα
2093 1009 2282 1050 Ἰουστῒνον

1237 1061 1408 1110 ἔστειλαν,
1423 1062 1578 1115 δεόμενοι
1591 1062 1640 1111 μὴ
1654 1064 1882 1109 ὑποδέξασθαι
1897 1066 2000 1105 αὖτον
2012 1066 2090 1112 τους
2100 1068 2280 1123 Ἀδάρους.

1239 1121 1283 1160 Ὁ
1301 1122 1336 1160 δὲ
1353 1121 1398 1160 τὰ
1415 1123 1510 1175 δῶρα
1526 1122 1648 1162 λαὸὼν
1667 1139 1729 1162 και
1748 1125 2182 1178 ἀντιφιλοφρονησάμενος,
2201 1128 2283 1168 ἀπέ-

1237 1181 1338 1219 λυσεν
1356 1183 1403 1225 εἷς
1422 1180 1466 1219 τὰ
1489 1183 1614 1220 οἰκεῖα.
1634 1183 1717 1226 Τοῖς
1743 1181 1779 1220 δὲ
1796 1182 1955 1236 Ἀὅάροις
1979 1184 2121 1237 ὕστερον
2145 1187 2281 1226 ἐλθουσι

1237 1240 1297 1278 καὶ
1320 1240 1516 1279 Παννονίαν
1542 1243 1682 1288 οἷκησαι
1703 1241 1764 1280 καὶ
1789 1242 1927 1294 εἰρήνης
1947 1249 2065 1295 τυχεῖν
2089 1244 2284 1298 δεομένοις,

1238 1298 1294 1337 διὰ
1313 1298 1371 1337 τὸν
1399 1299 1486 1351 πρὸς
1514 1316 1592 1345 τους
1622 1300 1799 1354 Τούρκους
1820 1301 1922 1353 λόγον
1949 1302 2010 1341 καὶ
2033 1303 2095 1347 τὰς
2114 1304 2284 1352 συνθήκας

1236 1359 1299 1396 οὐκ
1313 1358 1513 1399 ἐσπείσατο.

1291 1430 1320 1456 3.
1339 1415 1424 1456 (Ότι
1450 1416 1512 1464 τὴν
1538 1419 1606 1455 τῶν
1635 1417 1830 1465 σκωλήκων
1847 1417 1978 1469 γένεσιν
2005 1418 2091 1473 ἀνὴρ
2122 1420 2283 1472 Περσης,

1240 1474 1480 1528 βασιλεύοντος
1507 1476 1777 1528 Ἰουστινιανου,
1808 1479 1843 1515 ἐν
1877 1478 2056 1531 Βυζαντίῳ
2093 1479 2280 1528 ὑπέδειξεν,

1237 1534 1335 1572 οὔπω
1367 1534 1535 1588 πρότερον
1584 1536 1806 1585 ἐγνωσμένην
1847 1536 2053 1588 (Ρωμαίοις.
2095 1541 2208 1584 Οὗτος
2247 1538 2284 1579 δὲ

1238 1610 1278 1632 εκ
1308 1595 1432 1647 Σηρων
1460 1594 1622 1646 ὁρμηθεις
1641 1597 1658 1632 6
1680 1594 1838 1647 Πέρσης,
1867 1596 1906 1634 τὸ
1926 1595 2066 1648 σπέρμα
2094 1599 2164 1636 τῶν
2196 1614 2286 1638 σκω-

1235 1652 1351 1700 λήκων
1390 1655 1424 1691 ἐν
1460 1654 1605 1705 νάρθηκι
1640 1653 1762 1692 λαὸων
1797 1654 1901 1707 μέχρι
1937 1655 2128 1700 Βυζαντίου
2161 1657 2285 1696 διεσώ-

1236 1727 1345 1763 σατο,
1375 1711 1435 1750 καὶ
1457 1727 1516 1750 του
1547 1711 1646 1764 ἔαρος
1674 1712 1867 1765 ἀρξαμένου
1898 1713 1958 1752 ε’πὶ
1984 1713 2047 1761 τὴν
2067 1715 2196 1768 τροφὴν
2215 1719 2284 1755 τῶν

1236 1770 1436 1821 συκαμίνων
1477 1770 1616 1823 φύλλων
1649 1773 1808 1824 ἐπαφῆκε
1846 1771 1891 1810 τὰ
1929 1771 2135 1825 σπέρματα·
2170 1773 2214 1812 τὰ
2248 1774 2284 1813 δὲ

1235 1830 1430 1890 τραφέντα
1429 1835 1498 1873 τοῖς
1520 1829 1660 1882 φύλλοις
1688 1830 1936 1883 ἐπτεροφύησέ
1943 1847 1980 1870 τε
1998 1847 2057 1869 και
2078 1832 2191 1871 τᾶλλα
2209 1834 2283 1886 εἷρ-

1235 1888 1383 1938 γάσατο.
1408 1882 1476 1928 Ὧν
1497 1888 1562 1935 τήν
1579 1904 1617 1926 τε
1637 1889 1771 1939 γένεσιν
1788 1905 1847 1927 και
1868 1889 1931 1936 τὴν
1958 1890 2123 1942 ἐργασίαν
2142 1894 2160 1930 6
2182 1894 2283 1944 βασι-

1235 1946 1314 1990 λεὺς
1326 1946 1539 1990 Ἰουστῒνος’
1522 1961 1663 1999 υστερον
1675 1952 1744 1990 τοῖς
1755 1949 1788 1986 T
1790 1946 1925 2000 ούρκοις
1939 1946 2118 1992 ὑποδειξας
2128 1949 2284 1999 ἐθάμὸη-

1236 2021 1306 2044 σεν.
1329 2008 1375 2045 Οἱ
1394 2005 1462 2059 γὰρ
1487 2007 1639 2057 Τοῧρκοι
1658 2004 1735 2043 τότε
1762 2005 1807 2044 τά
1832 2022 1870 2044 τε
1901 2008 2062 2059 Σηρῶν’
2047 2006 2198 2059 εμπόρια
2223 2023 2285 2046 και

1235 2064 1314 2108 τους
1343 2064 1489 2115 λιμένας
1519 2069 1701 2116 κατεῖχον·
1731 2067 1842 2103 ταῦτα
1873 2064 1909 2103 δὲ
1939 2080 2019 2118 πριν
2049 2065 2112 2116 μὲν
2149 2066 2284 2119 Πέρσαι

1236 2129 1419 2176 κατεῖχον·
1450 2123 1669 2177 Ἐφθαλάνου
1699 2122 1735 2161 δὲ
1764 2127 1825 2163 τοῦ
1845 2123 1888 2163 F
1891 2126 2065 2177 φθαλιτων
2096 2124 2284 2177 βασιλέως,

1236 2182 1271 2227 ἐξ
1290 2186 1328 2221 οὑ
1346 2183 1406 2221 καὶ
1425 2182 1464 2220 τὸ
1480 2181 1576 2233 γένος
1595 2181 1677 2233 ἔσχε
1697 2181 1760 2229 τὴν
1778 2184 1916 2230 κλῆσιν,
1941 2183 2097 2235 Περόζην
2111 2183 2171 2222 καὶ
2190 2183 2281 2237 Πέρ-

1237 2257 1298 2286 σας
1319 2242 1544 2291 νικήσαντος,
1567 2240 1791 2294 ἀφῃρεθησαν
1822 2241 1884 2291 μὲν
1913 2242 2043 2280 τούτων
2067 2243 2098 2280 οἱ
2129 2241 2284 2294 Πέρσαι,

1237 2300 1402 2339 δεσπόται
1421 2299 1457 2338 δὲ
1474 2299 1695 2347 κατέστησαν
1710 2300 1935 2353 Ἐφθαλῖται.
1957 2299 2029 2343 Ους
2047 2314 2161 2352 μικρῳ
2181 2299 2282 2338 ὕστε-

1238 2375 1294 2412 ρον
1324 2360 1423 2412 μάχῃ
1450 2358 1654 2406 νικήσαντες
1682 2361 1834 2410 Γοῦρκοι
1863 2359 2002 2411 ἀφεῖλον
2022 2358 2056 2402 ἐξ
2085 2359 2198 2396 αὐτῶν
2223 2357 2284 2397 καὶ

1235 2434 1362 2458 ταυτα.
1385 2419 1568 2461 Ἰουστῐνος
1587 2416 1624 2455 δὲ
1642 2417 1872 2469 Ζήμαρχον’
1857 2433 1890 2461 ες
1906 2415 1985 2461 τους
2003 2415 2179 2470 Ἰούρκους
2198 2415 2284 2470 πρέ-

1235 2539 1314 2561 num
1348 2530 1574 2569 imperatorem
1601 2528 1766 2567 legarunt,
1787 2536 1828 2559 ne
1846 2531 1968 2560 Avaros
1997 2528 2169 2568 reciperet,
2195 2527 2284 2560 obse·

1236 2583 1362 2613 orantes
1377 2583 1531 2622 (c.568).
1545 2582 1600 2613 1116
1613 2581 2284 2621 10006131106016130061111,0111010063οω

1239 2634 1469 2665 benevolentiae
1479 2634 1576 2673 atque
1592 2633 1798 2664 humanitatis
1810 2641 1923 2672 genere
1940 2633 2060 2672 legatos
2076 2633 2281 2672 complexus,

1236 2685 1369 2716 domum
1380 2685 1512 2716 remisit.
1526 2687 1700 2724 Quumque
1715 2684 1809 2716 Avari
1820 2692 1897 2715 mox
1907 2684 2125 2722 accessissent,
2135 2683 2189 2723 qui
2205 2685 2284 2715 Pau-

1237 2738 1366 2770 noniam
1382 2738 1538 2776 habitare,
1549 2746 1689 2777 paceque
1700 2737 1760 2768 frui
1774 2738 1994 2768 Romanorum
2006 2735 2228 2776 precabantur,
2241 2734 2284 2766 ob

1236 2789 1343 2821 datam
1353 2790 1465 2822 Turcis
1475 2789 1568 2820 fidem
1577 2791 1749 2829 pactasque
1757 2787 1954 2819 conditiones
1962 2787 2119 2828 repulsam
2126 2786 2281 2819 tulerunt.

1283 2845 1313 2873 3.
1340 2841 1538 2881 Bombycum
1564 2840 1718 2879 originem
1746 2839 1842 2870 homo
1872 2838 2003 2878 quidam
2039 2841 2152 2877 Persa,
2181 2837 2282 2870 susti·

1235 2892 1537 2932 nianoimpeiqante
1551 2890 1824 2930 constantinopoli
1835 2889 1992 2928 ostendit
2004 2897 2170 2929 nunquam
2187 2891 2282 2920 antea

1237 2943 1386 2975 Romanis
1413 2943 1583 2983 cognitam.
1602 2942 1661 2974 Hic
1687 2944 1781 2973 Persa
1797 2949 1814 2972 e
1833 2943 1947 2973 Serum
1971 2940 2097 2979 regione
2121 2940 2282 2980 proiectus

1236 2996 1393 3027 vermium
1407 3003 1515 3026 semen
1532 2994 1632 3025 ferula
1645 2993 1823 3032 inclusum,
1837 2991 2146 3031 Constantinopolim
2157 2991 2282 3024 salvum

1236 3046 1437 3087 deportavit,
1458 3054 1495 3077 ac
1521 3053 1598 3077 vere
1626 3045 1756 3076 ineunte
1781 3044 1813 3075 in
1830 3043 2019 3075 alimentum
2035 3042 2116 3074 mori
2134 3042 2216 3074 soliis
2230 3051 2281 3074 se-

1236 3098 1323 3130 mina
1342 3097 1515 3138 imposuit:
1534 3105 1607 3137 quae
1624 3095 1706 3128 soliis
1722 3095 1861 3135 nutrita,
1875 3095 1928 3126 et
1920 3103 1953 3126 10
1968 3095 2034 3126 3135
2048 3102 2082 3126 56
2094 3093 2280 3135 induerunt,

1237 3151 1270 3182 et
1288 3150 1367 3181 mire
1386 3150 1550 3189 coeperunt
1569 3147 1704 3188 operari
1728 3150 1810 3187 Ergo
1826 3146 2020 3186 bombycum
2037 3147 2146 3177 ortum
2174 3147 2282 3177 texen-

1237 3203 1334 3243 dique
1364 3201 1533 3234 artificium
1567 3209 1668 3241 quum
1694 3202 1765 3241 post
1795 3199 1906 3232 Turcis
1937 3198 2081 3231 Justinus
2105 3199 2282 3238 imperator

1237 3255 1443 3294 ostendisset,
1457 3253 1662 3286 vehementer
1673 3253 1928 3293 obstupuerunt:
1943 3260 2017 3283 nam
2031 3253 2144 3283 Serum
2155 3251 2199 3282 1111
2211 3253 2280 3282 tum

1237 3307 1379 3347 emporia
1391 3306 1565 3346 portusque
1580 3304 1750 3343 tenebant,
1779 3312 1853 3344 quae
1867 3305 1972 3335 Persae
1989 3302 2077 3343 prius
2100 3303 2280 3334 tenuerant.

1238 3357 1458 3399 Ephthalanus
1476 3356 1579 3394 enim,
1598 3355 1853 3396 Ephthalitarum
1875 3364 1951 3392 rex,
1971 3363 1990 3386 a
2006 3362 2070 3394 quo
2095 3354 2127 3385 et
2145 3353 2280 3393 appella·
2318 3352 2321 3355 “

1237 3413 1358 3443 tionem
1382 3410 1568 3441 universum
1591 3417 1690 3449 genus
1704 3409 1815 3448 traxit,
1834 3411 1973 3440 Perozen
1986 3409 2018 3438 et
2041 3409 2151 3438 Persas
2178 3413 2280 3445 quum

1215 3463 1382 3542 Oficisset,
1398 3461 1538 3493 submoti
1559 3460 1607 3492 his
1624 3460 1702 3492 locis
1730 3461 1986 3500 Ρ61530,16111111
2002 3467 2076 3490 vero
2098 3456 2188 3498 potiti
2206 3457 2279 3487 sunt
