2372 3704
1005 194 1337 236 FRAGMENTA.

608 295 629 318 2

156 350 260 387 Idem
279 351 330 388 ib.
352 364 387 389 c.
409 351 456 388 33
476 364 484 387 :
504 349 628 394 Ἤὸιος
647 349 783 394 Τολίειξ
800 349 915 402 γήμας
935 352 1147 404 Νουκερίαν,

103 406 185 459 ἔσχε
204 406 264 446 δύο
283 408 410 451 παῖδας
426 410 464 447 ἐκ
482 408 623 456 ταύτης.
646 406 760 460 ’Έσχε
777 407 812 446 δὲ
829 408 889 447 καὶ
909 409 942 454 ἐξ
963 410 1148 449 ἀπελευθέ-

104 481 164 518 ρας
181 465 303 505 κάλλει
319 466 550 519 περίὸλεπτον
576 467 727 521 Φίρμον,
744 467 780 506 ὃν
797 470 864 506 τῶν
884 468 1035 519 γνησίων
1058 471 1147 520 μᾶλ-

62 571 66 576 ,
101 526 161 564 λον
181 524 334 579 ἔστεργε.
355 526 402 566 ‘H
423 525 460 565 δὲ
477 527 652 580 Νουκερία
671 527 756 580 πρὸς
780 527 837 566 τὸν
859 528 1027 581 πρόγονον
1047 545 1151 578 μισο-

101 583 259 636 πονήρως
289 584 490 635 διακειμένη
503 614 513 634 ,
546 586 625 630 τοὺς
655 587 783 630 παῖδας
814 585 988 625 ἀνέπειθεν
1019 587 1149 639 [αὐτὸν

103 642 255 695 ἀναιρεῖν
269 642 299 694 ].
329 644 410 682 Τῶν
441 645 471 683 δ’
498 645 649 689 εὐσεὸῶς
669 644 943 694 ἀνανευσάντων,
973 645 1062 693 αὐτὴ
1091 647 1148 686 τὸν

103 699 203 754 φόνον
220 702 409 755 ἐνήργησε,
428 703 489 742 καὶ
506 704 625 749 νυκτὸς
644 709 704 744 τοῦ
723 704 1022 758 σωματοφύλακος
1040 706 1079 744 τὸ
1097 705 1149 751 ξί-

102 773 164 811 φος
178 760 358 799 ἑλκύσασα
374 762 516 815 καιρίως
532 762 662 815 ἔτρωσε
679 764 736 802 τὸν
752 762 984 814 κοιμώμενον,
1000 765 1151 815 ἐγκατα-

101 818 252 858 λιποῦσα
271 820 310 859 τὸ
328 819 434 874 ξίφος.
456 825 529 862 Τοῦ
551 821 586 861 δὲ
607 822 905 876 σωματοφύλακος
921 824 1151 863 ὑποπτευθέν-

101 892 170 924 τος,
182 880 200 915 ὁ
212 879 295 923 παῖς
304 878 366 926 τὴν
379 880 543 927 ἀλήθειαν
554 881 662 933 λέγει.
683 881 730 921 ‘O
743 882 778 920 δὲ
797 886 917 921 τοῦτον
936 882 1064 935 θάψας,
1087 883 1149 930 τὴν

103 937 252 987 γυναῖκα
271 938 514 990 ἐφυγάδευσεν·
534 942 580 985 ὥς
590 941 752 985 Δοσίθεος
767 942 801 979 ἐν
822 940 929 995 τρίτῳ
949 941 1148 982 Ἰταλικῶν.

154 1078 262 1115 Idem
276 1080 332 1118 ib.
352 1093 387 1118 e.
404 1081 451 1128 37
471 1095 479 1118 :
494 1081 633 1125 Φάὸιος
646 1081 907 1134 Φαὸρικιανὸς,
922 1085 981 1120 τοῦ
997 1083 1150 1134 μεγάλου

101 1136 269 1187 συγγενὴς
286 1137 449 1186 Φαὸίου,
465 1139 642 1192 πορθήσας
656 1139 801 1185 Τούξιον
820 1140 1035 1194 μητρόπολιν
1057 1143 1150 1181 Σαυ-

100 1196 201 1235 νιτῶν
211 1224 222 1244 ,
235 1193 298 1244 τὴν
312 1195 396 1250 παρ’
412 1197 529 1242 αὐτοῖς
540 1198 741 1250 τιμωμένην
753 1199 936 1252 νικηφόρον
948 1199 1151 1253 Ἀφροδίτην

100 1254 254 1308 ἔπεμψεν
276 1257 323 1298 εἷς
340 1254 499 1306 Ῥώμην.
523 1256 658 1295 Τούτου
675 1256 760 1309 γυνὴ
783 1257 908 1297 Φαὸία
927 1262 1151 1310 μοιχευθεῖσα

103 1314 173 1352 ὑπό
192 1329 284 1358 τινος
300 1316 491 1366 εὐπρεποῦς
504 1315 657 1364 νεανίου,
670 1314 823 1366 τοῦνομα
841 1317 1038 1368 Πετρωνίου
1053 1319 1151 1356 Οὔα·

100 1372 271 1422 λεντίνου,
290 1373 349 1412 τὸν
370 1373 478 1425 ἄνδρα
495 1374 738 1426 ἐδολοφόνησε.
765 1374 891 1414 Φαὸία
909 1375 945 1413 δὲ
965 1375 1023 1413 τὸν
1042 1376 1152 1413 ἀδελ-

101 1433 162 1485 φὸν
183 1432 233 1471 ἔτι
255 1432 376 1480 νήπιον
407 1433 650 1486 Φαὸρικιανὸν
679 1435 747 1471 τῶν
769 1432 934 1471 κινδύνων
956 1434 1150 1486 ἐρρύσατο,

100 1490 160 1529 καὶ
180 1490 316 1544 ἔπεμψε
335 1491 450 1544 κρύφα
469 1491 748 1545 τραφησόμενον.
767 1491 947 1542 Ἀκμάσας
971 1491 1007 1530 δὲ
1033 1494 1050 1530 ὁ
1069 1508 1152 1530 νεα-

100 1549 175 1593 νίας
199 1549 262 1596 τήν
294 1565 331 1588 τε
361 1549 496 1601 μητέρα
523 1551 583 1589 καὶ
614 1550 672 1589 τὸν
702 1550 825 1603 μοιχὸν
857 1551 1057 1601 ἀπέκτεινε,
1092 1552 1153 1589 καὶ

101 1608 255 1655 ἀπελύθη
277 1608 343 1647 ὑπὸ
369 1612 431 1656 τῆς
459 1609 675 1661 συγκλήτου·
705 1611 751 1654 ὡς
775 1612 904 1663 ἱστορεῖ
933 1609 1094 1654 Δοσίθεος
1117 1612 1151 1649 ἐν

101 1666 206 1721 τρίτῳ
226 1667 422 1708 Ἰταλικῶν.
781 1678 787 1683 ’

493 1751 752 1791 ΣΙΚΕΛΙΚΑ.

408 1829 438 1864 Ε
465 1824 616 1867 LIBRO
645 1831 842 1869 TERTIO.

155 1973 262 2010 Idem
276 1974 328 2011 ib.
345 1987 378 2012 c.
397 1988 444 2024 19
459 1989 466 2011 :
485 1974 691 2019 Κυάνιππος
707 1975 797 2027 γένει
811 1978 1046 2029 Συρακούσιος
1060 1977 1155 2030 μόνῳ

101 2030 258 2084 Διονύσῳ
273 2033 337 2070 οὐκ
353 2032 465 2071 ἔθυεν·
483 2035 501 2071 ὁ
515 2032 550 2071 δὲ
569 2033 640 2077 θεὸς
657 2034 828 2086 ὀργισθεὶς
845 2035 953 2086 μέθην
971 2035 1153 2089 ἐνέσκηψε,

142 2194 240 2226 Ebius
249 2195 361 2227 Toliex
372 2195 453 2228 duos
467 2196 548 2229 tilios
563 2205 604 2229 ex
616 2206 715 2230 uxore
729 2199 864 2231 Nuceria
880 2199 1027 2241 sustulit,
1041 2200 1154 2232 alium·

101 2254 166 2286 que
177 2247 332 2279 eximium
353 2248 457 2280 forma
471 2249 614 2281 Firmum
631 2258 649 2281 e
664 2250 778 2282 liberta
790 2275 799 2291 ,
818 2260 913 2291 quem
930 2252 1078 2293 legitimis
1094 2253 1152 2284 ha-

103 2298 173 2330 buit
188 2298 356 2332 cariorem.
373 2300 527 2341 Nuceria,
542 2310 617 2342 quae
630 2301 662 2333 in
678 2302 859 2342 privignum
877 2306 959 2336 esset
982 2304 1090 2336 animo
1106 2305 1154 2336 in-

101 2351 192 2382 tenso
203 2373 212 2388 ‚
227 2350 308 2382 filios
318 2351 445 2384 hortata
452 2353 500 2384 ost
510 2354 546 2384 ut
556 2353 700 2385 Firmum
712 2354 937 2387 interficerent.
949 2356 1040 2393 Quod
1054 2366 1154 2398 quum

102 2402 146 2437 iili
157 2403 208 2446 pie
220 2407 437 2445 recusassent,
458 2406 525 2447 ipsa
541 2407 663 2439 caedem
677 2408 818 2449 peregit,
832 2418 870 2441 ac
885 2411 982 2442 noctu
1000 2410 1068 2450 ejus
1079 2435 1088 2450 ‚
1103 2411 1154 2442 cui

101 2456 200 2489 Firmi
215 2456 356 2497 corporis
371 2457 516 2490 custodia
535 2460 604 2491 erat
624 2459 795 2500 mandata,
815 2470 970 2494 mucrone
987 2462 1099 2494 stricto
1111 2463 1156 2494 le-

102 2508 166 2540 tale
186 2508 300 2540 vulnus
322 2509 466 2549 privigno
488 2509 616 2550 intulit,
644 2510 742 2551 inque
758 2521 796 2544 eo
821 2514 993 2553 pugionem
1014 2514 1151 2555 reliquit.

104 2561 187 2592 Puer
203 2568 278 2591 vero
294 2559 460 2592 custodem
475 2569 570 2593 snum
595 2562 775 2602 suspicione
800 2564 967 2606 liberavit,
985 2575 1018 2598 re
1028 2567 1065 2598 ut
1083 2568 1156 2598 acta

103 2613 173 2643 erat
189 2610 357 2651 explicata.
377 2611 492 2652 Ebius,
506 2613 631 2654 sepulto
654 2614 720 2646 silio
731 2638 740 2655 ,
757 2624 892 2649 uxorem
906 2619 1066 2650 extorrem
1080 2620 1153 2659 egit.

103 2664 277 2696 Dositheus
288 2665 384 2697 tertio
400 2665 596 2699 Italicorum.

145 2769 261 2801 Fabius
272 2770 498 2812 Fabricianns,
513 2772 644 2804 Maximi
661 2777 832 2817 cognatus,
853 2777 1003 2818 diripiens
1015 2779 1156 2811 Tuxium

104 2824 279 2865 principem
307 2827 500 2859 Samnitium
527 2828 656 2868 urbem,
682 2831 841 2861 Venerem
866 2830 1038 2862 Victricem
1048 2855 1057 2870 ,
1083 2828 1165 2872 qua?

105 2877 190 2917 apud
207 2878 278 2910 illos
293 2879 469 2919 colebatur,
488 2883 624 2913 Romam
641 2882 740 2915 misit.
763 2882 865 2923 Hujus
878 2892 961 2914 uxor
976 2884 1071 2915 Fabia
1089 2887 1157 2916 stu-

108 2930 199 2968 prata
226 2938 245 2961 a
281 2931 422 2963 formoso
450 2933 588 2973 quodam
613 2934 733 2974 jiivene
746 2958 755 2974 ,
785 2935 935 2967 Petronio
966 2936 1154 2977 valentino,

106 2981 258 3012 maritum
277 2982 351 3014 dolo
364 2982 534 3017 interfecit.
550 2986 647 3017 Fabia
662 2989 771 3018 autem
785 2987 916 3018 fratrem
931 2987 1156 3020 Fabricianum

107 3031 213 3065 adhuc
234 3034 387 3066 infantem
406 3035 546 3075 periculo
560 3037 694 3078 eripuit,
708 3038 816 3070 etalio
830 3039 938 3070 furtim
952 3039 1155 3072 educandum

107 3085 202 3118 misit.
218 3089 247 3119 Is
260 3088 390 3122 adultus
406 3092 542 3123 matrem
561 3092 810 3131 adulterumque
825 3091 961 3131 occidit,
977 3094 1090 3133 estque
1105 3103 1156 3126 se-

107 3137 202 3169 natus
212 3141 369 3174 sententia
378 3142 553 3176 absolutus.
571 3144 740 3176 Dositheus
754 3143 849 3175 tertio
869 3143 1066 3176 Italicorum.

532 3213 731 3253 sicULA.

609 3293 644 3325 4.

151 3348 332 3390 Cyanippus
364 3352 584 3391 Syracusanus
608 3361 707 3393 quum
733 3352 794 3384 diis
817 3353 1033 3392 sacrificaret,
1053 3354 1155 3385 solum

110 3399 268 3432 Bacchum
293 3402 458 3441 praeteriit.
486 3404 635 3437 Irritatus
655 3404 735 3435 deus
761 3404 947 3437 ebrietatem
970 3405 997 3437 ei
1015 3405 1157 3444 immisit,

220 3465 410 3489 FnAGnENTA
433 3466 558 3490 flts'ron.
579 3468 633 3491 GR.
650 3477 685 3483 -
704 3468 823 3491 vot..1v.

2177 207 2248 240 401

1203 276 1270 319 ’καὶ
1288 284 1321 320 ἐν
1339 282 1434 336 τόπῳ
1452 283 1616 334 σκοτεινῷ
1634 284 1695 330 τὴν
1710 285 1882 337 θυγατέρα
1898 286 2080 334 ἐὸιάσατο,
2103 289 2253 335 Κυάνην.

1213 340 1257 379 ‘H
1276 340 1310 378 δὲ
1323 341 1380 379 τὸν
1398 341 1581 380 δακτύλιον
1600 343 1828 394 περιελομένη
1844 344 1951 382 ἔδωκε
1969 349 2012 397 τῇ
2029 348 2158 399 τροφῷ,
2177 347 2256 385 ε’σό-

1212 415 1313 448 μενον
1332 400 1596 452 ἀναγνώρισμα.
1617 401 1871 451 Λοιμωξοίντων
1893 403 1947 450 δὲ,
1968 403 2102 442 καὶτοῦ
2128 406 2257 445 Πυθίου

1211 460 1366 502 εἰπόντος
1382 458 1456 508 μὲν,
1474 460 1543 497 δεῖν
1556 460 1613 497 τὸν
1631 459 1740 505 ἀσεὸἧ
1758 459 1933 511 τροπαίοις
1950 464 2035 505 θεοῖς
2052 464 2257 515 σφαγιάσαι,

1211 518 1279 554 τῶν
1289 516 1318 554 δ’
1328 516 1442 554 ἄλλων
1459 517 1743 566 ἀγνοούντωνῖτὸν
1754 518 1929 571 χρησμὸν,
1940 523 2068 570 γνοῦσα
2084 524 2105 566 ἡ
2124 521 2259 568 Κυάνη,

1211 573 1271 611 καὶ
1292 574 1530 626 ἐπιλαὸομένη
1557 577 1625 613 τῶν
1648 578 1790 628 τριχῶν,
1819 571 1929 623 εἷλκε,
1955 577 2015 615 καὶ
2036 578 2122 624 αὐτὴ
2150 594 2259 616 κατα-

1213 632 1372 686 σφάξασα
1393 632 1450 672 τὸν
1472 632 1626 686 πατέρα,
1653 634 1780 680 ἑαυτὴν
1802 635 1974 688 ἐπέσφαξε
1988 651 1995 659 ·
2014 637 2171 689 καθάπερ
2191 640 2262 676 Δο-

1212 692 1320 736 σίθεος
1337 693 1375 730 ἐκ
1394 694 1443 745 τῷ
1460 692 1565 746 τρίτῳ
1590 694 1796 733 Σικελικῶν.

1599 788 1860 827 ΑΙΤΩΛΙΚΑ.

1532 872 1562 906 Ε
1589 872 1739 908 LIBRO
1769 872 1939 908 PRIMO.

1721 952 1757 990 5.

1266 1022 1373 1058 Idem
1389 1022 1441 1058 ib.
1460 1035 1492 1058 c.
1516 1027 1564 1066 4ο
1584 1035 1592 1058 :
1616 1020 1749 1068 Εὔηνος
1768 1020 1886 1073 Ἄρεος
1906 1021 1965 1059 καὶ
1986 1021 2178 1074 Στερόπης,
2200 1021 2263 1068 τὴν

1214 1080 1394 1131 Οἰνομάου
1409 1080 1527 1131 γήμας
1546 1081 1757 1128 Ἀλκίππην,
1780 1081 1942 1133 ἐγέννησε
1965 1081 2139 1134 θυγατέρα
2161 1082 2264 1134 Μάρ-

1213 1154 1370 1188 πησσαν,
1402 1139 1445 1186 ἣν
1466 1139 1634 1192 παρθένον
1655 1139 1826 1192 ἐφρούρει.
1850 1138 1975 1191 [Ἰδὼν
2005 1140 2039 1178 δὲ
2067 1140 2176 1187 αὐτὴν
2206 1155 2264 1192 χο-

1216 1197 1427 1249 ρεύουσανὲ]
1448 1195 1543 1241 Ἴδας
1563 1201 1580 1236 ὃ
1599 1197 1790 1250 Ἀφάρητος
1812 1199 1871 1236 καὶ
1905 1199 2068 1251 ἁρπάσας
2090 1201 2128 1236 ἐκ
2156 1202 2263 1251 χοροῦ

1214 1255 1352 1307 ἔφυγεν.
1383 1255 1427 1294 ‘O
1448 1255 1483 1294 δὲ
1504 1255 1621 1308 πατὴρ
1652 1256 1800 1307 διώξας,
1823 1256 1883 1294 καὶ
1916 1256 1965 1306 μὴ
1992 1256 2193 1304 συλλαὸὼν,
2216 1259 2264 1301 εἷς

1213 1314 1271 1352 τὸν
1291 1314 1482 1368 Λυκόρμαν
1500 1314 1637 1368 ἔρριψεν
1658 1314 1779 1353 ἑαυτὸν
1799 1315 1974 1365 ποταμὸν,
1999 1315 2060 1354 καὶ
2089 1316 2261 1360 ἀθάνατος

1214 1372 1349 1424 ἐγένετο
1364 1389 1372 1397 ·
1393 1375 1440 1416 ὡς
1471 1373 1631 1417 Δοσίθεος
1661 1376 1695 1412 ἐν
1728 1366 1857 1426 πρώτῳ
1879 1374 2073 1414 Ἰταλικῶν.

1269 1433 1453 1472 Ἰταλικῶν
1473 1443 1602 1484 aperte
1622 1443 1861 1484 corruptum.
1883 1436 2014 1472 Scribe
2044 1435 2263 1482 Αἰτωλικῶν,

1215 1506 1328 1541 quam
1350 1495 1627 1530 correctionem
1658 1495 1877 1543 suppeditat
1904 1507 2021 1544 genus
2050 1496 2184 1532 Eueni.
2217 1497 2263 1531 V.

1214 1552 1501 1602 Apollodor.1,
1525 1566 1559 1598 7,
1579 1566 1614 1599 7.

1608 1637 1848 1677 ΛΥΔΙΑΚΑ.

1523 1720 1552 1754 Ε
1582 1719 1731 1755 LIBRO
1761 1719 1957 1757 TERTIO.

1720 1791 1756 1826 6.

1269 1861 1376 1899 Idem
1386 1861 1481 1897 ibid.
1502 1874 1536 1899 c,
1556 1861 1604 1897 30
1625 1873 1634 1899 :
1653 1859 1842 1912 Σαρδιανοὶ
1853 1859 1938 1912 πρὸς
1959 1859 2178 1912 Σμυρναίους
2199 1859 2267 1897 *iro-

1215 1919 1321 1969 λεμον
1334 1917 1470 1970 ἔχοντες
1482 1917 1562 1971 περὶ
1576 1916 1620 1956 τὰ
1638 1917 1738 1970 τείχη
1751 1918 2123 1970 ἐστρατοπεδεύσαντο,
2141 1918 2200 1956 καὶ
2212 1916 2268 1955 διὰ

1216 1976 1397 2029 πρεσὸέων
1414 1976 1593 2030 ἔπεμψαν,
1616 1975 1665 2027 μὴ
1681 1976 1847 2029 πρότερον
1869 1978 2117 2030 ἀναχωρῆσαι,
2136 1976 2195 2014 ἐὰν
2217 1976 2267 2026 μὴ

1216 2035 1279 2079 τὰς
1298 2042 1464 2086 γυναῖκας
1488 2037 1661 2074 συνελθεῖν
1690 2037 1809 2079 αὐτοῖς
1832 2038 2106 2089 συγχωρήσωσι.
2129 2038 2210 2076 Τῶν
2232 2034 2268 2073 ’δὲ

1214 2151 1269 2182 per
1281 2151 1378 2182 quam
1389 2142 1421 2173 in
1434 2142 1572 2174 obscuro
1589 2143 1660 2174 loco
1674 2142 1770 2174 tiliam
1785 2144 1917 2182 Cyanen
1934 2142 2131 2182 compressit.
2148 2144 2192 2174 Ea
2210 2151 2268 2182 pa-

1213 2196 1271 2225 tris
1290 2194 1388 2234 digito
1406 2194 1589 2226 detractum
1608 2194 1764 2226 annulum
1784 2194 1902 2226 nutrici
1923 2193 2150 2226 asservandum
2167 2194 2268 2226 tradi-

1214 2245 1461 2286 dit‚agnitionis
1485 2247 1674 2286 argumento
1702 2246 1861 2278 futurum.
1888 2247 1977 2278 Peste
2004 2246 2137 2285 oborta,
2165 2254 2267 2286 quum

1214 2298 1326 2338 Apollo
1350 2297 1485 2338 Pythius
1514 2297 1724 2338 respondisset
1752 2298 1910 2329 incestum
1940 2297 2102 2329 hominem
2130 2306 2197 2329 esse
2210 2297 2270 2329 diis

1215 2351 1515 2382 averruncatoribus
1539 2351 1698 2382 malorum
1727 2351 1981 2390 immolandum,
2011 2352 2120 2391 Cyane
2140 2359 2291 2382 sensum-

1215 2402 1336 2434 oraculi
1354 2404 1478 2434 ceteros
1491 2401 1653 2434 salientem
1667 2402 1861 2443 percipiens,
1872 2403 2014 2435 crinibus
2036 2404 2199 2443 arreptum
2211 2411 2268 2443 pa·-

1214 2455 1296 2486 trem
1326 2454 1501 2494 protraxit,
1527 2455 1560 2486 et
1587 2462 1660 2486 eum
1687 2463 1785 2495 seque
1812 2454 1941 2495 insuper
1965 2454 2068 2495 ipsam
2094 2454 2266 2495 jugulavit.
2320 2491 2324 2498 Ι

1216 2506 1385 2539 Dositheus
1396 2505 1492 2539 tertio
1507 2508 1625 2538 Rerum
1639 2506 1833 2538 Sicularum.

1615 2583 1865 2623 AETOLICA.

1721 2667 1755 2698 5.

1259 2735 1404 2772 Evenus,
1433 2734 1543 2765 Martis
1574 2734 1606 2764 et
1635 2733 1784 2773 Steropes
1801 2733 1903 2772 tilius,
1931 2741 1971 2765 ex
1991 2733 2124 2774 Alcippa
2150 2742 2273 2777 uxore,

1217 2786 1371 2817 OEnomai
1388 2785 1471 2825 tilia,
1494 2784 1663 2824 progenuit
1691 2784 1789 2815 filiam
1816 2786 2030 2825 marpessam,
2053 2793 2191 2825 eamque
2201 2783 2267 2815 vir·

1217 2838 1321 2877 ginem
1350 2836 1537 2868 asservavit.
1563 2835 1635 2867 Idas
1655 2839 1783 2875 autem,
1806 2836 1942 2876 Apharei
1971 2836 2072 2875 tilius,
2099 2836 2266 2867 saltantem

1216 2889 1428 2930 conspicatus,
1443 2897 1461 2920 e
1477 2888 1575 2919 choro
1586 2896 1657 2918 eam
1672 2887 1789 2927 rapuit,
1807 2896 1844 2918 ac
1856 2887 2007 2928 profugit.
2024 2890 2126 2925 Quem
2139 2890 2268 2919 Evenus

1216 2948 1419 2982 persequens,
1436 2947 1539 2979 quum
1554 2947 1617 2969 non
1630 2939 1866 2978 assequeretur,
1881 2939 1914 2971 in
1929 2940 2118 2979 Lycormam
2133 2938 2266 2970 fluvium

1216 3001 1284 3024 sese
1300 2990 1452 3031 conjecit,
1482 2990 1736 3030 immortalisque
1751 2991 1798 3022 est
1821 2990 1936 3022 sactus.
1966 2990 2140 3023 Dositheus
2163 2990 2266 3031 primo

1217 3047 1335 3077 Rerum
1349 3043 1569 3076 AEtolicarum.

1644 3102 1843 3142 LYDICA.

1731 3181 1767 3214 6.

1261 3248 1404 3280 Sardiani
1414 3248 1522 3289 ‚hello
1538 3257 1613 3280 cum
1635 3248 1808 3288 Smyrnaeis
1820 3250 1985 3280 contracto
1995 3273 2004 3288 ‚
2017 3250 2187 3289 Smyrnam
2206 3246 2263 3278 ob·

1218 3301 1387 3337 sederunt,
1407 3301 1572 3341 missisque
1589 3301 1699 3341 legatis
1712 3300 1941 3333 denuntiarunt
1959 3309 1992 3332 se
2007 3309 2071 3332 non
2095 3300 2187 3331 antea
2203 3299 2263 3330 ob-

1218 3352 1373 3385 sidionem
1399 3353 1579 3392 soluturos,
1606 3362 1703 3393 qnam
1725 3361 1857 3384 suarum
1881 3361 2019 3383 uxorum
2048 3351 2169 3391 copiam
2190 3350 2263 3389 ipsis

1219 3405 1373 3446 Smyrnaei
1397 3405 1554 3438 fecissent.
1574 3406 1740 3439 Maletum
1754 3414 1827 3437 cum
1843 3405 2016 3445 Smyrnaeis
2029 3406 2136 3435 actum
2154 3403 2263 3434 suisset

2085 3465 2120 3489 26
