2326 3724
111 240 159 273 26

111 334 185 372 ριφε
175 316 342 370 ,ρομένοις
365 314 424 354 καὶ
443 313 673 360 καθ’ίριουσιν·
693 310 759 350 ὅσοι
786 310 822 348 δὲ
845 310 895 362 ἐφ’
915 310 1014 358 ἡμῶν
1036 309 1149 345 αὐτῶν

109 377 226 428 γέγονε
212 391 263 425 ν,
288 373 453 421 ἀλήθειαν
476 373 637 444 τιμῶντι,
661 369 752 408 καθοί
777 383 861 421 φησι
884 366 1046 412 Πλάτων,
1074 380 1151 402 πα-

115 433 272 487 ραδοτέον
287 438 357 476 τοῖς
375 430 653 483 ἐντυγχάνουσιν.

169 495 317 530 «Hunc
346 493 475 528 locum
513 488 767 526 consideranti
792 487 855 522 vix
883 485 1043 521 dubium
1074 494 1151 518 esse

109 559 248 601 potest,
266 552 358 599 quin
368 550 561 599 Eunapius
574 560 715 584 novum
731 545 903 589 Historiae
913 544 1051 579 librum
1063 541 1152 576 hinc

111 611 342 648 exordiatur.
362 625 377 642 υ
397 610 488 646 Mn.

595 712 659 748 29.

167 798 258 835 Exc.
277 797 335 832 De
355 795 454 844 legg.
474 807 517 863 p.
546 792 632 829 18·
654 789 738 829 “ou
757 788 1023 828 Βαλεντινιανου
1045 784 1154 836 ἀνάρ-

118 869 215 906 ρησις
237 854 272 891 ἐν
298 852 431 904 Nimia
453 854 514 898 τ’ῆς
539 849 698 892 Βιθυνίας
713 848 864 900 γίνεται,
891 843 1074 898 πρεσὸεῖαί
1098 858 1154 890 τε,

119 911 200 951 ὅσαι
216 909 554 963 συνεπεφοιτήκεσαν
575 907 632 946 ε’πι
655 910 774 945 τοῦτον
796 921 874 948 τους
889 907 1037 956 χρυσοῦς
1054 901 1155 954 ἔχου-

117 987 178 1010 σαι
209 969 415 1023 στεφάνους,
439 967 523 1020 πρὸς
554 967 681 1005 ἐκεῖνον
711 964 926 1016 ἀνεφέροντο.
975 960 1045 1000 Καὶ
1071 960 1156 1012 πρὸς

117 1029 234 1073 πάσας
264 1026 475 1080 ἀπεφαίνετο
510 1025 572 1077 μὲν
599 1024 675 1063 οὐδὲ
678 1040 707 1071 ν,
735 1021 926 1075 ἐπιτρέχων
955 1019 1080 1073 ῥᾳδίως
1104 1021 1157 1056 οὓ-

116 1087 206 1126 τωσὶ
223 1086 281 1126 καὶ
301 1085 502 1135 συντόμως,
519 1082 753 1133 ἐπηγγέλλετο
776 1080 811 1119 δὲ
826 1079 958 1117 ἅπασιν
979 1081 1025 1121 ὥς
1050 1078 1152 1129 [τιΡ]

114 1146 269 1193 ποιήσων
287 1144 412 1183 αὐτίκα
433 1142 543 1193 μάλα.
571 1143 626 1180 Cf.
643 1143 813 1178 Zosimus
830 1141 911 1183 111,
934 1138 1007 1186 36,
1029 1138 1070 1183 63
1086 1139 1158 1173 Zo-

114 1219 195 1243 nar.
210 1206 324 1254 XIII,
350 1203 625 1252 143A1nn1ian.
644 1200 854 1236 Marcellin.
877 1198 1027 1242 XXVI,
1058 1209 1092 1241 1,
1116 1196 1153 1233 3.

605 1299 667 1337 30.

169 1388 324 1445 [Suidas
349 1401 358 1427 t
382 1385 674 1433 Σαλούστιος,
695 1383 848 1437 ἔπαρχος
867 1382 1108 1434 πραιτωρίων·
1123 1381 1159 1426 ὃς

118 1464 203 1501 προε
190 1447 332 1486 εὸάλετο
360 1445 507 1498 βασιλέα
533 1442 813 1483 Βαλεντινιανόν.
871 1441 953 1479 Ὁ
935 1457 971 1479 οε
993 1440 1157 1492 βασιλεύ-

119 1523 182 1550 σας
205 1504 377 1549 διεδέξατο
395 1503 510 1550 αὐτὸν,
527 1502 586 1540 καὶ
607 1501 708 1548 ἔθηκε
722 1500 947 1554 προθέματα,
963 1497 1043 1549 ἵνα,
1060 1500 1088 1537 εἷ
1107 1498 1159 1542 τίς

119 1582 152 1603 τι
171 1565 334 1611 ἠδίκηται
353 1562 436 1613 παρ’
457 1563 583 1609 αυτοῦ,
599 1559 772 1633 προσέλθῃ
793 1576 843 1597 τω
859 1559 1009 1611 βασιλεῖ.
1034 1556 1159 1600 Ουδεὶς

120 1624 155 1662 δὲ
173 1623 387 1675 προσῆλθεν·
409 1624 451 1667 ἠν
467 1619 534 1690 γὰρ
553 1619 742 1671 ἁγνότατος
762 1621 779 1656 ὅ
797 1617 1023 1660 Σαλούστιος.
1047 1617 1159 1658 Οὗτος

119 1682 156 1720 δὲ
174 1684 191 1719 ὁ
209 1678 474 1722 Βαλεντινιανὸς
493 1678 549 1716 τὸν
569 1677 798 1729 πραιπόσιτον
817 1677 981 1715 Ῥοδανὸν
1000 1674 1085 1726 (και
1101 1674 1159 1713 τὸν

117 1739 344 1791 πραιπόσιτον
362 1736 712 1789 ἔκαυσεΧρυσάφιον,
728 1737 834 1775 Suid.
852 1750 888 1774 v.
909 1732 1159 1786 Προθέματα),

118 1798 334 1844 ἀδικήσαντα
348 1794 535 1847 Βερονίκην
553 1794 630 1832 τινὰ
647 1794 774 1847 χήραν,
793 1797 833 1840 ἦς
846 1792 1101 1845 προσελθούσης
1112 1793 1160 1843 τῷ

128 1854 301 1908 βασιλεῒ”
284 1856 391 1893 εδωκε
408 1853 574 1900 δικαστὴν
603 1853 837 1892 Σαλούστιον·
855 1854 873 1890 ὃ
897 1851 933 1889 δὲ
953 1850 1160 1889 κατεδίκασε

119 1916 180 1953 τὸν
214 1913 461 1987 πραιπόσιτον·
491 1912 551 1950 καὶ
581 1912 702 1950 τούτου
731 1909 1076 1964 καταφρονήσαντος,
1103 1908 1161 1946 τὸν

120 1973 348 2026 πραιπόσιτον
370 1974 404 2010 ἐν
427 1973 478 2009 τῶ
493 1973 626 2008 ιππικῶ
652 1971 735 2023 πυρὶ
752 1969 988 2022 παραδίδωσι,
1006 1967 1067 2006 καὶ
1097 1966 1160 2014 τὴν

121 2035 241 2078 κτῆσιν
268 2037 385 2070 πᾶσαν
404 2034 465 2068 τοῦ
486 2030 735 2082 ἀρχιευνούχου
754 2033 797 2082 τῇ
821 2029 915 2081 χήρα
939 2027 1080 2066 δίδωσι·
1100 2027 1160 2065 καὶ

119 2090 325 2144 φοὸηθέντες
344 2088 459 2135 πάσης
483 2088 618 2132 ἀδικίας
638 2088 874 2140 ἀπέσχοντο.]

171 2153 319 2186 Partem
334 2149 446 2196 hujus
464 2148 540 2185 loci
551 2175 561 2194 ‚
580 2161 626 2184 ex
643 2149 821 2185 uberiore
835 2148 1054 2183 narratione
1065 2146 1163 2182 male

120 2209 326 2252 contracti,
350 2208 468 2242 habes
498 2219 560 2254 ap.
578 2207 733 2242 Suidam
762 2220 799 2244 v.
827 2202 1066 2255 Προθέματα,
1093 2204 1160 2239 ubi

119 2266 342 2316 praepositus
367 2265 431 2299 ille
457 2277 536 2299 non
551 2264 783 2308 Rhodanus,
812 2264 879 2299 sed
909 2261 1164 2311 Chrysaphius

121 2326 276 2362 dicitur.
297 2325 470 2360 Ceterum
488 2323 535 2358 de
555 2324 738 2368 Salustio,
759 2323 806 2358 de
826 2335 903 2370 quo
928 2321 1004 2369 jam
1038 2322 1079 2356 in
1098 2322 1164 2357 Ju-

928 219 1146 260 EUNAPII
1176 218 1419 257 SARDIANI

1205 313 1294 350 liani
1311 311 1424 348 rebus
1441 309 1625 353 vidimus,
1645 306 1693 344 cf.
1710 306 1850 343 Zosim.
1868 304 1945 352 IV,
1969 318 1983 342 ι
2003 316 2012 343 z
2033 304 2252 355 Κατηγορίαι

1206 370 1242 409 δὲ
1262 372 1328 422 (de
1342 368 1612 410 Valentiniano
1631 379 1677 403 ex
1697 366 1909 402 amicorum
1924 364 2108 402 veneficio
2124 366 2257 402 Nicaeae

1206 425 1434 480 aegrotante)
1463 424 1558 463 κατά
1584 439 1687 462 τινων
1707 426 1797 470 ἠσαν
1815 424 2010 476 ἐπιφανῶν,
2036 422 2078 467 ἃς
2096 423 2259 476 ἀγχινοία

1207 503 1244 525 τε
1265 486 1324 525 καὶ
1344 483 1509 539 φρονήσει
1535 482 1666 521 διέλυεν
1695 485 1714 522 ὁ
1741 485 1804 529 τῆς
1829 481 1981 528 aul-‘725⁰
1963 497 2139 556 υπαρχος·
2159 498 2201 530 ην
2223 482 2259 520 δὲ

1209 545 1260 583 ἔτι
1290 542 1519 586 Σαλούστιος.
1541 543 1644 582 Ibid.
1669 556 1704 582 c.
1727 554 1778 581 2;
1804 542 1852 580 Οἱ
1873 539 1935 591 μὲν
1963 534 2021 579 ουν
2049 540 2150 578 ἄλλοι
2168 539 2255 578 πάν-

1209 619 1284 651 τες,
1313 602 1388 640 ὅσοι
1416 601 1516 655 παρὰ
1542 601 1723 653 Ἰουλιανῳ
1744 599 1946 647 διοικήσεως
1974 600 2080 637 ἐθνῶν
2107 598 2131 646 ἢ
2153 598 2266 643 ἄλλας

1214 660 1365 723 ἀρχὰς“’
1347 676 1469 712 ετυχον
1489 660 1801 712 ἐπιτετραμμένοι,
1821 657 2071 733 παρελύοντο
2059 658 2209 697 τούτων·
2227 659 2263 697 ἐν

1211 724 1261 764 οῖς
1292 719 1353 758 καὶ
1381 719 1596 763 Σαλούστιος
1615 721 1633 757 ὁ
1652 721 1713 766 τῆς
1733 719 1874 765 αὖλῆς“
1865 717 2023 770 ύπαρχος
2047 712 2106 765 ἠν.
2128 719 2175 757 In
2197 720 2264 756 lo—

1213 795 1302 819 cum
1321 780 1401 828 ejus
1419 781 1597 818 suffectus
1612 787 1667 818 est
1688 781 1892 818 Nebridius
1911 779 2050 833 (365).
2070 781 2262 818 Ammian
2314 772 2317 774 ’

1212 841 1422 878 Marcellin.
1441 841 1593 886 XXVI,
1616 853 1655 890 7,
1677 840 1714 878 3.
1737 840 1879 879 Zonar.
1901 841 1955 886 11,
1976 852 2017 888 p.
2038 838 2104 885 26,
2127 840 2171 877 B.
2188 839 2267 875 Til-

1211 902 1369 938 lemont.
1390 901 1457 947 IV,
1474 913 1515 949 p.
1536 899 1635 948 696.
1654 902 1700 946 V,
1721 913 1763 950 p.
1791 913 1827 946 7.
1852 899 1918 938 50.

1707 962 1768 999 31.

1271 1045 1363 1082 Exc.
1380 1044 1437 1080 De
1452 1049 1546 1079 sent.
1559 1055 1599 1092 p.
1624 1041 1698 1088 267
1719 1055 1727 1078 :
1747 1039 1834 1080 (Ότι
1850 1038 2031 1083 Φίλιππος
2050 1041 2068 1077 ὁ
2089 1039 2261 1080 Μακεδὼν

1217 1100 1257 1139 τὸ
1279 1100 1402 1153 μέτρον
1424 1100 1506 1138 ἰδὼν
1532 1115 1591 1139 του
1608 1115 1772 1153 σφετερου
1795 1098 1958 1150 σώματος
1986 1099 2043 1148 (ἓν
2063 1098 2265 1152 παλαίστρα

1218 1160 1291 1235 γὰρ
1298 1159 1534 1234 ἐπεπτώκει),
1554 1157 1772 1202 διαναστὰς’
1753 1157 1822 1196 απὸ
1835 1161 1894 1196 τοῦ
1906 1155 2094 1208 πτώματος
2104 1156 2265 1211 σώφρονα

1219 1222 1332 1273 ἀφ’ῆκε
1350 1219 1465 1270 λόγον,
1494 1221 1541 1262 ὡς
1562 1217 1683 1270 ὀλίγην
1702 1215 1941 1269 κατασγήσων
1966 1232 2032 1266 γην
2051 1209 2126 1254 εἶτα
2145 1217 2266 1255 ἐπιθυ-

1221 1279 1303 1330 μοίη
1320 1281 1382 1325 τῆς
1401 1277 1558 1324 ἁπάσης.

1272 1337 1359 1377 εὈτι
1377 1337 1434 1375 τὸν
1457 1336 1585 1383 Θησέα
1602 1334 1706 1388 φασὶν
1730 1334 1762 1373 οἵ
1787 1333 1933 1372 παλαιοι
1965 1331 2122 1380 ζηλωτὴν
2143 1332 2266 1386 Ἥρα-

1220 1394 1340 1440 κλέους
1354 1394 1538 1446 γενόμενον
1559 1393 1669 1446 μικρὰ
1693 1395 1752 1440 τῆς
1772 1392 1954 1444 μιμήσεως
1977 1391 2109 1439 ἐκείνης
2121 1394 2267 1446 ἀποκερ·

1221 1455 1332 1492 δᾶναι.

1272 1511 1360 1552 “Ὀτι
1380 1514 1441 1550 τοῦ
1458 1509 1662 1563 Προκοπίου
1683 1513 1742 1548 τοῦ
1769 1512 1953 1561 συγγενοῦς
1969 1508 2160 1548 Ἰουλιανοῧ
2181 1525 2268 1549 στα-

1222 1571 1406 1614 σιάσαντος
1426 1570 1486 1609 καὶ
1505 1569 1681 1622 τυραννίδι
1703 1569 1928 1619 ἐπιθεμένου,
1945 1566 2151 1621 Ἡράκλειος
2167 1570 2185 1606 ὁ
2203 1583 2269 1607 κυ-

1221 1630 1313 1674 νικὸς
1333 1628 1532 1682 προσελθων
1553 1630 1648 1666 αὐτῶ
1671 1643 1732 1666 και
1748 1626 2015 1680 κατακροτήσας
2040 1620 2077 1664 εὖ
2107 1626 2205 1677 μάλα
2225 1630 2270 1677 τῇ

1225 1688 1398 1742 βακτηρία
1418 1687 1609 1749 τοῦδαφος,
1627 1705 1643 1721 «ι
1668 1685 1846 1737 ἄλκιμος
1829 1701 1922 1734 εσσο,
1942 1702 2064 1740 φησιν,
2085 1684 2143 1724 ἵνα
2161 1685 2212 1730 τίς
2231 1701 2270 1725 σε

1223 1748 1284 1786 καὶ
1300 1747 1468 1800 ὀψιγόνων
1487 1750 1523 1784 εὖ
1545 1745 1642 1798 εἴπῃ.
1665 1763 1681 1780 ιι
1720 1777 1724 1780 ,

1275 1808 1402 1843 Prima
1419 1806 1529 1854 hujus
1539 1806 1674 1854 fragm.
1688 1812 1798 1854 parte
1815 1806 2048 1854 Procopium
2067 1803 2273 1854 significari

1222 1867 1451 1902 imitatorem
1471 1867 1491 1901 J
1497 1866 1611 1900 uliani
1635 1871 1761 1900 censet
1789 1865 2034 1901 Niebuhrius.
2056 1866 2114 1901 De
2136 1862 2271 1911 conju-

1222 1927 1370 1963 ratione
1400 1926 1612 1974 coeptisque
1646 1924 1827 1972 Procopii
1858 1923 1977 1973 (365)
2008 1936 2044 1962 v.
2077 1923 2268 1960 Ammian.

1222 1985 1367 2030 XXVI,
1381 1984 1533 2028 6—10;
1550 1983 1720 2019 Zosimus
1736 1983 1798 2028 IV,
1813 1986 1834 2024 4
1850 1994 1951 2029 sqq.;
1968 1982 2146 2018 Themist.
2161 1981 2270 2018 Orat.

1223 2044 1314 2088 VII,
1334 2055 1374 2092 p.
1394 2042 1704 2091 913Tillemont.
1726 2042 1772 2085 V,
1793 2053 1835 2089 p.
1862 2040 1911 2076 30
1929 2053 1987 2089 sq.
2012 2053 2061 2090 79
2078 2053 2123 2090 sq

1723 2121 1786 2158 32.

1278 2200 1412 2239 Suidas
1435 2213 1444 2236 ε
1459 2198 1525 2238 Χα
1537 2212 1554 2249 ρ
1565 2212 1575 2234 ι
1586 2212 1601 2235 ε
1611 2194 1682 2235 στέ
1692 2210 1763 2248 ρου
1772 2211 1786 2239 ς
1795 2210 1804 2220 ·
1818 2193 2066 2248 ἐνδοξοτέρους.
2082 2194 2258 2238 Εὖνᾶπιος
2267 2210 2274 2218 ·

1282 2277 1299 2293 α
1320 2257 1365 2297 ‘O
1395 2257 1431 2295 δὲ
1458 2255 1660 2308 Προκόπιος
1691 2253 1769 2298 τοὺς
1795 2253 2042 2306 χαριεστέρους
2071 2253 2275 2301 ἀναλαὸὼν,

1227 2317 1283 2355 ἐπὶ
1300 2316 1358 2355 τὸν
1376 2316 1522 2368 βασιλέα
1535 2314 1721 2354 Οὐάλεντα
1738 2312 1795 2351 διὰ
1812 2312 1974 2365 Φρυγίας
1994 2314 2235 2363 συνηπείγετο.
2256 2331 2271 2346 ιι

122 2435 189 2466 sinc
203 2432 321 2472 scripto
337 2431 378 2462 ad
392 2440 450 2462 nos
464 2440 566 2471 usque
581 2432 747 2463 efordine
762 2432 972 2464 devenerunt.
991 2431 1167 2463 Verumta-

122 2493 198 2516 men
210 2493 260 2515 τω
281 2491 354 2524 quae
370 2484 478 2513 nostra
496 2484 591 2514 oetate
607 2483 803 2521 acciderunt,
824 2492 883 2522 eoe,
910 2483 1038 2514 servato
1053 2481 1170 2514 verita-

121 2538 164 2574 tis
178 2537 312 2577 honore,
328 2537 365 2568 ut
380 2535 424 2567 ait
441 2535 543 2574 Plato,
567 2536 730 2568 tradendae
748 2536 922 2568 lectoribus
935 2537 1023 2568 sunt.

615 2608 674 2640 29.

165 2678 409 2712 Valentinianus
423 2679 539 2710 Nicaeae
556 2679 590 2710 in
607 2679 754 2720 Bithynia
772 2679 812 2711 ad
827 2688 1001 2720 purpuram
1027 2679 1075 2711 est
1095 2687 1171 2711 eve-

124 2735 213 2773 ctus,
227 2733 324 2772 atque
340 2731 512 2771 legationes
521 2755 530 2770 ,
552 2741 625 2772 quae
639 2734 854 2764 convenerant
867 2733 906 2764 ad
927 2733 1013 2764 hunc
1027 2732 1171 2768 (Jovia-

126 2792 213 2818 mrm
221 2785 253 2823 Ρ)
265 2791 378 2814 aureas
389 2783 523 2814 ferentes
535 2791 680 2823 coronas,
692 2783 757 2824 iam
767 2783 923 2824 (Joviano
933 2784 1051 2816 subita
1062 2785 1174 2815 morte

125 2837 299 2870 exstincto
313 2835 324 2875 )
339 2834 381 2866 ad
399 2835 491 2866 illum
513 2835 742 2868 reserebantur.
757 2836 888 2869 Cunctis
900 2837 951 2869 his
964 2836 1174 2877 legationibus

126 2887 206 2919 nihil
235 2887 302 2927 ipse
316 2885 434 2918 diserte
452 2887 626 2926 respondit,
658 2887 714 2919 sed
739 2887 879 2920 breviter
902 2889 934 2920 et
958 2887 1175 2929 perfunctorie

127 2947 202 2971 cum
216 2938 254 2970 iis
267 2937 446 2969 collocutus
457 2961 466 2977 ,
480 2937 633 2970 universis
644 2937 818 2971 declaravit
830 2939 985 2972 velociter
999 2939 1174 2971 admodum

128 2990 250 3032 aliquid
264 2998 298 3022 se
314 2990 487 3022 facturum.

626 3045 683 3078 30.

171 3114 340 3155 Salustius,
365 3114 535 3156 praefectus
550 3116 713 3156 praetorio,
726 3116 987 3149 Valentinianum
1001 3117 1177 3158 designavit

130 3167 366 3207 imperatorem.
373 3165 432 3198 Hic
439 3175 539 3206 quum
547 3166 715 3207 imperium
723 3168 921 3208 suscepisset,
927 3177 1141 3201 successorem
1149 3171 1177 3202 ei

131 3218 231 3258 dedit,
241 3219 274 3250 et
286 3217 390 3249 edicto
401 3218 575 3258 proposuit,
591 3218 691 3258 utqui
701 3219 741 3249 ab
754 3219 807 3250 illo
818 3220 950 3251 affectus
960 3222 1041 3251 esset
1052 3220 1178 3260 injuria,

133 3270 359 3310 imperatorem
380 3268 494 3300 adiret.
516 3270 637 3300 verum
654 3278 748 3300 nemo
767 3271 898 3309 questus
918 3272 965 3301 est
989 3284 997 3302 ;
1016 3271 1075 3302 suit
1093 3272 1178 3304 enim

135 3320 356 3362 integerrimus
366 3320 531 3353 Salustius.
548 3321 609 3352 Hic
627 3321 868 3352 Valentinianus
880 3323 1087 3362 praepositum
1097 3325 1179 3356 Rho-

136 3373 255 3405 danum
272 3372 389 3413 [morte
402 3371 576 3413 multavit].
597 3375 704 3409 Quum
719 3373 804 3403 enim
828 3373 854 3404 is
871 3373 1000 3405 viduam
1016 3376 1178 3414 quandam

137 3424 309 3457 Beronicen
321 3423 445 3464 Iniuriis
459 3423 632 3464 affecisset,
652 3423 823 3464 imperator
839 3425 964 3457 mulieri
981 3425 1020 3457 ad
1036 3434 1070 3459 se
1089 3436 1179 3460 acce-

1225 2429 1312 2460 denti
1324 2428 1465 2468 judicem
1478 2426 1566 2458 dedit
1585 2425 1758 2458 Salustium
1775 2433 1814 2456 :a
1826 2433 1891 2464 quo
1905 2423 2139 2456 condemnatus
2157 2432 2278 2464 praepo·

1226 2482 1319 2520 situs,
1337 2489 1438 2521 quum
1449 2479 1607 2520 judicium
1619 2479 1704 2510 illius
1724 2477 1814 2510 nihili
1829 2477 1958 2516 faceret,
1980 2476 2021 2508 ab
2037 2477 2228 2517 imperatore
2245 2476 2278 2508 in

1228 2535 1362 2575 Hippico
1376 2535 1535 2565 crematus
1550 2534 1619 2571 est,
1636 2531 1786 2563 omnibus
1803 2529 2032 2562 archieunuchi
2053 2529 2146 2562 bonis
2173 2529 2279 2561 viduae

1227 2586 1402 2626 assignatis
1422 2587 1492 2618 Hoc
1506 2584 1654 2625 exemplo
1673 2582 1776 2616 territi
1795 2582 1909 2623 reliqui
1934 2581 2023 2614 omni
2038 2581 2157 2621 injuria
2177 2581 2278 2614 absti-

1228 2638 1379 2670 nuerunt.

1719 2688 1780 2722 31.

1271 2756 1438 2798 Philippus
1456 2753 1610 2795 Macedo,
1632 2754 1804 2794 conspecto
1826 2753 1876 2785 sui
1898 2753 2041 2794 corporis
2060 2752 2192 2786 modulo
2218 2751 2280 2794 (in

1230 2810 1389 2850 palaestrae
1406 2806 1491 2840 enim
1505 2814 1603 2838 arena
1627 2805 1834 2845 deciderat),
1848 2813 2022 2844 exsurgens
2035 2813 2054 2836 a
2067 2813 2158 2843 casu,
2171 2804 2278 2837 mode·

1230 2862 1314 2894 stam
1332 2859 1522 2892 sententiam
1546 2857 1650 2896 dixit,
1667 2856 1755 2898 quod
1772 2856 1799 2888 is
1815 2856 1966 2889 videlicet
1975 2855 2134 2888 modicam
2159 2857 2280 2889 terram

1231 2913 1449 2953 occupaturus
1460 2909 1644 2942 universam
1657 2908 1830 2949 appeteret.

1272 2965 1371 2998 Aiunt
1383 2965 1508 2996 veteres
1517 2986 1526 3002 ,
1540 2962 1699 2995 Theseum
1709 2985 1719 3000 ,
1732 2960 1812 2992 dum
1823 2960 1995 2992 Herculem
2011 2959 2158 2993 aemulari
2170 2960 2278 3001 vellet,

1233 3017 1384 3057 exiguum
1397 3014 1581 3047 imitationis
1592 3021 1659 3045 suae
1670 3013 1811 3044 fructum
1827 3011 1948 3043 tulisse.

1275 3072 1347 3108 Quo
1369 3068 1514 3106 tempore
1530 3065 1724 3105 Procopius,
1747 3063 1866 3096 Juliani
1887 3063 2106 3104 propinquus,
2131 3063 2280 3096 affectata

1233 3120 1419 3162 tyrannide,
1438 3118 1616 3157 rebellavit,
1634 3116 1800 3150 Heraclius
1815 3116 1949 3156 cynicus
1970 3116 2011 3148 ad
2029 3125 2104 3148 eum
2125 3115 2280 3154 accedens

1234 3174 1435 3212 humumque
1453 3179 1527 3202 cum
1543 3169 1650 3202 sonitu
1677 3167 1767 3208 virga
1790 3168 1955 3208 quatiens,
1983 3179 1999 3194 «
2027 3167 2133 3207 For-ti,
2162 3167 2278 3208 inquit,

1235 3225 1342 3258 animo
1354 3226 1434 3265 esto,
1451 3223 1490 3256 ut
1502 3221 1617 3263 aliquis
1632 3222 1664 3254 te
1676 3228 1806 3261 quoque
1821 3220 1967 3260 posterus
1981 3219 2099 3251 laudet.
2117 3231 2133 3247 ιι

1729 3299 1786 3331 32.

1279 3374 1470 3414 Procopius,
1484 3371 1655 3412 assumptis
1670 3371 1732 3403 illis
1751 3371 1807 3411 qui
1826 3370 2027 3411 gratiosiores
2042 3371 2146 3410 erant,
2161 3368 2203 3401 ad
2218 3369 2278 3401 im·

1238 3429 1419 3468 peratorem
1444 3426 1611 3459 Valentem
1634 3433 1690 3466 per
1712 3424 1879 3465 Phrygiam
1897 3422 2072 3456 contendit.
