<?xml version="1.0" encoding="UTF-8"?>
<!DOCTYPE html PUBLIC "-//W3C//DTD XHTML 1.0 Transitional//EN"
    "http://www.w3.org/TR/xhtml1/DTD/xhtml1-transitional.dtd">
<html xmlns="http://www.w3.org/1999/xhtml" xml:lang="en" lang="en">
 <head>
  <title>
</title>
<meta http-equiv="Content-Type" content="text/html;charset=utf-8" />
  <meta name='ocr-system' content='tesseract 3.04.00' />
  <meta name='ocr-capabilities' content='ocr_page ocr_carea ocr_par ocr_line ocrx_word'/>
</head>
<body>
  <div class='ocr_page' id='page_1' title='image "./fragmentahistori04mueluoft_0325.png"; bbox 0 0 2372 3704; ppageno 0'>
   <div class='ocr_carea' id='block_1_1' title="bbox 0 212 9 470">
    <p class='ocr_par' dir='ltr' id='par_1_1' title="bbox 0 212 9 470">
     <span class='ocr_line' id='line_1_1' title="bbox 0 212 9 280; baseline 0 0"><span class='ocrx_word' id='word_1_1' title='bbox 0 212 9 280; x_wconf 62' lang='grc' dir='ltr'>,ἒ</span> 
     </span>
     <span class='ocr_line' id='line_1_2' title="bbox 0 284 9 311; baseline 0 -2"><span class='ocrx_word' id='word_1_2' title='bbox 0 284 9 311; x_wconf 56' lang='grc' dir='ltr'>ᾖ·</span> 
     </span>
     <span class='ocr_line' id='line_1_3' title="bbox 0 350 5 369; baseline 0 0"><span class='ocrx_word' id='word_1_3' title='bbox 0 350 5 369; x_wconf 63' lang='grc' dir='ltr'>ι</span> 
     </span>
     <span class='ocr_line' id='line_1_4' title="bbox 0 387 5 405; baseline 0 0"><span class='ocrx_word' id='word_1_4' title='bbox 0 387 5 405; x_wconf 67' lang='grc' dir='ltr'>ι</span> 
     </span>
     <span class='ocr_line' id='line_1_5' title="bbox 0 442 5 470; baseline 0 0"><span class='ocrx_word' id='word_1_5' title='bbox 0 442 5 470; x_wconf 64' lang='grc' dir='ltr'>ί</span> 
     </span>
    </p>
   </div>
   <div class='ocr_carea' id='block_1_2' title="bbox 1000 211 2251 263">
    <p class='ocr_par' dir='ltr' id='par_1_2' title="bbox 1000 211 2251 263">
     <span class='ocr_line' id='line_1_6' title="bbox 1000 211 2251 263; baseline 0.011 -14"><span class='ocrx_word' id='word_1_6' title='bbox 1000 211 1334 251; x_wconf 80' lang='lat' dir='ltr'><strong>FRAGMENTA.</strong></span> <span class='ocrx_word' id='word_1_7' title='bbox 2178 229 2251 263; x_wconf 77' lang='lat'>313</span> 
     </span>
    </p>
   </div>
   <div class='ocr_carea' id='block_1_3' title="bbox 92 294 1147 1597">
    <p class='ocr_par' dir='ltr' id='par_1_3' title="bbox 103 294 1147 464">
     <span class='ocr_line' id='line_1_7' title="bbox 105 294 1146 349; baseline 0.001 -15"><span class='ocrx_word' id='word_1_8' title='bbox 105 296 185 335; x_wconf 82' lang='grc' dir='ltr'>Δεῖν</span> <span class='ocrx_word' id='word_1_9' title='bbox 211 294 248 334; x_wconf 87' lang='grc' dir='ltr'>δέ</span> <span class='ocrx_word' id='word_1_10' title='bbox 272 310 357 348; x_wconf 84' lang='grc' dir='ltr'>φασι</span> <span class='ocrx_word' id='word_1_11' title='bbox 377 294 491 347; x_wconf 88' lang='grc' dir='ltr'>λέγειν</span> <span class='ocrx_word' id='word_1_12' title='bbox 516 296 721 349; x_wconf 78' lang='grc' dir='ltr'>Πυανέψια,</span> <span class='ocrx_word' id='word_1_13' title='bbox 743 295 802 334; x_wconf 78' lang='grc' dir='ltr'>καὶ</span> <span class='ocrx_word' id='word_1_14' title='bbox 821 296 879 335; x_wconf 84' lang='grc' dir='ltr'>τὸν</span> <span class='ocrx_word' id='word_1_15' title='bbox 897 300 991 345; x_wconf 79' lang='grc' dir='ltr'>μῆνα</span> <span class='ocrx_word' id='word_1_16' title='bbox 1012 299 1146 337; x_wconf 82' lang='grc' dir='ltr'>Πυανε-</span> 
     </span>
     <span class='ocr_line' id='line_1_8' title="bbox 103 353 1147 409; baseline 0.003 -17"><span class='ocrx_word' id='word_1_17' title='bbox 103 356 215 407; x_wconf 78' lang='grc' dir='ltr'>ψιῶνα</span> <span class='ocrx_word' id='word_1_18' title='bbox 228 369 236 378; x_wconf 93' lang='grc'><em>·</em></span> <span class='ocrx_word' id='word_1_19' title='bbox 260 353 377 392; x_wconf 82' lang='grc' dir='ltr'>πύανα</span> <span class='ocrx_word' id='word_1_20' title='bbox 396 354 463 405; x_wconf 85' lang='grc' dir='ltr'>γὰρ</span> <span class='ocrx_word' id='word_1_21' title='bbox 481 353 621 407; x_wconf 76' lang='grc' dir='ltr'>ἕψουσιν</span> <span class='ocrx_word' id='word_1_22' title='bbox 640 356 675 392; x_wconf 84' lang='grc' dir='ltr'>ἐν</span> <span class='ocrx_word' id='word_1_23' title='bbox 697 355 830 402; x_wconf 82' lang='grc' dir='ltr'>αὐτοῖς,</span> <span class='ocrx_word' id='word_1_24' title='bbox 848 355 908 393; x_wconf 81' lang='grc' dir='ltr'>καὶ</span> <span class='ocrx_word' id='word_1_25' title='bbox 925 359 948 403; x_wconf 86' lang='grc' dir='ltr'>ἡ</span> <span class='ocrx_word' id='word_1_26' title='bbox 967 355 1147 409; x_wconf 76' lang='grc' dir='ltr'>εἰρεσιώνη</span> 
     </span>
     <span class='ocr_line' id='line_1_9' title="bbox 104 412 718 464; baseline 0.005 -14"><span class='ocrx_word' id='word_1_27' title='bbox 104 412 238 464; x_wconf 82' lang='grc' dir='ltr'>ἄγεται.</span> <span class='ocrx_word' id='word_1_28' title='bbox 250 414 306 452; x_wconf 84' lang='lat' dir='ltr'><strong>Cf.</strong></span> <span class='ocrx_word' id='word_1_29' title='bbox 327 416 533 451; x_wconf 83' lang='lat' dir='ltr'>Hermann.</span> <span class='ocrx_word' id='word_1_30' title='bbox 551 414 573 464; x_wconf 70' lang='lat' dir='ltr'>S</span> <span class='ocrx_word' id='word_1_31' title='bbox 589 414 636 451; x_wconf 84' lang='lat'>56</span> <span class='ocrx_word' id='word_1_32' title='bbox 652 442 662 460; x_wconf 91' lang='lat'>‚</span> <span class='ocrx_word' id='word_1_33' title='bbox 681 414 718 453; x_wconf 81' lang='lat'><strong>5.</strong></span> 
     </span>
    </p>

    <p class='ocr_par' dir='ltr' id='par_1_4' title="bbox 98 472 1147 756">
     <span class='ocr_line' id='line_1_10' title="bbox 158 472 1146 526; baseline 0.001 -17"><span class='ocrx_word' id='word_1_34' title='bbox 158 475 410 523; x_wconf 83' lang='lat' dir='ltr'><strong>Harpocratio</strong></span> <span class='ocrx_word' id='word_1_35' title='bbox 431 486 440 512; x_wconf 74' lang='grc' dir='ltr'>ε</span> <span class='ocrx_word' id='word_1_36' title='bbox 459 474 665 513; x_wconf 81' lang='grc' dir='ltr'>Χαλκεῒα...</span> <span class='ocrx_word' id='word_1_37' title='bbox 689 472 745 512; x_wconf 86' lang='grc' dir='ltr'>Τὰ</span> <span class='ocrx_word' id='word_1_38' title='bbox 764 474 926 513; x_wconf 88' lang='grc' dir='ltr'>Χαλκεῒα</span> <span class='ocrx_word' id='word_1_39' title='bbox 946 473 1046 526; x_wconf 83' lang='grc' dir='ltr'>ἑορτὴ</span> <span class='ocrx_word' id='word_1_40' title='bbox 1065 476 1146 526; x_wconf 88' lang='grc' dir='ltr'>παρ’</span> 
     </span>
     <span class='ocr_line' id='line_1_11' title="bbox 103 530 1147 585; baseline 0.001 -16"><span class='ocrx_word' id='word_1_41' title='bbox 103 530 293 577; x_wconf 81' lang='grc' dir='ltr'>Ἀθηναίοις</span> <span class='ocrx_word' id='word_1_42' title='bbox 312 530 468 582; x_wconf 83' lang='grc' dir='ltr'>ἀγομένη</span> <span class='ocrx_word' id='word_1_43' title='bbox 492 533 737 585; x_wconf 76' lang='grc' dir='ltr'>Πυανεψιῶνος</span> <span class='ocrx_word' id='word_1_44' title='bbox 766 531 823 584; x_wconf 82' lang='grc' dir='ltr'>ἕνῃ</span> <span class='ocrx_word' id='word_1_45' title='bbox 845 531 905 570; x_wconf 78' lang='grc' dir='ltr'>καὶ</span> <span class='ocrx_word' id='word_1_46' title='bbox 925 531 1002 582; x_wconf 83' lang='grc' dir='ltr'>νέᾳ,</span> <span class='ocrx_word' id='word_1_47' title='bbox 1022 533 1147 585; x_wconf 84' lang='grc' dir='ltr'>χειρώ-</span> 
     </span>
     <span class='ocr_line' id='line_1_12' title="bbox 99 588 1146 644; baseline 0.003 -18"><span class='ocrx_word' id='word_1_48' title='bbox 99 588 175 633; x_wconf 86' lang='grc' dir='ltr'>ναξι</span> <span class='ocrx_word' id='word_1_49' title='bbox 202 588 321 636; x_wconf 88' lang='grc' dir='ltr'>κοινὴ,</span> <span class='ocrx_word' id='word_1_50' title='bbox 344 589 497 639; x_wconf 89' lang='grc' dir='ltr'>μάλιστα</span> <span class='ocrx_word' id='word_1_51' title='bbox 526 589 561 627; x_wconf 76' lang='grc' dir='ltr'>δὲ</span> <span class='ocrx_word' id='word_1_52' title='bbox 586 591 796 642; x_wconf 81' lang='grc' dir='ltr'>χαλκεῦσιν,</span> <span class='ocrx_word' id='word_1_53' title='bbox 826 589 872 634; x_wconf 81' lang='grc' dir='ltr'>ὥς</span> <span class='ocrx_word' id='word_1_54' title='bbox 900 606 1001 644; x_wconf 79' lang='grc' dir='ltr'>φησιν</span> <span class='ocrx_word' id='word_1_55' title='bbox 1022 591 1146 630; x_wconf 80' lang='grc' dir='ltr'>Ἀπολ-</span> 
     </span>
     <span class='ocr_line' id='line_1_13' title="bbox 99 646 1143 700; baseline 0.005 -15"><span class='ocrx_word' id='word_1_56' title='bbox 99 646 221 691; x_wconf 85' lang='grc' dir='ltr'>λώνιος</span> <span class='ocrx_word' id='word_1_57' title='bbox 238 650 257 686; x_wconf 90' lang='lat'>6</span> <span class='ocrx_word' id='word_1_58' title='bbox 272 647 474 700; x_wconf 85' lang='grc' dir='ltr'>Ἀχαρνεύς·</span> <span class='ocrx_word' id='word_1_59' title='bbox 496 649 707 699; x_wconf 86' lang='grc' dir='ltr'>Φανοδημος</span> <span class='ocrx_word' id='word_1_60' title='bbox 723 648 758 687; x_wconf 77' lang='grc' dir='ltr'>δὲ</span> <span class='ocrx_word' id='word_1_61' title='bbox 774 650 912 688; x_wconf 51' lang='lat' dir='ltr'>arkes.</span> <span class='ocrx_word' id='word_1_62' title='bbox 939 653 1143 690; x_wconf 79' lang='lat' dir='ltr'><strong>Hermann.</strong></span> 
     </span>
     <span class='ocr_line' id='line_1_14' title="bbox 98 707 449 756; baseline 0.006 -14"><span class='ocrx_word' id='word_1_63' title='bbox 98 707 206 756; x_wconf 76' lang='lat'><strong>§48‚</strong></span> <span class='ocrx_word' id='word_1_64' title='bbox 231 721 268 755; x_wconf 87' lang='lat'>7.</span> <span class='ocrx_word' id='word_1_65' title='bbox 297 707 368 754; x_wconf 83' lang='lat'>56,</span> <span class='ocrx_word' id='word_1_66' title='bbox 386 708 449 745; x_wconf 82' lang='lat'><strong>31.</strong></span> 
     </span>
    </p>

    <p class='ocr_par' dir='ltr' id='par_1_5' title="bbox 96 766 1144 1111">
     <span class='ocr_line' id='line_1_15' title="bbox 149 766 1143 820; baseline 0.004 -18"><span class='ocrx_word' id='word_1_67' title='bbox 149 767 278 804; x_wconf 89' lang='lat' dir='ltr'><strong>Schol.</strong></span> <span class='ocrx_word' id='word_1_68' title='bbox 291 767 487 816; x_wconf 87' lang='lat' dir='ltr'><strong>Aristoph.</strong></span> <span class='ocrx_word' id='word_1_69' title='bbox 502 767 603 806; x_wconf 87' lang='lat' dir='ltr'><strong>Nub.</strong></span> <span class='ocrx_word' id='word_1_70' title='bbox 618 767 693 810; x_wconf 73' lang='lat'>408</span> <span class='ocrx_word' id='word_1_71' title='bbox 708 781 716 804; x_wconf 90' lang='lat'><strong>:</strong></span> <span class='ocrx_word' id='word_1_72' title='bbox 731 766 997 818; x_wconf 84' lang='grc' dir='ltr'>Διασίοισιν]</span> <span class='ocrx_word' id='word_1_73' title='bbox 1017 766 1143 820; x_wconf 84' lang='grc' dir='ltr'>Ἑορτὴ</span> 
     </span>
     <span class='ocr_line' id='line_1_16' title="bbox 98 822 1144 877; baseline 0.003 -15"><span class='ocrx_word' id='word_1_74' title='bbox 98 822 262 871; x_wconf 81' lang='grc' dir='ltr'>Ἀθήνησι</span> <span class='ocrx_word' id='word_1_75' title='bbox 282 823 471 876; x_wconf 84' lang='grc' dir='ltr'>Μειλιχίου</span> <span class='ocrx_word' id='word_1_76' title='bbox 491 824 582 869; x_wconf 84' lang='grc' dir='ltr'>Διός.</span> <span class='ocrx_word' id='word_1_77' title='bbox 612 824 752 874; x_wconf 86' lang='grc' dir='ltr'>Ἄγεται</span> <span class='ocrx_word' id='word_1_78' title='bbox 781 825 816 863; x_wconf 79' lang='grc' dir='ltr'>δὲ</span> <span class='ocrx_word' id='word_1_79' title='bbox 837 827 943 877; x_wconf 84' lang='grc' dir='ltr'>μηνὸς</span> <span class='ocrx_word' id='word_1_80' title='bbox 963 826 1144 874; x_wconf 80' lang='grc' dir='ltr'>Ἀνθεστη-</span> 
     </span>
     <span class='ocr_line' id='line_1_17' title="bbox 101 882 1144 938; baseline 0.004 -19"><span class='ocrx_word' id='word_1_81' title='bbox 101 884 220 933; x_wconf 85' lang='grc' dir='ltr'>ριῶνος</span> <span class='ocrx_word' id='word_1_82' title='bbox 249 882 283 930; x_wconf 87' lang='grc' dir='ltr'>η’</span> <span class='ocrx_word' id='word_1_83' title='bbox 311 882 497 936; x_wconf 86' lang='grc' dir='ltr'>φθίνοντος.</span> <span class='ocrx_word' id='word_1_84' title='bbox 528 884 757 928; x_wconf 80' lang='grc' dir='ltr'>Ἀπολλώνιος</span> <span class='ocrx_word' id='word_1_85' title='bbox 786 885 822 923; x_wconf 81' lang='grc' dir='ltr'>δὲ</span> <span class='ocrx_word' id='word_1_86' title='bbox 850 887 868 923; x_wconf 97' lang='lat'>6</span> <span class='ocrx_word' id='word_1_87' title='bbox 895 885 1079 938; x_wconf 82' lang='grc' dir='ltr'>Ἀχαρνεὺς</span> <span class='ocrx_word' id='word_1_88' title='bbox 1101 885 1144 923; x_wconf 87' lang='grc' dir='ltr'>τὰ</span> 
     </span>
     <span class='ocr_line' id='line_1_18' title="bbox 97 940 1142 997; baseline 0.004 -19"><span class='ocrx_word' id='word_1_89' title='bbox 97 940 226 979; x_wconf 86' lang='grc' dir='ltr'>Διάσια</span> <span class='ocrx_word' id='word_1_90' title='bbox 245 942 413 995; x_wconf 82' lang='grc' dir='ltr'>διακρίνει</span> <span class='ocrx_word' id='word_1_91' title='bbox 434 942 503 980; x_wconf 84' lang='grc' dir='ltr'>ἀπὸ</span> <span class='ocrx_word' id='word_1_92' title='bbox 518 945 579 990; x_wconf 71' lang='grc' dir='ltr'>τῆς</span> <span class='ocrx_word' id='word_1_93' title='bbox 598 947 656 981; x_wconf 87' lang='grc' dir='ltr'>τοῦ</span> <span class='ocrx_word' id='word_1_94' title='bbox 675 944 860 996; x_wconf 75' lang='grc' dir='ltr'>Μειλιχίου</span> <span class='ocrx_word' id='word_1_95' title='bbox 877 947 1015 997; x_wconf 74' lang='grc' dir='ltr'>ἑορτῆς,</span> <span class='ocrx_word' id='word_1_96' title='bbox 1034 960 1142 996; x_wconf 86' lang='grc' dir='ltr'>προσ-</span> 
     </span>
     <span class='ocr_line' id='line_1_19' title="bbox 96 998 1142 1055; baseline 0.003 -18"><span class='ocrx_word' id='word_1_97' title='bbox 96 998 320 1051; x_wconf 86' lang='grc' dir='ltr'>αγορεύεσθαι</span> <span class='ocrx_word' id='word_1_98' title='bbox 335 1000 424 1039; x_wconf 81' lang='grc' dir='ltr'>αὐτὰ</span> <span class='ocrx_word' id='word_1_99' title='bbox 438 1001 568 1052; x_wconf 90' lang='grc' dir='ltr'>λέγων,</span> <span class='ocrx_word' id='word_1_100' title='bbox 580 1001 740 1055; x_wconf 84' lang='grc' dir='ltr'>καθάπερ</span> <span class='ocrx_word' id='word_1_101' title='bbox 759 1002 846 1046; x_wconf 91' lang='grc' dir='ltr'>τινές</span> <span class='ocrx_word' id='word_1_102' title='bbox 861 1018 985 1054; x_wconf 84' lang='grc' dir='ltr'>φασιν,</span> <span class='ocrx_word' id='word_1_103' title='bbox 1001 1002 1070 1040; x_wconf 83' lang='grc' dir='ltr'>ἀπὸ</span> <span class='ocrx_word' id='word_1_104' title='bbox 1084 1007 1142 1040; x_wconf 92' lang='grc' dir='ltr'>τοῦ</span> 
     </span>
     <span class='ocr_line' id='line_1_20' title="bbox 96 1058 1141 1111; baseline 0.004 -16"><span class='ocrx_word' id='word_1_105' title='bbox 96 1058 272 1110; x_wconf 79' lang='grc' dir='ltr'>διαφυγεῖν</span> <span class='ocrx_word' id='word_1_106' title='bbox 293 1058 418 1102; x_wconf 85' lang='grc' dir='ltr'>αὗτους</span> <span class='ocrx_word' id='word_1_107' title='bbox 439 1061 558 1111; x_wconf 79' lang='grc' dir='ltr'>εὐχαῖς</span> <span class='ocrx_word' id='word_1_108' title='bbox 575 1059 637 1104; x_wconf 84' lang='grc' dir='ltr'>τὰς</span> <span class='ocrx_word' id='word_1_109' title='bbox 655 1060 754 1105; x_wconf 87' lang='grc' dir='ltr'>ἄσας.</span> <span class='ocrx_word' id='word_1_110' title='bbox 773 1062 827 1100; x_wconf 88' lang='lat' dir='ltr'>Cf.</span> <span class='ocrx_word' id='word_1_111' title='bbox 845 1064 974 1101; x_wconf 84' lang='lat' dir='ltr'><strong>Herm.</strong></span> <span class='ocrx_word' id='word_1_112' title='bbox 995 1061 1062 1109; x_wconf 83' lang='grc'>58,</span> <span class='ocrx_word' id='word_1_113' title='bbox 1079 1063 1141 1101; x_wconf 85' lang='lat'><strong>23.</strong></span> 
     </span>
    </p>

    <p class='ocr_par' dir='ltr' id='par_1_6' title="bbox 93 1118 1141 1282">
     <span class='ocr_line' id='line_1_21' title="bbox 149 1118 1141 1172; baseline 0.004 -18"><span class='ocrx_word' id='word_1_114' title='bbox 149 1119 282 1156; x_wconf 87' lang='lat' dir='ltr'><strong>Suidas</strong></span> <span class='ocrx_word' id='word_1_115' title='bbox 302 1119 361 1169; x_wconf 89' lang='lat' dir='ltr'>(et</span> <span class='ocrx_word' id='word_1_116' title='bbox 388 1118 564 1171; x_wconf 90' lang='lat' dir='ltr'><strong>Photius)</strong></span> <span class='ocrx_word' id='word_1_117' title='bbox 592 1135 600 1157; x_wconf 76' lang='grc' dir='ltr'>ε</span> <span class='ocrx_word' id='word_1_118' title='bbox 624 1119 883 1172; x_wconf 85' lang='grc' dir='ltr'>Ὕδροφορία</span> <span class='ocrx_word' id='word_1_119' title='bbox 898 1150 909 1169; x_wconf 92' lang='grc'>,</span> <span class='ocrx_word' id='word_1_120' title='bbox 932 1119 1032 1172; x_wconf 84' lang='grc' dir='ltr'>ἑορτὴ</span> <span class='ocrx_word' id='word_1_121' title='bbox 1062 1119 1141 1158; x_wconf 87' lang='grc' dir='ltr'>πέν-</span> 
     </span>
     <span class='ocr_line' id='line_1_22' title="bbox 94 1175 1141 1230; baseline 0.004 -18"><span class='ocrx_word' id='word_1_122' title='bbox 94 1177 193 1224; x_wconf 87' lang='grc' dir='ltr'>θιμος</span> <span class='ocrx_word' id='word_1_123' title='bbox 210 1175 392 1223; x_wconf 83' lang='grc' dir='ltr'>Ἀθήνησιν</span> <span class='ocrx_word' id='word_1_124' title='bbox 409 1176 467 1215; x_wconf 79' lang='grc' dir='ltr'>ἐπὶ</span> <span class='ocrx_word' id='word_1_125' title='bbox 487 1182 557 1220; x_wconf 84' lang='grc' dir='ltr'>τοῖς</span> <span class='ocrx_word' id='word_1_126' title='bbox 575 1178 610 1215; x_wconf 82' lang='grc' dir='ltr'>ἓν</span> <span class='ocrx_word' id='word_1_127' title='bbox 630 1179 680 1230; x_wconf 80' lang='grc' dir='ltr'>τῷ</span> <span class='ocrx_word' id='word_1_128' title='bbox 699 1179 941 1230; x_wconf 71' lang='grc' dir='ltr'>κατακλυσμῷ</span> <span class='ocrx_word' id='word_1_129' title='bbox 962 1178 1141 1228; x_wconf 85' lang='grc' dir='ltr'>ἀπολομέ·</span> 
     </span>
     <span class='ocr_line' id='line_1_23' title="bbox 93 1234 1066 1282; baseline 0.005 -13"><span class='ocrx_word' id='word_1_130' title='bbox 93 1247 180 1282; x_wconf 88' lang='grc' dir='ltr'>νοις,</span> <span class='ocrx_word' id='word_1_131' title='bbox 200 1237 246 1278; x_wconf 83' lang='grc' dir='ltr'>ὡς</span> <span class='ocrx_word' id='word_1_132' title='bbox 260 1234 503 1279; x_wconf 85' lang='grc' dir='ltr'>Ἀπολλώνιος.</span> <span class='ocrx_word' id='word_1_133' title='bbox 525 1237 583 1276; x_wconf 87' lang='lat' dir='ltr'><strong>Cf.</strong></span> <span class='ocrx_word' id='word_1_134' title='bbox 607 1238 799 1274; x_wconf 87' lang='lat' dir='ltr'><strong>Plutarch.</strong></span> <span class='ocrx_word' id='word_1_135' title='bbox 824 1239 927 1274; x_wconf 87' lang='lat' dir='ltr'><strong>Sulla</strong></span> <span class='ocrx_word' id='word_1_136' title='bbox 946 1251 981 1274; x_wconf 85' lang='lat' dir='ltr'><strong>c.</strong></span> <span class='ocrx_word' id='word_1_137' title='bbox 1007 1244 1066 1282; x_wconf 75' lang='lat'>14.</span> 
     </span>
    </p>

    <p class='ocr_par' dir='ltr' id='par_1_7' title="bbox 92 1293 1142 1464">
     <span class='ocr_line' id='line_1_24' title="bbox 146 1293 1142 1347; baseline 0.002 -17"><span class='ocrx_word' id='word_1_138' title='bbox 146 1294 346 1330; x_wconf 81' lang='lat' dir='ltr'><strong>Athenaeus</strong></span> <span class='ocrx_word' id='word_1_139' title='bbox 359 1297 391 1332; x_wconf 93' lang='lat' dir='ltr'><strong>V</strong></span> <span class='ocrx_word' id='word_1_140' title='bbox 402 1322 412 1340; x_wconf 90' lang='lat'><strong>,</strong></span> <span class='ocrx_word' id='word_1_141' title='bbox 428 1308 465 1344; x_wconf 90' lang='lat' dir='ltr'><strong>p.</strong></span> <span class='ocrx_word' id='word_1_142' title='bbox 487 1307 553 1344; x_wconf 86' lang='lat'>191</span> <span class='ocrx_word' id='word_1_143' title='bbox 565 1323 574 1341; x_wconf 93' lang='lat'>,</span> <span class='ocrx_word' id='word_1_144' title='bbox 587 1297 618 1331; x_wconf 89' lang='lat' dir='ltr'>E</span> <span class='ocrx_word' id='word_1_145' title='bbox 638 1307 647 1332; x_wconf 90' lang='lat'>:</span> <span class='ocrx_word' id='word_1_146' title='bbox 665 1294 730 1333; x_wconf 87' lang='grc' dir='ltr'>Ἐν</span> <span class='ocrx_word' id='word_1_147' title='bbox 746 1293 781 1332; x_wconf 83' lang='grc' dir='ltr'>δὲ</span> <span class='ocrx_word' id='word_1_148' title='bbox 795 1299 870 1338; x_wconf 87' lang='grc' dir='ltr'>ταῖς</span> <span class='ocrx_word' id='word_1_149' title='bbox 883 1297 951 1332; x_wconf 85' lang='grc' dir='ltr'>τῶν</span> <span class='ocrx_word' id='word_1_150' title='bbox 969 1297 1053 1333; x_wconf 86' lang='grc' dir='ltr'>θεῶν</span> <span class='ocrx_word' id='word_1_151' title='bbox 1071 1297 1142 1347; x_wconf 80' lang='grc' dir='ltr'>ἑορ-</span> 
     </span>
     <span class='ocr_line' id='line_1_25' title="bbox 92 1348 1138 1405; baseline 0.005 -19"><span class='ocrx_word' id='word_1_152' title='bbox 92 1355 168 1392; x_wconf 86' lang='grc' dir='ltr'>ταῖς</span> <span class='ocrx_word' id='word_1_153' title='bbox 186 1350 257 1388; x_wconf 84' lang='grc' dir='ltr'>οὐδ’</span> <span class='ocrx_word' id='word_1_154' title='bbox 276 1350 369 1390; x_wconf 81' lang='grc' dir='ltr'>ὅσιον</span> <span class='ocrx_word' id='word_1_155' title='bbox 389 1348 476 1392; x_wconf 80' lang='grc' dir='ltr'>εἶναι</span> <span class='ocrx_word' id='word_1_156' title='bbox 495 1353 590 1390; x_wconf 83' lang='grc' dir='ltr'>δοκεῖ</span> <span class='ocrx_word' id='word_1_157' title='bbox 611 1351 722 1390; x_wconf 86' lang='grc' dir='ltr'>πλείω</span> <span class='ocrx_word' id='word_1_158' title='bbox 753 1353 877 1405; x_wconf 87' lang='grc' dir='ltr'>χρόνον</span> <span class='ocrx_word' id='word_1_159' title='bbox 909 1353 1138 1405; x_wconf 87' lang='grc' dir='ltr'>παραμένειν.</span> 
     </span>
     <span class='ocr_line' id='line_1_26' title="bbox 94 1410 1041 1464; baseline 0.002 -17"><span class='ocrx_word' id='word_1_160' title='bbox 94 1410 286 1460; x_wconf 87' lang='grc' dir='ltr'>Γνωμικῶς</span> <span class='ocrx_word' id='word_1_161' title='bbox 300 1414 381 1462; x_wconf 92' lang='grc' dir='ltr'>γοῦν</span> <span class='ocrx_word' id='word_1_162' title='bbox 399 1426 483 1464; x_wconf 82' lang='grc' dir='ltr'>φησι</span> <span class='ocrx_word' id='word_1_163' title='bbox 499 1410 597 1462; x_wconf 85' lang='grc' dir='ltr'>παρὰ</span> <span class='ocrx_word' id='word_1_164' title='bbox 616 1413 665 1463; x_wconf 84' lang='grc' dir='ltr'>τῷ</span> <span class='ocrx_word' id='word_1_165' title='bbox 683 1410 834 1464; x_wconf 84' lang='grc' dir='ltr'>Ὁμήρῳ</span> <span class='ocrx_word' id='word_1_166' title='bbox 856 1415 875 1458; x_wconf 83' lang='grc' dir='ltr'>ἡ</span> <span class='ocrx_word' id='word_1_167' title='bbox 896 1412 1041 1459; x_wconf 85' lang='grc' dir='ltr'>Ἀθηνᾶ·</span> 
     </span>
    </p>

    <p class='ocr_par' dir='ltr' id='par_1_8' title="bbox 174 1508 932 1597">
     <span class='ocr_line' id='line_1_27' title="bbox 174 1508 912 1550; baseline 0.003 -10"><span class='ocrx_word' id='word_1_168' title='bbox 174 1508 256 1546; x_wconf 81' lang='grc' dir='ltr'>Ἤδη</span> <span class='ocrx_word' id='word_1_169' title='bbox 273 1508 332 1550; x_wconf 84' lang='grc' dir='ltr'>γὰρ</span> <span class='ocrx_word' id='word_1_170' title='bbox 345 1508 422 1549; x_wconf 78' lang='grc' dir='ltr'>φάος</span> <span class='ocrx_word' id='word_1_171' title='bbox 435 1509 531 1550; x_wconf 79' lang='grc' dir='ltr'>οἴχεθ’</span> <span class='ocrx_word' id='word_1_172' title='bbox 546 1510 607 1541; x_wconf 84' lang='grc' dir='ltr'>ὑπὸ</span> <span class='ocrx_word' id='word_1_173' title='bbox 621 1509 711 1550; x_wconf 81' lang='grc' dir='ltr'>ζόφον</span> <span class='ocrx_word' id='word_1_174' title='bbox 722 1533 731 1548; x_wconf 89' lang='grc'>,</span> <span class='ocrx_word' id='word_1_175' title='bbox 745 1510 816 1541; x_wconf 84' lang='grc' dir='ltr'>οὐδὲ</span> <span class='ocrx_word' id='word_1_176' title='bbox 829 1510 912 1542; x_wconf 86' lang='grc' dir='ltr'>ἔοικε</span> 
     </span>
     <span class='ocr_line' id='line_1_28' title="bbox 174 1555 932 1597; baseline 0.001 -10"><span class='ocrx_word' id='word_1_177' title='bbox 174 1555 253 1593; x_wconf 84' lang='grc' dir='ltr'>δηθὰ</span> <span class='ocrx_word' id='word_1_178' title='bbox 266 1556 343 1587; x_wconf 87' lang='grc' dir='ltr'>θεῶν</span> <span class='ocrx_word' id='word_1_179' title='bbox 357 1555 388 1588; x_wconf 86' lang='grc' dir='ltr'>ἐν</span> <span class='ocrx_word' id='word_1_180' title='bbox 402 1556 482 1587; x_wconf 89' lang='grc' dir='ltr'>δαιτὶ</span> <span class='ocrx_word' id='word_1_181' title='bbox 498 1557 675 1597; x_wconf 84' lang='grc' dir='ltr'>θαασσέμεν</span> <span class='ocrx_word' id='word_1_182' title='bbox 685 1581 694 1596; x_wconf 88' lang='grc'>,</span> <span class='ocrx_word' id='word_1_183' title='bbox 709 1557 785 1588; x_wconf 82' lang='grc' dir='ltr'>ἀλλὰ</span> <span class='ocrx_word' id='word_1_184' title='bbox 798 1558 932 1589; x_wconf 84' lang='grc' dir='ltr'>νέεσθαι.</span> 
     </span>
    </p>
   </div>
   <div class='ocr_carea' id='block_1_4' title="bbox 86 1641 1140 2984">
    <p class='ocr_par' dir='ltr' id='par_1_9' title="bbox 89 1641 1140 2048">
     <span class='ocr_line' id='line_1_29' title="bbox 94 1641 1140 1697; baseline 0.002 -15"><span class='ocrx_word' id='word_1_185' title='bbox 94 1641 165 1682; x_wconf 86' lang='grc' dir='ltr'>Καὶ</span> <span class='ocrx_word' id='word_1_186' title='bbox 184 1645 243 1680; x_wconf 89' lang='grc' dir='ltr'>νῦν</span> <span class='ocrx_word' id='word_1_187' title='bbox 263 1642 304 1689; x_wconf 82' lang='grc' dir='ltr'>δὴ</span> <span class='ocrx_word' id='word_1_188' title='bbox 321 1642 424 1694; x_wconf 90' lang='grc' dir='ltr'>νόμος</span> <span class='ocrx_word' id='word_1_189' title='bbox 443 1645 482 1682; x_wconf 81' lang='grc' dir='ltr'>ἐκ</span> <span class='ocrx_word' id='word_1_190' title='bbox 498 1645 623 1682; x_wconf 81' lang='grc' dir='ltr'>θυσιῶν</span> <span class='ocrx_word' id='word_1_191' title='bbox 644 1660 746 1682; x_wconf 89' lang='grc' dir='ltr'>τινων</span> <span class='ocrx_word' id='word_1_192' title='bbox 766 1644 833 1697; x_wconf 85' lang='grc' dir='ltr'>πρὸ</span> <span class='ocrx_word' id='word_1_193' title='bbox 860 1645 960 1691; x_wconf 80' lang='grc' dir='ltr'>ἡλίου</span> <span class='ocrx_word' id='word_1_194' title='bbox 983 1645 1140 1690; x_wconf 81' lang='grc' dir='ltr'>δύνοντος</span> 
     </span>
     <span class='ocr_line' id='line_1_30' title="bbox 91 1700 1139 1759; baseline 0.007 -21"><span class='ocrx_word' id='word_1_195' title='bbox 91 1700 246 1741; x_wconf 80' lang='grc' dir='ltr'>ἀπιέναι.</span> <span class='ocrx_word' id='word_1_196' title='bbox 269 1701 340 1755; x_wconf 81' lang='grc' dir='ltr'>Καὶ</span> <span class='ocrx_word' id='word_1_197' title='bbox 357 1702 440 1755; x_wconf 90' lang='grc' dir='ltr'>παρ’</span> <span class='ocrx_word' id='word_1_198' title='bbox 461 1702 666 1755; x_wconf 82' lang='grc' dir='ltr'>Αἰγυπτίοις</span> <span class='ocrx_word' id='word_1_199' title='bbox 682 1703 719 1742; x_wconf 83' lang='grc' dir='ltr'>δὲ</span> <span class='ocrx_word' id='word_1_200' title='bbox 743 1704 783 1742; x_wconf 84' lang='grc' dir='ltr'>τὸ</span> <span class='ocrx_word' id='word_1_201' title='bbox 801 1705 952 1744; x_wconf 86' lang='grc' dir='ltr'>παλαιὸν</span> <span class='ocrx_word' id='word_1_202' title='bbox 970 1722 1139 1759; x_wconf 76' lang='grc' dir='ltr'>σωφρονι-</span> 
     </span>
     <span class='ocr_line' id='line_1_31' title="bbox 90 1761 1137 1819; baseline 0.005 -20"><span class='ocrx_word' id='word_1_203' title='bbox 90 1762 158 1804; x_wconf 93' lang='grc' dir='ltr'>κῶς</span> <span class='ocrx_word' id='word_1_204' title='bbox 174 1761 349 1813; x_wconf 83' lang='grc' dir='ltr'>διεξήγετο</span> <span class='ocrx_word' id='word_1_205' title='bbox 369 1762 407 1800; x_wconf 88' lang='grc' dir='ltr'>τὸ</span> <span class='ocrx_word' id='word_1_206' title='bbox 426 1762 494 1800; x_wconf 79' lang='grc' dir='ltr'>τῶν</span> <span class='ocrx_word' id='word_1_207' title='bbox 512 1763 717 1814; x_wconf 85' lang='grc' dir='ltr'>συμποσίων</span> <span class='ocrx_word' id='word_1_208' title='bbox 738 1763 851 1815; x_wconf 89' lang='grc' dir='ltr'>γένος,</span> <span class='ocrx_word' id='word_1_209' title='bbox 869 1765 1029 1818; x_wconf 84' lang='grc' dir='ltr'>καθάπερ</span> <span class='ocrx_word' id='word_1_210' title='bbox 1047 1765 1137 1819; x_wconf 86' lang='grc' dir='ltr'>εἴρη-</span> 
     </span>
     <span class='ocr_line' id='line_1_32' title="bbox 89 1819 1137 1876; baseline 0.005 -19"><span class='ocrx_word' id='word_1_211' title='bbox 89 1834 148 1857; x_wconf 88' lang='grc' dir='ltr'>κεν</span> <span class='ocrx_word' id='word_1_212' title='bbox 167 1819 396 1864; x_wconf 84' lang='grc' dir='ltr'>Ἀπολλώνιος</span> <span class='ocrx_word' id='word_1_213' title='bbox 418 1824 436 1859; x_wconf 90' lang='lat'>6</span> <span class='ocrx_word' id='word_1_214' title='bbox 455 1821 534 1873; x_wconf 85' lang='grc' dir='ltr'>περὶ</span> <span class='ocrx_word' id='word_1_215' title='bbox 554 1821 685 1860; x_wconf 90' lang='grc' dir='ltr'>τούτων</span> <span class='ocrx_word' id='word_1_216' title='bbox 705 1823 900 1876; x_wconf 79' lang='grc' dir='ltr'>γεγραφώς.</span> <span class='ocrx_word' id='word_1_217' title='bbox 934 1825 1137 1875; x_wconf 78' lang='grc' dir='ltr'>Καθήμενοι</span> 
     </span>
     <span class='ocr_line' id='line_1_33' title="bbox 90 1877 1138 1934; baseline 0.005 -19"><span class='ocrx_word' id='word_1_218' title='bbox 90 1877 154 1927; x_wconf 87' lang='grc' dir='ltr'>μὲν</span> <span class='ocrx_word' id='word_1_219' title='bbox 171 1878 238 1932; x_wconf 85' lang='grc' dir='ltr'>γὰρ</span> <span class='ocrx_word' id='word_1_220' title='bbox 256 1878 449 1927; x_wconf 79' lang='grc' dir='ltr'>ἐδείπνουν,</span> <span class='ocrx_word' id='word_1_221' title='bbox 472 1883 582 1933; x_wconf 78' lang='grc' dir='ltr'>τροφῇ</span> <span class='ocrx_word' id='word_1_222' title='bbox 598 1884 641 1933; x_wconf 82' lang='grc' dir='ltr'>τῇ</span> <span class='ocrx_word' id='word_1_223' title='bbox 660 1881 826 1933; x_wconf 77' lang='grc' dir='ltr'>λιτοτάτῃ</span> <span class='ocrx_word' id='word_1_224' title='bbox 845 1882 903 1920; x_wconf 88' lang='grc' dir='ltr'>καὶ</span> <span class='ocrx_word' id='word_1_225' title='bbox 922 1883 1138 1934; x_wconf 81' lang='grc' dir='ltr'>ὑγιεινοτάτῃ</span> 
     </span>
     <span class='ocr_line' id='line_1_34' title="bbox 89 1936 1139 1992; baseline 0.007 -18"><span class='ocrx_word' id='word_1_226' title='bbox 89 1936 288 1988; x_wconf 79' lang='grc' dir='ltr'>χρώμενοι,</span> <span class='ocrx_word' id='word_1_227' title='bbox 311 1938 373 1976; x_wconf 83' lang='grc' dir='ltr'>καὶ</span> <span class='ocrx_word' id='word_1_228' title='bbox 402 1938 484 1988; x_wconf 88' lang='grc' dir='ltr'>οἴνῳ</span> <span class='ocrx_word' id='word_1_229' title='bbox 504 1938 678 1992; x_wconf 89' lang='grc' dir='ltr'>τοσούτῳ,</span> <span class='ocrx_word' id='word_1_230' title='bbox 705 1940 783 1983; x_wconf 80' lang='grc' dir='ltr'>ὅσος</span> <span class='ocrx_word' id='word_1_231' title='bbox 812 1940 928 1984; x_wconf 77' lang='grc' dir='ltr'>ἱκανὸς</span> <span class='ocrx_word' id='word_1_232' title='bbox 947 1940 987 1979; x_wconf 80' lang='grc' dir='ltr'>ἂν</span> <span class='ocrx_word' id='word_1_233' title='bbox 1007 1941 1139 1992; x_wconf 87' lang='grc' dir='ltr'>γένοιτο</span> 
     </span>
     <span class='ocr_line' id='line_1_35' title="bbox 90 1995 370 2048; baseline 0.007 -15"><span class='ocrx_word' id='word_1_234' title='bbox 90 1995 173 2048; x_wconf 85' lang='grc' dir='ltr'>πρὸς</span> <span class='ocrx_word' id='word_1_235' title='bbox 190 1995 370 2046; x_wconf 78' lang='grc' dir='ltr'>εὐθυμίαν.</span> 
     </span>
    </p>

    <p class='ocr_par' dir='ltr' id='par_1_10' title="bbox 88 2053 1138 2340">
     <span class='ocr_line' id='line_1_36' title="bbox 144 2053 1138 2110; baseline 0.005 -19"><span class='ocrx_word' id='word_1_236' title='bbox 144 2057 357 2092; x_wconf 66' lang='lat' dir='ltr'><strong>Aponon-11</strong></span> <span class='ocrx_word' id='word_1_237' title='bbox 368 2057 515 2092; x_wconf 75' lang='lat' dir='ltr'><strong>Rnonu</strong></span> <span class='ocrx_word' id='word_1_238' title='bbox 531 2053 670 2099; x_wconf 80' lang='grc' dir='ltr'>Κτίσεις</span> <span class='ocrx_word' id='word_1_239' title='bbox 681 2069 798 2105; x_wconf 91' lang='lat' dir='ltr'><strong>quum</strong></span> <span class='ocrx_word' id='word_1_240' title='bbox 812 2060 978 2094; x_wconf 79' lang='lat' dir='ltr'><strong>carmine</strong></span> <span class='ocrx_word' id='word_1_241' title='bbox 991 2062 1138 2110; x_wconf 76' lang='lat' dir='ltr'><strong>scriptae</strong></span> 
     </span>
     <span class='ocr_line' id='line_1_37' title="bbox 89 2114 1137 2167; baseline 0.006 -17"><span class='ocrx_word' id='word_1_242' title='bbox 89 2116 186 2160; x_wconf 84' lang='lat' dir='ltr'><strong>sint,</strong></span> <span class='ocrx_word' id='word_1_243' title='bbox 227 2114 276 2151; x_wconf 83' lang='lat' dir='ltr'>ad</span> <span class='ocrx_word' id='word_1_244' title='bbox 307 2127 377 2151; x_wconf 91' lang='lat' dir='ltr'>nos</span> <span class='ocrx_word' id='word_1_245' title='bbox 407 2128 486 2150; x_wconf 91' lang='lat' dir='ltr'>non</span> <span class='ocrx_word' id='word_1_246' title='bbox 519 2116 724 2164; x_wconf 85' lang='lat' dir='ltr'><strong>pertinent.</strong></span> <span class='ocrx_word' id='word_1_247' title='bbox 757 2117 979 2153; x_wconf 81' lang='lat' dir='ltr'><strong>Weichertii</strong></span> <span class='ocrx_word' id='word_1_248' title='bbox 1006 2121 1137 2167; x_wconf 89' lang='lat' dir='ltr'><strong>opinio</strong></span> 
     </span>
     <span class='ocr_line' id='line_1_38' title="bbox 91 2170 1138 2220; baseline 0.006 -12"><span class='ocrx_word' id='word_1_249' title='bbox 91 2170 232 2214; x_wconf 85' lang='grc' dir='ltr'>Κτίσεις</span> <span class='ocrx_word' id='word_1_250' title='bbox 257 2185 338 2208; x_wconf 90' lang='lat' dir='ltr'>non</span> <span class='ocrx_word' id='word_1_251' title='bbox 366 2186 493 2210; x_wconf 82' lang='lat' dir='ltr'><strong>omnes</strong></span> <span class='ocrx_word' id='word_1_252' title='bbox 523 2186 600 2210; x_wconf 87' lang='lat' dir='ltr'><strong>esse</strong></span> <span class='ocrx_word' id='word_1_253' title='bbox 633 2175 816 2220; x_wconf 84' lang='lat' dir='ltr'><strong>versibus,</strong></span> <span class='ocrx_word' id='word_1_254' title='bbox 846 2176 911 2211; x_wconf 91' lang='lat' dir='ltr'>sed</span> <span class='ocrx_word' id='word_1_255' title='bbox 939 2179 1138 2214; x_wconf 84' lang='lat' dir='ltr'><strong>nonnullas</strong></span> 
     </span>
     <span class='ocr_line' id='line_1_39' title="bbox 88 2232 1136 2281; baseline 0.007 -15"><span class='ocrx_word' id='word_1_256' title='bbox 88 2232 202 2267; x_wconf 79' lang='lat' dir='ltr'><strong>etiam</strong></span> <span class='ocrx_word' id='word_1_257' title='bbox 238 2243 353 2280; x_wconf 89' lang='lat' dir='ltr'><strong>prosa</strong></span> <span class='ocrx_word' id='word_1_258' title='bbox 398 2233 569 2268; x_wconf 86' lang='lat' dir='ltr'><strong>oratione</strong></span> <span class='ocrx_word' id='word_1_259' title='bbox 611 2234 770 2281; x_wconf 87' lang='lat' dir='ltr'><strong>scriptas</strong></span> <span class='ocrx_word' id='word_1_260' title='bbox 815 2233 948 2280; x_wconf 87' lang='lat' dir='ltr'>fuisse,</span> <span class='ocrx_word' id='word_1_261' title='bbox 993 2236 1136 2274; x_wconf 87' lang='lat' dir='ltr'><strong>idoneis</strong></span> 
     </span>
     <span class='ocr_line' id='line_1_40' title="bbox 88 2291 862 2340; baseline 0.003 -14"><span class='ocrx_word' id='word_1_262' title='bbox 88 2291 317 2339; x_wconf 84' lang='lat' dir='ltr'><strong>argumentis</strong></span> <span class='ocrx_word' id='word_1_263' title='bbox 335 2291 447 2340; x_wconf 86' lang='lat' dir='ltr'><strong>plane</strong></span> <span class='ocrx_word' id='word_1_264' title='bbox 467 2299 584 2327; x_wconf 86' lang='lat' dir='ltr'><strong>caret.</strong></span> <span class='ocrx_word' id='word_1_265' title='bbox 609 2292 832 2328; x_wconf 74' lang='lat' dir='ltr'><strong>Laudamur</strong></span> <span class='ocrx_word' id='word_1_266' title='bbox 854 2307 862 2329; x_wconf 91' lang='lat'>:</span> 
     </span>
    </p>

    <p class='ocr_par' dir='ltr' id='par_1_11' title="bbox 87 2345 1136 2625">
     <span class='ocr_line' id='line_1_41' title="bbox 143 2345 1136 2398; baseline 0.007 -14"><span class='ocrx_word' id='word_1_267' title='bbox 143 2345 472 2398; x_wconf 84' lang='grc' dir='ltr'>Ἀλεξανδρείας</span> <span class='ocrx_word' id='word_1_268' title='bbox 499 2348 651 2391; x_wconf 86' lang='grc' dir='ltr'>κτίσις.</span> <span class='ocrx_word' id='word_1_269' title='bbox 681 2351 807 2389; x_wconf 89' lang='lat' dir='ltr'><strong>Schol.</strong></span> <span class='ocrx_word' id='word_1_270' title='bbox 830 2353 1011 2389; x_wconf 75' lang='lat' dir='ltr'><strong>Nicandri</strong></span> <span class='ocrx_word' id='word_1_271' title='bbox 1041 2356 1136 2391; x_wconf 84' lang='lat' dir='ltr'><strong>The-</strong></span> 
     </span>
     <span class='ocr_line' id='line_1_42' title="bbox 87 2405 1136 2460; baseline 0.008 -18"><span class='ocrx_word' id='word_1_272' title='bbox 87 2408 180 2443; x_wconf 76' lang='lat' dir='ltr'><strong>riac.</strong></span> <span class='ocrx_word' id='word_1_273' title='bbox 203 2407 242 2442; x_wconf 88' lang='lat' dir='ltr'>II</span> <span class='ocrx_word' id='word_1_274' title='bbox 267 2419 276 2442; x_wconf 92' lang='lat'>:</span> <span class='ocrx_word' id='word_1_275' title='bbox 305 2405 538 2450; x_wconf 85' lang='grc' dir='ltr'>Ἀπολλώνιος</span> <span class='ocrx_word' id='word_1_276' title='bbox 570 2405 606 2444; x_wconf 83' lang='grc' dir='ltr'>δὲ</span> <span class='ocrx_word' id='word_1_277' title='bbox 637 2409 655 2444; x_wconf 88' lang='lat'>6</span> <span class='ocrx_word' id='word_1_278' title='bbox 676 2406 810 2451; x_wconf 83' lang='grc' dir='ltr'>Ῥόδιος</span> <span class='ocrx_word' id='word_1_279' title='bbox 830 2410 864 2446; x_wconf 81' lang='grc' dir='ltr'>ἐν</span> <span class='ocrx_word' id='word_1_280' title='bbox 892 2413 935 2460; x_wconf 75' lang='grc' dir='ltr'>τῇ</span> <span class='ocrx_word' id='word_1_281' title='bbox 957 2413 1018 2457; x_wconf 76' lang='grc' dir='ltr'>τῆς</span> <span class='ocrx_word' id='word_1_282' title='bbox 1038 2412 1136 2450; x_wconf 85' lang='grc' dir='ltr'>Ἀλε-</span> 
     </span>
     <span class='ocr_line' id='line_1_43' title="bbox 88 2462 1136 2520; baseline 0.008 -20"><span class='ocrx_word' id='word_1_283' title='bbox 88 2462 265 2515; x_wconf 85' lang='grc' dir='ltr'>ξανδρείας</span> <span class='ocrx_word' id='word_1_284' title='bbox 281 2462 392 2501; x_wconf 84' lang='grc' dir='ltr'>κτίσει</span> <span class='ocrx_word' id='word_1_285' title='bbox 413 2463 484 2501; x_wconf 85' lang='grc' dir='ltr'>ἀπὸ</span> <span class='ocrx_word' id='word_1_286' title='bbox 503 2466 572 2502; x_wconf 81' lang='grc' dir='ltr'>τῶν</span> <span class='ocrx_word' id='word_1_287' title='bbox 600 2464 777 2515; x_wconf 86' lang='grc' dir='ltr'>σταγόνων</span> <span class='ocrx_word' id='word_1_288' title='bbox 802 2470 862 2503; x_wconf 90' lang='grc' dir='ltr'>τοῦ</span> <span class='ocrx_word' id='word_1_289' title='bbox 883 2470 943 2513; x_wconf 74' lang='grc' dir='ltr'>τῆς</span> <span class='ocrx_word' id='word_1_290' title='bbox 964 2469 1136 2520; x_wconf 84' lang='grc' dir='ltr'>Γοργόνος</span> 
     </span>
     <span class='ocr_line' id='line_1_44' title="bbox 87 2520 1132 2578; baseline 0.007 -20"><span class='ocrx_word' id='word_1_291' title='bbox 87 2520 237 2572; x_wconf 74' lang='grc' dir='ltr'>αἵματος</span> <span class='ocrx_word' id='word_1_292' title='bbox 259 2521 333 2572; x_wconf 86' lang='lat' dir='ltr'><strong>(se.</strong></span> <span class='ocrx_word' id='word_1_293' title='bbox 369 2521 484 2560; x_wconf 88' lang='grc' dir='ltr'>πάντα</span> <span class='ocrx_word' id='word_1_294' title='bbox 505 2520 549 2560; x_wconf 82' lang='grc' dir='ltr'>τὰ</span> <span class='ocrx_word' id='word_1_295' title='bbox 578 2522 708 2560; x_wconf 86' lang='grc' dir='ltr'>δακετὰ</span> <span class='ocrx_word' id='word_1_296' title='bbox 735 2523 894 2574; x_wconf 87' lang='grc' dir='ltr'>γενέσθαι</span> <span class='ocrx_word' id='word_1_297' title='bbox 921 2525 1043 2578; x_wconf 81' lang='grc' dir='ltr'>φησί).</span> <span class='ocrx_word' id='word_1_298' title='bbox 1077 2530 1132 2566; x_wconf 88' lang='lat' dir='ltr'><strong>Cf.</strong></span> 
     </span>
     <span class='ocr_line' id='line_1_45' title="bbox 89 2581 411 2625; baseline 0.003 -7"><span class='ocrx_word' id='word_1_299' title='bbox 89 2582 285 2618; x_wconf 80' lang='lat' dir='ltr'><strong>Acusilaus</strong></span> <span class='ocrx_word' id='word_1_300' title='bbox 308 2581 354 2619; x_wconf 68' lang='lat' dir='ltr'><strong>fir.</strong></span> <span class='ocrx_word' id='word_1_301' title='bbox 375 2586 411 2625; x_wconf 74' lang='grc'>4.</span> 
     </span>
    </p>

    <p class='ocr_par' dir='ltr' id='par_1_12' title="bbox 86 2638 1135 2984">
     <span class='ocr_line' id='line_1_46' title="bbox 139 2638 1133 2694; baseline 0.005 -16"><span class='ocrx_word' id='word_1_302' title='bbox 139 2638 428 2691; x_wconf 84' lang='grc' dir='ltr'>Ναυκράτεως</span> <span class='ocrx_word' id='word_1_303' title='bbox 452 2639 608 2684; x_wconf 90' lang='grc' dir='ltr'>κτίσις.</span> <span class='ocrx_word' id='word_1_304' title='bbox 626 2642 825 2679; x_wconf 75' lang='lat' dir='ltr'><strong>Athenaeus</strong></span> <span class='ocrx_word' id='word_1_305' title='bbox 850 2645 944 2690; x_wconf 87' lang='lat' dir='ltr'><strong>VII,</strong></span> <span class='ocrx_word' id='word_1_306' title='bbox 963 2659 1004 2694; x_wconf 93' lang='lat' dir='ltr'><strong>p.</strong></span> <span class='ocrx_word' id='word_1_307' title='bbox 1034 2646 1108 2682; x_wconf 79' lang='lat'>283</span> <span class='ocrx_word' id='word_1_308' title='bbox 1124 2676 1133 2693; x_wconf 91' lang='lat'>,</span> 
     </span>
     <span class='ocr_line' id='line_1_47' title="bbox 87 2696 1135 2753; baseline 0.006 -17"><span class='ocrx_word' id='word_1_309' title='bbox 87 2701 147 2736; x_wconf 88' lang='grc'>1)·</span> <span class='ocrx_word' id='word_1_310' title='bbox 165 2696 393 2741; x_wconf 78' lang='grc' dir='ltr'>Ἀπολλώνιος</span> <span class='ocrx_word' id='word_1_311' title='bbox 416 2699 446 2736; x_wconf 79' lang='grc' dir='ltr'>δ’</span> <span class='ocrx_word' id='word_1_312' title='bbox 469 2700 488 2735; x_wconf 97' lang='lat'>6</span> <span class='ocrx_word' id='word_1_313' title='bbox 514 2697 692 2742; x_wconf 85' lang='grc' dir='ltr'>Ῥόδιος</span> <span class='ocrx_word' id='word_1_314' title='bbox 673 2715 696 2746; x_wconf 85' lang='grc' dir='ltr'>η</span> <span class='ocrx_word' id='word_1_315' title='bbox 713 2701 996 2753; x_wconf 83' lang='grc' dir='ltr'>Ναυκρατίτης’</span> <span class='ocrx_word' id='word_1_316' title='bbox 981 2719 1015 2740; x_wconf 91' lang='grc' dir='ltr'>εν</span> <span class='ocrx_word' id='word_1_317' title='bbox 1037 2706 1135 2743; x_wconf 91' lang='grc' dir='ltr'>Ναυ-</span> 
     </span>
     <span class='ocr_line' id='line_1_48' title="bbox 86 2755 1133 2815; baseline 0.008 -22"><span class='ocrx_word' id='word_1_318' title='bbox 86 2755 241 2808; x_wconf 86' lang='grc' dir='ltr'>κράτεως</span> <span class='ocrx_word' id='word_1_319' title='bbox 265 2756 375 2795; x_wconf 85' lang='grc' dir='ltr'>κτίσει</span> <span class='ocrx_word' id='word_1_320' title='bbox 402 2756 461 2795; x_wconf 83' lang='grc' dir='ltr'>τὸν</span> <span class='ocrx_word' id='word_1_321' title='bbox 481 2758 667 2809; x_wconf 89' lang='grc' dir='ltr'>Πομπίλον</span> <span class='ocrx_word' id='word_1_322' title='bbox 688 2759 815 2812; x_wconf 82' lang='grc' dir='ltr'>φησὶν,</span> <span class='ocrx_word' id='word_1_323' title='bbox 839 2759 1018 2812; x_wconf 82' lang='grc' dir='ltr'>ἄνθρωπον</span> <span class='ocrx_word' id='word_1_324' title='bbox 1046 2763 1133 2815; x_wconf 88' lang='grc' dir='ltr'>πρό-</span> 
     </span>
     <span class='ocr_line' id='line_1_49' title="bbox 86 2814 1132 2868; baseline 0.007 -17"><span class='ocrx_word' id='word_1_325' title='bbox 86 2830 183 2867; x_wconf 89' lang='grc' dir='ltr'>τερον</span> <span class='ocrx_word' id='word_1_326' title='bbox 200 2814 283 2852; x_wconf 83' lang='grc' dir='ltr'>ὄντα</span> <span class='ocrx_word' id='word_1_327' title='bbox 297 2844 308 2864; x_wconf 91' lang='grc'>,</span> <span class='ocrx_word' id='word_1_328' title='bbox 328 2814 540 2865; x_wconf 73' lang='grc' dir='ltr'>μεταὸαλεῒν</span> <span class='ocrx_word' id='word_1_329' title='bbox 558 2818 605 2859; x_wconf 87' lang='grc' dir='ltr'>εἰς</span> <span class='ocrx_word' id='word_1_330' title='bbox 627 2817 725 2868; x_wconf 77' lang='grc' dir='ltr'>ἰχθὺν</span> <span class='ocrx_word' id='word_1_331' title='bbox 744 2818 801 2855; x_wconf 90' lang='grc' dir='ltr'>διά</span> <span class='ocrx_word' id='word_1_332' title='bbox 821 2835 898 2857; x_wconf 91' lang='grc' dir='ltr'>τινα</span> <span class='ocrx_word' id='word_1_333' title='bbox 916 2820 1132 2864; x_wconf 79' lang='grc' dir='ltr'>Λπόλλωνος</span> 
     </span>
     <span class='ocr_line' id='line_1_50' title="bbox 87 2872 1134 2930; baseline 0.007 -20"><span class='ocrx_word' id='word_1_334' title='bbox 87 2872 214 2924; x_wconf 86' lang='grc' dir='ltr'>ἔρωτα.</span> <span class='ocrx_word' id='word_1_335' title='bbox 234 2872 311 2920; x_wconf 84' lang='grc' dir='ltr'>Τὴν</span> <span class='ocrx_word' id='word_1_336' title='bbox 342 2872 410 2926; x_wconf 82' lang='grc' dir='ltr'>γὰρ</span> <span class='ocrx_word' id='word_1_337' title='bbox 443 2873 588 2925; x_wconf 89' lang='grc' dir='ltr'>Σαμίων</span> <span class='ocrx_word' id='word_1_338' title='bbox 624 2875 725 2914; x_wconf 90' lang='grc' dir='ltr'>πόλιν</span> <span class='ocrx_word' id='word_1_339' title='bbox 756 2884 951 2930; x_wconf 88' lang='grc' dir='ltr'>παραρρεῖν</span> <span class='ocrx_word' id='word_1_340' title='bbox 975 2881 1134 2930; x_wconf 87' lang='grc' dir='ltr'>ποταμὸν</span> 
     </span>
     <span class='ocr_line' id='line_1_51' title="bbox 86 2930 297 2984; baseline 0.005 -15"><span class='ocrx_word' id='word_1_341' title='bbox 86 2930 297 2984; x_wconf 77' lang='grc' dir='ltr'>Ἶμὸρασον,</span> 
     </span>
    </p>
   </div>
   <div class='ocr_carea' id='block_1_5' title="bbox 166 3025 1032 3166">
    <p class='ocr_par' dir='ltr' id='par_1_13' title="bbox 166 3025 1032 3166">
     <span class='ocr_line' id='line_1_52' title="bbox 168 3025 1032 3074; baseline 0.011 -18"><span class='ocrx_word' id='word_1_342' title='bbox 168 3026 223 3066; x_wconf 84' lang='grc' dir='ltr'>Τῷ</span> <span class='ocrx_word' id='word_1_343' title='bbox 236 3025 275 3067; x_wconf 84' lang='grc' dir='ltr'>ῥά</span> <span class='ocrx_word' id='word_1_344' title='bbox 288 3026 358 3058; x_wconf 78' lang='grc' dir='ltr'>πότ’</span> <span class='ocrx_word' id='word_1_345' title='bbox 375 3026 526 3068; x_wconf 88' lang='grc' dir='ltr'>Ὠκυρόην</span> <span class='ocrx_word' id='word_1_346' title='bbox 542 3028 682 3070; x_wconf 79' lang='grc' dir='ltr'>νύμφην,</span> <span class='ocrx_word' id='word_1_347' title='bbox 696 3031 883 3072; x_wconf 78' lang='grc' dir='ltr'>περικαλλέα</span> <span class='ocrx_word' id='word_1_348' title='bbox 899 3033 1032 3074; x_wconf 81' lang='grc' dir='ltr'>κούρην,</span> 
     </span>
     <span class='ocr_line' id='line_1_53' title="bbox 166 3072 894 3118; baseline 0.01 -15"><span class='ocrx_word' id='word_1_349' title='bbox 166 3072 287 3109; x_wconf 77' lang='grc' dir='ltr'>Χησιὰς</span> <span class='ocrx_word' id='word_1_350' title='bbox 300 3073 482 3114; x_wconf 82' lang='grc' dir='ltr'>εὐπατέρεια</span> <span class='ocrx_word' id='word_1_351' title='bbox 493 3076 580 3107; x_wconf 82' lang='grc' dir='ltr'>τέκεν</span> <span class='ocrx_word' id='word_1_352' title='bbox 594 3077 734 3117; x_wconf 85' lang='grc' dir='ltr'>φιλότητι</span> <span class='ocrx_word' id='word_1_353' title='bbox 749 3081 894 3118; x_wconf 88' lang='grc' dir='ltr'>μιγεῖσα·</span> 
     </span>
     <span class='ocr_line' id='line_1_54' title="bbox 169 3118 940 3166; baseline 0.009 -16.094"><span class='ocrx_word' id='word_1_354' title='bbox 169 3118 340 3160; x_wconf 85' lang='grc' dir='ltr'>Ὠκυρόην,</span> <span class='ocrx_word' id='word_1_355' title='bbox 355 3119 374 3160; x_wconf 79' lang='grc' dir='ltr'><strong>ᾖ</strong></span> <span class='ocrx_word' id='word_1_356' title='bbox 388 3120 498 3158; x_wconf 80' lang='grc' dir='ltr'>κάλλος</span> <span class='ocrx_word' id='word_1_357' title='bbox 511 3122 704 3164; x_wconf 57' lang='grc' dir='ltr'>ἀπείριτον*</span> <span class='ocrx_word' id='word_1_358' title='bbox 684 3135 818 3156; x_wconf 89' lang='grc' dir='ltr'>ωπασαν</span> <span class='ocrx_word' id='word_1_359' title='bbox 833 3124 940 3166; x_wconf 86' lang='grc' dir='ltr'>Ὧραι</span> 
     </span>
    </p>
   </div>
   <div class='ocr_carea' id='block_1_6' title="bbox 86 3199 1131 3317">
    <p class='ocr_par' dir='ltr' id='par_1_14' title="bbox 86 3199 1131 3317">
     <span class='ocr_line' id='line_1_55' title="bbox 87 3199 1131 3278; baseline 0.009 -36.061"><span class='ocrx_word' id='word_1_360' title='bbox 87 3206 120 3243; x_wconf 81' lang='grc' dir='ltr'><strong>Ἰ</strong></span> <span class='ocrx_word' id='word_1_361' title='bbox 124 3204 230 3252; x_wconf 87' lang='grc' dir='ltr'>αύτης</span> <span class='ocrx_word' id='word_1_362' title='bbox 240 3199 298 3244; x_wconf 68' lang='grc' dir='ltr'>οῦν</span> <span class='ocrx_word' id='word_1_363' title='bbox 309 3206 504 3276; x_wconf 81' lang='grc' dir='ltr'>ἐρασθέντα</span> <span class='ocrx_word' id='word_1_364' title='bbox 509 3209 741 3249; x_wconf 80' lang='grc' dir='ltr'>Ἀπόλλωνα’</span> <span class='ocrx_word' id='word_1_365' title='bbox 726 3227 885 3278; x_wconf 82' lang='grc' dir='ltr'>επιχειρη</span> <span class='ocrx_word' id='word_1_366' title='bbox 891 3228 950 3251; x_wconf 91' lang='grc' dir='ltr'>σαι</span> <span class='ocrx_word' id='word_1_367' title='bbox 962 3213 1131 3265; x_wconf 86' lang='grc' dir='ltr'>ἁρπάσαι.</span> 
     </span>
     <span class='ocr_line' id='line_1_56' title="bbox 86 3260 1130 3317; baseline 0.008 -21"><span class='ocrx_word' id='word_1_368' title='bbox 86 3260 340 3310; x_wconf 86' lang='grc' dir='ltr'>Διαπεραιωθε”</span> <span class='ocrx_word' id='word_1_369' title='bbox 331 3275 406 3298; x_wconf 85' lang='grc' dir='ltr'>ισαν</span> <span class='ocrx_word' id='word_1_370' title='bbox 428 3262 457 3298; x_wconf 90' lang='grc' dir='ltr'>δ’</span> <span class='ocrx_word' id='word_1_371' title='bbox 476 3263 520 3305; x_wconf 84' lang='grc' dir='ltr'>εἷς</span> <span class='ocrx_word' id='word_1_372' title='bbox 543 3262 701 3310; x_wconf 91' lang='grc' dir='ltr'>Μίλητον</span> <span class='ocrx_word' id='word_1_373' title='bbox 726 3264 818 3302; x_wconf 87' lang='grc' dir='ltr'>κατά</span> <span class='ocrx_word' id='word_1_374' title='bbox 836 3281 913 3303; x_wconf 93' lang='grc' dir='ltr'>τινα</span> <span class='ocrx_word' id='word_1_375' title='bbox 935 3265 1130 3317; x_wconf 80' lang='grc' dir='ltr'>Ἀρτέμιδος</span> 
     </span>
    </p>
   </div>
   <div class='ocr_carea' id='block_1_7' title="bbox 87 3316 1132 3432">
    <p class='ocr_par' dir='ltr' id='par_1_15' title="bbox 87 3316 1132 3432">
     <span class='ocr_line' id='line_1_57' title="bbox 87 3316 1132 3374; baseline 0.007 -19"><span class='ocrx_word' id='word_1_376' title='bbox 87 3316 229 3368; x_wconf 78' lang='grc' dir='ltr'>ἑορτὴν,</span> <span class='ocrx_word' id='word_1_377' title='bbox 242 3333 302 3355; x_wconf 85' lang='grc' dir='ltr'>και</span> <span class='ocrx_word' id='word_1_378' title='bbox 318 3318 513 3368; x_wconf 88' lang='grc' dir='ltr'>μέλλουσαν</span> <span class='ocrx_word' id='word_1_379' title='bbox 526 3319 1023 3373; x_wconf 69' lang='grc' dir='ltr'>ἇρπάζεσθαιεύλαῧηθεῖσαν,</span> <span class='ocrx_word' id='word_1_380' title='bbox 1038 3327 1132 3374; x_wconf 86' lang='grc' dir='ltr'>Πομ-</span> 
     </span>
     <span class='ocr_line' id='line_1_58' title="bbox 87 3374 1131 3432; baseline 0.009 -20"><span class='ocrx_word' id='word_1_381' title='bbox 87 3374 187 3413; x_wconf 88' lang='grc' dir='ltr'>πίλον</span> <span class='ocrx_word' id='word_1_382' title='bbox 204 3375 281 3414; x_wconf 74' lang='grc' dir='ltr'>τινὰ</span> <span class='ocrx_word' id='word_1_383' title='bbox 294 3378 552 3431; x_wconf 83' lang='grc' dir='ltr'>θαλασσουργὸν</span> <span class='ocrx_word' id='word_1_384' title='bbox 573 3380 753 3432; x_wconf 79' lang='grc' dir='ltr'>ἄνθρωπον</span> <span class='ocrx_word' id='word_1_385' title='bbox 771 3385 1032 3430; x_wconf 88' lang='grc' dir='ltr'>καθικετεῦσαι,</span> <span class='ocrx_word' id='word_1_386' title='bbox 1049 3383 1131 3421; x_wconf 85' lang='grc' dir='ltr'>ὄντα</span> 
     </span>
    </p>
   </div>
   <div class='ocr_carea' id='block_1_8' title="bbox 1212 298 2256 406">
    <p class='ocr_par' dir='ltr' id='par_1_16' title="bbox 1212 298 2256 406">
     <span class='ocr_line' id='line_1_59' title="bbox 1212 298 2256 358; baseline 0.009 -22"><span class='ocrx_word' id='word_1_387' title='bbox 1212 300 1373 350; x_wconf 90' lang='grc' dir='ltr'>πατρῶον</span> <span class='ocrx_word' id='word_1_388' title='bbox 1389 298 1504 351; x_wconf 85' lang='grc' dir='ltr'>φίλον,</span> <span class='ocrx_word' id='word_1_389' title='bbox 1518 299 1610 342; x_wconf 79' lang='grc' dir='ltr'>ὅπως</span> <span class='ocrx_word' id='word_1_390' title='bbox 1628 299 1735 346; x_wconf 84' lang='grc' dir='ltr'>αυτὴν</span> <span class='ocrx_word' id='word_1_391' title='bbox 1756 302 1801 344; x_wconf 88' lang='grc' dir='ltr'>εἷς</span> <span class='ocrx_word' id='word_1_392' title='bbox 1819 300 1881 348; x_wconf 83' lang='grc' dir='ltr'>τὴν</span> <span class='ocrx_word' id='word_1_393' title='bbox 1902 302 2053 356; x_wconf 80' lang='grc' dir='ltr'>πατρίδα</span> <span class='ocrx_word' id='word_1_394' title='bbox 2074 303 2232 358; x_wconf 81' lang='grc' dir='ltr'>διασώσῃ</span> <span class='ocrx_word' id='word_1_395' title='bbox 2246 334 2256 353; x_wconf 91' lang='grc'>,</span> 
     </span>
     <span class='ocr_line' id='line_1_60' title="bbox 1212 356 1499 406; baseline 0.004 -12"><span class='ocrx_word' id='word_1_396' title='bbox 1212 356 1380 406; x_wconf 83' lang='grc' dir='ltr'>λέγουσαν</span> <span class='ocrx_word' id='word_1_397' title='bbox 1399 357 1499 395; x_wconf 85' lang='grc' dir='ltr'>τάδε·</span> 
     </span>
    </p>
   </div>
   <div class='ocr_carea' id='block_1_9' title="bbox 1293 450 2131 584">
    <p class='ocr_par' dir='ltr' id='par_1_17' title="bbox 1293 450 2131 584">
     <span class='ocr_line' id='line_1_61' title="bbox 1299 450 2108 496; baseline 0.009 -16"><span class='ocrx_word' id='word_1_398' title='bbox 1299 450 1419 491; x_wconf 89' lang='grc' dir='ltr'>Πατρὸς</span> <span class='ocrx_word' id='word_1_399' title='bbox 1439 451 1527 491; x_wconf 87' lang='grc' dir='ltr'>ἐμοιο</span> <span class='ocrx_word' id='word_1_400' title='bbox 1540 450 1628 491; x_wconf 86' lang='grc' dir='ltr'>φίλου</span> <span class='ocrx_word' id='word_1_401' title='bbox 1645 452 1867 492; x_wconf 83' lang='grc' dir='ltr'>συμφράδμονα</span> <span class='ocrx_word' id='word_1_402' title='bbox 1880 454 1975 494; x_wconf 82' lang='grc' dir='ltr'>θυμὸν</span> <span class='ocrx_word' id='word_1_403' title='bbox 1992 455 2087 492; x_wconf 83' lang='grc' dir='ltr'>ἀέξων</span> <span class='ocrx_word' id='word_1_404' title='bbox 2099 481 2108 496; x_wconf 86' lang='grc'>,</span> 
     </span>
     <span class='ocr_line' id='line_1_62' title="bbox 1295 497 2131 542; baseline 0.007 -14"><span class='ocrx_word' id='word_1_405' title='bbox 1295 497 1455 537; x_wconf 89' lang='grc' dir='ltr'>Πομπίλε,</span> <span class='ocrx_word' id='word_1_406' title='bbox 1471 498 1661 530; x_wconf 83' lang='grc' dir='ltr'>δυσκελάδου</span> <span class='ocrx_word' id='word_1_407' title='bbox 1675 498 1790 535; x_wconf 84' lang='grc' dir='ltr'>δεδαὼς</span> <span class='ocrx_word' id='word_1_408' title='bbox 1804 499 1860 530; x_wconf 85' lang='grc' dir='ltr'>θοὰ</span> <span class='ocrx_word' id='word_1_409' title='bbox 1875 500 1983 539; x_wconf 82' lang='grc' dir='ltr'>βένθεα</span> <span class='ocrx_word' id='word_1_410' title='bbox 1998 502 2112 534; x_wconf 86' lang='grc' dir='ltr'>πόντου</span> <span class='ocrx_word' id='word_1_411' title='bbox 2122 526 2131 542; x_wconf 87' lang='grc'>,</span> 
     </span>
     <span class='ocr_line' id='line_1_63' title="bbox 1293 544 1447 584; baseline 0.007 -9"><span class='ocrx_word' id='word_1_412' title='bbox 1293 544 1372 580; x_wconf 87' lang='grc' dir='ltr'>σῶζέ</span> <span class='ocrx_word' id='word_1_413' title='bbox 1390 553 1447 584; x_wconf 87' lang='grc' dir='ltr'>με</span> 
     </span>
    </p>
   </div>
   <div class='ocr_carea' id='block_1_10' title="bbox 1208 625 2255 857">
    <p class='ocr_par' dir='ltr' id='par_1_18' title="bbox 1208 625 2255 857">
     <span class='ocr_line' id='line_1_64' title="bbox 1213 625 2250 680; baseline 0.003 -16"><span class='ocrx_word' id='word_1_414' title='bbox 1213 642 1274 664; x_wconf 89' lang='grc' dir='ltr'>και</span> <span class='ocrx_word' id='word_1_415' title='bbox 1290 625 1347 664; x_wconf 80' lang='grc' dir='ltr'>τὸν</span> <span class='ocrx_word' id='word_1_416' title='bbox 1368 627 1414 670; x_wconf 86' lang='grc' dir='ltr'>εἷς</span> <span class='ocrx_word' id='word_1_417' title='bbox 1433 626 1495 673; x_wconf 78' lang='grc' dir='ltr'>τὴν</span> <span class='ocrx_word' id='word_1_418' title='bbox 1526 626 1635 673; x_wconf 85' lang='grc' dir='ltr'>ἀκτὴν</span> <span class='ocrx_word' id='word_1_419' title='bbox 1656 626 1868 678; x_wconf 84' lang='grc' dir='ltr'>διαγαγόντα</span> <span class='ocrx_word' id='word_1_420' title='bbox 1888 626 1995 673; x_wconf 83' lang='grc' dir='ltr'>αὐτὴν</span> <span class='ocrx_word' id='word_1_421' title='bbox 2013 629 2250 680; x_wconf 84' lang='grc' dir='ltr'>διαπεραιοῦν.</span> 
     </span>
     <span class='ocr_line' id='line_1_65' title="bbox 1210 684 2252 739; baseline 0 -15"><span class='ocrx_word' id='word_1_422' title='bbox 1210 684 1445 737; x_wconf 84' lang='grc' dir='ltr'>Ἐπιφανέντα</span> <span class='ocrx_word' id='word_1_423' title='bbox 1464 684 1499 723; x_wconf 83' lang='grc' dir='ltr'>δὲ</span> <span class='ocrx_word' id='word_1_424' title='bbox 1519 684 1577 723; x_wconf 83' lang='grc' dir='ltr'>τὸν</span> <span class='ocrx_word' id='word_1_425' title='bbox 1599 685 1800 724; x_wconf 82' lang='grc' dir='ltr'>Ἀπόλλωνα</span> <span class='ocrx_word' id='word_1_426' title='bbox 1818 685 1882 732; x_wconf 82' lang='grc' dir='ltr'>τήν</span> <span class='ocrx_word' id='word_1_427' title='bbox 1901 701 1939 723; x_wconf 92' lang='grc' dir='ltr'>τε</span> <span class='ocrx_word' id='word_1_428' title='bbox 1956 685 2060 739; x_wconf 84' lang='grc' dir='ltr'>κόρην</span> <span class='ocrx_word' id='word_1_429' title='bbox 2080 686 2252 739; x_wconf 86' lang='grc' dir='ltr'>ἁρπάσαι,</span> 
     </span>
     <span class='ocr_line' id='line_1_66' title="bbox 1208 742 2255 795; baseline 0.002 -14"><span class='ocrx_word' id='word_1_430' title='bbox 1208 743 1266 781; x_wconf 73' lang='grc' dir='ltr'>καὶ</span> <span class='ocrx_word' id='word_1_431' title='bbox 1295 742 1359 790; x_wconf 80' lang='grc' dir='ltr'>τὴν</span> <span class='ocrx_word' id='word_1_432' title='bbox 1389 747 1472 781; x_wconf 91' lang='grc' dir='ltr'>ναῦν</span> <span class='ocrx_word' id='word_1_433' title='bbox 1501 744 1793 795; x_wconf 85' lang='grc' dir='ltr'>ἀπολιθώσαντα,</span> <span class='ocrx_word' id='word_1_434' title='bbox 1822 744 1880 782; x_wconf 83' lang='grc' dir='ltr'>τὸν</span> <span class='ocrx_word' id='word_1_435' title='bbox 1909 743 2095 795; x_wconf 89' lang='grc' dir='ltr'>Πομπίλον</span> <span class='ocrx_word' id='word_1_436' title='bbox 2123 747 2168 789; x_wconf 87' lang='grc' dir='ltr'>εἷς</span> <span class='ocrx_word' id='word_1_437' title='bbox 2197 745 2255 783; x_wconf 82' lang='grc' dir='ltr'>τὸν</span> 
     </span>
     <span class='ocr_line' id='line_1_67' title="bbox 1208 801 2132 857; baseline 0.001 -18"><span class='ocrx_word' id='word_1_438' title='bbox 1208 801 1391 852; x_wconf 82' lang='grc' dir='ltr'>ὁμώνυμον</span> <span class='ocrx_word' id='word_1_439' title='bbox 1409 801 1507 854; x_wconf 79' lang='grc' dir='ltr'>ἰχθὺν</span> <span class='ocrx_word' id='word_1_440' title='bbox 1528 805 1832 857; x_wconf 81' lang='grc' dir='ltr'>μεταμορφῶσαι,</span> <span class='ocrx_word' id='word_1_441' title='bbox 1852 803 1999 850; x_wconf 73' lang='grc' dir='ltr'>ποιῆσαί</span> <span class='ocrx_word' id='word_1_442' title='bbox 2018 819 2054 841; x_wconf 90' lang='grc' dir='ltr'>τε</span> <span class='ocrx_word' id='word_1_443' title='bbox 2074 803 2132 842; x_wconf 80' lang='grc' dir='ltr'>τὸν</span> 
     </span>
    </p>
   </div>
   <div class='ocr_carea' id='block_1_11' title="bbox 1290 897 1974 938">
    <p class='ocr_par' dir='ltr' id='par_1_19' title="bbox 1290 897 1974 938">
     <span class='ocr_line' id='line_1_68' title="bbox 1290 897 1974 938; baseline 0.001 -9"><span class='ocrx_word' id='word_1_444' title='bbox 1290 897 1452 938; x_wconf 87' lang='grc' dir='ltr'>Πομπίλον</span> <span class='ocrx_word' id='word_1_445' title='bbox 1466 897 1618 930; x_wconf 83' lang='grc' dir='ltr'>ὠκυάλων</span> <span class='ocrx_word' id='word_1_446' title='bbox 1631 900 1713 936; x_wconf 82' lang='grc' dir='ltr'>νηῶν</span> <span class='ocrx_word' id='word_1_447' title='bbox 1727 898 1841 936; x_wconf 87' lang='grc' dir='ltr'>αἰήονα</span> <span class='ocrx_word' id='word_1_448' title='bbox 1854 898 1974 930; x_wconf 84' lang='grc' dir='ltr'>δοῦλον.</span> 
     </span>
    </p>
   </div>
   <div class='ocr_carea' id='block_1_12' title="bbox 1203 987 2304 1673">
    <p class='ocr_par' dir='ltr' id='par_1_20' title="bbox 1204 987 2304 1552">
     <span class='ocr_line' id='line_1_69' title="bbox 1260 987 2254 1039; baseline 0.002 -16"><span class='ocrx_word' id='word_1_449' title='bbox 1260 988 1397 1026; x_wconf 82' lang='lat' dir='ltr'><strong>AElian.</strong></span> <span class='ocrx_word' id='word_1_450' title='bbox 1419 990 1468 1027; x_wconf 88' lang='lat' dir='ltr'><strong>H.</strong></span> <span class='ocrx_word' id='word_1_451' title='bbox 1489 991 1563 1025; x_wconf 90' lang='lat' dir='ltr'>An.</span> <span class='ocrx_word' id='word_1_452' title='bbox 1593 990 1677 1034; x_wconf 88' lang='lat' dir='ltr'>XV,</span> <span class='ocrx_word' id='word_1_453' title='bbox 1714 989 1762 1025; x_wconf 81' lang='lat'>23</span> <span class='ocrx_word' id='word_1_454' title='bbox 1793 988 1864 1039; x_wconf 87' lang='lat' dir='ltr'>(ex</span> <span class='ocrx_word' id='word_1_455' title='bbox 1883 988 2086 1039; x_wconf 78' lang='lat' dir='ltr'><strong>Athenaeo)</strong></span> <span class='ocrx_word' id='word_1_456' title='bbox 2113 1002 2121 1025; x_wconf 77' lang='grc' dir='ltr'>ε</span> <span class='ocrx_word' id='word_1_457' title='bbox 2150 987 2254 1038; x_wconf 86' lang='grc' dir='ltr'>Λέγει</span> 
     </span>
     <span class='ocr_line' id='line_1_70' title="bbox 1206 1042 2253 1106; baseline 0.003 -24"><span class='ocrx_word' id='word_1_458' title='bbox 1206 1042 1242 1082; x_wconf 78' lang='grc' dir='ltr'>δὲ</span> <span class='ocrx_word' id='word_1_459' title='bbox 1260 1044 1505 1105; x_wconf 44' lang='grc' dir='ltr'>Ἀπολλώνιοςη</span> <span class='ocrx_word' id='word_1_460' title='bbox 1514 1048 1531 1083; x_wconf 87' lang='lat'>6</span> <span class='ocrx_word' id='word_1_461' title='bbox 1549 1045 1683 1089; x_wconf 84' lang='grc' dir='ltr'>Ῥόδιος</span> <span class='ocrx_word' id='word_1_462' title='bbox 1702 1045 1724 1093; x_wconf 81' lang='grc' dir='ltr'>ἢ</span> <span class='ocrx_word' id='word_1_463' title='bbox 1745 1047 2011 1106; x_wconf 85' lang='grc' dir='ltr'>Ναυκρατίτης,</span> <span class='ocrx_word' id='word_1_464' title='bbox 2031 1045 2084 1084; x_wconf 80' lang='grc' dir='ltr'>ὅτι</span> <span class='ocrx_word' id='word_1_465' title='bbox 2106 1046 2167 1084; x_wconf 78' lang='grc' dir='ltr'>καὶ</span> <span class='ocrx_word' id='word_1_466' title='bbox 2194 1046 2253 1085; x_wconf 82' lang='grc' dir='ltr'>ἅν-</span> 
     </span>
     <span class='ocr_line' id='line_1_71' title="bbox 1206 1102 2249 1176; baseline 0.003 -36"><span class='ocrx_word' id='word_1_467' title='bbox 1206 1102 1340 1155; x_wconf 87' lang='grc' dir='ltr'>θρωπός</span> <span class='ocrx_word' id='word_1_468' title='bbox 1356 1119 1439 1141; x_wconf 90' lang='grc' dir='ltr'>ποτε</span> <span class='ocrx_word' id='word_1_469' title='bbox 1466 1107 1562 1148; x_wconf 81' lang='grc' dir='ltr'>οὗτος</span> <span class='ocrx_word' id='word_1_470' title='bbox 1585 1106 1623 1155; x_wconf 88' lang='lat'>(6</span> <span class='ocrx_word' id='word_1_471' title='bbox 1639 1104 1835 1176; x_wconf 86' lang='grc' dir='ltr'>πομπίλος)</span> <span class='ocrx_word' id='word_1_472' title='bbox 1859 1107 1921 1152; x_wconf 85' lang='grc' dir='ltr'>ἠν,</span> <span class='ocrx_word' id='word_1_473' title='bbox 1937 1103 1997 1142; x_wconf 84' lang='grc' dir='ltr'>καὶ</span> <span class='ocrx_word' id='word_1_474' title='bbox 2018 1104 2249 1157; x_wconf 81' lang='grc' dir='ltr'>ἐπόρθμευεν·</span> 
     </span>
     <span class='ocr_line' id='line_1_72' title="bbox 1206 1160 2251 1216; baseline 0.004 -18"><span class='ocrx_word' id='word_1_475' title='bbox 1206 1163 1223 1198; x_wconf 89' lang='lat'>6</span> <span class='ocrx_word' id='word_1_476' title='bbox 1244 1160 1279 1199; x_wconf 84' lang='grc' dir='ltr'>δὲ</span> <span class='ocrx_word' id='word_1_477' title='bbox 1300 1161 1478 1200; x_wconf 88' lang='grc' dir='ltr'>Απόλλων</span> <span class='ocrx_word' id='word_1_478' title='bbox 1494 1162 1632 1215; x_wconf 84' lang='grc' dir='ltr'>ἠράσθη</span> <span class='ocrx_word' id='word_1_479' title='bbox 1657 1163 1781 1215; x_wconf 87' lang='grc' dir='ltr'>κόρης,</span> <span class='ocrx_word' id='word_1_480' title='bbox 1802 1162 1862 1200; x_wconf 85' lang='grc' dir='ltr'>καὶ</span> <span class='ocrx_word' id='word_1_481' title='bbox 1879 1164 2042 1215; x_wconf 83' lang='grc' dir='ltr'>ἐπειρᾶτο</span> <span class='ocrx_word' id='word_1_482' title='bbox 2063 1165 2151 1216; x_wconf 79' lang='grc' dir='ltr'>αὐτῇ</span> <span class='ocrx_word' id='word_1_483' title='bbox 2173 1167 2251 1216; x_wconf 87' lang='grc' dir='ltr'>ὁμι-</span> 
     </span>
     <span class='ocr_line' id='line_1_73' title="bbox 1207 1215 2252 1291; baseline 0.004 -34.012"><span class='ocrx_word' id='word_1_484' title='bbox 1207 1220 1333 1266; x_wconf 88' lang='grc' dir='ltr'>λησαι·</span> <span class='ocrx_word' id='word_1_485' title='bbox 1362 1223 1384 1266; x_wconf 86' lang='grc' dir='ltr'>ἡ</span> <span class='ocrx_word' id='word_1_486' title='bbox 1417 1221 1453 1258; x_wconf 81' lang='grc' dir='ltr'>δὲ</span> <span class='ocrx_word' id='word_1_487' title='bbox 1483 1221 1789 1291; x_wconf 85' lang='grc' dir='ltr'>ἀποδιδράσκουσα</span> <span class='ocrx_word' id='word_1_488' title='bbox 1810 1215 1911 1268; x_wconf 86' lang='grc' dir='ltr'>ηλθεν</span> <span class='ocrx_word' id='word_1_489' title='bbox 1932 1223 1979 1265; x_wconf 88' lang='grc' dir='ltr'>εἷς</span> <span class='ocrx_word' id='word_1_490' title='bbox 2009 1221 2163 1269; x_wconf 91' lang='grc' dir='ltr'>Μίλητον</span> <span class='ocrx_word' id='word_1_491' title='bbox 2193 1238 2252 1261; x_wconf 89' lang='grc' dir='ltr'>και</span> 
     </span>
     <span class='ocr_line' id='line_1_74' title="bbox 1205 1278 2252 1332; baseline 0.004 -18"><span class='ocrx_word' id='word_1_492' title='bbox 1205 1278 1327 1325; x_wconf 85' lang='grc' dir='ltr'>ἐθεηθη</span> <span class='ocrx_word' id='word_1_493' title='bbox 1350 1280 1537 1329; x_wconf 86' lang='grc' dir='ltr'>Πομπίλου</span> <span class='ocrx_word' id='word_1_494' title='bbox 1558 1279 1646 1324; x_wconf 83' lang='grc' dir='ltr'>τινὸς</span> <span class='ocrx_word' id='word_1_495' title='bbox 1666 1281 1947 1332; x_wconf 87' lang='grc' dir='ltr'>θαλαττουργοῦ,</span> <span class='ocrx_word' id='word_1_496' title='bbox 1967 1279 2024 1318; x_wconf 79' lang='grc' dir='ltr'>ἵνα</span> <span class='ocrx_word' id='word_1_497' title='bbox 2045 1280 2151 1327; x_wconf 80' lang='grc' dir='ltr'>αὐτὴν</span> <span class='ocrx_word' id='word_1_498' title='bbox 2171 1282 2252 1319; x_wconf 80' lang='grc' dir='ltr'>δια-</span> 
     </span>
     <span class='ocr_line' id='line_1_75' title="bbox 1206 1335 2304 1395; baseline 0.003 -21"><span class='ocrx_word' id='word_1_499' title='bbox 1206 1335 1297 1388; x_wconf 83' lang='grc' dir='ltr'>γάγῃ</span> <span class='ocrx_word' id='word_1_500' title='bbox 1338 1337 1395 1375; x_wconf 83' lang='grc' dir='ltr'>τὸν</span> <span class='ocrx_word' id='word_1_501' title='bbox 1427 1338 1598 1389; x_wconf 89' lang='grc' dir='ltr'>πορθμόν·</span> <span class='ocrx_word' id='word_1_502' title='bbox 1642 1342 1660 1376; x_wconf 90' lang='lat'>6</span> <span class='ocrx_word' id='word_1_503' title='bbox 1695 1338 1730 1376; x_wconf 82' lang='grc' dir='ltr'>δὲ</span> <span class='ocrx_word' id='word_1_504' title='bbox 1763 1339 1975 1386; x_wconf 79' lang='grc' dir='ltr'>ὑπήκουσεν·</span> <span class='ocrx_word' id='word_1_505' title='bbox 2007 1339 2183 1392; x_wconf 76' lang='grc' dir='ltr'>ἐπιφανεὶς</span> <span class='ocrx_word' id='word_1_506' title='bbox 2215 1339 2251 1377; x_wconf 83' lang='grc' dir='ltr'>δὲ</span> <span class='ocrx_word' id='word_1_507' title='bbox 2294 1387 2304 1395; x_wconf 32' lang='grc' dir='ltr'><em>ν</em></span> 
     </span>
     <span class='ocr_line' id='line_1_76' title="bbox 1209 1394 2251 1449; baseline 0.004 -17"><span class='ocrx_word' id='word_1_508' title='bbox 1209 1396 1226 1431; x_wconf 90' lang='lat'>6</span> <span class='ocrx_word' id='word_1_509' title='bbox 1249 1394 1427 1432; x_wconf 90' lang='grc' dir='ltr'>Ἀπόλλων</span> <span class='ocrx_word' id='word_1_510' title='bbox 1444 1395 1507 1442; x_wconf 77' lang='grc' dir='ltr'>τὴν</span> <span class='ocrx_word' id='word_1_511' title='bbox 1525 1396 1586 1446; x_wconf 84' lang='grc' dir='ltr'>μὲν</span> <span class='ocrx_word' id='word_1_512' title='bbox 1606 1395 1712 1448; x_wconf 88' lang='grc' dir='ltr'>κόρην</span> <span class='ocrx_word' id='word_1_513' title='bbox 1733 1397 1901 1449; x_wconf 80' lang='grc' dir='ltr'>ἁρπάζει,</span> <span class='ocrx_word' id='word_1_514' title='bbox 1921 1397 1983 1443; x_wconf 84' lang='grc' dir='ltr'>τὴν</span> <span class='ocrx_word' id='word_1_515' title='bbox 2001 1397 2036 1435; x_wconf 87' lang='grc' dir='ltr'>δὲ</span> <span class='ocrx_word' id='word_1_516' title='bbox 2054 1402 2138 1436; x_wconf 88' lang='grc' dir='ltr'>ναῦν</span> <span class='ocrx_word' id='word_1_517' title='bbox 2158 1398 2251 1436; x_wconf 89' lang='grc' dir='ltr'>λίθον</span> 
     </span>
     <span class='ocr_line' id='line_1_77' title="bbox 1205 1452 2251 1508; baseline 0.005 -19"><span class='ocrx_word' id='word_1_518' title='bbox 1205 1452 1404 1505; x_wconf 83' lang='grc' dir='ltr'>ἐργάζεται,</span> <span class='ocrx_word' id='word_1_519' title='bbox 1427 1453 1484 1491; x_wconf 85' lang='grc' dir='ltr'>τὸν</span> <span class='ocrx_word' id='word_1_520' title='bbox 1506 1453 1540 1492; x_wconf 79' lang='grc' dir='ltr'>δὲ</span> <span class='ocrx_word' id='word_1_521' title='bbox 1572 1455 1753 1504; x_wconf 87' lang='grc' dir='ltr'>Πομπίλον</span> <span class='ocrx_word' id='word_1_522' title='bbox 1784 1457 1831 1499; x_wconf 89' lang='grc' dir='ltr'>εἷς</span> <span class='ocrx_word' id='word_1_523' title='bbox 1851 1456 1908 1494; x_wconf 83' lang='grc' dir='ltr'>τὸν</span> <span class='ocrx_word' id='word_1_524' title='bbox 1925 1455 2024 1508; x_wconf 77' lang='grc' dir='ltr'>ἰχθὺν</span> <span class='ocrx_word' id='word_1_525' title='bbox 2049 1460 2169 1495; x_wconf 88' lang='grc' dir='ltr'>τοῦτον</span> <span class='ocrx_word' id='word_1_526' title='bbox 2189 1472 2251 1507; x_wconf 89' lang='grc' dir='ltr'>με-</span> 
     </span>
     <span class='ocr_line' id='line_1_78' title="bbox 1204 1510 1617 1552; baseline -0.005 -4"><span class='ocrx_word' id='word_1_527' title='bbox 1204 1510 1365 1552; x_wconf 72' lang='grc' dir='ltr'>τέὸαλεν.</span> <span class='ocrx_word' id='word_1_528' title='bbox 1614 1527 1617 1530; x_wconf 58' lang='lat'><strong>⁴</strong></span> 
     </span>
    </p>

    <p class='ocr_par' dir='ltr' id='par_1_21' title="bbox 1203 1569 2253 1673">
     <span class='ocr_line' id='line_1_79' title="bbox 1257 1569 2253 1623; baseline 0.004 -15"><span class='ocrx_word' id='word_1_529' title='bbox 1257 1569 1403 1608; x_wconf 86' lang='grc' dir='ltr'>Ῥόδου</span> <span class='ocrx_word' id='word_1_530' title='bbox 1425 1572 1576 1615; x_wconf 83' lang='grc' dir='ltr'>κτίσις.</span> <span class='ocrx_word' id='word_1_531' title='bbox 1597 1574 1725 1622; x_wconf 85' lang='lat' dir='ltr'><strong>Steph.</strong></span> <span class='ocrx_word' id='word_1_532' title='bbox 1745 1576 1828 1623; x_wconf 82' lang='lat' dir='ltr'><strong>Byz.</strong></span> <span class='ocrx_word' id='word_1_533' title='bbox 1846 1588 1882 1610; x_wconf 88' lang='lat' dir='ltr'><strong>v.</strong></span> <span class='ocrx_word' id='word_1_534' title='bbox 1897 1573 2030 1612; x_wconf 84' lang='grc' dir='ltr'>Δώτιον</span> <span class='ocrx_word' id='word_1_535' title='bbox 2047 1588 2055 1611; x_wconf 85' lang='grc'>;</span> <span class='ocrx_word' id='word_1_536' title='bbox 2074 1574 2253 1612; x_wconf 81' lang='grc' dir='ltr'>Ἀπολλώ-</span> 
     </span>
     <span class='ocr_line' id='line_1_80' title="bbox 1203 1628 1798 1673; baseline 0.005 -7"><span class='ocrx_word' id='word_1_537' title='bbox 1203 1631 1301 1672; x_wconf 82' lang='grc' dir='ltr'>νιοςὸ</span> <span class='ocrx_word' id='word_1_538' title='bbox 1321 1628 1455 1673; x_wconf 86' lang='grc' dir='ltr'>Ῥόδιος</span> <span class='ocrx_word' id='word_1_539' title='bbox 1475 1631 1510 1667; x_wconf 83' lang='grc' dir='ltr'>ἐν</span> <span class='ocrx_word' id='word_1_540' title='bbox 1531 1629 1654 1668; x_wconf 84' lang='grc' dir='ltr'>Ῥόδου</span> <span class='ocrx_word' id='word_1_541' title='bbox 1671 1631 1798 1669; x_wconf 87' lang='grc' dir='ltr'>κτίσει·</span> 
     </span>
    </p>
   </div>
   <div class='ocr_carea' id='block_1_13' title="bbox 1285 1730 2060 1818">
    <p class='ocr_par' dir='ltr' id='par_1_22' title="bbox 1285 1730 2060 1818">
     <span class='ocr_line' id='line_1_81' title="bbox 1618 1730 1878 1771; baseline 0.004 -10"><span class='ocrx_word' id='word_1_542' title='bbox 1618 1730 1726 1762; x_wconf 78' lang='grc' dir='ltr'>’Ὁσσα</span> <span class='ocrx_word' id='word_1_543' title='bbox 1742 1741 1775 1762; x_wconf 88' lang='grc' dir='ltr'>τε</span> <span class='ocrx_word' id='word_1_544' title='bbox 1789 1731 1878 1771; x_wconf 86' lang='grc' dir='ltr'>γαίης</span> 
     </span>
     <span class='ocr_line' id='line_1_82' title="bbox 1285 1775 2060 1818; baseline 0.005 -12"><span class='ocrx_word' id='word_1_545' title='bbox 1285 1775 1359 1816; x_wconf 79' lang='grc' dir='ltr'>ἔργα</span> <span class='ocrx_word' id='word_1_546' title='bbox 1373 1786 1406 1807; x_wconf 87' lang='grc' dir='ltr'>τε</span> <span class='ocrx_word' id='word_1_547' title='bbox 1423 1776 1579 1813; x_wconf 86' lang='grc' dir='ltr'>Δωτιάδος</span> <span class='ocrx_word' id='word_1_548' title='bbox 1594 1777 1735 1818; x_wconf 77' lang='grc' dir='ltr'>πρότεροι</span> <span class='ocrx_word' id='word_1_549' title='bbox 1754 1777 1855 1818; x_wconf 85' lang='grc' dir='ltr'>κάμον</span> <span class='ocrx_word' id='word_1_550' title='bbox 1871 1778 2060 1818; x_wconf 88' lang='grc' dir='ltr'>Ἀσμονιῆες.</span> 
     </span>
    </p>
   </div>
   <div class='ocr_carea' id='block_1_14' title="bbox 1194 1865 2251 3442">
    <p class='ocr_par' dir='ltr' id='par_1_23' title="bbox 1256 1865 1772 1917">
     <span class='ocr_line' id='line_1_83' title="bbox 1256 1865 1772 1917; baseline 0 -13"><span class='ocrx_word' id='word_1_551' title='bbox 1256 1865 1313 1904; x_wconf 88' lang='lat' dir='ltr'><strong>Cf.</strong></span> <span class='ocrx_word' id='word_1_552' title='bbox 1335 1867 1480 1906; x_wconf 80' lang='lat' dir='ltr'><strong>Miiller.</strong></span> <span class='ocrx_word' id='word_1_553' title='bbox 1502 1869 1601 1904; x_wconf 81' lang='lat' dir='ltr'><strong>Min.</strong></span> <span class='ocrx_word' id='word_1_554' title='bbox 1621 1881 1660 1916; x_wconf 89' lang='lat' dir='ltr'><strong>p.</strong></span> <span class='ocrx_word' id='word_1_555' title='bbox 1687 1881 1772 1917; x_wconf 82' lang='lat'><strong>192.</strong></span> 
     </span>
    </p>

    <p class='ocr_par' dir='ltr' id='par_1_24' title="bbox 1202 1925 2251 2151">
     <span class='ocr_line' id='line_1_84' title="bbox 1255 1925 2247 1971; baseline 0.003 -11"><span class='ocrx_word' id='word_1_556' title='bbox 1255 1925 1383 1963; x_wconf 91' lang='lat' dir='ltr'><strong>Schol.</strong></span> <span class='ocrx_word' id='word_1_557' title='bbox 1418 1926 1528 1962; x_wconf 89' lang='lat' dir='ltr'><strong>Pind.</strong></span> <span class='ocrx_word' id='word_1_558' title='bbox 1566 1927 1625 1962; x_wconf 91' lang='lat' dir='ltr'><strong>Ol.</strong></span> <span class='ocrx_word' id='word_1_559' title='bbox 1660 1928 1763 1971; x_wconf 88' lang='lat' dir='ltr'>VII,·</span> <span class='ocrx_word' id='word_1_560' title='bbox 1786 1926 1834 1963; x_wconf 89' lang='lat'>86</span> <span class='ocrx_word' id='word_1_561' title='bbox 1866 1938 1874 1964; x_wconf 89' lang='lat'><strong>:</strong></span> <span class='ocrx_word' id='word_1_562' title='bbox 1910 1925 1983 1964; x_wconf 76' lang='grc' dir='ltr'>Καὶ</span> <span class='ocrx_word' id='word_1_563' title='bbox 2017 1925 2247 1969; x_wconf 84' lang='grc' dir='ltr'>Ἀπολλώνιος</span> 
     </span>
     <span class='ocr_line' id='line_1_85' title="bbox 1202 1981 2251 2036; baseline 0.005 -19"><span class='ocrx_word' id='word_1_564' title='bbox 1202 1982 1219 2017; x_wconf 88' lang='lat'>6</span> <span class='ocrx_word' id='word_1_565' title='bbox 1238 1981 1386 2027; x_wconf 87' lang='grc' dir='ltr'>ποιητής</span> <span class='ocrx_word' id='word_1_566' title='bbox 1406 1997 1510 2033; x_wconf 87' lang='grc' dir='ltr'>φησιν</span> <span class='ocrx_word' id='word_1_567' title='bbox 1533 1981 1651 2035; x_wconf 82' lang='grc' dir='ltr'>ἄπυρα</span> <span class='ocrx_word' id='word_1_568' title='bbox 1679 1982 1759 2026; x_wconf 82' lang='grc' dir='ltr'>τοὺς</span> <span class='ocrx_word' id='word_1_569' title='bbox 1792 1982 1947 2026; x_wconf 87' lang='grc' dir='ltr'>Ῥοδίους</span> <span class='ocrx_word' id='word_1_570' title='bbox 1975 1983 2053 2036; x_wconf 77' lang='grc' dir='ltr'>ἱερὰ</span> <span class='ocrx_word' id='word_1_571' title='bbox 2073 1984 2164 2021; x_wconf 86' lang='grc' dir='ltr'>θύειν</span> <span class='ocrx_word' id='word_1_572' title='bbox 2194 1983 2251 2022; x_wconf 84' lang='grc' dir='ltr'>διὰ</span> 
     </span>
     <span class='ocr_line' id='line_1_86' title="bbox 1202 2038 2249 2095; baseline 0.003 -18"><span class='ocrx_word' id='word_1_573' title='bbox 1202 2038 1267 2085; x_wconf 85' lang='grc' dir='ltr'>τὴν</span> <span class='ocrx_word' id='word_1_574' title='bbox 1289 2039 1374 2091; x_wconf 81' lang='grc' dir='ltr'>πρὸς</span> <span class='ocrx_word' id='word_1_575' title='bbox 1404 2039 1604 2089; x_wconf 54' lang='grc' dir='ltr'>υΗφαιστον</span> <span class='ocrx_word' id='word_1_576' title='bbox 1633 2039 1733 2079; x_wconf 76' lang='grc' dir='ltr'>ἕνεκα</span> <span class='ocrx_word' id='word_1_577' title='bbox 1762 2044 1830 2079; x_wconf 85' lang='grc' dir='ltr'>τῶν</span> <span class='ocrx_word' id='word_1_578' title='bbox 1859 2041 1982 2092; x_wconf 88' lang='grc' dir='ltr'>γάμων</span> <span class='ocrx_word' id='word_1_579' title='bbox 2013 2041 2162 2095; x_wconf 85' lang='grc' dir='ltr'>ἔχθραν,</span> <span class='ocrx_word' id='word_1_580' title='bbox 2197 2042 2249 2080; x_wconf 80' lang='grc' dir='ltr'>ὅτι</span> 
     </span>
     <span class='ocr_line' id='line_1_87' title="bbox 1202 2096 2082 2151; baseline 0.006 -17"><span class='ocrx_word' id='word_1_581' title='bbox 1202 2096 1363 2141; x_wconf 82' lang='grc' dir='ltr'>ἐπεδίωξε</span> <span class='ocrx_word' id='word_1_582' title='bbox 1379 2096 1442 2144; x_wconf 82' lang='grc' dir='ltr'>τὴν</span> <span class='ocrx_word' id='word_1_583' title='bbox 1460 2098 1604 2145; x_wconf 83' lang='grc' dir='ltr'>Ἀθηνᾶν</span> <span class='ocrx_word' id='word_1_584' title='bbox 1624 2099 1832 2150; x_wconf 87' lang='grc' dir='ltr'>βουλόμενος</span> <span class='ocrx_word' id='word_1_585' title='bbox 1849 2104 2082 2151; x_wconf 79' lang='grc' dir='ltr'>συμμιγῆναι.</span> 
     </span>
    </p>

    <p class='ocr_par' dir='ltr' id='par_1_25' title="bbox 1201 2154 2248 2386">
     <span class='ocr_line' id='line_1_88' title="bbox 1258 2154 2248 2212; baseline 0.005 -18"><span class='ocrx_word' id='word_1_586' title='bbox 1258 2154 1411 2194; x_wconf 86' lang='grc' dir='ltr'>Κνίδου</span> <span class='ocrx_word' id='word_1_587' title='bbox 1431 2156 1589 2200; x_wconf 90' lang='grc' dir='ltr'>κτίσις.</span> <span class='ocrx_word' id='word_1_588' title='bbox 1611 2160 1738 2208; x_wconf 90' lang='lat' dir='ltr'><strong>Steph.</strong></span> <span class='ocrx_word' id='word_1_589' title='bbox 1758 2160 1846 2208; x_wconf 86' lang='lat' dir='ltr'><strong>Byz.</strong></span> <span class='ocrx_word' id='word_1_590' title='bbox 1869 2172 1877 2197; x_wconf 90' lang='lat'>:</span> <span class='ocrx_word' id='word_1_591' title='bbox 1901 2159 2129 2212; x_wconf 84' lang='grc' dir='ltr'>Ψυκτήριος,</span> <span class='ocrx_word' id='word_1_592' title='bbox 2146 2160 2248 2204; x_wconf 86' lang='grc' dir='ltr'>τόπος</span> 
     </span>
     <span class='ocr_line' id='line_1_89' title="bbox 1201 2214 2247 2271; baseline 0.005 -19"><span class='ocrx_word' id='word_1_593' title='bbox 1201 2216 1235 2252; x_wconf 84' lang='grc' dir='ltr'>ἐν</span> <span class='ocrx_word' id='word_1_594' title='bbox 1258 2214 1385 2267; x_wconf 85' lang='grc' dir='ltr'>Θράκῃ</span> <span class='ocrx_word' id='word_1_595' title='bbox 1400 2245 1409 2263; x_wconf 84' lang='grc'>,</span> <span class='ocrx_word' id='word_1_596' title='bbox 1440 2215 1508 2253; x_wconf 86' lang='grc' dir='ltr'>ἀπὸ</span> <span class='ocrx_word' id='word_1_597' title='bbox 1534 2215 1748 2269; x_wconf 83' lang='grc' dir='ltr'>Ηρακλέους</span> <span class='ocrx_word' id='word_1_598' title='bbox 1780 2216 2016 2270; x_wconf 80' lang='grc' dir='ltr'>ἀναψύξαντος</span> <span class='ocrx_word' id='word_1_599' title='bbox 2039 2218 2096 2256; x_wconf 86' lang='grc' dir='ltr'>τὸν</span> <span class='ocrx_word' id='word_1_600' title='bbox 2117 2219 2247 2271; x_wconf 79' lang='grc' dir='ltr'>ἱδρῶτα</span> 
     </span>
     <span class='ocr_line' id='line_1_90' title="bbox 1201 2274 2247 2331; baseline 0.006 -21"><span class='ocrx_word' id='word_1_601' title='bbox 1201 2275 1236 2310; x_wconf 82' lang='grc' dir='ltr'>ἐν</span> <span class='ocrx_word' id='word_1_602' title='bbox 1255 2275 1304 2324; x_wconf 85' lang='grc' dir='ltr'>τῷ</span> <span class='ocrx_word' id='word_1_603' title='bbox 1335 2275 1604 2312; x_wconf 86' lang='grc' dir='ltr'>καταπαλαῖσαι</span> <span class='ocrx_word' id='word_1_604' title='bbox 1632 2274 1690 2312; x_wconf 79' lang='grc' dir='ltr'>τὸν</span> <span class='ocrx_word' id='word_1_605' title='bbox 1724 2275 1966 2328; x_wconf 82' lang='grc' dir='ltr'>Ἀδραμύλην,</span> <span class='ocrx_word' id='word_1_606' title='bbox 1998 2276 2112 2321; x_wconf 86' lang='grc' dir='ltr'>καθώς</span> <span class='ocrx_word' id='word_1_607' title='bbox 2143 2293 2247 2331; x_wconf 84' lang='grc' dir='ltr'>φησιν</span> 
     </span>
     <span class='ocr_line' id='line_1_91' title="bbox 1201 2312 1901 2386; baseline 0.003 -16.018"><span class='ocrx_word' id='word_1_608' title='bbox 1201 2312 1464 2376; x_wconf 77' lang='grc' dir='ltr'>Ἀπολλώνιος’</span> <span class='ocrx_word' id='word_1_609' title='bbox 1450 2349 1483 2371; x_wconf 91' lang='grc' dir='ltr'>εν</span> <span class='ocrx_word' id='word_1_610' title='bbox 1507 2334 1637 2381; x_wconf 89' lang='grc' dir='ltr'>Κνίδης</span> <span class='ocrx_word' id='word_1_611' title='bbox 1660 2332 1749 2386; x_wconf 87' lang='lat' dir='ltr'><strong>(sic)</strong></span> <span class='ocrx_word' id='word_1_612' title='bbox 1778 2334 1901 2374; x_wconf 89' lang='grc' dir='ltr'>κτίσει.</span> 
     </span>
    </p>

    <p class='ocr_par' dir='ltr' id='par_1_26' title="bbox 1194 2389 2246 3442">
     <span class='ocr_line' id='line_1_92' title="bbox 1253 2389 2246 2448; baseline 0.004 -18"><span class='ocrx_word' id='word_1_613' title='bbox 1253 2389 1423 2430; x_wconf 86' lang='grc' dir='ltr'>Καύνου</span> <span class='ocrx_word' id='word_1_614' title='bbox 1446 2391 1600 2436; x_wconf 88' lang='grc' dir='ltr'>κτίσις.</span> <span class='ocrx_word' id='word_1_615' title='bbox 1623 2395 1847 2431; x_wconf 82' lang='lat' dir='ltr'><strong>Parthenius</strong></span> <span class='ocrx_word' id='word_1_616' title='bbox 1869 2397 1975 2431; x_wconf 88' lang='lat' dir='ltr'><strong>Erot.</strong></span> <span class='ocrx_word' id='word_1_617' title='bbox 1999 2409 2034 2433; x_wconf 92' lang='lat' dir='ltr'><strong>c.</strong></span> <span class='ocrx_word' id='word_1_618' title='bbox 2071 2410 2085 2432; x_wconf 88' lang='lat'>1</span> <span class='ocrx_word' id='word_1_619' title='bbox 2111 2410 2119 2432; x_wconf 93' lang='lat'>:</span> <span class='ocrx_word' id='word_1_620' title='bbox 2156 2397 2246 2448; x_wconf 91' lang='grc' dir='ltr'>Περὶ</span> 
     </span>
     <span class='ocr_line' id='line_1_93' title="bbox 1199 2448 2245 2507; baseline 0.006 -20"><span class='ocrx_word' id='word_1_621' title='bbox 1199 2448 1350 2501; x_wconf 82' lang='grc' dir='ltr'>Λύρκου.</span> <span class='ocrx_word' id='word_1_622' title='bbox 1371 2449 1418 2489; x_wconf 89' lang='grc' dir='ltr'><em>Ἥ</em></span> <span class='ocrx_word' id='word_1_623' title='bbox 1435 2449 1569 2503; x_wconf 86' lang='grc' dir='ltr'>ἱστορία</span> <span class='ocrx_word' id='word_1_624' title='bbox 1589 2450 1687 2503; x_wconf 79' lang='grc' dir='ltr'>παρὰ</span> <span class='ocrx_word' id='word_1_625' title='bbox 1705 2451 1902 2506; x_wconf 88' lang='grc' dir='ltr'>Νικαινέτῳ</span> <span class='ocrx_word' id='word_1_626' title='bbox 1919 2454 1953 2491; x_wconf 80' lang='grc' dir='ltr'>ἐν</span> <span class='ocrx_word' id='word_1_627' title='bbox 1973 2455 2022 2505; x_wconf 84' lang='grc' dir='ltr'>τῷ</span> <span class='ocrx_word' id='word_1_628' title='bbox 2039 2453 2168 2507; x_wconf 86' lang='grc' dir='ltr'>Αύρκῳ</span> <span class='ocrx_word' id='word_1_629' title='bbox 2185 2455 2245 2493; x_wconf 88' lang='grc' dir='ltr'>καὶ</span> 
     </span>
     <span class='ocr_line' id='line_1_94' title="bbox 1200 2508 2246 2564; baseline 0.006 -18"><span class='ocrx_word' id='word_1_630' title='bbox 1200 2508 1421 2562; x_wconf 84' lang='grc' dir='ltr'>Ἀπολλωνίῳ</span> <span class='ocrx_word' id='word_1_631' title='bbox 1439 2508 1566 2562; x_wconf 82' lang='grc' dir='ltr'>Ῥοδίῳ</span> <span class='ocrx_word' id='word_1_632' title='bbox 1585 2509 1726 2563; x_wconf 87' lang='grc' dir='ltr'>Καύνῳ.</span> <span class='ocrx_word' id='word_1_633' title='bbox 1744 2534 1797 2540; x_wconf 90' lang='lat'>—</span> <span class='ocrx_word' id='word_1_634' title='bbox 1813 2510 1847 2550; x_wconf 81' lang='lat' dir='ltr'><strong>‘A</strong></span> <span class='ocrx_word' id='word_1_635' title='bbox 1855 2512 2066 2564; x_wconf 86' lang='grc' dir='ltr'>ρπασθείσης</span> <span class='ocrx_word' id='word_1_636' title='bbox 2080 2513 2168 2557; x_wconf 86' lang='grc' dir='ltr'>Ἰοῦς</span> <span class='ocrx_word' id='word_1_637' title='bbox 2184 2517 2246 2559; x_wconf 80' lang='grc' dir='ltr'>τ’ἧς</span> 
     </span>
     <span class='ocr_line' id='line_1_95' title="bbox 1199 2567 2246 2625; baseline 0.006 -20"><span class='ocrx_word' id='word_1_638' title='bbox 1199 2567 1357 2619; x_wconf 81' lang='grc' dir='ltr'>Ἀργείας</span> <span class='ocrx_word' id='word_1_639' title='bbox 1378 2567 1444 2606; x_wconf 83' lang='grc' dir='ltr'>ὑπὸ</span> <span class='ocrx_word' id='word_1_640' title='bbox 1459 2569 1598 2620; x_wconf 80' lang='grc' dir='ltr'>λῃστῶν</span> <span class='ocrx_word' id='word_1_641' title='bbox 1614 2571 1632 2607; x_wconf 93' lang='lat'>6</span> <span class='ocrx_word' id='word_1_642' title='bbox 1649 2569 1767 2622; x_wconf 79' lang='grc' dir='ltr'>πατὴρ</span> <span class='ocrx_word' id='word_1_643' title='bbox 1782 2571 1888 2618; x_wconf 75' lang='grc' dir='ltr'>αὐτῆς</span> <span class='ocrx_word' id='word_1_644' title='bbox 1903 2569 2044 2623; x_wconf 89' lang='grc' dir='ltr'>Ἴναχος</span> <span class='ocrx_word' id='word_1_645' title='bbox 2062 2574 2246 2625; x_wconf 78' lang='grc' dir='ltr'>μαστῆράς</span> 
     </span>
     <span class='ocr_line' id='line_1_96' title="bbox 1201 2626 2244 2684; baseline 0.007 -20"><span class='ocrx_word' id='word_1_646' title='bbox 1201 2642 1238 2663; x_wconf 85' lang='grc' dir='ltr'>τε</span> <span class='ocrx_word' id='word_1_647' title='bbox 1258 2626 1318 2664; x_wconf 89' lang='grc' dir='ltr'>καὶ</span> <span class='ocrx_word' id='word_1_648' title='bbox 1336 2627 1520 2679; x_wconf 86' lang='grc' dir='ltr'>ἐρευνητὰς</span> <span class='ocrx_word' id='word_1_649' title='bbox 1540 2627 1665 2672; x_wconf 84' lang='grc' dir='ltr'>ἄλλους</span> <span class='ocrx_word' id='word_1_650' title='bbox 1681 2631 1850 2678; x_wconf 75' lang='grc' dir='ltr'>καθῆκεν,</span> <span class='ocrx_word' id='word_1_651' title='bbox 1868 2631 1902 2667; x_wconf 84' lang='grc' dir='ltr'>ἐν</span> <span class='ocrx_word' id='word_1_652' title='bbox 1921 2630 1956 2667; x_wconf 82' lang='grc' dir='ltr'>δὲ</span> <span class='ocrx_word' id='word_1_653' title='bbox 1974 2632 2090 2674; x_wconf 83' lang='grc' dir='ltr'>αὐτοῖς</span> <span class='ocrx_word' id='word_1_654' title='bbox 2107 2631 2244 2684; x_wconf 89' lang='grc' dir='ltr'>Λύρκον</span> 
     </span>
     <span class='ocr_line' id='line_1_97' title="bbox 1198 2678 2243 2742; baseline 0.008 -20"><span class='ocrx_word' id='word_1_655' title='bbox 1198 2684 1254 2722; x_wconf 82' lang='grc' dir='ltr'>τὸν</span> <span class='ocrx_word' id='word_1_656' title='bbox 1286 2678 1502 2739; x_wconf 76' lang='grc' dir='ltr'>Φορωνέως,</span> <span class='ocrx_word' id='word_1_657' title='bbox 1525 2685 1558 2730; x_wconf 87' lang='grc' dir='ltr'>ὃς</span> <span class='ocrx_word' id='word_1_658' title='bbox 1590 2687 1687 2736; x_wconf 91' lang='grc' dir='ltr'>μάλα</span> <span class='ocrx_word' id='word_1_659' title='bbox 1706 2687 1839 2735; x_wconf 78' lang='grc' dir='ltr'>πολλὴν</span> <span class='ocrx_word' id='word_1_660' title='bbox 1869 2691 1934 2740; x_wconf 74' lang='grc' dir='ltr'>γῆν</span> <span class='ocrx_word' id='word_1_661' title='bbox 1962 2690 2163 2742; x_wconf 83' lang='grc' dir='ltr'>ἐπιδραμὼν</span> <span class='ocrx_word' id='word_1_662' title='bbox 2183 2692 2243 2730; x_wconf 86' lang='grc' dir='ltr'>καὶ</span> 
     </span>
     <span class='ocr_line' id='line_1_98' title="bbox 1198 2742 2241 2801; baseline 0.008 -21"><span class='ocrx_word' id='word_1_663' title='bbox 1198 2742 1331 2790; x_wconf 84' lang='grc' dir='ltr'>πολλὴν</span> <span class='ocrx_word' id='word_1_664' title='bbox 1359 2745 1541 2785; x_wconf 84' lang='grc' dir='ltr'>θάλασσαν</span> <span class='ocrx_word' id='word_1_665' title='bbox 1555 2745 1757 2797; x_wconf 84' lang='grc' dir='ltr'>περαιωθεὶς</span> <span class='ocrx_word' id='word_1_666' title='bbox 1772 2746 1893 2795; x_wconf 82' lang='grc' dir='ltr'>τέλος,</span> <span class='ocrx_word' id='word_1_667' title='bbox 1915 2748 1960 2790; x_wconf 82' lang='grc' dir='ltr'>ὡς</span> <span class='ocrx_word' id='word_1_668' title='bbox 1980 2749 2045 2799; x_wconf 85' lang='grc' dir='ltr'>οὐχ</span> <span class='ocrx_word' id='word_1_669' title='bbox 2065 2748 2241 2801; x_wconf 77' lang='grc' dir='ltr'>εὕρισκεν,</span> 
     </span>
     <span class='ocr_line' id='line_1_99' title="bbox 1199 2802 2241 2856; baseline 0.007 -17"><span class='ocrx_word' id='word_1_670' title='bbox 1199 2803 1326 2840; x_wconf 85' lang='grc' dir='ltr'>ἀπεῖπε</span> <span class='ocrx_word' id='word_1_671' title='bbox 1355 2804 1405 2855; x_wconf 82' lang='grc' dir='ltr'>τῷ</span> <span class='ocrx_word' id='word_1_672' title='bbox 1434 2802 1585 2855; x_wconf 89' lang='grc' dir='ltr'>καμάτῳ</span> <span class='ocrx_word' id='word_1_673' title='bbox 1598 2818 1606 2827; x_wconf 86' lang='grc'><em>·</em></span> <span class='ocrx_word' id='word_1_674' title='bbox 1625 2802 1685 2841; x_wconf 79' lang='grc' dir='ltr'>καὶ</span> <span class='ocrx_word' id='word_1_675' title='bbox 1702 2805 1749 2847; x_wconf 85' lang='grc' dir='ltr'>εἷς</span> <span class='ocrx_word' id='word_1_676' title='bbox 1774 2803 1837 2854; x_wconf 82' lang='grc' dir='ltr'>μὲν</span> <span class='ocrx_word' id='word_1_677' title='bbox 1854 2802 1976 2856; x_wconf 85' lang='grc' dir='ltr'>Ἄργος</span> <span class='ocrx_word' id='word_1_678' title='bbox 1996 2806 2157 2851; x_wconf 88' lang='grc' dir='ltr'>δεδοικὼς</span> <span class='ocrx_word' id='word_1_679' title='bbox 2183 2808 2241 2846; x_wconf 87' lang='grc' dir='ltr'>τὸν</span> 
     </span>
     <span class='ocr_line' id='line_1_100' title="bbox 1197 2858 2241 2915; baseline 0.006 -16"><span class='ocrx_word' id='word_1_680' title='bbox 1197 2858 1339 2913; x_wconf 80' lang='grc' dir='ltr'>Ἴναχον</span> <span class='ocrx_word' id='word_1_681' title='bbox 1358 2862 1395 2899; x_wconf 81' lang='grc' dir='ltr'>οὗ</span> <span class='ocrx_word' id='word_1_682' title='bbox 1418 2860 1512 2911; x_wconf 87' lang='grc' dir='ltr'>μάλα</span> <span class='ocrx_word' id='word_1_683' title='bbox 1531 2877 1565 2899; x_wconf 91' lang='grc' dir='ltr'>τι</span> <span class='ocrx_word' id='word_1_684' title='bbox 1582 2862 1727 2913; x_wconf 78' lang='grc' dir='ltr'>κατῄει,</span> <span class='ocrx_word' id='word_1_685' title='bbox 1754 2862 1961 2915; x_wconf 81' lang='grc' dir='ltr'>ἀφικόμενος</span> <span class='ocrx_word' id='word_1_686' title='bbox 1982 2864 2018 2902; x_wconf 83' lang='grc' dir='ltr'>δὲ</span> <span class='ocrx_word' id='word_1_687' title='bbox 2034 2866 2080 2908; x_wconf 86' lang='grc' dir='ltr'>εἷς</span> <span class='ocrx_word' id='word_1_688' title='bbox 2103 2867 2241 2906; x_wconf 90' lang='grc' dir='ltr'>Καῦνον</span> 
     </span>
     <span class='ocr_line' id='line_1_101' title="bbox 1197 2919 2221 2973; baseline 0.009 -18"><span class='ocrx_word' id='word_1_689' title='bbox 1197 2920 1281 2969; x_wconf 89' lang='grc' dir='ltr'>πρὸς</span> <span class='ocrx_word' id='word_1_690' title='bbox 1307 2919 1475 2958; x_wconf 72' lang='grc' dir='ltr'>Αἷὸίαλον</span> <span class='ocrx_word' id='word_1_691' title='bbox 1505 2920 1695 2970; x_wconf 81' lang='grc' dir='ltr'>(Αἷγίαλον</span> <span class='ocrx_word' id='word_1_692' title='bbox 1723 2921 1876 2973; x_wconf 81' lang='lat' dir='ltr'><strong>Heyn.)</strong></span> <span class='ocrx_word' id='word_1_693' title='bbox 1904 2924 2013 2972; x_wconf 85' lang='grc' dir='ltr'>γαμεῖ</span> <span class='ocrx_word' id='word_1_694' title='bbox 2040 2925 2147 2962; x_wconf 84' lang='grc' dir='ltr'>αὐτοῦ</span> <span class='ocrx_word' id='word_1_695' title='bbox 2179 2926 2221 2972; x_wconf 85' lang='grc' dir='ltr'>τὴ</span> 
     </span>
     <span class='ocr_line' id='line_1_102' title="bbox 1197 2976 2242 3034; baseline 0.011 -21"><span class='ocrx_word' id='word_1_696' title='bbox 1197 2976 1368 3029; x_wconf 87' lang='grc' dir='ltr'>θυγατερα</span> <span class='ocrx_word' id='word_1_697' title='bbox 1400 2977 1580 3024; x_wconf 72' lang='grc' dir='ltr'>Εἱλεὸίην,</span> <span class='ocrx_word' id='word_1_698' title='bbox 1603 2977 1770 3030; x_wconf 80' lang='grc' dir='ltr'>Ἔφασαν</span> <span class='ocrx_word' id='word_1_699' title='bbox 1801 2980 1868 3031; x_wconf 85' lang='grc' dir='ltr'>γὰρ</span> <span class='ocrx_word' id='word_1_700' title='bbox 1887 2979 1951 3027; x_wconf 80' lang='grc' dir='ltr'>τὴν</span> <span class='ocrx_word' id='word_1_701' title='bbox 1974 2981 2080 3034; x_wconf 84' lang='grc' dir='ltr'>κόρην</span> <span class='ocrx_word' id='word_1_702' title='bbox 2101 2984 2242 3024; x_wconf 82' lang='grc' dir='ltr'>ἰδοῦσαν</span> 
     </span>
     <span class='ocr_line' id='line_1_103' title="bbox 1196 3035 2243 3097; baseline 0.009 -24"><span class='ocrx_word' id='word_1_703' title='bbox 1196 3035 1253 3073; x_wconf 83' lang='grc' dir='ltr'>τὸν</span> <span class='ocrx_word' id='word_1_704' title='bbox 1287 3035 1424 3088; x_wconf 86' lang='grc' dir='ltr'>Λύρκον</span> <span class='ocrx_word' id='word_1_705' title='bbox 1450 3038 1496 3080; x_wconf 90' lang='grc' dir='ltr'>εἰς</span> <span class='ocrx_word' id='word_1_706' title='bbox 1515 3036 1629 3090; x_wconf 87' lang='grc' dir='ltr'>ἔρωτα</span> <span class='ocrx_word' id='word_1_707' title='bbox 1662 3039 1771 3075; x_wconf 87' lang='grc' dir='ltr'>ελθεῖν</span> <span class='ocrx_word' id='word_1_708' title='bbox 1799 3038 1858 3076; x_wconf 79' lang='grc' dir='ltr'>καὶ</span> <span class='ocrx_word' id='word_1_709' title='bbox 1884 3041 1998 3077; x_wconf 86' lang='grc' dir='ltr'>πολλὰ</span> <span class='ocrx_word' id='word_1_710' title='bbox 2022 3045 2083 3079; x_wconf 89' lang='grc' dir='ltr'>τοῦ</span> <span class='ocrx_word' id='word_1_711' title='bbox 2115 3045 2243 3097; x_wconf 86' lang='grc' dir='ltr'>πατρὸς</span> 
     </span>
     <span class='ocr_line' id='line_1_104' title="bbox 1197 3094 2240 3155; baseline 0.008 -24"><span class='ocrx_word' id='word_1_712' title='bbox 1197 3095 1360 3140; x_wconf 74' lang='grc' dir='ltr'>δεηθῆναι</span> <span class='ocrx_word' id='word_1_713' title='bbox 1375 3101 1566 3146; x_wconf 82' lang='grc' dir='ltr'>κατασχεῖν</span> <span class='ocrx_word' id='word_1_714' title='bbox 1580 3096 1701 3134; x_wconf 79' lang='grc' dir='ltr'>αὐτόν·</span> <span class='ocrx_word' id='word_1_715' title='bbox 1717 3099 1734 3134; x_wconf 91' lang='lat'>6</span> <span class='ocrx_word' id='word_1_716' title='bbox 1746 3094 1782 3134; x_wconf 79' lang='grc' dir='ltr'>δὲ</span> <span class='ocrx_word' id='word_1_717' title='bbox 1799 3113 1860 3144; x_wconf 88' lang='grc' dir='ltr'>της</span> <span class='ocrx_word' id='word_1_718' title='bbox 1870 3113 1907 3136; x_wconf 87' lang='grc' dir='ltr'>τε</span> <span class='ocrx_word' id='word_1_719' title='bbox 1923 3099 2101 3150; x_wconf 82' lang='grc' dir='ltr'>βασιλείας</span> <span class='ocrx_word' id='word_1_720' title='bbox 2117 3109 2240 3155; x_wconf 86' lang='grc' dir='ltr'>μοῖραν</span> 
     </span>
     <span class='ocr_line' id='line_1_105' title="bbox 1196 3152 2240 3212; baseline 0.01 -23"><span class='ocrx_word' id='word_1_721' title='bbox 1196 3153 1257 3189; x_wconf 83' lang='grc' dir='ltr'>οὐκ</span> <span class='ocrx_word' id='word_1_722' title='bbox 1271 3152 1462 3204; x_wconf 83' lang='grc' dir='ltr'>ἐλαχίστην</span> <span class='ocrx_word' id='word_1_723' title='bbox 1478 3154 1741 3204; x_wconf 87' lang='grc' dir='ltr'>ἀποδασάμενος</span> <span class='ocrx_word' id='word_1_724' title='bbox 1754 3155 1812 3193; x_wconf 81' lang='grc' dir='ltr'>καὶ</span> <span class='ocrx_word' id='word_1_725' title='bbox 1830 3158 1897 3194; x_wconf 84' lang='grc' dir='ltr'>τῶν</span> <span class='ocrx_word' id='word_1_726' title='bbox 1909 3158 2067 3195; x_wconf 65' lang='grc' dir='ltr'>λοιπωνε</span> <span class='ocrx_word' id='word_1_727' title='bbox 2055 3161 2240 3212; x_wconf 90' lang='grc' dir='ltr'>υπαργμά-</span> 
     </span>
     <span class='ocr_line' id='line_1_106' title="bbox 1195 3211 2239 3286; baseline 0.01 -39"><span class='ocrx_word' id='word_1_728' title='bbox 1195 3226 1262 3248; x_wconf 88' lang='grc' dir='ltr'>των</span> <span class='ocrx_word' id='word_1_729' title='bbox 1288 3211 1447 3263; x_wconf 71' lang='grc' dir='ltr'>γαμὸρὸν</span> <span class='ocrx_word' id='word_1_730' title='bbox 1476 3215 1582 3263; x_wconf 85' lang='grc' dir='ltr'>εῖχεν.</span> <span class='ocrx_word' id='word_1_731' title='bbox 1607 3213 1746 3286; x_wconf 88' lang='grc' dir='ltr'>Χρόνου</span> <span class='ocrx_word' id='word_1_732' title='bbox 1776 3213 1811 3252; x_wconf 85' lang='grc' dir='ltr'>δὲ</span> <span class='ocrx_word' id='word_1_733' title='bbox 1832 3215 1961 3265; x_wconf 80' lang='grc' dir='ltr'>πολλοῦ</span> <span class='ocrx_word' id='word_1_734' title='bbox 1981 3218 2175 3268; x_wconf 86' lang='grc' dir='ltr'>προϊόντος,</span> <span class='ocrx_word' id='word_1_735' title='bbox 2193 3222 2239 3263; x_wconf 83' lang='grc' dir='ltr'>ὡς</span> 
     </span>
     <span class='ocr_line' id='line_1_107' title="bbox 1195 3267 2234 3324; baseline 0.009 -20"><span class='ocrx_word' id='word_1_736' title='bbox 1195 3284 1243 3319; x_wconf 86' lang='grc' dir='ltr'>τῳ</span> <span class='ocrx_word' id='word_1_737' title='bbox 1260 3268 1389 3321; x_wconf 87' lang='grc' dir='ltr'>Λύρκῳ</span> <span class='ocrx_word' id='word_1_738' title='bbox 1409 3271 1531 3313; x_wconf 85' lang='grc' dir='ltr'>παῖδες</span> <span class='ocrx_word' id='word_1_739' title='bbox 1550 3271 1612 3308; x_wconf 82' lang='grc' dir='ltr'>οὐκ</span> <span class='ocrx_word' id='word_1_740' title='bbox 1639 3270 1790 3321; x_wconf 83' lang='grc' dir='ltr'>ἐγίνοντο</span> <span class='ocrx_word' id='word_1_741' title='bbox 1803 3301 1813 3319; x_wconf 93' lang='grc'>,</span> <span class='ocrx_word' id='word_1_742' title='bbox 1834 3267 1931 3318; x_wconf 68' lang='grc' dir='ltr'>ἠλθε)</span> <span class='ocrx_word' id='word_1_743' title='bbox 1959 3275 2006 3316; x_wconf 87' lang='grc' dir='ltr'>εἷς</span> <span class='ocrx_word' id='word_1_744' title='bbox 2035 3275 2234 3324; x_wconf 86' lang='grc' dir='ltr'>Διδυμέως,</span> 
     </span>
     <span class='ocr_line' id='line_1_108' title="bbox 1194 3326 2234 3383; baseline 0.007 -20"><span class='ocrx_word' id='word_1_745' title='bbox 1194 3326 1408 3377; x_wconf 84' lang='grc' dir='ltr'>χρησόμενος</span> <span class='ocrx_word' id='word_1_746' title='bbox 1442 3327 1520 3380; x_wconf 88' lang='grc' dir='ltr'>περὶ</span> <span class='ocrx_word' id='word_1_747' title='bbox 1557 3331 1657 3379; x_wconf 83' lang='grc' dir='ltr'>γονῆς</span> <span class='ocrx_word' id='word_1_748' title='bbox 1688 3328 1835 3376; x_wconf 87' lang='grc' dir='ltr'>τέκνων,</span> <span class='ocrx_word' id='word_1_749' title='bbox 1867 3329 1926 3366; x_wconf 86' lang='grc' dir='ltr'>καὶ</span> <span class='ocrx_word' id='word_1_750' title='bbox 1956 3332 2049 3383; x_wconf 78' lang='grc' dir='ltr'>αυτῷ</span> <span class='ocrx_word' id='word_1_751' title='bbox 2085 3332 2234 3377; x_wconf 88' lang='grc' dir='ltr'>θεσπίζει</span> 
     </span>
     <span class='ocr_line' id='line_1_109' title="bbox 1196 3384 2235 3442; baseline 0.008 -21"><span class='ocrx_word' id='word_1_752' title='bbox 1196 3386 1214 3420; x_wconf 92' lang='lat'>6</span> <span class='ocrx_word' id='word_1_753' title='bbox 1236 3384 1332 3435; x_wconf 82' lang='grc' dir='ltr'>θεὸς,</span> <span class='ocrx_word' id='word_1_754' title='bbox 1363 3386 1490 3429; x_wconf 86' lang='grc' dir='ltr'>παῖδας</span> <span class='ocrx_word' id='word_1_755' title='bbox 1510 3387 1627 3438; x_wconf 83' lang='grc' dir='ltr'>φύσειν</span> <span class='ocrx_word' id='word_1_756' title='bbox 1659 3391 1681 3439; x_wconf 80' lang='grc' dir='ltr'>ᾗ</span> <span class='ocrx_word' id='word_1_757' title='bbox 1713 3403 1753 3424; x_wconf 93' lang='grc' dir='ltr'>αν</span> <span class='ocrx_word' id='word_1_758' title='bbox 1783 3389 1820 3425; x_wconf 79' lang='grc' dir='ltr'>ἐκ</span> <span class='ocrx_word' id='word_1_759' title='bbox 1850 3392 1908 3425; x_wconf 84' lang='grc' dir='ltr'>τοῦ</span> <span class='ocrx_word' id='word_1_760' title='bbox 1941 3393 2022 3427; x_wconf 87' lang='grc' dir='ltr'>ναοῦ</span> <span class='ocrx_word' id='word_1_761' title='bbox 2056 3391 2235 3442; x_wconf 82' lang='grc' dir='ltr'>χωρισθεὶς</span> 
     </span>
    </p>
   </div>
  </div>
 </body>
</html>
