2372 3704
81 279 157 312 1¹5ae

82 372 153 408 φων
171 356 295 400 οὕτως·
320 374 334 389 «ι
356 358 504 396 Ποιοῧσι
521 356 556 395 δὲ
575 356 634 396 καὶ
650 355 711 400 τὰς
733 356 950 408 καλουμένας
971 355 1128 400 κοπίδας.

402 271 647 311 MOLPlDlS
684 270 921 322 LACONIS,
951 270 1166 318 MONlMI,
1198 270 1501 311 MYRONIANI
1529 270 1884 319 AMASTRIANI,

1193 355 1314 409 Πέλλῃ
1344 358 1406 404 τῆς
1440 357 1637 402 Θετταλίας
1665 357 1803 410 Ἀχαιὸν
1832 357 2012 411 ἄνθρωπον
2033 359 2147 407 Πηλεῖ
2176 357 2237 397 καὶ

81 412 184 454 Ἔστι
201 415 237 453 δὲ
253 418 275 462 ἡ
293 415 392 459 κοπὶς
408 416 557 464 δεῖπνον,
573 418 685 467 μᾶζα,
700 415 801 468 ἄρτος
814 445 824 463 ,
844 415 959 468 κρέας,
976 415 1129 468 λάχανον
1190 414 1345 467 Χείρωνι
1364 415 1612 456 καταθύεσθαι.

81 474 192 525 ὠμὸν,
215 473 348 526 ζωμὸς,
363 477 480 522 σῦκον,
499 475 686 528 τράγημα,
703 474 844 528 θέρμος.
869 493 885 508 »

583 580 619 604 2.

135 645 334 681 Athenaeus
347 646 418 690 IV,
434 657 473 694 p.
500 650 593 690 140,
611 646 645 681 D
667 658 674 680 ;
695 643 740 682 Ὁ
755 642 791 680 δὲ
811 642 950 685 Μόλπις
967 644 1026 681 καὶ
1041 659 1131 693 ματ·

81 700 166 748 τύην
189 701 274 755 φησὶ
295 700 613 754 προσαγορεύεσθαι
637 701 681 739 τὰ
708 701 871 742 ἔπάϊκλα.
899 703 955 740 Cf.
978 705 1114 740 Miiller

82 764 172 801 Dor.
207 764 264 811 11,
294 775 334 811 p.
357 761 403 807 37
425 769 463 798 et
480 775 570 799 202.

590 824 624 859 3.

1244 476 1386 512 Eadem
1398 476 1529 525 Cyrill.
1547 478 1588 515 C.
1604 477 1680 515 Jul.
1692 478 1759 526 IV,
1772 490 1813 526 p.
1835 476 1920 524 128,
1935 477 1963 514 C
1978 478 2031 514 ita
2058 491 2067 514 z
2089 475 2239 528 Ἱστορεῖ

1193 531 1229 570 δὲ
1247 532 1308 570 καὶ
1343 533 1519 583 Μώνυμος
1548 535 1582 572 ἐν
1611 537 1655 587 τῇ
1688 537 1756 572 τῶν
1780 534 1999 584 Θαυμασίων
2029 538 2238 588 συναγωγῇ,

1193 591 1309 638 Πηλεῖ
1330 591 1390 629 καὶ
1406 591 1558 644 Χείρωνι
1574 591 1808 631 καταθύεσθαί
1824 608 1918 636 τινας
1943 595 1980 632 ἐν
1995 593 2160 646 Πελλήνῃ
2177 596 2240 640 τῆς

1192 648 1346 703 Θρᾴκης.
1355 673 1407 679 --
1414 654 1472 689 De
1487 653 1595 688 Morzi
1597 665 1657 688 mo
1665 653 1912 700 Syracusano,
1928 654 2109 702 Diogenis
2116 654 2239 702 cynici

1194 710 1397 758 discipulo,
1411 723 1448 746 v.
1463 711 1622 759 Diogen.
1634 711 1677 748 L.
1690 712 1754 755 VI,
1769 710 1817 746 82
1831 723 1887 759 sq.
1901 712 1921 747 J
1926 723 2013 747 oan.
2023 713 2243 749 Damaseius

1192 781 1230 816 p.
1253 772 1300 811 42
1319 768 1554 817 Appendicis
1580 768 1630 804 ad
1649 768 1756 806 Stob.
1778 769 1910 806 Floril
1932 769 1992 806 ed.
2020 769 2135 807 Gaisf.
2156 770 2243 807 Mo·-

1193 826 1565 874 nimus,Pytl1ionis
1583 825 1639 873 f.,
1677 839 1738 876 ap.
1768 828 1968 876 Phylareh.

137 896 245 932 Idem
265 896 330 940 IV,
349 893 723 943 p.141,D:M6kt2<
739 893 776 932 δέ
793 908 916 946 <mm-1.
901 893 1028 933 «Μετὰ
1041 893 1077 932 δὲ
1094 909 1132 932 ‘to
1193 886 1374 922 Athenaeo
1391 899 1428 935 p.
1448 885 1536 935 609,
1553 887 1593 923 Β,
1609 886 1740 922 Alius'
1731 899 1771 922 m
1785 899 1898 925 mser
1911 899 1972 936 ap.
1990 887 2242 925 Burckhmdt.

84 953 219 991 δεῖπνον
236 951 352 990 εἴωθεν
372 952 426 990 ἀεί
445 967 477 989 τι
497 951 594 1004 παρά
615 967 705 995 τινος
725 952 949 1002 κομίζεσθαι,
969 952 1076 991 ἐνίοτε
1097 953 1132 991 δὲ
1193 945 1326 979 Rei-5⁶7²
1348 948 1386 979 ῘῙῑ
1402 944 1537 990 Syrien
1556 945 1633 982 V01·
1652 945 1686 990 I,
1701 957 1742 994 P·
1765 946 1860 991 448,
1877 945 2055 983 laudante
2069 945 2243 983 Dmdor-

83 1011 145 1050 καὶ
169 1010 267 1065 παρὰ
287 1011 468 1058 πλειόνων,
489 1014 573 1063 παρ’
592 1012 707 1055 αὐτοῖς
727 1012 806 1049 κατ’
836 1014 928 1049 οἰκον
954 1011 1131 1063 ἠρτυμένη

85 1070 240 1121 ματτύη,
269 1070 470 1108 ὃκαλοῧσιν
502 1069 682 1108 ε’πάϊκλον.
720 1071 802 1109 'low
827 1068 862 1108 δὲ
891 1069 1131 1120 κομιζομένων

85 1129 194 1173 οὐδεὶς
209 1128 305 1167 οὐδὲν
336 1129 511 1181 ἀγοράσας
539 1128 636 1166 εἴωθε
662 1129 793 1182 φέρειν·
819 1128 897 1167 οὕτε
922 1129 989 1182 γὰρ
1009 1130 1133 1176 ἡδονῆς

83 1188 154 1227 οὔτ’
182 1186 354 1239 ἀκρασίας
378 1187 526 1238 γαστρὸς
556 1186 693 1225 οὕνεκεν
717 1187 932 1238 κομίζουσιν,
956 1187 1046 1225 ἀλλὰ
1072 1191 1133 1236 τῆς

84 1249 196 1286 αὑτῶν
216 1248 340 1298 ἀρετῆς
361 1245 535 1290 ἀπόδειξιν
551 1248 613 1292 τῆς
627 1245 724 1293 κατὰ
744 1245 807 1292 τὴν
829 1245 937 1298 θήραν
963 1246 1133 1297 ποιούμε-

82 1322 148 1344 νοι.
171 1305 303 1345 Πολλοὶ
332 1306 368 1342 δὲ
391 1306 450 1344 καὶ
477 1304 611 1355 ποίμνι’
639 1305 753 1342 αὐτῶν
778 1304 958 1358 τρέφοντες
981 1305 1135 1357 ἀφθόνως

85 1363 311 1415 μεταδιδόασι
328 1365 396 1401 τῶν
421 1364 584 1415 ἐκγόνων.
604 1361 711 1402 Ἔστι
733 1363 761 1401 δ’
782 1366 803 1409 ἡ
827 1363 965 1414 ματτύη
984 1364 1133 1417 φάτται,

82 1426 206 1475 χῆιες,
245 1422 424 1476 τρυγόνες,
455 1421 600 1474 κίχλαι,
632 1420 822 1474 κόσσυφοι,
849 1420 971 1473 λαγὼ,
1011 1421 1133 1474 ἄρνες,

12 1504 14 1506 ·
84 1482 208 1535 ἔριφοι.
224 1483 270 1521 Οἱ
286 1480 322 1519 δὲ
340 1481 501 1533 μάγειροι
519 1479 731 1530 σημαίνουσι
747 1478 825 1522 τοὺς
844 1479 897 1517 ἀεί
917 1495 950 1517 τι
967 1480 1132 1530 κομίζον-

83 1557 144 1585 τας
163 1543 210 1584 εἷς
231 1539 353 1591 μέσον,
376 1539 432 1577 ἵνα
456 1539 581 1582 πάντες
608 1538 708 1577 ἴδωσι
730 1537 793 1584 τὴν
824 1540 884 1585 τ’ῆς
905 1539 1011 1592 θήρας
1033 1541 1133 1592 φιλο-

83 1599 204 1639 πονίαν
224 1599 283 1636 καὶ
304 1598 366 1645 τὴν
383 1600 430 1642 εἰς
451 1597 573 1642 αὐτοὺς
593 1597 765 1636 ἐκτένειαν
804 1615 819 1630 υ

137 1661 246 1696 Idem
264 1661 377 1708 XIV,
404 1673 444 1709 p.
468 1659 566 1705 664,
592 1659 626 1694 D
650 1671 657 1694 :
683 1655 822 1700 Μόλπις
842 1657 870 1694 δ’
897 1659 914 1694 ὁ
942 1656 1071 1695 Λάκων
1092 1656 1136 1695 τὰ

84 1716 183 1770 παρὰ
199 1718 268 1760 τοῖς
285 1715 526 1768 Σπαρτιάταις
546 1713 728 1754 ἐπαίκλεια
746 1715 785 1767 (ὃ
804 1715 966 1766 σημαίνει
983 1715 1044 1759 τὰς
1060 1717 1135 1754 ἐπι·

85 1774 274 1826 δειπνίδας)
294 1774 450 1824 ματτύας
468 1775 552 1827 φησὶ
573 1773 734 1823 λέγεσθαι
754 1774 852 1826 παρὰ
870 1777 941 1818 τοῖς
965 1774 1094 1818 ἄλλοις.

138 1837 243 1872 Alios
270 1836 397 1880 viros,
435 1836 574 1884 quibus
603 1835 783 1883 Molpidis
809 1848 970 1880 nomen,
1001 1848 1037 1870 v.
1071 1847 1133 1883 ap.

85 1896 207 1931 TzetZ.
230 1894 278 1930 ad
298 1895 390 1941 Lyc.
420 1893 511 1941 159,
530 1895 760 1941 Harpocrat.
785 1906 814 1928 5.
835 1906 872 1928 v.
896 1894 1136 1943 Athenaeum,

84 1967 125 2002 p.
156 1951 244 2001 156,
265 1954 319 1997 D;
342 1953 473 1990 Galen.
496 1953 573 1987 vol.
594 1954 640 1997 V,
661 1965 702 2000 p.
727 1951 818 1988 653.

432 2149 795 2208 MONIMUS.

302 2268 609 2307 ΘΑΥΜΑΣΙΩΝ
644 2268 927 2308 ΣΥΝΑΓΩΓΗ.

141 2359 311 2395 Clemens
340 2359 447 2395 Alex,
478 2359 605 2395 Protr.
629 2371 663 2393 c.
699 2357 741 2403 3,
760 2370 799 2406 p.
823 2371 890 2403 12,
924 2358 972 2395 33
1001 2358 1107 2406 Sylb.
1133 2371 1142 2394 ε

89 2416 246 2466 Μόνιμος
266 2417 294 2453 δ’
311 2417 441 2467 ἱστορεῖ
459 2416 493 2452 ἐν
505 2418 547 2467 τῇ
565 2417 632 2452 τῶν
649 2414 869 2465 Θαυμασίων
886 2418 1092 2468 συναγωγῇ,
1111 2416 1145 2453 ἐν

90 2527 220 2568 copidas
243 2526 366 2558 dicunt.
394 2526 451 2557 Est
472 2534 549 2557 vero
565 2527 655 2566 copis
675 2534 783 2566 coena,
810 2525 901 2565 cujus
927 2526 1047 2558 fercula
1068 2528 1144 2559 sunt

90 2587 199 2619 maza,
216 2580 317 2620 panis,
335 2586 429 2617 caro,
446 2577 517 2609 olus
531 2577 666 2609 crudum
679 2601 688 2616 ,
703 2577 773 2617 jus,
798 2577 897 2618 ficus,
919 2580 1078 2619 tragema,
1093 2579 1142 2610 lu·

91 2631 195 2672 pinus.
213 2644 228 2658 »

600 2685 634 2716 2.

105 2768 112 2774 -
133 2747 247 2788 Molpis
264 2747 375 2779 scribit
391 2748 545 2786 matlyen
561 2745 657 2778 etiam
672 2745 824 2786 appellari
839 2745 892 2777 illa
909 2746 1040 2786 epaiela.

602 2801 636 2833 3.

134 2856 248 2896 Molpis
261 2855 306 2887 ait
325 2869 331 2887 :
349 2869 364 2883 «ι
384 2857 458 2888 Post
477 2863 601 2887 coenam
611 2855 719 2887 autem
733 2854 814 2887 solet
829 2862 954 2895 semper
969 2854 1088 2895 aliquid
1104 2855 1145 2886 ab

94 2909 202 2949 aliquo
228 2908 383 2947 conferri,
409 2916 643 2948 nonnunquam
673 2907 771 2939 etiam
799 2915 819 2938 a
836 2906 1000 2947 pluribus,
1028 2907 1145 2939 laut10r

94 2960 226 3001 quidam
239 2959 330 2992 cibus
346 2959 433 2991 domi
446 2959 531 2999 apud
546 2959 629 3000 ipsos
642 2961 789 2999 paratus,
806 2958 892 2999 quod
912 2958 1070 2999 epaiclon
1085 2968 1145 2990 vo-

95 3012 181 3044 eant.
197 3013 298 3044 Nemo
311 3012 418 3043 autem
433 3010 553 3051 aliquid
564 3019 581 3042 a
594 3019 629 3042 se
642 3011 787 3051 emptum
803 3010 884 3043 solet
899 3010 1045 3042 conferre
1062 3023 1069 3042 :
1086 3019 1145 3043 nec

95 3064 182 3096 enim
202 3063 375 3103 voluptatis
393 3064 449 3094 aut
462 3063 545 3102 guloe
563 3070 658 3094 causa
676 3062 864 3102 conferunt,
886 3061 940 3094 sed
955 3071 1022 3094 suae
1038 3062 1071 3094 in
1086 3071 1145 3095 ve-

95 3115 203 3148 nando
227 3115 356 3147 virtutis
374 3114 605 3146 documentum
630 3115 797 3155 prolaturi.
820 3116 903 3148 Sunt
918 3116 1015 3148 etiam
1035 3124 1074 3147 ex
1097 3115 1146 3148 his

98 3167 210 3207 multi,
226 3167 302 3207 qui,
328 3175 429 3207 quum
452 3175 560 3207 greges
575 3167 680 3205 alant,
694 3166 734 3199 de
753 3167 832 3199 soetu
849 3167 960 3199 ovium
973 3167 1146 3200 liberaliter

98 3219 335 3260 impertiuntur.
361 3220 444 3251 Sunt
465 3220 573 3251 autem
593 3219 729 3251 lautiora
751 3219 804 3251 illa
827 3220 950 3252 fercula
971 3220 1145 3261 (mattyen

98 3262 306 3313 ipsi‘vocant)
322 3270 497 3310 columbae,
521 3279 666 3310 anseres,
683 3271 844 3310 turtures,
859 3271 967 3311 turdi,
991 3272 1144 3312 merulae,

99 3324 239 3364 lepores,
257 3331 352 3362 oves,
370 3322 467 3354 hoedi.
484 3321 622 3354 Edicunt
638 3324 746 3353 autem
762 3331 886 3363 semper
902 3324 997 3364 coqui
1016 3324 1147 3356 nomina

100 3377 235 3415 horum,
262 3375 316 3415 qui
339 3374 459 3415 aliquid
484 3374 516 3405 in
542 3374 682 3405 medium
706 3375 929 3413 contulerunt,
955 3384 1020 3415 quo
1045 3375 1146 3408 sciant

100 3428 329 3461 cunetieorum
345 3428 376 3459 in
391 3428 536 3460 venando
557 3426 743 3459 industriam
761 3428 791 3458 et
810 3428 842 3458 in
857 3428 937 3467 ipsos
954 3427 1142 3460 munificen-

100 3481 190 3512 tiam.
209 3493 224 3507 »

1193 1001 1272 1038 fio'
1262 1015 1301 1038 m
1329 1003 1460 1052 Steph.
1483 1003 1591 1041 Thes.
1609 1015 1640 1041 s.
1659 1017 1696 1042 v.
1718 1001 1888 1054 Μόνιμος.

1195 1269 1677 1330 MYRONIANUS
1698 1269 2240 1330 AMASTRIANUS.

1307 1415 1507 1455 ΟΜΟΙΩΝ
1535 1416 1821 1456 ΙΣΤΟΡΙΚΩΝ
1851 1416 2127 1456 ΚΕΦΑΛΑΙΑ.

1710 1547 1745 1572 1.

1250 1622 1411 1670 Diogen.
1433 1623 1529 1668 L.1‚
1562 1626 1648 1668 114,
1669 1622 1716 1658 de
1740 1620 1959 1670 Epimenide
1982 1632 1992 1659 ε
2019 1618 2248 1671 Μυρωνιανὸς

1198 1679 1226 1716 δ’
1259 1680 1293 1716 ἐν
1320 1678 1481 1729 .Ὁμοίοις
1513 1678 1632 1731 φησὶν,
1668 1678 1721 1716 ὅτι
1754 1677 1920 1730 Κούρητα
1957 1677 2059 1716 αὐτὸν
2094 1677 2240 1716 ἐκάλουν

1199 1740 1350 1790 Κρῆτες.

1707 1826 1744 1851 2.

1210 1883 1370 1927 'Iddfis
1388 1891 1546 1935 111‚40,
1578 1890 1625 1926 de
1657 1890 1814 1926 Platone
1842 1901 1851 1927 ε
1884 1885 2114 1939 Μυρωνιανὸς
2143 1886 2173 1924 δ’
2207 1886 2244 1924 ἐν

1202 1946 1361 1998 “Ομοίοις
1393 1946 1478 2000 φησὶ
1509 1946 1656 1986 Φίλωνα
1684 1946 1873 1999 παροιμίας
1906 1943 2133 1997 μνημονεύειν
2166 1944 2248 1996 περὶ

1199 2008 1268 2044 τῶν
1300 2005 1490 2049 Πλάτωνος
1518 2007 1686 2059 φθειρῶν,
1719 2007 1765 2048 ὡς
1797 2004 1905 2048 οὕτως
1942 2006 2049 2042 αὐτοῦ
2083 2002 2247 2050 τελευτή·

1203 2079 1337 2107 σαντος.

1708 2152 1745 2191 3.

1257 2241 1364 2278 Idem
1385 2243 1452 2288 IV,
1471 2241 1510 2290 8,
1527 2241 1575 2278 de
1590 2242 1830 2277 Xenocrate:
1854 2238 1926 2278 Καὶ
1941 2237 1981 2283 δὴ
2000 2237 2059 2276 καὶ
2073 2234 2253 2288 αὐταρκέ-

1206 2314 1331 2342 στατος
1361 2292 1417 2346 ἦν.
1449 2298 1673 2350 Ἀλεξάνδρου
1701 2301 1783 2349 γοῦν
1813 2296 1898 2335 ποτὲ
1930 2295 2055 2347 συχνὸν
2090 2294 2252 2347 ἀργύριον

1206 2357 1474 2401 ἀποστείλαντος
1494 2358 1609 2410 αὐτῷ,
1637 2355 1832 2408 τρισχιλίας
1851 2354 2009 2398 Ἀττικὰς
2035 2353 2191 2406 ἀφελὼν,
2213 2353 2254 2391 τὸ

1205 2416 1327 2454 λοιπὸν
1341 2415 1563 2469 ἀπέπεμψεν,
1575 2414 1683 2453 εἰπὼν
1697 2413 1817 2466 ἐκείνῳ
1831 2413 1998 2452 πλειόνων
2014 2413 2082 2450 δεῖν
2093 2411 2255 2455 πλείονας

1408 2560 1731 2604 MIRABILIUM
1747 2558 2040 2617 COLLECTIQ.

1246 2660 1407 2692 Monimus
1438 2660 1471 2692 in
1505 2658 1700 2691 Mirabilium
1727 2657 1918 2690 collectione
1953 2656 2062 2688 narrat
2094 2655 2128 2687 in
2167 2654 2255 2688 Pella

1205 2713 1386 2745 Thessalica
1399 2713 1554 2745 Achaeum
1568 2711 1731 2744 hominem
1745 2710 1839 2743 Peleo
1852 2711 1884 2742 et
1898 2709 2032 2742 chironi
2052 2707 2255 2740 immolatum

1205 2773 1286 2796 esse.

1285 2861 1527 2901 SIMILIUM
1555 2859 1945 2900 HISTORICORUM
1969 2858 2172 2899 CAPITA.

1715 2957 1749 2990 1.

1248 3029 1466 3072 Epimenidem
1494 3038 1513 3061 a
1533 3027 1737 3062 Cretensibus
1761 3027 1911 3060 Curetem
1939 3026 2091 3068 appellari
2123 3026 2255 3058 solitum

1206 3083 1412 3125 Myronianus
1427 3081 1460 3113 in
1473 3080 1635 3114 Similibus
1647 3080 1760 3112 auctor
1773 3080 1833 3112 est.

1710 3157 1745 3189 2.

1247 3227 1453 3268 Myronianus
1466 3227 1498 3258 in
1513 3225 1676 3259 Similibus
1688 3225 1734 3257 ait
1747 3224 1914 3257 Philonem
1929 3223 2109 3255 meminisse
2123 3231 2254 3264 prover-

1206 3279 1250 3312 bii
1266 3279 1306 3311 de
1322 3278 1462 3312 Platonis
1481 3277 1635 3319 pediculis
1645 3302 1654 3317 ‚
1670 3277 1759 3318 quasi
1778 3277 1823 3308 sic
1837 3276 1891 3308 ille
1905 3275 2070 3308 defecerit.

1714 3351 1747 3382 3.

1248 3426 1324 3456 Erat
1338 3425 1532 3457 Xenocrates
1548 3423 1687 3455 maxime
1703 3422 1795 3462 frugi,
1807 3421 1851 3453 ita
1861 3422 1896 3453 ut
1907 3429 2006 3461 quum
2022 3420 2066 3451 illi
2076 3417 2253 3451 Alexander

1208 3485 1354 3516 maguam
1374 3475 1518 3516 pecuniae
1537 3483 1695 3508 summam
1712 3473 1865 3512 misisset,
1893 3473 2030 3513 acceptis
2053 3472 2175 3505 tantum
2198 3470 2251 3502 tri-

2007 827 2074 876 (fr.
2110 827 2174 878 18)
2203 829 2244 864 in
2287 858 2289 861 .
