2372 3704
110 268 186 301 456

108 351 210 387 haud
250 351 423 400 proxime
461 351 509 387 ad
544 351 655 388 Lesbi
686 350 882 397 historiam
926 351 1157 399 pertineant.

111 412 247 446 Verum
259 410 307 446 ad
319 411 439 446 aliena
447 409 644 458 Myrsilum
657 409 747 446 data
758 410 958 446 occasione
968 409 1160 446 aberrasse

107 481 152 504 ex
164 468 296 518 fragm.
309 483 328 515 7
347 467 430 518 (ap.
448 469 526 507 sch.
542 469 745 518 Apollon.)
764 469 969 517 colligitur.
984 468 1159 506 Ceterum

105 528 224 564 homo
262 535 392 564 noster
434 529 604 564 curiosus
632 528 790 576 quidem
818 528 858 563 in
889 528 1058 563 historiis
1085 528 1160 563 suis

106 587 343 635 multusque,
381 587 447 623 sed
477 599 606 622 rerum
637 593 702 622 aut
734 598 922 622 novarum
950 593 1015 622 aut
1045 586 1159 634 plane

106 645 364 682 abstrusarum
375 657 490 693 quam
502 657 572 693 par
585 652 667 681 erat
680 644 860 693 cupidior
874 645 983 680 fuisse
994 644 1156 681 videtur.

106 705 142 742 Is
156 705 201 740 iis
218 717 300 752 quae
321 705 367 741 de
383 705 623 753 Tyrrhenicis
643 705 803 752 Pelasgis
818 703 926 739 affert
945 703 1010 752 (fr.
1033 703 1077 752 α)
1101 703 1160 738 di-

105 775 214 799 versa
231 776 386 812 prorsus
404 764 572 807 miscuit;
589 763 736 810 ineptas
750 762 1000 810 etymologias
1017 774 1160 810 propo-

106 822 163 857 nit
182 822 229 860 fr.
251 822 272 858 3
289 830 326 858 et
347 827 366 865 4
383 835 392 866 ;
415 821 579 857 fabulam
606 822 734 856 nescio
760 820 862 856 unde
881 827 1072 868 arreptam
1093 832 1158 855 ex-

105 881 212 917 hibet
231 880 277 919 fr.
299 882 346 925 6;
365 880 480 916 anilia
495 881 709 916 hariolatur
725 879 858 928 frag'm.
881 884 916 921 l..

498 972 771 1011 ΛΕΣΒΙΑΚΑ.

617 1072 650 1097 1.

158 1138 296 1174 Strabo
314 1139 346 1186 Ι,
365 1150 402 1185 p.
420 1146 469 1173 oo
485 1151 492 1172 z
514 1134 560 1174 ‘H
570 1134 604 1172 δὲ
624 1133 791 1173 Ἀντισσα
800 1136 902 1180 ν’ῆσος
919 1127 962 1180 ἦν
976 1133 1158 1186 πρότερον,

104 1195 150 1237 ὡς
170 1193 348 1246 Μυρσίλος
364 1193 467 1246 φησί·
484 1196 546 1240 τῆς
562 1193 630 1245 [δὲ]
648 1192 784 1232 Λέσὸου
799 1191 1018 1242 καλουμένης
1033 1191 1159 1245 πρότε-

105 1267 162 1304 ρον
176 1250 300 1299 Ἴσσης
311 1282 321 1299 ,
341 1252 401 1290 καὶ
417 1252 478 1298 τὴν
493 1256 596 1299 νῆσον
612 1249 800 1291 Ἄντισσαν
813 1252 997 1290 καλεῖσθαι
1014 1250 1157 1297 συνέὸη·

103 1313 163 1347 νῦν
183 1310 219 1348 δὲ
238 1314 299 1357 τῆς
326 1310 464 1350 Λέσὸου
493 1310 591 1354 πόλις
619 1310 726 1350 ἐστίν.
750 1314 806 1348 De
828 1314 909 1347 Issa
926 1312 1079 1348 nomine
1105 1311 1153 1350 cf.

103 1371 266 1407 Diodor.
286 1374 327 1418 V,
345 1371 390 1407 81
406 1385 416 1417 3
433 1371 628 1420 Lycophr.
646 1371 746 1409 Cass.
764 1383 862 1418 2193
880 1371 1040 1418 Hesych.
1056 1378 1082 1407 t.
1103 1371 1156 1415 ΙΙ,

102 1443 140 1478 p.
173 1430 221 1476 67
237 1443 246 1475 ;
269 1431 397 1479 steph.
424 1432 511 1478 Byz.
546 1443 581 1467 ν.
611 1426 736 1474 Ἴσσα,
768 1430 834 1477 qui
859 1430 987 1465 insulae
1017 1441 1157 1465 nomen

101 1501 175 1537 pro
203 1490 357 1525 nomine
374 1490 479 1525 urbis
497 1489 621 1524 habet.
652 1488 709 1526 Cf.
735 1489 855 1525 Tzetz.
885 1487 935 1523 ad
954 1481 1047 1536 Lyc.
1079 1488 1104 1525 l.
1130 1488 1155 1525 l.

103 1549 274 1586 Eustath.
296 1548 344 1584 ad
360 1549 475 1586 Dion.
495 1549 534 1585 P.
562 1547 649 1583 536.
669 1550 713 1583 V.
735 1546 867 1583 Plehn.
886 1546 1000 1584 Lesb.
1027 1559 1067 1594 p.
1091 1546 1126 1581 3.

611 1647 648 1671 2.

154 1711 314 1758 Dionys.
332 1711 417 1746 Hal.
446 1713 490 1747 A.
513 1712 560 1749 R.
580 1712 617 1755 1,
642 1710 707 1754 23,
722 1723 762 1758 p.
787 1708 835 1758 59
856 1710 904 1745 R.
927 1719 937 1746 ε
959 1707 1006 1745 Οἱ
1026 1705 1060 1744 δὲ
1083 1708 1157 1745 Πε-

101 1766 227 1816 λασγοὶ
245 1769 377 1813 πολλῆς
397 1767 456 1805 καὶ
475 1769 606 1819 ἀγαθῆς
632 1767 752 1819 χώρας
783 1768 844 1817 (in
871 1766 1004 1815 Italia)
1022 1764 1152 1817 κρατή-

101 1841 241 1875 σαντες,
263 1825 378 1869 πόλεις
399 1842 436 1864 τε
462 1825 682 1878 προσέλαὸον
709 1825 769 1864 καὶ
789 1825 897 1868 ἄλλας
924 1823 1019 1862 αὐτοι
1044 1839 1154 1862 κατα-

101 1884 334 1927 σκευάσαντες
362 1883 518 1935 μεγάλην
536 1885 597 1923 καὶ
612 1886 758 1936 ταχεῖαν
777 1883 931 1921 ἐπίδοσιν
959 1881 1086 1920 ἔλαὸον
1103 1883 1151 1924 εἷς

102 1943 263 1995 ἀνδρείαν
282 1943 341 1981 καὶ
367 1945 516 1982 πλοῦτον
538 1960 598 1982 και
622 1942 684 1989 τὴν
707 1942 818 1989 ἄλλην
847 1941 1027 1993 εὐτυχίαν,
1049 1944 1092 1987 ἧς
1113 1956 1151 1978 ου

101 1983 247 2040 nolim*
223 2017 358 2039 ωναντο
371 2002 512 2054 χρόνον·
526 2002 602 2040 ἀλλ’
616 2001 721 2049 ἡνικα
740 2002 872 2052 μᾶλλον
887 2005 955 2043 τοῖς
972 1998 1152 2049 σύμπασιν

102 2060 216 2098 ἀνθεῖν
238 2060 395 2108 ἐδόκουν,
418 2061 606 2111 δαιμονίοις
628 2060 698 2098 τισὶ
727 2060 843 2111 χόλοις
862 2037 1152 2110 ἐλαστρηθέντες,

102 2121 133 2157 οἱ
151 2117 213 2167 μὲν
235 2118 305 2157 ὑπὸ
319 2121 387 2156 τῶν
405 2119 504 2157 θείων
523 2121 721 2170 συμφορῶν,
736 2120 767 2156 οἳ
785 2116 822 2156 δὲ
841 2116 908 2155 ὑπὸ
927 2119 995 2154 τῶν
1012 2130 1153 2167 προσοι-

99 2176 252 2215 κούντων
268 2176 454 2230 βαρὸάρων
470 2176 705 2230 ἐξεφθάρησαν
717 2192 725 2200 ·
745 2176 784 2214 τὸ
804 2174 840 2214 δὲ
859 2176 1021 2214 πλεῖστον
1037 2176 1150 2212 αὐτῶν

327 2308 392 2346 DE
412 2308 579 2347 BEBUS
610 2307 923 2347 LESBIORUM.

614 2388 641 2418 Ι.

133 2441 266 2472 'Antissa
284 2440 387 2472 insula
399 2440 522 2481 pridem
540 2440 617 2480 suit,
637 2442 672 2472 ut
687 2441 837 2480 Myrsilus
854 2441 899 2473 ait
915 2450 922 2471 :
941 2439 1026 2481 quod
1041 2440 1151 2470 autem

98 2494 168 2524 tum
184 2492 275 2524 Lesbi
300 2501 418 2523 nomen
437 2495 501 2524 issa
520 2494 622 2533 esset,
641 2493 745 2524 insula
760 2493 918 2533 appellata
937 2493 985 2524 est
1001 2491 1127 2524 Antissa
1143 2503 1151 2522 :

100 2553 186 2575 nunc
197 2553 272 2576 vero
290 2553 324 2576 ea
342 2544 419 2575 urbs
432 2546 479 2575 est
492 2544 595 2576 Lesbi.

606 2595 641 2626 2.

141 2647 258 2688 Pelasgi
273 2648 416 2687 amplum
439 2656 477 2678 ac
503 2648 641 2679 feracem
655 2656 767 2687 agrum
781 2648 879 2678 armis
906 2648 972 2679 sibi
991 2649 1150 2687 parantes,

99 2701 258 2741 urbesque
274 2702 426 2741 ceperunt
442 2702 473 2732 et
489 2701 567 2732 alias
583 2701 640 2741 ipsi
666 2701 861 2732 aedificantes
872 2724 881 2740 ,
902 2700 992 2732 brevi
1009 2700 1130 2731 viribus
1142 2724 1151 2739 ,

98 2752 234 2784 fortunis
253 2754 285 2783 et
303 2753 415 2784 ceteris
430 2752 588 2784 felicitatis
602 2752 746 2793 partibus
759 2752 852 2784 valde
865 2754 940 2784 sunt
953 2752 1051 2791 aucti,
1067 2751 1153 2784 unde

98 2807 205 2836 tamen
216 2804 338 2835 fructus
354 2813 417 2836 non
431 2803 485 2835 diu
505 2806 725 2844 perceperunt.
749 2803 811 2836 Sed
823 2813 924 2844 quum
942 2803 1082 2835 maxime
1101 2813 1150 2835 re-

98 2856 159 2888 bus
173 2855 323 2887 omnibus
336 2855 448 2887 florere
460 2855 657 2895 viderentur,
673 2855 812 2896 quadam
824 2855 922 2887 divini
945 2855 1087 2887 numinis
1106 2855 1152 2886 ira

97 2909 248 2949 exagitati
263 2909 379 2948 partim
390 2908 534 2940 cladibus
544 2909 698 2942 divinitus
709 2909 859 2941 immissis
875 2909 989 2949 partim
1004 2917 1022 2940 a
1041 2908 1151 2940 vicinis

97 2961 240 2992 barbaris
258 2961 353 2992 deleti
366 2962 538 3000 perierunt.
555 2962 694 2993 Maxima
717 2965 823 2993 tamen
843 2962 984 3002 ipsorum
999 2971 1071 3001 pars
1096 2970 1152 3002 per

97 3013 232 3045 Graeciae
256 3020 295 3044 ac
317 3012 528 3044 barbarorum
556 3014 698 3053 regiones
717 3023 827 3045 rursus
855 3015 903 3045 est
925 3013 1075 3054 dispersa.
1105 3016 1151 3045 De

97 3064 216 3104 quibus
233 3064 258 3096 si
273 3066 422 3095 accurate
437 3064 574 3096 scribere
587 3065 702 3096 vellem
716 3090 724 3103 ‚
740 3065 870 3105 longum
887 3067 979 3096 osset.
1000 3065 1046 3097 Ab
1067 3065 1147 3096 Abo-

98 3116 234 3155 riginum
252 3115 450 3155 providentia
476 3116 568 3155 pauci
594 3116 625 3147 in
654 3117 742 3147 ltalia
762 3118 960 3148 manserunt.
990 3117 1147 3148 Malorum

97 3168 205 3208 igitur,
218 3177 292 3209 quoe
303 3168 437 3199 familias
454 3167 640 3199 desolabant
651 3193 659 3207 ‚
676 3169 836 3209 prmcipua
854 3174 950 3200 causa
964 3169 1149 3201 civitatibus

97 3220 267 3252 videbatur
288 3220 354 3260 ipsa
371 3221 531 3259 sterilitas,
547 3229 619 3260 quae
637 3230 727 3260 agros
739 3223 899 3260 vastarat,
925 3221 1011 3261 quod
1032 3231 1091 3253 nee
1114 3222 1146 3253 in

97 3273 264 3304 arboribus
279 3273 336 3304 ulli
353 3273 476 3304 fructus
490 3282 591 3313 usque
603 3273 643 3304 ad
660 3274 878 3304 maturitatem
901 3274 1079 3313 lias-rerem,
1093 3273 1147 3306 sed

97 3325 203 3356 acerbi
216 3324 418 3363 deciderent,
433 3333 491 3356 nec
505 3325 568 3356 ulla
579 3325 699 3356 semina
709 3349 717 3364 ,
732 3334 805 3365 qufe
817 3335 945 3365 germen
959 3326 1147 3365 emisissent,

96 3378 131 3409 et
151 3376 513 3416 florerent,legitimum
539 3378 665 3416 tempus
691 3377 878 3416 implerent,
898 3380 930 3408 et
959 3377 998 3409 ad
1025 3377 1146 3417 justam

97 3428 259 3468 spicarum
275 3427 529 3468 magnitudinem
549 3428 769 3468 pervenirent;
788 3438 847 3460 nee
861 3431 966 3468 pecori
990 3429 1149 3461 sufficeret

98 3479 275 3520 pabulum,
297 3479 385 3522 quod
406 3481 491 3513 terra
517 3479 712 3522 producebat
731 3494 737 3512 :
766 3480 910 3521 adeoque
926 3490 1019 3522 aquae
1033 3481 1149 3522 partim

893 260 1118 313 MYRsiLt
1147 261 1480 302 METHYMNAEI

1221 355 1324 408 μέρος
1343 357 1390 399 εἷς
1408 354 1500 417 ²412„
1501 354 1660 396 Ἑλλάδα
1682 355 1742 394 καὶ
1763 355 1825 403 τὴν
1847 356 2024 410 βάρὸαρον
2045 352 2141 403 αυθις
2162 359 2266 398 ἐσκε-

1219 414 1344 460 δάσθη.
1368 414 1494 465 Περι“
1474 431 1522 453 ων
1541 413 1683 458 πολυς*
1665 431 1705 453 αν
1725 414 1778 462 εἴη
1797 415 1913 466 λόγος,
1941 418 1970 454 εἷ
1992 417 2183 469 βουλοίμην
2203 419 2267 466 τὴν

1220 472 1401 524 ἀκρίὸειαν
1423 473 1580 526 γράφειν.
1612 473 1753 525 Ὀλίγον
1774 473 1810 511 δὲ
1830 474 2032 524 κατέμεινεν
2053 477 2087 514 ἐν
2106 475 2263 530 Ἰταλίᾳ,

1219 532 1288 568 τῶν
1302 530 1522 584 Ἀὸοριγίνων
1535 531 1693 584 προνοίᾳ.
1713 533 1858 584 Πρωτον
1874 531 1936 583 μὲν
1951 527 2009 571 ουν
2025 549 2088 580 της
2105 536 2266 588 οἰκοφθο-

1221 587 1295 640 ρίας
1315 594 1390 632 ταῖς
1403 589 1546 627 πόλεσιν
1565 588 1676 627 ἐδόκει
1693 591 1820 643 αὐχμῷ
1834 593 1856 637 ἡ
1873 593 1918 662 γῆ
1933 592 2174 630 κακωθεῖσα”
2137 593 2266 663 ωαρξαι,

1219 646 1321 693 ἡνίκα
1341 646 1412 686 οὔτ’
1433 648 1490 685 ἐπὶ
1515 649 1587 692 τοῖς
1607 648 1760 699 δένδρεσι
1786 648 1920 701 καρπὸς
1936 651 2081 694 οὐδεὶς*
2062 653 2190 703 ωραίὀς
2207 668 2268 704 γε-

1219 705 1338 743 νέσθαι
1367 705 1552 757 διέμεινεν,
1582 705 1659 744 ἀλλ’
1691 707 1782 756 ὠμοὶ
1814 706 2000 760 κατέρρεον
2013 723 2022 732 ·
2052 707 2124 747 οὔθ’
2153 710 2266 750 ὁπόσα

1220 763 1432 815 σπερμάτων
1453 764 1579 802 ἀνέντα
1614 764 1786 816 βλαστοὺς
1806 764 1996 813 ἀνθήσειεν,
2021 765 2085 811 ἕως
2109 768 2268 840 στάχυος

1221 824 1335 873 ἀκμῆς
1362 822 1439 866 τους
1466 823 1559 861 κατὰ
1589 823 1695 873 νόμον
1720 822 1872 875 ἐπλήρου
1885 823 2054 876 χρόνους·
2085 825 2164 865 οὔτε
2195 827 2267 866 πόα

1219 881 1379 928 κτήνεσιν
1395 881 1517 935 ἐφύετο
1538 881 1700 934 διαρκής·
1716 883 1785 920 τῶν
1804 898 1841 920 τε
1858 882 2026 933 ναμάτων
2044 884 2088 922 τὰ
2107 885 2170 936 μὲν
2187 887 2267 925 οὔκ-

1220 941 1273 979 έτι
1292 941 1454 979 πίνεσθαι
1483 935 1708 979 σπουδαῖαῗ
1685 957 1747 989 ην,
1772 940 1817 979 τὰ
1837 941 1866 979 δ’
1886 942 2107 990 ὑπελίμπανε
2127 943 2267 997 θέρους,

1218 998 1263 1036 τὰ
1280 998 1309 1036 δ’
1324 1001 1370 1044 εἷς
1389 999 1486 1043 τέλος
1503 999 1752 1041 ἀπεσὸέννυτο.
1770 999 1918 1053 Ἀδελφὰ
1935 1001 1971 1038 δὲ
1986 999 2118 1046 τούτοις
2138 1003 2269 1054 ἐγίνετο

1221 1057 1300 1109 περί
1317 1073 1355 1096 τε
1374 1058 1562 1110 προὸάτων
1580 1058 1639 1096 καὶ
1660 1061 1832 1111 γυναικῶν
1857 1058 1972 1111 γονάς.
1998 1059 2051 1100 Ἢ
2074 1060 2143 1114 γὰρ
2162 1061 2268 1114 ἐξημ-

1220 1114 1347 1155 Ελοῧτο
1365 1117 1410 1154 τὰ
1436 1115 1596 1169 ἔμὸρυα,
1626 1115 1650 1163 ἢ
1673 1116 1766 1155 κατὰ
1793 1116 1871 1161 τοὺς
1899 1118 2019 1162 τόκους
2038 1118 2268 1173 διεφθείρετο,

1220 1173 1312 1212 ἔστιν
1335 1174 1358 1212 ἃ
1375 1175 1435 1213 καὶ
1454 1175 1516 1218 τὰς
1537 1175 1708 1228 φερούσας
1729 1176 2097 1227 συνδιαλυμηνάμενα.
2120 1180 2165 1219 Εἰ
2180 1178 2218 1218 δέ
2235 1195 2269 1218 τι

1220 1233 1380 1286 διαφύγοι
1399 1234 1458 1272 τὸν
1476 1236 1514 1272 ἐκ
1527 1236 1595 1272 τῶν
1610 1233 1743 1272 ὠδίνων
1757 1234 1956 1283 κίνδυνον]
1937 1251 2094 1289 εμπηρον
2108 1235 2130 1283 ἢ
2149 1237 2269 1282 ἀτελὲς

1219 1290 1300 1338 ἢδι’
1303 1292 1439 1354 “dnm
1468 1292 1546 1330 τινὰ
1571 1291 1682 1345 τύχην
1710 1292 1874 1346 βλαφθὲν,
1899 1293 2084 1347 τρέφεσθαι
2114 1296 2268 1349 χρηστὸν

1219 1352 1282 1389 οὐκ
1301 1355 1354 1399 ἠν.
1374 1350 1526 1390 Ἔπειτα
1546 1351 1607 1389 καὶ
1628 1351 1667 1389 τὸ
1690 1351 1777 1390 ἄλλο
1795 1353 1926 1399 πλῆθος
1939 1382 1950 1400 ,
1970 1352 2010 1391 τὸ
2031 1355 2065 1392 ἐν
2083 1355 2179 1406 ἀκμῇ
2199 1354 2268 1405 μά-

1217 1411 1342 1460 λιστα,
1370 1411 1539 1449 ἐκακοῦτο
1564 1410 1677 1454 νόσοις
1694 1410 1755 1448 καὶ
1782 1411 1941 1455 θανάτοις
1966 1410 2066 1463 παρὰ
2085 1411 2130 1449 τὰ
2149 1412 2279 1452 εικότα.

1218 1471 1369 1520 συχνοῖς.
1389 1468 1669 1519 Μαντευομένοις
1686 1468 1715 1506 δ’
1727 1470 1854 1516 αὐτοῖς,
1866 1468 1943 1507 τίνα
1956 1469 2074 1517 θεῶνῆ
2093 1470 2267 1521 δαιμόνων

1216 1527 1440 1580 παραὸάντες
1468 1527 1551 1565 τάδε
1575 1526 1774 1579 πάσχουσι,
1801 1529 1862 1564 και
1881 1527 1914 1565 τί
1942 1527 2134 1575 ποιήσασιν
2152 1529 2269 1574 αὐτοῖς

1216 1587 1379 1646 )ωφ’ῆσαι
1404 1585 1447 1623 τὰ
1466 1584 1559 1623 δεινὰ
1583 1586 1700 1632 ἐλπὶς,
1724 1588 1742 1624 ὁ
1763 1585 1837 1628 θεὸς
1862 1587 2007 1633 ἀνεῖλεν,
2033 1585 2086 1625 ὅτι
2106 1587 2268 1640 τυχόντες

1216 1647 1264 1683 ων
1277 1644 1459 1683 ἐδούλοντο
1474 1646 1539 1682 οὐκ
1559 1644 1734 1682 ἀπέδοσαν
1753 1644 1775 1682 ἃ
1792 1643 1953 1692 εὔξαντο,
1973 1645 2063 1684 ἀλλὰ
2080 1646 2267 1699 προσοφεί-

1215 1703 1325 1741 λουσι
1328 1702 1371 1740 τὰ
1391 1703 1556 1740 πλείστου
1574 1701 1732 1746 ἄξια.οἱ
1750 1701 1817 1755 γὰρ
1836 1704 2030 1755 Πελασγοὶ,
2048 1705 2192 1757 ἀφορίας
2207 1707 2267 1744 αὖ·

1215 1762 1285 1804 τοῖς
1296 1761 1485 1812 γενομένης
1501 1762 1535 1798 ἐν
1549 1763 1592 1813 τῇ
1611 1763 1657 1812 γῇ
1671 1760 1810 1798 πάντων
1831 1763 2042 1814 χρημάτων,
2064 1762 2204 1808 εὔξαντο
2219 1766 2269 1817 τῷ

1215 1819 1274 1859 Διὶ
1295 1819 1355 1857 καὶ
1372 1822 1421 1871 τῷ
1437 1818 1626 1858 Ἀπόλλωνι
1657 1821 1715 1857 καὶ
1743 1822 1814 1863 τοῖς
1838 1820 2022 1874 Καὸείροις
2053 1821 2262 1861 καταθύσειν

1216 1877 1361 1922 δεκάτας
1373 1880 1441 1916 τῶν
1455 1877 1790 1930 προσγενησομένων
1805 1878 1983 1917 ἁπάντων·
1998 1880 2217 1927 τελεσθείσης
2230 1880 2267 1919 δὲ

1215 1940 1276 1983 τ’ἧς
1290 1939 1407 1989 εὐχῆς,
1420 1936 1612 1987 ἐξελόμενοι
1624 1939 1769 1988 καρπῶν
1782 1952 1819 1975 τε
1832 1938 1891 1975 καὶ
1908 1939 2140 1990 βοσκημάτων
2155 1939 2268 1977 ἁπάν-

1214 2012 1284 2034 των
1299 1995 1338 2033 τὸ
1354 1995 1462 2046 λάχος
1473 2026 1482 2043 ,
1501 1994 1671 2033 ἐπέθυσαν
1691 1995 1759 2038 τοῖς
1775 1998 1863 2038 θεοῖς
1874 2026 1885 2046 ,
1902 1998 1948 2040 ὡς
1965 1995 2005 2043 δὴ
2026 1996 2118 2035 κατὰ
2133 1997 2264 2036 τούτων

1216 2054 1330 2106 μόνων
1345 2053 1540 2104 εὐξάμενοι.
1553 2056 1676 2093 Ταῦτα
1690 2054 1726 2094 δὲ
1742 2054 1919 2106 Μυρσίλος
1934 2057 1952 2092 ὁ
1967 2054 2114 2098 Λέσὸιος
2126 2055 2266 2108 ἱστόρηη

1213 2130 1272 2152 κεν
1289 2113 1406 2164 ὀλίγου
1418 2113 1487 2151 δεῖν
1506 2118 1576 2156 τοῖς
1594 2113 1709 2156 αὐτοῖς
1725 2113 1872 2163 ὀνόμασι
1883 2114 2026 2166 γράφων
2045 2108 2094 2159 οἷς
2109 2114 2178 2166 ἐγὼ
2193 2118 2267 2162 νῦν,

1214 2171 1306 2219 πλὴν
1325 2171 1404 2210 ὅσον
1424 2172 1463 2209 οὗ
1486 2171 1691 2222 Πελασγοὺς
1710 2173 1811 2210 καλεῖ
1830 2171 1906 2216 τοὺς
1927 2172 2146 2225 ἀνθρώπους,
2175 2172 2267 2212 ἀλλὰ

1214 2293 1277 2316 non
1290 2285 1427 2324 amplius
1439 2283 1479 2315 ad
1491 2286 1603 2324 potum
1617 2285 1721 2315 essent
1737 2283 1877 2324 idoneae,
1892 2285 2008 2324 parlim
2022 2286 2133 2317 aestate
2148 2284 2267 2318 defice-

1214 2337 1303 2376 rent,
1327 2335 1445 2376 partim
1462 2332 1568 2367 etiam'
1582 2326 1656 2367 cffm
1675 2335 1818 2367 fontibus
1842 2338 2031 2370 arescerent.
2060 2337 2147 2370 ldem
2170 2337 2266 2369 etiam

1214 2390 1337 2430 pecoris
1353 2391 1385 2421 et
1410 2389 1581 2421 mulierum
1605 2388 1734 2420 foetibus
1749 2381 1928 2421 accidebat.
1954 2392 2035 2422 Nam
2051 2391 2108 2421 aut
2127 2390 2266 2422 abortivi

1214 2443 1308 2475 soetus
1323 2442 1544 2482 ejiciebantur,
1556 2438 1620 2474 'aut
1644 2442 1676 2473 in
1696 2441 1764 2482 ipso
1791 2444 1884 2483 partu
1910 2442 2082 2474 interibant
2096 2442 2266 2475 :nonnulli

1212 2495 1308 2527 etiam
1321 2494 1495 2534 matribus,
1512 2503 1530 2525 a
1543 2493 1662 2534 quibus
1674 2493 1706 2525 in
1730 2495 1823 2526 utero
1837 2494 2033 2534 ferebantur,
2047 2494 2146 2526 exitio
2161 2496 2264 2527 erant.

1213 2546 1335 2584 Quodsi
1351 2546 1429 2586 quid
1447 2547 1558 2586 partus
1567 2545 1694 2577 dolores
1707 2554 1744 2577 ac
1757 2545 1939 2586 periculum
1952 2546 2100 2586 vitasset,
2114 2546 2265 2579 mutilum

1212 2607 1251 2631 ac
1264 2600 1489 2640 imperfectum
1502 2598 1716 2639 nascebatur3
1736 2601 1792 2631 aut
1808 2599 1870 2630 alio
1885 2599 1994 2640 aliquo
2010 2599 2087 2632 vitio
2103 2599 2256 2631 aflectum

1211 2651 1377 2691 indignum
1391 2653 1460 2683 erat
1473 2651 1560 2691 quod
1580 2651 1731 2682 aleretur.
1759 2651 1879 2683 DeInde
1894 2652 1927 2683 et
1951 2651 2074 2691 reliqua
2090 2651 2267 2686 multitudo

1213 2703 1380 2734 hominum
1391 2727 1400 2742 ‚
1415 2703 1576 2743 praecipue
1591 2702 1789 2734 adultiorum
1800 2726 1809 2742 ,
1830 2703 1927 2734 variis
1941 2711 1979 2734 ac
1996 2702 2153 2736 inusitatis
2176 2711 2265 2738 mor-

1212 2754 1329 2786 borum
1346 2756 1378 2786 et
1391 2755 1505 2786 mortis
1514 2754 1683 2794 generibus
1698 2754 1924 2786 afflictabatur.
1943 2756 2051 2792 Quum
2066 2756 2178 2789 autem
2193 2763 2266 2786 ora-

1211 2808 1319 2839 culum
1340 2807 1590 2844 consuluissent,
1615 2809 1651 2839 ut
1666 2808 1784 2839 scirent
1796 2807 1838 2839 ob
1857 2806 1949 2847 cujus
1967 2807 2018 2839 dei
2035 2809 2093 2840 aut
2109 2806 2266 2840 daemonis

1211 2859 1323 2891 offensi
1341 2859 1420 2890 iram
1438 2859 1508 2889 haee
1522 2859 1606 2890 mala
1621 2859 1681 2890 sibi
1696 2858 1899 2898 acciderent,
1913 2860 1945 2890 et
1958 2858 2077 2898 quibus
2089 2858 2265 2890 rationibus

1211 2919 1248 2942 ac
1261 2910 1409 2942 remediis
1421 2910 1535 2941 horum
1555 2910 1716 2942 malorum
1735 2909 1940 2941 atrocitatem
1959 2917 1978 2940 a
1996 2917 2031 2940 se
2045 2908 2148 2941 sedari
2173 2918 2264 2950 posse

1210 2961 1403 3002 sperandum
1417 2963 1516 3000 esset,
1540 2960 1619 2992 deus
1635 2960 1796 3000 respondit
1807 2985 1816 2998 ,
1832 2969 1885 2992 eos
1899 2960 1965 2991 voti
1983 2961 2147 3000 compotes
2162 2960 2264 2992 cactos

1210 3022 1274 3044 non
1289 3013 1476 3053 persolvisse
1492 3021 1566 3052 quoe
1589 3014 1761 3050 voverant,
1780 3012 1834 3043 sed
1849 3021 1899 3044 res
1914 3012 2005 3052 longe
2021 3012 2261 3052 pretiosissimas

1210 3064 1270 3096 diis
1283 3064 1390 3096 adhuc
1406 3064 1531 3095 debere.
1558 3065 1666 3100 Quum
1683 3064 1768 3095 enim
1795 3063 1913 3104 Pelasgi
1927 3063 1959 3094 in
1976 3072 2052 3103 agro
2071 3072 2130 3095 suo
2144 3064 2260 3096 sterili·

1209 3117 1274 3147 tate
1284 3124 1456 3155 rerumque
1469 3115 1614 3146 omnium
1626 3115 1758 3155 penuria
1767 3115 1960 3153 laborarent,
1972 3115 2058 3154 Jovi,
2070 3115 2207 3155 Apollini
2221 3116 2260 3156 (ἱ)

1208 3172 1240 3200 ot
1251 3169 1414 3201 Cabirisse
1427 3177 1535 3200 rerum
1551 3168 1710 3207 omnium,
1722 3177 1796 3208 quoe
1812 3168 1843 3199 in
1856 3169 2019 3208 posterum
2036 3170 2259 3207 nascerentur,

1208 3220 1349 3252 decimas
1363 3220 1528 3252 oblaturos
1545 3220 1712 3251 voverant.
1740 3219 1803 3252 Sed
1825 3228 1926 3260 quum
1942 3220 2009 3251 voti
2023 3219 2155 3252 fuissent
2170 3228 2260 3251 com-

1209 3275 1299 3315 potes
1320 3273 1411 3311 sacti,
1435 3274 1562 3313 frugum
1590 3273 1734 3304 omnium
1754 3273 1786 3304 et
1808 3273 1931 3312 pecoris
1951 3273 2056 3304 omnis
2081 3272 2260 3313 portionem

1208 3327 1397 3358 exemerunt
1415 3328 1448 3358 et
1471 3326 1531 3358 diis
1546 3326 1752 3365 obtulerunt,
1773 3326 1863 3366 quasi
1889 3335 1946 3366 pro
1967 3326 2042 3358 solis
2057 3326 2144 3358 hisce
2165 3326 2261 3358 rebus

1212 3380 1287 3410 vota
1295 3378 1356 3410 diis
1370 3378 1526 3410 fecissent.
1541 3378 1689 3418 Myrsilus
1698 3380 1806 3409 autem
1821 3377 1951 3410 Lesbius
1965 3378 2035 3409 naec
2052 3377 2182 3418 (iisdem
2195 3377 2260 3409 sere

1210 3430 1316 3462 verbis
1331 3429 1449 3470 quibus
1464 3438 1522 3469 ego
1538 3437 1624 3461 nunc
1648 3430 1749 3469 usus)
1772 3429 1803 3461 in
1822 3429 1953 3463 historia
1971 3438 2028 3461 sua
2050 3429 2171 3462 tradit:
2198 3429 2257 3461 nisi

1210 3482 1298 3524 quod
1314 3482 1460 3515 homines
1485 3482 1562 3515 istos
1578 3490 1644 3514 non
1659 3481 1804 3523 Pelasgos
1814 3505 1822 3520 ,
1843 3481 1896 3514 sed
1912 3481 2093 3523 Tyrrhenos
2104 3481 2255 3522 appellat.
