2372 3704
139 265 213 298 426

132 347 342 383 Alexandr.
363 346 459 382 Bibl.
487 357 525 394 p.
557 343 668 394 138).
685 394 687 396 ι
703 346 883 382 Nostrum
911 346 1179 382 Atheniensem

132 404 417 454 intellige-ndum
433 411 558 440 censet
578 404 733 441 Preller.
750 405 799 441 ad
817 405 1016 442 Polemon.
1032 417 1074 453 p.
1092 417 1179 451 1723

132 465 249 512 idque
278 464 360 499 veri
389 463 640 508 simillimum,
667 476 786 511 quum
813 463 985 510 reliqua,
1021 475 1104 511 quae
1133 475 1180 499 ex

132 522 346 559 Heliodoro
366 521 476 558 affert
490 513 690 558 Athenaeus
701 551 712 569 ‚
743 522 793 558 ad
816 522 1048 571 periegetam
1062 521 1180 570 perti-

131 589 259 618 neant.
280 583 372 618 Rem
405 588 598 617 narratam
625 581 779 617 fortasse
811 578 893 632 περὶ
910 577 1180 631 Ἐννεακρούνου

134 653 247 690 agens
257 640 495 678 memoravit.

246 745 367 783 ΠΕΡΙ
395 743 499 783 ἸῺΝ
528 742 767 782 ΑΘΗΝΗΣΙ
795 742 1066 782 ΤΡΙΠΟΔΩΝ.

640 845 674 878 7.

189 909 446 958 Harpocratio
464 919 473 946 z
491 906 502 920 ³
514 904 716 957 Ονήτωρ.
742 903 946 957 Ἰσοκράτης
965 905 999 942 ἓν
1019 905 1069 956 τῷ
1094 902 1182 955 Περὶ

132 969 194 1013 τῆς
216 965 434 1009 ἀντιδόσεως,
470 964 566 1016 Πρὸς
587 967 706 1002 τοῦτον
725 962 764 1002 ἂν
792 957 858 1001 εἷεν
887 966 918 1001 οἱ
943 961 1182 1014 γεγραμμένοι

133 1023 374 1074 Δημοσθένους
385 1022 476 1075 Περὶ
491 1025 553 1069 τῆς
570 1021 710 1069 ἐξούλης
722 1020 831 1073 λόγοι.
844 1020 930 1060 “Ort
945 1021 980 1059 δὲ
996 1023 1064 1058 τῶν
1077 1036 1183 1072 χορη-

134 1083 318 1135 γησάντων
331 1076 386 1129 ἦν,
401 1081 612 1132 Ἡλιόδωρος
631 1079 720 1131 Περὶ
731 1082 798 1117 τῶν
813 1079 976 1126 Ἀθήνησι
993 1079 1180 1131 τριπόδων.

133 1144 273 1180 Eadem
285 1142 417 1179 Suidas
428 1149 465 1177 et
477 1142 633 1176 Photius
643 1141 754 1175 missa
765 1141 958 1176 mentione
972 1139 1182 1175 Heliodori.

186 1201 371 1250 Tripodes
397 1200 586 1248 intellige,
612 1211 708 1247 quos
725 1199 892 1234 aediculis
908 1199 1106 1246 impositos
1124 1199 1184 1233 vi-

134 1267 258 1297 ctores
275 1260 455 1296 ludorum
477 1259 711 1293 musicorum
727 1257 997 1293 dedicaverant
1012 1257 1060 1292 ad
1086 1258 1184 1292 viam

132 1319 327 1367 tripodum
349 1314 493 1365 (ἔστιδὲ
513 1314 589 1358 ὁδὸς
610 1315 682 1352 ἀπὸ
721 1317 781 1352 τοῦ
817 1313 1034 1365 Πρυτανείου
1057 1315 1184 1351 καλου-

132 1375 220 1426 μένη
231 1374 417 1427 Τρίποδες,
438 1376 598 1412 Pausan.
631 1376 670 1420 I,
705 1387 768 1419 20,
799 1387 814 1410 1
829 1373 857 1423 ).
881 1376 938 1410 De
969 1374 1185 1422 tripodibus

130 1437 209 1471 istis
220 1450 255 1471 v.
277 1434 468 1471 Plutarch.
486 1435 572 1471 Nic.
597 1433 616 1469 3
629 1447 638 1479 3
653 1433 809 1471 Aristid.
835 1446 875 1478 1;
896 1434 972 1469 Vit.
989 1432 1181 1468 Andocid.

132 1496 171 1530 in
182 1496 255 1532 Vit.
273 1495 395 1531 Oratt.
414 1493 618 1537 Plutarch.;
638 1492 836 1527 Athenaeus
849 1504 887 1539 p.
908 1490 998 1536 542,
1022 1493 1062 1536 F;
1077 1492 1184 1526 Plato

134 1554 252 1601 Gorg.
281 1565 321 1601 p.
359 1556 456 1597 472,
476 1552 529 1595 Α;
551 1551 683 1598 Lysias
719 1547 841 1587 Ἀπολ.
873 1549 998 1601 δωροδ.
1020 1563 1061 1598 p.
1087 1549 1183 1597 6983

132 1612 266 1649 suidas
279 1624 316 1646 v.
332 1608 479 1658 Πύθιον;
498 1610 727 1657 Harpocrat.
743 1621 781 1645 v.
799 1606 1013 1656 Κατατομή,
1029 1609 1183 1645 Anthol.

132 1663 249 1707 Palat.
267 1670 385 1713 XIII,
403 1667 476 1712 283
495 1679 590 1715 quos
611 1668 718 1702 locos
741 1667 864 1703 debeo
884 1667 1064 1703 Boeckhio
1079 1695 1090 1716 ‚
1119 1667 1186 1715 qui

132 1729 244 1777 plura
257 1728 303 1764 de
321 1728 379 1763 his
393 1726 507 1763 docet
519 1726 559 1761 in
574 1727 615 1763 C.
640 1727 673 1763 Ι.
693 1727 729 1772 Ι,
745 1739 785 1764 n.
806 1738 850 1761 21
863 1739 896 1764 1.

577 1866 767 1880 *noo-

245 1980 710 2057 HERACLITUS
754 1979 1068 2037 LESBIUS.

188 2120 376 2168 Diogenes
388 2120 434 2156 L.
445 2118 518 2163 IX,
536 2130 551 2153 1
560 2130 597 2163 7,
614 2117 739 2152 varios
748 2116 964 2152 Heraclitos
971 2125 1185 2152 recensens:

136 2176 313 2229 Τέταρτος
345 2174 513 2221 Λέσὸιος,
543 2172 713 2226 ἱστορία
723 2189 740 2210 ν
769 2171 950 2226 γεγραφὼς
983 2172 1133 2211 Μακεδ
1145 2188 1162 2210 ο
1175 2194 1187 2200 -

135 2254 152 2276 ν
163 2254 172 2276 ι
183 2238 233 2285 κή
243 2254 275 2278 ν.

190 2299 402 2334 Heraclitus
431 2297 647 2344 Sicyonius,
674 2296 740 2343 qui
760 2292 849 2346 Περὶ
878 2292 982 2331 λίθων
1015 2295 1185 2343 scripsit,

135 2357 315 2393 laudatur
347 2369 409 2405 ap.
433 2355 681 2393 Plutarchum
699 2356 756 2390 De
776 2353 868 2390 fluv.
906 2366 940 2392 c.
980 2353 1040 2392 13.
1072 2354 1184 2389 Mitto

138 2416 374 2454 Heraclitum
388 2423 581 2451 auctorem
596 2411 781 2451 Ἀπίστων.

551 2555 769 2570 -οθῦ-

648 2753 681 2784 7.

257 2792 268 2803 ·
284 2825 351 2864 DE
370 2824 675 2864 TBIPODIBUS
698 2824 1041 2865 ATHENARUM.

185 2908 323 2940 Onetor.
357 2907 510 2938 Isocrates
536 2907 568 2938 in
588 2907 733 2939 oratione
755 2908 830 2949 Περὶ
852 2908 1050 2944 ἀντιδόσεως.
1068 2907 1188 2939 Contra

141 2961 228 2993 hunc
250 2959 482 2992 Demosthenes
506 2959 665 2999 scripserit
689 2960 851 2992 orationes
872 2961 905 2992 in
935 2961 1038 2992 causis
1053 2960 1186 2998 ἐξούλης.

143 3013 219 3046 Fuit
228 3014 335 3044 autem
349 3020 433 3042 unus
446 3020 486 3042 ex
502 3012 662 3052 choragis,
676 3014 759 3045 teste
776 3013 947 3045 Heliodoro
960 3014 993 3046 in
1009 3013 1127 3054 scripto
1142 3015 1189 3045 De

142 3066 339 3099 Athenarum
354 3063 545 3105 tripodibus.

523 3137 802 3178 MEGARICA.

646 3217 679 3249 1.

187 3278 249 3312 Alii
264 3277 408 3310 referunt
423 3276 583 3309 Ariadnen
599 3277 639 3309 ab
654 3277 760 3309 nautis
773 3279 898 3310 Naxum
911 3278 1125 3320 deportatam,
1141 3287 1189 3311 sa-

144 3330 264 3364 cerdoti
273 3329 389 3363 Bacchi
398 3330 522 3361 OEnaro
529 3329 742 3369 consuevisse,
750 3330 895 3362 relictam
906 3332 1014 3364 autem
1025 3339 1043 3363 a
1054 3331 1187 3372 Theseo,

145 3382 231 3425 quod
247 3381 343 3414 aliam
358 3381 480 3413 amaret
498 3393 506 3412 :

215 3434 304 3475 Dirus
316 3451 385 3473 eum
395 3443 519 3473 vexabat
529 3450 613 3472 arnor
628 3443 805 3479 Panopeidis
816 3443 921 3478 AEglcs.

858 254 1134 296 HERACLlTl
1164 255 1328 296 LESBII
1339 285 1350 304 ,
1381 258 1596 309 HEREAE,

1613 388 1920 446 HEREAS.

1295 505 1420 552 Etym.
1442 506 1491 541 M.
1508 518 1548 554 p.
1570 505 1663 554 436,
1680 504 1728 543 35
1753 519 1762 542 :
1781 504 1904 557 Ἡρᾶς,
1919 504 2028 554 ὄνομα
2039 504 2155 558 κύριον
2175 520 2290 557 γραμ-

1243 566 1407 612 ματικοῧ.
1435 562 1581 614 Εἴρηται
1597 563 1817 615 παρωνύμως
1837 563 1907 602 ἀπὸ
1925 566 1987 611 τῆς
2015 561 2133 616 ᾱΗρης
2162 563 2292 616 Ἡρέας

1242 620 1301 658 καὶ
1322 621 1355 657 ἐν
1370 617 1573 672 συναιρέσαι
1591 620 1714 672 Ἥρᾶς.
1736 625 1885 659 Nomen
1905 621 2036 674 Ἡρέας
2054 637 2142 660 cum
2159 625 2292 660 simili-

1241 680 1313 716 bus
1326 688 1514 716 memorat
1540 675 1652 717 etiam
1666 682 1873 718 Herodian.
1904 682 1953 718 Π.
1978 695 2055 730 μον.
2075 679 2133 725 λέξ
2156 695 2195 731 p.
2219 682 2287 729 34,

1247 751 1309 777 12.
1330 741 1448 775 Heras
1467 740 1678 788 Cappadox
1703 740 1872 776 medicus
1898 753 1993 789 saepe
2018 741 2198 777 laudatur
2225 752 2288 790 ap.

1242 799 1442 835 Galenum.
1473 798 1610 834 Noster
1626 796 1813 848 Μεγαρικὰ
1844 799 2047 847 scripserit.
2074 799 2210 836 Nescio
2241 810 2291 834 an

1243 855 1345 891 idem
1365 857 1412 891 sit
1435 869 1521 892 cum
1550 858 1746 905 Hesagora
1766 857 1845 892 sive
1877 858 2074 907 Heragora
2086 869 2151 908 ap.
2171 857 2292 895 schol.

1244 915 1424 964 Apollon.
1451 913 1517 964 (fr.
1537 919 1557 958 4
1572 913 1599 966 ).

1627 1008 1907 1048 ΜΕΓΑΡΙΚΑ.

1752 1104 1786 1127 1.

1298 1161 1490 1196 Plutarch.
1514 1161 1623 1196 Thes.
1653 1174 1685 1197 c.
1708 1173 1757 1197 2ο
1777 1174 1786 1197 :
1804 1161 1850 1199 Οἱ
1876 1158 1912 1198 δὲ
1927 1161 1974 1203 εἷς
1995 1158 2109 1204 Νάξον
2122 1159 2188 1197 ὑπὸ
2207 1174 2296 1198 ναυ-

1246 1218 1314 1254 τῶν
1335 1221 1560 1268 κομισθεῖσαν
1577 1218 1799 1271 (Ἀριάδνην)
1814 1218 1956 1271 Οἰνάρῳ
1974 1221 2024 1270 τῷ
2036 1220 2120 1271 ἱερεῖ
2135 1221 2194 1256 τοῦ
2210 1219 2296 1256 Διο-

1249 1274 1352 1314 νύσου
1381 1276 1567 1328 συνοικεῖν,
1584 1277 1836 1330 ἀπολειφθῆναι
1852 1276 1889 1315 δὲ
1905 1280 1974 1315 -τοῧ
1990 1276 2138 1324 Θησέως
2152 1271 2297 1330 ἐρῶντος

1247 1332 1381 1385 ἑτέρας·

1330 1421 1435 1457 Δεινὸς
1453 1420 1512 1461 γάρ
1529 1432 1580 1462 μιν
1594 1421 1704 1462 ἔτειρεν
1721 1421 1797 1463 ἔρως
1813 1422 2011 1460 Πανοπηΐδος
2025 1421 2148 1463 Αἴγλης.

1246 1498 1359 1536 Τοῦτο
1378 1496 1445 1549 γὰρ
1467 1496 1506 1534 τὸ
1526 1496 1606 1541 ἔπος
1630 1499 1668 1535 ἐκ
1682 1500 1751 1535 τῶν
1767 1497 1931 1537 ἹΙσιόδου
1958 1497 2211 1550 Πεισίστρατον
2231 1496 2294 1542 ἔξει

1247 1555 1319 1592 λεῒν
1339 1570 1442 1608 φησιν
1460 1554 1588 1607 Ἡρέας
1608 1558 1625 1592 ὁ
1647 1556 1848 1608 Μεγαρεύς·
1862 1554 1982 1608 ὥσπερ
1999 1550 2044 1594 αὖ
2062 1555 2169 1594 πάλιν
2187 1555 2297 1606 ἐμὸα-

1247 1615 1318 1652 λεῖν
1332 1615 1377 1657 εἷς
1396 1613 1459 1663 τὴν
1474 1613 1632 1664 Ὁμήρου
1648 1614 1785 1652 νεκυίαν
1804 1614 1843 1653 τὸ

1325 1707 1453 1747 Θησέα,
1468 1708 1628 1749 Πειρίθοόν
1641 1719 1674 1740 τε
1684 1732 1693 1748 ,
1705 1709 1782 1740 θεῶν
1800 1707 1972 1750 ἀριδείκετα
1988 1708 2097 1748 τέκνα,

1247 1784 1475 1838 χαριζόμενον
1488 1785 1694 1833 Ἀθηναίοις.

1302 1845 1360 1882 Cf.
1377 1846 1572 1881 Welcker.
1591 1846 1695 1892 Cycl.
1708 1859 1747 1894 p.
1761 1844 1851 1890 380,
1867 1846 2018 1883 Miiller.
2032 1846 2129 1883 Min.
2143 1858 2183 1894 p.
2203 1849 2296 1888 204.
2361 1834 2365 1838 Α

1250 1905 1338 1940 Haee
1355 1905 1496 1940 Hereas
1515 1917 1561 1939 eo
1579 1905 1668 1939 loco
1689 1905 1869 1949 attulerit,
1882 1905 1949 1940 ubi
1961 1904 2007 1940 de
2022 1904 2193 1940 versibus
2206 1906 2297 1952 egit,

1249 1975 1341 2010 quas
1362 1963 1480 1998 Solon
1493 1989 1504 2007 ,
1526 1963 1753 1998 Salaminem
1772 1964 2033 2011 Megarensem
2059 1963 2299 1999 Atheniensi—-

1248 2021 1319 2057 bus
1335 2021 1596 2057 vindicaturus
1609 2048 1619 2066 ,
1635 2022 1677 2056 in
1694 2021 1902 2057 secundum
1921 2021 2050 2057 Iliadis
2069 2021 2210 2057 librum
2233 2022 2289 2056 in-

1249 2078 1481 2115 troduxerat.
1498 2082 1543 2117 V.
1573 2080 1768 2115 Plutarch.
1806 2080 1939 2117 Solon.
1959 2092 1994 2116 c.
2020 2092 2085 2126 10,
2105 2091 2183 2128 quo
2215 2080 2299 2128 ipso

1251 2139 1374 2188 capite
1391 2140 1534 2177 Hereas
1547 2146 1675 2175 noster
1690 2138 1880 2176 laudatur.

1757 2231 1794 2255 2.

1305 2294 1413 2330 Idem
1446 2294 1579 2331 Solon.
1619 2306 1653 2331 c.
1691 2306 1757 2339 10,
1793 2294 1861 2329 ubi
1898 2305 2023 2329 sermo
2063 2293 2110 2330 de
2151 2294 2300 2330 ratione

1250 2365 1327 2401 qua
1360 2354 1582 2389 Salaminem
1613 2353 1732 2388 Solon
1766 2352 2046 2401 Megarensibus
2077 2353 2259 2401 eripuerit
2287 2365 2295 2388 :

1248 2409 1332 2448 ’Έτι
1353 2408 1388 2446 δὲ
1422 2410 1554 2459 μᾶλλον
1576 2408 1749 2460 ἐξελέγξαι
1767 2407 1845 2453 τοὺς
1874 2407 2061 2461 Μεγαρέας
2088 2407 2296 2461 βουλόμενον

1252 2467 1422 2518 (Σόλωνά
1438 2468 1543 2520 φασι)
1561 2467 1807 2520 ἰσχυρίσασθαι
1825 2467 1984 2519 περὶτῶν
2002 2469 2144 2520 νεκρῶν,
2161 2469 2207 2511 ὡς
2235 2469 2300 2519 οὐχ

1250 2526 1286 2565 ὃν
1303 2526 1428 2578 τρόπον
1448 2529 1572 2565 ἐκεῖνοι
1590 2527 1759 2565 θάπτουσι
1777 2527 2054 2577 κεκηδευμένων,
2079 2528 2158 2566 ἀλλ’
2178 2526 2214 2565 ὃν
2237 2528 2299 2565 αὖ·

1249 2585 1316 2625 τοί.
1334 2584 1520 2624 Θάπτουσι
1538 2584 1573 2623 δὲ
1591 2586 1765 2637 Μεγαρεῖς
1774 2585 1860 2638 πρὸς
1875 2585 1921 2624 ἕω
1934 2585 2013 2630 τοὺς
2031 2585 2169 2638 νεκροὺς
2191 2584 2296 2638 στρέ-

1250 2658 1380 2697 φοντες,
1398 2643 1572 2690 Ἀθηναῖοι
1591 2643 1628 2682 δὲ
1641 2643 1727 2697 πρὸς
1745 2643 1908 2697 ἑσπέραν.
1941 2643 2070 2697 Ἡρέας
2089 2644 2124 2682 δὲ
2141 2646 2160 2682 ὁ
2174 2646 2299 2695 Μεγα-

1247 2752 1328 2782 Nam
1347 2749 1433 2781 hunc.
1445 2757 1574 2781 versum
1590 2758 1630 2780 ex
1648 2749 1775 2782 Hesiodi
1789 2749 1986 2781 carminibus
2007 2749 2205 2782 Pisistratum
2220 2749 2299 2781 sub-

1248 2801 1376 2833 duxisse
1392 2802 1510 2832 Hereas
1530 2801 1722 2841 Megarensis
1742 2802 1870 2840 narrat;
1889 2801 1972 2832 sicut
1987 2802 2100 2833 contra
2118 2800 2152 2833 in
2169 2800 2300 2834 Homeri

1248 2853 1398 2893 Necyiam
1413 2852 1425 2893 (
1441 2851 1595 2892 odysseae
1612 2852 1742 2884 librum
1761 2856 1796 2884 ιι
1811 2852 1824 2893 )
1840 2852 1946 2892 hunc,

1319 2927 1430 2956 Thesea
1440 2926 1679 2963 Pirithoumque,
1693 2926 1818 2955 illustria
1827 2926 1952 2963 pignora
1965 2925 2068 2955 divom
2077 2947 2085 2962 ,

1248 2999 1280 3031 in
1289 2997 1422 3039 gratiam
1435 2997 1675 3030 Atheniensium
1694 2996 1863 3029 infersisse.

1755 3065 1791 3097 2.

1291 3127 1449 3160 Praeterea
1459 3135 1524 3167 quo
1537 3125 1636 3166 magis
1649 3127 1849 3167 Megarenses
1861 3125 2037 3165 refelleret,
2054 3124 2152 3158 solon
2165 3125 2297 3157 eonten-

1248 3179 1308 3220 dit,
1317 3179 1472 3211 cadavera
1479 3187 1544 3210 non
1554 3178 1798 3219 Megarensium,
1806 3178 1861 3210 sed
1870 3176 2052 3210 Atheniensi
2065 3185 2154 3209 more
2164 3175 2298 3209 humata

1248 3241 1335 3272 esse;
1353 3240 1390 3263 ea
1405 3231 1536 3263 enimin
1551 3230 1732 3271 sepeliendo
1747 3230 1794 3262 illi
1810 3229 1925 3262 orienti
1946 3230 2140 3268 obvertunt,
2164 3228 2198 3261 hi
2211 3229 2297 3261 occi-

1248 3284 1348 3316 denti.
1360 3283 1397 3316 ld
1406 3285 1525 3315 Hereas
1533 3284 1563 3314 M
1567 3281 1724 3322 egarensis
1733 3282 1934 3323 impugnans,
1947 3281 2087 3312 affirmat
2099 3282 2300 3321 Megarenses

1249 3345 1314 3368 non
1327 3335 1423 3367 modo
1436 3334 1592 3366 cadavera
1602 3334 1648 3365 ita
1660 3335 1755 3365 terrm
1776 3333 1931 3372 condere,
1945 3334 1981 3364 ut
1997 3332 2038 3364 ad
2053 3340 2205 3364 occasum
2222 3331 2298 3364 solis

1249 3388 1404 3428 spectent,
1418 3386 1473 3418 sed
1480 3385 1576 3418 etiam
1586 3385 1670 3417 trina
1680 3386 1737 3417 aut
1744 3387 1899 3425 quaterna
1909 3385 1942 3417 in
1951 3393 2016 3416 uno
2029 3384 2188 3424 sepulcro,
2195 3391 2299 3424 quum

1249 3439 1362 3479 singuli
1378 3437 1584 3471 Athenienses
1599 3445 1657 3469 suo
1675 3438 1817 3468 utantur.
