2372 3704
178 251 253 289 576

174 350 238 378 σας
256 335 291 372 ἕν
310 332 443 386 ἀφασίᾳ
456 332 620 380 κατέστη.
642 335 766 373 Ταῦτα
782 335 828 378 ὡς
838 334 990 386 ἠγγέλθη
1001 338 1050 388 τῷ
1066 335 1214 388 Νέρωνι,

173 391 336 443 οὐδεμίαν
375 395 436 430 τοῦ
469 393 590 430 λοιποῦ
615 394 684 430 τῶν
711 391 827 430 ὅπλων
856 393 980 431 ἐλπίδα
1009 394 1218 442 ἐποιήσατο,

174 447 251 488 ἀλλ’
267 448 495 488 ἐδουλεύσατο
516 450 603 502 ἀμφ’
625 449 728 488 αὑτὸν
749 449 835 488 ἄλλο
856 451 994 503 πρᾶξαι.
1017 452 1090 490 Καὶ
1104 451 1218 489 ἄλλων

174 508 266 546 ἄλλα
282 507 463 559 λεγόντων,
482 508 579 551 τέλος
595 506 681 558 ἔγνω
699 507 776 552 τούς
795 523 832 545 τε
854 508 1040 560 βουλευτὰς
1055 511 1218 547 ἀποκτεῖ-

173 581 248 612 ναι,
265 566 325 604 καὶ
339 565 401 612 τὴν
418 565 517 603 πόλιν
530 569 757 618 καταπρῆσαι
776 566 920 619 νύκτωρ,
942 567 974 610 ἔς
984 583 1021 604 τε
1036 567 1098 612 τὴν
1119 567 1219 605 Ἀλε-

174 624 351 676 ξάνδρειαν
373 625 540 662 πλεῦσαι·
559 623 665 661 εἰπὼν
686 642 701 658 ιι
721 623 773 662 ὅτι
803 624 868 662 κᾶν
888 628 948 671 τῆς
977 627 1088 676 ἀρχῆς
1116 624 1221 662 ἐκπέ-

177 697 311 731 σωμεν,
332 683 371 719 τό
388 696 427 732 γε
446 681 578 733 τέχνιον
598 684 691 731 ἡμᾶς
712 681 842 733 θρέψει.
866 700 881 715 »
906 684 952 720 Οἱ
965 681 1000 719 δὲ
1015 685 1075 728 τῆς
1095 684 1221 734 βουλῆς

177 739 386 782 ἀκούσαντες
401 743 532 786 ταῦτα,
559 739 642 791 πρὸς
660 739 737 782 τοὺς
756 740 962 791 δορυφόρους
981 740 1041 778 καὶ
1061 740 1139 783 τοὺς
1156 740 1217 778 ἄλ-

173 798 270 845 λους,
303 797 336 836 οἳ
357 796 419 844 τὴν
441 797 614 849 βασίλειον
644 802 858 849 φρουροῦσιν,
883 798 989 844 αὐλὴν
1011 799 1218 849 προσδιαλε·

174 856 335 907 χθέντες,
364 855 520 894 πείθουσί
540 871 576 893 τε
604 854 725 899 αὐτοὺς
744 856 820 906 ἅμα
837 856 1014 906 γενέσθαι,
1033 857 1092 894 καὶ
1112 872 1221 906 μετα-

175 914 388 960 ποιήσασθαι
408 917 469 960 τῆς
485 913 673 964 “Ρωμαίων
694 915 926 966 ἐπικρατείας.
945 914 1090 961 Ἐπειδὴ
1111 915 1146 952 δὲ
1163 915 1221 952 καὶ

174 966 266 1010 οὗτοι
281 975 341 1018 τῆς
361 974 427 1009 τῶν
447 971 707 1023 βουλευσάντων
729 971 882 1022 ἐγένοντο
916 971 1077 1022 γνώμης,
1095 972 1220 1010 αὐτίκα

178 1029 241 1079 μὲν
257 1029 314 1067 τὸν
331 1034 390 1067 τοῦ
415 1029 649 1081 στρατοπέδου
665 1030 817 1081 ἔπαρχον
847 1030 1043 1069 Σκίπουλον
1061 1032 1220 1082 ἀναιροῦ-

175 1103 246 1125 σιν·
259 1087 466 1140 ἀφίστανται
480 1087 516 1125 δὲ
532 1091 592 1134 τῆς
605 1091 663 1124 τοῦ
684 1088 853 1139 βασιλέως
873 1095 1034 1140 φρουρᾶς.

228 1145 273 1185 Ὁ
294 1145 328 1183 δὲ
346 1145 467 1196 Νέρων
487 1149 532 1189 ὡς
548 1145 607 1183 καὶ
623 1145 688 1183 ὑπὸ
705 1149 772 1183 τῶν
788 1147 1098 1198 σωματοφυλάκων
1113 1163 1219 1185 κατε-

179 1204 303 1256 λείφθη
316 1234 327 1252 ,
348 1205 548 1242 ἀποκτεῖναι
563 1203 626 1255 μὲν
646 1205 766 1242 ἑαυτὸν
788 1207 850 1243 οὐκ
865 1205 1069 1255 ἐτόλμησεν,
1087 1205 1144 1243 ἵνα
1158 1208 1220 1253 τὴν

175 1262 343 1314 αἰσχύνην
361 1263 509 1314 κερδαίνῃ
521 1278 528 1286 ·
550 1268 666 1315 φυγεῖν
683 1262 717 1300 δὲ
733 1263 936 1316 ἐπεχείρησε
947 1293 957 1310 ,
973 1265 1140 1316 πρότερον
1159 1280 1218 1302 κε-

177 1321 409 1373 ραυνωθείσης
437 1322 541 1359 αὐτοῦ
561 1324 623 1366 τῆς
653 1321 844 1373 τραπέζης·
866 1321 994 1368 ἐσθῆτά
1029 1337 1065 1359 τε
1087 1322 1221 1374 φαύλην

175 1379 424 1429 ἐνδυσάμενος,
439 1379 497 1416 καὶ
511 1380 562 1432 ἐφ’
579 1378 685 1417 ἵππον
697 1379 792 1417 οὐδὲν
813 1379 970 1431 βελτίονα
991 1379 1136 1428 ἀναὸὰς,
1155 1396 1220 1418 κα-

174 1435 482 1487 τακεκαλυμμένος
507 1437 593 1490 πρὸς
616 1438 743 1490 χωρίον
761 1453 794 1475 τι
824 1437 974 1480 Φάωνος
1007 1438 1221 1490 Καισαρείου

177 1495 266 1546 μετὰ
286 1495 546 1548 Ἐπαφροδίτου
575 1496 635 1534 καὶ
659 1496 798 1548 Σπόρου
829 1495 1014 1547 κατέφυγε.
1034 1497 1166 1540 Νυκτὸς
1187 1496 1221 1535 δὲ

176 1553 226 1591 ἔτι
244 1550 364 1600 οὔσης,
388 1553 447 1591 καὶ
467 1555 572 1592 αὐτοῦ
592 1557 701 1591 ταῦτα
718 1554 955 1606 πράσσοντος,
976 1551 1117 1603 σεισμὸς
1136 1554 1222 1598 ἐξαί-

175 1626 246 1654 σιος
265 1613 298 1648 ἐν
322 1614 363 1664 τῇ
381 1611 507 1662 Ῥώμη
528 1611 659 1663 γέγονε
683 1612 755 1650 Και
776 1611 879 1649 αὐτὸν
905 1611 1168 1664 γνωρισθένταε
1156 1613 1222 1649 υπό

174 1685 276 1707 τινων
291 1669 466 1716 ἀποὸῆναι
487 1671 549 1720 μὲν
569 1674 628 1707 τοῦ
644 1669 756 1708 ι’ππου
775 1673 1021 1744 παραχρῆμα,
1042 1669 1075 1712 ἔς
1095 1685 1171 1707 τινα
1184 1670 1220 1707 δὲ

175 1727 322 1775 πλησίον
341 1734 556 1780 καταφυγεῖν
578 1729 788 1778 καλαμῶνα·
809 1730 843 1766 ἐν
860 1745 888 1781 ῳ
909 1727 1013 1780 μέχρι
1026 1730 1187 1766 πολλοῦ
1172 1745 1223 1780 ερ-

177 1785 356 1838 ριμμένος,
374 1786 488 1824 πάντα
517 1785 579 1835 μὲν
600 1787 771 1838 παριόντα
803 1789 1028 1836 ὑπετοπεῖτο,
1050 1791 1168 1823 πᾶσαν
1186 1786 1221 1824 δὲ

176 1843 308 1897 φωνὴν,
327 1846 372 1888 ὡς
388 1844 447 1882 καὶ
459 1846 694 1892 ἀναζητοῦσαν
711 1844 836 1896 [αὐτὸν
847 1845 905 1895 ],‘
893 1844 1075 1895 υπέτρεμε,
1088 1847 1220 1896 θρηνων

174 1918 212 1940 τε
228 1902 287 1940 καὶ
300 1903 579 1955 ὄλοφυρόμενος’
564 1919 598 1941 εν
618 1897 666 1947 οἷς
688 1906 730 1951 ἠν
759 1902 939 1955 πρότερον,
959 1918 1019 1940 και
1035 1902 1086 1940 ὅτι
1102 1904 1137 1941 ἐν
1157 1918 1219 1941 κο·-

174 1959 261 2012 πρία
278 1960 432 2013 ἔρριπτο.

225 2017 347 2070 Νέρων
362 2018 424 2068 μὲν
443 2015 500 2057 οῦν
525 2018 625 2063 αὐτὸς
635 2021 720 2071 παρ’
739 2021 852 2070 ἑαυτῷ
869 2018 1069 2070 ἐτραγῴδει,
1089 2017 1149 2056 καὶ
1160 2018 1221 2070 ὀψέ

173 2092 275 2126 ποτε,
290 2076 364 2115 ἐπεὶ
385 2077 504 2127 μηδεὶς
520 2077 622 2115 αὐτὸν
640 2077 745 2130 ἑώρα,
765 2079 932 2128 μετῆλθεν
950 2079 995 2120 εἷς
1017 2077 1056 2115 τὸ
1073 2077 1220 2123 πλησίον

173 2134 308 2186 ἄντρον,
325 2135 384 2173 καὶ
407 2135 555 2187 διψήσας
574 2136 667 2174 ἔπιεν
689 2136 794 2188 ὕδωρ.
814 2134 861 2174 ‘H
881 2135 916 2173 δὲ
935 2138 1002 2174 τῶν
1023 2135 1215 2186 Ῥωμαίων

174 2192 280 2244 βουλὴ
321 2192 485 2244 πολέμιον
519 2195 620 2232 αὐτὸν
654 2197 840 2233 ἀνειποῦσα
853 2226 863 2244 ,
887 2196 1005 2233 δοῦναι
1037 2195 1132 2238 δίκας
1153 2197 1219 2233 τῶν

172 2252 264 2289 κατὰ
297 2252 359 2298 τὴν
381 2253 493 2304 ἀρχὴν
521 2253 780 2305 ἡμαρτημένων
816 2254 946 2291 τοιόνδε
982 2253 1059 2291 τινὰ
1091 2253 1219 2305 τρόπον

173 2310 383 2363 ἐψηφίσατο·
400 2314 550 2362 ἀχθῆναι
563 2311 626 2362 μὲν
645 2311 712 2364 γὰρ
729 2315 761 2356 ἐς
774 2312 812 2350 τὸ
827 2312 1064 2364 δεσμωτήριον
1077 2311 1220 2363 γυμνὸν,

173 2369 314 2420 κεραίας
341 2369 619 2420 ἕπιὸεὸλημένης
645 2373 693 2422 τῷ
725 2371 906 2423 τραχήλῳ,
945 2370 1217 2422 προστάττεται,

174 2427 263 2476 μετὰ
280 2428 316 2465 δὲ
336 2428 480 2480 σφοδρὸν
496 2429 657 2478 αἷκισμὸν
687 2433 746 2467 τοῦ
767 2430 927 2480 σώματος
954 2431 1107 2476 ὠσθῆναι
1125 2429 1215 2467 κατά

173 2501 262 2529 τινος
281 2485 422 2538 πέτρας.
453 2485 494 2524 Ἃ
516 2487 556 2532 δὴ
577 2487 846 2538 προαισθόμενος
866 2490 884 2525 ὃ
915 2487 1051 2539 Νέρων,
1082 2487 1160 2531 τούς
1177 2503 1213 2525 τε

971 246 1187 308 ξΟΑΝΝΙΒ
1215 251 1529 291 ΑΝΤΙΟΟΠΕΝΙ

1278 341 1479 389 χωροῦντας
1499 340 1554 376 ἐπ’
1579 338 1682 376 αὐτὸν
1701 339 1927 388 καταδείσας,
1943 340 2135 392 προσέταξε
2155 346 2226 385 τοῖς
2243 356 2317 379 πα-

1281 400 1376 448 ροῦσι
1395 396 1455 434 καὶ
1474 396 1595 435 ἑαυτὸν
1615 397 1675 435 καὶ
1695 397 1836 441 ἑαυτοὺς
1852 400 2067 437 ἀποκτεῖναι.
2093 399 2196 438 Ἐπεὶ
2223 399 2260 437 δέ
2277 413 2317 450 γε

1279 456 1344 506 οὐχ
1357 454 1568 502 ὑπήκουσαν,
1584 455 1623 493 τὸ
1639 455 1702 505 μὲν
1721 456 1773 494 ὅτι
1788 458 1851 494 οὐκ
1876 457 2046 507 ἐτόλμων,
2068 457 2107 495 τὸ
2126 457 2162 495 δὲ
2188 457 2240 495 ὅτι
2254 457 2318 504 τὴν

1279 511 1390 565 ταφὴν
1405 515 1508 550 αὐτοῦ
1523 514 1814 566 προεφασίσαντο,
1833 516 1948 558 δεινῶς
1959 515 2114 566 ἀλγήσας
2128 514 2317 563 ἐστέναξεν,

1281 569 1334 607 ὅτι
1363 570 1470 620 μηδὲν
1489 572 1642 608 ἐδύνατο.
1658 571 1758 610 Μετὰ
1779 572 1814 610 δὲ
1834 577 1935 611 τοῦτο
1957 573 2013 612 τὸν
2033 574 2170 626 Σπόρον
2190 574 2317 626 βουλη·

1281 627 1349 671 θεὶς
1369 630 1570 666 ἀποκτεῖναι
1590 629 1794 682 διήμαρτεν,
1814 631 2048 683 ἀποφυγόντος
2067 631 2209 670 ἐκείνου.
2229 631 2319 671 Τότε

1281 687 1364 739 ἔφη·
1380 705 1394 721 α
1413 686 1509 738 Ἐγὼ
1528 686 1605 724 οὐδὲ
1625 688 1722 740 φίλον
1741 688 1820 726 οὐδὲ
1841 689 1964 740 ἐχθρὸν
1984 689 2072 741 ἔχω·
2094 708 2108 724 u
2135 690 2195 728 καὶ
2220 693 2320 728 τοῦτο

1282 745 1405 794 εἰπὼν,
1436 745 1558 783 ἑαυτὸν
1579 746 1764 790 ἐπάταξεν·
1796 748 2073 786 δυο-θανατοῦντα
2103 747 2139 786 δὲ
2167 750 2185 786 ὁ
2203 747 2320 788 Ἐπα-

1281 802 1437 854 φρόδιτος
1466 804 1822 856 προσκατειργάσατο.
1855 804 1928 843 Καὶ
1959 807 1976 842 ὁ
2011 804 2072 855 μὲν
2104 805 2224 857 Νέρων
2259 804 2321 856 φὺς

1282 861 1407 912 ἄριστα
1430 861 1489 899 καὶ
1503 861 1643 911 τραφεὶς
1660 861 1830 909 κάκιστα,
1850 861 1940 900 οὕτω
1956 866 2017 908 τῆς
2034 865 2144 915 ἀρχῆς
2168 863 2320 914 ἐξέπεσε,

1281 917 1311 953 λ’
1331 917 1392 968 μὲν
1413 918 1446 963 ἐξ
1464 920 1570 966 αὐτῆς
1589 921 1706 963 ὠδῖνος
1719 919 1866 971 γεγονὼς
1891 920 1972 968 ἔτη,
1993 921 2201 973 βασιλεύσας
2221 922 2257 960 δὲ
2278 916 2320 960 ιδ’

1282 977 1372 1014 δυεῖν
1390 979 1507 1026 μηνῶν
1525 977 1728 1015 ἀποδέοντα.
1754 978 1826 1016 Καὶ
1841 981 1862 1024 ἡ
1880 979 1978 1022 πόλις
1999 980 2246 1032 στεφανώμασι
2262 979 2322 1018 καὶ

1282 1035 1480 1086 δᾳδουχίαις
1509 1035 1728 1085 κεκόσμητο,
1765 1036 1871 1088 εὐχάς
1898 1053 1936 1075 τε
1956 1039 2092 1084 ἀληθεῖς
2123 1039 2183 1076 καὶ
2202 1037 2322 1090 ἑορτὰς

1283 1092 1478 1139 ἐπετέλουν,
1497 1093 1557 1131 καὶ
1576 1094 1653 1137 τούς
1667 1109 1704 1131 τε
1720 1095 1922 1141 δυνηθέντας
1941 1095 1998 1132 ἐπὶ
2012 1099 2070 1134 τοῦ
2090 1096 2254 1149 τυράννου
2265 1111 2322 1149 φο-

1282 1150 1451 1198 νεύοντες,
1468 1153 1514 1194 ὡς
1526 1151 1586 1189 καὶ
1601 1151 1701 1190 αὐτὸν
1721 1153 1848 1190 ἐκεῖνον
1861 1153 2046 1198 αἷκίζοντες
2064 1154 2246 1195 διετέλουν.

1770 1242 1833 1277 92.

1335 1298 1424 1334 Exc.
1447 1298 1559 1333 Salm.
1583 1311 1623 1346 p.
1648 1297 1722 1346 395
1743 1311 1752 1334 :
1775 1296 1897 1349 Νέρων
1917 1295 1998 1336 ἰδὼν
2012 1297 2089 1342 τοὺς
2112 1296 2321 1351 ἀναιρήσον-

1283 1368 1343 1397 τας
1368 1354 1483 1400 αὐτὸν,
1515 1355 1714 1407 παρακάλει
1741 1354 1818 1397 τους
1849 1354 2012 1400 συνόντας
2040 1357 2171 1394 ἀνελεῖν
2197 1355 2320 1394 αὐτόν·

1282 1415 1327 1456 ὡς
1345 1412 1374 1450 δ’
1393 1413 1501 1456 οὐδεὶς
1518 1413 1701 1460 ὑπήκουεν,
1715 1412 1836 1451 ἑαυτὸν
1854 1413 2079 1466 διεχρήσατο·
2092 1416 2261 1453 τελευτῶν
2285 1413 2320 1453 δὲ

1284 1469 1365 1523 ἔφη·
1384 1488 1399 1503 «
1415 1464 1466 1508 Ὠ
1483 1473 1565 1517 Ζεῦ,
1589 1465 1890 1532 οἱος(κιθαρῳδὸς)
1908 1471 2066 1523 τεχνίτης
2079 1471 2292 1522 ἀπόλλυμαι.
2305 1491 2319 1506 u

1282 1527 1367 1567 ‘'O-te
1389 1527 1425 1565 δὲ
1447 1528 1583 1580 ἐτέχθη,
1604 1533 1698 1567 εἶπον
1715 1531 1745 1567 οἵ
1763 1529 1923 1581 ἀστρολό·
1913 1546 1988 1580 γοι,
2006 1528 2060 1567 ὅτι
2076 1529 2136 1568 καὶ
2157 1529 2321 1582 βασιλεύ-

1283 1601 1336 1624 σει
1349 1585 1405 1624 ταὶ
1418 1585 1479 1633 τὴν
1498 1586 1632 1638 μητέρα
1650 1586 1822 1640 φονεύσει·
1842 1582 1882 1634 ῆν
1899 1587 1934 1626 δὲ
1953 1587 2011 1626 καὶ
2030 1587 2162 1640 λόγιον·

1365 1662 1521 1704 Ἐσχατος
1539 1664 1692 1696 Αἰνεαδῶν
1712 1663 1916 1705 μητροκτόνος
1937 1664 2151 1705 ἡγεμονεύσει.

1767 1735 1831 1784 93.

1694 1819 1903 1860 ΓΑΑΒΑΣ.

1335 1902 1426 1939 Exc.
1450 1904 1527 1939 De
1517 1915 1587 1938 ms
1610 1916 1651 1952 p.
1672 1904 1753 1940 26:
1775 1901 1861 1941 ’Ότι
1878 1904 1906 1941 l
1909 1901 2049 1946 άλὸαςό
2065 1901 2154 1952 μετὰ
2173 1902 2318 1953 Νέρωνα

1282 1959 1556 2019 θαυμαζόμενος,
1581 1960 1615 1996 ἐν
1634 1965 1703 2002 τοῖς
1723 1959 1814 1997 κατὰ
1834 1959 1895 2005 τὴν
1915 1959 2026 2029 ἀρχὴν
2046 1960 2318 2011 ἐπιτηδεύμασιν

1283 2012 1374 2062 ἔδοξέ
1389 2033 1462 2060 πως
1478 2021 1564 2055 εἶναι
1583 2017 1713 2069 τραχύς
1744 2033 1782 2055 τε
1799 2017 1858 2055 και
1886 2018 2066 2070 πρόχειρος
2091 2019 2126 2056 ἐν
2149 2034 2226 2062 ταις
2251 2020 2320 2056 τῶν

1283 2075 1578 2127 ἁμαρτανομένων
1599 2076 1865 2127 ἐπανορθώσεσι·
1882 2075 2015 2128 βραχυν
2027 2076 2094 2128 γάρ
2109 2092 2183 2114 τινα
2196 2075 2320 2129 χρόνον

1281 2137 1343 2181 τῆς
1364 2133 1549 2184 ἡγεμονίας
1559 2133 1772 2185 διατελέσας,
1790 2134 2039 2179 ἐπιδουλευθεὶς
2051 2134 2116 2174 ὑπὸ
2125 2138 2186 2173 τοῦ
2202 2134 2319 2175 Ὄθω-

1283 2208 1336 2236 νος
1347 2224 1357 2240 ,
1371 2194 1564 2244 ἀναιρεῖται
1581 2191 1672 2231 κατὰ
1693 2192 1802 2243 μέσην
1817 2192 1960 2245 ἀγοράν.

1767 2280 1814 2323 94
1836 2290 1843 2305 ²

1725 2350 1881 2390 ΟΘΩΝ.

1334 2426 1426 2464 Exc.
1449 2430 1505 2464 De
1520 2428 1607 2463 virt.
1630 2441 1670 2476 p.
1700 2427 1774 2471 814
1799 2441 1807 2463 :
1826 2424 1912 2465 ‘'Ou
1927 2426 2048 2465 Ὄθων
2072 2429 2090 2464 ὁ
2116 2425 2205 2476 μετὰ
2223 2426 2324 2466 Γάλ-

1282 2485 1346 2523 Gau
1372 2485 1579 2537 βασιλεύσας
1598 2485 1713 2535 γένους
1730 2485 1868 2535 ἀσήμου
1882 2485 1940 2523 καὶ
1951 2487 2100 2538 ἀφανοῦς
2110 2483 2171 2533 ὧν,
2185 2485 2245 2524 καὶ
2264 2485 2324 2524 τὸν

997 2597 1208 2608 xxxxx

173 2643 439 2684 Καισαρείου]
456 2652 473 2675 e
490 2645 573 2675 Dion
607 2648 667 2682 63,
688 2647 746 2683 27;
769 2645 843 2685 πρὸς
862 2645 976 2685 χωρίον
989 2656 1018 2675 τι
1032 2645 1195 2685 λεγόμενον
1209 2645 1382 2684 Καισαρίου
1397 2645 1509 2675 codex.
1527 2645 1576 2675 ef.
1600 2646 1731 2676 Sueton.
1748 2646 1840 2675 Nero.
1866 2647 1917 2676 48.
1931 2662 1972 2667 -
1989 2643 2164 2685 παριόντα]
2178 2644 2325 2686 προϊόντα

174 2690 274 2721 codex
286 2701 294 2729 ;
308 2691 362 2721 καὶ
376 2690 477 2721 πάντα
492 2692 545 2731 μὲν
567 2692 620 2723 τὸν
633 2691 771 2731 παρόντα
788 2692 958 2732 (παριόντα
973 2700 1036 2723 em.
1051 2691 1135 2731 sylb.
1151 2692 1181 2731 )‚
1197 2694 1238 2727 ὡς
1252 2692 1304 2722 καὶ
1319 2692 1363 2728 ἐφ’
1379 2691 1487 2722 ἑαυτὸν
1498 2691 1630 2729 ἥκοντα,
1645 2691 1828 2722 ὑποπτεύων
1843 2691 1914 2723 Dio.
1930 2700 1959 2723 c.
1976 2694 2027 2723 27.
2043 2708 2083 2714 —
2098 2693 2174 2723 Mox
2190 2699 2208 2723 e
2222 2691 2321 2723 Dione

175 2736 281 2767 addidi
305 2737 398 2768 αὐτὸν
412 2739 483 2777 post
504 2746 535 2768 v.
552 2737 774 2775 ἀναζητοῦσαν.
787 2756 828 2761 -
847 2738 1014 2778 ὀλοφυρό
1025 2749 1135 2777 μενος
1157 2739 1193 2768 ἐν
1215 2739 1272 2774 οῖς
1295 2739 1361 2769 κτλ.
1376 2736 1387 2777 ]
1410 2737 1476 2769 liwc
1490 2737 1573 2768 male
1589 2740 1761 2769 contracta.
1779 2738 1839 2769 Dio
1855 2748 1861 2768 :
1877 2738 1968 2773 αὐτὸς
1981 2739 2051 2769 καθ’
2066 2739 2173 2770 ἑαυτὸν
2186 2741 2224 2779 τῇ
2237 2739 2323 2779 ψυχῇ

177 2784 231 2814 καὶ
245 2783 358 2823 ἐθρήνει
374 2785 425 2814 καὶ
440 2784 612 2824 ὠλοφύρετο
626 2793 633 2800 ·
650 2785 802 2824 ἐλογίζετο
815 2785 875 2826 γὰρ
889 2785 927 2816 τά
943 2796 975 2816 τε
997 2785 1076 2815 ἄλλα
1088 2786 1142 2816 καὶ
1164 2786 1289 2825 προσέτι
1314 2786 1360 2815 ὅτι
1374 2785 1674 2825 πολυανθρωποτάτῃ
1689 2785 1764 2815 ποτὲ
1777 2784 1923 2824 θεραπείᾳ
1939 2785 2106 2824 γαυρωθεὶς
2129 2786 2206 2825 μετὰ
2230 2788 2320 2826 τριῶν

175 2830 368 2870 ἐξελευθέρων
382 2830 540 2866 ἐκύπταζε.
554 2848 595 2853 -
608 2830 704 2871 ἀχθῆ
714 2842 775 2862 ναι
792 2832 868 2862 κτλ.
883 2830 894 2871 ]
909 2839 972 2862 non
988 2831 1084 2861 habet
1098 2830 1288 2869 Xiphilinus.
1305 2830 1354 2861 Cf.
1371 2833 1501 2870 Eutrop.
1517 2844 1524 2862 z
1546 2834 1654 2868 Quum
1669 2833 1886 2872 quaereretur
1899 2831 1947 2862 ad
1957 2839 2096 2870 poenam
2110 2831 2208 2872 (quae
2219 2839 2322 2870 poena

177 2878 255 2908 erat
276 2877 356 2907 talis
370 2879 410 2907 ut
425 2877 537 2908 nudus
551 2886 611 2917 per
624 2877 802 2917 publicum
817 2877 939 2908 ductus
951 2877 1077 2916 ,furca
1093 2878 1200 2915 capiti
1214 2877 1285 2914 ejus
1300 2877 1431 2909 inserta
1442 2901 1450 2915 ‚
1467 2880 1572 2917 vii-qis
1588 2886 1695 2917 usque
1710 2877 1758 2908 ad
1771 2879 1917 2908 mortem
1933 2876 2133 2915 caederetur,
2149 2879 2253 2917 acque
2268 2879 2322 2909 ita

173 2924 452 2962 praecipz'tarecur
466 2923 506 2954 de
519 2932 603 2955 saoeo
614 2924 638 2962 )‚
653 2932 669 2954 e
682 2923 920 2963 palatio-fuya
933 2926 994 2954 etc.
1012 2924 1144 2954 Sueton.
1159 2924 1242 2953 Nero
1257 2930 1284 2953 c.
1301 2925 1356 2962 493
1370 2924 1492 2954 Victor.
1507 2925 1553 2962 V,
1569 2927 1599 2957 7.
1613 2941 1655 2946 --
1670 2923 1909 2964 βασιλεύσας
1931 2923 1971 2953 δὲ
1995 2922 2035 2953 ιδ’
2059 2923 2166 2954 δυεῖν
2193 2926 2320 2963 μηνῶν

177 2968 419 3010 ἀποδέοντα]
433 2970 524 3000 scribi
543 2970 640 3009 possit
654 2970 710 3008 ιδ’,
726 2970 755 3001 δ’
774 2973 878 3010 μηνῶν
895 2970 1077 3001 ἀποδέοντα.
1093 2972 1174 3001 Nam
1192 2973 1226 3000 13
1241 2969 1333 2999 annis
1346 2970 1573 3010 mensibusque
1586 2971 1658 3001 octo
1678 2977 1820 3007 regnasse
1836 2970 1992 3000 Neronem
2008 2967 2187 3007 xiphilinus
2199 2971 2319 3000 narrat.

177 3014 237 3045 Sed
253 3014 432 3046 accuratius
449 3017 586 3046 Zonaras
604 3017 646 3046 xl
659 3039 667 3054 ‚
688 3018 720 3046 13
738 3028 745 3046 :
762 3016 813 3052 ἐτη
829 3016 866 3055 ιγ’
881 3017 934 3047 καὶ
949 3019 1045 3056 μῆνας
1059 3015 1142 3046 ὀκτὼ
1159 3014 1243 3045 δυοῖν
1259 3013 1386 3054 ἡμέραιν
1401 3017 1535 3052 δέοντας.
1554 3016 1653 3055 quue
1667 3015 1770 3054 ipsum
1792 3014 1887 3045 etiam
1906 3014 1963 3045 Dio
1982 3013 2117 3052 dixerit,
2132 3015 2164 3045 in
2185 3023 2322 3054 eamque

175 3061 365 3092 sententiam
375 3063 481 3093 noster
492 3062 591 3100 locuS,
602 3065 626 3093 si
640 3063 795 3102 corrigere
810 3066 1031 3103 excerptorem
1042 3064 1128 3100 licet,
1147 3062 1347 3101 refingendus
1357 3063 1404 3093 est
1428 3062 1511 3093 Vitae
1522 3064 1647 3101 tempus
1662 3061 1738 3091 item
1749 3062 1887 3091 zonaras
1901 3061 2080 3092 accuratius
2089 3060 2213 3099 definit,
2228 3060 2321 3094 fuisso

176 3106 286 3138 (licens
298 3115 373 3138 ann.
386 3111 546 3143 30,‘mens.
563 3113 592 3147 5,
607 3109 731 3140 dierum
743 3114 794 3141 28.
805 3114 860 3150 Ap.
874 3109 1071 3150 Xipiiilinum
1080 3110 1194 3150 legitur
1205 3109 1257 3147 ἐτη
1267 3107 1288 3141 λ’
1303 3110 1355 3140 καὶ
1370 3112 1465 3149 μῆνας
1474 3109 1501 3147 θ;
1514 3108 1656 3139 confusae
1665 3107 1817 3138 nimirum
1828 3108 1914 3145 sunt,
1924 3109 1959 3137 ut
1972 3107 2101 3146 passim,
2111 3107 2196 3147 sigloe
2207 3106 2229 3138 θ’
2241 3109 2274 3140 et
2283 3109 2320 3139 ε’.

217 3155 270 3184 Fr.
294 3155 345 3184 92.
370 3153 566 3195 ἀπόλλυμαι]
580 3155 747 3186 ἀπόλλυται
762 3156 883 3194 codex,
902 3158 1118 3188 consentiente
1142 3155 1260 3186 Chron.
1275 3159 1377 3187 Anon.
1403 3155 1435 3186 in
1449 3157 1554 3186 cram.
1571 3158 1630 3185 An.
1655 3155 1706 3193 ΙΙ,
1724 3162 1756 3193 p.
1780 3156 1858 3191 280;
1872 3154 2041 3193 κιδαρῳδὸς
2061 3162 2173 3185 vocem
2195 3150 2320 3185 inciusi.

178 3202 292 3233 Zonar.
309 3201 373 3238 XI,
394 3204 430 3231 13
447 3213 454 3231 ;
473 3201 499 3232 ὦ
512 3203 570 3232 Ζεῦ
584 3225 593 3240 ,
615 3202 679 3237 οἷος
700 3202 839 3242 τεχνίτης
853 3203 1027 3244 ἀπόλλυμαι
1046 3202 1306 3244 (παραπόλλυμαι
1329 3201 1448 3242 Xiphil.
1469 3205 1521 3240 63,
1541 3209 1568 3232 c.
1594 3204 1668 3240 29).
1701 3202 1834 3232 sueton.
1852 3201 1936 3231 Nero
1953 3203 1992 3232 49
2012 3213 2020 3232 ι
2040 3201 2162 3238 Qualis
2179 3200 2320 3240 artifex

174 3255 288 3288 pereo.
304 3266 346 3273 —
358 3247 528 3287 ἔσχατος
544 3249 624 3279 κτλ.
637 3247 648 3288 ]
662 3257 693 3278 v.
714 3250 771 3279 Dio
785 3253 842 3287 62,
857 3258 885 3279 c.
908 3253 956 3281 18.

171 3330 182 3337 α
221 3295 272 3325 Fr.
291 3296 343 3325 93.
368 3294 403 3324 V.
419 3293 491 3324 Dio.
509 3295 624 3331 LXIV,
641 3298 731 3325 2-6,
748 3296 881 3334 Eutrop.
901 3297 979 3333 Vll,
997 3299 1034 3326 10
1051 3307 1059 3327 z
1076 3296 1187 3336 Hujzcs
1201 3296 1354 3334 (Galbae)
1371 3295 1468 3327 breve
1483 3296 1667 3334 imperium
1682 3293 1775 3333 ficit,
1791 3295 1824 3324 et
1840 3293 1932 3334 quod
1950 3293 2037 3325 bona
2060 3293 2201 3325 haberet
2215 3301 2314 3325 exor-

180 3340 258 3379 dia,
272 3342 339 3372 nisi
355 3339 403 3371 ad
418 3341 637 3371 severitatem
655 3343 855 3380 propensior
873 3342 1060 3374 videretur.
1083 3344 1223 3375 Insidiis
1242 3345 1354 3375 tamen
1375 3342 1514 3374 othonis
1528 3343 1655 3372 occisus
1676 3343 1725 3372 esc
1748 3342 1884 3380 imperil
1902 3349 2014 3371 mense
2029 3342 2188 3380 septimo,
2213 3341 2317 3380 juqu-

182 3387 277 3419 latus
294 3388 330 3417 in
342 3385 424 3425 soro
443 3387 564 3417 Romae.
582 3403 622 3411 -—
635 3396 679 3426 χρ
690 3386 799 3426 ὸνον]
814 3387 889 3427 πρὸς
905 3388 957 3417 τὸν
972 3388 1085 3418 codex.

221 3434 272 3465 Fr.
295 3434 345 3465 94.
371 3431 489 3464 Eadem
509 3432 622 3464 Suidas
638 3441 668 3463 v.
688 3432 802 3464 Ὄθων.
822 3450 861 3455 —-
886 3434 1062 3475 ἀσήμου]
1081 3436 1123 3475 μὴ
1146 3435 1269 3475 ἀσήμου
1294 3433 1448 3466 scribe-nd.
1467 3441 1533 3464 esse
1550 3430 1687 3471 videtur,
1707 3433 1855 3463 monente
1874 3431 2011 3462 Kustero
2029 3429 2067 3461 ad
2088 3429 2231 3462 suidam.
2253 3430 2316 3460 En-
