2372 3704
127 273 201 305 582

125 346 243 394 ἐπειδὴ
263 347 439 398 παρῆλθεν
455 347 500 390 εἷς
511 344 574 392 τὴν
587 345 788 397 ἡγεμονίαν,
807 344 869 392 τὴν
891 345 952 396 μὲν
971 348 1096 385 ἑαυτοῦ
1105 361 1168 385 πε·

126 406 279 458 ριουσίαν
291 405 337 449 εἴς
351 421 388 444 τε
401 407 470 443 τῶν
491 406 712 456 στρατιωτῶν
739 404 799 442 καὶ
815 406 882 442 τῶν
903 404 1010 458 φίλων
1031 404 1167 444 ἀπανά-

124 467 216 503 λωσε
227 464 374 517 δωρεάς·
395 467 446 516 τῷ
472 463 508 503 δὲ
533 462 692 517 δημοσίῳ
711 465 876 517 θησαυρῷ
892 465 1022 511 πλῆθος
1039 479 1170 503 παντο-

126 524 247 562 δαπῶν
268 523 417 562 ἀπέλιπε
435 523 629 576 χρημάτων
643 538 651 546 ·
670 521 732 569 τήν
761 538 799 560 τε
827 525 886 561 τοῦ
907 522 1082 567 Εὗσεὸοῧς
1099 523 1171 562 ἐπί-

123 584 247 629 κλησιν
261 585 394 635 πρῶτος
411 582 572 620 ἁπάντων
591 580 852 634 αὐτοκρατόρων
870 582 909 620 ἐκ
923 585 983 629 τῆς
993 585 1052 620 τοῦ
1070 582 1171 629 ἤθους

126 640 319 688 ἁπλότητος
336 639 569 691 ἀπηνέγκατο.

608 730 691 765 116.

230 829 443 866 ΜΑΡΚΟΣ
473 826 732 866 ΑΥΡΗΛῙΟΣ
758 825 1075 865 ΑΝΤΩΝΙΝΟΣ.

181 922 281 958 Ibid.
303 935 344 970 p.
363 922 435 958 821
458 935 467 956 ε
487 918 573 958 ζὈτι
595 918 741 970 Μάρκος
758 916 843 970 ἀνὴρ
864 918 900 956 ὃν
919 918 1173 965 ἐκπλήττεσθαι

126 981 242 1031 σιωπῇ
264 980 395 1028 μᾶλλον
413 977 435 1024 ἢ
454 979 605 1015 ἐπαινεῖν
623 975 751 1029 ῥᾴδιον,
762 976 895 1019 οὐδενὸς
910 977 1014 1028 λόγου
1024 979 1099 1020 ταῖς
1112 980 1172 1015 τοῦ

127 1037 247 1088 ἀνδρὸς
268 1039 406 1089 ἀρεταῖς
420 1034 653 1085 ἐξισουμένου.
668 1035 734 1074 Ἐκ
747 1036 887 1086 πρώτης
901 1034 967 1088 γὰρ
983 1035 1098 1087 [ἤδη]
1113 1038 1174 1082 τῆς

127 1095 266 1140 ἡλικίας
287 1097 436 1141 εὐσταθῆ
454 1109 491 1131 τε
518 1092 577 1131 καὶ
598 1092 744 1145 ἡσύχιον
765 1093 838 1145 βίον
867 1093 1172 1144 ὑποστησάμενος,

127 1152 204 1190 οὔτε
230 1154 322 1191 κατὰ
346 1152 419 1196 δέος
450 1151 528 1190 οὔτε
557 1151 633 1190 καθ’
655 1150 781 1198 ἡδονὴν
802 1151 946 1204 τραπεὶς
975 1151 1014 1190 τὸ
1035 1152 1174 1203 πρόσω·

125 1226 190 1248 πον
204 1210 301 1263 ὤφθη
315 1210 470 1250 πώποτε.
486 1209 634 1262 Ἐπήνει
662 1210 698 1247 δὲ
714 1212 782 1248 τῶν
799 1209 993 1264 φιλοσόφων
1013 1209 1090 1254 τοὺς
1107 1209 1175 1248 ἀπὸ

126 1272 186 1316 τῆς
200 1276 319 1313 στοᾶς·
334 1270 394 1308 καὶ
413 1264 453 1316 ἦν
475 1268 543 1321 ἄρα
564 1268 702 1306 ἐκείνων
722 1268 896 1319 μιμητὴς,
909 1270 947 1307 οὐ
965 1268 1068 1319 μόνον
1083 1268 1175 1307 κατὰ

126 1327 189 1376 τὴν
208 1331 276 1367 τῶν
302 1328 540 1379 διαιτημάτων
561 1326 793 1375 ἐπιτήδευσιν,
810 1327 901 1365 ἀλλὰ
922 1327 981 1366 καὶ
1001 1326 1092 1365 κατὰ
1112 1326 1174 1374 τὴν

126 1389 195 1425 τῶν
218 1387 435 1438 μαθημάτων
453 1387 639 1439 σύλληψιν.
664 1385 769 1425 Οὕτω
788 1389 870 1437 γοῦν
895 1387 934 1424 ἐκ
950 1385 1029 1430 νέας
1045 1387 1174 1436 κομιδῆ

126 1447 187 1490 τ’ἧς
221 1445 359 1491 ἡλικίας
384 1445 592 1496 ἐξέλαμπεν,
630 1446 676 1488 ὡς
709 1444 876 1488 πολλάκις
910 1444 968 1482 τὸν
999 1442 1175 1497 Ἀδριανὸν

128 1503 187 1540 ἐπὶ
198 1506 316 1542 τοῦτον
335 1505 497 1550 ἐθελῆσαι
511 1503 569 1541 τὸν
589 1506 651 1549 τ’ἧς
670 1502 848 1555 βασιλείας
872 1503 1014 1554 ἀγαγεῖν
1030 1504 1173 1556 κλῆρον.

129 1561 232 1600 Ἐπεὶ
247 1561 282 1599 δὲ
294 1561 421 1614 ἔφθασε
436 1561 495 1600 τὸν
510 1562 650 1608 Εὔσεὸἧ
662 1561 827 1614 πρότερον
843 1561 936 1599 κατὰ
949 1560 1053 1612 νόμον
1066 1563 1176 1600 παῖδα

130 1620 384 1670 ποιησάμενος,
418 1618 538 1672 ἐκείνῳ
571 1619 633 1670 μὲν
663 1618 724 1666 τὴν
752 1621 874 1658 ἑαυτοῦ
908 1619 1074 1673 διαδοχὴν
1096 1618 1177 1672 ἐφύ-

130 1678 230 1726 λαξε,
251 1682 369 1717 τοῦτον
399 1677 435 1716 δὲ
456 1684 624 1717 συνοικεῖν
641 1677 730 1729 ἔγνω
757 1677 812 1716 διὰ
837 1681 899 1725 τῆς
921 1678 1110 1730 ἐπιγαμίας
1127 1680 1178 1731 τῷ

131 1738 301 1784 Εὖσεὸεἴ,
321 1740 366 1781 ὡς
384 1737 425 1776 ἂν
443 1736 534 1776 κατὰ
565 1737 627 1784 τὴν
642 1741 702 1776 τοῦ
734 1737 849 1789 γένους
868 1737 1032 1790 διαδοχὴν
1059 1739 1092 1781 ἐς
1115 1738 1178 1784 τὴν

131 1796 320 1847 ἡγεμονίαν
340 1797 522 1848 παρέλθοι.
540 1796 610 1835 Τόν
628 1812 665 1834 τε
683 1800 765 1846 γοῦν
790 1797 931 1843 ἰδιώτην
955 1796 1027 1849 βίον
1046 1798 1080 1834 ἐν
1102 1797 1180 1843 ἰση-

131 1855 230 1908 γορίᾳ
245 1856 314 1899 τοῖς
333 1856 474 1898 πολλοῖς
488 1854 681 1904 (Ρωμαίοις
697 1854 796 1903 ἐδίω,
813 1854 908 1893 οὐδὲν
928 1858 972 1907 τῇ
1001 1854 1181 1902 ἐσποιήσει

131 1918 190 1952 τοῦ
214 1914 390 1966 βασιλείου
407 1914 523 1965 γένους
553 1913 764 1957 ἀλλοιωθείς.
805 1913 877 1953 Καὶ
899 1913 974 1951 ἐπεὶ
1002 1909 1180 1966 παρῆλθεν

131 1975 176 2016 εἷς
190 1972 253 2020 τὴν
265 1972 451 2025 ἡγεμονίαν
468 1971 559 2011 κατὰ
576 1971 770 2025 μοναρχίαν
784 1971 1009 2023 ἐξηγούμενος
1019 2001 1030 2022 ,
1046 1972 1106 2011 καὶ
1118 1971 1180 2019 τὴν

133 2031 244 2084 ἄκραν
269 2031 473 2070 δυναστείαν
493 2030 749 2084 καρπούμενος,
768 2031 853 2084 πρὸς
872 2030 1036 2081 οὐδεμίαν
1059 2032 1180 2075 ἀλαζο·

134 2091 227 2128 νείαν
245 2090 386 2143 ὑπήχθη
403 2089 563 2129 πώποτε·
582 2090 657 2128 ἀλλ’
680 2085 721 2137 ἦν
740 2089 927 2142 ἐλευθέριος
953 2088 1014 2140 μὲν
1040 2089 1100 2127 καὶ
1119 2090 1181 2126 δα-

137 2148 239 2203 ψιλὴς
264 2152 299 2187 ἐν
313 2150 382 2192 τοῖς
401 2148 688 2201 εὐεργετήμασιν,
711 2148 839 2199 ἀγαθὸς
855 2147 890 2187 δὲ
909 2148 968 2186 καὶ
996 2147 1131 2200 μέτριος
1145 2149 1180 2186 ἐν

137 2211 213 2252 ταῖς
229 2211 296 2247 τῶν
313 2210 415 2246 ἐθνῶν
427 2207 651 2254 διοικήσεσιν.

618 2305 706 2337 ¹17·

187 2370 276 2404 Exc.
295 2369 408 2406 Salm.
427 2381 468 2416 p.
488 2367 562 2416 396
581 2381 588 2403 :
608 2365 750 2418 Μάρκος
762 2365 823 2412 ἔτη
837 2366 893 2403 ιθ’.
907 2365 984 2417 Πρὸ
997 2368 1057 2403 τοῦ
1073 2365 1180 2417 Μάρ-

135 2440 196 2463 κου
213 2424 316 2468 Τίτος
336 2425 507 2477 Αὐρήλιος
525 2424 686 2467 Φοῦλὸος
702 2425 861 2467 Βοιώνιος
881 2424 1077 2467 Ἀντωνῖνος
1096 2426 1181 2468 [Ιῖος

917 265 1131 305 JOANNIS
1159 264 1478 304 ANTIOCHENI

1231 346 1269 395 (ὁ
1288 346 1425 394 κληθεὶς
1456 345 1636 398 Εὗσεὸὴς)
1657 346 1717 395 ἔτη
1742 349 1809 389 κδ’.
1840 348 1982 400 Μάρκος
2009 350 2218 399 Ἀντωνῖνος,
2234 353 2281 391 ἐν-

1229 405 1374 458 πολέμῳ
1401 407 1469 444 τῶν
1490 405 1666 456 δημοσίων
1697 406 1955 458 ἐξηντλημένων
1981 409 2152 459 ταμείων,
2177 409 2272 464 πρά·

1231 462 1353 508 ξασθαι
1375 463 1437 513 μὲν
1455 464 1623 516 χρήματα
1644 465 1741 517 παρὰ
1770 465 1810 504 τὸ
1840 465 1981 513 σύνηθες
2000 468 2062 506 οὔκ
2092 467 2274 521 ἠνέσχετο,

1230 521 1346 560 πάντα
1358 522 1394 560 δὲ
1409 522 1467 560 τὸν
1489 523 1668 574 βασιλικὸν
1682 523 1812 574 κόσμον
1831 524 1884 562 ἐπ’
1899 526 2026 579 ἀγορᾶς
2037 525 2177 578 ἀγαγὼν
2189 527 2275 579 πρὸς

1231 580 1371 633 χρυσίον
1395 580 1556 620 ἀπέδοτο.
1588 582 1824 630 Καταστάσης
1844 582 1880 621 δὲ
1900 586 1961 630 τῆς
1983 584 2200 638 βαρὸαρικῆς
2218 602 2270 625 κι-

1231 639 1384 686 νήσεως,
1395 640 1465 683 τοῖς
1478 639 1542 688 μὲν
1558 640 1717 678 ἑκουσίαν
1739 641 1957 692 ποιουμένοις
1975 641 2038 688 τὴν
2053 646 2121 681 τῶν
2139 646 2275 695 βασιλι·

1232 700 1302 736 κῶν
1320 700 1452 736 σκευῶν
1473 698 1649 747 ἀνάδοσιν,
1665 698 1704 737 τὸ
1724 698 1809 737 αὐτὸ
1832 701 1957 752 μέτρον
1990 703 2052 747 τ’ἥς
2070 705 2173 753 τιμῆς
2189 705 2277 742 ἀπε-

1233 756 1349 807 δίδου,
1387 755 1467 800 τοὺς
1504 756 1540 794 δὲ
1561 759 1609 806 μὴ
1641 756 1802 801 θέλοντας
1836 758 1900 796 οὐκ
1932 759 2120 810 ἠνάγκαζε.
2153 761 2279 815 Τούτῳ

1233 818 1256 862 ἡ
1277 814 1383 867 βουλὴ
1402 813 1491 865 μετὰ
1512 814 1676 861 τελευτὴν
1692 819 1842 867 χρυσοῦν
1861 817 2048 869 ἀνδριάντα
2059 818 2204 867 ἔστησεν
2220 819 2278 859 διὰ

1232 875 1295 920 τὴν
1313 872 1439 927 ἀρετὴν
1462 874 1582 914 αὐτοῦ.
1607 875 1708 913 Μετὰ
1727 874 1872 926 Μάρκον
1897 877 1916 913 ὁ
1936 875 2007 920 υἱὸς
2034 877 2140 916 αὐτοῦ
2157 877 2277 928 Κόμο·

1233 934 1289 976 δος
1309 931 1369 978 ἔτη
1397 933 1457 984 ιγ’.
1491 931 1593 972 Μετὰ
1609 931 1768 982 Κόμοδον
1789 933 1962 986 Περτίναξ
1978 937 2090 986 μῆνας
2116 936 2166 980 ς’.
2190 937 2278 977 Μεθ’

1234 989 1270 1029 ὃν
1286 989 1401 1033 Δίδιος
1420 989 1606 1034 Ἰουλιανὸς
1625 989 1758 1043 ἡμέρας
1777 990 1818 1036 ξ’.

1711 1068 1798 1107 118.

1287 1138 1379 1175 Exn.
1396 1139 1453 1174 De
1472 1138 1541 1174 ins.
1567 1149 1608 1185 p.
1628 1149 1677 1186 29
1706 1150 1715 1173 :
1733 1134 1819 1176 Ὅτι
1845 1137 2000 1181 Κάσσιος
2023 1140 2042 1176 ὁ
2063 1141 2124 1186 τῆς
2151 1139 2282 1193 Συρίας

1234 1192 1424 1244 ἡγούμενος
1435 1224 1445 1244 ,
1467 1192 1553 1246 ἀνὴρ
1566 1193 1672 1238 δεινὸς
1685 1193 1728 1232 τὰ
1745 1194 1917 1246 πολέμια,
1929 1195 2078 1234 πλεῖστά
2096 1212 2133 1235 τε
2151 1197 2211 1237 καὶ
2226 1198 2282 1237 λό-

1235 1267 1297 1303 γου
1323 1251 1402 1297 ἄξια
1427 1252 1518 1290 κατὰ
1534 1252 1592 1291 τὸν
1615 1253 1790 1305 Παρθικὸν
1813 1254 1965 1305 πόλεμον
1993 1254 2282 1307 ἀποδειξάμενος,

1237 1309 1351 1354 ἄλλως
1367 1309 1403 1348 δὲ
1422 1308 1470 1349 ὢν
1487 1310 1751 1363 νεωτεροποιὸς,
1769 1317 1989 1363 καινοτομεῖν
2019 1312 2174 1365 ἐπήρθη,
2195 1315 2279 1368 πρὸς

1237 1371 1298 1415 τῆς
1308 1368 1512 1416 Φαυστίνης
1526 1371 1587 1416 τῆς
1597 1373 1656 1407 τοῦ
1674 1369 1822 1422 Μάρκου
1841 1372 1996 1422 γαμετῆς
2015 1372 2047 1415 ἐς
2057 1371 2159 1419 τήνδε
2173 1387 2282 1424 προα-

1237 1425 1332 1479 χθεὶς
1342 1426 1405 1473 τὴν
1420 1425 1565 1467 ἔννοιαν.
1581 1425 1677 1473 Αὐτὴ
1689 1426 1756 1480 γὰρ
1770 1427 1828 1466 τὸν
1841 1427 1988 1481 Μάρκον
2006 1429 2281 1482 ἀρρωστήσαντα

1237 1484 1458 1532 τεθνήξεσθαι
1483 1485 1596 1529 ἄλλως
1616 1501 1653 1524 τε
1672 1486 1732 1524 καὶ
1751 1486 1884 1534 νοσώδη
1915 1485 1998 1526 ὄντα
2028 1488 2204 1535 οἷηθεῒσα,
2231 1488 2284 1536 μὴ

1239 1545 1286 1588 εἷς
1306 1542 1422 1596 ἕτερον
1450 1545 1697 1597 περιελθούσης
1727 1548 1789 1592 τῆς
1808 1545 1994 1598 ἡγεμονίας
2012 1547 2209 1600 ἷδιωτεύσῃ,
2223 1552 2284 1589 τοῦ

1239 1602 1403 1653 Κομόδου
1436 1601 1486 1640 ἔτι
1521 1602 1596 1641 νέου
1629 1603 1724 1647 ὄντος
1751 1604 1811 1643 καὶ
1833 1605 1951 1657 ἄρχειν
1976 1607 2038 1644 οὒκ
2063 1607 2281 1655 ἐπιτηδείου,

1239 1660 1357 1699 ἔπεισε
1374 1660 1432 1698 τὸν
1445 1659 1616 1711 Κάσσιον,
1630 1661 1743 1715 κρύφα
1753 1661 1926 1715 πέμψασα
1945 1665 2013 1701 τῶν
2034 1665 2122 1717 αὐτῇ
2150 1667 2283 1703 πιστῶν

1241 1717 1354 1766 τινὰς,
1375 1717 1554 1757 ἐπιθέσθαι
1572 1721 1614 1770 τῇ
1635 1718 1868 1772 βασιλείᾳ,ἢν
1886 1719 2118 1767 αἴσθηταιτὸν
2138 1721 2285 1775 Μάρκον

1239 1779 1410 1815 τεθνεῶτα
1423 1806 1432 1824 ,
1451 1777 1668 1824 συνοικήσειν
1690 1794 1726 1816 τε
1747 1779 1842 1832 αὐτῷ
1861 1779 1921 1817 καὶ
1935 1780 2047 1818 τᾶλλα
2069 1781 2286 1833 συμπράξειν

1241 1835 1480 1888 ὑποσχομένη.
1497 1835 1583 1883 ὁΟς,
1615 1836 1734 1889 φήμης
1752 1837 1841 1881 τινὸς
1865 1839 2009 1890 ψευδοῦς
2030 1840 2230 1886 τεθνηκέναι
2254 1842 2286 1879 οἱ

1243 1894 1448 1942 δηλωσάσης
1475 1894 1533 1932 τὸν
1553 1895 1722 1946 βασιλέα,
1749 1895 1984 1948 προεξανέστη
2014 1899 2076 1944 τῆς
2099 1897 2286 1946 ἀληθείας,

1243 1953 1336 1991 ἄκων
1353 1969 1389 1991 τε
1409 1952 1573 2004 πολέμιος
1590 1954 1742 2007 ἀνεφάνη
1757 1957 1805 2007 τῷ
1826 1955 2066 2010 αὐτοκράτορι.

1295 2012 1438 2051 Τούτων
1457 2012 1520 2063 μὲν
1537 2008 1595 2050 οὖν
1614 2011 1714 2051 ἕνεκα
1728 2015 1746 2051 ὁ
1766 2014 1911 2066 Μάρκος
1930 2013 1989 2052 τόν
1999 2030 2037 2053 τε
2058 2014 2219 2066 Κόμοδον
2248 2017 2288 2054 ἐκ

1242 2074 1304 2118 τῆς
1327 2070 1472 2121 <Ρώμης
1500 2071 1740 2124 διεπέμψατο,
1768 2071 1828 2110 καὶ
1857 2072 1914 2110 ἐπὶ
1929 2071 1992 2120 τὴν
2010 2072 2141 2127 Συρίαν
2169 2075 2208 2113 ἐκ
2229 2077 2289 2122 τῆς

1244 2130 1413 2173 Παιονίας
1433 2130 1563 2177 ἐστάλη
1576 2146 1583 2154 ·
1609 2132 1646 2168 οὐ
1666 2130 1735 2181 μὴν
1754 2129 1870 2168 ὅπλων
1888 2133 1982 2182 αὐτῷ
2001 2131 2093 2170 κατὰ
2108 2134 2177 2170 τῶν
2203 2133 2289 2171 ἐπα-

1244 2189 1444 2226 ναστάντων
1461 2188 1600 2235 ἐδέησεν
1612 2204 1621 2213 ·
1635 2191 1652 2227 ὁ
1673 2189 1739 2241 γάρ
1755 2205 1807 2228 τοι
1828 2190 1983 2234 Κάσσιος
1997 2190 2186 2244 ἀναιρεθεὶς
2205 2191 2290 2245 πρός

1244 2262 1333 2291 τινος
1358 2249 1427 2285 τῶν
1457 2248 1543 2300 ἀμφ’
1575 2247 1676 2286 αὐτὸν
1710 2247 1848 2301 ἔφθασε.
1879 2251 1968 2288 Καθ’
1987 2249 2137 2301 ἡσυχίαν
2158 2251 2189 2288 δ’
2229 2245 2287 2288 οὗν

1244 2306 1307 2352 τήν
1325 2321 1362 2344 τε
1380 2305 1511 2358 Συρίαν
1529 2306 1589 2344 καὶ
1606 2305 1783 2356 Αἴγυπτον
1803 2307 1972 2355 ἐπελθὼν,
1990 2306 2068 2345 οὔτε
2085 2309 2194 2359 δῆμον
2211 2307 2290 2347 οὔτε

1245 2364 1359 2412 πόλιν,
1376 2363 1453 2402 οὔτε
1465 2364 1605 2412 ἰδιώτην
1621 2365 1698 2404 οὔτε
1722 2365 1875 2418 ἄρχοντα
1895 2365 2143 2405 ἐσπουδακέναι
2158 2366 2202 2406 τὰ
2229 2370 2291 2406 τοῦ

1242 2423 1403 2463 Κασσίου
1419 2423 1564 2468 δόξαντα
1588 2423 1944 2476 ἐπολυπραγμόνησεν
1962 2423 1985 2471 ἢ
2002 2424 2181 2476 ἐκόλασεν,
2199 2425 2290 2464 ἀλλὰ

135 2537 233 2569 tionis
254 2537 350 2568 series
366 2538 398 2569 et
420 2546 530 2569 sensus
553 2537 658 2576 potius
674 2535 823 2576 requirit,
845 2537 882 2566 ut
901 2535 1024 2575 legatur
1045 2535 1217 2575 ἐπιτρέπειν
1236 2538 1280 2575 τῷ
1298 2536 1431 2575 βασιλεῖ.
1458 2549 1472 2563 ιι
1492 2537 1631 2568 Kttster.
1654 2537 1773 2568 Praeter
1791 2537 2023 2569 necessitatem.
2045 2538 2122 2570 Post
2137 2538 2224 2574 δίκας
2244 2537 2294 2570 ἰη·

137 2585 303 2625 terpunxi.
317 2602 360 2607 —-
375 2587 426 2625 τῷ
450 2585 488 2616 δὲ
505 2585 549 2621 δη
560 2595 593 2625 μ.
621 2585 636 2614 θ
646 2595 665 2621 η
675 2582 829 2624 σαυρῷ]
845 2586 906 2614 τῶν
929 2593 962 2614 τε
979 2583 1139 2623 δημοσίων
1165 2583 1329 2623 θησαυρῶν
1347 2583 1469 2617 Suidas.
1486 2602 1526 2610 -
1539 2583 1752 2621 ἐπίκλησιν
1779 2583 1881 2625 κτλ.]
1904 2583 2064 2622 ἐπίκλησιν
2080 2584 2116 2616 ἐκ
2128 2587 2184 2616 τοῦ
2197 2585 2290 2623 ἤθους

136 2635 258 2673 πρῶτος
273 2631 469 2671 ἀπηνέγκατο
485 2631 609 2663 suidas.

178 2681 231 2711 Fr.
255 2682 325 2710 116.
348 2679 473 2710 Eadem
492 2678 605 2710 suidas
622 2686 653 2709 v.
670 2676 807 2718 Μάρκος.
828 2676 1002 2716 Eutropius
1023 2677 1096 2708 Vll!
1108 2699 1117 2713 ‚
1133 2680 1151 2707 6
1178 2685 1184 2706 :
1212 2678 1295 2708 Post
1309 2684 1386 2708 eum
1401 2678 1542 2708 Marcus
1558 2678 1754 2709 Antoninus
1770 2677 1865 2708 solus
1881 2677 2132 2718 rempublicam
2150 2679 2266 2711 tenuit
2279 2688 2290 2709 .·

139 2727 196 2758 vir
213 2733 314 2766 quem
327 2727 454 2757 mirari
462 2725 616 2764 facilius
630 2726 707 2765 quis
720 2732 826 2764 quam
842 2723 990 2755 laudare
1005 2724 1121 2764 possit.
1139 2724 1320 2763 Principio
1333 2725 1412 2755 vitoe
1427 2724 1742 2764 tranquillissimus
1754 2747 1763 2762 ,
1779 2723 1865 2755 adeo
1878 2726 1918 2756 ut
1930 2733 1973 2756 ex
1983 2724 2140 2764 infantia
2159 2733 2295 2766 quoque

138 2772 277 2804 vultum
294 2779 354 2803 nec
371 2780 415 2803 ex
432 2771 560 2811 qaudio
575 2779 634 2803 nec
651 2779 695 2802 ex
719 2778 863 2801 maerore
879 2771 1044 2801 mutaret.
1059 2768 1290 2809 Philosophi-‘e
1304 2769 1446 2801 deditus
1465 2771 1579 2801 slotcae
1589 2779 1603 2807 ;
1620 2772 1692 2810 ipse
1708 2772 1814 2802 etiam
1833 2778 1901 2802 non
1915 2771 2028 2803 solum
2044 2773 2123 2804 vitae
2136 2771 2288 2805 moribus

138 2819 199 2851 sed
213 2821 317 2851 etiam
340 2819 537 2851 eruditione
553 2817 799 2859 philosophum
817 2819 926 2849 tantae
951 2817 1199 2849 admirationis
1216 2815 1333 2847 adhuc
1342 2816 1502 2855 juvenis,
1528 2818 1568 2848 ut
1590 2825 1668 2848 eum
1686 2826 1912 2850 successorem
1924 2815 2106 2857 paraverit
2118 2818 2292 2863 Adrianus

139 2867 340 2907 relinquere

370 2878 379 2898 .·
404 2867 568 2907 adoptato
585 2869 697 2898 tamen
717 2866 864 2897 Antonio
879 2867 940 2897 Pio
952 2889 961 2903 ,
977 2871 1139 2905 qenerum
1162 2871 1232 2894 esse
1254 2865 1285 2894 et
1302 2863 1431 2894 idcirco
1450 2863 1616 2902 voluerit,
1633 2865 1673 2895 ut
1689 2863 1750 2895 hoc
1765 2864 1885 2896 ordine
1906 2864 1956 2896 ad
1976 2866 2159 2910 imperium
2176 2873 2294 2905 pez-ve·

141 2915 291 2945 niret....
312 2915 376 2945 Hic
393 2922 471 2945 cum
487 2913 646 2945 omnibus
664 2915 776 2944 Romoe
798 2920 895 2953 aquo
913 2912 995 2952 Jure
1017 2913 1105 2951 emt,
1124 2909 1172 2942 acl
1188 2910 1327 2942 nullam
1343 2911 1571 2942 ‘insolentiam
1590 2911 1704 2942 elatus
1724 2914 1861 2951 imperii
1875 2911 2044 2951 fastiqz'o;
2067 2911 2292 2944 liberalitatis

139 2961 422 3001 promptissimae,
439 2962 639 3000 provincias
657 2961 789 2999 inqentt
807 2959 1018 3000 beniynitate
1034 2960 1067 2990 et
1078 2957 1309 2990 moderatione
1332 2960 1513 2990 tractavit.
1528 2975 1568 2980 -
1582 2958 1652 2998 γὰρ
1670 2957 1763 2998 ἤδη]
1779 2959 1837 2995 ἤδη
1852 2958 1925 2989 add.
1947 2967 1964 2989 e
1979 2958 2078 2989 suida
2090 2967 2121 2989 v.
2146 2958 2291 2999 Μάρκος;

143 3007 229 3039 idem
243 3007 302 3047 γὰρ
322 3007 357 3043 δὴ
372 3007 468 3038 habet
489 3016 518 3038 v.
534 3006 791 3047 ὑποστησάμενος
804 3030 813 3045 ,
833 3006 885 3038 ubi
900 3006 970 3037 haee
983 3006 1098 3037 iterum
1120 3006 1333 3045 apponuntur.
1352 3021 1392 3027 —-
1405 3004 1590 3046 ἐξέλαμπεν]
1611 3005 1642 3036 in
1659 3005 1825 3045 ἐξέλαμψεν
1842 3005 1979 3036 mutavit
1994 3005 2155 3039 valesius.
2166 3023 2208 3028 —
2220 3010 2289 3039 τοῦ

143 3054 353 3096 βασιλείου
369 3054 532 3095 γένους]
550 3056 622 3095 βασ.
643 3063 708 3085 om.
729 3054 853 3086 Suidas.
867 3072 908 3077 —
923 3052 1274 3094 ἐλευθέριο;]ἐλεύθερος
1291 3051 1416 3084 Suidas.

186 3104 236 3134 Fr.
265 3105 333 3133 117.
356 3103 494 3141 Eutrop.
513 3102 532 3133 1.
553 3102 574 3133 1.
596 3115 602 3133 ;
622 3101 672 3133 Ad
686 3101 791 3140 nujus
811 3101 892 3134 belli
908 3103 1106 3141 sumptum,
1123 3107 1233 3140 quum
1249 3101 1376 3131 aerarto
1392 3095 1561 3130 ex'hausm
1578 3099 1779 3138 larqiliones
1799 3099 1919 3142 nullas
1939 3097 2096 3143 haberet,
2112 3107 2221 3140 neque
2239 3101 2292 3132 in-

144 3149 255 3182 dicere
268 3148 548 3188 provincialibus
563 3150 628 3180 aut
643 3150 781 3180 senatui
795 3149 933 3190 aliquid
946 3142 1067 3184 vellet,
1083 3148 1356 3179 instrumentum
1370 3147 1454 3185 reoli
1470 3146 1604 3182 cultus,
1619 3145 1727 3185 facta
1740 3145 1864 3185 infero
1887 3144 1959 3177 divi
1977 3146 2120 3185 Trajam'
2133 3148 2294 3186 sectione,

145 3196 323 3228 distraxit
339 3203 349 3223 .·
363 3203 448 3226 vasa
476 3203 607 3234 aurea,
621 3195 745 3234 pocula
764 3196 974 3235 crystallina
992 3197 1025 3226 et
1046 3193 1234 3226 murrntna
1246 3215 1256 3230 ‚
1283 3195 1442 3225 uxoriam
1459 3202 1500 3224 ac
1522 3201 1623 3224 suam
1646 3194 1790 3224 sericam
1804 3194 1837 3224 et
1851 3201 1997 3224 auream
2014 3195 2157 3231 vestem,
2178 3194 2294 3226 multa

144 3244 352 3275 ornamenta
377 3251 614 3282 yemmarmm
631 3251 672 3274 ac
693 3251 756 3283 per
774 3242 859 3274 duos
889 3245 1070 3275 continuos
1093 3250 1224 3274 menses
1246 3242 1398 3273 venditio
1420 3239 1539 3272 habita
1561 3241 1630 3279 est,
1655 3240 1873 3280 multumque
1894 3242 1976 3271 auri
2000 3240 2190 3272 redactum.
2211 3242 2295 3274 Post

151 3292 337 3322 victoriam
354 3292 468 3321 tamen
485 3289 695 3330 emptoribus
708 3292 826 3328 prelia
838 3292 1013 3326 restituit,
1030 3291 1089 3330 qul
1105 3289 1249 3321 reddere
1262 3289 1467 3330 comparata
1482 3287 1666 3320 voluerunt
1672 3295 1684 3323 ;
1699 3287 1861 3320 molestus
1874 3284 1966 3319 nulli
1978 3280 2076 3328 fuit,
2090 3289 2150 3329 qui
2162 3288 2293 3320 maluit

145 3338 247 3369 semel
261 3338 378 3376 empta
391 3338 550 3367 retinere.
565 3356 606 3363 -
620 3336 720 3367 Βοιώ
730 3335 831 3376 νιος]
847 3337 998 3372 Βοτώνιος
1012 3336 1127 3368 codex.

190 3387 240 3416 Fr.
270 3389 339 3416 118.
366 3383 490 3419 ἄλλως
507 3395 547 3415 τε
565 3383 652 3423 καὶ]
669 3393 702 3414 τε
715 3384 769 3414 καὶ
784 3383 882 3420 ἄλλως
897 3384 1009 3415 codex.
1024 3400 1066 3406 —
1086 3385 1285 3424 οἰηθεῖσαι,
1307 3383 1375 3425 μή]
1393 3384 1533 3421 οἰηθεῖσαι
1547 3383 1580 3414 τὸ
1596 3383 1637 3423 μή
1657 3382 1768 3414 codex.
1783 3383 1929 3414 Fortasse
1946 3383 2014 3413 erat
2027 3383 2166 3419 οἰηθεῖσαι
2177 3405 2186 3420 ,
2200 3382 2291 3422 φοὸη·

148 3433 234 3463 θεῖσα
254 3442 285 3462 τε
298 3455 306 3470 ,
325 3431 372 3462 vel
390 3431 546 3468 οἰηθεῖσα,
561 3430 698 3470 teocam
713 3431 754 3470 μὴ
824 3432 876 3460 καὶ
902 3430 1035 3462 ἔπεισεν.
1058 3431 1106 3462 Cf.
1130 3431 1282 3471 Xiphilin.
1303 3432 1421 3469 LXXI,
1440 3435 1477 3462 22
1496 3440 1502 3460 t
1521 3430 1599 3462 αὕτη
1623 3431 1682 3469 γὰρ
1703 3430 1755 3460 τὸν
1778 3430 1872 3469 ἄνδρα
1896 3429 2138 3469 ἀρρωστήσαντα
2157 3429 2289 3468 προσδο-

154 3479 282 3515 κήσασα
304 3478 378 3509 ὅσον
397 3478 454 3508 οὐκ
473 3478 531 3514 ἤδη
546 3478 756 3515 τελευτήσειν,
779 3477 912 3516 ἐφοδήθη
935 3479 976 3517 μη
990 3482 1042 3514 τῆς
1062 3479 1157 3519 ἀρχῆς
1171 3478 1199 3514 ἐς
1222 3480 1312 3511 ἄὶλον
1334 3480 1399 3509 τινὰ
1416 3478 1489 3516 (ἅτε
1503 3481 1556 3508 τοῦ
1582 3476 1748 3515 Κομμόδου
1766 3478 1816 3506 καὶ
1835 3477 1903 3507 νέου
1921 3477 1971 3506 καὶ
1998 3476 2208 3515 ἁπλουστέραν
2220 3476 2294 3511 τοὺς
