2326 3724
87 251 156 284 184

138 334 198 370 13.
218 333 407 381 Corippus
428 333 483 368 De
502 331 605 367 laud.
625 330 762 366 Justini
779 331 817 374 1,
837 333 884 373 24
905 340 915 366 ε

132 394 160 429 S
163 404 329 428 accessor
341 391 425 427 boni
441 391 675 437 redivivaque
687 390 810 438 gloria
828 389 931 424 Petri

134 452 196 488 llic
213 451 422 487 Theodorus
442 450 564 493 adest,
588 451 718 497 patria
734 451 919 497 gravitate
933 450 1117 494 magister.

423 552 773 591 ARGUMENTUM
781 580 788 586 .

135 652 195 687 Fr.
227 663 260 686 1.
283 650 484 686 Antonius.
505 648 637 684 Caesar.
662 667 709 674 —
731 659 767 682 2.
790 646 1017 681 Parthorum
1034 646 1132 694 lega·

82 712 135 746 tio
168 709 218 746 ad
254 709 448 745 Tiberium
463 734 473 752 ,
509 707 575 754 qui
608 718 736 755 regem
768 717 902 740 eorum
935 703 1132 740 constituit

79 770 288 812 Phraaten,
317 778 440 814 eoque
459 772 635 810 mortuo,
658 764 877 809 Tiridatem,
902 775 1015 810 quem
1039 775 1131 798 mox

78 827 186 876 pellit
201 825 421 861 Artabanus
453 824 462 872 (
480 823 527 860 35
556 837 598 872 p.
622 824 663 859 C.
679 822 707 871 ).
740 844 793 849 —
823 822 859 857 3.
893 820 1131 857 Mithridates

79 886 233 922 Iberum
248 897 316 921 rex
336 883 514 933 proditur
535 895 556 918 a
578 883 698 930 Cotye
718 882 854 926 fratre,
874 892 988 928 quem
1015 880 1130 916 Clau-

81 945 165 980 ‹lius
181 945 221 979 in
236 944 365 979 locum
382 941 463 988 ejus
476 938 694 990 substituit(
711 944 758 986 47
773 940 799 987 ).
820 960 871 966 —
893 943 930 981 4.
949 938 1132 974 Decebali

79 1005 226 1038 Dacum
243 1001 343 1050 regis
373 1000 422 1036 ad
439 999 702 1036 Domitianum
729 998 883 1046 legatio.
915 996 1005 1043 Ejus
1024 997 1131 1032 inso-

78 1061 194 1095 lentia
214 1058 326 1108 (86).
347 1079 398 1085 —
414 1057 450 1094 5.
469 1057 648 1103 Ejusdem
664 1056 846 1092 Decebali
866 1055 915 1091 ad
928 1053 1132 1101 Trajanum

79 1118 286 1166 legationes
303 1116 385 1152 duae
402 1114 526 1166 (103).
555 1135 608 1143 —
625 1115 663 1150 6.
692 1112 941 1162 Longobardi
957 1119 995 1148 et
1017 1112 1105 1149 Obii
1119 1140 1128 1157 ‚

80 1176 147 1222 qui
162 1177 301 1211 Istrum
315 1175 534 1222 transgressi
547 1180 669 1218 erant,
683 1172 730 1209 ab
744 1173 875 1207 Marco
887 1171 1043 1207 Aurelio
1059 1183 1130 1220 pa-

80 1246 162 1269 cem
181 1240 316 1282 petunt
345 1232 466 1282 (167.)
490 1253 542 1258 ——
577 1257 608 1278 s.
631 1231 757 1278 Quadi
784 1243 921 1279 pacem
941 1230 1127 1266 obtinent.

79 1293 225 1341 Astingi
239 1299 276 1328 et
293 1292 472 1340 Lacringi
488 1291 630 1326 auxilio
647 1291 806 1326 veniunt
821 1291 951 1325 Marco
975 1290 1130 1324 Aurelio

79 1349 91 1399 (
100 1364 113 1386 1
124 1349 170 1396 75
188 1348 213 1401 ).
231 1372 283 1377 —-
296 1350 333 1386 8.
347 1350 604 1399 Menophilus,
619 1349 758 1386 Moesiae
769 1347 981 1398 praefectus,
995 1360 1132 1396 susque

80 1410 203 1458 deque
218 1409 335 1445 habet
351 1408 566 1457 Carporum
583 1409 728 1457 legatos
741 1435 750 1452 ‚
774 1408 839 1455 qui
859 1407 1046 1442 tributum
1060 1406 1132 1441 sibi

80 1481 247 1503 annuum
280 1468 526 1517 postulabant
556 1466 566 1516 (
581 1467 682 1502 230?
696 1466 723 1515 ).
753 1486 807 1494 —-
836 1479 873 1514 9.
911 1466 1132 1502 Valerianus

80 1529 171 1575 imp.
192 1527 241 1563 ad
259 1527 442 1575 Saporem
454 1527 654 1562 Persarum
675 1538 802 1574 regem
818 1525 866 1560 de
880 1536 975 1573 pace
988 1525 1132 1572 legatos

78 1587 195 1621 mittit
214 1587 402 1621 incassum
422 1583 540 1636 (260).
574 1606 624 1612 —
648 1597 706 1620 10.
730 1584 948 1621 Odenathus
976 1583 1131 1631 Palmy-

81 1657 192 1680 renus
209 1646 394 1693 Saporem
415 1645 555 1693 (penes
575 1656 689 1692 quem
718 1644 934 1681 Valerianus
961 1643 1133 1691 captivus

79 1703 182 1753 erat)
213 1704 352 1739 frustra
384 1704 590 1738 conciliare
628 1703 701 1738 sibi
732 1702 954 1737 muneribus
989 1701 1128 1736 studet.

80 1761 197 1812 (161).
218 1783 267 1789 —
293 1775 307 1797 1
321 1775 354 1797 1.
377 1763 501 1811 Sapor
520 1774 542 1797 a
561 1762 712 1798 Callisto
734 1768 771 1797 et
795 1760 995 1797 Odenatho
1025 1760 1132 1796 clade

80 1820 237 1857 affectus
254 1828 435 1856 contento
456 1822 592 1856 itinere
610 1821 649 1855 in
663 1821 831 1856 Persiam
850 1818 995 1855 recedit
1010 1817 1128 1869 (261).

78 1901 131 1907 --
153 1892 213 1915 12.
234 1880 394 1916 Vandali
415 1880 462 1915 ab
475 1880 680 1916 Aureliano
694 1887 864 1928 petentes
881 1890 1014 1926 pacem
1031 1878 1134 1913 obti-

67 1946 170 1975 'nent
191 1937 311 1987 (271).
337 1959 390 1966 -—
411 1937 471 1974 13.
494 1938 704 1986 Apharban
728 1939 776 1974 ab
799 1940 970 1982 Narsaeo,
998 1938 1132 1973 Persa-

79 2011 165 2033 rum
181 2010 269 2046 rege
284 2009 414 2046 pugna
432 1999 535 2033 victo
546 2024 555 2042 ‚
572 1997 716 2046 legatus
734 1997 781 2033 de
795 2009 891 2046 pace
905 1997 1069 2032 mittitur
1085 1997 1133 2033 ad

79 2057 269 2093 Galerium
289 2057 407 2106 (297).
428 2078 479 2084 —-
499 2061 559 2099 14.
580 2057 748 2092 Sicorius
765 2056 914 2092 Probus
935 2069 954 2091 a
975 2057 1133 2092 Diocle—

80 2117 183 2152 tiano
203 2118 356 2164 missus,
387 2124 430 2153 ut
457 2117 563 2164 pacis
583 2116 823 2152 conditiones
841 2117 994 2152 Narsaeo
1015 2117 1134 2152 Persae

79 2183 289 2224 exponeret
303 2174 425 2225 (297).
440 2195 493 2203 —-
513 2188 527 2210 1
538 2173 557 2211 5
567 2204 574 2210 .
588 2176 813 2211 Mestrianus
829 2175 980 2220 Licinii,
994 2175 1133 2224 proelio

78 2234 191 2279 victi,
218 2235 362 2282 legatus
379 2234 429 2270 ad
448 2234 740 2270 Constantinum
758 2233 878 2284 (314).
901 2254 954 2262 —
978 2234 1038 2270 16.
1058 2236 1133 2270 Le-

79 2292 183 2339 gatio
208 2304 231 2328 a
245 2292 465 2341 Magnentio
484 2292 534 2328 ad
550 2293 839 2329 Constantinum
853 2292 900 2328 de
912 2304 1009 2341 pace
1024 2293 1133 2328 missa

81 2349 198 2399 (350).
216 2363 290 2386 —1
301 2364 336 2397 7.
355 2352 489 2386 Nar-ses
503 2352 649 2399 legatus
666 2352 821 2400 Saporis
835 2352 934 2399 regis
948 2351 1074 2387 literas
1086 2351 1134 2387 ad

79 2410 368 2445 Constantinum
382 2408 492 2445 affert
514 2409 632 2458 (358).
665 2432 711 2437 —
739 2410 798 2445 18.
822 2410 994 2446 Julianus
1013 2411 1135 2447 Caesar

81 2481 167 2504 curn
187 2468 385 2505 Ghamavis
406 2468 451 2503 de
467 2480 563 2515 pace
579 2469 655 2517 agit
673 2467 790 2518 (1358).

542 2584 680 2594 Λὶψ-

434 2672 437 2674 ’
487 2667 725 2705 ΙΣΤΟΡΙΑΙ.

592 2770 623 2794 1.

134 2839 227 2875 Lex.
254 2839 409 2887 Seguer.
434 2840 474 2874 in
494 2839 654 2877 Bekker.
674 2840 820 2876 Anecd.
842 2853 884 2888 p.
910 2853 924 2875 1
938 2852 980 2886 17
1008 2853 1014 2874 ;
1035 2839 1130 2876 Θω-

81 2894 199 2932 πεύω
212 2925 223 2945 ,
260 2896 450 2947 αἰτιατικῇ.
488 2895 626 2949 Πέτρου
662 2898 708 2941 εἷς
739 2895 783 2934 τὰ
814 2896 894 2949 περὶ
930 2896 1130 2934 Ἀντωνίου·

80 2966 97 2988 «’
122 2953 242 2992 Πολλὰ
260 2947 318 2991 οὖν
338 2952 520 2998 θωπεύσας
537 2954 652 2993 αὐτόν.
673 2972 689 2990 »

953 239 1106 279 PETRI
1134 238 1364 279 PATRICII

1246 328 1347 366 Ibid.
1378 340 1417 376 p.
1444 328 1517 365 130
1539 337 1549 364 :
1571 324 1778 371 Ἀπεῗπε,
1803 323 1936 375 δοτικῇ.
1965 323 2102 377 Πέτρου
2123 325 2169 369 εἷς
2193 324 2239 364 τὰ

1192 388 1252 433 τῆς
1282 384 1474 438 μοναρχίας
1505 383 1700 437 Καίσαρος·
1731 401 1747 416 ‹-
1778 382 1921 421 Ἀπεῖπε
1950 387 2020 426 τοῖς
2041 384 2240 435 βουλευταῖς

1193 445 1356 494 ἐκδημεῖν
1375 443 1440 488 ἔξω
1456 442 1620 486 Ἰταλίας.
1638 459 1655 476 ι

1244 505 1452 552 Exscripsit
1467 505 1599 539 Petrus
1621 503 1786 539 Dionem
1813 502 1932 547 Cass.,
1955 501 2021 549 qui
2036 502 2131 548 LII,
2154 507 2203 546 42
2228 516 2237 538 :

1192 562 1246 601 Τό
1258 577 1295 600 τε
1305 563 1373 599 τῶν
1389 561 1604 612 εὐπατριδῶν
1616 559 1711 612 γένος
1722 558 1959 605 συνεπλήθυσε
1970 560 2104 609 (Caesar
2115 560 2241 611 imp.),

1194 623 1256 667 τῆς
1272 621 1398 672 βουλῆς
1414 621 1445 658 οἱ
1461 620 1560 665 δῆθεν
1575 618 1810 671 ἐπιτρεψάσης
1823 621 1926 656 τοῦτο
1938 620 2104 666 ποιῆσαι,
2120 618 2241 666 ἐπειδὴ

1193 679 1232 717 τό
1248 694 1287 730 γε
1301 679 1464 717 πλεῖστον
1481 676 1657 716 ἀπολώλει
1671 679 1780 730 σφῶν.
1850 675 1974 716 Ταῦτά
1990 692 2027 715 τε
2041 671 2098 716 οῧν
2114 676 2241 731 ἔπραξε
2286 712 2289 714 .

1196 738 1258 776 καὶ
1277 739 1497 790 προσαπεῖπε
1521 736 1626 790 (πρὸς
1644 738 1772 774 ἀπεῖπε
1793 750 1827 774 c.
1848 737 2057 788 Niebuhr.)
2074 742 2162 775 πᾶσι
2173 736 2243 780 τοῖς

1196 796 1399 849 βουλεύουσι
1414 795 1464 847 μὴ
1484 797 1647 844 ἐκδημεῖν
1666 794 1730 839 ἔξω
1746 797 1808 840 τῆς
1824 794 1990 842 Ἰταλίας,
2006 794 2048 833 ἂν
2066 794 2116 846 μὴ
2139 795 2241 839 αὐτός

1192 870 1259 892 τινι
1287 854 1451 906 κελεύσῃ.
1473 857 1645 892 Osannus
1673 855 1876 904 (Beitroege
1906 861 1997 892 tom.
2028 855 2088 900 11,
2117 868 2159 904 p.
2195 856 2242 895 16

1191 913 1295 963 not.)
1319 915 1358 949 in
1376 915 1520 950 Lexico
1537 913 1656 950 verba
1674 926 1682 948 :
1707 911 1884 962 Καίσαρος
1904 912 2031 948 ἀπεῖπε
2057 921 2244 962 corrupta

1194 984 1271 1008 esse
1283 979 1394 1021 putat
1409 979 1447 1008 et
1466 971 1687 1020 refingenda
1702 973 1742 1006 in
1758 969 1818 1007 καὶ
1835 968 1922 1020 πρὸς
1942 970 2086 1018 ἀπεῖπε,
2104 974 2159 1008 uti
2177 985 2240 1022 ap.

1199 1032 1379 1068 Dionem.
1403 1030 1516 1078 Quod
1533 1043 1612 1066 non
1629 1031 1817 1079 persuasit
1834 1030 1943 1066 mihi.

1373 1147 1408 1172 2.
1429 1134 1591 1183 (Tiberii
1610 1146 1671 1172 an.
1695 1147 1766 1180 223
1790 1147 1851 1172 an.
1872 1133 1919 1170 35
1940 1148 1978 1184 p.
2002 1135 2065 1185 C.)

1247 1236 1336 1272 Exc.
1355 1236 1412 1271 De
1432 1235 1527 1283 legg.
1550 1235 1720 1283 gentium
1740 1234 1789 1270 ad
1806 1235 1920 1271 Rom.
1937 1246 1979 1283 p.
2000 1233 2048 1270 23
2070 1234 2110 1271 P.
2133 1247 2141 1270 z
2159 1231 2246 1273 Ὅτι

1199 1294 1230 1330 οἳ
1253 1290 1387 1344 Πάρθοι
1403 1291 1489 1344 πρὸς
1508 1290 1668 1343 Τιὸέριον
1688 1289 1940 1343 ἐπρεσὸεύοντο
1957 1289 2030 1343 (sic
2045 1292 2156 1331 Nieb.
2171 1305 2245 1342 pro

1194 1349 1420 1402 ἐπορεύοντο)
1433 1379 1443 1396 ,
1464 1348 1611 1401 βασιλέα
1631 1347 1748 1402 σφίσιν
1769 1350 1808 1387 ἐκ
1823 1350 1891 1386 τῶν
1909 1348 2151 1400 ὁμηρευόντων
2172 1350 2247 1387 δοῦ.

1327 1408 1397 1447 Καὶ
1419 1409 1567 1447 δέδωκεν
1591 1409 1705 1451 αὐτοῖς
1725 1406 1899 1460 Φραάτην
1915 1405 1973 1445 τὸν
1992 1411 2054 1446 τοῦ
2072 1406 2246 1460 Φραάτου

1194 1467 1280 1507 υἱόν.
1309 1467 1466 1506 Ἐκείνου
1487 1466 1522 1505 δὲ
1541 1466 1632 1506 κατὰ
1649 1466 1712 1513 τὴν
1733 1465 1810 1505 ὁδὸν
1829 1466 1898 1518 (sic
1918 1468 2014 1514 Di0;
2030 1481 2065 1506 κ.
2085 1470 2149 1514 τῆς
2165 1468 2245 1506 ὀδοῦ

1195 1527 1308 1576 cod.)
1326 1525 1597 1572 τελευτήσαντος
1610 1557 1619 1572 ,
1635 1524 1824 1578 Τιριδάτην
1846 1527 1886 1562 ἐκ
1904 1528 1962 1562 τοῦ
1982 1526 2166 1577 βασιλικοῦ
2182 1525 2246 1574 γε’-

1193 1601 1270 1630 νους
1286 1585 1439 1638 ἔπεμψε·
1459 1584 1520 1623 καὶ
1540 1584 1634 1628 ὅπως
1655 1589 1736 1637 ῥᾷον
1750 1584 1814 1631 τὴν
1831 1583 2011 1636 βασιλείαν
2027 1584 2243 1637 παραλάὸοι,

1195 1644 1324 1698 ἔγραψε
1351 1643 1547 1697 Μιθριδάτῃ
1572 1647 1621 1698 τῷ
1639 1643 1788 1695 Ἰδήρων
1810 1644 1950 1695 βασιλεῖ
1967 1644 2013 1686 εἷς
2032 1642 2095 1690 τὴν
2114 1643 2242 1696 Ἀρμε-

1193 1704 1268 1742 νίαν
1292 1703 1479 1750 εἷσὸαλεῖν,
1494 1702 1551 1741 ἵνα
1579 1706 1597 1741 ὁ
1623 1702 1833 1754 Ἀρτάῧανος
1854 1704 1904 1755 τῷ
1923 1703 1987 1754 υἱῷ
2010 1704 2145 1754 βοηθῶν
2175 1703 2246 1741 ἀπὸ

1193 1765 1254 1810 τῆς
1270 1761 1397 1806 οἷκείας
1406 1765 1504 1814 παρῇ
1520 1762 1562 1815 (l.
1582 1761 1701 1815 ἀπάρῃ
1714 1762 1741 1812 ).
1761 1760 1833 1800 Καὶ
1849 1759 2011 1799 εἰσελθὼν
2026 1761 2248 1813 ὁΤιριδάτης

1194 1820 1257 1868 τὴν
1278 1821 1462 1874 βασιλείαν
1482 1820 1667 1873 κατέσχεν.
1691 1822 1743 1860 Οὐ
1764 1819 1881 1870 μέντοι
1904 1818 1964 1858 καὶ
1981 1818 2038 1857 ἐπὶ
2055 1820 2142 1858 πολὺ
2163 1820 2246 1858 ἐδα-

1195 1879 1363 1918 σίλευσεν·
1379 1882 1397 1917 ὁ
1410 1879 1478 1933 γὰρ
1492 1879 1702 1932 Ἀρτάὸανος
1718 1877 1856 1922 Σκύθας
1868 1877 2078 1930 προσλαὸὼν
2093 1880 2131 1917 οὐ
2143 1881 2247 1931 χαλε·

1197 1941 1274 1983 πῶς
1289 1938 1393 1976 αὐτὸν
1412 1938 1573 1986 ἐξήλασε.
1595 1937 1668 1977 Καὶ
1690 1942 1802 1976 ταῦτα
1818 1935 1880 1988 μὲν
1896 1936 1941 1975 τὰ
1957 1937 2049 1975 κατὰ
2067 1938 2243 1990 Πάρθους.

1249 2001 1338 2035 Haec
1356 2011 1510 2047 quoque
1521 2025 1531 2044 ,
1551 1998 1600 2035 ad
1615 1998 1776 2034 verbum
1790 1998 1973 2046 pleraque
1986 2024 1996 2042 ,
2016 1998 2245 2047 transcripta

1195 2070 1241 2094 ex
1260 2058 1384 2094 Dione
1404 2057 1506 2094 Cass.
1546 2058 1690 2105 LVIII,
1715 2056 1797 2093 26:
1821 2053 2048 2098 Ἀποστάντες
2075 2047 2133 2092 οῧν
2156 2070 2245 2099 τινες

1197 2116 1301 2152 αὐτοῦ
1313 2113 1592 2167 ἐπρεσόεύσαντο
1602 2113 1686 2167 πρὸς
1697 2113 1754 2151 τὸν
1764 2112 1951 2164 Τιὲήριον,
1966 2111 2114 2163 βασιλέα
2127 2113 2243 2166 σφίσιν

1197 2174 1236 2211 ἐκ
1260 2175 1329 2211 τῶν
1361 2172 1603 2226 ὁμηρευόντων
1629 2174 1817 2215 αἰτοῦντες·
1850 2171 1910 2209 καὶ
1939 2172 2056 2215 αὐτοῖς
2081 2171 2159 2210 τότε
2180 2171 2244 2223 μὲν

1198 2232 1371 2284 Φραάτην
1389 2231 1446 2269 τὸν
1463 2235 1522 2270 τοῦ
1543 2231 1735 2284 Φραάτου,
1761 2230 2028 2277 τελευτήσαντος
2049 2230 2085 2269 δὲ
2108 2230 2242 2269 ἐκείνου

1198 2290 1289 2329 κατὰ
1305 2291 1367 2337 τὴν
1382 2289 1475 2340 ὁδὸν,
1494 2290 1717 2343 Τηριδάτην,
1735 2292 1774 2328 ἐκ
1791 2294 1850 2328 τοῦ
1866 2291 2048 2342 βασιλικοῦ
2062 2290 2121 2328 καὶ
2141 2290 2245 2328 αὐτὸν

1195 2349 1312 2402 γένους
1334 2349 1417 2388 ὄντα
1429 2379 1439 2397 ,
1458 2348 1608 2402 ἔπεμψε.
1639 2349 1711 2389 Καὶ
1727 2348 1820 2392 ὅπως
1835 2364 1874 2400 γε
1889 2350 1936 2393 ὡς
1965 2351 2077 2401 ῥᾷστα
2098 2348 2161 2396 τὴν
2179 2352 2244 2401 βα-

1198 2408 1330 2446 σιλείαν
1345 2408 1551 2461 παραλάὸῃ,
1569 2407 1699 2461 ἔγραψε
1717 2407 1915 2460 Μιθριδάτῃ
1933 2410 1983 2460 τῷ
1995 2405 2116 2460 Ἴὸηρι
2131 2409 2164 2451 ἐς
2182 2407 2246 2455 τὴν

1197 2467 1378 2520 Ἀρμενίαν
1397 2467 1578 2506 ἐσὸαλεῖν·
1595 2466 1652 2505 ἵνα
1668 2470 1686 2505 6
1706 2467 1916 2519 Ἀρτάὸανος
1934 2469 1983 2518 τῷ
2007 2468 2073 2505 υἱεῖ
2095 2469 2246 2519 βοηθῶν,

1198 2527 1267 2564 ἀπὸ
1281 2529 1342 2573 τῆς
1358 2526 1488 2570 οἰκείας
1507 2526 1639 2577 (οἰκίας
1651 2527 1745 2578 vgo)
1762 2526 1897 2579 ἀπάρῃ.
1919 2525 1991 2564 Καὶ
2007 2525 2108 2578 ἔσχεν
2127 2525 2245 2570 οὕτως·

1196 2587 1234 2623 οὐ
1269 2585 1385 2634 μέντοι
1421 2584 1481 2622 καὶ
1519 2584 1576 2623 ἐπὶ
1609 2584 1697 2623 πολὺ
1731 2588 1748 2623 6
1780 2584 1981 2637 Τηριδάτης
2009 2583 2246 2624 ἐὸασίλευσεν.

1195 2643 1240 2682 Ὁ
1261 2643 1327 2695 γὰρ
1354 2643 1563 2695 Ἀρτάὸανος
1593 2643 1731 2688 Σκύθας
1757 2643 1983 2696 προσλαὸὼν,
2011 2644 2051 2682 οὗ
2080 2645 2247 2696 χαλεπῶς

1195 2701 1297 2740 αὐτὸν
1325 2701 1484 2748 ἐξήλασε.
1515 2702 1573 2741 Τὰ
1591 2701 1653 2753 μὲν
1675 2698 1733 2740 οὖν
1750 2705 1818 2740 τῶν
1839 2702 1991 2755 Πάρθων
2017 2702 2127 2747 οὕτως
2145 2701 2242 2755 ἔσχε.

1194 2765 1250 2798 De
1268 2775 1310 2798 rc
1333 2762 1417 2798 vide
1434 2764 1590 2810 interpr.
1611 2763 1658 2798 ad
1675 2764 1788 2799 Dion.
1810 2764 1833 2800 l.
1853 2764 1881 2800 l.

1194 1424 1263 1446 vat.

1276 2879 1310 2917 3.
1334 2878 1500 2930 (Claudii
1523 2880 1625 2915 circa
1645 2892 1704 2916 an.
1724 2879 1768 2925 83
1791 2884 1836 2925 47
1859 2881 1915 2916 vel
1941 2880 1989 2923 48
2005 2893 2045 2929 p.
2066 2878 2127 2931 C.)

1246 2956 1347 2992 Ibid.
1366 2969 1405 3004 p.
1426 2956 1474 2991 23
1495 2969 1503 2991 :
1525 2952 1611 2994 εὈτι
1628 2954 1845 3005 Μιθριδάτης
1859 2956 1876 2991 6
1893 2956 1961 2992 τῶν
1976 2954 2126 3007 Ἰὸήρων
2143 2957 2243 3007 βασι·

466 3066 739 3106 HISTORIAE.

592 3147 622 3177 l.

123 3205 281 3237 Antonius
303 3207 414 3239 multis
439 3209 467 3240 ei
493 3207 668 3240 blanditus.
686 3208 852 3240 —Vetuit
868 3209 977 3241 Caesar
1002 3217 1043 3241 ne
1060 3209 1130 3249 quis

85 3258 270 3289 senatorum
290 3258 379 3290 ltalia
393 3268 522 3300 peregre
538 3259 717 3292 excederet.

586 3320 621 3352 2.

123 3377 231 3409 Parthi
256 3378 417 3418 petierunt
432 3388 451 3410 a
470 3379 596 3412 Tiberio
609 3404 618 3418 ‚
646 3382 682 3412 ut
703 3380 762 3412 sibi
779 3389 886 3421 regem
902 3390 943 3414 ex
966 3382 1132 3414 obsidibus

81 3428 184 3468 daret,
196 3430 227 3460 et
238 3429 408 3470 deditipsis
422 3431 606 3471 Phraatem,
617 3432 761 3464 Phraatis
771 3433 885 3465 filium.
901 3436 1008 3471 Quum
1022 3436 1130 3466 autem

81 3481 113 3513 in
130 3481 241 3515 itinere
265 3483 362 3515 vitam
395 3486 498 3517 morte
514 3487 760 3525 commutasset,
779 3486 924 3519 Tiberius
950 3487 1034 3519 misit
1053 3487 1130 3520 Tiri·

1191 3066 1298 3098 datem
1311 3074 1352 3097 ex
1373 3074 1487 3105 genere
1502 3065 1596 3105 regio.
1617 3066 1656 3096 Et
1672 3073 1737 3105 quo
1753 3064 1877 3096 facilius
1899 3073 2031 3105 regnum
2048 3067 2242 3106 capesseret,

1191 3117 1315 3158 scripsit
1340 3116 1528 3157 Mithridati,
1545 3116 1711 3148 lberorum
1735 3116 1819 3156 regi,
1840 3115 1923 3148 utin
1939 3117 2121 3148 Armeniam
2137 3117 2244 3149 incur-

1192 3169 1314 3202 sionem
1329 3169 1458 3208 saceret‚
1477 3177 1542 3209 quo
1568 3177 1602 3200 se
1618 3168 1799 3200 Artabanus
1826 3167 1986 3199 conferret
2002 3169 2162 3208 suppetias
2177 3169 2243 3201 filio

1190 3222 1325 3254 laturus.
1343 3222 1383 3253 Et
1398 3220 1554 3252 Tiridates
1566 3220 1696 3261 quidem
1709 3229 1842 3259 regnum
1863 3219 2015 3252 obtinuit.
2035 3220 2096 3255 Szed
2112 3229 2176 3252 non
2187 3220 2243 3252 diu

1191 3274 1345 3314 regnavit.
1371 3274 1451 3305 Nam
1472 3272 1652 3304 Artabanus
1671 3272 1806 3312 Scythas
1824 3280 2008 3312 assumens,
2029 3272 2162 3305 minimo
2184 3282 2242 3305 ne·

1190 3326 1276 3366 gotio
1289 3333 1363 3356 eum
1381 3333 1476 3365 regno
1492 3324 1627 3364 expulit.
1644 3326 1683 3356 Et
1699 3325 1767 3356 haec
1779 3323 1820 3355 de
1836 3324 1970 3356 Parthis.

1231 3434 1432 3466 Mithridates
1444 3458 1452 3473 ‚
1469 3434 1635 3466 lberorum
1655 3442 1711 3465 rex
1724 3457 1733 3472 ‚
1754 3441 1854 3465 novas
1876 3442 1926 3465 res
1942 3433 2090 3474 tentavit,
2107 3434 2139 3465 et
2152 3442 2185 3466 se
2199 3434 2239 3466 ad

1190 3488 1310 3520 bellum
1325 3487 1476 3520 Romanis
1493 3486 1691 3519 inserendum
1709 3487 1912 3527 proeparavit.
1936 3488 2017 3518 Huic
2042 3488 2144 3519 mater
2161 3495 2238 3518 con-
