2326 3724
109 217 184 250 232

105 297 338 350 τειχομαχίαν
357 296 493 336 στέλλει
512 297 606 343 τινὰς
627 298 717 352 ἀμφὶ
737 314 799 346 της
815 298 952 352 εἰρήνης
969 299 1152 350 διαλεχθη-

104 357 281 407 σοαένους
338 356 453 396 Evam
474 357 510 396 66
529 374 598 396 των
619 359 652 396 ἐν
686 357 863 425 Σιρμίῳ
844 357 911 397 ανὰ
926 357 966 396 τὸ
983 357 1152 404 ἡλίὸατον

102 414 162 448 τοῦ
186 409 389 462 βαλανείου,
410 411 428 449 6
447 411 535 459 δῆτα
557 414 605 464 τῷ
626 410 762 464 δήμῳ’
748 411 935 464 ετύγχανεν
958 410 1150 461 ἀνειμένον,

103 468 161 506 ἐπι
182 473 391 522 κατασκοπῇ
415 473 482 508 τῶν
500 469 678 521 πολεμίοιν
698 469 790 509 κατὰ
811 470 850 509 τὸ
879 469 1021 517 σύνηθες
1037 468 1150 514 ἐνιζά-

103 543 234 575 νοντες,
256 528 316 567 καὶ
336 530 370 566 ἐν
393 528 541 582 ἀπόπτῳ
560 529 832 581 καραδοκοῦντές
850 545 888 568 τε
907 529 967 568 καὶ
988 528 1152 579 θεώμενοι

102 586 133 625 εἴ
147 602 214 625 που
233 588 396 634 ἐπήλυσις
416 587 513 626 ἔσται
537 588 760 640 βαρῧαρικὴ,
780 590 826 632 ὡς
841 587 1059 634 κατενόησαν
1075 585 1152 629 τοὺς

101 662 170 684 των
190 646 348 699 Αὸάρων
372 647 686 700 ἀγγελιαφόρους”
665 649 732 695 ηδη
757 647 987 700 προσιόντας,
1008 663 1057 684 τω
1084 644 1152 695 μή·

101 721 155 743 κει
174 709 235 752 τῆς
255 708 411 758 ἀτραπου
434 706 735 753 ἀποπλανηθέντες
757 706 817 745 καὶ
843 706 942 745 οὔπω
974 721 1150 756 κατεγνω-

102 764 198 808 κότες
216 765 255 803 τὸ
276 765 451 819 ἀκριὸἶεςε
439 766 666 812 υπετόπησαν
686 769 773 803 εἰναι
792 764 926 813 πληθὺν
945 754 1149 816 ΜΑυαρικὴν,

101 822 283 869 ἕδήλωσάν
300 839 337 861 τε
358 824 502 872 αὐτίκα,
518 824 577 862 καὶ
598 823 637 862 τὸ
658 829 808 874 σημεῖον
822 825 997 862 καθεῖλον.
1040 822 1086 861 ‘O
1117 793 1151 859 δέ

100 884 216 926 Βωνος
235 882 320 935 πρὸς
336 898 437 920 τουτο
454 882 670 936 δυσχεράνας
686 882 898 944 σαφέστερον
915 883 1064 920 ἔσπευσε
1085 897 1150 919 κα-

99 945 269 991 ταμαθεῖν
285 942 447 987 τάληθές.
463 942 600 985 Ινους
583 941 617 980 06
635 941 770 993 ὀλίγους
785 945 874 979 εἰναι
891 940 970 985 τοὺς
985 939 1152 988 Ἀὅάρους

99 1000 159 1038 καὶ
179 1000 362 1052 βούλεσθαί
380 1002 410 1038 οἱ
431 1000 794 1052 ἐπικηρυκεύσασθαι,
817 1001 848 1037 ἐ
835 1000 990 1053 ζέπεμψε
1009 1015 1069 1037 και
1090 1001 1151 1036 αὔ-

99 1059 155 1102 τὸς
173 1058 252 1103 τους
271 1058 526 1110 ποιησομένους
556 1059 617 1103 τὰς
639 1058 903 1112 καταλλαγὰς’
890 1076 923 1103 ες
943 1059 986 1097 τὰ
1007 1058 1041 1103 ἔξ

99 1117 245 1170 τείχους.
302 1117 387 1157 Ἐτι
407 1117 509 1170 γὰρ’
494 1134 534 1156 εκ
556 1133 618 1156 του
638 1117 758 1189 ἕλκους
777 1117 987 1171 περιώδυνος
1007 1122 1065 1167 ἠν,
1091 1117 1151 1155 καὶ

100 1181 117 1215 6
134 1177 315 1229 Θεόδωρος
333 1178 375 1214 6²
367 1177 481 1230 ιατρὸς
495 1178 557 1214 οὐκ
572 1176 626 1215 εἴα
643 1176 701 1215 τὸν
716 1177 950 1230 στρατίαρχον
963 1179 997 1215 ἐν
1013 1191 1151 1229 φανερῳ

98 1235 253 1286 γίνεσθαι
267 1241 338 1279 τοῖς
353 1235 535 1277 ἐναντίοις.
559 1235 664 1279 Εἰκὸς
679 1235 747 1288 γὰρ
766 1235 854 1287 μηδὲ
870 1235 1021 1287 [εἰδέναι
1034 1235 1086 1286 ]⁷'
1068 1251 1147 1287 εφα-

99 1311 161 1333 σκε
181 1311 258 1338 τους
277 1296 495 1346 πολεμίουςῖ
478 1313 523 1339 ως
543 1296 689 1344 {Gk-20⁷1.
713 1299 757 1336 Εἰ
779 1296 813 1335 66
831 1300 932 1335 τοῦτο
952 1297 1151 1343 κατάδηλον

100 1354 200 1392 ἔσται
222 1355 359 1405 αὐτοῖς,
382 1355 460 1393 τότε
482 1355 616 1406 ἀνάγκη
636 1355 716 1406 μὴε
704 1356 952 1408 υποκρύπτειν,
973 1358 1019 1399 ὡς
1041 1354 1082 1393 ἂν
1103 1356 1151 1403 μὴ

101 1413 243 1452 ὑπόνοια
260 1414 406 1465 γένηταί
420 1430 517 1468 σφισι
533 1419 595 1453 τοῦ
610 1415 890 1454 ἀποῧεὸιωκέναι
906 1414 1022 1453 αὐτόν.
1041 1414 1150 1462 Οἱδὲ,

99 1472 175 1511 ἐπει
191 1473 301 1526 ἕτεροι
317 1474 396 1526 περὶ
411 1490 472 1521 της
487 1474 624 1526 εἰρήνης
642 1469 746 1522 ἠλθον
763 1474 1072 1526 διαλεχθησόμενοι
1090 1473 1150 1511 καὶ

98 1532 175 1584 οὐχι
195 1532 318 1582 αὐτὸς,
340 1533 535 1580 ὑπενόησαν
562 1537 608 1577 ὡς
635 1533 777 1572 διώλετο
801 1536 819 1571 6
849 1532 1064 1584 στρατηγὸς,
1093 1533 1151 1571 καὶ

1059 1592 1150 1630 Τότε

97 1653 115 1687 6
141 1649 341 1702 Θεόδωρος,
362 1655 421 1689 τοῦ
449 1651 663 1694 συνοίσοντος
686 1655 722 1689 εὐ
745 1633 899 1701 μάλιστα
921 1650 1149 1703 στοχασάμε-

1044 1075 1072 1096 (1)
1091 1074 1151 1096 “tou

98 1592 194 1642 αὐτῳ
224 1590 351 1628 ἐθέλειν
385 1591 536 1645 ἔφασκον
568 1608 602 1630 εν
631 1593 798 1644 συνουσίᾳ
829 1592 1000 1643 γενεσθαι.

98 1724 172 1756 νος,
195 1708 348 1754 ἔλεξενε
331 1726 376 1753 ως
403 1709 443 1747 τὸ
460 1710 580 1748 λοιπὸν
606 1712 644 1748 οὐ
662 1726 775 1763 χρεων
792 1709 1075 1763 ἀποκρύπτεσθαι
1093 1709 1150 1747 τὸν

98 1769 309 1841 στρατηγὸν,
330 1772 463 1820 μᾶλλον
481 1770 543 1821 μὲν
560 1773 652 1809 οὐν
639 1772 672 1815 ἐς
687 1770 730 1808 τὰ
753 1769 817 1815 ἔξω
835 1772 862 1808 ἷε
867 1786 923 1807 ναι
942 1786 1003 1816 της
1017 1769 1151 1812 πόλεως

98 1843 157 1865 και
180 1829 211 1870 ἐς
226 1828 304 1881 ὄψιν
319 1828 474 1880 γίνεσθαι
493 1831 561 1867 τῦν
578 1829 779 1881 βαροάρων.
805 1829 876 1868 Και
894 1828 1069 1882 φαρμάκῳ
1085 1844 1149 1866 τινι

97 1886 136 1924 τὸ
153 1885 250 1931 ἕλκος
269 1888 528 1939 περιστείλας’
510 1887 653 1941 αφίησιν
677 1889 793 1928 αὐτόν.
818 1887 888 1927 Καὶ
909 1887 950 1934 δὴ
972 1886 1150 1940 προελθιιν

97 1948 115 1983 6
137 1947 268 1994 Βῶνος,
294 1947 404 1997 ἀγχοῦ
432 1962 470 1984 τε
498 1949 566 1984 τῶν
590 1947 778 2000 βαρὸάρων
802 1947 1007 1998 γενόμενος,
1042 1946 1149 1998 ἐφάνη

99 2006 211 2058 σφίσι.
271 2005 362 2044 Ἰότε
390 2007 422 2044 οἱ
450 2005 613 2059 πρέσὸεις
636 2006 751 2045 τοιάδε
776 2006 954 2059 ἀμοιὸαίῳ
976 2008 1026 2057 τῷ
1057 2005 1150 2057 λόγῳ

96 2126 186 2149 ιιιιιιιι
205 2118 365 2158 fastigium
379 2118 505 2159 balnei,
529 2119 618 2160 quod
635 2119 745 2160 populi
762 2119 835 2151 usui
848 2121 917 2151 erat
943 2119 1150 2156 destinatum,

97 2169 137 2201 ad
154 2169 367 2210 speculandos
395 2170 520 2210 hostes,
549 2171 584 2203 ut
610 2172 709 2203 moris
728 2172 788 2211 est,
812 2171 1038 2203 ascenderunt.
1055 2171 1096 2202 lli
1112 2179 1150 2202 ex

97 2222 228 2263 specula
244 2221 558 2262 circumspicientes,
575 2223 602 2254 si
620 2232 686 2264 qua
700 2223 830 2256 barbari
847 2224 1049 2264 eruptionem
1070 2223 1151 2254 sace·

97 2276 187 2314 rent,
203 2274 413 2307 adverterunt
426 2279 570 2308 Avarum
591 2277 741 2316 nuntios,
756 2277 812 2318 qui
825 2277 893 2317 Jam
903 2285 936 2308 se
949 2276 982 2308 in
998 2276 1083 2308 viam
1097 2275 1151 2308 de-

97 2326 223 2358 derant.
233 2328 418 2367 llosquum‚
430 2327 745 2368 ohlonginquitatem
759 2329 892 2369 itineris,
907 2329 1050 2360 errantes
1063 2328 1152 2360 certo

97 2378 282 2419 dignoscere
298 2387 362 2410 non
393 2381 539 2419 possent,
567 2380 720 2420 suspicati
749 2382 841 2420 sunt,
857 2389 925 2412 esse
946 2390 986 2412 ex
1010 2380 1151 2413 hostium

98 2430 253 2462 exercitu.
274 2431 388 2470 ltaque
406 2431 491 2462 illico
508 2431 596 2472 signo
611 2432 686 2463 dato
700 2432 874 2464 adventum
891 2441 1003 2464 eorum
1022 2433 1152 2465 nuntia-

98 2483 230 2514 verunt.
254 2483 294 2514 At
304 2483 432 2521 Bonus,
453 2492 555 2523 quum
572 2483 616 2515 illi
634 2484 666 2515 in
686 2484 785 2515 dubio
799 2485 937 2516 haereret
959 2484 1103 2525 animus,
1119 2494 1154 2517 re

98 2533 280 2574 diligentius
305 2534 489 2574 explorata,
517 2535 668 2575 cognovit
692 2535 845 2567 barbaros
872 2544 940 2567 esse
967 2545 1067 2576 parvo
1090 2545 1152 2568 nu-

98 2595 207 2625 mero,
219 2586 252 2617 et
274 2586 361 2626 pacis
381 2586 580 2618 conditiones
595 2595 662 2618 esse
678 2587 811 2618 laturos.
832 2589 944 2627 ltaque
961 2588 993 2619 et
1013 2587 1079 2628 ipse
1097 2588 1153 2619 mi·

98 2638 139 2670 sit
157 2638 211 2678 qni
235 2639 327 2669 extra
341 2645 453 2670 muros
475 2638 630 2670 cumillis
650 2639 812 2679 colloquia
838 2640 990 2671 sererent.
1014 2641 1153 2671 Decum-

99 2690 196 2722 bebat
210 2690 294 2722 enim
308 2699 350 2723 ex
362 2691 513 2731 vulnere,
529 2700 634 2732 neque
646 2691 690 2723 illi
705 2700 760 2732 per
774 2691 979 2723 Theodorum
993 2692 1154 2724 medicum

99 2743 216 2776 licebat
230 2743 376 2776 hostibus
388 2744 540 2776 obviam
531 2753 589 2777 ire.
605 2747 716 2785 Neque
729 2744 815 2776 enim
831 2744 938 2777 hostes
951 2754 1025 2777 eum
1038 2745 1154 2777 vulne·

99 2797 207 2828 ratum
223 2805 290 2828 esse
312 2797 393 2829 scire
416 2796 648 2837 suspicabatur.
671 2796 795 2834 Quodsi
819 2805 896 2829 vero
921 2796 953 2828 id
967 2796 1153 2837 rescissent,

100 2850 170 2879 tum
184 2857 249 2880 non
267 2848 406 2889 amplius
419 2848 463 2880 illi
483 2848 650 2880 latendum
669 2857 737 2881 esse
758 2848 862 2887 dixit,
879 2857 920 2880 ne
937 2848 1153 2889 suspicionem

101 2901 263 2941 injiceret,
276 2901 393 2933 ducem
407 2910 424 2934 e
434 2901 516 2934 vivis
529 2901 713 2935 excessisse.
737 2901 799 2934 Sed
813 2902 921 2934 hostes
936 2901 991 2933 ubi
1007 2900 1157 2933 viderunt

101 2953 201 2994 alios,
217 2954 274 2994 qui
292 2954 332 2986 de
354 2962 432 2995 pace
445 2954 677 2995 disceptarent,
695 2955 825 2995 venire,
839 2954 990 2996 suspicati
1011 2957 1085 2986 sunt
1100 2954 1156 2986 du-

102 3013 172 3037 cem
189 3005 329 3046 periisse.
354 3007 469 3046 ltaque
482 3007 680 3047 colloquium
698 3015 808 3039 coram
825 3015 864 3039 eo
888 3006 956 3039 fieri
969 3006 1054 3038 velle
1068 3005 1157 3038 dixe-

102 3058 189 3088 runt.
215 3058 307 3089 Tunc
337 3057 544 3097 Theodorus,
566 3058 622 3099 qui
647 3059 735 3099 quod
755 3059 834 3091 utile
865 3059 970 3099 soret,
997 3058 1158 3099 praecipue

102 3108 286 3149 spectabat,
306 3108 389 3140 dixit
408 3118 473 3141 non
483 3109 550 3149 jain
573 3111 702 3150 tempus
726 3111 908 3151 postulare,
931 3111 968 3142 ut
981 3109 1049 3142 dux
1070 3109 1158 3142 domi

103 3160 137 3191 in
161 3160 291 3192 occulto
312 3169 346 3192 se
363 3161 560 3200 contineret,
589 3162 644 3194 sed
661 3163 789 3202 potius,
813 3163 850 3194 ut
879 3163 972 3193 extra
993 3162 1157 3194 civitatem

103 3213 264 3253 prodiret,
291 3214 324 3244 et
348 3213 380 3244 in
403 3215 610 3254 conspectum
640 3214 853 3246 barbarorum
880 3214 1016 3246 veniret
1045 3216 1159 3255 ltaque

104 3264 238 3295 vulnere
264 3265 428 3304 unguento
458 3264 556 3305 illito,
583 3268 691 3298 Bonus
711 3275 731 3298 a
753 3265 880 3298 medico
906 3266 1058 3298 dimissus
1083 3275 1158 3298 cum

105 3315 251 3347 barbaris
274 3316 436 3349 convenit.
459 3318 550 3349 Tunc
570 3317 665 3358 legati
679 3318 795 3350 mutuo
809 3326 956 3350 sermone
975 3318 1159 3358 hujusmodi

105 3368 212 3401 verbis
225 3370 301 3401 sunt
320 3369 370 3401 usi
390 3381 397 3401 ι
414 3383 429 3398 «
447 3373 589 3402 Avarum
605 3370 774 3411 dominus,
796 3379 816 3402 ο
829 3370 984 3412 Romani,
999 3370 1084 3411 apud
1102 3380 1160 3403 vos

107 3421 177 3453 haec
196 3429 372 3462 proponere
389 3421 493 3462 jussit.
516 3424 563 3456 Ne
588 3422 633 3455 illi
656 3422 901 3462 succenseretis,
921 3421 947 3455 si
974 3423 1088 3455 contra
1103 3431 1160 3455 vos

849 210 1122 251 MENANDRI
1151 208 1499 250 PROTECTORIS

1214 297 1348 351 ἔφασαν
1360 314 1368 321 ·
1389 315 1404 332 α
1420 299 1546 337 Ταῦτα
1559 298 1656 348 ἡμῖν,
1673 289 1702 336 ὦ
1722 295 1919 348 Ῥωμαῖοι,
1933 296 2159 349 διαλεχθῆναι
2175 295 2262 350 πρὸς

1213 359 1304 408 ὑμᾶς
1324 360 1342 395 6
1362 359 1430 395 τῶν
1452 355 1610 408 Ἀὅάρων
1631 356 1790 395 ἐκέλευσε
1809 355 1978 403 δεσπότης
1992 371 2001 381 ·
2022 355 2071 406 μή
2091 372 2148 407 μοι
2162 357 2260 408 ’μέμ-

1213 417 1272 469 ψιν
1300 415 1377 454 τινὰ
1407 414 1623 462 ποιήσασθαι
1657 414 1812 465 πόλεμον
1845 414 2036 467 ἀραμένῳ·
2065 416 2162 462 ὑμεῖς
2192 414 2261 468 γὰρ

1213 477 1342 526 πρῶτοι
1359 474 1422 521 τὴν
1440 473 1554 513 αἰτίαν
1570 477 1630 512 τοῦ
1647 472 1804 523 πολέμου
1822 472 2008 511 δεδώκατε.
2029 473 2179 515 Πολλοῖς
2194 471 2262 524 γὰρ

1213 533 1329 576 πόνοις
1351 532 1542 584 ὁμιλήσας,
1567 531 1628 570 καὶ
1651 530 1852 582 ἀποδημίας
1870 533 1937 583 οὐχ
1954 530 2082 579 ἥκιστα
2111 529 2262 579 ποιησά-

1215 607 1325 642 μενος,
1343 592 1442 642 μόλις
1457 590 1702 643 ἐχειρωσάμην
1720 589 1851 637 ταύτην
1862 589 1925 636 τὴν
1941 589 2074 642 χώραν,
2090 587 2151 627 καὶ
2165 590 2264 639 ὑμεῖς

1215 650 1395 703 ἀφείλεσθέ
1413 666 1470 702 μοι
1487 649 1607 702 βιαίως
1626 649 1749 697 αὐτήν.
1763 648 1865 723 Πρὸς
1880 654 1949 693 τοῖς
1966 665 2026 688 και
2045 649 2102 687 τὸν
2119 647 2262 696 Οὐσδή-

1215 709 1321 747 ὅαδον
1343 711 1394 748 τῶ
1416 726 1485 748 των
1507 708 1773 761 δορυαλώτων’
1754 707 1928 755 ανήκοντά
1957 723 2016 759 μοι
2043 708 2140 761 νόμῳ
2163 706 2262 760 ἔχετε

1215 767 1392 812 λαὸόντες.
1450 767 1557 807 Ἀλλὰ
1585 767 1652 821 γὰρ
1682 766 1797 820 ὕὸρεις
1825 769 1859 811 ἐς
1882 767 1926 805 τὰ
1951 768 2105 818 μάλιστα
2137 765 2264 820 πικρὰς

1215 829 1232 865 ὁ
1266 829 1344 866 καθ’
1365 830 1456 876 ὑμᾶς
1487 825 1634 878 κατέχεε
1664 842 1722 876 μοι
1756 824 1936 878 βασιλευς,
1969 827 2008 864 06
2036 825 2140 876 μόνον
2170 823 2264 870 ἅπαξ

1214 885 1236 932 ἢ
1257 886 1324 934 δὶς,
1347 885 1437 924 ἀλλὰ
1455 885 1515 924 καὶ
1532 885 1721 929 πολλάκις·
1741 888 1809 924 τῶν
1831 885 1976 923 δεόντων
1993 900 2031 923 τε
2048 884 2145 922 οὐδὲν
2162 883 2265 931 *6600-

1213 946 1302 994 λήθη
1320 946 1593 999 διαπράξασθαι.
1616 947 1662 985 Ei
1680 945 1792 984 τοίνυν
1806 949 1949 984 τοιαῦτα
1967 945 2052 998 πρὸς
2071 948 2167 997 ὑμῶν
2185 944 2264 992 ἠδι-

1214 1005 1362 1055 κημένος
1396 1006 1468 1049 τοῖς
1505 1003 1645 1065 ὅπλοις
1661 1004 1883 1076 ἐχρησάμην,
1922 1004 2082 1054 οὖδαμως
2114 1003 2264 1056 ὑπάρχω

1215 1080 1404 1115 μεμπτεος.
1430 1063 1501 1103 Καὶ
1521 1066 1581 1101 νῦν
1607 1066 1665 1101 οὖν
1689 1062 1721 1101 εἴ
1746 1078 1785 1114 γε
1813 1062 1979 1115 βούλεσθε
1999 1062 2080 1115 περὶ
2104 1063 2264 1100 σπονδῶν

1213 1139 1250 1161 τε
1264 1123 1324 1161 καὶ
1342 1122 1480 1176 εἰρήνης
1498 1125 1584 1173 ἡμῖν
1603 1121 1722 1160 θέσθαι
1735 1121 1912 1172 λόγους,ε
1899 1120 2108 1171 ετοιμότατα
2123 1120 2264 1173 ἔχομεν·

1215 1183 1248 1220 ἐν
1270 1184 1350 1233 ὑμῖν
1373 1198 1411 1220 τε
1432 1181 1559 1220 κείσθω
1585 1196 1804 1233 προτιμησαι
1823 1179 1863 1218 τὸ
1883 1180 2040 1218 συνοῖσον
2067 1179 2128 1218 καὶ
2145 1178 2191 1218 τὰ
2216 1180 2264 1218 εἰ·

1216 1247 1342 1294 ρηναῖα
1360 1241 1427 1293 πρὸ
1455 1244 1514 1279 τοῦ
1536 1239 1691 1290 πολέμου
1714 1239 1905 1279 ἑλέσθαι.»
1931 1237 2027 1292 Πρὸς
2047 1253 2157 1277 ταυτα
2178 1240 2264 1277 ἀπε-

1214 1300 1359 1353 κρίνατο
1380 1303 1398 1338 6
1415 1302 1550 1343 Βῶνος·
1570 1317 1586 1333 «
1606 1298 1782 1371 Πρότερον
1801 1297 1863 1349 μὲν
1880 1301 1982 1349 ἡμεῖς
2000 1299 2063 1337 οὐκ
2083 1297 2264 1350 ἠρξάμεθα

1213 1358 1389 1409 πολέμου·
1412 1356 1489 1395 οὐδὲ
1506 1356 1573 1409 γὰρ
1602 1359 1680 1395 καθ’
1701 1359 1797 1407 ὑμων
1818 1357 2016 1408 ἠλάσαμεν.
2041 1356 2104 1401 Ἐς
2122 1358 2264 1395 τοῦναν-

1213 1417 1285 1456 τίον
1307 1416 1370 1467 μὲν
1397 1410 1456 1455 06v
1484 1415 1525 1454 σὺ
1546 1414 1638 1454 κατὰ
1659 1431 1720 1461 της
1747 1414 1936 1464 Ῥωμαίων
1956 1415 2115 1463 ἤλασας,
2145 1414 2266 1454 λοιπὸν

1215 1476 1270 1523 66,
1289 1474 1341 1513 ὅτι
1358 1491 1418 1513 και
1432 1477 1449 1512 6
1467 1473 1659 1527 βασιλεὺς
1644 1489 1678 1511 εν
1699 1474 1839 1526 βουλῇ’
1825 1474 2015 1520 εποιήσατο
2025 1471 2196 1527 χρήματά
2212 1488 2265 1512 σοι

1214 1536 1407 1573 επιδοῦναι·
1427 1549 1608 1585 τοιγαρουν
1638 1548 1698 1570 και
1720 1532 1879 1586 παρέσχε
1901 1539 1971 1576 τοῖς
1998 1532 2090 1571 κατὰ
2112 1531 2150 1571 σὲ
2180 1532 2264 1585 πρέ·

1214 1593 1346 1631 σὸεσιν.
1370 1592 1474 1632 Ἐπεὶ
1493 1591 1529 1630 66
1549 1591 1757 1639 κατενόησεν
1783 1591 2076 1641 αὐθαδιαζόμενον
2093 1590 2153 1630 καὶ
2179 1590 2266 1643 ὑπὲρ

1214 1651 1355 1698 αὐτὴν
1337 1651 1379 1698 οή
1394 1667 1461 1689 που
1475 1650 1537 1697 τὴν
1555 1649 1774 1702 βαρὸαρικὴν
1791 1649 1992 1695 ἀλαζονείαν
2007 1649 2265 1702 ἐξογκούμενον,

1215 1711 1358 1764 ῥήματά
1377 1727 1416 1750 τε
1436 1709 1642 1762 ὑπερηφανα
1663 1709 1879 1759 σημαίνοντα
1897 1709 1957 1747 καὶ
1983 1726 2045 1757 της
2069 1712 2132 1756 σῆς
2161 1709 2266 1748 δυνά·-

1215 1785 1306 1820 μεως
1322 1767 1584 1843 καθυπέρτερα,
1606 1771 1799 1814 τηνικαῦτα
1819 1767 1879 1805 καὶ
1897 1767 1998 1812 αὐτὸς
2019 1767 2080 1806 ἅτε
2101 1766 2266 1840 ἀγχίνους

1214 1828 1396 1867 ἐπετέλεσε
1429 1826 1473 1865 τὰ
1505 1828 1629 1866 οἰκεῖα.
1673 1826 1743 1865 Καὶ
1778 1826 1817 1863 τὸ
1843 1829 1899 1863 νῦν
1926 1825 2004 1863 δὲ’
1985 1841 2079 1877 εχον,
2097 1825 2265 1876 ἡμέτερόν

1214 1888 1335 1924 ἐστιν
1318 1902 1363 1929 ως
1381 1884 1529 1937 βασιλέα
1547 1886 1682 1923 στεῖλαι
1699 1883 1786 1929 οὒς
1770 1900 1809 1922 αν
1826 1883 1867 1922 σὺ
1885 1884 2089 1937 βουληθείης
2101 1883 2266 1938 πρέσὸεις

1215 1945 1294 1989 τοὺς
1322 1944 1580 1996 βεὸαιώσοντας
1598 1944 1642 1982 τὰ
1662 1944 1742 1996 περὶ
1762 1946 1823 1990 τῆς
1843 1943 1995 1996 εἰρήνης.
2018 1942 2120 1990 Μηδὲ
2140 1943 2208 1996 γὰρ
2229 1945 2264 1981 ἐν

1216 2005 1301 2055 ἡμῖν
1322 2007 1409 2042 εἶναι
1428 2003 1546 2054 νόμιζε
1563 2002 1628 2041 κᾶν
1649 2018 1730 2054 γουν
1749 2001 1960 2056 φθέγξασθαί
1977 2018 2030 2052 τι,
2047 2001 2132 2054 μρητι
2147 2018 2186 2054 γε
2204 2001 2266 2041 καὶ

1211 2117 1332 2149 bellum
1370 2116 1523 2156 suscepit.
1555 2116 1682 2147 Etenim
1706 2115 1828 2156 priores
1860 2115 1945 2147 bello
1969 2123 2100 2147 causam
2120 2114 2264 2147 dedistis.

1213 2169 1322 2201 Multis
1338 2169 1503 2200 exhaustis
1525 2167 1690 2199 laboribus
1709 2169 1741 2199 et
1766 2176 1830 2199 non
1848 2166 2028 2198 minoribus
2047 2166 2200 2198 itinerum
2219 2166 2266 2198 sa-

1211 2222 1247 2253 ti
1238 2221 1419 2262 gationibus
1434 2221 1578 2253 toleratis
1587 2221 1644 2252 vix
1661 2221 1775 2259 istam,
1790 2219 1912 2260 inquit,
1927 2219 2088 2259 regionem
2105 2227 2265 2259 ceperam,

1212 2283 1312 2314 quum
1323 2273 1402 2304 mihi
1415 2273 1502 2304 illam
1510 2273 1542 2304 vi
1549 2272 1719 2313 eripuistis.
1733 2272 1892 2304 Praeterea
1901 2270 2122 2311 Usdebadum,
2132 2270 2266 2311 quiJ'urc

1213 2325 1415 2366 captivorum
1431 2323 1574 2356 dominio
1590 2331 1663 2355 meo
1682 2323 1838 2363 cesserat,
1853 2322 1931 2354 mihi
1947 2324 2093 2362 ereptum
2111 2322 2264 2354 retinetis.

1213 2379 1331 2411 Multas
1344 2387 1473 2419 quoque
1488 2378 1567 2411 alias
1587 2378 1718 2410 acerbas
1733 2375 1967 2408 contumelias·
1959 2383 1992 2406 in
2010 2383 2063 2406 me
2078 2374 2217 2407 effudit
2208 2383 2268 2406 un-

1213 2431 1341 2471 perator
1359 2432 1477 2470 vester,
1503 2438 1610 2471 neque
1625 2429 1657 2461 id
1671 2428 1770 2462 semel
1795 2429 1894 2468 atque
1910 2427 2050 2467 iterum,
2062 2425 2117 2458 sed
2131 2426 2267 2467 saepius,

1213 2493 1319 2524 neque
1333 2484 1509 2524 quicquam
1527 2491 1660 2522 eorum,
1676 2490 1751 2522 quoe
1766 2481 1852 2522 justa
1865 2481 1956 2512 erant
1971 2483 2020 2512 et
2028 2479 2172 2520 aequitati
2187 2487 2268 2511 con·

1214 2539 1385 2576 sentanea,
1406 2537 1522 2569 voluit.
1549 2538 1662 2577 ltaque
1679 2535 1703 2567 si
1718 2536 1768 2567 tot
1786 2534 1948 2574 tantisque
1963 2532 2088 2573 injuriis
2100 2533 2132 2565 et
2143 2532 2270 2565 damnis

1213 2597 1231 2620 a
1248 2589 1339 2621 vobis
1349 2590 1485 2621 affectus
1497 2591 1530 2621 et
1543 2589 1728 2628 lacessitus,
1742 2587 1839 2619 armis
1849 2595 1920 2619 sum
1933 2594 2028 2626 usus,
2040 2586 2075 2617 in
2089 2585 2180 2617 nullo
2195 2594 2269 2618 sum

1214 2641 1504 2681 reprehendendus.
1534 2641 1656 2679 Quodsi
1675 2640 1773 2673 vultis
1798 2647 1885 2671 nunc
1915 2639 2012 2670 etiam
2029 2637 2070 2670 de
2098 2637 2219 2670 foedere
2237 2638 2270 2670 et

1215 2701 1291 2733 pace
1312 2692 1480 2724 nobiscum
1495 2693 1592 2725 verba
1617 2693 1739 2732 facere,
1759 2691 1909 2732 prompto
1928 2690 2036 2722 animo
2057 2689 2090 2721 id
2104 2689 2268 2722 faciemus.

1215 2745 1320 2776 Vestri
1338 2745 1434 2785 igitur
1459 2744 1583 2776 arbitrii
1600 2745 1661 2783 est,
1679 2743 1764 2784 quod
1783 2742 1930 2783 expedit,
1950 2741 2150 2782 praeoptare,
2165 2742 2198 2773 et
2215 2748 2270 2782 pa·

1215 2805 1286 2828 cem
1300 2797 1385 2828 bello
1401 2804 1632 2836 praeponere.»
1648 2795 1697 2827 Ad
1709 2803 1783 2835 quae
1793 2796 1899 2827 Bonus
1915 2792 2101 2834 respondit:
2115 2805 2131 2820 «
2146 2792 2270 2824 Priores

1214 2849 1345 2889 quidem
1361 2858 1420 2881 nos
1433 2848 1566 2881 minime
1585 2849 1707 2880 bellum
1720 2847 1923 2888 occepimus,
1940 2848 1997 2878 aut
2012 2846 2047 2878 in
2062 2854 2123 2878 vos
2137 2844 2270 2886 grassati

1214 2910 1348 2933 sumus.
1375 2909 1393 2932 e
1415 2900 1576 2932 contrario
1604 2901 1640 2932 tn
1666 2899 1755 2940 prior
1786 2898 1819 2929 in
1843 2900 2004 2930 Romanos
2025 2896 2158 2930 irruisti.
2180 2896 2287 2934 Quin-

1215 2954 1312 2986 etiam
1327 2953 1502 2994 imperator
1514 2952 1599 2984 dona
1619 2951 1679 2984 tihi
1695 2952 1823 2983 mittere
1839 2951 1984 2982 animum
1999 2949 2145 2990 induxit,
2171 2949 2270 2990 idque

1215 3005 1327 3047 legatis
1339 3002 1382 3037 'ad
1396 3006 1429 3037 te
1442 3005 1548 3037 missis
1557 3004 1736 3037 mandavit.
1755 3003 1819 3036 Sed
1833 3011 1936 3044 quum
1953 3003 1986 3035 te
1999 3001 2203 3034 audaciorem
2225 3001 2270 3035 sa·

1215 3060 1306 3090 ctum
1319 3059 1479 3097 cerneret,
1492 3058 1525 3089 et
1542 3057 1626 3088 ultra
1640 3055 1844 3088 barbaricam
1857 3054 2060 3087 insolentiam
2073 3061 2158 3086 vana
2170 3053 2270 3094 gloria

1215 3111 1343 3143 elatum
1351 3112 1383 3142 et
1398 3110 1601 3149 tumentem,
1616 3109 1659 3140 ita
1675 3109 1711 3140 ut
1731 3108 1778 3140 illi
1791 3107 1890 3139 verba
1913 3105 2269 3147 arroganuora‚1onge

1216 3165 1288 3196 tuas
1301 3163 1386 3195 vires
1404 3161 1614 3201 excedentia,
1639 3161 1873 3194 denuntiares·
1903 3159 2058 3192 nimirum
2081 3157 2222 3200 prudens
2237 3159 2271 3191 et

1217 3216 1333 3247 cautus
1349 3213 1446 3246 rebus
1462 3213 1527 3246 suis
1547 3213 1722 3254 prospexit.
1741 3214 1782 3245 Et
1797 3213 1833 3244 ut
1849 3220 1936 3244 nunc
1948 3211 2023 3243 sunt
2041 3219 2108 3252 res,
2122 3210 2270 3242 nostrum

1216 3265 1318 3299 estad
1339 3266 1566 3306 imperatorem
1588 3265 1728 3305 legatos,
1751 3273 1834 3305 quos
1849 3263 1908 3296 tibi
1924 3262 2097 3303 videbitur,
2123 3261 2269 3302 mittere,

1217 3318 1274 3360 qui
1285 3318 1326 3350 de
1338 3325 1416 3359 pace
1426 3316 1631 3349 conveniant.
1643 3318 1708 3349 Nec
1717 3315 1803 3348 enim
1814 3315 1977 3348 existimes
1989 3313 2104 3354 velim,
2116 3312 2150 3345 in
2161 3313 2270 3345 nostra

1217 3371 1374 3412 potestate
1388 3378 1458 3402 esse
1475 3369 1650 3410 quicquam
1676 3369 1780 3409 aliter,
1807 3377 1907 3409 quam
1929 3366 2105 3408 imperator
2124 3365 2268 3406 praescri-

1219 3422 1334 3465 pserit,
1351 3421 1455 3455 dicere
1467 3421 1524 3454 aut
1538 3421 1652 3454 facere.
1670 3433 1685 3449 »
1705 3422 1782 3454 Haec
1795 3420 1850 3469 ubi
1863 3421 1970 3453 Bonus
1983 3418 2086 3459 dixit,
2099 3418 2185 3451 recta
2199 3417 2269 3459 qui·
