2372 3704
143 222 215 255 554

139 301 335 354 ὑπερόπτης
354 315 390 339 τε
421 299 480 340 καὶ
511 299 664 345 ἀλαζών·
684 298 762 338 ὅθεν,
794 301 854 340 καὶ
884 301 946 349 τὴν
977 301 1179 353 ἐπωνυμίαν

138 359 267 406 ταύτην
291 358 533 410 ἀπηνέγκατο·
559 357 779 411 Σουπέρὸους
799 358 867 412 γὰρ
898 359 975 402 τοὺς
1001 358 1179 413 ὑπερηφά-

138 433 214 461 νους
232 417 408 468 ὠνόμαζον
426 416 610 470 Ῥωμαῖοι.

626 511 688 558 37.

190 594 282 630 Exc.
300 594 356 628 De
377 591 489 630 insid.
511 604 551 639 p.
577 604 596 638 7
626 604 633 629 :
659 587 746 630 “On
761 589 958 642 Ταρκύνιος
980 590 1179 644 Σούπερὸος

136 649 204 696 ἤδη
234 648 342 700 γέρων
365 646 413 686 ὢν
443 648 602 687 ἐκπίπτει
625 650 686 695 τῆς
714 648 933 696 δυναστείας,
965 648 1077 686 πάλαι
1116 647 1179 699 μὲν

137 707 273 753 ἀδήλως
291 706 347 744 διὰ
366 706 424 745 τὸν
439 705 566 759 τρόπον
587 705 815 757 μισούμενος,
835 706 912 744 τότε
944 706 985 753 δὴ
1017 706 1077 744 καὶ
1099 706 1180 744 νεύ»

137 781 258 810 σαντος
268 769 328 804 τοῦ
340 766 491 812 πλήθους
502 767 534 808 ἐς
547 765 697 817 φανερὰν
713 764 907 803 ἀπόστασιν
918 768 962 817 τῇ
974 769 1033 802 τοῦ
1045 765 1176 815 ὁμωνύ-

138 840 204 874 μου
222 824 344 868 παιδὸς
359 824 543 877 ἀκολασίᾳ.
559 823 604 863 ‘O
619 824 679 874 μὲν
695 823 762 876 γὰρ
776 823 896 875 ἔτυχεν
909 824 971 870 τὴν
983 823 1174 875 Ἀρδεατῶν

135 883 410 936 περικαθήμενος
426 882 526 920 πόλιν
543 882 602 920 καὶ
618 885 659 933 (l.
679 881 782 933 δέκα)
801 882 887 934 πρὸς
901 884 970 925 τοῖς
985 881 1014 934 ρ’
1029 882 1179 926 σταδίοις

134 945 196 988 τῆς
209 942 352 992 Ῥώμης
366 941 623 994 ἀπῳκισμένην.
636 941 829 992 Ταρκύνιος
841 941 889 989 δὲ,
904 945 921 979 ὁ
935 946 994 980 τοῦ
1009 942 1178 994 βασιλέως

134 1000 336 1051 ὁμώνυμος,
367 999 585 1050 Λουκρητίαν
615 1000 760 1049 γυναῖκα
772 1029 783 1050 ,
813 999 931 1048 γένους
962 1000 1059 1048 παρὰ
1083 1000 1176 1040 ‘pm--

135 1059 250 1109 μαίοις
274 1059 562 1111 γνωριμωτάτου,
585 1059 790 1110 Κολλατίνῳ
810 1062 1050 1108 συνοικοῦσαν,
1070 1060 1174 1110 ἐμία-

134 1134 201 1157 νεν.
230 1116 527 1163 Ἔπανελθούσης,
548 1117 607 1154 καὶ
634 1119 683 1169 τῷ
700 1116 808 1170 πατρὶ
827 1121 870 1168 τῇ
890 1133 926 1155 τε
949 1119 1052 1169 λοιπῇ
1070 1134 1176 1156 κατε-

134 1176 265 1226 μήνυσε
286 1175 466 1228 συγγενείᾳ
485 1178 534 1227 τῷ
547 1191 583 1213 τε
599 1176 724 1230 ἀνδρί,ἱ
741 1176 992 1228 ἐπαρασαμένη
1009 1192 1045 1214 τε
1063 1177 1176 1215 πολλὰ

132 1235 202 1278 τοῖς
216 1234 273 1287 ἀφ’
288 1233 454 1283 αἵματος,
475 1235 503 1271 εἰ
523 1233 584 1279 τὴν
604 1233 784 1286 συμφορὰν
806 1236 911 1281 αὐτῆς
932 1234 1175 1273 καταλείποιεν

133 1291 368 1344 ἀτιμώρητον,
394 1291 603 1341 σπασαμένη
620 1291 659 1330 τὸ
685 1291 792 1345 ξίφος,
821 1291 905 1345 ὅπερ
926 1293 991 1331 ὑπὸ
1011 1298 1080 1337 τοῖς
1096 1293 1176 1331 κόλ-

131 1366 209 1394 ποις
223 1353 360 1403 ἀφανῶς
376 1350 507 1404 ἔφερεν,
525 1350 650 1397 ἑαυτὴν
669 1352 704 1388 ἐν
720 1350 795 1400 ὄψει
809 1353 876 1390 τῶν
891 1351 1072 1405 παρόντων
1108 1367 1173 1390 κα-

130 1410 352 1462 τειργάσατο.
372 1412 485 1449 Τοῦτο
503 1409 538 1448 δὲ
558 1409 634 1453 τούς
653 1425 689 1447 τε
707 1409 832 1454 ἄλλους
852 1413 898 1454 εἷς
921 1410 1025 1463 ὀργὴν
1044 1413 1174 1464 ἀνῆψεν

131 1469 218 1521 ἐλέῳ
231 1471 292 1514 τῆς
307 1467 486 1520 ἀνθρώπου
508 1470 688 1520 (παρῆσαν
699 1467 766 1520 γὰρ
781 1469 842 1506 οὐκ
859 1468 968 1519 ὀλίγοι
986 1468 1174 1518 Ῥωμαίων

131 1527 189 1564 ε’πὶ
206 1526 286 1565 θέαν
303 1530 362 1565 τοῦ
379 1526 544 1576 πάθους),
563 1526 622 1565 καὶ
639 1528 703 1578 οὐχ
719 1526 846 1573 ἥκιστα
861 1529 1024 1578 Βροῦτον,
1041 1527 1175 1578 προσή-

131 1599 236 1622 κοντα
264 1584 325 1635 μὲν
346 1584 437 1622 κατὰ
463 1584 559 1635 γένος
588 1584 719 1636 ἐκείνῃ,
741 1584 850 1637 ἄνδρα
871 1585 906 1623 δὲ
931 1586 1116 1635 δημοτικόν
1135 1602 1173 1624 τε

131 1643 191 1680 καὶ
224 1643 484 1696 μισοτύραννον,
515 1642 550 1686 ὃς
571 1643 724 1693 μάλιστα
741 1642 780 1680 τὸ
805 1645 934 1690 πλῆθος
953 1645 1001 1687 εἷς
1019 1643 1081 1691 τὴν
1104 1647 1172 1683 τῶν

132 1701 304 1752 βασιλέων
323 1701 458 1752 ἤγειρεν
479 1701 684 1748 ἀπόστασιν,
701 1700 861 1753 ἀφείλετό
883 1717 920 1739 τε
940 1705 1000 1749 τῆς
1019 1701 1173 1748 ἐξουσίας

130 1761 307 1803 παντελῶς
325 1759 382 1798 τὸν
405 1758 615 1810 Ταρκύνιον.
631 1757 727 1809 Ἅμα
747 1759 813 1811 γὰρ
829 1763 871 1811 τῇ
888 1760 979 1798 κατὰ
990 1760 1053 1807 τὴν
1071 1762 1171 1799 πόλιν

129 1818 362 1856 ἐπαναστάσει
380 1817 438 1856 καὶ
454 1821 475 1864 ἡ
493 1817 577 1870 πρὸς
592 1817 654 1864 τὴν
675 1817 711 1856 Ἄ
719 1819 818 1870 ρδεαν
836 1815 922 1856 οὖσα
941 1819 1088 1871 στρατιὰ
1103 1822 1171 1857 τῶν

128 1875 330 1924 Ῥωμαίων,
352 1877 570 1914 ἀπολιποῦσα
589 1876 647 1914 τὸν
663 1875 826 1928 τύραννον
838 1876 968 1928 ᾤχετο,
986 1877 1082 1915 οὐδὲν
1093 1876 1171 1915 οὔτε

128 1936 385 1978 ἀνακαλοῦντος
397 1934 473 1973 οὐδὲ
492 1933 605 1984 μένειν
623 1933 784 1985 δεομένου
798 1938 1058 1988 πεφροντικυῖα.
1076 1937 1171 1987 Ταρ-

126 1992 239 2037 κύνιος
259 1992 295 2031 δὲ
323 1998 392 2036 τοῖς
420 1997 590 2044 παροῦσιν
627 1995 821 2044 ἀμηχανῶν
849 1993 998 2040 ἤλαυνεν
1029 1994 1086 2032 ἐπὶ
1108 1994 1171 2041 τὴν

127 2051 288 2102 Ῥώμην,
308 2054 353 2095 ὡς
372 2051 515 2089 παύσων
532 2055 575 2104 τῇ
597 2052 740 2104 παρόδῳ
758 2050 821 2098 τὴν
840 2051 1011 2104 ταραχὴν,
1034 2052 1094 2090 καὶ
1108 2053 1170 2100 τὴν

935 213 1146 254 JOANNIS
1175 214 1493 255 ANTIOCHENI

1243 302 1447 340 δυναστείαν
1467 299 1557 352 μετὰ
1573 306 1710 347 πειθοῦς
1727 304 2002 358 ἀναληψόμενος.
2022 307 2226 354 Ἀπεωσθεὶς
2247 307 2283 349 δὲ

1243 360 1308 398 ὑπὸ
1324 363 1391 399 τῶν
1410 362 1576 411 πολιτῶν,
1593 363 1768 416 ἀπεχώρει
1785 363 1847 401 σὺν
1864 370 1935 408 τοῖς
1947 366 2094 413 οἰκείοις,
2114 369 2281 420 βασιλεύ-

1242 435 1305 463 σας
1325 418 1384 466 ἔτη
1417 418 1446 457 δ’
1468 419 1552 471 πρὸς
1568 423 1639 464 τοῖς
1665 425 1712 462 κ’.
1746 422 1834 460 Καθ’
1861 421 1898 460 ὃν
1918 422 1959 470 δὴ
1983 424 2105 476 χρόνον
2136 429 2158 472 ἡ
2182 426 2261 466 πόὶ·
2253 444 2281 472 ,ς

1243 476 1398 523 ἀπελύθη
1434 493 1494 524 της
1522 478 1738 529 τυραννίδος,
1767 479 1856 518 ἑπτὰ
1871 480 1944 555 Ημὲν
1957 482 2133 521 δυναστῶν
2161 483 2283 537 εφεξῆς

1241 535 1484 588 ἀνασχομένη,
1505 536 1583 588 τρία
1615 536 1651 574 δὲ
1676 553 1736 576 και
1769 537 1805 587 μ’
1825 538 1884 576 καὶ
1913 539 1944 578 σ’
1975 540 2066 579 κατὰ
2088 542 2282 595 μοναρχίαν

1242 593 1301 641 ἔτη
1320 594 1618 645 πολιτευσαμένη,
1635 596 1921 647 συνεσταλμένων
1939 600 2028 651 αὐτῇ
2045 616 2114 638 των
2136 617 2197 647 της
2217 603 2279 655 ἀρ-

1238 667 1305 704 χης
1332 651 1460 705 δρων”
1442 668 1513 702 ετι,
1533 654 1571 690 οὐ
1590 651 1680 704 πέρα
1700 669 1738 691 τε
1759 654 1909 692 σταδίων
1931 655 1978 707 ρ’,
1999 656 2079 695 ἔνθα
2101 658 2143 705 δὴ
2171 659 2281 709 μήκι-

1240 725 1336 758 στον,
1373 710 1598 760 ἐκτισμένων.
1626 710 1806 750 Ἐντεῦθεν
1835 713 1990 765 ἐγένοντο
2021 714 2052 766 β’
2079 719 2278 769 κονσοῦλοι,

1238 766 1324 812 οὒς“’
1326 770 1509 817 Ελληνες’
1495 768 1648 813 υπάτους
1666 769 1723 808 διὰ
1742 769 1839 817 τὴνε
1826 772 2001 825 υπεροχὴν
2015 774 2199 814 ἐκάλεσαν.

1728 846 1792 886 38.

1289 914 1388 953 Ibid.
1408 927 1448 963 p.
1477 928 1532 962 7:
1550 912 1637 952 Ὅτι
1655 916 1799 966 Δαρεῖος
1816 917 1834 953 ὃ
1852 916 1997 968 Περσῶν
2022 919 2185 970 βασιλευς
2203 919 2280 973 Ἀρ-

1237 970 1352 1021 σάμου
1371 977 1472 1022 παῖς,
1492 971 1596 1024 μέχρι
1608 975 1669 1019 τ’ῆς
1684 972 1775 1011 κατὰ
1792 974 1953 1013 Βιθυνίαν
1977 977 2203 1024 Χαλκηδόνος
2220 979 2281 1024 τὰς

1238 1029 1404 1081 στρατιὰς
1422 1030 1694 1082 προδιδάσας,“
1682 1031 1748 1069 υπὸ
1777 1033 1916 1070 πολλῶν
1945 1050 1982 1072 τε
2001 1035 2171 1087 βασιλέων
2189 1038 2284 1090 δορυ-

1237 1087 1462 1140 φορούμενος,
1482 1089 1540 1128 καὶ
1567 1089 1746 1141 μεγίσταις
1765 1092 1938 1145 ἐντρυφων
1961 1094 2197 1146 παρατάξεσι,
2223 1096 2280 1135 τὸν

1238 1146 1299 1197 μὲν
1332 1146 1398 1184 ὑπὸ
1427 1147 1574 1198 Βαγώου
1593 1151 1652 1186 τοῦ
1688 1150 1875 1201 προκοίτου
1907 1151 2053 1189 θάνατον
2085 1153 2279 1206 διαφυγὼν,

1237 1205 1340 1243 αὐτόν
1373 1222 1412 1244 τε
1437 1222 1477 1244 το
1501 1206 1781 1260 προσφερόμενον
1807 1214 1898 1246 πιεῖν
1919 1210 2124 1261 ἀναγκάσας
2142 1212 2281 1264 φάρμα-

1235 1279 1308 1311 κον,
1327 1280 1553 1317 παραχρημα
1577 1265 1778 1318 διέφθειρεν.
1801 1266 1874 1305 Καὶ
1894 1269 1911 1304 ὁ
1932 1267 1994 1318 μὲν
2015 1267 2165 1319 Βαγώας
2183 1270 2280 1315 δίκας

1236 1324 1389 1368 ὑποστὰς
1403 1327 1450 1362 ὧν
1466 1323 1633 1374 περὶτους
1649 1324 1837 1377 προτέρους
1849 1325 1984 1378 ἥμαρτε
2004 1326 2185 1378 βασιλέας,
2203 1326 2281 1382 Ἄρ·

1235 1382 1348 1432 σαμόν
1367 1398 1405 1420 τε
1425 1383 1486 1420 καὶ
1506 1377 1662 1435 Ὠχον,ε
1651 1398 1717 1421 υπο
1730 1386 1791 1421 τοῦ
1810 1383 1896 1421 ἰδίου
1917 1384 2102 1437 φαρμάκου
2123 1387 2280 1440 ἀναιρεῖ-

1233 1455 1310 1478 ται·
1328 1443 1346 1478 ὁ
1367 1440 1402 1478 δὲ
1423 1443 1570 1493 Δαρεῖος
1591 1441 1660 1485 ἓξ”
1642 1458 1702 1488 ετη
1720 1441 1804 1493 πρὸς
1823 1441 1900 1480 δυσὶ
1923 1443 2010 1493 μησὶ
2029 1444 2279 1493 δυναστεύσας,

1235 1498 1309 1550 ἅμα
1324 1502 1373 1552 τῷ
1395 1499 1459 1553 βίῳ
1473 1499 1533 1538 καὶ
1550 1500 1612 1547 τὴν
1630 1500 1814 1552 βασιλείαν
1833 1501 2045 1542 κατέλυσεν.

1730 1577 1792 1626 39.

1285 1647 1376 1683 Exc.
1396 1646 1510 1682 Salm.
1530 1658 1569 1694 p.
1593 1645 1697 1694 392:
1723 1645 1868 1698 Δαρεῖος
1888 1646 1993 1690 ὃυῖὸς
2020 1646 2211 1700 Ἀρσάμου,
2238 1651 2277 1687 ὃν

1232 1705 1250 1741 ὁ
1267 1702 1445 1741 Μακεδών
1463 1703 1622 1741 καθεῖλεν
1646 1702 1885 1755 Ἀλέξανδρος,
1909 1706 2165 1758 προσαχθείσης
2182 1709 2279 1746 αὐτῶ

1231 1760 1367 1805 κύλικος
1395 1760 1462 1799 ὑπὸ
1492 1761 1642 1812 Βαγώου
1661 1765 1721 1799 τοῦ
1744 1762 1918 1814 εὐνούχου,
1948 1763 2145 1814 ἠνάγκασεν
2174 1766 2276 1804 αὐτὸν

1230 1826 1335 1870 πιεῖν,
1356 1820 1416 1858 καὶ
1436 1819 1524 1858 πιὼν
1542 1823 1559 1858 ὁ
1574 1820 1725 1871 Βαγώας
1739 1823 1922 1860 ἀπέθανεν.

1288 1892 1318 1917 2.
1339 1877 1425 1918 “On
1445 1878 1538 1916 κατὰ
1555 1877 1634 1923 τοὺς
1646 1879 1807 1932 Ἇὸραὰμ
1827 1880 1970 1932 χρόνους
1979 1882 2082 1926 Νῖνος
2096 1882 2155 1920 καὶ
2172 1884 2277 1934 Σεμί-

1233 1952 1337 1987 ραμις
1367 1936 1587 1977 ἐὸασίλευον.
1609 1937 1749 1991 Φαραὼ
1780 1937 1870 1982 τινὸς
1897 1940 2065 1990 βασιλέως
2096 1941 2278 1992 Αἰγύπτου

1230 1994 1379 2038 πολλοὺς
1404 1998 1473 2033 τῶν
1503 1995 1699 2048 προσοίκων
1727 1997 2081 2048 καταγωνισαμένου,
2105 1998 2164 2036 καὶ
2198 1999 2276 2043 τοὺς

1230 2053 1435 2106 λῃστρικοὺς
1466 2053 1592 2105 ἄνδρας
1623 2054 1962 2107 μεταρρυθμίσαντος
1981 2055 2065 2107 πρὸς
2096 2055 2136 2093 τὸ
2155 2057 2275 2109 φιλάν-

166 2165 219 2195 Fr.
235 2165 286 2196 37.
309 2163 430 2194 Eadem
444 2163 522 2194 ferte
537 2162 701 2194 cedrenus
719 2171 751 2202 p.
768 2167 837 2194 262.
855 2183 894 2189 —
907 2164 960 2195 καὶ
977 2164 1140 2201 νεύσαντος
1153 2168 1208 2196 τοῦ
1228 2159 1383 2206 πλήθους]
1400 2165 1596 2202 κινεύσαντος
1618 2166 1653 2197 τὸ
1669 2167 1782 2204 πλῆθος
1799 2166 1918 2206 codex;
1929 2167 2056 2204 κινήσας
2069 2167 2104 2199 τὸ
2117 2168 2170 2198 πλ.
2188 2167 2271 2207 conj.

124 2212 267 2243 Cramer.
279 2227 321 2233 —-
332 2210 375 2241 ἐπ
385 2222 404 2241 α
412 2222 427 2240 ν
437 2212 476 2242 ελ
484 2212 499 2242 θ
508 2210 549 2241 ού
558 2221 603 2247 ση
612 2209 647 2251 ς]
662 2209 709 2242 Ab
720 2218 790 2241 exe.
808 2212 969 2251 corrupta.
981 2211 1114 2243 Oedi-en.
1135 2224 1142 2242 :
1159 2212 1179 2248 ἡ
1195 2210 1227 2241 δὲ
1243 2213 1278 2243 τὸ
1298 2214 1365 2254 περὶ
1378 2213 1473 2250 αὐτὴν
1484 2213 1622 2253 ἀδίκημα
1631 2216 1676 2254 τῷ
1686 2224 1719 2244 τε
1732 2213 1814 2253 ἀνδρὶ
1826 2213 1932 2254 μικρὸν
1943 2214 2069 2254 ὕστερον
2080 2214 2272 2246 ἐπανελθόντι

124 2259 178 2290 καὶ
190 2262 235 2298 τῷ
246 2258 336 2297 πατρὶ
350 2257 403 2288 καὶ
416 2261 452 2297 τῇ
466 2259 558 2298 λοιπῇ
569 2268 598 2288 ιι.
615 2268 685 2296 συγ.
696 2275 733 2283 -
748 2258 881 2297 Sumpta
894 2257 964 2288 hanc
977 2266 1014 2289 ex
1029 2258 1175 2290 versione
1187 2259 1330 2299 Eutropii
1343 2262 1365 2298 i,
1380 2263 1417 2291 8:
1434 2262 1558 2292 Postea
1571 2259 1717 2292 Ardeam
1730 2268 1947 2300 oppuynans,
1961 2262 1996 2292 in
2011 2263 2130 2293 octavo
2142 2260 2273 2293 decimo

125 2305 297 2336 milliario
311 2304 354 2334 ab
367 2304 452 2335 urbe
462 2306 610 2345 positam
626 2305 802 2335 civilatem
811 2327 820 2342 ‚
833 2305 1018 2344 imperium
1026 2304 1194 2344 perdidit.
1208 2307 1300 2337 Nam
1314 2315 1420 2346 quum
1421 2306 1524 2347 filius
1535 2308 1620 2346 ejus,
1635 2310 1669 2339 el
1683 2309 1754 2348 ipse
1767 2308 1980 2347 Tarquinius
1983 2308 2121 2348 junior,
2134 2308 2273 2340 nobilis-

123 2353 250 2383 simam
262 2350 438 2390 feminam
462 2353 675 2386 Lucretiam,
701 2350 911 2392 eandemque
923 2352 1203 2391 pudicissimam,
1222 2353 1391 2384 Collatini
1406 2362 1569 2393 uxorem,
1584 2356 1778 2395 stuprasset
1788 2348 1921 2395 ‚eaque
1942 2354 1984 2386 de
1997 2355 2130 2394 injuria
2147 2357 2274 2387 marito

124 2402 158 2431 et
173 2400 271 2439 patri
293 2400 326 2429 el
340 2400 458 2429 amicis
473 2401 594 2439 questa
606 2398 758 2438 fuisset,
776 2400 812 2430 in
831 2400 985 2430 omnium
999 2400 1179 2439 conspectu
1192 2407 1227 2429 se
1245 2399 1378 2432 occidit.
1396 2403 1543 2441 Propter
1556 2410 1662 2442 quam
1681 2409 1824 2433 causam
1843 2402 1994 2440 Brutus,
2006 2409 2136 2441 parens
2152 2403 2185 2433 et
2203 2403 2273 2442 ipse

130 2446 331 2486 Tarquinii,
359 2445 527 2484 populum
553 2446 754 2483 concitavit,
780 2447 814 2476 et
842 2446 1032 2485 Tarquinio
1055 2444 1185 2477 ademit
1210 2447 1405 2485 imperium.
1431 2449 1515 2480 Mox
1539 2450 1707 2480 exercitus
1735 2456 1869 2488 quoque
1892 2455 1987 2486 eum,
2014 2449 2074 2488 qui
2097 2449 2273 2481 civilatem

123 2492 273 2524 Ardeam
295 2499 372 2522 cum
393 2492 463 2530 ipso
478 2499 554 2531 reqe
569 2490 811 2531 oppuqnabat‚
827 2491 973 2531 reliquit
992 2504 998 2522 ι
1018 2493 1222 2532 veniensque
1238 2492 1286 2524 ad
1295 2494 1413 2526 urbem
1425 2503 1489 2526 rex
1500 2497 1608 2535 portis
1622 2495 1750 2527 clausis
1763 2495 1922 2527 exclusus
1936 2496 1997 2526 est.
2015 2497 2192 2536 Quumque
2206 2498 2271 2528 im-

122 2540 279 2579 perasset
291 2546 399 2569 annos
413 2539 533 2577 viqinli
545 2540 710 2578 quinque,
725 2545 802 2568 eum
815 2545 923 2568 uxore
937 2539 969 2568 et
982 2537 1104 2569 liberis
1115 2540 1187 2569 suis
1190 2538 1299 2579 fuqil.
1314 2543 1369 2573 Ila
1380 2544 1491 2574 Romae
1502 2544 1685 2582 reynalum
1699 2544 1750 2574 esc
1761 2550 1823 2582 per
1833 2544 1959 2582 septem
1970 2549 2063 2581 reyes
2076 2544 2181 2574 annis
2191 2545 2251 2575 24³
2260 2567 2270 2583 ,

124 2594 233 2626 quum
243 2584 358 2616 adhue
373 2586 494 2622 Roma,
508 2585 566 2615 ubi
581 2584 791 2624 plurimum,
809 2585 868 2614 vix
881 2592 989 2624 usque
1003 2584 1051 2615 ad
1063 2587 1227 2625 quintum
1241 2586 1407 2620 decimum
1420 2589 1637 2621 milliarium
1652 2589 1851 2630 possideret.
1872 2591 1960 2621 Hinc
1973 2589 2127 2621 consules
2142 2597 2272 2629 caepere

120 2641 186 2673 pro
199 2640 268 2663 uno
282 2639 358 2671 φερε
371 2630 438 2662 duo
452 2631 516 2662 liae
530 2631 569 2662 de
583 2639 690 2662 causa
702 2632 833 2666 creari,
849 2633 906 2668 ul,
921 2633 951 2662 si
961 2639 1052 2662 unus
1063 2633 1179 2664 malus
1189 2641 1259 2665 esse
1269 2635 1441 2671 voluisset,
1455 2636 1548 2667 alter
1558 2644 1646 2673 eum,
1659 2635 1785 2667 habens
1793 2637 1993 2676 potestatem
2003 2636 2164 2672 similem,
2178 2643 2270 2667 coer-

123 2681 224 2711 ceret.
238 2680 284 2710 Et
297 2678 431 2717 placuit
444 2686 484 2709 ne
495 2679 678 2717 imperium
690 2678 823 2716 lonqius
834 2685 941 2718 quam
954 2686 1087 2709 annum
1099 2687 1209 2711 unum
1220 2681 1326 2713 haber
1329 2685 1405 2718 ent,
1420 2691 1462 2715 ne
1478 2692 1541 2723 per
1556 2683 1830 2715 diuturnitatem
1841 2685 2022 2723 potestatis
2032 2683 2271 2716 insolentiores

123 2725 367 2762 redderemur,
382 2724 439 2756 sed
453 2725 565 2756 civiles
582 2733 714 2764 semper
729 2726 856 2763 essent,
871 2726 930 2764 qui
945 2733 979 2755 se
991 2726 1067 2764 post
1080 2734 1211 2758 annum
1229 2730 1297 2759 scii
1299 2731 1357 2760 ent
1361 2729 1510 2768 futuros
1524 2738 1593 2761 ess(
1605 2731 1772 2769 privatos.
1789 2746 1825 2752 —
1841 2730 1909 2767 τήν
1927 2727 2098 2770 Ἄρδεαν]
2113 2729 2269 2772 cedren.;

121 2773 175 2804 τὸν
188 2772 281 2813 ἄνδρα
299 2771 369 2802 cod.
384 2771 550 2802 -ἀπεω
563 2770 701 2811 σθεὶς]
730 2770 881 2808 cedren„
906 2771 1097 2808 ἀπεσωσθεις
1111 2773 1182 2804 cod.
1194 2791 1233 2796 ——
1248 2774 1348 2815 ὅρων]
1375 2777 1454 2817 ὁρῶν
1474 2775 1526 2814 ἔτη
1553 2776 1622 2807 cod.
1640 2795 1680 2802 --
1697 2776 1872 2807 ἐντεῦθεν
1891 2777 2071 2815 ἐγένοντο
2092 2777 2158 2807 κτλ.
2171 2775 2182 2816 ]
2205 2776 2269 2808 Pie-

122 2820 197 2851 nius
212 2819 281 2850 haec
301 2820 359 2857 (ex
379 2821 457 2850 Exc.
482 2819 632 2859 Joannis)
650 2818 750 2850 tradit
765 2818 906 2850 suidas:
926 2818 1114 2859 Ὕπατοι,
1131 2823 1160 2852 οἱ
1176 2821 1230 2856 τήν
1243 2825 1304 2853 τῶν
1315 2820 1479 2862 Ῥωμαίων
1495 2821 1650 2854 πολιτείαν
1664 2822 1857 2857 διοικουντες.
1882 2822 2123 2862 Ἀποσεισαμένη
2143 2822 2202 2864 γὰρ
2214 2822 2269 2861 τὴν

122 2865 261 2897 δουλείαν
277 2866 296 2902 ἡ
312 2865 449 2896 πολιτεία
463 2865 539 2904 μετὰ
553 2865 682 2896 θάνατον
696 2864 867 2906 Ταρκυνίου
878 2865 931 2896 δύο
944 2868 1138 2906 στρατηγοῖς,
1153 2867 1344 2899 ἐνιαυσιαίαν
1356 2868 1481 2908 ἔχουσιν
1498 2868 1611 2907 ἀρχὴν,
1623 2868 1678 2905 τὴν
1692 2867 1832 2902 ἐξουσίαν
1847 2867 1991 2908 ἐπέτρεψε
2001 2877 2007 2884 ·
2017 2870 2062 2907 τῷ
2079 2867 2133 2904 μὲν
2149 2867 2268 2908 ἀριθμῷ

121 2916 184 2944 τῶν
201 2912 317 2952 ἀνδρῶν
330 2912 381 2942 τὸν
394 2915 446 2948 τῆς
461 2911 627 2952 μοναρχίας
644 2911 833 2952 διωθουμένη
847 2911 940 2952 φόὸον
953 2934 960 2948 ,
974 2915 1019 2951 τῷ
1032 2912 1064 2943 δὲ
1077 2914 1312 2954 συνεσταλμένῳ
1328 2918 1381 2952 τῆς
1398 2914 1535 2950 ἐξουσίας
1551 2914 1689 2954 μετρίους
1707 2914 1777 2949 τοὺς
1794 2913 1824 2944 ἐν
1837 2916 1874 2954 τῇ
1889 2914 2064 2954 προστασίᾳ
2079 2916 2141 2944 τῶν
2155 2917 2267 2946 κοινῶν

122 2957 364 3000 ἀπεργαζομένη.
380 2958 416 2988 Ὁ
430 2958 488 2998 γὰρ
500 2961 552 2988 νῦν
565 2959 626 2989 ὑπὸ
640 2957 781 2989 πελέκεσί
795 2969 827 2989 τε
837 2959 890 2989 καὶ
905 2958 1024 3000 ράὸδοις
1038 2959 1294 3000 δορυφορούμενος
1307 2961 1360 2991 καὶ
1373 2961 1589 3000 στρατοπέδων
1603 2959 1801 2999 ἐξηγούμενος
1813 2982 1822 2997 ,
1835 2963 1888 2996 τῆς
1903 2958 1968 2999 μετ’
1983 2959 2085 2999 ὀλίγον
2096 2961 2267 2999 μεταὸολῆς

121 3007 164 3042 εἰς
186 3006 303 3037 ἔννοιαν
322 3004 565 3044 καθιστάμενος,
584 3004 703 3045 μέτριόν
721 3016 754 3036 τε
778 3006 830 3036 καὶ
854 3005 1020 3045 δημοτικὸν
1034 3009 1179 3046 παρεῖχεν
1198 3007 1306 3038 ἑαυτὸν
1318 3010 1382 3042 τοῖς
1401 3007 1593 3048 ἀρχομένοις·
1612 3009 1638 3038 εἰ
1656 3007 1682 3038 δ’
1701 3006 1762 3046 ἄρα
1774 3017 1818 3041 τις
1834 3006 1951 3046 βαρέως
1966 3016 1999 3036 τε
2012 3006 2065 3037 καὶ
2079 3006 2266 3043 ἀλαζονικῶς

121 3055 225 3095 χρῷτο
245 3055 283 3091 τῇ
305 3051 486 3090 δυναστείᾳ,
503 3051 613 3091 ῥᾳδίως
629 3051 717 3087 οὗτος
732 3051 792 3083 ὑπὸ
809 3052 936 3093 θατέρου
952 3055 1014 3083 τῶν
1028 3053 1187 3093 ἡγεμόνων
1199 3078 1208 3093 ,
1222 3055 1356 3093 ὶσοπαλῆ
1371 3054 1498 3095 δύναμιν
1513 3054 1637 3095 ἔχοντος
1649 3077 1658 3094 ,
1672 3057 1841 3095 γυμνοῦται
1862 3056 1918 3084 τοῦ
1935 3053 2138 3094 φρονήματος.
2157 3054 2266 3095 Τούτῳ

121 3100 175 3132 οὖν
188 3099 226 3137 δὴ
239 3101 284 3139 τῷ
298 3098 403 3140 τρόπῳ
415 3101 468 3136 τῆς
481 3098 635 3134 πολιτείας
649 3099 803 3138 φυγούσης
822 3100 996 3140 τυραννίδος
1014 3100 1171 3141 βαρύτητα
1183 3103 1235 3133 καὶ
1250 3100 1457 3142 δημοκρατίας
1471 3101 1642 3133 ἀκολασίαν
1656 3124 1664 3139 ,
1679 3100 1901 3140 προχειρίζεται
1914 3099 2055 3140 πρώτους
2074 3101 2265 3140 στρατηγοὺς

121 3145 347 3186 αὐτοκράτορας
361 3144 469 3184 ἄνδρας
483 3144 537 3175 δύο
550 3168 557 3182 ,
575 3147 768 3182 Κονσούλους
786 3147 896 3182 αὐτοὺς
913 3146 1099 3187 ὀνομάσασα
1111 3170 1119 3185 ,
1137 3147 1189 3178 οἶα
1202 3147 1239 3185 δὴ
1253 3147 1441 3187 προὸούλους
1459 3148 1511 3178 καὶ
1527 3146 1716 3187 προηγόρους
1731 3145 1814 3180 τινάς
1824 3152 1833 3161 ·
1850 3145 1901 3180 οὓς
1915 3144 2060 3182 ’Έλληνες
2075 3146 2152 3185 μετὰ
2167 3149 2266 3178 ταῦτα

120 3191 172 3223 διὰ
193 3194 248 3230 τὴν
270 3192 425 3233 ὑπεροχὴν
447 3195 499 3229 τῆς
523 3192 662 3229 ἐξουσίας
689 3193 875 3228 Ὑπάτους
904 3194 1184 3234 προσηγορεύκασι.
1212 3197 1292 3232 Quae
1311 3193 1424 3225 deinde
1442 3202 1493 3234 ap.
1517 3193 1648 3226 suidam
1668 3193 1844 3232 sequuntur
1865 3191 1905 3223 de
1934 3193 2089 3232 Eutropio
2114 3193 2264 3225 eunucho

121 3243 268 3280 consule,
289 3242 365 3273 item
388 3250 405 3272 e
425 3240 557 3272 Joannis
572 3244 650 3272 Exc.
671 3242 745 3319 Πεθρὶ
760 3242 866 3282 ἀρετῆς
885 3242 1052 3282 desumpta
1064 3244 1149 3274 sunt.
1164 3240 1245 3272 Vide
1261 3241 1354 3272 infra.
1369 3259 1409 3266 -—
1425 3240 1584 3272 Nonnulla
1600 3248 1638 3270 ex
1658 3239 1687 3269 h.
1708 3238 1729 3269 Ι.
1746 3238 1860 3270 suidas
1877 3237 1991 3277 repetit
2009 3246 2040 3268 v.
2058 3239 2262 3274 Κονσούλους.

162 3291 216 3322 Fr.
235 3292 285 3321 38.
305 3288 353 3320 Cs
373 3287 503 3320 Diodor.
525 3289 634 3326 XVH,
653 3292 687 3319 5.
737 3290 878 3327 ;AElian.
897 3292 926 3322 V
955 3291 992 3321 H.
1010 3291 1073 3329 VI,
1097 3295 1127 3322 8.
1147 3289 1256 3322 Nescio
1270 3288 1355 3319 unde
1371 3296 1428 3318 sua
1441 3286 1557 3318 habeat
1572 3285 1685 3318 suidas
1698 3294 1729 3316 v.
1750 3285 1890 3321 Λαὸαἵς·
1911 3296 1927 3312 ιι
1945 3284 2013 3317 Ὅτι
2027 3286 2159 3324 Βαγώας
2180 3287 2198 3317 ὁ
2210 3286 2263 3318 Αἰ·

121 3337 249 3378 γύπτιος
269 3336 395 3376 ἔσφαξεν
409 3335 511 3376 Ωχον
525 3346 578 3366 τον
592 3293 735 3375 Πέρσην,
750 3337 802 3367 καὶ
815 3337 854 3367 τὰ
872 3337 925 3377 μὲν
943 3338 1057 3377 κρέατα
1076 3338 1190 3378 ἔφαγε,
1206 3336 1245 3367 τὰ
1267 3334 1327 3366 δὲ’
1315 3335 1410 3366 οστέα
1429 3336 1590 3374 μαχαιρῶν
1605 3332 1770 3373 εἰργάσατο
1784 3331 1890 3367 λαὸάς.
1911 3343 1927 3359 υ

151 3387 216 3417 Ἐπ’.
236 3388 287 3416 39.
303 3383 322 3424 §
336 3388 367 3414 2.
386 3384 531 3414 Fortasse
544 3384 684 3413 Joannes
697 3384 865 3422 postquam
879 3384 962 3415 Asiae
978 3386 1009 3415 et
1023 3385 1148 3425 AEgypti
1164 3390 1258 3424 regna
1271 3381 1311 3412 ab
1322 3380 1503 3414 Alexandro
1519 3387 1628 3412 eversa
1638 3387 1704 3411 esse
1723 3378 1865 3417 dixerat,
1885 3377 1925 3409 ad
1941 3377 2054 3410 altiora
2066 3377 2261 3410 adscendens

121 3431 228 3472 paucis
250 3430 409 3463 fortunam
432 3429 546 3460 horum
570 3428 777 3468 impet-lorum
801 3429 942 3461 recoluit.
