2326 3724
983 197 1313 238 FRAGMENTA.

143 310 159 326 «
182 295 238 330 De
258 291 377 329 Nubis
399 298 436 328 et
458 290 656 338 Blemmyis
672 289 740 325 sub
755 289 950 324 Marciano
967 287 1126 323 devictis

86 360 242 389 testatur
257 352 441 388 Iordanes
454 352 493 385 in
508 350 593 385 libr.
609 350 667 384 De
687 359 848 383 success.
870 358 976 394 regn.
1005 359 1012 381 :
1033 347 1125 388 Cum

85 405 236 441 Parthis
267 412 306 439 et
334 404 521 438 Vandalis
549 405 676 437 onmia
707 398 967 446 infestantibus
988 411 1126 446 pacem

85 467 260 506 instituit,
281 463 410 498 Atttlae
424 465 547 496 minas
559 462 798 507 compescuit,
815 458 992 493 Nubacles
1006 458 1127 492 Blem-

87 534 260 569 myasque
275 520 468 568 AEtlaeiopia
478 518 677 567 prolapsos
679 529 757 565 per
769 518 935 559 Florum,
956 517 990 550 A
994 517 1123 550 leoean-

83 581 206 614 drinoe
230 579 330 613 urbis
352 585 650 626 procuratorem,
681 576 827 610 sedavit
852 587 898 609 ac
920 575 1071 621 pepulit
1102 586 1126 608 ct

85 636 234 672 sedibus
258 637 364 671 Rom.
387 636 478 670 Erat
497 635 559 670 hic
583 635 718 671 Florus
733 646 813 668 non
837 633 960 668 solum
979 633 1127 667 Procu-

86 701 190 731 rator
207 694 283 730 sive
311 693 542 741 Augustalis,
565 692 631 729 sed
658 693 769 728 etiam
796 692 929 727 Comes
947 691 1002 726 rei
1027 691 1128 725 mili-

95 753 186 788 taris
199 764 270 800 per
288 751 514 800 AEgyptum,
534 758 578 786 ut
601 763 647 786 ex
666 751 793 785 Prisco
815 750 927 785 docet
946 750 1129 797 Euagrius

87 811 168 862 (11,
191 809 248 860 5).
279 811 327 846 Hi
351 822 373 845 a
391 810 582 858 Procopio
606 806 767 846 Νοὸᾶται
793 808 986 851 dicuntur,
1004 819 1025 843 a
1051 808 1130 843 Ste-

62 882 67 886 ·
85 869 216 918 phano
235 867 373 907 Νοῧὸαι
391 876 428 904 et
454 865 647 908 Νουὸάδες.
676 888 728 895 -
743 869 800 909 De
814 866 866 903 Isi
895 867 1009 902 Philis
1029 867 1127 901 culta

86 928 256 975 loquitur
271 927 386 962 etiam
412 927 579 961 Marinus
602 927 640 960 in
661 926 738 961 Vit.
759 925 899 960 Procli.
921 925 1130 972 Procopius

86 986 189 1022 Pers.
208 987 225 1020 I
237 1012 247 1030 ,
262 998 303 1033 p.
327 984 375 1021 33
394 985 446 1019 ait
464 984 591 1020 Nubas
607 991 645 1020 et
662 985 872 1031 Blemmyas
889 984 978 1018 Isim
997 990 1034 1018 et
1047 983 1129 1018 Osi·

87 1045 161 1079 rim
178 1045 317 1081 colere.
337 1043 444 1079 Adde
458 1050 495 1078 et
509 1044 678 1078 Servium
695 1043 734 1077 in
748 1043 815 1077 lib.
831 1043 881 1079 VI
898 1043 983 1078 AEn.
1004 1041 1128 1090 (154),

87 1115 134 1138 ex
152 1103 293 1138 Seneca
312 1102 351 1136 in
378 1099 477 1136 libro
505 1103 561 1137 De
579 1102 694 1137 sacris
721 1108 758 1136 et
780 1100 915 1136 ritibus
934 1100 1129 1148 AEgyptio·

87 1173 186 1196 rum.
217 1160 291 1196 Sed
318 1159 530 1194 notandum
547 1167 622 1204 est,
653 1159 759 1206 quod
779 1159 831 1194 ait
859 1158 1070 1206 Procopius
1091 1158 1131 1192 in

88 1220 187 1254 libro
211 1219 290 1266 jain
325 1219 463 1262 citam,
498 1218 782 1253 Diocletianum
815 1217 976 1261 scilicet,
1011 1228 1130 1263 quum

87 1277 196 1324 juxta
225 1277 498 1325 Elephantinen
529 1277 690 1312 insulam
720 1277 759 1311 in
790 1276 877 1311 Nilo
908 1275 1128 1323 reperisset,

92 1342 215 1370 castro
247 1335 302 1369 ibi
333 1339 545 1379 exstructo,
574 1346 656 1370 aras
686 1334 868 1369 Romanis
897 1340 935 1368 et
961 1332 1132 1367 barbaris

22 1403 51 1440 J
91 1406 309 1430 communes
338 1394 530 1439 statuisse,
561 1406 604 1429 ac
641 1392 856 1428 sacerdotes
896 1404 942 1427 ex
970 1398 1132 1438 utraque

91 1459 202 1500 gente
222 1451 433 1496 ordinasse,
454 1459 497 1487 ut
524 1463 721 1487 sacrorum
749 1450 1019 1486 communione
1038 1451 1130 1485 ami-

92 1511 181 1546 citia
200 1509 444 1554 coalesceret,
461 1509 564 1545 unde
581 1517 618 1545 et
634 1510 761 1544 locum
774 1508 898 1544 Philas
911 1508 1074 1543 vocavit.
1088 1509 1133 1543 In

71 1580 170 1616 .quo
205 1568 346 1603 fallitur
375 1568 601 1616 Procopius.
636 1568 751 1603 Philae
771 1568 871 1603 enim
900 1567 1014 1614 longe
1048 1573 1133 1602 ante

91 1626 318 1661 Diocletiani
345 1626 549 1673 imperium
577 1626 817 1670 dicebantur,
850 1632 893 1661 ut
915 1632 1062 1662 constat
1089 1638 1133 1661 ex

93 1681 279 1720 Strabone
295 1691 332 1720 et
346 1684 564 1722 Ptolemaeo.
582 1700 597 1717 »
612 1685 810 1721 vlumus.

333 1790 397 1814 22.
433 1777 529 1827 (453
550 1779 727 1816 Marcian.
750 1791 811 1816 an.
830 1778 895 1827 4.)

147 1866 331 1914 Euagrius
362 1866 454 1902 Hist.
488 1867 590 1902 Eccl.
628 1867 685 1912 ΙΙ,
718 1865 740 1902 5
767 1878 776 1904 :
800 1864 988 1916 Προτέριος
1016 1864 1052 1903 δὲ
1073 1864 1135 1912 τὴν

94 1922 286 1968 ἐπισκοπὴν
315 1922 420 1975 ψήφῳ
439 1925 537 1974 κοινῇ
559 1925 620 1969 τῆς
643 1922 785 1961 συνόδου
807 1925 868 1969 τῆς
885 1923 1135 1976 Ἀλεξανδρέων

95 1982 305 2033 κληροῦται·
332 1979 367 2024 ὃς
395 1979 515 2027 ἐπειδὴ
539 1979 598 2018 τὸν
618 1981 742 2018 οἷκεῑον
770 1981 972 2033 κατειλήφει
1001 1981 1132 2033 θρόνον,

98 2037 256 2088 μέγιστος
281 2038 341 2076 καὶ
370 2037 575 2081 ἀνύποιστος
593 2038 746 2091 τάραχος
771 2040 822 2091 τῷ
851 2039 953 2091 δήμῳ
974 2039 1136 2086 διανέστη

98 2095 182 2146 πρὸς
219 2095 400 2148 διαφόρους
426 2095 670 2149 κυμαινομένῳ
701 2096 853 2147 γνώμας.
892 2099 939 2137 Οἱ
971 2097 1033 2148 μὲν
1070 2097 1138 2151 γὰρ

98 2152 288 2205 Διόσκορον
309 2153 495 2200 ἐπεζήτουν
513 2148 589 2204 (οἶοί
613 2170 678 2205 περ
704 2154 793 2198 εἰκὸς
819 2156 854 2193 ἐν
879 2157 950 2199 τοῖς
975 2156 1138 2200 τοιούτοις

97 2209 273 2263 γίνεσθαι)
285 2240 299 2261 ,
319 2214 350 2250 οἱ
365 2211 401 2250 δὲ
421 2212 612 2264 Προτερίου
629 2213 726 2263 μάλα
739 2216 900 2262 γεννικῶς
917 2213 1113 2265 ἀντείχοντο
1125 2245 1135 2265 ,

98 2271 144 2312 ὡς
161 2268 221 2307 καὶ
245 2269 360 2308 πολλὰ
377 2269 437 2308 καὶ
456 2269 631 2317 ἀνήκεστα
659 2273 851 2323 προελθεῖν.
884 2272 1032 2323 Ἱστορεῖ
1059 2277 1139 2322 γοῦν

49 2335 54 2340 “
100 2327 252 2380 Πρίσκος
265 2331 284 2366 ὁ
301 2327 416 2381 ῥήτωρ
434 2332 560 2381 φθῆναι
580 2333 772 2376 τηνικαῦτα
788 2331 820 2373 ἐς
838 2329 901 2377 τὴν
918 2331 1138 2383 Ἀλεξάνδρου

66 2433 71 2437 .
100 2387 138 2424 ἐκ
170 2389 232 2433 τῆς
262 2389 331 2424 τῶν
362 2386 533 2433 Θηὸαίων
560 2387 753 2440 ἐπαρχίας,
774 2389 856 2426 ἰδεῖν
882 2404 919 2426 τε
940 2389 998 2427 τὸν
1030 2390 1139 2440 δῆμον

99 2495 140 2527 de
151 2496 219 2535 ejus
227 2496 318 2528 obitu
327 2496 469 2528 barbaris
481 2497 665 2529 nuntiatum
680 2499 745 2538 est,
758 2500 789 2531 vi
801 2499 928 2532 obsides
940 2500 1138 2541 eripuerunt,

99 2549 132 2580 et
144 2547 304 2588 regionem
321 2548 561 2581 excursionibus
574 2551 750 2582 vastarunt.

100 2707 317 2748 episcopatum
335 2709 477 2740 sortitur.
495 2709 559 2746 Qui
571 2718 673 2749 quum
686 2711 793 2742 sedem
806 2720 898 2742 suam
913 2713 1141 2753 capessivisset,

101 2759 209 2799 ingens
225 2760 322 2800 atque
338 2759 545 2792 intolerabilis
557 2762 688 2793 exortus
705 2763 753 2794 est
772 2763 932 2794 tumultus
946 2763 978 2794 in
995 2763 1142 2802 civitate,

103 2812 219 2852 populo
229 2812 261 2843 in
275 2811 415 2844 diversas
425 2814 596 2846 sententias
606 2813 769 2846 distracto.
787 2815 846 2846 Alii
857 2817 941 2847 enim
954 2817 1142 2849 Dioscorum

103 2862 317 2903 requirebant,
331 2865 367 2894 ut
385 2864 416 2895 in
439 2864 622 2904 hujusmodi
639 2866 859 2898 occasionibus
882 2867 949 2898 fieri
965 2868 1064 2908 solet3
1089 2869 1144 2900 alii

103 2914 282 2945 Protei-ium
301 2915 504 2954 pertinaciter
526 2916 750 2956 defendebant,
767 2918 846 2949 adeo
863 2920 899 2949 ut
915 2915 1016 2951 multa
1032 2920 1144 2952 admo-

103 2963 180 2995 dum
196 2965 304 3003 gravia
327 2974 365 2996 ac
387 2974 485 3006 prope
508 2967 692 2999 insanabilia
709 2968 782 3000 inde
804 2968 1023 3009 profluxerint.
1049 2971 1145 3003 Certe

106 3016 230 3048 Priscus
239 3017 346 3048 rhetor
358 3017 390 3048 in
400 3018 538 3050 Historia
551 3028 609 3051 sua
621 3020 742 3059 scribit,
756 3020 803 3052 liis
816 3022 1013 3062 temporibus
1023 3023 1145 3055 venisse
1170 3017 1174 3059 l

588 2605 647 2636 22.
1168 2573 1173 2843 Ι

142 2656 305 2688 proterius
318 2657 483 2689 communi
497 2658 596 2690 totius
605 2658 875 2699 synodisustragio
890 2660 1143 2693 Alexandrinum

45 3101 49 3105 ,
103 3075 136 3098 se
152 3067 376 3099 Alexandriam
398 3077 438 3100 ex
454 3071 617 3109 provincia
632 3071 810 3110 Thebaide,
825 3073 856 3103 et
874 3074 982 3113 populi
996 3074 1144 3106 multitu·

104 3117 209 3150 dinem
223 3120 378 3159 impetum
391 3121 423 3152 in
437 3122 639 3161 magistratus
653 3124 819 3155 facientem
832 3125 956 3157 vidisse.
972 3127 1145 3167 Quumque

105 3169 219 3202 milites
233 3171 422 3212 seditionem
445 3173 588 3205 inhibere
601 3175 730 3215 vellent,
749 3176 902 3216 popululn
919 3185 973 3208 eos
988 3177 1145 3218 lapidibus

104 3221 291 3260 appetivisse
305 3223 381 3254 etin
395 3224 502 3263 fugam
511 3226 660 3257 vertisse:
673 3228 705 3258 et
715 3235 815 3266 quum
825 3227 940 3258 milites
949 3228 979 3259 in
987 3229 1143 3269 templum

104 3273 191 3312 quod
205 3274 280 3305 olim
293 3274 394 3307 suerat
409 3277 567 3316 Serapidis
579 3287 612 3309 se
626 3279 829 3318 recepissent,
846 3281 999 3320 populum
1014 3290 1068 3311 eos
1080 3281 1144 3313 illie

105 3324 262 3358 obsedisse
278 3329 310 3358 et
317 3328 406 3360 vivos
419 3337 647 3362 concremasse.
662 3334 707 3362 Ea
719 3341 752 3363 re
765 3333 888 3371 cognita
898 3357 907 3371 ‚
918 3333 1142 3373 imperatorem

105 3377 168 3408 duo
181 3379 277 3410 millia
292 3380 447 3420 militum,
464 3382 518 3421 qui
530 3390 638 3414 recens
651 3384 820 3424 conscripti
831 3387 934 3425 erant,
949 3394 986 3417 eo
997 3385 1118 3418 misisse
1135 3399 1141 3418 z

2153 204 2218 237 tol

1188 282 1294 333 ὁμόσε
1316 281 1406 320 κατὰ
1427 284 1494 319 τῶν
1513 281 1691 333 ἀρχόντων
1712 287 1910 334 χωροῦντα,
1928 286 1988 330 τῆς
2005 299 2042 322 τε
2062 299 2227 336 στρατιω-

1187 344 1284 387 τικῆς
1320 340 1495 389 δυνάμεως
1529 341 1591 387 τὴν
1628 340 1749 378 στάσιν
1782 342 1986 379 διακωλύειν
2019 342 2228 394 βουλομένης

1190 398 1294 437 λίθων
1312 400 1429 450 βολαῖς
1447 398 1569 442 αὐτοὺς
1582 398 1798 450 χρήσασθαι.
1817 398 2024 451 Τρέψασθαί
2040 415 2076 438 τε
2092 400 2231 444 τούτους

1189 456 1253 494 ἀνὰ
1279 457 1318 494 τὸ
1343 457 1432 508 ἱερὸν
1455 457 1493 494 τὸ
1515 458 1626 494 πάλαι
1648 455 1866 508 Σαράπιδος,
1886 456 1947 494 καὶ
1968 458 2231 509 ἀναδραμόντας

1189 517 1479 567 ἐκπολιορκῆσαι,
1507 514 1568 553 καὶ
1589 514 1672 568 πυρὶ
1694 517 1822 559 ζῶντας
1841 515 2074 565 παραδοῦναι.
2109 516 2233 554 Ταῦτά

1189 589 1226 612 τε
1245 573 1303 611 τὸν
1326 573 1472 624 βασιλέα
1492 573 1647 623 μαθόντα
1669 573 1858 624 δισχιλίους
1885 572 2079 616 νεολέκτους
2100 566 2239 623 ἐκπέμ-γ

1189 635 1271 685 ψαι,
1292 632 1351 670 καὶ
1382 635 1442 670 τοῦ
1463 630 1659 681 πνεύματος
1688 630 1915 682 ἐπιτυχόντας
1940 632 2232 683 οὐριοδρομῆσαι,

1190 694 1236 735 ὡς
1254 691 1320 728 ἀνὰ
1336 690 1398 737 τὴν
1416 689 1519 736 ἕκτην
1536 692 1604 727 τῶν
1621 692 1760 740 ἡμερῶν
1774 692 1817 739 τῇ
1839 690 1974 742 μεγάλῃ
1992 692 2059 727 τῶν
2078 689 2234 734 Ἀλεξαν-

1191 750 1298 802 δρέων
1318 752 1508 801 προσσχεῖν
1530 747 1643 786 πόλει.
1681 749 1878 787 Κάντεῧθεν
1910 750 1979 786 τῶν
2012 752 2233 800 στρατιωτῶν

1191 807 1446 861 παροινούντων
1471 806 1503 850 ἔς
1523 822 1560 845 τε
1590 806 1652 850 τὰς
1682 805 1836 858 γαμετὰς
1859 807 1919 845 καὶ
1947 807 2135 859 θυγατέρας
2166 810 2234 845 τῶν

1190 865 1438 918 Ἀλεξανδρέων
1454 894 1464 912 ,
1486 867 1554 903 τῶν
1575 864 1752 917 προτέρων
1772 867 1892 917 πολλῷ
1911 865 2084 917 δεινότερα
2105 867 2234 916 προελ-

1191 926 1273 964 θεῖν.
1295 923 1468 976 ἸΥστερόν
1501 939 1539 961 τε
1568 924 1733 970 δεηθῆναι
1767 923 1824 961 τὸν
1858 925 1967 974 δῆμον
1989 928 2048 962 τοῦ
2083 924 2235 976 Φλώρου

1191 985 1260 1020 τῶν
1287 983 1544 1035 στρατιωτικῶν
1569 981 1759 1032 ταγμάτων
1779 982 1991 1033 ἡγουμένου,
2012 985 2098 1032 ὁμοῦ
2118 999 2156 1020 τε
2176 982 2236 1020 καὶ

1192 1041 1256 1087 τὴν
1276 1039 1459 1086 πολιτικὴν
1482 1039 1654 1082 διέποντος
1680 1039 1808 1092 ἀρχὴν,
1831 1040 1896 1078 ἀνὰ
1919 1039 1980 1086 τὴν
2001 1040 2236 1092 ἱπποδρομίαν

1196 1099 1401 1138 ἇλισθέντα·
1418 1098 1506 1137 ὥστε
1526 1096 1817 1151 καταπράξασθαι
1838 1101 1953 1142 αὐτοῖς
1971 1098 2035 1145 τὴν
2058 1103 2118 1137 τοῦ
2138 1115 2236 1146 σιτη-

1196 1158 1311 1209 ρεσίου
1339 1157 1521 1210 χορηγίαν,
1550 1156 1662 1209 ἥνπερ
1690 1160 1775 1210 παρ’
1801 1159 1914 1196 αὐτῶν
1935 1157 2112 1210 ἀφῄρητο,
2132 1157 2176 1200 τά.
2201 1174 2238 1195 τε

1195 1219 1362 1269 βαλανεῖα
1376 1216 1436 1254 καὶ
1453 1215 1514 1261 τὴν
1526 1214 1605 1253 θέαν
1618 1215 1679 1252 καὶ
1691 1214 1756 1252 ὅσα
1771 1215 1827 1253 διὰ
1841 1215 1903 1262 τὴν
1917 1215 2106 1266 γενομένην
2124 1218 2236 1254 αὐτῶν

1193 1274 1338 1319 ἀταξίαν
1353 1273 1594 1320 ἀπεκόπησαν.
1615 1273 1687 1312 Καὶ
1704 1273 1812 1317 οὕτως
1831 1274 1888 1312 τὸν
1906 1276 2056 1326 Φλῶρον
2072 1274 2239 1325 ἐσηγήσει

1192 1336 1235 1385 τῇ
1262 1334 1366 1371 αὐτοῦ
1386 1331 1536 1385 φανέντα
1561 1334 1611 1384 τῷ
1641 1331 1742 1385 δήμῳ
1769 1332 1983 1383 ὑποσχέσθαι
2003 1349 2039 1370 τε
2061 1334 2156 1385 αὐτῷ
2176 1333 2239 1371 καὶ

1193 1391 1255 1438 τὴν
1276 1391 1398 1429 στάσιν
1418 1391 1502 1442 πρὸς
1524 1390 1637 1442 βραχὺ
1658 1391 1837 1430 διαλῦσαι.
1860 1393 2002 1429 Eadem
2028 1401 2158 1429 narrat
2175 1395 2239 1429 Ni-

1194 1452 1381 1500 cephorus
1401 1452 1512 1495 VIII,
1538 1449 1599 1494 15,
1620 1451 1687 1497 qui
1709 1452 1821 1486 etiam
1845 1451 1953 1487 addit
1981 1453 2165 1487 nonnulla
2192 1452 2239 1487 de

1193 1510 1385 1558 Serapidis
1429 1510 1592 1557 templo,
1621 1521 1703 1556 quae
1746 1509 1903 1546 fortasse
1933 1523 1953 1546 e
1984 1511 2110 1546 Prisco
2151 1512 2239 1545 item

1193 1558 1350 1605 fluxisse.
1363 1569 1577 1617 suspicatur
1596 1569 1775 1606 Valesius.

1601 1654 1665 1693 23.
1699 1654 1838 1705 (453.)

1247 1746 1267 1781 J
1271 1745 1458 1781 ornandes
1479 1757 1513 1780 c.
1534 1748 1583 1792 49
1601 1755 1609 1780 :
1634 1745 1684 1779 Id
1697 1746 1850 1780 accessit
1864 1745 2039 1780 mirabile
2051 1772 2061 1790 ‚
2081 1753 2119 1780 ut
2138 1746 2242 1780 Mar·

1195 1807 1317 1849 ciano,
1336 1806 1500 1852 principi
1522 1805 1697 1846 Orientis,
1720 1804 1768 1839 de
1786 1811 1861 1838 tam
1871 1802 1999 1850 feroci
2022 1803 2125 1843 horte
2143 1805 2241 1839 solli-

1196 1867 1268 1898 cito
1289 1866 1326 1897 in
1345 1865 1481 1897 somnis
1499 1863 1676 1896 dlvinitas
1695 1861 1890 1904 adsistens,
1915 1873 2041 1896 arcum
2059 1863 2191 1897 Actiloe
2204 1864 2241 1896 in

1196 1922 1327 1957 eadem
1350 1929 1455 1956 nocte
1469 1917 1641 1966 fractum
1660 1921 1882 1963 ostenderet,
1906 1923 2013 1967 quasi
2029 1921 2130 1967 quod
2149 1932 2243 1966 gens

1198 1983 1280 2027 ipsa
1293 1991 1336 2014 eo
1355 1980 1425 2014 telo
1438 1979 1783 2027 multaproesumac.
1799 1978 1875 2012 Hoc
1891 1978 2039 2013 Priscus
2049 1977 2243 2013 histor-leus

1200 2050 1292 2073 vera
1310 2050 1350 2072 se
1367 2037 1460 2072 dicit
1476 2040 1712 2071 attestatione
1721 2034 1900 2083 probare.

1428 2134 1491 2172 24.
1525 2128 1645 2180 (456.
1668 2130 1846 2166 Marcian.
1869 2142 1930 2166 an.
1954 2128 2013 2177 7.)

1253 2219 1342 2253 Exc.
1364 2220 1418 2254 De
1446 2219 1518 2266 leg.
1540 2219 1653 2253 Rom.
1677 2230 1718 2265 p.
1743 2218 1790 2263 73
1813 2230 1820 2252 :
1850 2213 1936 2254 εὈτι
1967 2214 2153 2267 Γεζερίχου
2182 2215 2244 2261 τὴν

1200 2272 1348 2322 Ῥώμην
1393 2274 1630 2326 πορθήσαντος
1642 2303 1652 2320 ,
1691 2273 1753 2311 καὶ
1797 2273 2038 2325 βασιλεύοντος
2090 2272 2244 2319 ’Aeta-ou,

1201 2331 1400 2383 Μαρκιανὸς
1415 2334 1432 2369 ὁ
1455 2334 1523 2369 τῶν
1540 2335 1599 2378 τῆς
1624 2330 1669 2369 ἕω
1694 2331 1879 2381 Ῥωμαίων
1899 2331 2061 2383 βασιλεὺς
2076 2331 2174 2383 παρὰ
2187 2331 2245 2369 τὸν

1203 2390 1384 2442 Γεζέριχον
1402 2390 1461 2428 τὸν
1478 2392 1545 2428 τῶν
1563 2389 1753 2436 Βανδήλων
1775 2389 1930 2442 ἄρχοντα
1948 2389 2110 2442 πρέσὸεις
2128 2389 2246 2428 ἔστελ·

1202 2501 1256 2541 qui
1274 2500 1415 2532 secundo
1434 2501 1531 2532 vento
1549 2501 1595 2532 usi
1615 2500 1694 2532 adeo
1717 2509 1866 2541 prospere
1888 2500 2091 2540 navigarunt,
2109 2504 2144 2532 ut
2157 2502 2248 2532 sexta

1202 2553 1272 2592 post
1296 2552 1347 2584 die
1367 2552 1408 2583 ad
1433 2560 1581 2592 magnam
1599 2551 1891 2583 Alexandrinorum
1918 2551 2031 2583 urbem
2054 2552 2245 2592 appulerint.

1203 2605 1326 2637 Deinde
1352 2614 1454 2645 quum
1479 2605 1596 2637 milites
1619 2605 1817 2645 petulantius
1841 2604 2013 2636 illuderent
2039 2604 2191 2636 uxoribus
2214 2606 2247 2636 et

1201 2657 1326 2689 filiabus
1354 2658 1662 2697 Alexandrinorum,
1690 2657 1793 2688 multo
1817 2658 1962 2697 graviora
1987 2666 2086 2697 quam
2110 2657 2248 2688 antehac

1201 2710 1385 2749 perpetrata
1401 2718 1477 2741 esse.
1494 2708 1637 2741 Tandem
1654 2717 1730 2740 vero
1747 2708 1898 2748 populum
1915 2709 1949 2740 in
1968 2708 2054 2740 circo
2076 2717 2247 2749 congrega-

1205 2763 1275 2794 tum
1291 2770 1415 2802 rogasse
1435 2761 1584 2799 Florum,
1610 2761 1666 2801 qui
1682 2762 1761 2792 tunc
1773 2761 1840 2792 dux
1854 2761 1898 2793 rei
1916 2761 2061 2793 militaris
2076 2770 2131 2801 per
2149 2763 2245 2801 AEgy-

1204 2816 1353 2855 ptum,et
1368 2815 1539 2855 pra-tectus
1554 2814 1648 2846 simul
1659 2815 1728 2845 erat
1746 2813 1960 2854 Alexandriae,
1974 2816 2009 2845 ut
2025 2814 2245 2854 praebitionem

1204 2875 1352 2906 annonae,
1363 2866 1544 2907 quamipsis
1556 2866 1740 2905 ademerat,
1760 2866 1882 2897 restitui
1894 2867 2032 2898 curaret.
2045 2865 2155 2897 balnea
2171 2866 2246 2897 item

1203 2921 1235 2951 et
1254 2920 1435 2960 spectacula
1451 2921 1482 2950 et
1497 2927 1700 2958 quaecunque
1716 2919 1790 2958 ipsis
1806 2919 1912 2950 ablata
1927 2919 2053 2950 fuerant
2066 2919 2108 2950 ob
2121 2918 2247 2949 seditio-

1203 2980 1276 3002 nem
1293 2971 1334 3002 ab
1357 2971 1431 3010 ipsis
1449 2970 1654 3001 concitatam.
1671 2970 1803 3001 Florum
1829 2978 1926 3008 vero,
1945 2978 2041 3000 suasu
2062 2972 2093 3001 et
2114 2969 2245 3000 consilio

1204 3023 1323 3061 Prisci,
1340 3022 1588 3062 inconspectum
1605 3021 1716 3061 populi
1735 3021 1887 3061 prodiisse
1898 3045 1908 3060 ‚
1924 3030 2022 3061 seque
2038 3021 2068 3052 id
2086 3022 2244 3053 facturum

1204 3073 1405 3114 promisisse,
1428 3074 1527 3113 atque
1541 3073 1584 3104 ita
1597 3072 1786 3104 seditionem
1810 3072 1899 3104 brevi
1915 3071 2106 3104 dissolvisse.

1698 3128 1757 3160 24.

1246 3183 1416 3222 Postquam
1427 3181 1614 3214 Gensericus
1627 3183 1761 3213 Romam
1771 3182 1960 3219 vastaverat,
1968 3180 2163 3220 impcrIOque
2174 3180 2243 3212 Avi-

1203 3234 1255 3264 tus
1265 3233 1384 3273 potitns
1393 3234 1471 3271 erat,
1486 3233 1675 3267 Marcianus,
1689 3234 1906 3264 Romanorum
1918 3232 2129 3263 Orientalium
2143 3233 2242 3270 impe-

1203 3287 1301 3324 rator,
1311 3285 1351 3315 ad
1359 3286 1564 3317 Gensericum
1576 3286 1693 3325 legatos
1701 3285 1857 3324 misit‚qui
1865 3284 2013 3323 juberent
2021 3292 2094 3314 eum
2103 3283 2144 3314 ab
2152 3283 2243 3314 Italia

1202 3336 1354 3367 vastanda
1369 3336 1540 3375 abstinere,
1554 3338 1585 3367 et
1601 3343 1733 3367 uxorem
1746 3335 1955 3366 Valentiniani
1970 3333 2196 3373 (Eudocsam)
2211 3336 2243 3364 et

1203 3387 1270 3426 ejus
1282 3387 1359 3418 filias
1371 3387 1381 3427 (
1395 3387 1592 3419 Eudoxiam
1600 3389 1633 3419 et
1645 3386 1842 3419 Placidiam
1852 3386 1903 3426 >in
1916 3384 2130 3425 captivitatem
2145 3384 2242 3416 abdu-
