2326 3724
119 259 193 292 256

118 339 211 391 μένῳ
238 339 463 389 παρασκευῆς
491 335 671 412 ἀφορμὴν,
699 335 758 373 καὶ
789 333 849 374 δύο
869 338 988 386 μηνῶν
1009 335 1031 382 ἢ
1060 349 1163 389 τριων

116 396 359 450 παραδρομήν.
382 397 454 436 Και
474 399 532 434 οὖν
551 397 685 448 ἀπηρεν
703 394 759 434 ἐπὶ
787 400 859 439 τοῖς
874 395 1019 434 τοιοῖσδε
1047 397 1065 434 6
1091 397 1167 434 Φε-

118 456 313 510 ρογδοὶθης’
299 472 338 495 εκ
350 471 410 494 του
431 454 632 500 Βυζαντίου.

537 538 604 578 55.
632 538 751 589 (579.)

154 628 321 669 ‚Ibidem
337 641 379 677 p.
402 627 521 664 168-
536 641 606 674 171
628 641 636 663 :
658 624 745 664 ”Οτι
758 623 933 674 Ῥωμαῖοι
947 622 1008 662 καὶ
1031 622 1169 676 Πέρσαι

117 684 399 731 ξυνεστήσαντο
383 702 424 723 αν
440 684 502 732 τὴν
517 684 674 736 εἷρήᾋιην
696 685 726 721 εἷ
747 683 796 734 μὴ
815 681 974 735 Χοσρόης
995 681 1110 735 ᾤχετο
1130 682 1164 727 ἐξ

118 743 308 796 ἀνθρώπων
331 743 391 782 καὶ
409 742 604 795 Ὁρμίσδας
624 745 642 780 6
657 741 838 795 Χοσρόου,
865 740 1086 801 ἀνοσιουργὸς
1106 740 1165 779 ὄν-

117 817 185 846 τως
211 801 311 854 ἀνὴρ,
339 801 402 848 τὴν
434 802 569 854 κίδαριν
603 799 811 846 ἀνεδήσατο.
871 802 987 847 Οἶμαι
1015 797 1077 849 μὲν
1108 801 1166 836 οὖν

120 859 228 912 ἔγωγε
260 863 322 899 οὐκ
338 860 470 908 ἄλλως,
503 858 594 907 πλὴν
627 857 718 897 ἀλλὰ
740 858 799 896 καὶ
823 856 869 901 ὼς
903 857 1083 908 ἐκυρώθη,
1106 855 1168 894 ἅτε

121 918 280 971 Χοσρόου
316 918 366 956 ἔτι
387 917 584 970 περιόντος,
629 915 813 967 Ζαχαρίαν
840 931 877 952 τε
896 915 956 953 καὶ
986 915 1169 966 Θεόδωρον

120 979 323 1030 ε’σφοιτῆσαι
357 978 389 1020 ἐς
416 977 479 1022 τὴν
507 978 655 1027 Περσων
682 973 1018 1025 πρεσὸευσοαένους.
1053 972 1169 1012 Οὔπω

120 1036 187 1088 γαρ
201 1035 264 1082 τὴν
281 1039 348 1074 τῶν
367 1035 492 1088 Σύρων
513 1033 824 1086 παραμειψάμενοι
852 1035 957 1082 ἠσαν,
986 1048 1046 1070 και
1074 1031 1170 1069 ουδεν

122 1094 186 1133 ὅτι
202 1111 264 1141 της
281 1094 471 1145 εΡωμαίων
490 1092 664 1142 ἐνηλλάγη
681 1090 883 1144 πρεσὸείας.
901 1091 963 1129 Διὸ
977 1093 1037 1130 και
1053 1093 1090 1129 ἐκ
1108 1095 1172 1144 βα-

123 1152 245 1196 σιλέως
263 1153 377 1196 αὐτοῖς
393 1151 591 1204 γράμματα
610 1150 740 1197 ἐστάλη
770 1148 914 1201 ἔχεσθαι
938 1152 1000 1195 τῆς
1034 1150 1170 1187 ὁδοιπο-

124 1211 198 1264 ρίας
219 1211 275 1250 ἐπὶ
289 1217 360 1254 τοῖς
378 1212 493 1253 αὐτοῖς
506 1223 514 1231 ·
536 1212 667 1260 γνῶναι
684 1208 745 1259 μὲν
766 1208 833 1260 γὰρ
855 1210 888 1246 ἐν
910 1206 1008 1259 μέσῳ
1026 1206 1088 1254 τὴν
1101 1210 1171 1247 Χο-

123 1269 225 1321 σρόου
243 1268 423 1319 τελευτὴν,
449 1269 542 1317 ὅμως
557 1267 592 1306 δὲ
612 1267 672 1306 καὶ
699 1266 786 1319 πρὸς
816 1266 873 1304 τὸν
899 1265 1032 1304 ἐκείνου
1060 1268 1171 1305 παῖδα

123 1330 186 1366 οὐκ
207 1328 320 1372 ἄλλως
343 1328 491 1382 φρονεῖν,
513 1327 658 1377 ἑτοίμως
679 1326 714 1364 δὲ
735 1325 827 1378 ἔχειν
854 1325 911 1363 τὸν
934 1325 1088 1375 πόλεμον
1115 1326 1172 1364 ἐπὶ

123 1392 192 1430 τοῖς
212 1387 278 1434 ἤδη
302 1385 441 1439 Χοσρόῃ
462 1387 623 1438 γραφεῖσι
643 1386 858 1423 καταλῦσαι·
879 1384 929 1422 ἔτι
951 1400 991 1435 γε
1018 1383 1087 1434 μὴν
1114 1385 1173 1422 καὶ

123 1445 200 1489 τοὺς
227 1445 413 1498 ἀφεθέντας
443 1445 689 1497 αἰχμαλώτους
723 1446 768 1487 ὡς
801 1443 842 1481 ἂν
871 1442 1092 1495 ἕγχειρίσωσι
1123 1446 1172 1496 τῷ

126 1505 274 1555 Περσῶν
297 1505 447 1556 βασιλεῖ.
474 1502 773 1555 Προσημήναντες
798 1501 910 1540 τοίνυν
931 1505 962 1539 οἳ
983 1501 1172 1551 Ῥωμαίων

124 1562 288 1613 πρέσὸεις
306 1562 368 1600 σὺν
382 1564 496 1614 πολλῇ
513 1578 550 1599 τε
566 1565 652 1614 τιμῇ
670 1561 729 1598 καὶ
746 1560 901 1613 εὐφημίᾳ
921 1559 1012 1598 κατὰ
1033 1560 1094 1606 τὴν
1113 1560 1173 1600 Νί-

125 1620 216 1658 σιὸιν
231 1619 386 1670 ἐγένοντο
400 1636 407 1643 ·
434 1621 467 1657 ἐν
489 1619 643 1670 θαύματί
659 1635 694 1657 τε
708 1619 862 1670 μεγίστῳ
878 1621 1055 1656 ἐποιοῦντο
1076 1617 1170 1670 Πέρ-

288 1678 513 1727 Ρωμαίων’
497 1678 588 1730 αμφι
618 1694 695 1721 τους
716 1676 949 1731 δορυαλώτους
975 1679 1171 1730 φιλανθρω-

125 1737 221 1776 πίαν.
244 1737 306 1776 Ἐν
323 1737 436 1796 τούτῳ
449 1736 485 1775 δὲ
505 1749 564 1774 και
578 1739 611 1776 T
617 1735 740 1788 ιὸέριος
757 1738 774 1773 6
795 1736 1021 1788 αὐτοκράτωρ
1035 1735 1171 1773 στέλλει

127 1791 243 1843 αὖθις,
262 1799 321 1832 τοῦ
342 1798 423 1867 ἦρος
439 1793 655 1847 ἀρχομένου,
677 1794 872 1846 Μαυρίκιον
890 1794 982 1833 κατὰ
1006 1795 1069 1841 τὴν
1089 1794 1175 1868 πρὸς

131 1855 322 1906 ἀνίσχοντα
343 1854 442 1900 ἥλιον
464 1853 824 1906 ἀποκαραδοκησοντα
843 1853 882 1891 τὸ
912 1853 1091 1904 ἐσόμενον,
1114 1856 1175 1904 ἐγ-

127 1913 380 1962 κελευσάμενός
406 1914 456 1959 οἱ,
481 1911 566 1964 πρὸς
595 1910 679 1964 ὅπερ
707 1911 747 1950 ἂν
774 1914 791 1950 6
824 1914 973 1964 Περσῶν
1012 1910 1175 1963 βασιλεὺς

126 1974 243 2023 τραπῇ
254 2001 263 2019 ,
279 1970 500 2016 ὑπαντιάζειν
521 1986 556 2008 τε
571 1971 632 2009 καὶ
645 1970 974 2022 παρασκευάζεσθαι
994 1970 1079 2022 πρὸς
1091 1972 1172 2007 ἑκα-

128 2029 233 2083 τέραν
244 2033 312 2068 τῶν
331 2029 551 2082 πραγμάτων
577 2029 700 2083 ῥοπήν.
762 2029 834 2068 Καὶ
854 2031 871 2067 6
892 2028 970 2079 μὲν,
991 2028 1082 2066 καθὰ
1106 2031 1175 2080 βα-

126 1695 185 1717 σαι
205 1678 267 1725 τὴν

126 2144 279 2183 longioris
288 2143 442 2183 temporis
452 2144 624 2183 apparatus
638 2142 775 2175 faciendi
790 2142 991 2174 occasionem
1006 2143 1178 2182 quaereret.

126 2195 183 2228 uis
198 2195 243 2227 ita
258 2195 412 2227 consectis
424 2194 574 2227 discessit
587 2203 606 2226 a
620 2195 772 2235 Byzantio
789 2193 1014 2234 Pherogdates.

618 2271 677 2303 55.

167 2348 302 2381 Romani
324 2349 356 2380 et
376 2350 479 2380 Persae
495 2357 571 2380 sane
588 2356 699 2389 pacem
714 2348 878 2388 fecissent,
898 2347 957 2380 nisi
970 2348 1127 2380 Chosroes
1139 2356 1180 2379 ex

127 2401 295 2431 hominum
313 2409 448 2431 numero
468 2400 632 2440 sublatus,
657 2401 689 2432 et
713 2400 917 2439 Hormisdas,
933 2399 1003 2439 ejus
1020 2400 1119 2440 filius,
1135 2399 1180 2431 fe-

129 2452 212 2483 rocis
233 2451 347 2491 ingenii
376 2452 437 2490 vir,
462 2451 559 2482 cidari
586 2452 753 2483 redimitus
779 2452 901 2483 suisset.
936 2453 1090 2484 ceterum
1115 2460 1181 2483 non

127 2504 232 2543 aliter,
246 2512 344 2544 quam
367 2504 403 2534 ut
415 2503 583 2534 decretum
600 2505 689 2542 erat,
705 2505 861 2544 tanquam
878 2502 985 2535 adhuc
1010 2504 1181 2544 superstite

128 2557 284 2595 chosroe,
299 2555 486 2587 Zachariam
506 2557 538 2587 et
550 2556 756 2588 Theodorum
775 2557 853 2596 puto
874 2556 1013 2588 Persium
1031 2557 1180 2595 intrasse,

127 2607 318 2648 legationem
332 2607 488 2638 obituros.
505 2608 630 2639 Etenim
645 2609 722 2639 tunc
735 2608 888 2647 temporis
898 2607 1040 2638 nondum
1056 2607 1180 2647 Syriam

128 2659 314 2700 transgressi
327 2660 435 2698 erant,
451 2667 555 2699 neque
572 2659 744 2699 quicquam
756 2658 827 2690 ideo
841 2666 882 2690 ex
896 2667 1006 2690 eorum
1023 2659 1180 2698 legatione

129 2713 290 2743 mutatum
305 2712 363 2742 est.
379 2712 492 2750 ltaque
502 2710 603 2742 literae
617 2711 656 2742 ab
670 2711 863 2751 imperatore
871 2710 932 2741 illis
948 2709 1081 2742 redditae
1092 2713 1191 2749 sunt,⁴

129 2765 166 2794 ut
178 2763 403 2794 continuarent
417 2762 478 2793 iter
499 2772 507 2793 :
523 2762 582 2793 sibi
596 2762 727 2802 quidem
747 2761 931 2793 nuntiatum
948 2769 1036 2801 esse,
1049 2762 1133 2793 inter
1149 2762 1181 2793 id

129 2814 283 2854 temporis
305 2814 479 2846 chosroem
499 2815 637 2845 mortem
654 2813 786 2853 obiisse;
806 2815 1045 2851 verumtamen,
1064 2821 1098 2845 se
1113 2823 1181 2846 esse

129 2867 241 2898 eodem
259 2866 291 2897 in
310 2866 412 2897 filium
435 2867 559 2907 animo,
575 2868 608 2899 et
636 2868 801 2907 paratum,
818 2866 995 2898 secundum
1017 2874 1055 2898 ea
1071 2875 1144 2906 quae
1162 2876 1181 2898 a

130 2918 271 2949 Chosroe
284 2918 401 2957 scripta
415 2919 525 2958 erant,
542 2927 561 2949 a
580 2918 664 2950 bello
683 2918 864 2957 discedere3
887 2926 992 2958 neque
1013 2920 1181 2958 propterea

130 2971 317 3002 omitterent
331 2973 442 3002 Persas
450 2971 605 3011 captivos,
614 2971 761 3002 libertate
774 2970 921 3010 donatos,
931 2971 963 3001 in
971 2979 1087 3002 manus
1100 2971 1181 3010 regis

131 3025 299 3054 Persarum
314 3023 450 3054 tradere.
468 3026 580 3063 ltaque
596 3026 817 3055 Romanorum
834 3023 938 3063 legati,
959 3023 1079 3055 nuntiis
1095 3033 1178 3064 prae-

131 3073 252 3113 missis,
279 3082 353 3105 cum
382 3074 503 3106 honore
527 3077 560 3107 et
589 3076 700 3107 faustis
736 3075 1017 3107 acclamationibus
1047 3075 1179 3108 Nisibim

132 3126 360 3165 pervenerunt.
375 3126 416 3156 Et
432 3127 533 3157 Persae
547 3126 677 3166 quidem
700 3129 920 3158 Romanorum
946 3134 1018 3166 erga
1038 3127 1181 3166 captivos

133 3177 365 3209 humanitatem
386 3186 577 3218 magnopere
605 3180 679 3210 sunt
703 3179 863 3210 admirati.
883 3181 1008 3211 Interea
1036 3179 1181 3211 Tiberius

133 3230 319 3270 imperator,
331 3238 406 3261 vere
420 3230 548 3262 ineunte
559 3255 568 3270 ,
587 3240 698 3263 rursus
712 3232 797 3263 misit
813 3232 1004 3264 Mauricium
1026 3233 1059 3263 in
1075 3233 1179 3264 orien-

132 3282 228 3314 talem
247 3281 369 3321 imperii
383 3283 524 3321 partem,
542 3282 615 3322 qui,
640 3283 725 3323 quod
737 3285 898 3324 eveniret,
913 3285 1131 3324 exspectaret,
1149 3284 1182 3315 et

133 3333 179 3364 illi
193 3333 380 3373 imperavit,
395 3334 432 3364 ut
447 3333 508 3373 regi
529 3335 695 3365 Persarum
707 3358 715 3373 ,
740 3344 946 3376 quocumque
971 3343 1005 3367 se
1019 3337 1180 3374 verteret,

133 3386 314 3417 occurreret
333 3397 340 3417 :
367 3386 399 3416 et
424 3385 456 3416 in
479 3394 708 3426 quamcunque
726 3388 849 3426 partem
876 3396 926 3418 res
957 3387 1123 3426 caderent,
1141 3387 1181 3419 ad

134 3445 246 3468 omnes
260 3444 353 3467 casus
367 3444 401 3468 se
417 3439 616 3477 praepararet.
639 3439 678 3470 Et
692 3437 745 3469 ille
762 3438 911 3479 quidem,
932 3440 967 3470 nt
988 3447 1044 3471 rex
1061 3448 1181 3480 praece-

864 249 1139 289 MENANDRI
1170 249 1521 290 PROTECTORIS

1229 337 1318 374 σιλεῒ
1335 336 1466 384 ἐδόκει,
1499 334 1565 374 ἀνὰ
1591 334 1654 383 τὴν
1675 335 1722 374 ἕω
1747 334 1870 386 ἔμενε,
1892 335 1930 374 τὸ
1950 335 2122 388 πρακτέον
2151 336 2274 384 ἐπιτη-

1231 397 1315 447 ρῶν·
1336 395 1526 448 προϊόντων
1550 393 1586 433 δὲ
1605 396 1675 433 τῶν
1693 394 1874 446 πρέσὸεων
1897 396 1929 439 ἐς
1949 394 1992 432 τὰ
2013 395 2080 442 ἤθη
2109 396 2270 448 Περσῶν,
2324 411 2326 414 ·

1230 453 1462 504 ἐπειγομένων
1478 468 1515 491 τε
1537 451 1726 491 θεάσασθαι
1740 452 1797 491 τὸν
1818 452 1898 505 ἄρτι
1913 454 1963 505 τῷ
1985 452 2152 506 βασιλείῳ
2163 452 2273 506 θρόνῳ
2324 447 2326 451 ’

1231 511 1489 563 ἐπιὸεὸηκότα,
1507 511 1675 561 οἰομένων
1690 527 1728 549 τε
1751 513 1784 554 ἐς
1803 511 1847 549 τὰ
1869 511 2023 562 μάλιστα
2038 511 2218 556 τεύξεσθαι
2226 526 2275 551 τι·

1225 573 1319 621 ,ΕΙ-ἦς,
1337 571 1376 609 06
1406 569 1476 620 μὴν
1498 569 1589 608 ἀλλὰ
1607 569 1667 607 καὶ
1685 572 1755 608 τῶν
1778 569 2067 619 σπουδαζομένων
2093 569 2172 608 οὔτε
2197 571 2276 625 (οἷν

1232 628 1324 671 δενὸς
1340 628 1473 678 Nieb.)
1503 626 1751 671 ἀποτεύξεσθαι
1775 621 1850 678 (οἶα
1876 627 1965 679 μετὰ
1981 627 2153 676 τοσαύτην
2174 628 2276 676 νίκην
2324 632 2326 634 ’

1231 685 1365 736 πράους
1392 700 1430 723 τε
1453 683 1514 723 καὶ
1545 684 1662 731 πάσης
1685 683 1869 729 αὐθαδείας
1896 685 2186 737 ἀπηλλαγμένους
2212 688 2276 724 τοῦ
2323 682 2326 686 ’

1232 742 1422 793 Ῥωμαίων
1441 742 1612 795 βασιλέως
1633 743 1913 816 ἐπικομιζόμενοι
1931 742 2072 794 λόγους·
2088 743 2191 782 καὶ(
2169 759 2217 788 ως
2235 743 2275 782 οὔ

1233 801 1351 873 μόνον..
1372 801 1456 854 ἄχρι
1477 801 1645 855 ῥημάτων
1670 803 1765 855 αὐτῳ
1799 800 1839 840 τὸ
1858 801 2115 854 φιλάνθρωπον,
2142 802 2276 852 μᾶλλον

1233 859 1295 910 μὲν
1313 864 1371 898 οὖν
1392 860 1502 913 ἔργοις
1516 861 1818 910 ἐπιδεικνυμένου,
1832 862 1882 912 τῷ
1906 858 2089 904 τοσούτους
2099 859 2278 914 δορυαλώ-
2323 865 2326 910 ff

1233 934 1310 962 τους
1325 923 1396 962 τοῖς
1418 918 1572 970 Πέρσαις
1592 918 1716 962 αὐτους
1735 919 2011 970 ἐπαναγαγεῖν),
2029 917 2159 956 τούτων
2178 919 2278 956 ἐλπι-
2318 919 2326 946 ’ἓ

1234 977 1362 1022 ζόντων
1383 993 1421 1028 γε
1442 977 1556 1015 αὐτῶν
1576 980 1727 1028 κυρῆσαι
1751 976 2020 1029 ἀναμφιὸόλως,
2037 978 2070 1020 ἐς
2082 975 2279 1015 τούναντίον
2323 979 2326 1012 3

1234 1035 1358 1083 ξυνέὸη
1380 1035 1489 1074 ἅπαν.
1554 1038 1701 1089 Πρῶτον
1720 1035 1782 1086 μὲν
1796 1035 1863 1088 γὰρ
1883 1035 1974 1074 κατὰ
1993 1034 2098 1086 μέσον
2111 1038 2173 1083 τῆς
2194 1037 2281 1074 ὁδοι-

1233 1094 1357 1148 πορίας
1384 1097 1453 1133 τῶν
1469 1110 1519 1139 τις
1546 1094 1644 1147 παρὰ
1664 1094 1817 1147 Πέρσαις
1843 1099 1913 1138 τοῖς
1935 1095 2126 1146 βασιλικοῖς
2154 1109 2191 1133 τε
2219 1093 2280 1133 καὶ
2315 1089 2326 1133 ‘s

1237 1154 1416 1204 δημοσίοις
1439 1153 1643 1206 πράγμασιν
1665 1153 1991 1205 ἕξυπηρετουμένων
2011 1151 2106 1204 (οὓς,
2125 1151 2158 1191 εἴ
2171 1168 2222 1197 τις
2235 1155 2279 1205 τῇ

1236 1212 1398 1252 Λατίνων
1417 1211 1585 1265 χρήσοιτο
1603 1215 1700 1265 φωνῇ
1715 1241 1725 1262 ,
1745 1213 1934 1264 ἀσηκρῆτις
1947 1210 2278 1264 προσαγορεύσειεν)

1237 1270 1454 1314 ὑπαντιάσας
1487 1270 1592 1323 ἤρετο
1630 1276 1718 1324 σφᾶς
1743 1269 1764 1308 ὅ
1795 1286 1829 1308 τι
1853 1269 2033 1323 βούλοιντό
2063 1286 2102 1308 τε
2127 1269 2188 1308 καὶ
2213 1269 2282 1309 ὅτι

1235 1329 1366 1377 ἥκοιεν,
1379 1329 1439 1367 καὶ
1455 1329 1577 1368 ὁποίαν
1592 1329 1834 1377 ἀποκομίζοιεν
1851 1327 2031 1380 ἀγγελίαν.
2046 1327 2153 1367 Ἀλλὰ
2169 1327 2281 1382 τούτῳ

1237 1388 1299 1439 μὲν
1321 1388 1392 1440 οιγε
1413 1388 1502 1441 ἀμφὶ
1517 1387 1700 1440 Ζαχαρίαν
1711 1404 1748 1426 τε
1769 1387 1828 1426 καὶ
1849 1387 2034 1440 Θεόδωρον
2049 1381 2118 1426 ὧδε
2135 1387 2283 1440 ἀπεκρί-

1236 1463 1277 1485 να
1281 1463 1338 1485 no
1347 1449 1416 1496 ,ὡς
1429 1446 1472 1485 τὰ
1486 1447 1601 1485 τοιάδε
1621 1463 1670 1499 τῳ
1686 1447 1783 1498 παρὰ
1800 1446 1956 1498 Πέρσαις
1969 1446 2152 1499 μαγίστρῳ
2168 1444 2283 1497 (καθὰ

1236 1510 1357 1544 τοῦτον
1389 1506 1536 1543 καλοῦσι
1567 1488 1764 1556 (Ρωμαῖοι)
1804 1505 1939 1558 ῥητέον,
1971 1504 2030 1543 καὶ
2062 1505 2141 1557 οὐχὶ
2168 1507 2280 1566 αὐτῷ.

1237 1567 1361 1604 Ταυτα
1379 1564 1533 1607 εἰπόντες
1555 1564 1689 1615 εἴχοντο
1715 1567 1776 1610 τ’ἧς
1803 1564 1896 1603 ὁδοῦ.
1955 1563 2000 1602 F
2003 1563 2018 1608 ξ
2039 1563 2170 1602 ἐκείνου
2198 1567 2282 1611 ἡκεν

1237 1623 1350 1675 ἕτερός
1368 1638 1418 1666 τις
1435 1625 1473 1661 ἐκ
1491 1625 1650 1673 Περσῶν,
1672 1622 1708 1665 ὃς
1729 1622 1843 1675 ἔτριὸε
1865 1621 1928 1668 τὴν
1949 1621 2148 1688 ὁδοιπορίαν
2165 1623 2284 1665 αὐτοῖς

1236 1676 1296 1714 καὶ
1315 1676 1541 1726 διαμέλλειν
1526 1675 1652 1722 εποίει,
1671 1677 1884 1728 βραδυτητος
1898 1674 2079 1727 χρώμενος
2099 1674 2284 1723 ἐπινοίαις,

1237 1734 1326 1773 ἴέναι
1347 1750 1384 1773 τε
1399 1736 1432 1778 ἐς
1450 1734 1494 1773 τὰ
1510 1733 1630 1786 πρόσω
1643 1734 1691 1784 μὴ
1708 1737 1914 1786 συγχωρῶν.
1973 1735 2150 1780 Σταθμοῖς
2165 1749 2202 1771 τε
2213 1733 2281 1786 γὰρ

1237 1792 1496 1845 πλησιαιτέροις
1517 1792 1576 1831 καὶ
1595 1792 1844 1845 παρασάγγαις
1857 1791 1983 1843 ὀλίγοις
2000 1793 2143 1844 ἐχρῆτο,
2157 1791 2282 1830 ἄλλοτε

1239 1853 1364 1896 ἄλλους
1372 1852 1505 1905 χώρους
1512 1851 1706 1905 περιφέρων
1717 1867 1754 1889 τε
1768 1850 1828 1889 καὶ
1837 1853 2064 1901 ἀποπλανῶν,
2075 1853 2144 1889 κάκ
2161 1850 2283 1890 τούτου

1238 1911 1283 1949 τὰ
1307 1910 1459 1949 κάκιστά
1477 1926 1572 1964 σφισι
1599 1910 1813 1963 προεδήλου,
1828 1910 1888 1948 καὶ
1908 1909 2040 1948 ἐδείκνυ
2059 1913 2101 1962 τῇ
2117 1909 2196 1961 περὶ
2217 1909 2280 1957 τὴν

1239 1969 1439 2022 ὁδοιπορίαν
1453 1969 1569 2022 πλάνῃ
1587 1968 1683 2007 οὐδέν
1700 1984 1732 2006 τι
1750 1968 1999 2028 φιλοφροσύνης
2010 1966 2208 2020 ἐχόμενονῆ
2221 1971 2284 2015 τῆς

1239 2027 1483 2080 προσηκούσης
1503 2028 1617 2070 αἰδοῦς
1630 2026 1830 2080 πρέσὸεσιν.
1889 2020 1960 2065 Ἦν
1977 2025 2013 2064 δὲ
2023 2027 2063 2065 τὸ
2082 2025 2283 2079 πραττόμε·

1245 2142 1352 2181 perat,
1369 2141 1402 2172 in
1418 2141 1548 2173 Oriente
1570 2141 1730 2180 substitit,
1750 2142 1783 2172 et
1798 2140 1989 2172 observabat
2009 2140 2086 2181 quid
2103 2140 2188 2172 sacto
2202 2149 2286 2181 opus

1239 2194 1332 2224 esset.
1349 2194 1459 2230 Quum
1473 2192 1568 2232 igitur
1584 2192 1678 2232 legati
1691 2191 1723 2223 in
1744 2191 1903 2224 Persidem
1923 2192 2100 2231 venissent,
2115 2193 2284 2224 Persarum

1241 2253 1347 2284 regem
1360 2267 1368 2282 ‚
1383 2244 1438 2285 qui
1452 2245 1596 2276 recenter
1607 2244 1639 2275 in
1654 2244 1777 2283 regium
1794 2244 1910 2275 solium
1923 2243 2127 2283 ascenderat,
2143 2243 2285 2275 salutare

1241 2304 1432 2337 magnopere
1445 2296 1634 2337 cupiebant,
1649 2297 1682 2328 et
1705 2305 1795 2337 spem
1814 2296 1993 2336 habebant,
2015 2295 2076 2328 sibi
2092 2304 2156 2330 non
2177 2296 2284 2327 solum

1242 2349 1381 2380 multum
1395 2348 1525 2380 honoris
1542 2350 1574 2380 et
1587 2348 1796 2380 humanitatis
1808 2348 2005 2388 impertitum
2020 2346 2077 2386 iri,
2091 2346 2148 2379 sed
2166 2347 2263 2379 etiam
2273 2371 2283 2387 ,

1240 2408 1312 2439 quae
1323 2401 1484 2440 peterent,
1499 2408 1566 2432 sese
1578 2400 1814 2439 impetraturos.
1827 2399 1955 2431 Etenim
1965 2399 2037 2439 post
2049 2400 2116 2430 tam
2125 2398 2282 2438 insignem

1240 2451 1410 2483 victoriam
1426 2460 1588 2483 sermones
1604 2451 1780 2483 afferebant
1795 2450 1836 2482 ab
1855 2451 2048 2491 imperatore
2065 2451 2209 2482 Romano
2226 2459 2283 2482 ro-

1241 2504 1352 2536 mitate
1367 2506 1400 2536 et
1416 2504 1614 2536 humanitate
1628 2505 1738 2545 plenos
1750 2506 1782 2536 et
1795 2504 1835 2536 ab
1847 2504 1935 2536 omni
1949 2503 2117 2536 insolentia
2130 2505 2282 2536 remotos.

1239 2557 1350 2596 Neque
1368 2565 1444 2588 vero
1459 2557 1564 2588 solum
1586 2564 1620 2588 se
1633 2556 1738 2588 verbis
1752 2564 1876 2588 comem
1889 2557 1922 2588 et
1933 2555 2106 2596 benignum
2119 2554 2285 2596 praebebat

1240 2606 1424 2647 imperator,
1440 2616 1552 2639 verum
1571 2608 1667 2639 etiam
1684 2617 1717 2639 re
1735 2608 1821 2648 ipsa,
1839 2616 1939 2648 quum
1955 2608 2005 2639 tot
2021 2606 2164 2647 captivos
2179 2607 2285 2640 Persis

1241 2659 1433 2691 restitueret.
1448 2661 1489 2691 Et
1502 2668 1543 2691 ex
1553 2668 1590 2691 eo
1604 2660 1759 2700 putabant
1774 2660 1839 2691 fore
1855 2661 1909 2699 ut,
1922 2667 1995 2699 quae
2010 2659 2203 2700 sperabant,
2215 2659 2285 2691 sine

1240 2711 1455 2743 controversia
1471 2715 1751 2752 consequerentur.
1778 2711 1842 2744 Sed
1865 2711 2014 2743 universa
2029 2719 2080 2743 res
2102 2711 2135 2743 in
2159 2712 2285 2743 contra·

1241 2762 1325 2793 rium
1343 2763 1448 2795 vertit.
1468 2763 1612 2794 Primum
1631 2763 1714 2795 enim
1728 2772 1812 2795 unus
1829 2772 1869 2795 ex
1884 2763 1933 2794 his
1950 2762 2005 2804 qui
2027 2762 2092 2803 regi
2103 2762 2137 2794 in
2150 2762 2286 2803 negotiis

1241 2815 1272 2845 et
1292 2814 1384 2854 regiis
1410 2816 1442 2846 et
1458 2815 1593 2855 publicis
1618 2810 1830 2846 ministerIu‘m
1857 2814 2017 2855 praebent,
2038 2822 2120 2854 quos
2137 2813 2239 2846 Latini
2264 2821 2285 2845 a

1240 2867 1370 2898 secretis
1382 2869 1518 2906 vocant,
1541 2866 1674 2899 obvium
1692 2875 1726 2898 se
1741 2866 1846 2898 media
1863 2866 1926 2898 via'
1941 2865 2051 2906 legatis
2067 2865 2162 2905 tulit,
2182 2868 2215 2897 et
2229 2874 2285 2899 eos

1241 2919 1287 2950 est
1306 2920 1552 2958 percunctatus,
1571 2918 1646 2958 quid
1669 2918 1808 2957 vellent,
1825 2926 1891 2957 qua
1909 2917 1949 2949 de
1965 2925 2061 2948 causa
2075 2917 2237 2957 venirent,
2251 2918 2284 2950 et

1241 2973 1316 3013 quid
1346 2972 1450 3004 nuntii
1478 2972 1641 3003 afferrent.
1667 2971 1748 3002 Huic
1773 2970 1940 3002 Zacharias
1967 2971 2000 3002 et
2023 2969 2210 3002 Theodorus
2231 2978 2283 3002 re·

1239 3024 1450 3064 sponderunt,
1459 3022 1491 3054 id
1503 3031 1566 3054 non
1580 3022 1638 3060 illi,
1650 3021 1703 3053 sed
1713 3022 1862 3061 magistro
1875 3022 1929 3061 (ut
1943 3021 2118 3061 loquuntur
2129 3021 2282 3062 Romani)

1239 3075 1420 3107 dicendum.
1439 3077 1514 3106 Haec
1524 3074 1579 3106 ubi
1595 3074 1760 3113 dixerant,
1775 3073 1860 3104 viam
1871 3074 2091 3112 perrexerunt.
2111 3073 2284 3104 posthum:

1239 3129 1320 3160 alius
1335 3136 1464 3168 quoque
1479 3136 1520 3159 ex
1537 3126 1640 3158 Persis
1657 3125 1760 3164 venit,
1778 3126 1832 3165 qui
1846 3126 2127 3165 peregrinationem
2142 3125 2204 3156 illis
2222 3125 2283 3156 im-

1241 3179 1387 3220 pediebat
1404 3192 1412 3211 :
1430 3178 1552 3210 tardius
1564 3178 1649 3210 enim
1665 3177 1705 3208 de
1718 3176 1877 3208 industria
1893 3176 2079 3216 incedebat,
2095 3177 2128 3209 et
2139 3185 2194 3208 eos
2207 3185 2284 3208 cun·

1241 3232 1321 3263 ctari
1339 3231 1491 3270 faciebat,
1511 3238 1616 3270 neque
1639 3230 1775 3261 ulterius
1797 3229 1943 3270 progredi
1958 3230 2102 3270 sinebat;
2121 3229 2284 3270 propiores
2320 3230 2324 3231 ⁷

1241 3282 1392 3314 stationes
1412 3281 1544 3322 eligebat
1563 3282 1594 3313 et
1620 3289 1737 3321 paucas
1753 3289 1941 3321 parasangas
1969 3281 2176 3320 conficiebat,
2194 3282 2227 3313 et
2243 3289 2283 3312 ex

1241 3334 1310 3365 aliis
1319 3333 1397 3365 locis
1411 3333 1444 3364 in
1461 3333 1521 3364 alia
1534 3333 1604 3364 loca
1619 3332 1682 3363 huc
1695 3332 1771 3363 illuc
1783 3334 1923 3363 errantes
1937 3333 1968 3363 et
1982 3333 2125 3372 palantes
2138 3332 2284 3364 traduce·

1242 3387 1316 3418 bat:
1332 3388 1364 3418 et
1377 3387 1408 3418 in
1420 3395 1457 3418 eo
1475 3394 1509 3417 se
1525 3385 1586 3417 illis
1599 3385 1682 3416 male
1695 3393 1812 3424 cupere
1824 3385 1902 3416 satis
1911 3385 2082 3417 indicabat.
2097 3385 2222 3417 Etenim
2230 3393 2284 3416 eos

1244 3439 1332 3471 nulla
1350 3438 1547 3470 humanitate
1565 3436 1707 3476 colebat,
1722 3438 1753 3468 et
1778 3437 1865 3468 nulla
1885 3436 1994 3468 habita
2025 3437 2146 3469 ratione
2170 3435 2282 3469 obser-
