2372 3704
175 221 244 255 5214

170 302 315 356 εἰρηκὼς
329 301 457 349 ηὔξατο
473 302 583 354 λέγων
595 319 602 327 ·
617 319 631 336 n
647 303 771 355 ὁρκίζω
783 318 836 353 σε,
849 303 1005 356 οὐρανὸν,
1019 307 1096 342 θεοῦ
1112 305 1217 356 μεγά-

168 362 228 398 λου
247 360 351 413 σοφὸν
367 360 477 412 ἔργον,
491 361 616 414 ὁρκίζω
629 377 668 399 σε
685 361 801 414 φωνὴν
817 361 960 415 πατρὸς,
974 363 1016 410 ἣν
1033 363 1218 416 ἐφθέγξατο

169 419 324 471 πρώτην,
339 419 442 467 ἡνίκα
455 419 514 457 τὸν
528 420 645 458 πάντα
662 420 792 471 κόσμον
812 420 1024 472 ἐστηρίξατο·
1041 421 1167 472 ὁρκίζω
1180 437 1218 459 σε

168 477 261 515 κατὰ
281 481 340 515 τοῦ
363 482 565 530 μονογενοῦς
593 479 698 516 αὐτοῦ
724 478 826 529 λόγου
854 478 913 516 καὶ
941 483 1000 517 τοῦ
1023 479 1219 530 πνεύματος

168 539 228 574 τοῦ
247 536 466 588 περιέχοντος
484 536 597 575 πάντα
611 552 619 560 ·
635 536 749 585 ἵλεως,
766 536 878 584 ἵλεως,
895 536 996 580 ἵλεως
1012 538 1081 575 ἔσο·
1098 557 1112 571 υ
1128 537 1218 576 ὥστε

169 588 228 633 οῦν
244 594 304 632 καὶ
319 595 455 646 Ἑρμῆς
469 595 744 649 ὁ.τρισμέγιστος
759 595 871 634 καίτοι
886 611 924 644 γε
942 598 1074 647 ἀγνοῶν
1085 597 1124 634 τὸ
1143 597 1220 647 μέλ-

168 654 227 691 λον
245 653 369 705 τριάδα
387 654 566 704 ὁμοούσιον
584 655 803 704 ὡμολόγησε.

224 725 270 750 13.
297 712 400 751 Μετὰ
422 715 579 764 Σῶστριν
602 713 804 751 ἐδασίλευσε
823 715 890 750 τῶν
911 713 1113 764 Αἰγυπτίων
1134 716 1216 753 Φα-

170 769 244 820 ραὼ
260 772 278 807 ὁ
295 770 354 807 καὶ
372 770 548 823 Καραχὼ,
567 773 625 822 ἀφ’
642 766 681 809 οῧ
696 773 726 809 οἱ
744 774 811 809 τῶν
832 772 1031 822 Αἰγυπτίων
1052 772 1218 810 δυνάσται

167 828 232 874 τὴν
252 827 451 878 ἐπωνυμίαν
472 828 595 866 ἔλαὸον
617 829 770 880 Φαραώ.

224 900 271 924 14.
303 888 393 926 Καθ’
422 886 458 925 ὃν
480 886 516 924 δέ
534 887 658 939 χρόνον
687 887 889 926 ἐδασίλευσε
909 890 976 926 τῶν
993 888 1155 941 Ἀργείων
1183 890 1216 926 ἐν

168 949 239 988 τοῖς
255 946 403 989 δυτικοῒς
420 944 558 997 μέρεσιν
575 944 716 996 Ἴναχος
736 947 775 983 ἐκ
795 949 855 992 τῆς
879 948 988 999 φυλῆς
1004 947 1120 999 Ἰάφεθ
1149 962 1217 985 κα-

169 1003 370 1055 ταγόμενος,
389 1006 448 1042 καὶ
468 1004 572 1048 κτίζει
591 1004 690 1042 πόλιν
711 1006 757 1047 εἷς
775 1004 884 1054 ὄνομα
899 1008 959 1052 τῆς
973 1005 1135 1053 σελήνης,
1147 1006 1216 1045 Ἰώ·

170 1062 260 1101 οὕτω
277 1062 344 1114 γὰρ
363 1063 426 1109 τὴν
454 1063 602 1109 σελήνην
623 1062 770 1101 ἐκάλουν
801 1063 963 1115 Ἀργεῖοι·
986 1064 1044 1102 καὶ
1065 1065 1218 1117 ἠγάγετο

167 1122 316 1171 γυναῖκα
346 1116 500 1169 Μηλίαν,
519 1123 578 1171 ἀφ’
594 1116 633 1167 ’ἧς
654 1121 754 1173 ἔσχεν
777 1121 868 1165 υἱοὺς
884 1121 943 1159 δύο
966 1125 1025 1160 καὶ
1045 1124 1216 1177 θυγατέρα

168 1178 245 1226 Ἰὼ,
261 1179 303 1226 ἣν
324 1182 433 1223 Πῖκος
452 1183 469 1218 ὁ
489 1180 549 1218 καὶ
569 1179 652 1223 Ζεὺς
673 1180 832 1232 ἥρπασε,
856 1181 916 1219 καὶ
934 1181 966 1226 ἐξ
989 1184 1095 1229 αὐτῆς
1115 1182 1216 1235 ἔσχεν

166 1238 338 1290 θυγατέρα
367 1239 517 1285 Aram.
575 1239 619 1278 ‘H
642 1239 752 1278 τοίνυν
776 1239 838 1278 Ἰὼ
862 1241 1057 1286 λυπηθεῖσα
1085 1242 1142 1279 ἐπὶ
1173 1245 1216 1293 τῇ

165 1297 354 1350 διαφθορᾷ,
374 1299 500 1348 ἀφεῖσα
526 1297 603 1342 τοὺς
622 1304 750 1348 γονεῖς,
772 1297 851 1341 τοὺς
878 1298 1043 1352 ἀδελφοὺς
1069 1299 1130 1337 καὶ
1153 1298 1216 1346 τὴν

165 1356 336 1407 θυγατέρα
361 1356 508 1404 Λιὸύην,
539 1356 662 1409 ἔφυγεν
684 1358 730 1399 εἷς
759 1355 952 1408 Αἴγυπτον,
975 1359 1134 1397 κάκεῖθεν
1159 1358 1216 1396 ἐπὶ

165 1414 227 1459 τὴν
249 1414 381 1467 Συρίαν
401 1417 556 1462 ἀπῆλθεν
583 1416 629 1458 εἷς
647 1414 685 1452 τὸ
707 1415 854 1453 Σίλπιον
879 1415 1093 1466 καλούμενον
1114 1417 1214 1468 ὄρος,

164 1473 212 1516 εἷς
228 1472 312 1524 ὅπερ
329 1474 497 1517 Σέλευκος
511 1477 528 1512 ὁ
543 1474 711 1526 Νικάτωρ
726 1473 840 1512 ἔκτισε
857 1474 957 1513 πόλιν
973 1474 1032 1512 καὶ
1047 1477 1093 1519 εἰς
1106 1475 1215 1523 ὄνομα

165 1534 224 1568 τοῦ
255 1533 328 1569 υἱοῦ
363 1532 573 1584 Ἀντιόχειαν
607 1532 770 1578 ἐκάλεσε,
802 1533 905 1570 κάκεῖ
934 1532 1109 1571 ἐτελεύτα.
1144 1534 1215 1572 Καὶ

164 1590 372 1634 ἀπελθόντες
388 1592 435 1634 εἷς
455 1591 666 1637 ἀναζήτησιν
689 1593 795 1638 αὐτῆς
811 1593 842 1629 οἱ
859 1592 1001 1644 ἀδελφοὶ
1018 1592 1078 1630 καὶ
1098 1593 1213 1644 εὗρόν·

162 1663 218 1691 τες
238 1651 407 1687 θανοῦσαν
438 1649 577 1688 ἔκτισαν
599 1651 684 1701 αὐτῇ
707 1649 797 1703 ἱερὸν
819 1647 903 1703 ὅπερ
933 1650 1103 1688 ἐκάλεσαν
1133 1650 1215 1690 Ἰώ-

164 1708 278 1745 πολιν.

218 1780 264 1806 15.
299 1766 344 1806 Ἥ
376 1766 411 1805 δὲ
433 1766 547 1814 Λιὸύη
567 1771 766 1818 γαμηθεῖσα
795 1767 990 1807 Ποσειδῶνί
1009 1783 1075 1806 τινι
1099 1767 1215 1807 ἔτεκεν

165 1824 199 1868 ἐξ
228 1827 332 1864 αὐτοῦ
362 1828 490 1870 παῖδας
518 1826 563 1877 γ’,
584 1826 775 1878 Ἀγήνορα,
797 1829 911 1874 Βῆλον
929 1827 988 1866 καὶ
1018 1827 1213 1868 Ἐνυάλιον.

164 1882 210 1921 <Ο
229 1885 340 1930 Βῆλος
353 1884 518 1935 γαμήσας
536 1885 644 1931 Σίδην
660 1884 740 1936 ἔσχε
758 1884 817 1923 δύο
834 1885 944 1932 υἱοὺς,
961 1885 1134 1937 Αἴγυπτον
1155 1888 1214 1926 καὶ

164 1942 319 1980 Δαναόν·
336 1942 370 1987 ἐξ
386 1937 425 1981 οἷ
439 1943 617 1995 Αἴγυπτος
633 1944 692 1981 καὶ
705 1943 818 1982 Σιδὼν
834 1945 1102 1995 ὠνομάσθησαν.
1120 1945 1166 1985 ‘O
1180 1946 1214 1984 δὲ

164 2000 318 2053 Ἀγήνωρ
332 2001 443 2053 ἤγαγε
461 2002 524 2049 τὴν
538 2001 642 2055 Τυρώ
655 2018 662 2026 ·
678 2002 711 2047 ἐξ
731 1997 770 2041 οῦ
781 2001 895 2055 Τύρος
910 2003 1020 2048 πόλις·
1038 2005 1097 2042 καὶ
1112 2004 1213 2057 ἔσχεν

163 2058 254 2103 υἱοὺς
274 2059 303 2097 δ’
326 2061 386 2098 καὶ
408 2061 581 2113 θυγατέρα
609 2061 704 2112 μίαν,
727 2062 885 2112 Κάδμον,
907 2062 1074 2111 Φοίνικα,
1101 2064 1213 2117 Σύρον

162 2117 221 2155 καὶ
246 2119 376 2158 Κίλικα
401 2119 461 2157 καὶ
488 2119 663 2173 Εὐρώπην
677 2137 684 2144 ·
709 2121 768 2159 καὶ
788 2121 915 2173 ἔλαχον
936 2121 995 2166 τὰς
1013 2122 1215 2174 ἐπωνύμους

162 2176 278 2230 χώρας
290 2178 473 2229 Καδμείαν
488 2178 550 2225 τὴν
562 2179 699 2228 Θήὸης,
711 2180 773 2227 τὴν
789 2180 974 2232 Φοῖνίκην,
988 2182 1050 2229 τὴν
1068 2182 1213 2236 Συρίαν,

162 2237 223 2281 τὴν
244 2237 407 2275 Κιλικίαν
423 2237 483 2296 καλ-ι
502 2240 565 2284 τὴν
584 2238 770 2290 Εὐρώπην.
793 2240 868 2286 Τὴν
890 2239 1063 2292 Εὐρώπην
1085 2242 1121 2280 δέ
1150 2243 1213 2295 ἆρ-

162 2294 276 2338 πάσας
296 2299 443 2348 ταῦρος,
464 2297 625 2348 βασιλεὺς
645 2299 803 2350 Κρήτης,
822 2298 916 2337 ἔτεκε
936 2299 1075 2339 Μίνωα.

973 217 1189 256 JOANNIS
1222 218 1535 258 ANTIOCHENI

1333 319 1379 345 16.
1404 305 1506 344 Κατὰ
1523 306 1661 350 τούτους
1679 306 1756 350 τοὺς
1766 307 1909 362 χρόνους
1929 308 2080 361 ἀνεφάνη
2099 325 2148 353 τις
2169 310 2202 347 ἐν
2223 288 2331 362 ΤῦρᾲΙ

1281 363 1368 416 ἀνὴρ
1389 364 1491 417 σοφὸς
1511 364 1622 415 ὄνομα
1642 364 1833 418 Ἡρακλῆς,
1854 365 1890 410 ὃς
1906 361 1984 419 εἶρε
2003 367 2066 413 τὴν
2084 367 2246 420 [βα]φὴν,
2266 366 2328 414 τὴν

1280 422 1498 471 καλουμένην
1518 423 1713 475 κογχύλην,
1734 423 1816 462 ἰδὼν
1837 424 1923 463 κύνα
1946 426 2145 475 ποιμενικὸν
2173 426 2329 465 ἐσθίοντα

1279 481 1454 532 κογχύλην
1484 482 1544 519 καὶ
1564 482 1622 520 τὸν
1655 483 1838 535 [ποι]μένα
1866 483 2087 534 ἕκμάσσοντα
2115 484 2203 535 μετὰ
2223 484 2329 524 πόκον

1279 540 1486 592 προ[6άτου]
1518 539 1556 578 τὸ
1576 544 1634 578 τοῦ
1655 541 1755 585 κυνὸς
1773 541 1908 592 στόμα,
1930 542 1990 581 καὶ
2017 542 2252 595 προσαγαγὼν
2271 542 2331 582 τὸν

1280 598 1384 636 πόκον
1409 599 1479 649 [ὥς
1496 598 1586 649 μέγα
1604 599 1736 651 δῶρον’]
1758 602 1806 653 τῷ
1834 603 1985 652 βασιλεῖ.
2046 602 2108 652 (17)
2129 601 2173 641 ‘O
2195 601 2231 640 δὲ
2258 602 2330 642 Σύ-

1282 671 1335 707 ρος
1357 650 1433 709 εἷρε
1455 655 1517 702 τὴν
1537 658 1785 709 ἀριθμητικὴν,
1820 658 1959 703 ἐδόξασε
1989 659 2024 698 δὲ
2044 659 2104 698 καὶ
2123 661 2332 712 ἀσωμάτους

1280 713 1390 766 ἀρχὰς
1406 714 1466 752 καὶ
1484 714 1683 764 μεταὸολὴν
1705 718 1774 754 τῶν
1794 718 1916 770 ψυχῶν
1937 719 1985 761 εἰς
2001 717 2102 770 ἔτερα
2119 719 2204 763 ζῶα.

1334 787 1380 811 18.
1418 773 1518 811 Κατὰ
1535 773 1612 817 τοὺς
1630 774 1774 826 χρόνους
1794 775 1934 819 τούτους
1957 775 2158 829 ἔγνωρίζετο
2177 775 2304 816 Φαλέκ
2317 807 2328 827 ,

1280 833 1297 869 ὃ
1318 831 1387 874 υἱὸς
1403 830 1518 884 Ἵζὸερ
1531 863 1542 882 ,
1559 832 1639 885 περὶ
1659 827 1696 870 οῦ
1725 835 1856 880 Μωσῆς
1880 833 2030 888 ἔγραψε,
2049 834 2109 873 καὶ
2129 833 2242 889 ἕτερος
2259 834 2331 880 υἱὸς

1281 894 1340 928 τοῦ
1372 890 1484 929 Πίκου
1505 890 1584 934 Διὸς
1605 891 1675 928 ἀπὸ
1705 891 1847 938 Δανάης
1869 892 2051 943 γενόμενος
2069 893 2215 943 ὀνόματι
2234 894 2331 946 Περ·

1280 948 1376 996 σεὺς,
1395 948 1432 987 ὃν
1452 949 1602 994 ἐδίδαξεν
1621 952 1638 987 ὁ
1658 950 1777 1003 πατὴρ
1793 950 1910 995 πάσας
1928 950 1990 995 τὰς
2009 951 2179 1002 μυστικὰς
2198 967 2331 1005 φαντα·

1280 1007 1376 1051 σίας·
1403 1006 1495 1052 ὅστις
1527 1008 1732 1060 βουλόμενος
1761 1011 1876 1061 ἑαυτῷ
1906 1013 2127 1057 καταστῆσαι
2149 1009 2330 1062 βασιλείαν

1279 1066 1338 1103 καὶ
1370 1066 1426 1104 διὰ
1457 1068 1589 1114 πολλ’ἥς
1618 1067 1803 1119 ἐρχόμενος
1821 1071 1904 1119 γῆς,
1936 1062 2004 1106 εἶδε
2033 1068 2202 1122 παρθένον
2221 1067 2329 1122 κόρην

1280 1118 1471 1178 αὐχμηράν
1489 1142 1526 1163 τε
1543 1125 1602 1163 καὶ
1622 1127 1763 1174 δυσειδῆ
1785 1125 1930 1177 ὀνόματι
1949 1127 2156 1166 Μέδουσαν·
2182 1127 2242 1166 καὶ
2264 1128 2329 1166 λα·

1279 1183 1350 1222 ὅὼν
1372 1184 1543 1234 ἀπέτεμεν
1563 1187 1670 1231 αὐτῆς
1687 1184 1748 1232 τὴν
1769 1185 1941 1238 κεφαλὴν,
1964 1185 2025 1224 καὶ
2041 1186 2184 1231 τελέσας
2203 1185 2327 1237 αὐτὴν,

1278 1245 1323 1286 ὡς
1340 1243 1504 1296 ἐδιδάχθη
1515 1274 1524 1290 ,
1543 1244 1712 1290 ἐδάσταζε
1730 1245 1988 1292 καταπλήττων
2003 1245 2136 1290 πάντας
2155 1245 2215 1284 καὶ
2230 1248 2329 1284 ἀναι·

1280 1305 1346 1353 ρῶν
1378 1301 1455 1346 τοὺς
1483 1305 1652 1355 ὁρῶντας·
1675 1303 1795 1350 ἥντινα
1819 1303 1973 1358 κεφαλὴν
2001 1305 2147 1343 ἐκάλεσε
2173 1303 2330 1357 Γοργόνα

1279 1359 1335 1397 διὰ
1355 1359 1418 1407 τὴν
1435 1360 1583 1407 ὀξύτητα
1601 1365 1662 1408 τῆς
1679 1362 1903 1414 ἐνεργείας.’*
1916 1362 2075 1414 γυναικὸς
2091 1362 2331 1415 Ἀνδρομέδας,

1278 1417 1338 1456 καὶ
1359 1418 1573 1457 καταλαὸὼν
1590 1419 1713 1470 κώμην
1730 1420 1922 1471 λεγομένην
1937 1421 2148 1474 Ἀμάνδραν,
2166 1422 2328 1469 ἐποίησεν

1279 1476 1388 1524 αὐτὴν
1409 1477 1524 1527 πόλιν,
1546 1478 1678 1525 στήσας
1705 1481 1819 1532 ἑαυτῷ
1841 1480 1972 1527 στήλην
2005 1479 2246 1532 βαστάζουσαν
2267 1479 2329 1526 τὴν

1280 1535 1452 1587 Γοργόνα·
1475 1536 1563 1583 αὕτη
1593 1537 1788 1586 μετεκλήθη
1811 1536 1874 1581 ἕως
1891 1541 1950 1576 νῦν
1973 1537 2116 1576 Ἰκόνιον
2135 1537 2192 1576 διὰ
2210 1537 2251 1576 τὸ
2268 1541 2329 1575 ἂν·

1278 1593 1479 1642 τεικόνισμα
1496 1597 1556 1641 τῆς
1578 1595 1754 1646 Γοργόνος.
1774 1595 1998 1645 Ἐπολέμησε
2019 1596 2054 1634 δὲ
2074 1595 2134 1635 καὶ
2155 1595 2330 1650 Ἶσαῦροις

1277 1651 1336 1690 καὶ
1354 1652 1501 1703 Κίλιξιν,
1518 1653 1598 1691 ἔνθα
1608 1654 1708 1692 πόλιν
1724 1655 1830 1700 κτίζει
1844 1655 1886 1702 ἣν
1899 1656 2044 1694 ἐκάλεσε
2059 1655 2200 1708 Ταρσόν
2217 1656 2268 1707 [ἐν
2283 1658 2331 1708 τῇ

1277 1710 1380 1762 κώμῃ
1410 1712 1477 1763 τῇ]
1501 1712 1674 1764 λεγομένῃ
1705 1713 1896 1766 Ἀνδρασῷ.
1919 1715 2180 1767 Χρηματισθεὶς
2201 1715 2329 1768 (ἔχρη-

1278 1770 1476 1820 ματίσθηὲ)
1497 1771 1564 1823 γὰρ
1582 1773 1660 1809 κατ’
1681 1771 1764 1825 ὄναρ
1784 1773 1836 1811 δ’τι
1857 1776 1890 1811 ἐν
1912 1776 1960 1826 τῷ
1984 1774 2030 1826 (l.
2050 1767 2099 1826 ᾧ)
2121 1774 2219 1827 τόπῳ
2239 1772 2330 1823 μετὰ

1276 1827 1339 1875 τὴν
1353 1829 1437 1879 πρὸς
1453 1829 1638 1881 πολεμίους
1653 1830 1751 1878 νίκην
1770 1831 1904 1875 ἀποὸὰς
1921 1833 1960 1870 ἐκ
1976 1835 2035 1870 τοῦ
2050 1831 2160 1870 ἵππου
2178 1831 2236 1870 τὸν
2251 1847 2330 1885 ταρ-

1277 1886 1337 1926 σὸν
1369 1890 1543 1936 ἀπόθηται
1562 1893 1624 1927 τοῦ
1653 1890 1774 1937 ποδὸς,
1803 1891 1875 1929 ἐκεῖ
1903 1889 1990 1941 ὑπὲρ
2021 1893 2090 1929 τῶν
2121 1891 2328 1943 νικητηρίων

1276 1946 1393 1984 κτίσαι
1407 1947 1520 1994 πόλιν,
1538 1947 1598 1985 καὶ
1615 1947 1735 1992 κτίσας
1754 1948 1884 1996 ταύτην
1899 1949 2042 1988 ἐκάλεσε
2057 1949 2210 2002 Ταρσόν.
2225 1949 2329 1989 Μετὰ

1277 2004 1312 2043 δὲ
1327 2009 1438 2043 ταῦτα
1458 2006 1516 2044 καὶ
1538 2007 1679 2053 Μήδους
1696 2007 1840 2054 νικήσας
1860 2006 2003 2045 ἐκάλεσε
2019 2007 2082 2054 τὴν
2098 2005 2218 2060 χώραν
2234 2010 2328 2061 Περ-

1276 2063 1375 2111 σίδα,
1397 2064 1530 2110 ἐδίδαξε
1553 2065 1588 2103 δὲ
1608 2065 1669 2103 καὶ
1689 2065 1838 2109 πολλοὺς
1856 2068 1924 2103 τῶν
1949 2068 2097 2119 Περσῶν
2113 2065 2174 2110 τὰς
2190 2066 2248 2105 ἐπὶ
2268 2069 2330 2114 τῆς

1274 2124 1441 2176 Γοργόνος
1459 2124 1610 2168 τελετάς.
1637 2125 1718 2176 (18*)
1742 2126 1831 2164 Καθ’
1853 2124 1888 2163 ὃν
1914 2125 1955 2172 δὴ
1976 2125 2098 2178 χρόνον
2123 2125 2324 2179 κατηνέχθη

1275 2184 1405 2235 σφαῖρα
1425 2183 1530 2236 πυρὸς
1550 2185 1589 2221 ἐκ
1609 2187 1669 2222 τοῦ
1689 2185 1853 2236 οὐρανοῦ,
1876 2183 1908 2229 ἐξ
1927 2179 1967 2231 ἧς
1990 2184 2115 2222 ἔλαὸεν
2135 2187 2152 2222 ὁ
2173 2183 2327 2237 Περσεὺς

1272 2245 1360 2294 πῦρ,
1380 2242 1440 2280 καὶ
1460 2242 1638 2294 παρέδωκε
1659 2248 1763 2292 τιμᾶν
1785 2243 1887 2281 αὐτό·
1907 2242 1954 2295 [ὃ]
1977 2243 2034 2281 καὶ
2055 2242 2160 2296 μέχρι
2184 2245 2243 2281 νῦν
2261 2257 2326 2296 φυ-

1272 2301 1450 2341 λάττουσι.
1471 2303 1530 2353 (19)
1554 2301 1732 2340 Συνέὸαλε
1749 2301 1784 2340 δὲ
1804 2304 1852 2354 τῷ
1868 2304 1983 2354 Κηφεῖ
1998 2305 2046 2354 τῷ
2062 2301 2168 2354 πατρὶ
2185 2301 2326 2355 Ἀνδρο-

167 2411 235 2452 -§
252 2417 302 2444 12.
320 2414 420 2444 Καὶ...
437 2413 558 2454 λέγων]
575 2415 614 2445 Ὁ
631 2415 662 2445 δὲ
677 2415 769 2452 αὐτὸς
785 2417 898 2457 Ἑρμῆς
914 2418 967 2448 καὶ
982 2419 1135 2454 ἐπηύξατο
1149 2419 1247 2458 λέγων
1261 2420 1340 2450 ΕΜ).
1360 2419 1455 2450 Salm.
1472 2438 1513 2444 -
1526 2419 1667 2460 ὁρκίζω
1685 2429 1728 2450 σε
1746 2420 1823 2450 κτλ.
1838 2418 1849 2460 ]
1869 2421 1947 2451 Haec
1962 2419 2121 2450 Chronica
2133 2419 2195 2451 alia
2209 2417 2319 2458 pauno

161 2459 253 2491 aliter
265 2459 421 2499 efferunt,
444 2460 499 2491 sed
513 2464 662 2501 corrupte
675 2463 795 2494 omnia.
814 2466 894 2500 Quae
918 2465 1043 2504 singula
1067 2473 1231 2496 recensere
1250 2465 1451 2505 supersedeo.
1467 2467 1594 2506 Orpheo
1609 2466 1676 2497 liaec
1689 2466 1836 2498 tribuunt
1849 2466 1996 2499 Justinus
2012 2466 2133 2506 Martyr
2145 2466 2179 2497 in
2193 2468 2322 2498 Paraen.

162 2506 203 2538 ad
222 2508 277 2538 Gr.
300 2508 332 2538 et
355 2508 493 2547 cyrillus
512 2509 534 2539 l.
560 2508 601 2549 l.;
623 2509 707 2541 unde
730 2510 865 2550 priscam
890 2511 1025 2542 formam
1046 2513 1212 2543 restituere
1231 2511 1316 2543 licet.
1341 2512 1393 2544 Sic
1416 2513 1535 2544 liabent
1552 2522 1560 2543 ε
1580 2525 1594 2540 ἰ
1606 2513 1744 2553 Οὐρανὸν
1763 2513 1875 2554 ὁρκίζω
1897 2524 1955 2553 σε,
1973 2514 2044 2544 θεοῦ
2063 2513 2200 2554 μεγάλου
2226 2512 2322 2553 σοφὸν

162 2553 250 2594 ἔργον
262 2565 270 2572 ·
284 2555 390 2592 Αὐδήν
406 2555 517 2595 ὁρκίζω
537 2566 573 2586 σε
591 2558 704 2595 πατρὸς
716 2580 723 2591 ,
743 2558 779 2594 ἢν
796 2559 943 2598 φθέγξατο
960 2560 1085 2598 πρώτην
1097 2583 1104 2597 ,
1125 2558 1236 2590 Ἡνίκα
1256 2558 1376 2599 κόσμον
1393 2559 1516 2591 ἅπαντα
1541 2561 1604 2596 ἑαῖς
1627 2560 1790 2601 στηρίξατο
1811 2561 1945 2601 βουλαῖς.
1966 2573 1982 2588 ι»
2001 2561 2042 2591 V·
2061 2559 2188 2591 Lobeck
2208 2559 2322 2600 Aglao-

163 2600 272 2639 pliam.
300 2610 329 2640 p.
345 2604 402 2632 737
424 2611 470 2641 sq.
493 2619 527 2623 —
551 2601 662 2642 ἵλεως]
686 2604 783 2635 semel
802 2613 866 2634 vox
885 2605 985 2644 posita
1009 2606 1039 2635 in
1065 2609 1141 2636 Exc.
1171 2607 1270 2638 Salm.
1286 2630 1294 2645 ‚
1313 2615 1386 2646 quae
1402 2607 1517 2639 deinde
1537 2608 1662 2639 addunt
1689 2618 1696 2639 :
1720 2609 1758 2640 ‘O
1781 2609 1813 2640 δὲ
1838 2609 1952 2649 Ἑρμῆς
1974 2608 2064 2644 οὗτος
2089 2607 2184 2647 σοφὸς
2198 2606 2237 2646 ἦν
2259 2607 2317 2638 Αἶ-

161 2647 299 2687 γύπτιος.
319 2646 390 2687 --§
409 2651 455 2679 13.
475 2648 796 2691 Καραχὼ]Ναχὼρ
811 2651 931 2682 Cliron.
950 2652 1060 2682 vasen.
1080 2661 1108 2691 p.
1128 2657 1187 2691 863
1203 2654 1335 2694 Ναρεχώ
1357 2654 1490 2686 cedi-en.
1510 2663 1540 2692 p.
1556 2658 1614 2694 37;
1631 2656 1772 2696 Μαραχὼ
1790 2655 1897 2686 Malal.
1921 2663 1951 2695 p.
1975 2657 2026 2687 27.
2042 2653 2114 2695 —§
2132 2655 2179 2686 14.
2202 2652 2322 2686 Eadem

162 2693 293 2725 brevius
309 2694 340 2724 in
360 2696 438 2726 Exc.
466 2696 563 2727 salin.
589 2705 618 2735 p.
642 2699 699 2728 387
716 2721 724 2734 ,
743 2701 781 2728 22
802 2711 808 2729 :
828 2698 950 2738 Ἴναχος
967 2699 984 2728 ὁ
999 2698 1139 2739 Ἀργείων
1159 2701 1301 2739 βασιλεὺς
1328 2701 1362 2731 ἐκ
1387 2701 1479 2740 φυλῆς
1502 2701 1539 2740 ἦν
1553 2701 1672 2741 Ἰάφεθ,
1697 2701 1733 2732 οὗ
1748 2702 1803 2739 τὴν
1827 2702 1978 2742 θυγατέρα
2002 2701 2052 2732 Ἰὼ
2074 2701 2147 2736 Ζεὺς
2166 2700 2318 2740 ἥρπασεν.

162 2735 198 2768 Ἡ
220 2741 252 2772 δὲ
269 2743 285 2772 δ
323 2742 457 2772 λιποῦσα
475 2742 524 2773 διὰ
537 2744 592 2780 τὴν
609 2743 772 2784 διαφθορὰν
789 2745 840 2775 τὸν
863 2746 980 2785 πατέρα
991 2769 998 2783 ,
1023 2746 1071 2776 ἐπὶ
1088 2747 1198 2786 Συρίαν
1222 2748 1338 2785 ἀπῆλθε
1350 2772 1358 2786 ,
1374 2747 1516 2779 κάκεῖθεν
1530 2750 1572 2784 εἰς
1587 2748 1783 2788 Ἀντιόχειαν.
1800 2749 1860 2780 ’Ἡν
1879 2750 1908 2780 οἱ
1932 2750 2041 2780 οἰκεῖοι
2057 2749 2100 2790 μὴ
2124 2747 2299 2788 ἀνευρόντες
2310 2771 2320 2786 ,

162 2788 240 2819 ἀλλὰ
258 2789 402 2828 μαθόντες
417 2789 511 2827 αὐτὴν
526 2791 620 2821 αὐτοῦ
637 2792 816 2829 τελευτῆσαι
832 2816 840 2830 ,
857 2792 1011 2828 κτίζουσιν
1035 2794 1112 2833 αὐτῇ
1133 2794 1211 2833 ἱερὸν
1223 2818 1231 2832 ,
1247 2795 1299 2824 καὶ
1323 2793 1473 2825 ἐκάλεσαν
1487 2795 1539 2825 τὸν
1554 2795 1650 2826 τόπον
1667 2795 1821 2826 Ἰώπολιν.
1848 2797 1962 2827 Fusam
1979 2795 2020 2826 de
2037 2795 2085 2826 his
2104 2794 2320 2825 narrationem

165 2834 238 2866 vide
249 2844 299 2875 ap.
318 2836 423 2867 Malal.
438 2838 470 2867 et
484 2837 616 2868 Cedren.
634 2837 656 2868 l.
675 2838 693 2869 l.
712 2841 883 2869 Auctorem
899 2839 1030 2870 Malalas
1045 2840 1155 2871 laudat
1169 2841 1394 2880 Theophilum.
1406 2840 1478 2880 -δ
1494 2846 1544 2873 15.
1561 2842 1611 2873 cf.
1627 2842 1732 2873 Malal.
1747 2850 1776 2881 p.
1795 2846 1852 2881 303
1865 2842 2001 2874 Cedren.
2017 2849 2048 2881 p.
2066 2843 2116 2872 38.
2129 2859 2170 2866 -
2181 2839 2201 2880 §
2217 2844 2266 2871 16.
2278 2841 2318 2872 V.

163 2881 279 2912 Malaia
293 2891 323 2921 p.
341 2887 378 2913 32
396 2891 443 2922 sq.
456 2907 464 2922 ‚
480 2886 509 2914 et
529 2884 649 2915 Chron.
666 2885 776 2916 pasch.
791 2894 822 2925 p.
839 2887 877 2916 78
889 2909 898 2923 ,
913 2885 966 2916 ubi
982 2885 1131 2917 laudatur
1148 2887 1346 2925 Palaephatus
1360 2888 1411 2926 (v.
1427 2889 1665 2920 Westermanni
1685 2888 1842 2928 Mythogr.
1859 2897 1889 2928 p.
1912 2887 2002 2927 110).
2017 2885 2088 2927 —§
2106 2889 2154 2918 17.
2169 2885 2321 2928 ἀριθμ.]

162 2929 217 2965 τὴν
237 2928 437 2969 ἀριθμητικὴν
464 2931 644 2970 φιλοσοφίαν
662 2931 775 2963 Malaia
794 2941 823 2972 p.
847 2935 903 2971 34,
928 2936 944 2965 7
957 2957 965 2972 ,
992 2933 1045 2963 ubi
1065 2933 1104 2964 de
1120 2933 1168 2965 his
1181 2934 1331 2966 laudatur
1345 2935 1502 2966 Clemens.
1517 2953 1555 2960 —
1581 2934 1599 2974 §
1617 2939 1664 2966 18.
1694 2935 1811 2966 Eadem
1828 2938 1905 2966 Exc.
1931 2934 2065 2966 Salmas.
2094 2942 2125 2974 p.
2149 2935 2227 2972 387,
2249 2936 2287 2966 28
2309 2942 2317 2963 :

163 2976 302 3016 Περσεὺς
322 2977 406 3016 παρὰ
419 2980 474 3008 τοῦ
490 2979 603 3018 πατρὸς
618 2979 689 3014 Διὸς
704 2979 757 3015 τὰς
773 2981 913 3020 μυσαρὰς
931 2980 1053 3015 τελετὰς
1080 2981 1185 3019 μαθὼν
1199 3004 1206 3018 ,
1224 2982 1320 3019 εὑρὼν
1335 2981 1468 3020 γυναῖκά
1485 2993 1554 3012 τινα
1575 2982 1744 3012 Μέδουσαν
1764 2981 1880 3013 ἀνεῖλεν
1902 2981 1999 3018 αὐτὴν
2012 3004 2021 3019 ,
2040 2981 2094 3011 καὶ
2110 2980 2237 3016 τελέσας
2251 3003 2260 3018 ,
2276 2981 2319 3016 ὡς

163 3021 326 3063 ἐδιδάχθη,
346 3023 511 3060 ἐδάσταζεν
524 3048 532 3060 ,
551 3024 684 3065 ἀναιρῶν
704 3026 742 3056 δι’
766 3026 860 3064 αὐτῆς
879 3026 948 3062 τοὺς
971 3027 1122 3067 ὁρῶντας·
1147 3027 1184 3064 ἣν
1204 3028 1340 3070 Γοργόνα
1360 3029 1510 3060 ἐκάλεσαν
1533 3028 1575 3067 (Ι.
1595 3028 1742 3067 ἐκάλεσε)
1761 3028 1811 3059 διὰ
1827 3029 1863 3060 τὸ
1882 3032 1934 3066 τῆς
1953 3028 2103 3068 ἐνεργείας
2119 3026 2183 3063 ὀξύ.
2202 3027 2319 3058 Ἐλθὼν

163 3068 196 3100 δὲ
217 3070 260 3106 εἰς
273 3069 443 3111 Ἀμανδραν
458 3071 585 3108 ἐποίησε
601 3072 688 3103 πόλιν
698 3097 706 3112 ,
722 3074 840 3111 στήσας
857 3074 972 3111 στήλην
991 3073 1207 3114 βαστάζουσαν
1223 3076 1278 3113 τήν
1293 3075 1445 3116 Γοργόνην
1458 3077 1468 3114 (
1482 3076 1502 3106 Ι.
1522 3075 1680 3115 Γοργόνα)
1693 3086 1700 3092 ·
1719 3075 1900 3112 καὶ.ἐκλήθη
1924 3077 1944 3112 ἡ
1960 3075 2046 3111 πόλις
2070 3073 2210 3105 Ἰκόνιον.
2234 3075 2317 3114 Χρη-

165 3117 322 3157 ματισθεὶς
344 3118 376 3149 δὲ
395 3118 500 3149 κτίσαι
520 3119 607 3150 πόλιν
618 3143 626 3159 ,
651 3120 722 3151 ἔνθα
735 3124 857 3161 πρῶτον
873 3121 950 3161 μετὰ
966 3122 1020 3158 τήν
1042 3124 1104 3152 τῶν
1117 3122 1274 3162 πολεμίων
1295 3122 1382 3160 νίκην
1399 3122 1552 3159 ἀπόθηται
1569 3123 1622 3153 τὸν
1645 3122 1758 3162 ταρσὸν
1774 3124 1829 3152 τοῦ
1846 3122 1959 3161 ποδὸς,
1977 3121 2080 3152 ἔκτισε
2095 3121 2149 3158 τὴν
2165 3123 2218 3151 νῦν
2233 3120 2318 3161 λεγο·

165 3164 257 3203 μένην
276 3164 410 3202 Ταρσόν.
434 3166 532 3201 Οὗτος
550 3166 664 3203 ἐδίδαξε
684 3168 816 3203 πολλοὺς
830 3168 883 3203 τὰς
899 3168 1038 3208 μυσαρὰς
1053 3169 1173 3204 τελετὰς
1187 3193 1196 3208 ,
1219 3170 1271 3200 καὶ
1295 3169 1440 3201 ἐκάλεσεν
1464 3169 1574 3204 αὐτοὺς
1600 3169 1736 3208 μάγους,
1751 3169 1803 3200 καὶ
1821 3168 1950 3209 σφαίρας
1970 3168 2063 3209 πυρὸς
2082 3166 2317 3207 κατενεχθείσης

163 3211 254 3243 ἔλαὸε
273 3212 325 3242 καὶ
348 3212 508 3252 παρέδωκε
528 3217 591 3250 τοῖς
606 3214 659 3245 ὑπ’
683 3215 777 3246 αὐτοῦ
802 3216 939 3251 κληθεῖσι
959 3216 1090 3256 Πέρσαις
1105 3219 1196 3257 τιμᾶν
1220 3217 1324 3254 αὐτήν.
1342 3237 1383 3243 --
1400 3216 1587 3256 γυναικὸς
1609 3215 1879 3256 Ἀνδρομέδας]
1905 3215 2061 3247 Nonnulla
2083 3213 2315 3245 desiderantur.

164 3258 292 3290 Scilicet
305 3258 337 3289 in
351 3258 544 3299 AEtliiopiam
559 3262 720 3300 profectus
737 3264 867 3294 Perseus
880 3272 898 3295 e
912 3263 1047 3302 Neptuni
1064 3263 1136 3294 fano
1146 3264 1282 3296 abduxit
1294 3265 1354 3296 sibi
1368 3273 1503 3296 uxorem
1516 3264 1752 3295 Andromedam
1763 3288 1771 3302 ‚
1784 3272 1859 3294 cum
1873 3272 1936 3303 qua
1950 3263 1981 3294 in
1995 3262 2153 3303 Assyriam
2166 3260 2315 3293 tetendit.

163 3306 246 3337 Vide
264 3306 409 3337 Malalam
431 3316 462 3347 p.
485 3312 542 3346 36,
564 3308 700 3340 Cedren.
722 3318 753 3348 p.
773 3312 822 3340 40.
843 3328 883 3333 --
902 3310 1120 3351 ἀπόθηται]
1140 3320 1180 3342 ex
1202 3314 1279 3344 Exc.
1301 3313 1421 3351 Salin.;
1442 3311 1601 3342 ἀποθεῖται
1619 3310 1690 3342 cod.
1706 3322 1714 3350 ;
1732 3311 1863 3350 ὀδυνηθῇ
1884 3319 1946 3342 sec.
1967 3310 2104 3342 cedren.
2125 3318 2156 3350 p.
2177 3311 2218 3341 40
2231 3331 2240 3347 ‚
2261 3311 2313 3340 20.

164 3353 295 3384 Malalas
322 3361 352 3392 p.
377 3358 436 3391 36,
463 3358 500 3385 23
533 3367 540 3386 :
571 3355 782 3396 ἐχρηματίσθη
811 3360 924 3395 ταῦτα,
951 3358 997 3388 ὅτι
1023 3370 1036 3383 n
1063 3357 1134 3389 Ἀπὸ
1156 3362 1211 3389 τοῦ
1234 3358 1312 3390 ἰδίου
1332 3359 1430 3391 ἵππου
1453 3358 1573 3394 ἀποὸὰς
1595 3358 1647 3389 τὸν
1665 3359 1719 3389 σὸν
1741 3359 1855 3398 ταρσὸν
1877 3360 1933 3389 τοῦ
1957 3358 2050 3392 ποδὸς
2070 3357 2112 3393 εἷς
2143 3356 2197 3393 τήν
2220 3353 2316 3396 χθόνα

161 3401 259 3438 πήξας
272 3400 358 3438 νίκην
373 3401 488 3438 λάὸοις.
501 3402 618 3434 Eadem
632 3403 725 3434 modo
741 3403 859 3435 chron*
876 3405 983 3436 vasen.
998 3414 1028 3445 p.
1045 3408 1078 3437 71
1094 3430 1102 3445 ‚
1120 3405 1191 3437 18*.
1204 3427 1244 3433 —
1261 3410 1304 3439 18.
1317 3406 1399 3438 Vide
1414 3405 1577 3438 Pausaniae
1592 3404 1702 3445 fragm.
1719 3413 1769 3444 ap.
1787 3404 1889 3436 Malal.
1905 3412 1933 3444 p.
1950 3406 2002 3441 37,
