<?xml version="1.0" encoding="UTF-8"?>
<!DOCTYPE html PUBLIC "-//W3C//DTD XHTML 1.0 Transitional//EN"
    "http://www.w3.org/TR/xhtml1/DTD/xhtml1-transitional.dtd">
<html xmlns="http://www.w3.org/1999/xhtml" xml:lang="en" lang="en">
 <head>
  <title>
</title>
<meta http-equiv="Content-Type" content="text/html;charset=utf-8" />
  <meta name='ocr-system' content='tesseract 3.04.00' />
  <meta name='ocr-capabilities' content='ocr_page ocr_carea ocr_par ocr_line ocrx_word'/>
</head>
<body>
  <div class='ocr_page' id='page_1' title='image "./fragmentahistori04mueluoft_0663.png"; bbox 0 0 2372 3704; ppageno 0'>
   <div class='ocr_carea' id='block_1_1' title="bbox 915 205 1354 245">
    <p class='ocr_par' dir='ltr' id='par_1_1' title="bbox 915 205 1354 245">
     <span class='ocr_line' id='line_1_1' title="bbox 915 205 1354 245; baseline 0.005 -2"><span class='ocrx_word' id='word_1_1' title='bbox 915 205 969 244; x_wconf 92' lang='lat' dir='ltr'><strong>IN</strong></span> <span class='ocrx_word' id='word_1_2' title='bbox 1001 205 1271 245; x_wconf 84' lang='lat' dir='ltr'><strong>VOLUMINE</strong></span> <span class='ocrx_word' id='word_1_3' title='bbox 1300 206 1354 245; x_wconf 78' lang='lat'>11&#39;.</span> 
     </span>
    </p>
   </div>
   <div class='ocr_carea' id='block_1_2' title="bbox 15 291 1108 3442">
    <p class='ocr_par' dir='ltr' id='par_1_2' title="bbox 53 291 1106 753">
     <span class='ocr_line' id='line_1_2' title="bbox 57 291 1104 348; baseline -0.003 -13"><span class='ocrx_word' id='word_1_4' title='bbox 57 294 192 342; x_wconf 82' lang='grc' dir='ltr'>Μήδων</span> <span class='ocrx_word' id='word_1_5' title='bbox 222 307 296 345; x_wconf 83' lang='lat' dir='ltr'><strong>pro</strong></span> <span class='ocrx_word' id='word_1_6' title='bbox 321 293 470 348; x_wconf 71' lang='grc' dir='ltr'>Μηδῶν.</span> <span class='ocrx_word' id='word_1_7' title='bbox 492 315 546 321; x_wconf 93' lang='lat'><strong>—-</strong></span> <span class='ocrx_word' id='word_1_8' title='bbox 564 293 611 332; x_wconf 84' lang='lat' dir='ltr'><strong>fr.</strong></span> <span class='ocrx_word' id='word_1_9' title='bbox 636 294 746 340; x_wconf 85' lang='grc'><strong>14,1.</strong></span> <span class='ocrx_word' id='word_1_10' title='bbox 772 293 809 331; x_wconf 82' lang='lat'><strong>3.</strong></span> <span class='ocrx_word' id='word_1_11' title='bbox 832 291 894 339; x_wconf 77' lang='grc' dir='ltr'><strong>τὴν</strong></span> <span class='ocrx_word' id='word_1_12' title='bbox 913 294 1104 343; x_wconf 82' lang='grc' dir='ltr'>ὁμοιότητα</span> 
     </span>
     <span class='ocr_line' id='line_1_3' title="bbox 56 349 1105 407; baseline -0.002 -15"><span class='ocrx_word' id='word_1_13' title='bbox 56 356 116 400; x_wconf 78' lang='grc' dir='ltr'>τῆς</span> <span class='ocrx_word' id='word_1_14' title='bbox 129 353 238 407; x_wconf 83' lang='grc' dir='ltr'>ὅψεως</span> <span class='ocrx_word' id='word_1_15' title='bbox 253 351 314 391; x_wconf 78' lang='grc' dir='ltr'>καὶ</span> <span class='ocrx_word' id='word_1_16' title='bbox 330 350 391 399; x_wconf 84' lang='grc' dir='ltr'><strong>τὴν</strong></span> <span class='ocrx_word' id='word_1_17' title='bbox 402 349 540 398; x_wconf 87' lang='grc' dir='ltr'>ἡλικίαν</span> <span class='ocrx_word' id='word_1_18' title='bbox 555 350 678 402; x_wconf 83' lang='grc' dir='ltr'>ὁμοίαν</span> <span class='ocrx_word' id='word_1_19' title='bbox 693 350 819 403; x_wconf 84' lang='grc' dir='ltr'>ἔχοντα</span> <span class='ocrx_word' id='word_1_20' title='bbox 834 351 976 403; x_wconf 91' lang='lat' dir='ltr'><strong>]Vario</strong></span> <span class='ocrx_word' id='word_1_21' title='bbox 989 354 1105 390; x_wconf 90' lang='lat' dir='ltr'><strong>modo</strong></span> 
     </span>
     <span class='ocr_line' id='line_1_4' title="bbox 55 411 1102 459; baseline -0.002 -10"><span class='ocrx_word' id='word_1_22' title='bbox 55 413 134 450; x_wconf 85' lang='lat' dir='ltr'><strong>haec</strong></span> <span class='ocrx_word' id='word_1_23' title='bbox 162 412 211 450; x_wconf 86' lang='lat' dir='ltr'><strong>ad</strong></span> <span class='ocrx_word' id='word_1_24' title='bbox 238 411 425 459; x_wconf 82' lang='lat' dir='ltr'><strong>majorem</strong></span> <span class='ocrx_word' id='word_1_25' title='bbox 461 412 759 447; x_wconf 86' lang='lat' dir='ltr'>concinnitatem</span> <span class='ocrx_word' id='word_1_26' title='bbox 789 423 971 447; x_wconf 90' lang='lat' dir='ltr'><strong>revocare</strong></span> <span class='ocrx_word' id='word_1_27' title='bbox 1001 412 1102 450; x_wconf 88' lang='lat' dir='ltr'><strong>licet.</strong></span> 
     </span>
     <span class='ocr_line' id='line_1_5' title="bbox 55 470 1103 519; baseline -0.003 -10"><span class='ocrx_word' id='word_1_28' title='bbox 55 472 318 509; x_wconf 86' lang='lat' dir='ltr'><strong>Suavissimam</strong></span> <span class='ocrx_word' id='word_1_29' title='bbox 331 471 559 507; x_wconf 84' lang='lat' dir='ltr'><strong>medicinam</strong></span> <span class='ocrx_word' id='word_1_30' title='bbox 572 471 752 519; x_wconf 87' lang='lat' dir='ltr'><strong>propinat</strong></span> <span class='ocrx_word' id='word_1_31' title='bbox 766 470 969 510; x_wconf 82' lang='lat' dir='ltr'><strong>Diibnerus</strong></span> <span class='ocrx_word' id='word_1_32' title='bbox 985 483 1103 517; x_wconf 89' lang='lat' dir='ltr'><strong>meus,</strong></span> 
     </span>
     <span class='ocr_line' id='line_1_6' title="bbox 54 526 1106 578; baseline -0.003 -12"><span class='ocrx_word' id='word_1_33' title='bbox 54 529 257 578; x_wconf 87' lang='lat' dir='ltr'><strong>legendum</strong></span> <span class='ocrx_word' id='word_1_34' title='bbox 273 540 426 564; x_wconf 87' lang='lat' dir='ltr'><strong>censens</strong></span> <span class='ocrx_word' id='word_1_35' title='bbox 445 541 453 563; x_wconf 70' lang='grc' dir='ltr'><strong>ε</strong></span> <span class='ocrx_word' id='word_1_36' title='bbox 475 526 538 571; x_wconf 79' lang='grc' dir='ltr'><strong>τὴν</strong></span> <span class='ocrx_word' id='word_1_37' title='bbox 553 526 763 578; x_wconf 82' lang='grc' dir='ltr'><strong>ὡραιότητα.</strong></span> <span class='ocrx_word' id='word_1_38' title='bbox 789 528 854 564; x_wconf 85' lang='lat' dir='ltr'><strong>Sin</strong></span> <span class='ocrx_word' id='word_1_39' title='bbox 871 530 1106 577; x_wconf 85' lang='lat' dir='ltr'><strong>excerptoris</strong></span> 
     </span>
     <span class='ocr_line' id='line_1_7' title="bbox 56 583 1105 637; baseline -0.001 -13"><span class='ocrx_word' id='word_1_40' title='bbox 56 588 169 624; x_wconf 84' lang='lat' dir='ltr'><strong>verba</strong></span> <span class='ocrx_word' id='word_1_41' title='bbox 185 594 293 635; x_wconf 83' lang='lat' dir='ltr'><strong>sunt,</strong></span> <span class='ocrx_word' id='word_1_42' title='bbox 308 586 503 623; x_wconf 88' lang='lat' dir='ltr'><strong>Diodorus</strong></span> <span class='ocrx_word' id='word_1_43' title='bbox 524 587 673 622; x_wconf 87' lang='lat' dir='ltr'><strong>dederit</strong></span> <span class='ocrx_word' id='word_1_44' title='bbox 691 599 700 622; x_wconf 74' lang='grc' dir='ltr'><strong>ι</strong></span> <span class='ocrx_word' id='word_1_45' title='bbox 723 583 786 630; x_wconf 78' lang='grc' dir='ltr'><strong>τήν</strong></span> <span class='ocrx_word' id='word_1_46' title='bbox 802 599 839 622; x_wconf 88' lang='grc' dir='ltr'>τε</span> <span class='ocrx_word' id='word_1_47' title='bbox 867 584 946 637; x_wconf 73' lang='grc' dir='ltr'>ὄψιν</span> <span class='ocrx_word' id='word_1_48' title='bbox 963 585 1023 623; x_wconf 86' lang='grc' dir='ltr'>καὶ</span> <span class='ocrx_word' id='word_1_49' title='bbox 1041 585 1105 632; x_wconf 79' lang='grc' dir='ltr'><strong>τὴν</strong></span> 
     </span>
     <span class='ocr_line' id='line_1_8' title="bbox 53 643 1105 696; baseline -0.001 -14"><span class='ocrx_word' id='word_1_50' title='bbox 53 646 114 691; x_wconf 86' lang='grc' dir='ltr'><strong>ἡλ.</strong></span> <span class='ocrx_word' id='word_1_51' title='bbox 140 643 263 694; x_wconf 83' lang='grc' dir='ltr'>ὁμοίαν</span> <span class='ocrx_word' id='word_1_52' title='bbox 285 643 422 696; x_wconf 85' lang='grc' dir='ltr'>ἔχοντα,</span> <span class='ocrx_word' id='word_1_53' title='bbox 443 645 501 681; x_wconf 89' lang='lat' dir='ltr'><strong>uti</strong></span> <span class='ocrx_word' id='word_1_54' title='bbox 520 645 679 694; x_wconf 85' lang='lat' dir='ltr'><strong>legimus</strong></span> <span class='ocrx_word' id='word_1_55' title='bbox 697 644 797 680; x_wconf 90' lang='lat' dir='ltr'><strong>infra</strong></span> <span class='ocrx_word' id='word_1_56' title='bbox 817 657 859 694; x_wconf 88' lang='lat' dir='ltr'><strong>p.</strong></span> <span class='ocrx_word' id='word_1_57' title='bbox 878 657 948 681; x_wconf 77' lang='lat' dir='ltr'><strong>xvl</strong></span> <span class='ocrx_word' id='word_1_58' title='bbox 961 674 972 694; x_wconf 91' lang='lat'><strong>,</strong></span> <span class='ocrx_word' id='word_1_59' title='bbox 994 645 1060 682; x_wconf 90' lang='lat' dir='ltr'><strong>lin.</strong></span> <span class='ocrx_word' id='word_1_60' title='bbox 1084 645 1105 681; x_wconf 83' lang='lat'>3</span> 
     </span>
     <span class='ocr_line' id='line_1_9' title="bbox 53 703 521 753; baseline 0.002 -13"><span class='ocrx_word' id='word_1_61' title='bbox 53 703 95 740; x_wconf 85' lang='lat' dir='ltr'><strong>in</strong></span> <span class='ocrx_word' id='word_1_62' title='bbox 112 705 272 753; x_wconf 86' lang='lat' dir='ltr'><strong>gemella</strong></span> <span class='ocrx_word' id='word_1_63' title='bbox 287 704 521 741; x_wconf 88' lang='lat' dir='ltr'><strong>narratione.</strong></span> 
     </span>
    </p>

    <p class='ocr_par' dir='ltr' id='par_1_3' title="bbox 29 762 1108 1398">
     <span class='ocr_line' id='line_1_10' title="bbox 107 762 1108 812; baseline 0.001 -14"><span class='ocrx_word' id='word_1_64' title='bbox 107 763 198 812; x_wconf 88' lang='lat' dir='ltr'><strong>Pag.</strong></span> <span class='ocrx_word' id='word_1_65' title='bbox 219 775 318 808; x_wconf 85' lang='lat' dir='ltr'><strong>xm,</strong></span> <span class='ocrx_word' id='word_1_66' title='bbox 340 763 408 800; x_wconf 89' lang='lat' dir='ltr'><strong>lin.</strong></span> <span class='ocrx_word' id='word_1_67' title='bbox 433 762 470 798; x_wconf 90' lang='lat'><strong>6.</strong></span> <span class='ocrx_word' id='word_1_68' title='bbox 489 764 533 798; x_wconf 91' lang='lat' dir='ltr'><strong>In</strong></span> <span class='ocrx_word' id='word_1_69' title='bbox 558 769 650 798; x_wconf 89' lang='lat' dir='ltr'><strong>nota</strong></span> <span class='ocrx_word' id='word_1_70' title='bbox 670 762 719 798; x_wconf 89' lang='lat' dir='ltr'><strong>ad</strong></span> <span class='ocrx_word' id='word_1_71' title='bbox 736 762 776 800; x_wconf 86' lang='lat' dir='ltr'><strong>h.</strong></span> <span class='ocrx_word' id='word_1_72' title='bbox 795 762 822 799; x_wconf 89' lang='lat'><strong>1.</strong></span> <span class='ocrx_word' id='word_1_73' title='bbox 844 762 926 811; x_wconf 82' lang='lat' dir='ltr'><strong>lege</strong></span> <span class='ocrx_word' id='word_1_74' title='bbox 949 775 958 798; x_wconf 74' lang='grc' dir='ltr'><strong><em>ε</em></strong></span> <span class='ocrx_word' id='word_1_75' title='bbox 979 763 1108 800; x_wconf 89' lang='lat' dir='ltr'>Codex</span> 
     </span>
     <span class='ocr_line' id='line_1_11' title="bbox 53 819 1106 872; baseline 0 -14"><span class='ocrx_word' id='word_1_76' title='bbox 53 819 232 870; x_wconf 70' lang='grc' dir='ltr'>ὀνομάζειν</span> <span class='ocrx_word' id='word_1_77' title='bbox 256 821 274 858; x_wconf 86' lang='grc' dir='ltr'>ὀ</span> <span class='ocrx_word' id='word_1_78' title='bbox 291 819 415 872; x_wconf 81' lang='grc' dir='ltr'>φάνην,</span> <span class='ocrx_word' id='word_1_79' title='bbox 435 821 537 857; x_wconf 91' lang='lat' dir='ltr'><strong>unde</strong></span> <span class='ocrx_word' id='word_1_80' title='bbox 563 822 603 856; x_wconf 91' lang='lat' dir='ltr'><strong>in</strong></span> <span class='ocrx_word' id='word_1_81' title='bbox 632 828 814 857; x_wconf 85' lang='lat' dir='ltr'><strong>contextu</strong></span> <span class='ocrx_word' id='word_1_82' title='bbox 831 821 919 857; x_wconf 91' lang='lat' dir='ltr'><strong>dedi</strong></span> <span class='ocrx_word' id='word_1_83' title='bbox 935 820 1106 869; x_wconf 85' lang='grc' dir='ltr'>ὀνομαζό-</span> 
     </span>
     <span class='ocr_line' id='line_1_12' title="bbox 54 877 1107 931; baseline 0 -15"><span class='ocrx_word' id='word_1_84' title='bbox 54 893 156 928; x_wconf 88' lang='grc' dir='ltr'>μενον</span> <span class='ocrx_word' id='word_1_85' title='bbox 181 877 351 931; x_wconf 74' lang='grc' dir='ltr'>Ὀφάνην.</span> <span class='ocrx_word' id='word_1_86' title='bbox 385 880 457 917; x_wconf 89' lang='lat' dir='ltr'><strong>Sed</strong></span> <span class='ocrx_word' id='word_1_87' title='bbox 487 887 638 928; x_wconf 80' lang='lat' dir='ltr'><strong>praestat</strong></span> <span class='ocrx_word' id='word_1_88' title='bbox 672 892 759 915; x_wconf 92' lang='lat' dir='ltr'><strong>cum</strong></span> <span class='ocrx_word' id='word_1_89' title='bbox 806 880 954 917; x_wconf 89' lang='lat' dir='ltr'><strong>Federo</strong></span> <span class='ocrx_word' id='word_1_90' title='bbox 983 881 1107 929; x_wconf 83' lang='lat' dir='ltr'><strong>legere</strong></span> 
     </span>
     <span class='ocr_line' id='line_1_13' title="bbox 53 936 1108 990; baseline -0.002 -14"><span class='ocrx_word' id='word_1_91' title='bbox 53 936 162 987; x_wconf 79' lang='grc' dir='ltr'>ὄνομα</span> <span class='ocrx_word' id='word_1_92' title='bbox 191 937 413 990; x_wconf 76' lang='grc' dir='ltr'>Ζηνοφάνην.</span> <span class='ocrx_word' id='word_1_93' title='bbox 461 939 570 976; x_wconf 83' lang='lat' dir='ltr'>Certe</span> <span class='ocrx_word' id='word_1_94' title='bbox 605 938 877 986; x_wconf 87' lang='lat' dir='ltr'><strong>Zenophanem</strong></span> <span class='ocrx_word' id='word_1_95' title='bbox 914 939 1108 986; x_wconf 85' lang='lat' dir='ltr'><strong>quendam</strong></span> 
     </span>
     <span class='ocr_line' id='line_1_14' title="bbox 43 997 1108 1047; baseline 0.003 -16"><span class='ocrx_word' id='word_1_96' title='bbox 43 998 277 1047; x_wconf 72' lang='lat' dir='ltr'><strong>,posterioris</strong></span> <span class='ocrx_word' id='word_1_97' title='bbox 313 998 381 1033; x_wconf 86' lang='lat' dir='ltr'><strong>aevi</strong></span> <span class='ocrx_word' id='word_1_98' title='bbox 419 997 460 1032; x_wconf 89' lang='lat' dir='ltr'><strong>in</strong></span> <span class='ocrx_word' id='word_1_99' title='bbox 502 998 636 1034; x_wconf 88' lang='lat' dir='ltr'><strong>Cilicia</strong></span> <span class='ocrx_word' id='word_1_100' title='bbox 682 1004 885 1044; x_wconf 85' lang='lat' dir='ltr'><strong>tyrannum</strong></span> <span class='ocrx_word' id='word_1_101' title='bbox 920 1006 1108 1034; x_wconf 85' lang='lat' dir='ltr'><strong>memorat</strong></span> 
     </span>
     <span class='ocr_line' id='line_1_15' title="bbox 53 1055 1107 1106; baseline 0 -14"><span class='ocrx_word' id='word_1_102' title='bbox 53 1057 190 1094; x_wconf 89' lang='lat' dir='ltr'><strong>Strabo</strong></span> <span class='ocrx_word' id='word_1_103' title='bbox 211 1058 316 1103; x_wconf 89' lang='lat' dir='ltr'>XIV,</span> <span class='ocrx_word' id='word_1_104' title='bbox 338 1069 381 1105; x_wconf 87' lang='lat' dir='ltr'><strong>p.</strong></span> <span class='ocrx_word' id='word_1_105' title='bbox 405 1055 497 1102; x_wconf 84' lang='lat'>672.</span> <span class='ocrx_word' id='word_1_106' title='bbox 519 1077 571 1083; x_wconf 97' lang='lat'>—</span> <span class='ocrx_word' id='word_1_107' title='bbox 595 1055 695 1093; x_wconf 93' lang='lat' dir='ltr'><strong>Ibid.</strong></span> <span class='ocrx_word' id='word_1_108' title='bbox 715 1056 783 1091; x_wconf 91' lang='lat' dir='ltr'><strong>lin.</strong></span> <span class='ocrx_word' id='word_1_109' title='bbox 811 1060 872 1104; x_wconf 89' lang='grc'><strong>14,</strong></span> <span class='ocrx_word' id='word_1_110' title='bbox 896 1055 940 1091; x_wconf 85' lang='grc'><strong>15</strong></span> <span class='ocrx_word' id='word_1_111' title='bbox 958 1058 1107 1106; x_wconf 83' lang='lat' dir='ltr'>corrige</span> 
     </span>
     <span class='ocr_line' id='line_1_16' title="bbox 53 1112 1104 1164; baseline 0.001 -13"><span class='ocrx_word' id='word_1_112' title='bbox 53 1116 223 1164; x_wconf 81' lang='lat' dir='ltr'><strong>sphalma</strong></span> <span class='ocrx_word' id='word_1_113' title='bbox 254 1115 351 1151; x_wconf 94' lang='lat' dir='ltr'><strong>illud</strong></span> <span class='ocrx_word' id='word_1_114' title='bbox 370 1113 446 1157; x_wconf 83' lang='grc' dir='ltr'>ταῖς</span> <span class='ocrx_word' id='word_1_115' title='bbox 469 1112 525 1151; x_wconf 82' lang='grc' dir='ltr'><strong>ἐπὶ</strong></span> <span class='ocrx_word' id='word_1_116' title='bbox 543 1127 614 1162; x_wconf 90' lang='lat' dir='ltr'><strong>pro</strong></span> <span class='ocrx_word' id='word_1_117' title='bbox 634 1112 689 1150; x_wconf 82' lang='grc' dir='ltr'><strong>ἐπὶ</strong></span> <span class='ocrx_word' id='word_1_118' title='bbox 710 1118 798 1156; x_wconf 81' lang='grc' dir='ltr'>ταῖς.</span> <span class='ocrx_word' id='word_1_119' title='bbox 828 1135 878 1142; x_wconf 89' lang='grc'>-</span> <span class='ocrx_word' id='word_1_120' title='bbox 893 1115 953 1152; x_wconf 87' lang='lat' dir='ltr'><strong>Ib.</strong></span> <span class='ocrx_word' id='word_1_121' title='bbox 973 1115 1018 1153; x_wconf 89' lang='lat' dir='ltr'><strong>fr.</strong></span> <span class='ocrx_word' id='word_1_122' title='bbox 1046 1115 1104 1162; x_wconf 84' lang='lat'><strong>15,</strong></span> 
     </span>
     <span class='ocr_line' id='line_1_17' title="bbox 53 1171 1104 1223; baseline 0.001 -14"><span class='ocrx_word' id='word_1_123' title='bbox 53 1174 119 1212; x_wconf 92' lang='lat' dir='ltr'><strong>lin.</strong></span> <span class='ocrx_word' id='word_1_124' title='bbox 135 1187 171 1212; x_wconf 90' lang='lat'><strong>2.</strong></span> <span class='ocrx_word' id='word_1_125' title='bbox 184 1171 493 1215; x_wconf 73' lang='grc' dir='ltr'>ἐπιδουλεύσαντες</span> <span class='ocrx_word' id='word_1_126' title='bbox 505 1171 728 1223; x_wconf 83' lang='grc' dir='ltr'>Ἀριαράθην.</span> <span class='ocrx_word' id='word_1_127' title='bbox 743 1172 755 1222; x_wconf 87' lang='grc'>]</span> <span class='ocrx_word' id='word_1_128' title='bbox 767 1174 948 1209; x_wconf 89' lang='lat' dir='ltr'><strong>Dativum</strong></span> <span class='ocrx_word' id='word_1_129' title='bbox 960 1186 1005 1209; x_wconf 89' lang='lat' dir='ltr'><strong>ex</strong></span> <span class='ocrx_word' id='word_1_130' title='bbox 1021 1175 1104 1210; x_wconf 87' lang='lat' dir='ltr'><strong>vul-</strong></span> 
     </span>
     <span class='ocr_line' id='line_1_18' title="bbox 53 1232 1107 1281; baseline 0.001 -14"><span class='ocrx_word' id='word_1_131' title='bbox 53 1233 136 1281; x_wconf 82' lang='lat' dir='ltr'><strong>gari</strong></span> <span class='ocrx_word' id='word_1_132' title='bbox 155 1233 233 1280; x_wconf 91' lang='lat' dir='ltr'><strong>loq.</strong></span> <span class='ocrx_word' id='word_1_133' title='bbox 269 1245 338 1268; x_wconf 88' lang='lat' dir='ltr'><strong>usu</strong></span> <span class='ocrx_word' id='word_1_134' title='bbox 355 1232 619 1281; x_wconf 88' lang='lat' dir='ltr'><strong>reponendum</strong></span> <span class='ocrx_word' id='word_1_135' title='bbox 650 1239 773 1279; x_wconf 88' lang='lat' dir='ltr'><strong>recte,</strong></span> <span class='ocrx_word' id='word_1_136' title='bbox 797 1239 894 1280; x_wconf 92' lang='lat' dir='ltr'><strong>puto</strong></span> <span class='ocrx_word' id='word_1_137' title='bbox 909 1260 920 1280; x_wconf 92' lang='lat'><strong>,</strong></span> <span class='ocrx_word' id='word_1_138' title='bbox 952 1239 1107 1268; x_wconf 88' lang='lat' dir='ltr'><strong>censent</strong></span> 
     </span>
     <span class='ocr_line' id='line_1_19' title="bbox 29 1290 1105 1340; baseline -0.001 -12"><span class='ocrx_word' id='word_1_139' title='bbox 29 1306 32 1310; x_wconf 94' lang='lat'>·</span> <span class='ocrx_word' id='word_1_140' title='bbox 52 1290 212 1328; x_wconf 91' lang='lat' dir='ltr'><strong>Piccolo</strong></span> <span class='ocrx_word' id='word_1_141' title='bbox 227 1298 264 1326; x_wconf 90' lang='lat' dir='ltr'><strong>et</strong></span> <span class='ocrx_word' id='word_1_142' title='bbox 273 1291 409 1328; x_wconf 85' lang='lat' dir='ltr'><strong>Feder.</strong></span> <span class='ocrx_word' id='word_1_143' title='bbox 423 1292 663 1337; x_wconf 86' lang='lat' dir='ltr'><strong>Quamquam</strong></span> <span class='ocrx_word' id='word_1_144' title='bbox 678 1291 880 1326; x_wconf 87' lang='lat' dir='ltr'><strong>accusativi</strong></span> <span class='ocrx_word' id='word_1_145' title='bbox 891 1291 1105 1340; x_wconf 87' lang='lat' dir='ltr'><strong>exemplum</strong></span> 
     </span>
     <span class='ocr_line' id='line_1_20' title="bbox 51 1346 848 1398; baseline 0.001 -14"><span class='ocrx_word' id='word_1_146' title='bbox 51 1346 170 1386; x_wconf 87' lang='lat' dir='ltr'><strong>habes</strong></span> <span class='ocrx_word' id='word_1_147' title='bbox 185 1351 225 1385; x_wconf 91' lang='lat' dir='ltr'><strong>in</strong></span> <span class='ocrx_word' id='word_1_148' title='bbox 238 1350 367 1398; x_wconf 86' lang='lat' dir='ltr'><strong>steph.</strong></span> <span class='ocrx_word' id='word_1_149' title='bbox 385 1350 496 1385; x_wconf 90' lang='lat' dir='ltr'><strong>Thes.</strong></span> <span class='ocrx_word' id='word_1_150' title='bbox 512 1351 574 1393; x_wconf 91' lang='lat' dir='ltr'><strong>IV,</strong></span> <span class='ocrx_word' id='word_1_151' title='bbox 594 1361 636 1397; x_wconf 91' lang='lat' dir='ltr'><strong>p.</strong></span> <span class='ocrx_word' id='word_1_152' title='bbox 667 1348 782 1394; x_wconf 86' lang='grc'><strong>1544,</strong></span> <span class='ocrx_word' id='word_1_153' title='bbox 801 1351 848 1386; x_wconf 88' lang='lat' dir='ltr'><strong>A.</strong></span> 
     </span>
    </p>

    <p class='ocr_par' dir='ltr' id='par_1_4' title="bbox 51 1405 1106 1694">
     <span class='ocr_line' id='line_1_21' title="bbox 106 1405 1102 1458; baseline 0 -14"><span class='ocrx_word' id='word_1_154' title='bbox 106 1409 198 1457; x_wconf 87' lang='lat' dir='ltr'><strong>Pag.</strong></span> <span class='ocrx_word' id='word_1_155' title='bbox 231 1420 314 1457; x_wconf 79' lang='lat' dir='ltr'><strong>xlv,</strong></span> <span class='ocrx_word' id='word_1_156' title='bbox 344 1415 427 1446; x_wconf 89' lang='lat' dir='ltr'><strong>not.</strong></span> <span class='ocrx_word' id='word_1_157' title='bbox 455 1408 493 1446; x_wconf 90' lang='lat'><strong>6.</strong></span> <span class='ocrx_word' id='word_1_158' title='bbox 524 1406 730 1457; x_wconf 77' lang='grc' dir='ltr'>διασαφεῖν]</span> <span class='ocrx_word' id='word_1_159' title='bbox 764 1405 965 1458; x_wconf 75' lang='grc' dir='ltr'>διαγράφειν</span> <span class='ocrx_word' id='word_1_160' title='bbox 999 1407 1102 1455; x_wconf 87' lang='lat' dir='ltr'><strong>conj.</strong></span> 
     </span>
     <span class='ocr_line' id='line_1_22' title="bbox 51 1465 1105 1515; baseline -0.001 -12"><span class='ocrx_word' id='word_1_161' title='bbox 51 1466 188 1505; x_wconf 84' lang='lat' dir='ltr'><strong>Feder.</strong></span> <span class='ocrx_word' id='word_1_162' title='bbox 218 1467 311 1502; x_wconf 81' lang='lat' dir='ltr'><strong>Mox</strong></span> <span class='ocrx_word' id='word_1_163' title='bbox 331 1478 405 1515; x_wconf 90' lang='lat' dir='ltr'><strong>pro</strong></span> <span class='ocrx_word' id='word_1_164' title='bbox 434 1466 579 1514; x_wconf 84' lang='grc' dir='ltr'>ὀργυιῶν</span> <span class='ocrx_word' id='word_1_165' title='bbox 601 1466 723 1501; x_wconf 81' lang='lat' dir='ltr'>codex</span> <span class='ocrx_word' id='word_1_166' title='bbox 754 1466 899 1514; x_wconf 82' lang='lat' dir='ltr'><strong>praehet</strong></span> <span class='ocrx_word' id='word_1_167' title='bbox 932 1465 1105 1515; x_wconf 85' lang='grc' dir='ltr'>ὀργυαῖον,</span> 
     </span>
     <span class='ocr_line' id='line_1_23' title="bbox 55 1521 1103 1574; baseline -0.001 -13"><span class='ocrx_word' id='word_1_168' title='bbox 55 1525 162 1574; x_wconf 92' lang='lat' dir='ltr'><strong>quod</strong></span> <span class='ocrx_word' id='word_1_169' title='bbox 176 1532 309 1560; x_wconf 88' lang='lat' dir='ltr'><strong>notare</strong></span> <span class='ocrx_word' id='word_1_170' title='bbox 330 1525 451 1560; x_wconf 89' lang='lat' dir='ltr'><strong>omisi.</strong></span> <span class='ocrx_word' id='word_1_171' title='bbox 474 1524 572 1559; x_wconf 91' lang='lat' dir='ltr'><strong>Dein</strong></span> <span class='ocrx_word' id='word_1_172' title='bbox 586 1536 659 1571; x_wconf 94' lang='lat' dir='ltr'><strong>pro</strong></span> <span class='ocrx_word' id='word_1_173' title='bbox 671 1521 851 1559; x_wconf 83' lang='grc' dir='ltr'>τάλαντων</span> <span class='ocrx_word' id='word_1_174' title='bbox 866 1525 893 1562; x_wconf 88' lang='lat' dir='ltr'><strong>l.</strong></span> <span class='ocrx_word' id='word_1_175' title='bbox 911 1523 1103 1562; x_wconf 84' lang='grc' dir='ltr'>ταλάντων.</span> 
     </span>
     <span class='ocr_line' id='line_1_24' title="bbox 52 1580 1106 1633; baseline 0 -14"><span class='ocrx_word' id='word_1_176' title='bbox 52 1605 105 1612; x_wconf 90' lang='lat'><strong>--</strong></span> <span class='ocrx_word' id='word_1_177' title='bbox 133 1585 197 1619; x_wconf 91' lang='lat' dir='ltr'><strong>lin.</strong></span> <span class='ocrx_word' id='word_1_178' title='bbox 229 1587 249 1626; x_wconf 88' lang='grc'><strong>4</strong></span> <span class='ocrx_word' id='word_1_179' title='bbox 271 1583 318 1619; x_wconf 88' lang='lat' dir='ltr'><strong>ab</strong></span> <span class='ocrx_word' id='word_1_180' title='bbox 346 1583 436 1620; x_wconf 88' lang='lat' dir='ltr'><strong>ima.</strong></span> <span class='ocrx_word' id='word_1_181' title='bbox 469 1580 744 1633; x_wconf 84' lang='grc' dir='ltr'>προσεχόντων]</span> <span class='ocrx_word' id='word_1_182' title='bbox 775 1583 913 1619; x_wconf 90' lang='lat' dir='ltr'><strong>iterum</strong></span> <span class='ocrx_word' id='word_1_183' title='bbox 940 1583 1106 1619; x_wconf 87' lang='lat' dir='ltr'><strong>Federus</strong></span> 
     </span>
     <span class='ocr_line' id='line_1_25' title="bbox 56 1641 445 1694; baseline 0 -15"><span class='ocrx_word' id='word_1_184' title='bbox 56 1644 170 1679; x_wconf 84' lang='lat' dir='ltr'><strong>tacite</strong></span> <span class='ocrx_word' id='word_1_185' title='bbox 183 1641 445 1694; x_wconf 85' lang='grc' dir='ltr'>προσσχόντων.</span> 
     </span>
    </p>

    <p class='ocr_par' dir='ltr' id='par_1_5' title="bbox 51 1698 1105 2159">
     <span class='ocr_line' id='line_1_26' title="bbox 107 1698 1104 1751; baseline -0.002 -12"><span class='ocrx_word' id='word_1_186' title='bbox 107 1701 349 1751; x_wconf 78' lang='lat' dir='ltr'><strong>Pag.xv,lin.</strong></span> <span class='ocrx_word' id='word_1_187' title='bbox 365 1700 401 1737; x_wconf 84' lang='lat'><strong>3.</strong></span> <span class='ocrx_word' id='word_1_188' title='bbox 410 1700 529 1736; x_wconf 88' lang='lat' dir='ltr'><strong>verba</strong></span> <span class='ocrx_word' id='word_1_189' title='bbox 542 1698 627 1751; x_wconf 72' lang='grc' dir='ltr'>πρὸς</span> <span class='ocrx_word' id='word_1_190' title='bbox 637 1698 734 1742; x_wconf 85' lang='grc' dir='ltr'>τέλος</span> <span class='ocrx_word' id='word_1_191' title='bbox 749 1700 891 1750; x_wconf 83' lang='grc' dir='ltr'>ἀγαγεῖν</span> <span class='ocrx_word' id='word_1_192' title='bbox 904 1708 1104 1749; x_wconf 86' lang='lat' dir='ltr'><strong>excerpto-</strong></span> 
     </span>
     <span class='ocr_line' id='line_1_27' title="bbox 52 1757 1104 1809; baseline -0.001 -13"><span class='ocrx_word' id='word_1_193' title='bbox 52 1761 104 1796; x_wconf 84' lang='lat' dir='ltr'><strong>ris</strong></span> <span class='ocrx_word' id='word_1_194' title='bbox 123 1773 201 1796; x_wconf 89' lang='lat' dir='ltr'><strong>esse</strong></span> <span class='ocrx_word' id='word_1_195' title='bbox 231 1759 423 1797; x_wconf 77' lang='lat' dir='ltr'><strong>videntur.</strong></span> <span class='ocrx_word' id='word_1_196' title='bbox 451 1759 645 1794; x_wconf 86' lang='lat' dir='ltr'><strong>Diodorus</strong></span> <span class='ocrx_word' id='word_1_197' title='bbox 674 1758 811 1794; x_wconf 80' lang='lat' dir='ltr'><strong>dixerit</strong></span> <span class='ocrx_word' id='word_1_198' title='bbox 838 1771 846 1793; x_wconf 79' lang='lat' dir='ltr'>z</span> <span class='ocrx_word' id='word_1_199' title='bbox 875 1757 1104 1809; x_wconf 77' lang='grc' dir='ltr'>ἐφιλοτιμήθη</span> 
     </span>
     <span class='ocr_line' id='line_1_28' title="bbox 52 1815 1101 1869; baseline -0.001 -14"><span class='ocrx_word' id='word_1_200' title='bbox 52 1816 133 1869; x_wconf 79' lang='grc' dir='ltr'>περὶ</span> <span class='ocrx_word' id='word_1_201' title='bbox 156 1815 218 1863; x_wconf 85' lang='grc' dir='ltr'><strong>τὴν</strong></span> <span class='ocrx_word' id='word_1_202' title='bbox 240 1818 302 1854; x_wconf 85' lang='lat' dir='ltr'><strong>vel</strong></span> <span class='ocrx_word' id='word_1_203' title='bbox 331 1815 392 1854; x_wconf 83' lang='grc' dir='ltr'><strong>ἐπὶ</strong></span> <span class='ocrx_word' id='word_1_204' title='bbox 417 1818 474 1867; x_wconf 76' lang='grc' dir='ltr'>τῇ,</span> <span class='ocrx_word' id='word_1_205' title='bbox 501 1839 551 1844; x_wconf 94' lang='lat'>—</span> <span class='ocrx_word' id='word_1_206' title='bbox 573 1818 638 1853; x_wconf 90' lang='lat' dir='ltr'><strong>lin.</strong></span> <span class='ocrx_word' id='word_1_207' title='bbox 674 1816 731 1852; x_wconf 89' lang='lat'><strong>18.</strong></span> <span class='ocrx_word' id='word_1_208' title='bbox 764 1815 976 1865; x_wconf 79' lang='grc' dir='ltr'>Βυζάντιοι]</span> <span class='ocrx_word' id='word_1_209' title='bbox 1003 1817 1034 1853; x_wconf 85' lang='grc' dir='ltr'><strong>οἱ</strong></span> <span class='ocrx_word' id='word_1_210' title='bbox 1058 1817 1101 1856; x_wconf 92' lang='grc' dir='ltr'><strong>Β.</strong></span> 
     </span>
     <span class='ocr_line' id='line_1_29' title="bbox 53 1872 1101 1925; baseline 0 -12"><span class='ocrx_word' id='word_1_211' title='bbox 53 1877 157 1914; x_wconf 85' lang='lat' dir='ltr'><strong>dedit</strong></span> <span class='ocrx_word' id='word_1_212' title='bbox 180 1877 317 1915; x_wconf 85' lang='lat' dir='ltr'><strong>Feder.</strong></span> <span class='ocrx_word' id='word_1_213' title='bbox 342 1897 392 1903; x_wconf 88' lang='lat'><strong>—-</strong></span> <span class='ocrx_word' id='word_1_214' title='bbox 415 1876 484 1911; x_wconf 92' lang='lat' dir='ltr'><strong>lin.</strong></span> <span class='ocrx_word' id='word_1_215' title='bbox 514 1875 563 1911; x_wconf 88' lang='lat'><strong>28</strong></span> <span class='ocrx_word' id='word_1_216' title='bbox 593 1882 680 1924; x_wconf 91' lang='lat' dir='ltr'><strong>post</strong></span> <span class='ocrx_word' id='word_1_217' title='bbox 707 1872 803 1922; x_wconf 81' lang='grc' dir='ltr'>τέλος</span> <span class='ocrx_word' id='word_1_218' title='bbox 827 1875 969 1911; x_wconf 88' lang='lat' dir='ltr'><strong>excidit</strong></span> <span class='ocrx_word' id='word_1_219' title='bbox 993 1873 1101 1925; x_wconf 54' lang='grc' dir='ltr'><strong>[δὲ]</strong></span> 
     </span>
     <span class='ocr_line' id='line_1_30' title="bbox 53 1935 1103 1982; baseline -0.003 -9"><span class='ocrx_word' id='word_1_220' title='bbox 53 1937 98 1973; x_wconf 88' lang='lat' dir='ltr'><strong>V.</strong></span> <span class='ocrx_word' id='word_1_221' title='bbox 128 1944 234 1974; x_wconf 87' lang='lat' dir='ltr'><strong>nota.</strong></span> <span class='ocrx_word' id='word_1_222' title='bbox 269 1937 511 1972; x_wconf 82' lang='lat' dir='ltr'><strong>Contractam</strong></span> <span class='ocrx_word' id='word_1_223' title='bbox 531 1946 608 1969; x_wconf 90' lang='lat' dir='ltr'><strong>esse</strong></span> <span class='ocrx_word' id='word_1_224' title='bbox 634 1935 894 1969; x_wconf 79' lang='lat' dir='ltr'><strong>narrationem</strong></span> <span class='ocrx_word' id='word_1_225' title='bbox 915 1941 1032 1982; x_wconf 86' lang='lat' dir='ltr'><strong>patet.</strong></span> <span class='ocrx_word' id='word_1_226' title='bbox 1053 1937 1103 1970; x_wconf 90' lang='lat' dir='ltr'><strong>At</strong></span> 
     </span>
     <span class='ocr_line' id='line_1_31' title="bbox 51 1989 1105 2042; baseline -0.003 -11"><span class='ocrx_word' id='word_1_227' title='bbox 51 1995 147 2031; x_wconf 88' lang='lat' dir='ltr'><strong>nihil</strong></span> <span class='ocrx_word' id='word_1_228' title='bbox 165 2002 218 2031; x_wconf 87' lang='lat' dir='ltr'><strong>est</strong></span> <span class='ocrx_word' id='word_1_229' title='bbox 236 2006 305 2030; x_wconf 90' lang='lat' dir='ltr'><strong>cur</strong></span> <span class='ocrx_word' id='word_1_230' title='bbox 333 2006 369 2029; x_wconf 88' lang='lat' dir='ltr'><strong>v.</strong></span> <span class='ocrx_word' id='word_1_231' title='bbox 386 1989 557 2042; x_wconf 82' lang='grc' dir='ltr'>ἐγκρατὴς</span> <span class='ocrx_word' id='word_1_232' title='bbox 571 1992 620 2027; x_wconf 89' lang='lat' dir='ltr'><strong>ad</strong></span> <span class='ocrx_word' id='word_1_233' title='bbox 640 1992 845 2037; x_wconf 89' lang='lat' dir='ltr'><strong>Metellum,</strong></span> <span class='ocrx_word' id='word_1_234' title='bbox 856 2004 936 2027; x_wconf 90' lang='lat' dir='ltr'><strong>non</strong></span> <span class='ocrx_word' id='word_1_235' title='bbox 946 2004 1040 2027; x_wconf 84' lang='lat' dir='ltr'><strong>vero</strong></span> <span class='ocrx_word' id='word_1_236' title='bbox 1056 1993 1105 2028; x_wconf 90' lang='lat' dir='ltr'><strong>ad</strong></span> 
     </span>
     <span class='ocr_line' id='line_1_32' title="bbox 52 2052 1103 2100; baseline -0.004 -10"><span class='ocrx_word' id='word_1_237' title='bbox 52 2053 436 2100; x_wconf 84' lang='lat' dir='ltr'><strong>Pseudo-Philippum</strong></span> <span class='ocrx_word' id='word_1_238' title='bbox 465 2058 634 2099; x_wconf 88' lang='lat' dir='ltr'><strong>spectare</strong></span> <span class='ocrx_word' id='word_1_239' title='bbox 663 2058 852 2099; x_wconf 83' lang='lat' dir='ltr'><strong>putemus,</strong></span> <span class='ocrx_word' id='word_1_240' title='bbox 880 2071 933 2078; x_wconf 92' lang='lat'>—</span> <span class='ocrx_word' id='word_1_241' title='bbox 958 2052 1003 2086; x_wconf 92' lang='lat' dir='ltr'><strong>In</strong></span> <span class='ocrx_word' id='word_1_242' title='bbox 1022 2058 1103 2090; x_wconf 88' lang='lat' dir='ltr'><strong>not.</strong></span> 
     </span>
     <span class='ocr_line' id='line_1_33' title="bbox 53 2110 994 2159; baseline -0.002 -11"><span class='ocrx_word' id='word_1_243' title='bbox 53 2112 103 2149; x_wconf 90' lang='lat' dir='ltr'><strong>ad</strong></span> <span class='ocrx_word' id='word_1_244' title='bbox 121 2112 168 2148; x_wconf 88' lang='lat' dir='ltr'><strong>fr.</strong></span> <span class='ocrx_word' id='word_1_245' title='bbox 193 2121 255 2159; x_wconf 90' lang='lat'><strong>17,</strong></span> <span class='ocrx_word' id='word_1_246' title='bbox 272 2112 340 2148; x_wconf 90' lang='lat' dir='ltr'><strong>lin.</strong></span> <span class='ocrx_word' id='word_1_247' title='bbox 362 2123 382 2145; x_wconf 93' lang='lat'>2</span> <span class='ocrx_word' id='word_1_248' title='bbox 399 2122 471 2158; x_wconf 89' lang='lat' dir='ltr'><strong>pro</strong></span> <span class='ocrx_word' id='word_1_249' title='bbox 486 2110 545 2144; x_wconf 84' lang='lat' dir='ltr'><strong>ed.</strong></span> <span class='ocrx_word' id='word_1_250' title='bbox 561 2111 679 2144; x_wconf 74' lang='lat' dir='ltr'><strong>Bona.</strong></span> <span class='ocrx_word' id='word_1_251' title='bbox 696 2110 778 2157; x_wconf 84' lang='lat' dir='ltr'><strong>lege</strong></span> <span class='ocrx_word' id='word_1_252' title='bbox 794 2110 853 2146; x_wconf 81' lang='lat' dir='ltr'><strong>ed.</strong></span> <span class='ocrx_word' id='word_1_253' title='bbox 875 2111 994 2146; x_wconf 82' lang='lat' dir='ltr'><strong>Boiss.</strong></span> 
     </span>
    </p>

    <p class='ocr_par' dir='ltr' id='par_1_6' title="bbox 50 2165 1105 2389">
     <span class='ocr_line' id='line_1_34' title="bbox 107 2165 1105 2218; baseline -0.002 -12"><span class='ocrx_word' id='word_1_254' title='bbox 107 2171 197 2218; x_wconf 83' lang='lat' dir='ltr'><strong>Pag.</strong></span> <span class='ocrx_word' id='word_1_255' title='bbox 215 2181 299 2215; x_wconf 84' lang='lat' dir='ltr'><strong>xv1‚</strong></span> <span class='ocrx_word' id='word_1_256' title='bbox 318 2168 366 2205; x_wconf 83' lang='lat' dir='ltr'><strong>fr.</strong></span> <span class='ocrx_word' id='word_1_257' title='bbox 383 2181 447 2214; x_wconf 91' lang='lat'><strong>20,</strong></span> <span class='ocrx_word' id='word_1_258' title='bbox 462 2168 529 2203; x_wconf 89' lang='lat' dir='ltr'><strong>lin.</strong></span> <span class='ocrx_word' id='word_1_259' title='bbox 548 2166 583 2204; x_wconf 86' lang='lat'><strong>5.</strong></span> <span class='ocrx_word' id='word_1_260' title='bbox 603 2165 762 2212; x_wconf 86' lang='grc' dir='ltr'>Κάσιον]</span> <span class='ocrx_word' id='word_1_261' title='bbox 786 2165 951 2213; x_wconf 86' lang='grc' dir='ltr'>Κάσσιον,</span> <span class='ocrx_word' id='word_1_262' title='bbox 966 2180 1105 2204; x_wconf 88' lang='lat' dir='ltr'><strong>nomen</strong></span> 
     </span>
     <span class='ocr_line' id='line_1_35' title="bbox 50 2226 1103 2274; baseline -0.001 -11"><span class='ocrx_word' id='word_1_263' title='bbox 50 2240 254 2264; x_wconf 84' lang='lat' dir='ltr'><strong>romanum</strong></span> <span class='ocrx_word' id='word_1_264' title='bbox 266 2255 276 2272; x_wconf 89' lang='lat'><strong><em>‚</em></strong></span> <span class='ocrx_word' id='word_1_265' title='bbox 298 2227 464 2263; x_wconf 91' lang='lat' dir='ltr'><strong>Federus</strong></span> <span class='ocrx_word' id='word_1_266' title='bbox 476 2256 485 2271; x_wconf 90' lang='lat'><strong><em>‚</em></strong></span> <span class='ocrx_word' id='word_1_267' title='bbox 506 2238 740 2273; x_wconf 89' lang='lat' dir='ltr'><strong>quamquam</strong></span> <span class='ocrx_word' id='word_1_268' title='bbox 758 2226 935 2262; x_wconf 89' lang='lat' dir='ltr'><strong>dubitans</strong></span> <span class='ocrx_word' id='word_1_269' title='bbox 948 2254 958 2274; x_wconf 95' lang='lat'><strong>,</strong></span> <span class='ocrx_word' id='word_1_270' title='bbox 979 2228 1103 2262; x_wconf 91' lang='lat' dir='ltr'><strong>intro-</strong></span> 
     </span>
     <span class='ocr_line' id='line_1_36' title="bbox 52 2282 1104 2334; baseline -0.003 -12"><span class='ocrx_word' id='word_1_271' title='bbox 52 2286 172 2322; x_wconf 86' lang='lat' dir='ltr'><strong>duxit.</strong></span> <span class='ocrx_word' id='word_1_272' title='bbox 198 2287 382 2334; x_wconf 83' lang='lat' dir='ltr'><strong>Syrorum</strong></span> <span class='ocrx_word' id='word_1_273' title='bbox 406 2282 492 2325; x_wconf 78' lang='grc' dir='ltr'>Ζεὺς</span> <span class='ocrx_word' id='word_1_274' title='bbox 515 2282 655 2329; x_wconf 74' lang='grc' dir='ltr'>Καίσιος,</span> <span class='ocrx_word' id='word_1_275' title='bbox 673 2282 750 2333; x_wconf 83' lang='grc' dir='ltr'>ὄρος</span> <span class='ocrx_word' id='word_1_276' title='bbox 779 2282 910 2320; x_wconf 86' lang='grc' dir='ltr'>Κάσιον</span> <span class='ocrx_word' id='word_1_277' title='bbox 926 2291 994 2322; x_wconf 90' lang='lat' dir='ltr'><strong>etc.</strong></span> <span class='ocrx_word' id='word_1_278' title='bbox 1016 2286 1104 2320; x_wconf 88' lang='lat' dir='ltr'><strong>satis</strong></span> 
     </span>
     <span class='ocr_line' id='line_1_37' title="bbox 51 2342 949 2389; baseline -0.002 -8"><span class='ocrx_word' id='word_1_279' title='bbox 51 2345 222 2382; x_wconf 86' lang='lat' dir='ltr'><strong>indicant</strong></span> <span class='ocrx_word' id='word_1_280' title='bbox 241 2345 335 2380; x_wconf 89' lang='lat' dir='ltr'><strong>nihil</strong></span> <span class='ocrx_word' id='word_1_281' title='bbox 352 2357 392 2382; x_wconf 84' lang='lat' dir='ltr'><strong>n.</strong></span> <span class='ocrx_word' id='word_1_282' title='bbox 414 2344 441 2379; x_wconf 91' lang='grc'><strong>1.</strong></span> <span class='ocrx_word' id='word_1_283' title='bbox 465 2343 584 2378; x_wconf 90' lang='lat' dir='ltr'><strong>inesse</strong></span> <span class='ocrx_word' id='word_1_284' title='bbox 604 2354 625 2377; x_wconf 92' lang='lat' dir='ltr'><strong>a</strong></span> <span class='ocrx_word' id='word_1_285' title='bbox 644 2342 753 2389; x_wconf 86' lang='lat' dir='ltr'><strong>Syria</strong></span> <span class='ocrx_word' id='word_1_286' title='bbox 772 2342 949 2379; x_wconf 88' lang='lat' dir='ltr'><strong>alienum.</strong></span> 
     </span>
    </p>

    <p class='ocr_par' dir='ltr' id='par_1_7' title="bbox 15 2400 1104 3319">
     <span class='ocr_line' id='line_1_38' title="bbox 89 2400 1100 2453; baseline -0.003 -13"><span class='ocrx_word' id='word_1_287' title='bbox 89 2406 196 2453; x_wconf 59' lang='lat' dir='ltr'><strong>vag.</strong></span> <span class='ocrx_word' id='word_1_288' title='bbox 218 2416 322 2447; x_wconf 84' lang='lat' dir='ltr'><strong>xvn,</strong></span> <span class='ocrx_word' id='word_1_289' title='bbox 351 2404 417 2438; x_wconf 93' lang='lat' dir='ltr'><strong>lin.</strong></span> <span class='ocrx_word' id='word_1_290' title='bbox 449 2406 510 2443; x_wconf 77' lang='grc'><strong>14.</strong></span> <span class='ocrx_word' id='word_1_291' title='bbox 544 2403 588 2437; x_wconf 88' lang='grc'><strong>111</strong></span> <span class='ocrx_word' id='word_1_292' title='bbox 616 2408 700 2437; x_wconf 89' lang='lat' dir='ltr'><strong>not.</strong></span> <span class='ocrx_word' id='word_1_293' title='bbox 726 2400 776 2448; x_wconf 81' lang='lat'><strong>(3)</strong></span> <span class='ocrx_word' id='word_1_294' title='bbox 799 2401 845 2436; x_wconf 90' lang='lat' dir='ltr'><strong>ad</strong></span> <span class='ocrx_word' id='word_1_295' title='bbox 861 2401 899 2437; x_wconf 93' lang='lat' dir='ltr'><strong>h.</strong></span> <span class='ocrx_word' id='word_1_296' title='bbox 923 2402 949 2438; x_wconf 93' lang='grc'><strong>1.</strong></span> <span class='ocrx_word' id='word_1_297' title='bbox 975 2401 1100 2437; x_wconf 90' lang='lat' dir='ltr'><strong>adde:</strong></span> 
     </span>
     <span class='ocr_line' id='line_1_39' title="bbox 52 2459 1102 2511; baseline -0.003 -12"><span class='ocrx_word' id='word_1_298' title='bbox 52 2478 67 2495; x_wconf 73' lang='lat' dir='ltr'><strong>c«</strong></span> <span class='ocrx_word' id='word_1_299' title='bbox 84 2463 159 2499; x_wconf 90' lang='lat' dir='ltr'><strong>Sed</strong></span> <span class='ocrx_word' id='word_1_300' title='bbox 167 2461 533 2511; x_wconf 86' lang='lat' dir='ltr'><strong>praestarevidentur</strong></span> <span class='ocrx_word' id='word_1_301' title='bbox 550 2472 633 2507; x_wconf 89' lang='lat' dir='ltr'><strong>quae</strong></span> <span class='ocrx_word' id='word_1_302' title='bbox 648 2460 687 2493; x_wconf 91' lang='lat' dir='ltr'><strong>in</strong></span> <span class='ocrx_word' id='word_1_303' title='bbox 700 2459 825 2494; x_wconf 89' lang='lat' dir='ltr'><strong>latinis</strong></span> <span class='ocrx_word' id='word_1_304' title='bbox 838 2461 1102 2509; x_wconf 83' lang='lat' dir='ltr'><strong>expressimus,</strong></span> 
     </span>
     <span class='ocr_line' id='line_1_40' title="bbox 51 2512 1102 2567; baseline -0.002 -10"><span class='ocrx_word' id='word_1_305' title='bbox 51 2522 118 2557; x_wconf 90' lang='lat' dir='ltr'><strong>ubi</strong></span> <span class='ocrx_word' id='word_1_306' title='bbox 138 2522 318 2557; x_wconf 85' lang='lat' dir='ltr'><strong>vertimus</strong></span> <span class='ocrx_word' id='word_1_307' title='bbox 344 2521 448 2567; x_wconf 88' lang='lat' dir='ltr'><strong>quasi</strong></span> <span class='ocrx_word' id='word_1_308' title='bbox 477 2520 544 2555; x_wconf 91' lang='lat' dir='ltr'><strong>lin.</strong></span> <span class='ocrx_word' id='word_1_309' title='bbox 569 2532 592 2566; x_wconf 87' lang='lat'><strong>9</strong></span> <span class='ocrx_word' id='word_1_310' title='bbox 617 2518 658 2553; x_wconf 93' lang='lat' dir='ltr'><strong>in</strong></span> <span class='ocrx_word' id='word_1_311' title='bbox 679 2518 808 2565; x_wconf 84' lang='lat' dir='ltr'><strong>graecis</strong></span> <span class='ocrx_word' id='word_1_312' title='bbox 840 2525 936 2553; x_wconf 90' lang='lat' dir='ltr'><strong>esset</strong></span> <span class='ocrx_word' id='word_1_313' title='bbox 966 2518 1031 2567; x_wconf 84' lang='grc' dir='ltr'><strong>[ἐν</strong></span> <span class='ocrx_word' id='word_1_314' title='bbox 1053 2512 1102 2561; x_wconf 70' lang='grc' dir='ltr'><strong>οἶς</strong></span> 
     </span>
     <span class='ocr_line' id='line_1_41' title="bbox 51 2575 1102 2629; baseline -0.003 -13"><span class='ocrx_word' id='word_1_315' title='bbox 51 2578 136 2629; x_wconf 76' lang='grc' dir='ltr'>καὶ]</span> <span class='ocrx_word' id='word_1_316' title='bbox 153 2577 230 2621; x_wconf 82' lang='grc' dir='ltr'>τοὺς</span> <span class='ocrx_word' id='word_1_317' title='bbox 247 2577 326 2629; x_wconf 77' lang='grc' dir='ltr'>περὶ</span> <span class='ocrx_word' id='word_1_318' title='bbox 343 2576 404 2622; x_wconf 88' lang='grc' dir='ltr'><strong>τὴν</strong></span> <span class='ocrx_word' id='word_1_319' title='bbox 428 2575 622 2627; x_wconf 80' lang='grc' dir='ltr'>Λάρισσαν.</span> <span class='ocrx_word' id='word_1_320' title='bbox 647 2593 661 2607; x_wconf 73' lang='grc' dir='ltr'><strong>υ</strong></span> <span class='ocrx_word' id='word_1_321' title='bbox 684 2576 791 2611; x_wconf 88' lang='lat' dir='ltr'><strong>Idem</strong></span> <span class='ocrx_word' id='word_1_322' title='bbox 811 2576 956 2612; x_wconf 87' lang='lat' dir='ltr'><strong>Federo</strong></span> <span class='ocrx_word' id='word_1_323' title='bbox 978 2578 1102 2613; x_wconf 89' lang='lat' dir='ltr'><strong>visum</strong></span> 
     </span>
     <span class='ocr_line' id='line_1_42' title="bbox 52 2632 1104 2686; baseline -0.003 -12"><span class='ocrx_word' id='word_1_324' title='bbox 52 2645 118 2674; x_wconf 88' lang='lat' dir='ltr'><strong>est.</strong></span> <span class='ocrx_word' id='word_1_325' title='bbox 135 2659 188 2664; x_wconf 92' lang='lat'><strong>—</strong></span> <span class='ocrx_word' id='word_1_326' title='bbox 201 2638 268 2672; x_wconf 90' lang='lat' dir='ltr'><strong>lin.</strong></span> <span class='ocrx_word' id='word_1_327' title='bbox 291 2635 338 2672; x_wconf 85' lang='lat'><strong>25</strong></span> <span class='ocrx_word' id='word_1_328' title='bbox 356 2634 453 2686; x_wconf 80' lang='grc' dir='ltr'>παρὰ</span> <span class='ocrx_word' id='word_1_329' title='bbox 479 2634 578 2671; x_wconf 87' lang='grc' dir='ltr'>πόλιν</span> <span class='ocrx_word' id='word_1_330' title='bbox 595 2634 608 2684; x_wconf 92' lang='grc'>]</span> <span class='ocrx_word' id='word_1_331' title='bbox 630 2632 709 2685; x_wconf 83' lang='grc' dir='ltr'>περὶ</span> <span class='ocrx_word' id='word_1_332' title='bbox 725 2648 762 2684; x_wconf 81' lang='grc' dir='ltr'><strong>π.</strong></span> <span class='ocrx_word' id='word_1_333' title='bbox 780 2635 878 2669; x_wconf 88' lang='lat' dir='ltr'><strong>male</strong></span> <span class='ocrx_word' id='word_1_334' title='bbox 903 2635 1034 2672; x_wconf 88' lang='lat' dir='ltr'><strong>Feder.</strong></span> <span class='ocrx_word' id='word_1_335' title='bbox 1050 2657 1104 2663; x_wconf 91' lang='lat'>—</span> 
     </span>
     <span class='ocr_line' id='line_1_43' title="bbox 51 2691 1103 2740; baseline -0.003 -8"><span class='ocrx_word' id='word_1_336' title='bbox 51 2697 118 2734; x_wconf 87' lang='lat' dir='ltr'><strong>lin.</strong></span> <span class='ocrx_word' id='word_1_337' title='bbox 138 2697 209 2733; x_wconf 90' lang='lat' dir='ltr'><strong>ult.</strong></span> <span class='ocrx_word' id='word_1_338' title='bbox 241 2693 446 2739; x_wconf 79' lang='grc' dir='ltr'>Μολκέστης</span> <span class='ocrx_word' id='word_1_339' title='bbox 463 2707 490 2730; x_wconf 89' lang='lat' dir='ltr'><strong>s.</strong></span> <span class='ocrx_word' id='word_1_340' title='bbox 515 2691 718 2738; x_wconf 86' lang='grc' dir='ltr'>Μολκέλτης</span> <span class='ocrx_word' id='word_1_341' title='bbox 735 2696 747 2738; x_wconf 85' lang='grc'><strong>,]</strong></span> <span class='ocrx_word' id='word_1_342' title='bbox 766 2693 916 2740; x_wconf 87' lang='lat' dir='ltr'><strong>Optime</strong></span> <span class='ocrx_word' id='word_1_343' title='bbox 938 2693 1103 2729; x_wconf 85' lang='lat' dir='ltr'><strong>Federus</strong></span> 
     </span>
     <span class='ocr_line' id='line_1_44' title="bbox 49 2751 1099 2802; baseline -0.004 -11"><span class='ocrx_word' id='word_1_344' title='bbox 49 2755 202 2791; x_wconf 86' lang='lat' dir='ltr'><strong>refinxit</strong></span> <span class='ocrx_word' id='word_1_345' title='bbox 236 2751 435 2802; x_wconf 80' lang='grc' dir='ltr'>Μοαγέτης.</span> <span class='ocrx_word' id='word_1_346' title='bbox 464 2769 479 2783; x_wconf 76' lang='grc' dir='ltr'>«ι</span> <span class='ocrx_word' id='word_1_347' title='bbox 497 2753 567 2788; x_wconf 90' lang='lat' dir='ltr'><strong>Per</strong></span> <span class='ocrx_word' id='word_1_348' title='bbox 587 2759 803 2799; x_wconf 87' lang='lat' dir='ltr'><strong>temporum</strong></span> <span class='ocrx_word' id='word_1_349' title='bbox 823 2752 1005 2798; x_wconf 87' lang='lat' dir='ltr'><strong>rationes,</strong></span> <span class='ocrx_word' id='word_1_350' title='bbox 1029 2753 1099 2797; x_wconf 86' lang='lat' dir='ltr'><strong>ait,</strong></span> 
     </span>
     <span class='ocr_line' id='line_1_45' title="bbox 49 2809 1101 2861; baseline -0.004 -11"><span class='ocrx_word' id='word_1_351' title='bbox 49 2815 115 2850; x_wconf 83' lang='lat' dir='ltr'><strong>vix</strong></span> <span class='ocrx_word' id='word_1_352' title='bbox 131 2814 298 2849; x_wconf 87' lang='lat' dir='ltr'><strong>diversus</strong></span> <span class='ocrx_word' id='word_1_353' title='bbox 311 2825 388 2848; x_wconf 88' lang='lat' dir='ltr'><strong>esse</strong></span> <span class='ocrx_word' id='word_1_354' title='bbox 400 2812 543 2861; x_wconf 90' lang='lat' dir='ltr'><strong>poterit</strong></span> <span class='ocrx_word' id='word_1_355' title='bbox 554 2823 575 2846; x_wconf 85' lang='lat' dir='ltr'><strong>a</strong></span> <span class='ocrx_word' id='word_1_356' title='bbox 590 2813 765 2859; x_wconf 79' lang='lat' dir='ltr'><strong>Moagete</strong></span> <span class='ocrx_word' id='word_1_357' title='bbox 779 2810 924 2857; x_wconf 83' lang='lat' dir='ltr'><strong>Cibyrae</strong></span> <span class='ocrx_word' id='word_1_358' title='bbox 944 2809 1101 2857; x_wconf 84' lang='lat' dir='ltr'><strong>tyranno</strong></span> 
     </span>
     <span class='ocr_line' id='line_1_46' title="bbox 51 2867 1102 2921; baseline -0.007 -12"><span class='ocrx_word' id='word_1_359' title='bbox 51 2885 110 2921; x_wconf 88' lang='lat' dir='ltr'><strong>ap.</strong></span> <span class='ocrx_word' id='word_1_360' title='bbox 125 2872 257 2920; x_wconf 82' lang='lat' dir='ltr'>Polyb.</span> <span class='ocrx_word' id='word_1_361' title='bbox 277 2884 343 2918; x_wconf 88' lang='lat'><strong>22,</strong></span> <span class='ocrx_word' id='word_1_362' title='bbox 368 2883 426 2916; x_wconf 90' lang='lat'><strong>17,</strong></span> <span class='ocrx_word' id='word_1_363' title='bbox 444 2870 608 2917; x_wconf 89' lang='lat' dir='ltr'><strong>indeque</strong></span> <span class='ocrx_word' id='word_1_364' title='bbox 627 2870 776 2904; x_wconf 90' lang='lat' dir='ltr'><strong>Livium</strong></span> <span class='ocrx_word' id='word_1_365' title='bbox 793 2867 868 2915; x_wconf 79' lang='lat'><strong>(38,</strong></span> <span class='ocrx_word' id='word_1_366' title='bbox 891 2867 965 2916; x_wconf 87' lang='grc'><strong>14).</strong></span> <span class='ocrx_word' id='word_1_367' title='bbox 997 2868 1102 2903; x_wconf 86' lang='lat' dir='ltr'><strong>Idem</strong></span> 
     </span>
     <span class='ocr_line' id='line_1_47' title="bbox 50 2926 1102 2974; baseline -0.005 -7"><span class='ocrx_word' id='word_1_368' title='bbox 50 2944 191 2967; x_wconf 90' lang='lat' dir='ltr'><strong>nomen</strong></span> <span class='ocrx_word' id='word_1_369' title='bbox 211 2943 233 2967; x_wconf 85' lang='lat' dir='ltr'><strong>a</strong></span> <span class='ocrx_word' id='word_1_370' title='bbox 252 2931 438 2967; x_wconf 86' lang='lat' dir='ltr'><strong>Strabone</strong></span> <span class='ocrx_word' id='word_1_371' title='bbox 466 2930 534 2967; x_wconf 91' lang='lat' dir='ltr'><strong>lib.</strong></span> <span class='ocrx_word' id='word_1_372' title='bbox 567 2929 624 2974; x_wconf 32' lang='lat'><strong>,13</strong></span> <span class='ocrx_word' id='word_1_373' title='bbox 652 2935 747 2965; x_wconf 84' lang='lat' dir='ltr'><strong>extr.</strong></span> <span class='ocrx_word' id='word_1_374' title='bbox 781 2927 916 2962; x_wconf 88' lang='lat' dir='ltr'><strong>ultimo</strong></span> <span class='ocrx_word' id='word_1_375' title='bbox 938 2926 1102 2973; x_wconf 88' lang='lat' dir='ltr'><strong>ejusdem</strong></span> 
     </span>
     <span class='ocr_line' id='line_1_48' title="bbox 51 2987 1101 3038; baseline -0.004 -12"><span class='ocrx_word' id='word_1_376' title='bbox 51 2991 213 3026; x_wconf 86' lang='lat' dir='ltr'><strong>civitatis</strong></span> <span class='ocrx_word' id='word_1_377' title='bbox 227 2998 400 3038; x_wconf 83' lang='lat' dir='ltr'><strong>tyranno,</strong></span> <span class='ocrx_word' id='word_1_378' title='bbox 415 2995 567 3024; x_wconf 87' lang='lat' dir='ltr'><strong>centum</strong></span> <span class='ocrx_word' id='word_1_379' title='bbox 584 2988 661 3023; x_wconf 91' lang='lat' dir='ltr'><strong>fere</strong></span> <span class='ocrx_word' id='word_1_380' title='bbox 676 2988 782 3022; x_wconf 89' lang='lat' dir='ltr'><strong>annis</strong></span> <span class='ocrx_word' id='word_1_381' title='bbox 803 2987 1017 3034; x_wconf 86' lang='lat' dir='ltr'><strong>posteriori,</strong></span> <span class='ocrx_word' id='word_1_382' title='bbox 1036 2988 1101 3022; x_wconf 87' lang='lat' dir='ltr'><strong>tri-</strong></span> 
     </span>
     <span class='ocr_line' id='line_1_49' title="bbox 50 3045 1102 3096; baseline -0.007 -11"><span class='ocrx_word' id='word_1_383' title='bbox 50 3049 202 3094; x_wconf 84' lang='lat' dir='ltr'><strong>buitur3</strong></span> <span class='ocrx_word' id='word_1_384' title='bbox 224 3061 302 3096; x_wconf 91' lang='lat' dir='ltr'><strong>quo</strong></span> <span class='ocrx_word' id='word_1_385' title='bbox 324 3061 344 3084; x_wconf 89' lang='lat' dir='ltr'><strong>e</strong></span> <span class='ocrx_word' id='word_1_386' title='bbox 358 3049 446 3083; x_wconf 90' lang='lat' dir='ltr'><strong>loco</strong></span> <span class='ocrx_word' id='word_1_387' title='bbox 462 3047 574 3082; x_wconf 84' lang='lat' dir='ltr'><strong>simul</strong></span> <span class='ocrx_word' id='word_1_388' title='bbox 592 3046 771 3081; x_wconf 87' lang='lat' dir='ltr'><strong>discimus</strong></span> <span class='ocrx_word' id='word_1_389' title='bbox 784 3045 993 3080; x_wconf 81' lang='lat' dir='ltr'><strong>Pisidarum</strong></span> <span class='ocrx_word' id='word_1_390' title='bbox 1006 3057 1102 3091; x_wconf 92' lang='lat' dir='ltr'><strong>quo-</strong></span> 
     </span>
     <span class='ocr_line' id='line_1_50' title="bbox 52 3103 1102 3152; baseline -0.005 -9"><span class='ocrx_word' id='word_1_391' title='bbox 52 3107 262 3143; x_wconf 87' lang='lat' dir='ltr'><strong>dammodo</strong></span> <span class='ocrx_word' id='word_1_392' title='bbox 283 3107 474 3142; x_wconf 90' lang='lat' dir='ltr'><strong>coloniam</strong></span> <span class='ocrx_word' id='word_1_393' title='bbox 487 3106 683 3152; x_wconf 83' lang='lat' dir='ltr'><strong>Cibyram,</strong></span> <span class='ocrx_word' id='word_1_394' title='bbox 703 3104 887 3150; x_wconf 85' lang='lat' dir='ltr'><strong>hujusque</strong></span> <span class='ocrx_word' id='word_1_395' title='bbox 906 3104 943 3137; x_wconf 90' lang='lat' dir='ltr'><strong>in</strong></span> <span class='ocrx_word' id='word_1_396' title='bbox 959 3103 1102 3138; x_wconf 85' lang='lat' dir='ltr'><strong>ditione</strong></span> 
     </span>
     <span class='ocr_line' id='line_1_51' title="bbox 15 3162 1100 3212; baseline -0.006 -11"><span class='ocrx_word' id='word_1_397' title='bbox 15 3168 17 3170; x_wconf 73' lang='grc'>’</span> <span class='ocrx_word' id='word_1_398' title='bbox 51 3166 163 3202; x_wconf 85' lang='lat' dir='ltr'><strong>fuisse</strong></span> <span class='ocrx_word' id='word_1_399' title='bbox 182 3165 391 3202; x_wconf 88' lang='lat' dir='ltr'><strong>Bubonem.</strong></span> <span class='ocrx_word' id='word_1_400' title='bbox 422 3165 494 3211; x_wconf 89' lang='lat' dir='ltr'><strong>Qui</strong></span> <span class='ocrx_word' id='word_1_401' title='bbox 518 3163 699 3212; x_wconf 76' lang='lat' dir='ltr'><strong>legationi</strong></span> <span class='ocrx_word' id='word_1_402' title='bbox 718 3163 767 3198; x_wconf 91' lang='lat' dir='ltr'><strong>ad</strong></span> <span class='ocrx_word' id='word_1_403' title='bbox 787 3162 969 3197; x_wconf 89' lang='lat' dir='ltr'><strong>Manlium</strong></span> <span class='ocrx_word' id='word_1_404' title='bbox 986 3162 1100 3195; x_wconf 88' lang='lat' dir='ltr'><strong>inter-</strong></span> 
     </span>
     <span class='ocr_line' id='line_1_52' title="bbox 51 3219 1101 3271; baseline -0.007 -10"><span class='ocrx_word' id='word_1_405' title='bbox 51 3225 162 3260; x_wconf 81' lang='lat' dir='ltr'><strong>fuisse</strong></span> <span class='ocrx_word' id='word_1_406' title='bbox 183 3224 298 3260; x_wconf 88' lang='lat' dir='ltr'><strong>frater</strong></span> <span class='ocrx_word' id='word_1_407' title='bbox 317 3235 339 3259; x_wconf 91' lang='lat' dir='ltr'><strong>a</strong></span> <span class='ocrx_word' id='word_1_408' title='bbox 355 3223 518 3271; x_wconf 88' lang='lat' dir='ltr'><strong>Polybio</strong></span> <span class='ocrx_word' id='word_1_409' title='bbox 540 3228 782 3267; x_wconf 84' lang='lat' dir='ltr'><strong>memoratur,</strong></span> <span class='ocrx_word' id='word_1_410' title='bbox 795 3221 857 3256; x_wconf 91' lang='lat' dir='ltr'><strong>hic</strong></span> <span class='ocrx_word' id='word_1_411' title='bbox 881 3227 1010 3255; x_wconf 90' lang='lat' dir='ltr'><strong>noster</strong></span> <span class='ocrx_word' id='word_1_412' title='bbox 1022 3219 1101 3254; x_wconf 87' lang='lat' dir='ltr'><strong>for-</strong></span> 
     </span>
     <span class='ocr_line' id='line_1_53' title="bbox 52 3282 483 3319; baseline -0.007 0"><span class='ocrx_word' id='word_1_413' title='bbox 52 3291 146 3319; x_wconf 88' lang='lat' dir='ltr'><strong>tasse</strong></span> <span class='ocrx_word' id='word_1_414' title='bbox 160 3283 300 3319; x_wconf 88' lang='lat' dir='ltr'><strong>Semias</strong></span> <span class='ocrx_word' id='word_1_415' title='bbox 314 3282 441 3318; x_wconf 87' lang='lat' dir='ltr'><strong>fuerit.</strong></span> <span class='ocrx_word' id='word_1_416' title='bbox 468 3298 483 3313; x_wconf 74' lang='grc' dir='ltr'><strong>υ</strong></span> 
     </span>
    </p>

    <p class='ocr_par' dir='ltr' id='par_1_8' title="bbox 53 3328 1101 3442">
     <span class='ocr_line' id='line_1_54' title="bbox 105 3328 1101 3390; baseline -0.008 -12"><span class='ocrx_word' id='word_1_417' title='bbox 105 3343 195 3390; x_wconf 80' lang='lat' dir='ltr'><strong>Pag.</strong></span> <span class='ocrx_word' id='word_1_418' title='bbox 218 3328 310 3387; x_wconf 49' lang='lat' dir='ltr'><strong>XIX}</strong></span> <span class='ocrx_word' id='word_1_419' title='bbox 335 3348 421 3377; x_wconf 87' lang='lat' dir='ltr'><strong>ante</strong></span> <span class='ocrx_word' id='word_1_420' title='bbox 449 3347 530 3375; x_wconf 90' lang='lat' dir='ltr'><strong>not.</strong></span> <span class='ocrx_word' id='word_1_421' title='bbox 555 3339 592 3374; x_wconf 90' lang='lat'><strong>6.</strong></span> <span class='ocrx_word' id='word_1_422' title='bbox 615 3335 857 3389; x_wconf 82' lang='grc' dir='ltr'>πορρωτάτω]</span> <span class='ocrx_word' id='word_1_423' title='bbox 886 3333 1101 3387; x_wconf 82' lang='grc' dir='ltr'>προσωτάτω</span> 
     </span>
     <span class='ocr_line' id='line_1_55' title="bbox 53 3394 1097 3442; baseline -0.008 -4"><span class='ocrx_word' id='word_1_424' title='bbox 53 3401 166 3438; x_wconf 84' lang='lat' dir='ltr'><strong>tacite</strong></span> <span class='ocrx_word' id='word_1_425' title='bbox 188 3399 324 3437; x_wconf 88' lang='lat' dir='ltr'><strong>Feder.</strong></span> <span class='ocrx_word' id='word_1_426' title='bbox 359 3401 403 3435; x_wconf 93' lang='lat' dir='ltr'><strong>In</strong></span> <span class='ocrx_word' id='word_1_427' title='bbox 426 3406 506 3436; x_wconf 80' lang='lat' dir='ltr'><strong>not.</strong></span> <span class='ocrx_word' id='word_1_428' title='bbox 533 3403 553 3442; x_wconf 91' lang='grc'><strong>4</strong></span> <span class='ocrx_word' id='word_1_429' title='bbox 585 3398 634 3434; x_wconf 86' lang='lat' dir='ltr'><strong>ad</strong></span> <span class='ocrx_word' id='word_1_430' title='bbox 655 3398 726 3433; x_wconf 92' lang='lat' dir='ltr'><strong>hoc</strong></span> <span class='ocrx_word' id='word_1_431' title='bbox 758 3396 803 3434; x_wconf 87' lang='lat' dir='ltr'><strong>fr.</strong></span> <span class='ocrx_word' id='word_1_432' title='bbox 834 3396 915 3431; x_wconf 90' lang='lat' dir='ltr'><strong>dele</strong></span> <span class='ocrx_word' id='word_1_433' title='bbox 945 3394 1063 3431; x_wconf 87' lang='lat' dir='ltr'><strong>verba</strong></span> <span class='ocrx_word' id='word_1_434' title='bbox 1089 3408 1097 3430; x_wconf 78' lang='lat' dir='ltr'><em>z</em></span> 
     </span>
    </p>
   </div>
   <div class='ocr_carea' id='block_1_3' title="bbox 2139 217 2208 250">
    <p class='ocr_par' dir='ltr' id='par_1_9' title="bbox 2139 217 2208 250">
     <span class='ocr_line' id='line_1_56' title="bbox 2139 217 2208 250; baseline 0 0"><span class='ocrx_word' id='word_1_435' title='bbox 2139 217 2208 250; x_wconf 78' lang='lat'><strong>651</strong></span> 
     </span>
    </p>
   </div>
   <div class='ocr_carea' id='block_1_4' title="bbox 1160 295 2250 3442">
    <p class='ocr_par' dir='ltr' id='par_1_10' title="bbox 1165 295 2214 509">
     <span class='ocr_line' id='line_1_57' title="bbox 1172 295 2214 347; baseline 0.008 -16"><span class='ocrx_word' id='word_1_436' title='bbox 1172 298 1270 332; x_wconf 73' lang='lat' dir='ltr'><strong>Mox</strong></span> <span class='ocrx_word' id='word_1_437' title='bbox 1280 297 1462 332; x_wconf 73' lang='lat' dir='ltr'><strong>excidisse</strong></span> <span class='ocrx_word' id='word_1_438' title='bbox 1478 297 1618 332; x_wconf 77' lang='lat' dir='ltr'><strong>videtur</strong></span> <span class='ocrx_word' id='word_1_439' title='bbox 1630 310 1658 333; x_wconf 84' lang='grc' dir='ltr'>ν.</span> <span class='ocrx_word' id='word_1_440' title='bbox 1675 295 1826 336; x_wconf 86' lang='grc' dir='ltr'>δύναιτο.</span> <span class='ocrx_word' id='word_1_441' title='bbox 1843 321 1894 326; x_wconf 86' lang='grc'><strong>-</strong></span> <span class='ocrx_word' id='word_1_442' title='bbox 1908 300 2004 337; x_wconf 88' lang='lat' dir='ltr'><strong>Ibid.</strong></span> <span class='ocrx_word' id='word_1_443' title='bbox 2021 301 2065 338; x_wconf 86' lang='lat' dir='ltr'><strong>fr.</strong></span> <span class='ocrx_word' id='word_1_444' title='bbox 2088 301 2135 338; x_wconf 89' lang='lat'><strong>25</strong></span> <span class='ocrx_word' id='word_1_445' title='bbox 2148 330 2158 347; x_wconf 89' lang='lat'>‚</span> <span class='ocrx_word' id='word_1_446' title='bbox 2175 305 2214 339; x_wconf 88' lang='lat' dir='ltr'><strong>in</strong></span> 
     </span>
     <span class='ocr_line' id='line_1_58' title="bbox 1167 353 2213 406; baseline 0.009 -17"><span class='ocrx_word' id='word_1_447' title='bbox 1167 355 1341 390; x_wconf 83' lang='lat' dir='ltr'><strong>versione</strong></span> <span class='ocrx_word' id='word_1_448' title='bbox 1360 355 1427 389; x_wconf 86' lang='lat' dir='ltr'><strong>lin.</strong></span> <span class='ocrx_word' id='word_1_449' title='bbox 1453 353 1473 390; x_wconf 84' lang='lat'><strong>5</strong></span> <span class='ocrx_word' id='word_1_450' title='bbox 1488 382 1497 400; x_wconf 86' lang='lat'><strong>,</strong></span> <span class='ocrx_word' id='word_1_451' title='bbox 1514 355 1595 403; x_wconf 83' lang='lat' dir='ltr'><strong>lege</strong></span> <span class='ocrx_word' id='word_1_452' title='bbox 1614 363 1652 390; x_wconf 85' lang='lat' dir='ltr'><strong>et</strong></span> <span class='ocrx_word' id='word_1_453' title='bbox 1670 356 1779 391; x_wconf 80' lang='lat' dir='ltr'><strong>duces</strong></span> <span class='ocrx_word' id='word_1_454' title='bbox 1803 361 1865 404; x_wconf 81' lang='lat' dir='ltr'><strong>qui</strong></span> <span class='ocrx_word' id='word_1_455' title='bbox 1888 371 1914 392; x_wconf 87' lang='lat' dir='ltr'><strong>a</strong></span> <span class='ocrx_word' id='word_1_456' title='bbox 1940 359 2213 406; x_wconf 73' lang='lat' dir='ltr'><strong>regiafitmilia</strong></span> 
     </span>
     <span class='ocr_line' id='line_1_59' title="bbox 1165 410 2211 459; baseline 0.01 -13"><span class='ocrx_word' id='word_1_457' title='bbox 1165 410 1327 447; x_wconf 78' lang='lat' dir='ltr'><strong>stabant.</strong></span> <span class='ocrx_word' id='word_1_458' title='bbox 1351 411 1464 458; x_wconf 88' lang='lat' dir='ltr'><strong>Quod</strong></span> <span class='ocrx_word' id='word_1_459' title='bbox 1480 412 1518 446; x_wconf 91' lang='lat' dir='ltr'><strong>in</strong></span> <span class='ocrx_word' id='word_1_460' title='bbox 1535 423 1591 459; x_wconf 85' lang='lat' dir='ltr'><strong>gr.</strong></span> <span class='ocrx_word' id='word_1_461' title='bbox 1615 413 1734 448; x_wconf 90' lang='lat' dir='ltr'><strong>codex</strong></span> <span class='ocrx_word' id='word_1_462' title='bbox 1753 414 1866 451; x_wconf 86' lang='lat' dir='ltr'><strong>habet</strong></span> <span class='ocrx_word' id='word_1_463' title='bbox 1883 419 1954 453; x_wconf 76' lang='grc' dir='ltr'>τοῦ</span> <span class='ocrx_word' id='word_1_464' title='bbox 1976 415 2044 454; x_wconf 85' lang='grc' dir='ltr'><strong>ἀπὸ</strong></span> <span class='ocrx_word' id='word_1_465' title='bbox 2061 421 2119 455; x_wconf 83' lang='grc' dir='ltr'>τοῦ</span> <span class='ocrx_word' id='word_1_466' title='bbox 2136 420 2211 458; x_wconf 81' lang='grc' dir='ltr'>κτλ.</span> 
     </span>
     <span class='ocr_line' id='line_1_60' title="bbox 1166 469 1593 509; baseline 0 -4"><span class='ocrx_word' id='word_1_467' title='bbox 1166 469 1305 506; x_wconf 83' lang='lat' dir='ltr'><strong>frustra</strong></span> <span class='ocrx_word' id='word_1_468' title='bbox 1321 477 1446 505; x_wconf 91' lang='lat' dir='ltr'><strong>tuetur</strong></span> <span class='ocrx_word' id='word_1_469' title='bbox 1458 470 1593 509; x_wconf 89' lang='lat' dir='ltr'><strong>Feder.</strong></span> 
     </span>
    </p>

    <p class='ocr_par' dir='ltr' id='par_1_11' title="bbox 1164 522 2250 1803">
     <span class='ocr_line' id='line_1_61' title="bbox 1222 522 2213 580; baseline 0.01 -16"><span class='ocrx_word' id='word_1_470' title='bbox 1222 530 1308 577; x_wconf 83' lang='lat' dir='ltr'><strong>Pag.</strong></span> <span class='ocrx_word' id='word_1_471' title='bbox 1333 540 1402 565; x_wconf 76' lang='lat' dir='ltr'><strong>xxt</strong></span> <span class='ocrx_word' id='word_1_472' title='bbox 1414 556 1424 576; x_wconf 91' lang='lat'><strong>,</strong></span> <span class='ocrx_word' id='word_1_473' title='bbox 1444 522 1512 564; x_wconf 86' lang='lat' dir='ltr'><strong>lin.</strong></span> <span class='ocrx_word' id='word_1_474' title='bbox 1528 528 1563 564; x_wconf 91' lang='lat'><strong>6.</strong></span> <span class='ocrx_word' id='word_1_475' title='bbox 1582 526 1791 580; x_wconf 73' lang='grc' dir='ltr'>ὑπερὸολὴν]</span> <span class='ocrx_word' id='word_1_476' title='bbox 1808 529 1895 569; x_wconf 88' lang='lat' dir='ltr'><strong>fort.</strong></span> <span class='ocrx_word' id='word_1_477' title='bbox 1914 530 2087 579; x_wconf 75' lang='grc' dir='ltr'>ἀναὸολὴν</span> <span class='ocrx_word' id='word_1_478' title='bbox 2103 536 2213 574; x_wconf 89' lang='lat' dir='ltr'><strong>fuisse</strong></span> 
     </span>
     <span class='ocr_line' id='line_1_62' title="bbox 1171 586 2212 641; baseline 0.008 -19"><span class='ocrx_word' id='word_1_479' title='bbox 1171 586 1273 634; x_wconf 85' lang='lat' dir='ltr'><strong>conj.</strong></span> <span class='ocrx_word' id='word_1_480' title='bbox 1293 586 1429 623; x_wconf 88' lang='lat' dir='ltr'><strong>Feder.</strong></span> <span class='ocrx_word' id='word_1_481' title='bbox 1451 607 1504 615; x_wconf 93' lang='lat'>—</span> <span class='ocrx_word' id='word_1_482' title='bbox 1523 587 1589 624; x_wconf 89' lang='lat' dir='ltr'><strong>lin.</strong></span> <span class='ocrx_word' id='word_1_483' title='bbox 1611 599 1634 634; x_wconf 87' lang='lat'><strong>9</strong></span> <span class='ocrx_word' id='word_1_484' title='bbox 1655 587 1880 640; x_wconf 81' lang='lat' dir='ltr'><strong>interpunge</strong></span> <span class='ocrx_word' id='word_1_485' title='bbox 1902 596 1987 626; x_wconf 87' lang='lat' dir='ltr'><strong>ante</strong></span> <span class='ocrx_word' id='word_1_486' title='bbox 2002 593 2130 641; x_wconf 84' lang='lat' dir='ltr'><strong>verba,</strong></span> <span class='ocrx_word' id='word_1_487' title='bbox 2148 594 2212 640; x_wconf 89' lang='grc' dir='ltr'><strong>τὴν</strong></span> 
     </span>
     <span class='ocr_line' id='line_1_63' title="bbox 1165 640 2214 694; baseline 0.005 -15"><span class='ocrx_word' id='word_1_488' title='bbox 1165 640 1309 690; x_wconf 85' lang='grc' dir='ltr'>Ἔνναν,</span> <span class='ocrx_word' id='word_1_489' title='bbox 1330 657 1413 692; x_wconf 85' lang='lat' dir='ltr'><strong>quae</strong></span> <span class='ocrx_word' id='word_1_490' title='bbox 1443 652 1530 680; x_wconf 89' lang='lat' dir='ltr'><strong>sunt</strong></span> <span class='ocrx_word' id='word_1_491' title='bbox 1549 645 1778 694; x_wconf 85' lang='lat' dir='ltr'><strong>ecclogarii,</strong></span> <span class='ocrx_word' id='word_1_492' title='bbox 1801 647 1865 694; x_wconf 91' lang='lat' dir='ltr'><strong>qui</strong></span> <span class='ocrx_word' id='word_1_493' title='bbox 1882 653 2005 683; x_wconf 89' lang='lat' dir='ltr'><strong>totum</strong></span> <span class='ocrx_word' id='word_1_494' title='bbox 2026 650 2065 687; x_wconf 87' lang='lat' dir='ltr'><strong>h.</strong></span> <span class='ocrx_word' id='word_1_495' title='bbox 2087 652 2214 689; x_wconf 82' lang='lat' dir='ltr'><strong>locum</strong></span> 
     </span>
     <span class='ocr_line' id='line_1_64' title="bbox 1165 705 2214 753; baseline 0.01 -15"><span class='ocrx_word' id='word_1_496' title='bbox 1165 715 1368 752; x_wconf 85' lang='lat' dir='ltr'><strong>perperam</strong></span> <span class='ocrx_word' id='word_1_497' title='bbox 1385 705 1584 752; x_wconf 89' lang='lat' dir='ltr'><strong>excerpsit.</strong></span> <span class='ocrx_word' id='word_1_498' title='bbox 1604 705 1649 739; x_wconf 91' lang='lat' dir='ltr'><strong>In</strong></span> <span class='ocrx_word' id='word_1_499' title='bbox 1668 712 1813 741; x_wconf 88' lang='lat' dir='ltr'><strong>antece.</strong></span> <span class='ocrx_word' id='word_1_500' title='bbox 1835 706 1946 753; x_wconf 89' lang='lat' dir='ltr'><strong>plura</strong></span> <span class='ocrx_word' id='word_1_501' title='bbox 1959 709 2139 746; x_wconf 86' lang='lat' dir='ltr'><strong>excidisse</strong></span> <span class='ocrx_word' id='word_1_502' title='bbox 2154 713 2214 748; x_wconf 90' lang='lat' dir='ltr'><strong>vel</strong></span> 
     </span>
     <span class='ocr_line' id='line_1_65' title="bbox 1167 758 2215 819; baseline 0.006 -21"><span class='ocrx_word' id='word_1_503' title='bbox 1167 774 1213 798; x_wconf 91' lang='lat' dir='ltr'><strong>ex</strong></span> <span class='ocrx_word' id='word_1_504' title='bbox 1233 763 1424 810; x_wconf 90' lang='lat' dir='ltr'><strong>particula</strong></span> <span class='ocrx_word' id='word_1_505' title='bbox 1445 758 1523 810; x_wconf 81' lang='grc' dir='ltr'>μὲν,</span> <span class='ocrx_word' id='word_1_506' title='bbox 1540 774 1622 810; x_wconf 87' lang='lat' dir='ltr'><strong>quae</strong></span> <span class='ocrx_word' id='word_1_507' title='bbox 1635 775 1736 799; x_wconf 91' lang='lat' dir='ltr'><strong>nunc</strong></span> <span class='ocrx_word' id='word_1_508' title='bbox 1755 763 1924 800; x_wconf 81' lang='lat' dir='ltr'><strong>abundat</strong></span> <span class='ocrx_word' id='word_1_509' title='bbox 1940 773 2026 812; x_wconf 88' lang='lat' dir='ltr'><strong>post</strong></span> <span class='ocrx_word' id='word_1_510' title='bbox 2042 780 2078 804; x_wconf 89' lang='lat' dir='ltr'><strong>v.</strong></span> <span class='ocrx_word' id='word_1_511' title='bbox 2097 783 2215 819; x_wconf 88' lang='grc' dir='ltr'>παρα-</span> 
     </span>
     <span class='ocr_line' id='line_1_66' title="bbox 1166 821 2216 876; baseline 0.008 -20"><span class='ocrx_word' id='word_1_512' title='bbox 1166 822 1289 871; x_wconf 74' lang='grc' dir='ltr'>χρῆμα</span> <span class='ocrx_word' id='word_1_513' title='bbox 1302 848 1311 865; x_wconf 92' lang='grc'>,</span> <span class='ocrx_word' id='word_1_514' title='bbox 1343 821 1510 869; x_wconf 87' lang='lat' dir='ltr'><strong>colligas.</strong></span> <span class='ocrx_word' id='word_1_515' title='bbox 1541 822 1635 857; x_wconf 87' lang='lat' dir='ltr'><strong>Nam</strong></span> <span class='ocrx_word' id='word_1_516' title='bbox 1654 834 1854 870; x_wconf 88' lang='lat' dir='ltr'><strong>perperam</strong></span> <span class='ocrx_word' id='word_1_517' title='bbox 1871 822 1945 859; x_wconf 88' lang='lat' dir='ltr'><strong>hoc</strong></span> <span class='ocrx_word' id='word_1_518' title='bbox 1969 824 2010 859; x_wconf 89' lang='lat' dir='ltr'><strong>in</strong></span> <span class='ocrx_word' id='word_1_519' title='bbox 2029 830 2216 876; x_wconf 84' lang='lat' dir='ltr'><strong>excerptis</strong></span> 
     </span>
     <span class='ocr_line' id='line_1_67' title="bbox 1166 881 2213 929; baseline 0.007 -14"><span class='ocrx_word' id='word_1_520' title='bbox 1166 881 1303 915; x_wconf 90' lang='lat' dir='ltr'><strong>nostris</strong></span> <span class='ocrx_word' id='word_1_521' title='bbox 1323 882 1463 915; x_wconf 88' lang='lat' dir='ltr'><strong>tuearis</strong></span> <span class='ocrx_word' id='word_1_522' title='bbox 1484 881 1712 928; x_wconf 90' lang='lat' dir='ltr'><strong>comparatis</strong></span> <span class='ocrx_word' id='word_1_523' title='bbox 1727 882 1807 916; x_wconf 85' lang='lat' dir='ltr'><strong>aliis</strong></span> <span class='ocrx_word' id='word_1_524' title='bbox 1823 882 2056 929; x_wconf 89' lang='lat' dir='ltr'><strong>optimorum</strong></span> <span class='ocrx_word' id='word_1_525' title='bbox 2083 894 2213 922; x_wconf 84' lang='lat' dir='ltr'><strong>aucto-</strong></span> 
     </span>
     <span class='ocr_line' id='line_1_68' title="bbox 1165 936 2214 988; baseline 0.005 -15"><span class='ocrx_word' id='word_1_526' title='bbox 1165 950 1250 973; x_wconf 90' lang='lat' dir='ltr'><strong>rum</strong></span> <span class='ocrx_word' id='word_1_527' title='bbox 1270 939 1378 982; x_wconf 89' lang='lat' dir='ltr'><strong>locis‚</strong></span> <span class='ocrx_word' id='word_1_528' title='bbox 1401 939 1570 987; x_wconf 72' lang='lat' dir='ltr'><strong>ubipost</strong></span> <span class='ocrx_word' id='word_1_529' title='bbox 1592 936 1654 987; x_wconf 86' lang='grc' dir='ltr'><strong>μὲν</strong></span> <span class='ocrx_word' id='word_1_530' title='bbox 1671 940 1819 975; x_wconf 89' lang='lat' dir='ltr'><strong>nullum</strong></span> <span class='ocrx_word' id='word_1_531' title='bbox 1840 941 2012 988; x_wconf 87' lang='lat' dir='ltr'><strong>sequitur</strong></span> <span class='ocrx_word' id='word_1_532' title='bbox 2041 940 2090 981; x_wconf 81' lang='grc' dir='ltr'><strong>δέ.</strong></span> <span class='ocrx_word' id='word_1_533' title='bbox 2112 945 2214 981; x_wconf 87' lang='lat' dir='ltr'><strong>Nihil</strong></span> 
     </span>
     <span class='ocr_line' id='line_1_69' title="bbox 1167 996 2214 1045; baseline 0.007 -14"><span class='ocrx_word' id='word_1_534' title='bbox 1167 997 1268 1031; x_wconf 88' lang='lat' dir='ltr'><strong>enim</strong></span> <span class='ocrx_word' id='word_1_535' title='bbox 1285 996 1434 1032; x_wconf 91' lang='lat' dir='ltr'><strong>subesse</strong></span> <span class='ocrx_word' id='word_1_536' title='bbox 1454 998 1524 1032; x_wconf 90' lang='lat' dir='ltr'><strong>nisi</strong></span> <span class='ocrx_word' id='word_1_537' title='bbox 1539 999 1773 1045; x_wconf 84' lang='lat' dir='ltr'><strong>excerptoris</strong></span> <span class='ocrx_word' id='word_1_538' title='bbox 1793 999 2026 1035; x_wconf 87' lang='lat' dir='ltr'><strong>oscitantiam</strong></span> <span class='ocrx_word' id='word_1_539' title='bbox 2044 1002 2214 1039; x_wconf 88' lang='lat' dir='ltr'><strong>luculen-</strong></span> 
     </span>
     <span class='ocr_line' id='line_1_70' title="bbox 1168 1055 2250 1109; baseline 0.008 -20"><span class='ocrx_word' id='word_1_540' title='bbox 1168 1055 1307 1090; x_wconf 88' lang='lat' dir='ltr'><strong>tissime</strong></span> <span class='ocrx_word' id='word_1_541' title='bbox 1323 1055 1466 1090; x_wconf 89' lang='lat' dir='ltr'><strong>docent</strong></span> <span class='ocrx_word' id='word_1_542' title='bbox 1482 1067 1527 1091; x_wconf 92' lang='lat' dir='ltr'><strong>ea</strong></span> <span class='ocrx_word' id='word_1_543' title='bbox 1541 1063 1720 1104; x_wconf 87' lang='lat' dir='ltr'><strong>excerpta</strong></span> <span class='ocrx_word' id='word_1_544' title='bbox 1732 1069 1813 1104; x_wconf 87' lang='lat' dir='ltr'><strong>quae</strong></span> <span class='ocrx_word' id='word_1_545' title='bbox 1831 1070 1917 1092; x_wconf 91' lang='lat' dir='ltr'><strong>cum</strong></span> <span class='ocrx_word' id='word_1_546' title='bbox 1936 1059 2081 1107; x_wconf 86' lang='lat' dir='ltr'><strong>integro</strong></span> <span class='ocrx_word' id='word_1_547' title='bbox 2099 1073 2214 1109; x_wconf 86' lang='lat' dir='ltr'><strong>opere</strong></span> <span class='ocrx_word' id='word_1_548' title='bbox 2248 1078 2250 1080; x_wconf 59' lang='grc'><strong><em>’</em></strong></span> 
     </span>
     <span class='ocr_line' id='line_1_71' title="bbox 1167 1113 2215 1160; baseline 0.007 -12"><span class='ocrx_word' id='word_1_549' title='bbox 1167 1113 1341 1149; x_wconf 88' lang='lat' dir='ltr'><strong>conferre</strong></span> <span class='ocrx_word' id='word_1_550' title='bbox 1357 1114 1456 1149; x_wconf 90' lang='lat' dir='ltr'><strong>licet.</strong></span> <span class='ocrx_word' id='word_1_551' title='bbox 1478 1135 1532 1141; x_wconf 90' lang='lat'><strong>——</strong></span> <span class='ocrx_word' id='word_1_552' title='bbox 1552 1115 1605 1150; x_wconf 94' lang='lat' dir='ltr'><strong>Ut</strong></span> <span class='ocrx_word' id='word_1_553' title='bbox 1622 1115 1710 1150; x_wconf 89' lang='lat' dir='ltr'><strong>illuc</strong></span> <span class='ocrx_word' id='word_1_554' title='bbox 1728 1123 1906 1160; x_wconf 87' lang='lat' dir='ltr'><strong>revertar,</strong></span> <span class='ocrx_word' id='word_1_555' title='bbox 1923 1117 2049 1153; x_wconf 90' lang='lat' dir='ltr'><strong>Eunus</strong></span> <span class='ocrx_word' id='word_1_556' title='bbox 2065 1120 2215 1156; x_wconf 90' lang='lat' dir='ltr'><strong>Diodo-</strong></span> 
     </span>
     <span class='ocr_line' id='line_1_72' title="bbox 1165 1172 2213 1223; baseline 0.006 -15"><span class='ocrx_word' id='word_1_557' title='bbox 1165 1183 1251 1208; x_wconf 89' lang='lat' dir='ltr'><strong>reus</strong></span> <span class='ocrx_word' id='word_1_558' title='bbox 1270 1172 1347 1207; x_wconf 85' lang='lat' dir='ltr'><strong>haec</strong></span> <span class='ocrx_word' id='word_1_559' title='bbox 1366 1172 1501 1208; x_wconf 91' lang='lat' dir='ltr'><strong>dixerit</strong></span> <span class='ocrx_word' id='word_1_560' title='bbox 1520 1183 1529 1209; x_wconf 89' lang='lat'><strong>:</strong></span> <span class='ocrx_word' id='word_1_561' title='bbox 1546 1173 1743 1208; x_wconf 87' lang='lat' dir='ltr'><strong>confestim</strong></span> <span class='ocrx_word' id='word_1_562' title='bbox 1754 1174 1857 1208; x_wconf 90' lang='lat' dir='ltr'><strong>nulla</strong></span> <span class='ocrx_word' id='word_1_563' title='bbox 1870 1175 2091 1223; x_wconf 85' lang='lat' dir='ltr'><strong>interposita</strong></span> <span class='ocrx_word' id='word_1_564' title='bbox 2106 1190 2213 1215; x_wconf 87' lang='lat' dir='ltr'><strong>mora</strong></span> 
     </span>
     <span class='ocr_line' id='line_1_73' title="bbox 1167 1230 2219 1283; baseline 0.008 -18"><span class='ocrx_word' id='word_1_565' title='bbox 1167 1230 1392 1266; x_wconf 85' lang='lat' dir='ltr'><strong>defectionis</strong></span> <span class='ocrx_word' id='word_1_566' title='bbox 1415 1231 1611 1266; x_wconf 91' lang='lat' dir='ltr'><strong>consilium</strong></span> <span class='ocrx_word' id='word_1_567' title='bbox 1631 1232 1912 1279; x_wconf 88' lang='lat' dir='ltr'><strong>exsequendum</strong></span> <span class='ocrx_word' id='word_1_568' title='bbox 1932 1246 2028 1279; x_wconf 88' lang='lat' dir='ltr'><strong>esse,</strong></span> <span class='ocrx_word' id='word_1_569' title='bbox 2045 1237 2219 1283; x_wconf 78' lang='lat' dir='ltr'><strong>primum·</strong></span> 
     </span>
     <span class='ocr_line' id='line_1_74' title="bbox 1164 1289 2212 1341; baseline 0.007 -17"><span class='ocrx_word' id='word_1_570' title='bbox 1164 1301 1256 1325; x_wconf 87' lang='lat' dir='ltr'><strong>vero</strong></span> <span class='ocrx_word' id='word_1_571' title='bbox 1283 1289 1389 1326; x_wconf 71' lang='lat' dir='ltr'><strong>Enna</strong></span> <span class='ocrx_word' id='word_1_572' title='bbox 1415 1290 1534 1338; x_wconf 91' lang='lat' dir='ltr'><strong>potiri</strong></span> <span class='ocrx_word' id='word_1_573' title='bbox 1563 1290 1724 1335; x_wconf 88' lang='lat' dir='ltr'><strong>debere;</strong></span> <span class='ocrx_word' id='word_1_574' title='bbox 1750 1290 1790 1326; x_wconf 93' lang='lat' dir='ltr'><strong>id</strong></span> <span class='ocrx_word' id='word_1_575' title='bbox 1818 1292 1918 1333; x_wconf 84' lang='lat' dir='ltr'><strong>enim</strong></span> <span class='ocrx_word' id='word_1_576' title='bbox 1945 1293 2212 1341; x_wconf 79' lang='lat' dir='ltr'><strong>subsequenti-</strong></span> 
     </span>
     <span class='ocr_line' id='line_1_75' title="bbox 1165 1347 2212 1399; baseline 0.007 -16"><span class='ocrx_word' id='word_1_577' title='bbox 1165 1347 1235 1383; x_wconf 91' lang='lat' dir='ltr'><strong>bus</strong></span> <span class='ocrx_word' id='word_1_578' title='bbox 1257 1348 1392 1395; x_wconf 90' lang='lat' dir='ltr'><strong>coeptis</strong></span> <span class='ocrx_word' id='word_1_579' title='bbox 1418 1361 1531 1383; x_wconf 89' lang='lat' dir='ltr'><strong>omen</strong></span> <span class='ocrx_word' id='word_1_580' title='bbox 1549 1360 1646 1393; x_wconf 86' lang='lat' dir='ltr'><strong>esse;</strong></span> <span class='ocrx_word' id='word_1_581' title='bbox 1667 1361 1756 1384; x_wconf 85' lang='lat' dir='ltr'><strong>nam</strong></span> <span class='ocrx_word' id='word_1_582' title='bbox 1782 1349 1849 1384; x_wconf 87' lang='lat' dir='ltr'><strong>fati</strong></span> <span class='ocrx_word' id='word_1_583' title='bbox 1876 1350 2028 1387; x_wconf 89' lang='lat' dir='ltr'><strong>decreto</strong></span> <span class='ocrx_word' id='word_1_584' title='bbox 2053 1353 2212 1399; x_wconf 87' lang='lat' dir='ltr'><strong>factum,</strong></span> 
     </span>
     <span class='ocr_line' id='line_1_76' title="bbox 1167 1401 2213 1456; baseline 0.007 -15"><span class='ocrx_word' id='word_1_585' title='bbox 1167 1413 1209 1441; x_wconf 92' lang='lat' dir='ltr'><strong>ut</strong></span> <span class='ocrx_word' id='word_1_586' title='bbox 1225 1407 1303 1442; x_wconf 88' lang='lat' dir='ltr'><strong>haec</strong></span> <span class='ocrx_word' id='word_1_587' title='bbox 1327 1407 1416 1455; x_wconf 91' lang='lat' dir='ltr'><strong>ipsis</strong></span> <span class='ocrx_word' id='word_1_588' title='bbox 1434 1408 1559 1455; x_wconf 88' lang='lat' dir='ltr'><strong>patria</strong></span> <span class='ocrx_word' id='word_1_589' title='bbox 1572 1407 1662 1442; x_wconf 85' lang='lat' dir='ltr'><strong>urbs</strong></span> <span class='ocrx_word' id='word_1_590' title='bbox 1681 1407 1769 1443; x_wconf 84' lang='lat' dir='ltr'><strong>data</strong></span> <span class='ocrx_word' id='word_1_591' title='bbox 1791 1416 1905 1453; x_wconf 88' lang='lat' dir='ltr'><strong>esset,</strong></span> <span class='ocrx_word' id='word_1_592' title='bbox 1920 1422 2001 1456; x_wconf 86' lang='lat' dir='ltr'><strong>quae</strong></span> <span class='ocrx_word' id='word_1_593' title='bbox 2018 1401 2134 1448; x_wconf 88' lang='lat' dir='ltr'><strong>totius</strong></span> <span class='ocrx_word' id='word_1_594' title='bbox 2156 1414 2213 1448; x_wconf 91' lang='lat' dir='ltr'><strong>in-</strong></span> 
     </span>
     <span class='ocr_line' id='line_1_77' title="bbox 1165 1462 2212 1516; baseline 0.006 -17"><span class='ocrx_word' id='word_1_595' title='bbox 1165 1464 1252 1499; x_wconf 84' lang='lat' dir='ltr'><strong>sulae</strong></span> <span class='ocrx_word' id='word_1_596' title='bbox 1270 1472 1364 1500; x_wconf 88' lang='lat' dir='ltr'><strong>esset</strong></span> <span class='ocrx_word' id='word_1_597' title='bbox 1381 1465 1585 1512; x_wconf 90' lang='lat' dir='ltr'><strong>acropolis.</strong></span> <span class='ocrx_word' id='word_1_598' title='bbox 1605 1466 1679 1500; x_wconf 87' lang='lat' dir='ltr'><strong>Pro</strong></span> <span class='ocrx_word' id='word_1_599' title='bbox 1699 1462 1762 1510; x_wconf 83' lang='grc' dir='ltr'><strong>τὴν</strong></span> <span class='ocrx_word' id='word_1_600' title='bbox 1779 1464 1928 1516; x_wconf 86' lang='grc' dir='ltr'>πατρίδα</span> <span class='ocrx_word' id='word_1_601' title='bbox 1942 1467 2030 1506; x_wconf 86' lang='lat' dir='ltr'><strong>fort.</strong></span> <span class='ocrx_word' id='word_1_602' title='bbox 2045 1468 2212 1508; x_wconf 69' lang='grc' dir='ltr'>ΐιιίιταύ-</span> 
     </span>
     <span class='ocr_line' id='line_1_78' title="bbox 1165 1519 2214 1573; baseline 0.008 -16"><span class='ocrx_word' id='word_1_603' title='bbox 1165 1535 1228 1566; x_wconf 85' lang='grc' dir='ltr'><strong>την</strong></span> <span class='ocrx_word' id='word_1_604' title='bbox 1251 1519 1314 1567; x_wconf 84' lang='grc' dir='ltr'><strong>τὴν</strong></span> <span class='ocrx_word' id='word_1_605' title='bbox 1340 1519 1506 1572; x_wconf 84' lang='grc' dir='ltr'>πατρίδα.</span> <span class='ocrx_word' id='word_1_606' title='bbox 1538 1544 1591 1550; x_wconf 91' lang='lat'><strong>——</strong></span> <span class='ocrx_word' id='word_1_607' title='bbox 1610 1523 1778 1560; x_wconf 84' lang='lat' dir='ltr'><strong>Federus</strong></span> <span class='ocrx_word' id='word_1_608' title='bbox 1802 1525 2036 1573; x_wconf 86' lang='lat' dir='ltr'><strong>interpunxit</strong></span> <span class='ocrx_word' id='word_1_609' title='bbox 2055 1525 2118 1572; x_wconf 88' lang='grc' dir='ltr'><strong>τὴν</strong></span> <span class='ocrx_word' id='word_1_610' title='bbox 2144 1542 2214 1565; x_wconf 88' lang='grc' dir='ltr'>πα-</span> 
     </span>
     <span class='ocr_line' id='line_1_79' title="bbox 1164 1572 2214 1631; baseline 0.01 -17"><span class='ocrx_word' id='word_1_611' title='bbox 1164 1577 1287 1629; x_wconf 85' lang='grc' dir='ltr'>τρίδα,</span> <span class='ocrx_word' id='word_1_612' title='bbox 1306 1575 1513 1624; x_wconf 62' lang='grc' dir='ltr'>τὴνῚζνναν</span> <span class='ocrx_word' id='word_1_613' title='bbox 1530 1572 1653 1625; x_wconf 62' lang='grc' dir='ltr'>οὖσαν,</span> <span class='ocrx_word' id='word_1_614' title='bbox 1675 1579 1877 1631; x_wconf 80' lang='grc' dir='ltr'>ἀκρόπολιν.</span> <span class='ocrx_word' id='word_1_615' title='bbox 1897 1584 2010 1630; x_wconf 91' lang='lat' dir='ltr'><strong>Quod</strong></span> <span class='ocrx_word' id='word_1_616' title='bbox 2022 1586 2141 1624; x_wconf 80' lang='lat' dir='ltr'><strong>nihili.</strong></span> <span class='ocrx_word' id='word_1_617' title='bbox 2162 1608 2214 1615; x_wconf 87' lang='lat'><strong>—-</strong></span> 
     </span>
     <span class='ocr_line' id='line_1_80' title="bbox 1164 1632 2215 1690; baseline 0.008 -18"><span class='ocrx_word' id='word_1_618' title='bbox 1164 1638 1232 1672; x_wconf 90' lang='lat' dir='ltr'><strong>lin.</strong></span> <span class='ocrx_word' id='word_1_619' title='bbox 1258 1650 1294 1683; x_wconf 93' lang='lat'><strong>7.</strong></span> <span class='ocrx_word' id='word_1_620' title='bbox 1313 1635 1447 1687; x_wconf 75' lang='grc' dir='ltr'>βίαιονὲ)</span> <span class='ocrx_word' id='word_1_621' title='bbox 1463 1636 1651 1683; x_wconf 79' lang='grc' dir='ltr'>ἀνήκεστον</span> <span class='ocrx_word' id='word_1_622' title='bbox 1666 1637 1680 1688; x_wconf 87' lang='grc'>]</span> <span class='ocrx_word' id='word_1_623' title='bbox 1696 1640 1770 1674; x_wconf 88' lang='lat' dir='ltr'><strong>Pro</strong></span> <span class='ocrx_word' id='word_1_624' title='bbox 1786 1641 1916 1688; x_wconf 90' lang='lat' dir='ltr'><strong>inepto</strong></span> <span class='ocrx_word' id='word_1_625' title='bbox 1930 1643 2037 1690; x_wconf 84' lang='lat' dir='ltr'><strong>signo</strong></span> <span class='ocrx_word' id='word_1_626' title='bbox 2057 1632 2215 1681; x_wconf 81' lang='lat' dir='ltr'><strong>interro-</strong></span> 
     </span>
     <span class='ocr_line' id='line_1_81' title="bbox 1167 1696 2213 1751; baseline 0.007 -19"><span class='ocrx_word' id='word_1_627' title='bbox 1167 1697 1328 1745; x_wconf 85' lang='lat' dir='ltr'><strong>gationis</strong></span> <span class='ocrx_word' id='word_1_628' title='bbox 1346 1709 1448 1745; x_wconf 89' lang='lat' dir='ltr'><strong>pone</strong></span> <span class='ocrx_word' id='word_1_629' title='bbox 1471 1696 1507 1741; x_wconf 88' lang='grc' dir='ltr'>ἢ,</span> <span class='ocrx_word' id='word_1_630' title='bbox 1529 1704 1572 1733; x_wconf 94' lang='lat' dir='ltr'><strong>ut</strong></span> <span class='ocrx_word' id='word_1_631' title='bbox 1593 1698 1703 1734; x_wconf 89' lang='lat' dir='ltr'><strong>tacite</strong></span> <span class='ocrx_word' id='word_1_632' title='bbox 1723 1710 1795 1747; x_wconf 90' lang='lat' dir='ltr'><strong>pro</strong></span> <span class='ocrx_word' id='word_1_633' title='bbox 1825 1712 1933 1736; x_wconf 90' lang='lat' dir='ltr'><strong>more</strong></span> <span class='ocrx_word' id='word_1_634' title='bbox 1950 1701 2137 1751; x_wconf 85' lang='lat' dir='ltr'><strong>Federus,</strong></span> <span class='ocrx_word' id='word_1_635' title='bbox 2154 1704 2213 1739; x_wconf 80' lang='lat' dir='ltr'><strong>ve}</strong></span> 
     </span>
     <span class='ocr_line' id='line_1_82' title="bbox 1166 1754 1672 1803; baseline 0.006 -13"><span class='ocrx_word' id='word_1_636' title='bbox 1166 1754 1266 1803; x_wconf 80' lang='grc' dir='ltr'>μηδ’,</span> <span class='ocrx_word' id='word_1_637' title='bbox 1285 1763 1325 1791; x_wconf 92' lang='lat' dir='ltr'><strong>ut</strong></span> <span class='ocrx_word' id='word_1_638' title='bbox 1346 1756 1488 1791; x_wconf 86' lang='lat' dir='ltr'><strong>mavult</strong></span> <span class='ocrx_word' id='word_1_639' title='bbox 1502 1756 1672 1794; x_wconf 87' lang='lat' dir='ltr'><strong>PiccolO.</strong></span> 
     </span>
    </p>

    <p class='ocr_par' dir='ltr' id='par_1_12' title="bbox 1163 1812 2213 2216">
     <span class='ocr_line' id='line_1_83' title="bbox 1218 1812 2210 1867; baseline 0.007 -18"><span class='ocrx_word' id='word_1_640' title='bbox 1218 1816 1307 1862; x_wconf 85' lang='lat' dir='ltr'><strong>Pag.</strong></span> <span class='ocrx_word' id='word_1_641' title='bbox 1341 1826 1443 1850; x_wconf 83' lang='lat' dir='ltr'><strong>xx111</strong></span> <span class='ocrx_word' id='word_1_642' title='bbox 1455 1843 1466 1863; x_wconf 93' lang='lat'><strong>,</strong></span> <span class='ocrx_word' id='word_1_643' title='bbox 1496 1815 1560 1852; x_wconf 91' lang='lat' dir='ltr'><strong>lin.</strong></span> <span class='ocrx_word' id='word_1_644' title='bbox 1600 1828 1614 1850; x_wconf 93' lang='lat'>1</span> <span class='ocrx_word' id='word_1_645' title='bbox 1651 1812 1843 1866; x_wconf 75' lang='grc' dir='ltr'>ἐπιὸολῆς]</span> <span class='ocrx_word' id='word_1_646' title='bbox 1873 1814 2046 1862; x_wconf 65' lang='grc' dir='ltr'>ἀναὸολῆς</span> <span class='ocrx_word' id='word_1_647' title='bbox 2065 1831 2085 1854; x_wconf 89' lang='lat' dir='ltr'><strong>e</strong></span> <span class='ocrx_word' id='word_1_648' title='bbox 2108 1819 2210 1867; x_wconf 77' lang='lat' dir='ltr'><strong>conj:</strong></span> 
     </span>
     <span class='ocr_line' id='line_1_84' title="bbox 1166 1873 2213 1923; baseline 0.006 -15"><span class='ocrx_word' id='word_1_649' title='bbox 1166 1873 1271 1909; x_wconf 89' lang='lat' dir='ltr'><strong>dedit</strong></span> <span class='ocrx_word' id='word_1_650' title='bbox 1286 1873 1420 1909; x_wconf 89' lang='lat' dir='ltr'><strong>Feder.</strong></span> <span class='ocrx_word' id='word_1_651' title='bbox 1442 1893 1496 1900; x_wconf 93' lang='lat'>—</span> <span class='ocrx_word' id='word_1_652' title='bbox 1518 1873 1573 1909; x_wconf 87' lang='lat' dir='ltr'><strong>lb.</strong></span> <span class='ocrx_word' id='word_1_653' title='bbox 1601 1873 1648 1909; x_wconf 83' lang='lat' dir='ltr'><strong>fr.</strong></span> <span class='ocrx_word' id='word_1_654' title='bbox 1671 1873 1777 1923; x_wconf 83' lang='lat'><strong>31,1.</strong></span> <span class='ocrx_word' id='word_1_655' title='bbox 1804 1874 1826 1910; x_wconf 89' lang='lat'>8</span> <span class='ocrx_word' id='word_1_656' title='bbox 1843 1887 1914 1922; x_wconf 89' lang='lat' dir='ltr'><strong>pro</strong></span> <span class='ocrx_word' id='word_1_657' title='bbox 1936 1876 1953 1911; x_wconf 85' lang='grc' dir='ltr'>ὁ</span> <span class='ocrx_word' id='word_1_658' title='bbox 1979 1873 2014 1912; x_wconf 81' lang='grc' dir='ltr'><strong>δὲ</strong></span> <span class='ocrx_word' id='word_1_659' title='bbox 2034 1874 2106 1920; x_wconf 82' lang='grc' dir='ltr'><strong>Ἐξ.</strong></span> <span class='ocrx_word' id='word_1_660' title='bbox 2126 1891 2213 1915; x_wconf 87' lang='lat' dir='ltr'><strong>cum</strong></span> 
     </span>
     <span class='ocr_line' id='line_1_85' title="bbox 1164 1928 2213 1980; baseline 0.005 -12"><span class='ocrx_word' id='word_1_661' title='bbox 1164 1932 1312 1968; x_wconf 87' lang='lat' dir='ltr'><strong>Federo</strong></span> <span class='ocrx_word' id='word_1_662' title='bbox 1332 1933 1358 1967; x_wconf 90' lang='lat' dir='ltr'><strong>l.</strong></span> <span class='ocrx_word' id='word_1_663' title='bbox 1383 1931 1400 1967; x_wconf 87' lang='grc' dir='ltr'>ὁ</span> <span class='ocrx_word' id='word_1_664' title='bbox 1420 1928 1461 1976; x_wconf 84' lang='grc' dir='ltr'><strong>δὴ</strong></span> <span class='ocrx_word' id='word_1_665' title='bbox 1485 1929 1560 1974; x_wconf 81' lang='grc' dir='ltr'><strong>Ἐξ.</strong></span> <span class='ocrx_word' id='word_1_666' title='bbox 1587 1940 1625 1968; x_wconf 90' lang='lat' dir='ltr'><strong>et</strong></span> <span class='ocrx_word' id='word_1_667' title='bbox 1653 1932 1790 1969; x_wconf 89' lang='lat' dir='ltr'><strong>deinde</strong></span> <span class='ocrx_word' id='word_1_668' title='bbox 1819 1930 1977 1980; x_wconf 82' lang='grc' dir='ltr'>Σέντιος,</span> <span class='ocrx_word' id='word_1_669' title='bbox 1994 1936 2079 1972; x_wconf 92' lang='lat' dir='ltr'><strong>coll.</strong></span> <span class='ocrx_word' id='word_1_670' title='bbox 2102 1938 2213 1973; x_wconf 92' lang='lat' dir='ltr'><strong>Livio</strong></span> 
     </span>
     <span class='ocr_line' id='line_1_86' title="bbox 1165 1989 2210 2040; baseline 0.006 -14"><span class='ocrx_word' id='word_1_671' title='bbox 1165 1992 1237 2038; x_wconf 87' lang='lat' dir='ltr'><strong>Ep.</strong></span> <span class='ocrx_word' id='word_1_672' title='bbox 1262 2003 1320 2036; x_wconf 84' lang='lat'><strong>70,</strong></span> <span class='ocrx_word' id='word_1_673' title='bbox 1345 1998 1382 2026; x_wconf 88' lang='lat' dir='ltr'><strong>et</strong></span> <span class='ocrx_word' id='word_1_674' title='bbox 1401 1990 1448 2025; x_wconf 86' lang='lat' dir='ltr'><strong>fr.</strong></span> <span class='ocrx_word' id='word_1_675' title='bbox 1481 1990 1542 2035; x_wconf 83' lang='lat'><strong>32,</strong></span> <span class='ocrx_word' id='word_1_676' title='bbox 1568 1991 1634 2028; x_wconf 80' lang='lat' dir='ltr'><strong>lin.</strong></span> <span class='ocrx_word' id='word_1_677' title='bbox 1661 1991 1695 2028; x_wconf 88' lang='grc'><strong>3.</strong></span> <span class='ocrx_word' id='word_1_678' title='bbox 1718 1989 2001 2040; x_wconf 85' lang='grc' dir='ltr'>καταιτιώμενος.</span> <span class='ocrx_word' id='word_1_679' title='bbox 2031 2015 2083 2020; x_wconf 89' lang='grc'>-</span> <span class='ocrx_word' id='word_1_680' title='bbox 2102 1995 2168 2031; x_wconf 85' lang='lat' dir='ltr'><strong>lin.</strong></span> <span class='ocrx_word' id='word_1_681' title='bbox 2189 1995 2210 2032; x_wconf 83' lang='lat'>3</span> 
     </span>
     <span class='ocr_line' id='line_1_87' title="bbox 1165 2047 2210 2102; baseline 0.006 -18"><span class='ocrx_word' id='word_1_682' title='bbox 1165 2050 1213 2084; x_wconf 88' lang='lat' dir='ltr'><strong>ab</strong></span> <span class='ocrx_word' id='word_1_683' title='bbox 1233 2050 1309 2084; x_wconf 87' lang='lat' dir='ltr'><strong>ima</strong></span> <span class='ocrx_word' id='word_1_684' title='bbox 1328 2062 1399 2097; x_wconf 87' lang='lat' dir='ltr'><strong>pro</strong></span> <span class='ocrx_word' id='word_1_685' title='bbox 1420 2047 1613 2100; x_wconf 83' lang='grc' dir='ltr'>Ταρκύνιος</span> <span class='ocrx_word' id='word_1_686' title='bbox 1641 2050 1776 2087; x_wconf 90' lang='lat' dir='ltr'><strong>Feder.</strong></span> <span class='ocrx_word' id='word_1_687' title='bbox 1800 2052 1936 2098; x_wconf 88' lang='lat' dir='ltr'><strong>reponi</strong></span> <span class='ocrx_word' id='word_1_688' title='bbox 1955 2052 2036 2086; x_wconf 91' lang='lat' dir='ltr'><strong>vult</strong></span> <span class='ocrx_word' id='word_1_689' title='bbox 2054 2051 2210 2102; x_wconf 73' lang='grc' dir='ltr'>Ταρκυί·</span> 
     </span>
     <span class='ocr_line' id='line_1_88' title="bbox 1163 2107 2209 2155; baseline 0.005 -13"><span class='ocrx_word' id='word_1_690' title='bbox 1163 2121 1234 2148; x_wconf 84' lang='grc' dir='ltr'>τιος</span> <span class='ocrx_word' id='word_1_691' title='bbox 1243 2135 1251 2152; x_wconf 93' lang='grc'>,</span> <span class='ocrx_word' id='word_1_692' title='bbox 1261 2107 1348 2143; x_wconf 88' lang='lat' dir='ltr'><strong>fort.</strong></span> <span class='ocrx_word' id='word_1_693' title='bbox 1357 2115 1472 2145; x_wconf 87' lang='lat' dir='ltr'><strong>recte.</strong></span> <span class='ocrx_word' id='word_1_694' title='bbox 1486 2108 1599 2155; x_wconf 89' lang='lat' dir='ltr'><strong>Apud</strong></span> <span class='ocrx_word' id='word_1_695' title='bbox 1610 2109 1798 2146; x_wconf 90' lang='lat' dir='ltr'><strong>Plutarch.</strong></span> <span class='ocrx_word' id='word_1_696' title='bbox 1811 2109 1952 2145; x_wconf 89' lang='lat' dir='ltr'><strong>Sertor.</strong></span> <span class='ocrx_word' id='word_1_697' title='bbox 1964 2110 2029 2155; x_wconf 87' lang='grc'><strong>26,</strong></span> <span class='ocrx_word' id='word_1_698' title='bbox 2043 2123 2064 2145; x_wconf 87' lang='grc'>2</span> <span class='ocrx_word' id='word_1_699' title='bbox 2073 2110 2209 2150; x_wconf 89' lang='lat' dir='ltr'><strong>habes:</strong></span> 
     </span>
     <span class='ocr_line' id='line_1_89' title="bbox 1167 2163 1699 2216; baseline 0 -13"><span class='ocrx_word' id='word_1_700' title='bbox 1167 2164 1370 2216; x_wconf 82' lang='grc' dir='ltr'>Περπένναν</span> <span class='ocrx_word' id='word_1_701' title='bbox 1388 2163 1423 2202; x_wconf 81' lang='grc' dir='ltr'><strong>δὲ</strong></span> <span class='ocrx_word' id='word_1_702' title='bbox 1446 2165 1504 2202; x_wconf 81' lang='grc' dir='ltr'>καὶ</span> <span class='ocrx_word' id='word_1_703' title='bbox 1522 2166 1699 2216; x_wconf 83' lang='grc' dir='ltr'>Γρακῒνον.</span> 
     </span>
    </p>

    <p class='ocr_par' dir='ltr' id='par_1_13' title="bbox 1162 2222 2213 2858">
     <span class='ocr_line' id='line_1_90' title="bbox 1218 2222 2213 2275; baseline 0.005 -16"><span class='ocrx_word' id='word_1_704' title='bbox 1218 2225 1305 2273; x_wconf 85' lang='lat' dir='ltr'><strong>Pag.</strong></span> <span class='ocrx_word' id='word_1_705' title='bbox 1327 2237 1436 2269; x_wconf 77' lang='lat' dir='ltr'><strong>xxw,</strong></span> <span class='ocrx_word' id='word_1_706' title='bbox 1459 2225 1484 2260; x_wconf 94' lang='lat' dir='ltr'><strong>l.</strong></span> <span class='ocrx_word' id='word_1_707' title='bbox 1506 2230 1540 2268; x_wconf 87' lang='grc'><strong>4.</strong></span> <span class='ocrx_word' id='word_1_708' title='bbox 1565 2222 1786 2275; x_wconf 80' lang='grc' dir='ltr'>ἀνακλιθεὶς]</span> <span class='ocrx_word' id='word_1_709' title='bbox 1806 2223 2025 2267; x_wconf 80' lang='grc' dir='ltr'>κατακλιθεὶς</span> <span class='ocrx_word' id='word_1_710' title='bbox 2048 2227 2213 2264; x_wconf 89' lang='lat' dir='ltr'><strong>Federus</strong></span> 
     </span>
     <span class='ocr_line' id='line_1_91' title="bbox 1165 2275 2208 2333; baseline 0.007 -15"><span class='ocrx_word' id='word_1_711' title='bbox 1165 2284 1261 2319; x_wconf 83' lang='lat' dir='ltr'><strong>vult.</strong></span> <span class='ocrx_word' id='word_1_712' title='bbox 1284 2285 1371 2319; x_wconf 88' lang='lat' dir='ltr'><strong>Non</strong></span> <span class='ocrx_word' id='word_1_713' title='bbox 1391 2296 1501 2331; x_wconf 85' lang='lat' dir='ltr'><strong>opuS.</strong></span> <span class='ocrx_word' id='word_1_714' title='bbox 1524 2275 1577 2320; x_wconf 80' lang='lat' dir='ltr'><strong>Cf.</strong></span> <span class='ocrx_word' id='word_1_715' title='bbox 1597 2281 1714 2333; x_wconf 81' lang='grc' dir='ltr'>χαμαὶ</span> <span class='ocrx_word' id='word_1_716' title='bbox 1732 2282 1887 2320; x_wconf 85' lang='grc' dir='ltr'>ἀνέκλινε</span> <span class='ocrx_word' id='word_1_717' title='bbox 1910 2285 1950 2319; x_wconf 91' lang='lat' dir='ltr'><strong>in</strong></span> <span class='ocrx_word' id='word_1_718' title='bbox 1972 2286 2060 2323; x_wconf 86' lang='lat' dir='ltr'><strong>Exc.</strong></span> <span class='ocrx_word' id='word_1_719' title='bbox 2083 2287 2208 2325; x_wconf 89' lang='lat' dir='ltr'><strong>Nicol.</strong></span> 
     </span>
     <span class='ocr_line' id='line_1_92' title="bbox 1165 2342 2211 2391; baseline 0.005 -14"><span class='ocrx_word' id='word_1_720' title='bbox 1165 2349 1258 2377; x_wconf 92' lang='lat' dir='ltr'><strong>tom.</strong></span> <span class='ocrx_word' id='word_1_721' title='bbox 1281 2343 1358 2387; x_wconf 89' lang='lat'><strong>111,</strong></span> <span class='ocrx_word' id='word_1_722' title='bbox 1379 2355 1417 2391; x_wconf 92' lang='lat' dir='ltr'><strong>p.</strong></span> <span class='ocrx_word' id='word_1_723' title='bbox 1441 2342 1537 2386; x_wconf 82' lang='lat'><strong>386,</strong></span> <span class='ocrx_word' id='word_1_724' title='bbox 1555 2343 1580 2378; x_wconf 92' lang='lat' dir='ltr'><strong>l.</strong></span> <span class='ocrx_word' id='word_1_725' title='bbox 1610 2342 1672 2379; x_wconf 83' lang='lat'><strong>13.</strong></span> <span class='ocrx_word' id='word_1_726' title='bbox 1691 2364 1745 2369; x_wconf 87' lang='lat'><strong>—-</strong></span> <span class='ocrx_word' id='word_1_727' title='bbox 1760 2343 1808 2381; x_wconf 84' lang='lat' dir='ltr'><strong>fr.</strong></span> <span class='ocrx_word' id='word_1_728' title='bbox 1840 2342 1901 2388; x_wconf 82' lang='lat'><strong>33,</strong></span> <span class='ocrx_word' id='word_1_729' title='bbox 1918 2344 1941 2379; x_wconf 92' lang='lat' dir='ltr'><strong>l.</strong></span> <span class='ocrx_word' id='word_1_730' title='bbox 1964 2356 2012 2379; x_wconf 88' lang='grc'><strong>20</strong></span> <span class='ocrx_word' id='word_1_731' title='bbox 2038 2344 2211 2382; x_wconf 83' lang='grc' dir='ltr'>ὑπακούε-</span> 
     </span>
     <span class='ocr_line' id='line_1_93' title="bbox 1164 2397 2212 2446; baseline 0.006 -11"><span class='ocrx_word' id='word_1_732' title='bbox 1164 2402 1244 2436; x_wconf 87' lang='grc' dir='ltr'>σθαι</span> <span class='ocrx_word' id='word_1_733' title='bbox 1262 2401 1287 2438; x_wconf 92' lang='lat' dir='ltr'><strong>l.</strong></span> <span class='ocrx_word' id='word_1_734' title='bbox 1314 2397 1591 2446; x_wconf 78' lang='grc' dir='ltr'>ὑπακούσεσθαι,</span> <span class='ocrx_word' id='word_1_735' title='bbox 1605 2414 1709 2439; x_wconf 90' lang='grc'><strong>111011.</strong></span> <span class='ocrx_word' id='word_1_736' title='bbox 1731 2401 1877 2437; x_wconf 90' lang='lat' dir='ltr'><strong>Federo</strong></span> <span class='ocrx_word' id='word_1_737' title='bbox 1895 2408 1932 2437; x_wconf 92' lang='lat' dir='ltr'><strong>et</strong></span> <span class='ocrx_word' id='word_1_738' title='bbox 1948 2403 2142 2441; x_wconf 76' lang='lat' dir='ltr'><strong>Dfibnero.</strong></span> <span class='ocrx_word' id='word_1_739' title='bbox 2158 2426 2212 2431; x_wconf 93' lang='lat'><strong>—</strong></span> 
     </span>
     <span class='ocr_line' id='line_1_94' title="bbox 1163 2459 2212 2512; baseline 0.005 -18"><span class='ocrx_word' id='word_1_740' title='bbox 1163 2460 1209 2494; x_wconf 93' lang='lat' dir='ltr'><strong>In</strong></span> <span class='ocrx_word' id='word_1_741' title='bbox 1225 2466 1321 2496; x_wconf 84' lang='lat' dir='ltr'><strong>extr.</strong></span> <span class='ocrx_word' id='word_1_742' title='bbox 1339 2459 1472 2507; x_wconf 85' lang='lat' dir='ltr'><strong>fragm.</strong></span> <span class='ocrx_word' id='word_1_743' title='bbox 1491 2460 1657 2495; x_wconf 87' lang='lat' dir='ltr'><strong>Federus</strong></span> <span class='ocrx_word' id='word_1_744' title='bbox 1673 2473 1745 2508; x_wconf 90' lang='lat' dir='ltr'><strong>pro</strong></span> <span class='ocrx_word' id='word_1_745' title='bbox 1758 2468 1940 2508; x_wconf 88' lang='lat' dir='ltr'><strong>corrupto</strong></span> <span class='ocrx_word' id='word_1_746' title='bbox 1958 2460 2004 2503; x_wconf 87' lang='grc' dir='ltr'><strong>εἷς</strong></span> <span class='ocrx_word' id='word_1_747' title='bbox 2017 2459 2075 2502; x_wconf 87' lang='grc' dir='ltr'>τὰς</span> <span class='ocrx_word' id='word_1_748' title='bbox 2091 2461 2212 2512; x_wconf 80' lang='grc' dir='ltr'>χεῖρας</span> 
     </span>
     <span class='ocr_line' id='line_1_95' title="bbox 1165 2515 2209 2568; baseline 0.005 -16"><span class='ocrx_word' id='word_1_749' title='bbox 1165 2517 1332 2563; x_wconf 87' lang='lat' dir='ltr'><strong>conjecit</strong></span> <span class='ocrx_word' id='word_1_750' title='bbox 1348 2515 1562 2567; x_wconf 81' lang='grc' dir='ltr'>εἷσαγείρας,</span> <span class='ocrx_word' id='word_1_751' title='bbox 1586 2518 1691 2565; x_wconf 89' lang='lat' dir='ltr'><strong>quod</strong></span> <span class='ocrx_word' id='word_1_752' title='bbox 1711 2531 1731 2554; x_wconf 86' lang='lat' dir='ltr'><strong>a</strong></span> <span class='ocrx_word' id='word_1_753' title='bbox 1750 2519 1895 2554; x_wconf 88' lang='lat' dir='ltr'><strong>traditis</strong></span> <span class='ocrx_word' id='word_1_754' title='bbox 1913 2521 2073 2568; x_wconf 90' lang='lat' dir='ltr'><strong>propius</strong></span> <span class='ocrx_word' id='word_1_755' title='bbox 2092 2521 2209 2558; x_wconf 81' lang='lat' dir='ltr'><strong>abest.</strong></span> 
     </span>
     <span class='ocr_line' id='line_1_96' title="bbox 1162 2571 2211 2627; baseline 0.004 -15"><span class='ocrx_word' id='word_1_756' title='bbox 1162 2578 1220 2612; x_wconf 91' lang='lat' dir='ltr'><strong>De</strong></span> <span class='ocrx_word' id='word_1_757' title='bbox 1239 2589 1280 2612; x_wconf 88' lang='lat' dir='ltr'><strong>re</strong></span> <span class='ocrx_word' id='word_1_758' title='bbox 1298 2577 1349 2614; x_wconf 85' lang='lat' dir='ltr'><strong>cf.</strong></span> <span class='ocrx_word' id='word_1_759' title='bbox 1373 2578 1509 2612; x_wconf 88' lang='lat' dir='ltr'><strong>Strabo</strong></span> <span class='ocrx_word' id='word_1_760' title='bbox 1526 2578 1619 2621; x_wconf 85' lang='lat' dir='ltr'>XII,</span> <span class='ocrx_word' id='word_1_761' title='bbox 1634 2590 1674 2625; x_wconf 87' lang='lat' dir='ltr'><strong>p.</strong></span> <span class='ocrx_word' id='word_1_762' title='bbox 1696 2576 1771 2624; x_wconf 87' lang='lat'><strong>576</strong></span> <span class='ocrx_word' id='word_1_763' title='bbox 1794 2589 1804 2615; x_wconf 87' lang='lat'>:</span> <span class='ocrx_word' id='word_1_764' title='bbox 1827 2575 1954 2627; x_wconf 80' lang='grc' dir='ltr'>Ἐγγὺς</span> <span class='ocrx_word' id='word_1_765' title='bbox 1973 2571 2074 2623; x_wconf 71' lang='grc' dir='ltr'>ἦλθον</span> <span class='ocrx_word' id='word_1_766' title='bbox 2089 2579 2118 2615; x_wconf 81' lang='grc' dir='ltr'><strong>οἱ</strong></span> <span class='ocrx_word' id='word_1_767' title='bbox 2140 2579 2211 2616; x_wconf 84' lang='grc' dir='ltr'><strong>Κυ-</strong></span> 
     </span>
     <span class='ocr_line' id='line_1_97' title="bbox 1163 2632 2213 2687; baseline 0.002 -17"><span class='ocrx_word' id='word_1_768' title='bbox 1163 2633 1295 2680; x_wconf 80' lang='grc' dir='ltr'>ζικηνοὶ</span> <span class='ocrx_word' id='word_1_769' title='bbox 1314 2636 1374 2670; x_wconf 79' lang='grc' dir='ltr'>τοῦ</span> <span class='ocrx_word' id='word_1_770' title='bbox 1402 2632 1533 2685; x_wconf 77' lang='grc' dir='ltr'>ζωγρίᾳ</span> <span class='ocrx_word' id='word_1_771' title='bbox 1559 2633 1679 2670; x_wconf 69' lang='grc' dir='ltr'>λαὸεῖν</span> <span class='ocrx_word' id='word_1_772' title='bbox 1698 2634 1754 2671; x_wconf 86' lang='grc' dir='ltr'><strong>τὸν</strong></span> <span class='ocrx_word' id='word_1_773' title='bbox 1782 2634 1929 2685; x_wconf 79' lang='grc' dir='ltr'>βασιλέα</span> <span class='ocrx_word' id='word_1_774' title='bbox 1949 2637 1984 2673; x_wconf 82' lang='grc' dir='ltr'><strong>ἐν</strong></span> <span class='ocrx_word' id='word_1_775' title='bbox 2007 2638 2049 2687; x_wconf 82' lang='grc' dir='ltr'>τῇ</span> <span class='ocrx_word' id='word_1_776' title='bbox 2071 2634 2213 2687; x_wconf 83' lang='grc' dir='ltr'>διώρυγι</span> 
     </span>
     <span class='ocr_line' id='line_1_98' title="bbox 1164 2691 2210 2745; baseline 0.001 -16"><span class='ocrx_word' id='word_1_777' title='bbox 1164 2691 1494 2743; x_wconf 81' lang='grc' dir='ltr'>ἀντιδιορύττοντες·</span> <span class='ocrx_word' id='word_1_778' title='bbox 1516 2691 1593 2728; x_wconf 87' lang='grc' dir='ltr'>ἀλλ’</span> <span class='ocrx_word' id='word_1_779' title='bbox 1617 2692 1701 2743; x_wconf 71' lang='grc' dir='ltr'>ἔφθη</span> <span class='ocrx_word' id='word_1_780' title='bbox 1728 2693 1967 2745; x_wconf 81' lang='grc' dir='ltr'>φυλαξάμενος</span> <span class='ocrx_word' id='word_1_781' title='bbox 1996 2694 2055 2730; x_wconf 84' lang='grc' dir='ltr'>καὶ</span> <span class='ocrx_word' id='word_1_782' title='bbox 2077 2695 2210 2731; x_wconf 83' lang='grc' dir='ltr'>ἀναλα-</span> 
     </span>
     <span class='ocr_line' id='line_1_99' title="bbox 1164 2750 2209 2803; baseline 0.001 -15"><span class='ocrx_word' id='word_1_783' title='bbox 1164 2751 1234 2788; x_wconf 72' lang='grc' dir='ltr'><strong>ὅὼν</strong></span> <span class='ocrx_word' id='word_1_784' title='bbox 1253 2750 1373 2788; x_wconf 82' lang='grc' dir='ltr'>ἑαυτὸν</span> <span class='ocrx_word' id='word_1_785' title='bbox 1386 2750 1450 2794; x_wconf 83' lang='grc' dir='ltr'><strong>ἔξω</strong></span> <span class='ocrx_word' id='word_1_786' title='bbox 1469 2753 1527 2787; x_wconf 75' lang='grc' dir='ltr'>τοῦ</span> <span class='ocrx_word' id='word_1_787' title='bbox 1544 2750 1749 2802; x_wconf 82' lang='grc' dir='ltr'>ὀρύγματος,</span> <span class='ocrx_word' id='word_1_788' title='bbox 1768 2754 1928 2798; x_wconf 86' lang='lat' dir='ltr'><strong>Locum,</strong></span> <span class='ocrx_word' id='word_1_789' title='bbox 1942 2754 2007 2801; x_wconf 92' lang='lat' dir='ltr'><strong>qui</strong></span> <span class='ocrx_word' id='word_1_790' title='bbox 2021 2766 2080 2789; x_wconf 91' lang='lat' dir='ltr'><strong>me</strong></span> <span class='ocrx_word' id='word_1_791' title='bbox 2098 2754 2209 2803; x_wconf 84' lang='lat' dir='ltr'><strong>fugit,</strong></span> 
     </span>
     <span class='ocr_line' id='line_1_100' title="bbox 1163 2810 2093 2858; baseline 0 -12"><span class='ocrx_word' id='word_1_792' title='bbox 1163 2811 1283 2846; x_wconf 89' lang='lat' dir='ltr'><strong>debeo</strong></span> <span class='ocrx_word' id='word_1_793' title='bbox 1300 2810 1458 2847; x_wconf 88' lang='lat' dir='ltr'><strong>Federo.</strong></span> <span class='ocrx_word' id='word_1_794' title='bbox 2087 2852 2093 2858; x_wconf 26' lang='grc' dir='ltr'><strong>Β</strong></span> 
     </span>
    </p>

    <p class='ocr_par' dir='ltr' id='par_1_14' title="bbox 1160 2863 2209 3324">
     <span class='ocr_line' id='line_1_101' title="bbox 1216 2863 2208 2917; baseline -0.001 -12"><span class='ocrx_word' id='word_1_795' title='bbox 1216 2871 1302 2917; x_wconf 84' lang='lat' dir='ltr'><strong>Pag.</strong></span> <span class='ocrx_word' id='word_1_796' title='bbox 1324 2881 1418 2916; x_wconf 78' lang='lat' dir='ltr'><strong>xxv,</strong></span> <span class='ocrx_word' id='word_1_797' title='bbox 1438 2867 1487 2903; x_wconf 88' lang='lat' dir='ltr'><strong>ad</strong></span> <span class='ocrx_word' id='word_1_798' title='bbox 1508 2867 1553 2904; x_wconf 84' lang='lat' dir='ltr'><strong>fr.</strong></span> <span class='ocrx_word' id='word_1_799' title='bbox 1575 2866 1636 2909; x_wconf 84' lang='grc'><strong>34.</strong></span> <span class='ocrx_word' id='word_1_800' title='bbox 1654 2867 1820 2903; x_wconf 86' lang='lat' dir='ltr'><strong>Federus</strong></span> <span class='ocrx_word' id='word_1_801' title='bbox 1834 2875 1943 2917; x_wconf 90' lang='lat' dir='ltr'><strong>putat</strong></span> <span class='ocrx_word' id='word_1_802' title='bbox 1957 2863 2184 2905; x_wconf 82' lang='lat' dir='ltr'><strong>Antiochum</strong></span> <span class='ocrx_word' id='word_1_803' title='bbox 2197 2897 2208 2917; x_wconf 89' lang='lat'><strong>,</strong></span> 
     </span>
     <span class='ocr_line' id='line_1_102' title="bbox 1162 2927 2209 2975; baseline -0.001 -12"><span class='ocrx_word' id='word_1_804' title='bbox 1162 2928 1210 2963; x_wconf 88' lang='lat' dir='ltr'><strong>de</strong></span> <span class='ocrx_word' id='word_1_805' title='bbox 1228 2941 1303 2975; x_wconf 92' lang='lat' dir='ltr'><strong>quo</strong></span> <span class='ocrx_word' id='word_1_806' title='bbox 1326 2928 1361 2962; x_wconf 85' lang='lat' dir='ltr'><strong>h.</strong></span> <span class='ocrx_word' id='word_1_807' title='bbox 1386 2927 1408 2961; x_wconf 91' lang='lat' dir='ltr'><strong>l.</strong></span> <span class='ocrx_word' id='word_1_808' title='bbox 1441 2938 1564 2961; x_wconf 88' lang='lat' dir='ltr'><strong>sermo</strong></span> <span class='ocrx_word' id='word_1_809' title='bbox 1586 2933 1656 2970; x_wconf 85' lang='lat' dir='ltr'><strong>est,</strong></span> <span class='ocrx_word' id='word_1_810' title='bbox 1682 2939 1760 2961; x_wconf 92' lang='lat' dir='ltr'><strong>non</strong></span> <span class='ocrx_word' id='word_1_811' title='bbox 1781 2939 1858 2962; x_wconf 91' lang='lat' dir='ltr'><strong>esse</strong></span> <span class='ocrx_word' id='word_1_812' title='bbox 1890 2930 1979 2965; x_wconf 88' lang='lat' dir='ltr'><strong>Ant.</strong></span> <span class='ocrx_word' id='word_1_813' title='bbox 2005 2929 2209 2964; x_wconf 88' lang='lat' dir='ltr'><strong>Asiaticum</strong></span> 
     </span>
     <span class='ocr_line' id='line_1_103' title="bbox 1162 2984 2209 3033; baseline 0 -12"><span class='ocrx_word' id='word_1_814' title='bbox 1162 2994 1204 3022; x_wconf 95' lang='lat' dir='ltr'><strong>ut</strong></span> <span class='ocrx_word' id='word_1_815' title='bbox 1223 2999 1291 3021; x_wconf 90' lang='lat' dir='ltr'><strong>nos</strong></span> <span class='ocrx_word' id='word_1_816' title='bbox 1309 2986 1520 3029; x_wconf 85' lang='lat' dir='ltr'><strong>statuimus,</strong></span> <span class='ocrx_word' id='word_1_817' title='bbox 1553 2985 1640 3031; x_wconf 87' lang='lat' dir='ltr'><strong>quia</strong></span> <span class='ocrx_word' id='word_1_818' title='bbox 1658 2984 1768 3031; x_wconf 89' lang='lat' dir='ltr'><strong>hujus</strong></span> <span class='ocrx_word' id='word_1_819' title='bbox 1787 2997 1904 3033; x_wconf 85' lang='lat' dir='ltr'><strong>regno</strong></span> <span class='ocrx_word' id='word_1_820' title='bbox 1927 2986 2209 3021; x_wconf 85' lang='lat' dir='ltr'><strong>Seleucidarum</strong></span> 
     </span>
     <span class='ocr_line' id='line_1_104' title="bbox 1161 3043 2206 3092; baseline -0.001 -13"><span class='ocrx_word' id='word_1_821' title='bbox 1161 3045 1293 3080; x_wconf 88' lang='lat' dir='ltr'><strong>seriem</strong></span> <span class='ocrx_word' id='word_1_822' title='bbox 1308 3043 1457 3078; x_wconf 87' lang='lat' dir='ltr'><strong>claudat</strong></span> <span class='ocrx_word' id='word_1_823' title='bbox 1472 3043 1681 3090; x_wconf 86' lang='lat' dir='ltr'><strong>Appianus,</strong></span> <span class='ocrx_word' id='word_1_824' title='bbox 1701 3044 1737 3077; x_wconf 91' lang='lat' dir='ltr'><strong>in</strong></span> <span class='ocrx_word' id='word_1_825' title='bbox 1751 3050 1882 3078; x_wconf 88' lang='lat' dir='ltr'><strong>nostro</strong></span> <span class='ocrx_word' id='word_1_826' title='bbox 1893 3056 1983 3079; x_wconf 87' lang='lat' dir='ltr'><strong>vero</strong></span> <span class='ocrx_word' id='word_1_827' title='bbox 1998 3044 2206 3092; x_wconf 83' lang='lat' dir='ltr'><strong>fragmento</strong></span> 
     </span>
     <span class='ocr_line' id='line_1_105' title="bbox 1162 3098 2204 3150; baseline 0 -12"><span class='ocrx_word' id='word_1_828' title='bbox 1162 3109 1351 3150; x_wconf 87' lang='lat' dir='ltr'><strong>superstes</strong></span> <span class='ocrx_word' id='word_1_829' title='bbox 1371 3103 1418 3136; x_wconf 90' lang='lat' dir='ltr'><strong>sit</strong></span> <span class='ocrx_word' id='word_1_830' title='bbox 1444 3098 1681 3137; x_wconf 82' lang='lat' dir='ltr'><strong>adversarius</strong></span> <span class='ocrx_word' id='word_1_831' title='bbox 1711 3102 1789 3150; x_wconf 89' lang='lat' dir='ltr'><strong>ipse</strong></span> <span class='ocrx_word' id='word_1_832' title='bbox 1822 3113 1976 3149; x_wconf 92' lang='lat' dir='ltr'><strong>quoque</strong></span> <span class='ocrx_word' id='word_1_833' title='bbox 1996 3101 2204 3138; x_wconf 87' lang='lat' dir='ltr'><strong>Seleucida.</strong></span> 
     </span>
     <span class='ocr_line' id='line_1_106' title="bbox 1161 3159 2206 3208; baseline -0.002 -12"><span class='ocrx_word' id='word_1_834' title='bbox 1161 3163 1250 3207; x_wconf 85' lang='lat' dir='ltr'><strong>Quae</strong></span> <span class='ocrx_word' id='word_1_835' title='bbox 1263 3161 1536 3208; x_wconf 86' lang='lat' dir='ltr'><strong>argumentatio</strong></span> <span class='ocrx_word' id='word_1_836' title='bbox 1551 3159 1652 3194; x_wconf 92' lang='lat' dir='ltr'><strong>nulla</strong></span> <span class='ocrx_word' id='word_1_837' title='bbox 1665 3167 1732 3196; x_wconf 89' lang='lat' dir='ltr'><strong>est.</strong></span> <span class='ocrx_word' id='word_1_838' title='bbox 1745 3160 1939 3208; x_wconf 89' lang='lat' dir='ltr'><strong>Appianus</strong></span> <span class='ocrx_word' id='word_1_839' title='bbox 1947 3171 2025 3194; x_wconf 91' lang='lat' dir='ltr'><strong>non</strong></span> <span class='ocrx_word' id='word_1_840' title='bbox 2033 3172 2118 3195; x_wconf 88' lang='lat' dir='ltr'><strong>eum</strong></span> <span class='ocrx_word' id='word_1_841' title='bbox 2129 3171 2206 3195; x_wconf 88' lang='lat' dir='ltr'><strong>me-</strong></span> 
     </span>
     <span class='ocr_line' id='line_1_107' title="bbox 1160 3217 2203 3266; baseline -0.002 -12"><span class='ocrx_word' id='word_1_842' title='bbox 1160 3231 1310 3254; x_wconf 88' lang='lat' dir='ltr'><strong>morare</strong></span> <span class='ocrx_word' id='word_1_843' title='bbox 1324 3219 1462 3263; x_wconf 91' lang='lat' dir='ltr'><strong>voluit,</strong></span> <span class='ocrx_word' id='word_1_844' title='bbox 1478 3217 1583 3264; x_wconf 86' lang='lat' dir='ltr'><strong>cujus</strong></span> <span class='ocrx_word' id='word_1_845' title='bbox 1600 3225 1722 3253; x_wconf 89' lang='lat' dir='ltr'><strong>morte</strong></span> <span class='ocrx_word' id='word_1_846' title='bbox 1742 3230 1831 3266; x_wconf 87' lang='lat' dir='ltr'><strong>gens</strong></span> <span class='ocrx_word' id='word_1_847' title='bbox 1845 3217 2125 3253; x_wconf 89' lang='lat' dir='ltr'><strong>Seleucidarum</strong></span> <span class='ocrx_word' id='word_1_848' title='bbox 2140 3229 2203 3251; x_wconf 89' lang='lat' dir='ltr'><strong>ex-</strong></span> 
     </span>
     <span class='ocr_line' id='line_1_108' title="bbox 1161 3274 2202 3324; baseline -0.002 -12"><span class='ocrx_word' id='word_1_849' title='bbox 1161 3278 1297 3313; x_wconf 87' lang='lat' dir='ltr'><strong>stincta</strong></span> <span class='ocrx_word' id='word_1_850' title='bbox 1316 3283 1367 3312; x_wconf 86' lang='lat' dir='ltr'><strong>est</strong></span> <span class='ocrx_word' id='word_1_851' title='bbox 1378 3304 1387 3321; x_wconf 91' lang='lat'><strong>,</strong></span> <span class='ocrx_word' id='word_1_852' title='bbox 1402 3277 1466 3312; x_wconf 92' lang='lat' dir='ltr'><strong>sed</strong></span> <span class='ocrx_word' id='word_1_853' title='bbox 1482 3289 1567 3312; x_wconf 88' lang='lat' dir='ltr'><strong>eum</strong></span> <span class='ocrx_word' id='word_1_854' title='bbox 1582 3277 1648 3323; x_wconf 87' lang='lat' dir='ltr'><strong>qui</strong></span> <span class='ocrx_word' id='word_1_855' title='bbox 1677 3283 1890 3324; x_wconf 88' lang='lat' dir='ltr'><strong>postremus</strong></span> <span class='ocrx_word' id='word_1_856' title='bbox 1903 3275 2019 3322; x_wconf 85' lang='lat' dir='ltr'><strong>Syriae</strong></span> <span class='ocrx_word' id='word_1_857' title='bbox 2037 3287 2102 3310; x_wconf 87' lang='lat' dir='ltr'><strong>rex</strong></span> <span class='ocrx_word' id='word_1_858' title='bbox 2118 3274 2202 3310; x_wconf 85' lang='lat' dir='ltr'><strong>fuit.</strong></span> 
     </span>
    </p>

    <p class='ocr_par' dir='ltr' id='par_1_15' title="bbox 1161 3330 2203 3442">
     <span class='ocr_line' id='line_1_109' title="bbox 1214 3330 2203 3384; baseline -0.004 -14"><span class='ocrx_word' id='word_1_859' title='bbox 1214 3337 1303 3384; x_wconf 80' lang='lat' dir='ltr'><strong>Pag.</strong></span> <span class='ocrx_word' id='word_1_860' title='bbox 1327 3347 1444 3381; x_wconf 89' lang='lat' dir='ltr'><strong>xxv1,</strong></span> <span class='ocrx_word' id='word_1_861' title='bbox 1463 3336 1511 3371; x_wconf 84' lang='lat' dir='ltr'><strong>fr.</strong></span> <span class='ocrx_word' id='word_1_862' title='bbox 1537 3334 1598 3380; x_wconf 85' lang='lat'><strong>35,</strong></span> <span class='ocrx_word' id='word_1_863' title='bbox 1619 3335 1642 3369; x_wconf 90' lang='lat' dir='ltr'><strong>l.</strong></span> <span class='ocrx_word' id='word_1_864' title='bbox 1656 3335 1693 3373; x_wconf 91' lang='lat'><strong>6.</strong></span> <span class='ocrx_word' id='word_1_865' title='bbox 1715 3332 1843 3378; x_wconf 85' lang='grc' dir='ltr'>ταύτην</span> <span class='ocrx_word' id='word_1_866' title='bbox 1866 3331 1978 3369; x_wconf 84' lang='grc' dir='ltr'>αἰτίαν</span> <span class='ocrx_word' id='word_1_867' title='bbox 1996 3331 2010 3381; x_wconf 87' lang='grc'>]</span> <span class='ocrx_word' id='word_1_868' title='bbox 2026 3334 2050 3369; x_wconf 92' lang='lat' dir='ltr'><strong>l.</strong></span> <span class='ocrx_word' id='word_1_869' title='bbox 2075 3330 2203 3376; x_wconf 86' lang='grc' dir='ltr'>ταύτην</span> 
     </span>
     <span class='ocr_line' id='line_1_110' title="bbox 1161 3389 2203 3442; baseline -0.006 -12"><span class='ocrx_word' id='word_1_870' title='bbox 1161 3391 1222 3440; x_wconf 81' lang='grc' dir='ltr'><strong>τὴν</strong></span> <span class='ocrx_word' id='word_1_871' title='bbox 1236 3393 1399 3434; x_wconf 54' lang='lat' dir='ltr'><strong>etin—l„</strong></span> <span class='ocrx_word' id='word_1_872' title='bbox 1413 3406 1434 3429; x_wconf 87' lang='lat'>2</span> <span class='ocrx_word' id='word_1_873' title='bbox 1444 3407 1458 3429; x_wconf 91' lang='lat'>1</span> <span class='ocrx_word' id='word_1_874' title='bbox 1469 3421 1477 3429; x_wconf 91' lang='lat'><strong>.</strong></span> <span class='ocrx_word' id='word_1_875' title='bbox 1491 3394 1551 3439; x_wconf 85' lang='grc' dir='ltr'>τ’ἧς</span> <span class='ocrx_word' id='word_1_876' title='bbox 1566 3391 1739 3442; x_wconf 77' lang='grc' dir='ltr'>ἁμίλλης]</span> <span class='ocrx_word' id='word_1_877' title='bbox 1752 3394 1812 3437; x_wconf 76' lang='grc' dir='ltr'>τῆς</span> <span class='ocrx_word' id='word_1_878' title='bbox 1821 3389 1969 3440; x_wconf 82' lang='grc' dir='ltr'>ἁμίλλας</span> <span class='ocrx_word' id='word_1_879' title='bbox 1982 3390 2043 3428; x_wconf 89' lang='lat' dir='ltr'><strong>ed.</strong></span> <span class='ocrx_word' id='word_1_880' title='bbox 2055 3389 2203 3435; x_wconf 86' lang='lat' dir='ltr'><strong>Feder.,</strong></span> 
     </span>
    </p>
   </div>
  </div>
 </body>
</html>
