<?xml version="1.0" encoding="UTF-8"?>
<!DOCTYPE html PUBLIC "-//W3C//DTD XHTML 1.0 Transitional//EN"
    "http://www.w3.org/TR/xhtml1/DTD/xhtml1-transitional.dtd">
<html xmlns="http://www.w3.org/1999/xhtml" xml:lang="en" lang="en">
 <head>
  <title>
</title>
<meta http-equiv="Content-Type" content="text/html;charset=utf-8" />
  <meta name='ocr-system' content='tesseract 3.04.00' />
  <meta name='ocr-capabilities' content='ocr_page ocr_carea ocr_par ocr_line ocrx_word'/>
</head>
<body>
  <div class='ocr_page' id='page_1' title='image "./fragmentahistori04mueluoft_0414.png"; bbox 0 0 2372 3704; ppageno 0'>
   <div class='ocr_carea' id='block_1_1' title="bbox 145 231 220 265">
    <p class='ocr_par' dir='ltr' id='par_1_1' title="bbox 145 231 220 265">
     <span class='ocr_line' id='line_1_1' title="bbox 145 231 220 265; baseline 0 -1"><span class='ocrx_word' id='word_1_1' title='bbox 145 231 220 265; x_wconf 76' lang='lat'>⁴02</span> 
     </span>
    </p>
   </div>
   <div class='ocr_carea' id='block_1_2' title="bbox 104 309 1193 774">
    <p class='ocr_par' dir='ltr' id='par_1_2' title="bbox 104 309 1193 774">
     <span class='ocr_line' id='line_1_2' title="bbox 145 309 1193 364; baseline -0.005 -13"><span class='ocrx_word' id='word_1_2' title='bbox 145 311 354 364; x_wconf 83' lang='grc' dir='ltr'>Σμυρναίων</span> <span class='ocrx_word' id='word_1_3' title='bbox 375 309 432 349; x_wconf 80' lang='grc' dir='ltr'>διὰ</span> <span class='ocrx_word' id='word_1_4' title='bbox 459 309 522 357; x_wconf 86' lang='grc' dir='ltr'>τὴν</span> <span class='ocrx_word' id='word_1_5' title='bbox 552 309 716 362; x_wconf 73' lang='grc' dir='ltr'>ἀνάγκην·</span> <span class='ocrx_word' id='word_1_6' title='bbox 728 309 924 360; x_wconf 86' lang='grc' dir='ltr'>μελλόντων</span> <span class='ocrx_word' id='word_1_7' title='bbox 945 309 1095 361; x_wconf 79' lang='grc' dir='ltr'>πάσχειν</span> <span class='ocrx_word' id='word_1_8' title='bbox 1124 323 1193 346; x_wconf 91' lang='grc' dir='ltr'>κα-</span> 
     </span>
     <span class='ocr_line' id='line_1_3' title="bbox 143 364 1189 422; baseline -0.003 -14"><span class='ocrx_word' id='word_1_9' title='bbox 143 374 230 418; x_wconf 84' lang='grc' dir='ltr'>κῶς,</span> <span class='ocrx_word' id='word_1_10' title='bbox 260 369 458 422; x_wconf 83' lang='grc' dir='ltr'>θεραπαινὶς</span> <span class='ocrx_word' id='word_1_11' title='bbox 472 364 515 417; x_wconf 72' lang='grc' dir='ltr'>ἦν</span> <span class='ocrx_word' id='word_1_12' title='bbox 539 368 602 420; x_wconf 88' lang='grc' dir='ltr'>μία</span> <span class='ocrx_word' id='word_1_13' title='bbox 626 372 694 407; x_wconf 83' lang='grc' dir='ltr'>τῶν</span> <span class='ocrx_word' id='word_1_14' title='bbox 715 368 952 422; x_wconf 78' lang='grc' dir='ltr'>εὐσχημόνων,</span> <span class='ocrx_word' id='word_1_15' title='bbox 973 368 995 415; x_wconf 82' lang='grc' dir='ltr'>ἢ</span> <span class='ocrx_word' id='word_1_16' title='bbox 1016 369 1189 421; x_wconf 85' lang='grc' dir='ltr'>προσδρα-</span> 
     </span>
     <span class='ocr_line' id='line_1_4' title="bbox 145 426 1191 483; baseline -0.004 -16"><span class='ocrx_word' id='word_1_17' title='bbox 145 433 259 479; x_wconf 89' lang='grc' dir='ltr'>μοῦσα</span> <span class='ocrx_word' id='word_1_18' title='bbox 283 428 348 483; x_wconf 80' lang='grc' dir='ltr'>ἔφη</span> <span class='ocrx_word' id='word_1_19' title='bbox 365 431 415 482; x_wconf 81' lang='grc' dir='ltr'>τῷ</span> <span class='ocrx_word' id='word_1_20' title='bbox 444 428 595 479; x_wconf 84' lang='grc' dir='ltr'>δεσπότῃ</span> <span class='ocrx_word' id='word_1_21' title='bbox 612 428 789 481; x_wconf 82' lang='grc' dir='ltr'>Φιλάρχῳ</span> <span class='ocrx_word' id='word_1_22' title='bbox 801 443 808 452; x_wconf 93' lang='grc'><em>·</em></span> <span class='ocrx_word' id='word_1_23' title='bbox 827 431 887 466; x_wconf 86' lang='grc' dir='ltr'>Δεῖ</span> <span class='ocrx_word' id='word_1_24' title='bbox 906 426 967 470; x_wconf 86' lang='grc' dir='ltr'>τὰς</span> <span class='ocrx_word' id='word_1_25' title='bbox 982 426 1191 479; x_wconf 86' lang='grc' dir='ltr'>θεραπαίνας</span> 
     </span>
     <span class='ocr_line' id='line_1_5' title="bbox 142 484 1190 540; baseline -0.006 -13"><span class='ocrx_word' id='word_1_26' title='bbox 142 487 391 539; x_wconf 83' lang='grc' dir='ltr'>κοσμήσαντας</span> <span class='ocrx_word' id='word_1_27' title='bbox 405 487 479 525; x_wconf 84' lang='grc' dir='ltr'>ἀντ’</span> <span class='ocrx_word' id='word_1_28' title='bbox 493 486 681 540; x_wconf 81' lang='grc' dir='ltr'>ἐλευθέρων</span> <span class='ocrx_word' id='word_1_29' title='bbox 698 487 864 537; x_wconf 84' lang='grc' dir='ltr'>πέμπειν.</span> <span class='ocrx_word' id='word_1_30' title='bbox 880 485 931 524; x_wconf 72' lang='lat'>‘³0</span> <span class='ocrx_word' id='word_1_31' title='bbox 946 484 988 532; x_wconf 87' lang='grc' dir='ltr'>δὴ</span> <span class='ocrx_word' id='word_1_32' title='bbox 1009 484 1069 523; x_wconf 78' lang='grc' dir='ltr'>καὶ</span> <span class='ocrx_word' id='word_1_33' title='bbox 1089 484 1190 538; x_wconf 81' lang='grc' dir='ltr'>ἔδρα-</span> 
     </span>
     <span class='ocr_line' id='line_1_6' title="bbox 143 544 1189 597; baseline -0.003 -13"><span class='ocrx_word' id='word_1_34' title='bbox 143 562 223 587; x_wconf 89' lang='grc' dir='ltr'>σαν.</span> <span class='ocrx_word' id='word_1_35' title='bbox 244 549 291 586; x_wconf 80' lang='grc' dir='ltr'>Οἱ</span> <span class='ocrx_word' id='word_1_36' title='bbox 309 544 344 584; x_wconf 82' lang='grc' dir='ltr'>δὲ</span> <span class='ocrx_word' id='word_1_37' title='bbox 364 545 577 588; x_wconf 83' lang='grc' dir='ltr'>κοπωθέντες</span> <span class='ocrx_word' id='word_1_38' title='bbox 594 545 659 584; x_wconf 74' lang='grc' dir='ltr'>ὑπὸ</span> <span class='ocrx_word' id='word_1_39' title='bbox 679 548 745 583; x_wconf 79' lang='grc' dir='ltr'>τῶν</span> <span class='ocrx_word' id='word_1_40' title='bbox 766 546 1000 597; x_wconf 76' lang='grc' dir='ltr'>θεραπαινῶν,</span> <span class='ocrx_word' id='word_1_41' title='bbox 1015 544 1189 581; x_wconf 79' lang='grc' dir='ltr'>ἑάλωσαν.</span> 
     </span>
     <span class='ocr_line' id='line_1_7' title="bbox 140 602 1192 656; baseline -0.006 -11"><span class='ocrx_word' id='word_1_42' title='bbox 140 605 249 645; x_wconf 72' lang='grc' dir='ltr'>εΌθεν</span> <span class='ocrx_word' id='word_1_43' title='bbox 267 604 326 643; x_wconf 85' lang='grc' dir='ltr'>καὶ</span> <span class='ocrx_word' id='word_1_44' title='bbox 349 608 409 642; x_wconf 87' lang='grc' dir='ltr'>νῦν</span> <span class='ocrx_word' id='word_1_45' title='bbox 429 603 526 655; x_wconf 87' lang='grc' dir='ltr'>παρὰ</span> <span class='ocrx_word' id='word_1_46' title='bbox 543 603 754 656; x_wconf 84' lang='grc' dir='ltr'>Σμυρναίοις</span> <span class='ocrx_word' id='word_1_47' title='bbox 779 602 880 655; x_wconf 83' lang='grc' dir='ltr'>ἑορτὴ</span> <span class='ocrx_word' id='word_1_48' title='bbox 911 602 1050 653; x_wconf 85' lang='grc' dir='ltr'>λέγεται</span> <span class='ocrx_word' id='word_1_49' title='bbox 1073 602 1192 640; x_wconf 76' lang='grc' dir='ltr'>Ἐλευ-</span> 
     </span>
     <span class='ocr_line' id='line_1_8' title="bbox 104 658 1190 716; baseline -0.006 -13"><span class='ocrx_word' id='word_1_50' title='bbox 104 701 112 710; x_wconf 69' lang='grc'>,</span> <span class='ocrx_word' id='word_1_51' title='bbox 142 664 259 716; x_wconf 86' lang='grc' dir='ltr'>θέρια,</span> <span class='ocrx_word' id='word_1_52' title='bbox 276 665 310 701; x_wconf 82' lang='grc' dir='ltr'>ἐν</span> <span class='ocrx_word' id='word_1_53' title='bbox 327 658 349 715; x_wconf 71' lang='grc' dir='ltr'>ᾗ</span> <span class='ocrx_word' id='word_1_54' title='bbox 367 665 403 701; x_wconf 80' lang='grc' dir='ltr'>αἱ</span> <span class='ocrx_word' id='word_1_55' title='bbox 420 663 540 700; x_wconf 80' lang='grc' dir='ltr'>δοῦλαι</span> <span class='ocrx_word' id='word_1_56' title='bbox 559 662 616 701; x_wconf 83' lang='grc' dir='ltr'>τὸν</span> <span class='ocrx_word' id='word_1_57' title='bbox 636 661 767 711; x_wconf 88' lang='grc' dir='ltr'>κόσμον</span> <span class='ocrx_word' id='word_1_58' title='bbox 784 663 852 698; x_wconf 79' lang='grc' dir='ltr'>τῶν</span> <span class='ocrx_word' id='word_1_59' title='bbox 870 660 1054 713; x_wconf 80' lang='grc' dir='ltr'>ἐλευθέρων</span> <span class='ocrx_word' id='word_1_60' title='bbox 1068 663 1190 712; x_wconf 85' lang='grc' dir='ltr'>φοροῦ-</span> 
     </span>
     <span class='ocr_line' id='line_1_9' title="bbox 144 720 863 774; baseline -0.007 -13"><span class='ocrx_word' id='word_1_61' title='bbox 144 739 197 761; x_wconf 89' lang='grc' dir='ltr'>σιν</span> <span class='ocrx_word' id='word_1_62' title='bbox 211 739 219 746; x_wconf 92' lang='grc'><em>·</em></span> <span class='ocrx_word' id='word_1_63' title='bbox 240 725 286 766; x_wconf 81' lang='grc' dir='ltr'>ὡς</span> <span class='ocrx_word' id='word_1_64' title='bbox 306 721 466 765; x_wconf 85' lang='grc' dir='ltr'>Δοσίθεος</span> <span class='ocrx_word' id='word_1_65' title='bbox 486 723 520 760; x_wconf 81' lang='grc' dir='ltr'>ἐν</span> <span class='ocrx_word' id='word_1_66' title='bbox 537 720 643 774; x_wconf 84' lang='grc' dir='ltr'>τρίτῳ</span> <span class='ocrx_word' id='word_1_67' title='bbox 663 722 863 761; x_wconf 83' lang='grc' dir='ltr'>Λυδιακῶν.</span> 
     </span>
    </p>
   </div>
   <div class='ocr_carea' id='block_1_3' title="bbox 516 821 814 859">
    <p class='ocr_par' dir='ltr' id='par_1_3' title="bbox 516 821 814 859">
     <span class='ocr_line' id='line_1_10' title="bbox 516 821 814 859; baseline 0 -1"><span class='ocrx_word' id='word_1_68' title='bbox 516 821 795 859; x_wconf 82' lang='grc' dir='ltr'>ΠΕΛΟΠΙΔΑ]</span> <span class='ocrx_word' id='word_1_69' title='bbox 806 850 814 858; x_wconf 95' lang='grc'><strong>.</strong></span> 
     </span>
    </p>
   </div>
   <div class='ocr_carea' id='block_1_4' title="bbox 134 910 1191 1837">
    <p class='ocr_par' dir='ltr' id='par_1_4' title="bbox 645 910 681 942">
     <span class='ocr_line' id='line_1_11' title="bbox 645 910 681 942; baseline 0 -10"><span class='ocrx_word' id='word_1_70' title='bbox 645 910 681 942; x_wconf 93' lang='lat'>7.</span> 
     </span>
    </p>

    <p class='ocr_par' dir='ltr' id='par_1_5' title="bbox 134 963 1191 1837">
     <span class='ocr_line' id='line_1_12' title="bbox 194 963 1191 1018; baseline -0.006 -12"><span class='ocrx_word' id='word_1_71' title='bbox 194 970 302 1006; x_wconf 87' lang='lat' dir='ltr'><strong>Idem</strong></span> <span class='ocrx_word' id='word_1_72' title='bbox 318 971 370 1007; x_wconf 86' lang='lat' dir='ltr'>ib.</span> <span class='ocrx_word' id='word_1_73' title='bbox 391 982 424 1006; x_wconf 91' lang='lat' dir='ltr'>c.</span> <span class='ocrx_word' id='word_1_74' title='bbox 444 968 490 1004; x_wconf 79' lang='lat'>33</span> <span class='ocrx_word' id='word_1_75' title='bbox 514 981 521 1002; x_wconf 90' lang='lat'>:</span> <span class='ocrx_word' id='word_1_76' title='bbox 546 965 682 1018; x_wconf 81' lang='grc' dir='ltr'>Πέλοψ,</span> <span class='ocrx_word' id='word_1_77' title='bbox 704 963 890 1003; x_wconf 83' lang='grc' dir='ltr'>Ταντάλου</span> <span class='ocrx_word' id='word_1_78' title='bbox 911 963 970 1001; x_wconf 78' lang='grc' dir='ltr'>καὶ</span> <span class='ocrx_word' id='word_1_79' title='bbox 988 964 1191 1015; x_wconf 83' lang='grc' dir='ltr'>Εὐρυανάσ·</span> 
     </span>
     <span class='ocr_line' id='line_1_13' title="bbox 141 1020 1188 1079; baseline -0.009 -13"><span class='ocrx_word' id='word_1_80' title='bbox 141 1043 223 1076; x_wconf 85' lang='grc' dir='ltr'>σης,</span> <span class='ocrx_word' id='word_1_81' title='bbox 239 1026 356 1079; x_wconf 84' lang='grc' dir='ltr'>γήμας</span> <span class='ocrx_word' id='word_1_82' title='bbox 377 1023 643 1073; x_wconf 86' lang='grc' dir='ltr'>Ἱπποδάμειαν,</span> <span class='ocrx_word' id='word_1_83' title='bbox 663 1021 764 1074; x_wconf 82' lang='grc' dir='ltr'>ἔσχεν</span> <span class='ocrx_word' id='word_1_84' title='bbox 784 1021 905 1073; x_wconf 84' lang='grc' dir='ltr'>Ἀτρέα</span> <span class='ocrx_word' id='word_1_85' title='bbox 925 1021 986 1059; x_wconf 83' lang='grc' dir='ltr'>καὶ</span> <span class='ocrx_word' id='word_1_86' title='bbox 1007 1020 1167 1068; x_wconf 80' lang='grc' dir='ltr'>Θυέστην</span> <span class='ocrx_word' id='word_1_87' title='bbox 1180 1035 1188 1043; x_wconf 96' lang='grc'>·</span> 
     </span>
     <span class='ocr_line' id='line_1_14' title="bbox 141 1079 1189 1134; baseline -0.008 -10"><span class='ocrx_word' id='word_1_88' title='bbox 141 1089 180 1124; x_wconf 84' lang='grc' dir='ltr'>ἐκ</span> <span class='ocrx_word' id='word_1_89' title='bbox 197 1086 232 1123; x_wconf 80' lang='grc' dir='ltr'>δὲ</span> <span class='ocrx_word' id='word_1_90' title='bbox 249 1084 419 1128; x_wconf 73' lang='grc' dir='ltr'>Δαναΐδος</span> <span class='ocrx_word' id='word_1_91' title='bbox 432 1083 568 1134; x_wconf 89' lang='grc' dir='ltr'>νύμφης</span> <span class='ocrx_word' id='word_1_92' title='bbox 587 1080 813 1133; x_wconf 76' lang='grc' dir='ltr'>Χρύσιππον,</span> <span class='ocrx_word' id='word_1_93' title='bbox 831 1079 867 1118; x_wconf 85' lang='grc' dir='ltr'>ὃν</span> <span class='ocrx_word' id='word_1_94' title='bbox 884 1079 988 1118; x_wconf 85' lang='grc' dir='ltr'>πλέον</span> <span class='ocrx_word' id='word_1_95' title='bbox 1012 1082 1080 1118; x_wconf 86' lang='grc' dir='ltr'>τῶν</span> <span class='ocrx_word' id='word_1_96' title='bbox 1100 1095 1189 1130; x_wconf 90' lang='grc' dir='ltr'>γνη-</span> 
     </span>
     <span class='ocr_line' id='line_1_15' title="bbox 141 1137 1189 1196; baseline -0.008 -14"><span class='ocrx_word' id='word_1_97' title='bbox 141 1144 222 1182; x_wconf 89' lang='grc' dir='ltr'>σίων</span> <span class='ocrx_word' id='word_1_98' title='bbox 247 1143 398 1196; x_wconf 80' lang='grc' dir='ltr'>ἔστερξε.</span> <span class='ocrx_word' id='word_1_99' title='bbox 425 1141 532 1184; x_wconf 85' lang='grc' dir='ltr'>Λάϊος</span> <span class='ocrx_word' id='word_1_100' title='bbox 567 1140 603 1178; x_wconf 84' lang='grc' dir='ltr'>δὲ</span> <span class='ocrx_word' id='word_1_101' title='bbox 623 1143 641 1178; x_wconf 83' lang='grc' dir='ltr'>ὁ</span> <span class='ocrx_word' id='word_1_102' title='bbox 663 1139 844 1189; x_wconf 73' lang='grc' dir='ltr'>Θηὸαῗος,</span> <span class='ocrx_word' id='word_1_103' title='bbox 865 1137 1102 1190; x_wconf 83' lang='grc' dir='ltr'>ἐπιθυμήσας,</span> <span class='ocrx_word' id='word_1_104' title='bbox 1124 1137 1189 1190; x_wconf 86' lang='grc' dir='ltr'>ἥρ-</span> 
     </span>
     <span class='ocr_line' id='line_1_16' title="bbox 139 1194 1189 1252; baseline -0.006 -12"><span class='ocrx_word' id='word_1_105' title='bbox 139 1218 250 1240; x_wconf 86' lang='grc' dir='ltr'>πασεν</span> <span class='ocrx_word' id='word_1_106' title='bbox 266 1201 382 1240; x_wconf 83' lang='grc' dir='ltr'>αὐτόν.</span> <span class='ocrx_word' id='word_1_107' title='bbox 399 1200 471 1240; x_wconf 84' lang='grc' dir='ltr'>Καὶ</span> <span class='ocrx_word' id='word_1_108' title='bbox 483 1198 688 1252; x_wconf 75' lang='grc' dir='ltr'>συλληφθεὶς</span> <span class='ocrx_word' id='word_1_109' title='bbox 698 1197 765 1236; x_wconf 77' lang='grc' dir='ltr'>ὑπὸ</span> <span class='ocrx_word' id='word_1_110' title='bbox 779 1196 937 1236; x_wconf 84' lang='grc' dir='ltr'>Θυέστου</span> <span class='ocrx_word' id='word_1_111' title='bbox 953 1196 1013 1235; x_wconf 83' lang='grc' dir='ltr'>καὶ</span> <span class='ocrx_word' id='word_1_112' title='bbox 1030 1194 1189 1248; x_wconf 84' lang='grc' dir='ltr'>Ἀτρέως,</span> 
     </span>
     <span class='ocr_line' id='line_1_17' title="bbox 139 1254 1189 1312; baseline -0.006 -13"><span class='ocrx_word' id='word_1_113' title='bbox 139 1261 253 1304; x_wconf 81' lang='grc' dir='ltr'>ἐλέους</span> <span class='ocrx_word' id='word_1_114' title='bbox 273 1260 374 1312; x_wconf 87' lang='grc' dir='ltr'>ἔτυχε</span> <span class='ocrx_word' id='word_1_115' title='bbox 402 1258 499 1311; x_wconf 79' lang='grc' dir='ltr'>παρὰ</span> <span class='ocrx_word' id='word_1_116' title='bbox 529 1258 684 1301; x_wconf 85' lang='grc' dir='ltr'>Πέλοπος</span> <span class='ocrx_word' id='word_1_117' title='bbox 703 1256 759 1294; x_wconf 84' lang='grc' dir='ltr'>διὰ</span> <span class='ocrx_word' id='word_1_118' title='bbox 779 1256 837 1294; x_wconf 83' lang='grc' dir='ltr'>τὸν</span> <span class='ocrx_word' id='word_1_119' title='bbox 858 1256 985 1308; x_wconf 84' lang='grc' dir='ltr'>ἔρωτα.</span> <span class='ocrx_word' id='word_1_120' title='bbox 1017 1254 1189 1294; x_wconf 81' lang='grc' dir='ltr'>Ἱπποδά-</span> 
     </span>
     <span class='ocr_line' id='line_1_18' title="bbox 140 1313 1187 1371; baseline -0.008 -13"><span class='ocrx_word' id='word_1_121' title='bbox 140 1335 221 1371; x_wconf 82' lang='grc' dir='ltr'>μεια</span> <span class='ocrx_word' id='word_1_122' title='bbox 246 1320 273 1357; x_wconf 90' lang='grc' dir='ltr'>δ’</span> <span class='ocrx_word' id='word_1_123' title='bbox 296 1319 471 1357; x_wconf 85' lang='grc' dir='ltr'>ἀνέπειθεν</span> <span class='ocrx_word' id='word_1_124' title='bbox 490 1316 612 1369; x_wconf 84' lang='grc' dir='ltr'>Ἀτρέα</span> <span class='ocrx_word' id='word_1_125' title='bbox 632 1315 691 1355; x_wconf 80' lang='grc' dir='ltr'>καὶ</span> <span class='ocrx_word' id='word_1_126' title='bbox 710 1314 872 1362; x_wconf 81' lang='grc' dir='ltr'>Θυέστην</span> <span class='ocrx_word' id='word_1_127' title='bbox 898 1314 1048 1366; x_wconf 82' lang='grc' dir='ltr'>ἀναιρεῖν</span> <span class='ocrx_word' id='word_1_128' title='bbox 1071 1313 1187 1361; x_wconf 81' lang='grc' dir='ltr'>αὐτὸν,</span> 
     </span>
     <span class='ocr_line' id='line_1_19' title="bbox 140 1372 1189 1430; baseline -0.007 -14"><span class='ocrx_word' id='word_1_129' title='bbox 140 1380 249 1416; x_wconf 77' lang='grc' dir='ltr'>εἰδυῖα</span> <span class='ocrx_word' id='word_1_130' title='bbox 277 1377 416 1416; x_wconf 85' lang='grc' dir='ltr'>ἔσεσθαι</span> <span class='ocrx_word' id='word_1_131' title='bbox 444 1376 582 1430; x_wconf 85' lang='grc' dir='ltr'>ἔφεδρον</span> <span class='ocrx_word' id='word_1_132' title='bbox 611 1374 803 1427; x_wconf 85' lang='grc' dir='ltr'>βασιλείας.</span> <span class='ocrx_word' id='word_1_133' title='bbox 821 1376 901 1413; x_wconf 85' lang='grc' dir='ltr'>Τῶν</span> <span class='ocrx_word' id='word_1_134' title='bbox 929 1373 958 1411; x_wconf 89' lang='grc' dir='ltr'>δ’</span> <span class='ocrx_word' id='word_1_135' title='bbox 987 1372 1189 1426; x_wconf 73' lang='grc' dir='ltr'>ἀρνησαμέ-</span> 
     </span>
     <span class='ocr_line' id='line_1_20' title="bbox 139 1430 1187 1487; baseline -0.007 -12"><span class='ocrx_word' id='word_1_136' title='bbox 139 1454 219 1483; x_wconf 82' lang='grc' dir='ltr'>νων,</span> <span class='ocrx_word' id='word_1_137' title='bbox 241 1437 330 1483; x_wconf 80' lang='grc' dir='ltr'>αὐτὴ</span> <span class='ocrx_word' id='word_1_138' title='bbox 358 1438 407 1487; x_wconf 83' lang='grc' dir='ltr'>τῷ</span> <span class='ocrx_word' id='word_1_139' title='bbox 431 1435 534 1485; x_wconf 84' lang='grc' dir='ltr'>μύσει</span> <span class='ocrx_word' id='word_1_140' title='bbox 564 1434 626 1478; x_wconf 86' lang='grc' dir='ltr'>τὰς</span> <span class='ocrx_word' id='word_1_141' title='bbox 655 1434 774 1486; x_wconf 84' lang='grc' dir='ltr'>χεῖρας</span> <span class='ocrx_word' id='word_1_142' title='bbox 797 1432 928 1485; x_wconf 85' lang='grc' dir='ltr'>ἔχρισε.</span> <span class='ocrx_word' id='word_1_143' title='bbox 959 1431 1091 1475; x_wconf 78' lang='grc' dir='ltr'>Νυκτὸς</span> <span class='ocrx_word' id='word_1_144' title='bbox 1120 1430 1187 1484; x_wconf 88' lang='grc' dir='ltr'>γὰρ</span> 
     </span>
     <span class='ocr_line' id='line_1_21' title="bbox 141 1490 1188 1547; baseline -0.006 -13"><span class='ocrx_word' id='word_1_145' title='bbox 141 1497 282 1547; x_wconf 87' lang='grc' dir='ltr'>βαθείας</span> <span class='ocrx_word' id='word_1_146' title='bbox 309 1494 529 1545; x_wconf 82' lang='grc' dir='ltr'>κοιμωμένου</span> <span class='ocrx_word' id='word_1_147' title='bbox 562 1491 696 1542; x_wconf 79' lang='grc' dir='ltr'>Λαΐου,</span> <span class='ocrx_word' id='word_1_148' title='bbox 731 1491 769 1529; x_wconf 85' lang='grc' dir='ltr'>τὸ</span> <span class='ocrx_word' id='word_1_149' title='bbox 797 1491 889 1544; x_wconf 84' lang='grc' dir='ltr'>ξίφος</span> <span class='ocrx_word' id='word_1_150' title='bbox 920 1490 1098 1529; x_wconf 82' lang='grc' dir='ltr'>ἑλκύσασα</span> <span class='ocrx_word' id='word_1_151' title='bbox 1129 1490 1188 1528; x_wconf 86' lang='grc' dir='ltr'>καὶ</span> 
     </span>
     <span class='ocr_line' id='line_1_22' title="bbox 138 1547 1185 1605; baseline -0.006 -14"><span class='ocrx_word' id='word_1_152' title='bbox 138 1553 306 1605; x_wconf 83' lang='grc' dir='ltr'>τρώσασα</span> <span class='ocrx_word' id='word_1_153' title='bbox 342 1553 399 1590; x_wconf 85' lang='grc' dir='ltr'>τὸν</span> <span class='ocrx_word' id='word_1_154' title='bbox 433 1551 658 1603; x_wconf 81' lang='grc' dir='ltr'>Χρύσιππον,</span> <span class='ocrx_word' id='word_1_155' title='bbox 692 1549 977 1600; x_wconf 79' lang='grc' dir='ltr'>ἐγκαταπήγνυσι</span> <span class='ocrx_word' id='word_1_156' title='bbox 1010 1548 1049 1586; x_wconf 83' lang='grc' dir='ltr'>τὸ</span> <span class='ocrx_word' id='word_1_157' title='bbox 1082 1547 1185 1600; x_wconf 85' lang='grc' dir='ltr'>ξίφος.</span> 
     </span>
     <span class='ocr_line' id='line_1_23' title="bbox 139 1606 1188 1663; baseline -0.007 -13"><span class='ocrx_word' id='word_1_158' title='bbox 139 1611 365 1663; x_wconf 63' lang='grc' dir='ltr'>’Ϊπονοηθεὶς</span> <span class='ocrx_word' id='word_1_159' title='bbox 389 1610 423 1648; x_wconf 81' lang='grc' dir='ltr'>δὲ</span> <span class='ocrx_word' id='word_1_160' title='bbox 445 1613 462 1648; x_wconf 84' lang='grc' dir='ltr'><strong><em>ὃ</em></strong></span> <span class='ocrx_word' id='word_1_161' title='bbox 483 1609 589 1653; x_wconf 86' lang='grc' dir='ltr'>Λάϊος</span> <span class='ocrx_word' id='word_1_162' title='bbox 610 1608 666 1646; x_wconf 76' lang='grc' dir='ltr'>διὰ</span> <span class='ocrx_word' id='word_1_163' title='bbox 685 1608 724 1646; x_wconf 82' lang='grc' dir='ltr'>τὸ</span> <span class='ocrx_word' id='word_1_164' title='bbox 745 1608 858 1660; x_wconf 82' lang='grc' dir='ltr'>ξίφος,</span> <span class='ocrx_word' id='word_1_165' title='bbox 883 1607 999 1660; x_wconf 77' lang='grc' dir='ltr'>ῥύεται</span> <span class='ocrx_word' id='word_1_166' title='bbox 1019 1606 1085 1644; x_wconf 81' lang='grc' dir='ltr'>ὑπὸ</span> <span class='ocrx_word' id='word_1_167' title='bbox 1103 1610 1188 1657; x_wconf 86' lang='grc' dir='ltr'>ἡμι-</span> 
     </span>
     <span class='ocr_line' id='line_1_24' title="bbox 140 1665 1186 1722; baseline -0.007 -12"><span class='ocrx_word' id='word_1_168' title='bbox 140 1675 259 1718; x_wconf 70' lang='grc' dir='ltr'>θνῆτος</span> <span class='ocrx_word' id='word_1_169' title='bbox 285 1674 344 1708; x_wconf 88' lang='grc' dir='ltr'>τοῦ</span> <span class='ocrx_word' id='word_1_170' title='bbox 374 1669 585 1722; x_wconf 87' lang='grc' dir='ltr'>Χρυσίππου</span> <span class='ocrx_word' id='word_1_171' title='bbox 614 1667 676 1714; x_wconf 84' lang='grc' dir='ltr'>τὴν</span> <span class='ocrx_word' id='word_1_172' title='bbox 698 1667 862 1714; x_wconf 85' lang='grc' dir='ltr'>ἀλήθειαν</span> <span class='ocrx_word' id='word_1_173' title='bbox 883 1665 1161 1718; x_wconf 83' lang='grc' dir='ltr'>ὁμολογήσαντος</span> <span class='ocrx_word' id='word_1_174' title='bbox 1177 1682 1186 1691; x_wconf 91' lang='grc'><em>·</em></span> 
     </span>
     <span class='ocr_line' id='line_1_25' title="bbox 134 1725 1187 1782; baseline -0.006 -13"><span class='ocrx_word' id='word_1_175' title='bbox 134 1734 157 1769; x_wconf 78' lang='grc' dir='ltr'>ὁ</span> <span class='ocrx_word' id='word_1_176' title='bbox 172 1730 207 1768; x_wconf 82' lang='grc' dir='ltr'>δὲ</span> <span class='ocrx_word' id='word_1_177' title='bbox 223 1730 352 1782; x_wconf 73' lang='grc' dir='ltr'>θάψας,</span> <span class='ocrx_word' id='word_1_178' title='bbox 369 1728 431 1774; x_wconf 79' lang='grc' dir='ltr'>τὴν</span> <span class='ocrx_word' id='word_1_179' title='bbox 449 1728 702 1777; x_wconf 87' lang='grc' dir='ltr'>Ἱπποδάμειαν</span> <span class='ocrx_word' id='word_1_180' title='bbox 720 1725 879 1778; x_wconf 81' lang='grc' dir='ltr'>ἐξώρισεν</span> <span class='ocrx_word' id='word_1_181' title='bbox 892 1741 900 1749; x_wconf 94' lang='grc'><em>·</em></span> <span class='ocrx_word' id='word_1_182' title='bbox 914 1727 960 1768; x_wconf 86' lang='grc' dir='ltr'>ὡς</span> <span class='ocrx_word' id='word_1_183' title='bbox 976 1725 1136 1768; x_wconf 87' lang='grc' dir='ltr'>Δοσίθεος</span> <span class='ocrx_word' id='word_1_184' title='bbox 1153 1727 1187 1763; x_wconf 83' lang='grc' dir='ltr'>ἐν</span> 
     </span>
     <span class='ocr_line' id='line_1_26' title="bbox 140 1786 794 1837; baseline -0.009 -10"><span class='ocrx_word' id='word_1_185' title='bbox 140 1788 353 1831; x_wconf 80' lang='grc' dir='ltr'>Πελοπίδαις</span> <span class='ocrx_word' id='word_1_186' title='bbox 374 1786 385 1837; x_wconf 96' lang='grc'><strong>(</strong></span> <span class='ocrx_word' id='word_1_187' title='bbox 397 1787 735 1832; x_wconf 87' lang='grc' dir='ltr'>Πελοποννησιακοῖς</span> <span class='ocrx_word' id='word_1_188' title='bbox 747 1786 794 1835; x_wconf 72' lang='grc' dir='ltr'>Ρ).</span> 
     </span>
    </p>
   </div>
   <div class='ocr_carea' id='block_1_5' title="bbox 574 1877 747 1891">
    <p class='ocr_par' dir='ltr' id='par_1_6' title="bbox 574 1877 747 1891">
     <span class='ocr_line' id='line_1_27' title="bbox 574 1877 747 1891; baseline -0.023 0"><span class='ocrx_word' id='word_1_189' title='bbox 574 1877 747 1891; x_wconf 54' lang='grc' dir='ltr'>-οσ--σ</span> 
     </span>
    </p>
   </div>
   <div class='ocr_carea' id='block_1_6' title="bbox 645 1940 680 1975">
    <p class='ocr_par' dir='ltr' id='par_1_7' title="bbox 645 1940 680 1975">
     <span class='ocr_line' id='line_1_28' title="bbox 645 1940 680 1975; baseline 0.029 -1"><span class='ocrx_word' id='word_1_190' title='bbox 645 1940 680 1975; x_wconf 82' lang='grc'>8.</span> 
     </span>
    </p>
   </div>
   <div class='ocr_carea' id='block_1_7' title="bbox 99 2015 1189 2134">
    <p class='ocr_par' dir='ltr' id='par_1_8' title="bbox 99 2015 1189 2134">
     <span class='ocr_line' id='line_1_29' title="bbox 192 2015 1189 2070; baseline -0.002 -13"><span class='ocrx_word' id='word_1_191' title='bbox 192 2021 323 2070; x_wconf 85' lang='lat' dir='ltr'>Steph.</span> <span class='ocrx_word' id='word_1_192' title='bbox 345 2021 433 2067; x_wconf 84' lang='lat' dir='ltr'>Byz.</span> <span class='ocrx_word' id='word_1_193' title='bbox 453 2019 512 2068; x_wconf 92' lang='lat' dir='ltr'>(p.</span> <span class='ocrx_word' id='word_1_194' title='bbox 528 2020 565 2054; x_wconf 92' lang='lat' dir='ltr'><strong>X</strong></span> <span class='ocrx_word' id='word_1_195' title='bbox 581 2019 642 2056; x_wconf 89' lang='lat' dir='ltr'>ed.</span> <span class='ocrx_word' id='word_1_196' title='bbox 661 2019 861 2054; x_wconf 88' lang='lat' dir='ltr'>Westerm.</span> <span class='ocrx_word' id='word_1_197' title='bbox 876 2017 913 2066; x_wconf 87' lang='lat'>):</span> <span class='ocrx_word' id='word_1_198' title='bbox 935 2015 1112 2068; x_wconf 84' lang='grc' dir='ltr'>Δώριον,</span> <span class='ocrx_word' id='word_1_199' title='bbox 1128 2018 1189 2055; x_wconf 83' lang='grc' dir='ltr'>πό-</span> 
     </span>
     <span class='ocr_line' id='line_1_30' title="bbox 99 2074 994 2134; baseline -0.007 -18"><span class='ocrx_word' id='word_1_200' title='bbox 99 2130 107 2134; x_wconf 64' lang='lat'>,</span> <span class='ocrx_word' id='word_1_201' title='bbox 139 2080 189 2121; x_wconf 90' lang='grc' dir='ltr'>λις</span> <span class='ocrx_word' id='word_1_202' title='bbox 205 2077 267 2128; x_wconf 89' lang='grc' dir='ltr'>μία</span> <span class='ocrx_word' id='word_1_203' title='bbox 285 2079 353 2115; x_wconf 84' lang='grc' dir='ltr'>τῶν</span> <span class='ocrx_word' id='word_1_204' title='bbox 370 2078 474 2129; x_wconf 85' lang='grc' dir='ltr'>τριῶν</span> <span class='ocrx_word' id='word_1_205' title='bbox 491 2093 498 2100; x_wconf 95' lang='grc'><em>·</em></span> <span class='ocrx_word' id='word_1_206' title='bbox 516 2074 680 2127; x_wconf 63' lang='lat' dir='ltr'>‘&#39;Op-⁷190&lt;</span> <span class='ocrx_word' id='word_1_207' title='bbox 702 2076 825 2130; x_wconf 69' lang='lat' dir='ltr'>(11.ss</span> <span class='ocrx_word' id='word_1_208' title='bbox 837 2104 846 2122; x_wconf 93' lang='grc'>,</span> <span class='ocrx_word' id='word_1_209' title='bbox 871 2074 944 2125; x_wconf 77' lang='grc'>594</span> <span class='ocrx_word' id='word_1_210' title='bbox 960 2076 971 2126; x_wconf 96' lang='grc'>)</span> <span class='ocrx_word' id='word_1_211' title='bbox 987 2090 994 2098; x_wconf 91' lang='grc'><em>·</em></span> 
     </span>
    </p>
   </div>
   <div class='ocr_carea' id='block_1_8' title="bbox 221 2163 805 2203">
    <p class='ocr_par' dir='ltr' id='par_1_9' title="bbox 221 2163 805 2203">
     <span class='ocr_line' id='line_1_31' title="bbox 221 2163 805 2203; baseline -0.005 -7"><span class='ocrx_word' id='word_1_212' title='bbox 221 2166 274 2196; x_wconf 75' lang='grc' dir='ltr'>καὶ</span> <span class='ocrx_word' id='word_1_213' title='bbox 290 2165 421 2196; x_wconf 86' lang='grc' dir='ltr'>Πτελεὸν</span> <span class='ocrx_word' id='word_1_214' title='bbox 438 2164 490 2194; x_wconf 84' lang='grc' dir='ltr'>καὶ</span> <span class='ocrx_word' id='word_1_215' title='bbox 502 2163 594 2199; x_wconf 67' lang='grc' dir='ltr'>’Έλος</span> <span class='ocrx_word' id='word_1_216' title='bbox 607 2163 661 2194; x_wconf 86' lang='grc' dir='ltr'>καὶ</span> <span class='ocrx_word' id='word_1_217' title='bbox 675 2163 805 2203; x_wconf 86' lang='grc' dir='ltr'>Δώριον.</span> 
     </span>
    </p>
   </div>
   <div class='ocr_carea' id='block_1_9' title="bbox 140 2231 1188 2506">
    <p class='ocr_par' dir='ltr' id='par_1_10' title="bbox 140 2231 1188 2346">
     <span class='ocr_line' id='line_1_32' title="bbox 141 2231 1188 2285; baseline -0.002 -12"><span class='ocrx_word' id='word_1_218' title='bbox 141 2235 300 2277; x_wconf 83' lang='grc' dir='ltr'>Δοσίθεος</span> <span class='ocrx_word' id='word_1_219' title='bbox 317 2236 351 2271; x_wconf 81' lang='grc' dir='ltr'>ἓν</span> <span class='ocrx_word' id='word_1_220' title='bbox 374 2235 462 2285; x_wconf 79' lang='grc' dir='ltr'>αὐτῇ</span> <span class='ocrx_word' id='word_1_221' title='bbox 478 2235 521 2285; x_wconf 75' lang='grc' dir='ltr'>τῇ</span> <span class='ocrx_word' id='word_1_222' title='bbox 542 2232 643 2270; x_wconf 88' lang='grc' dir='ltr'>πόλει</span> <span class='ocrx_word' id='word_1_223' title='bbox 657 2231 761 2285; x_wconf 81' lang='grc' dir='ltr'>φησὶν</span> <span class='ocrx_word' id='word_1_224' title='bbox 785 2231 852 2270; x_wconf 77' lang='grc' dir='ltr'>ὑπὸ</span> <span class='ocrx_word' id='word_1_225' title='bbox 871 2232 1028 2285; x_wconf 85' lang='grc' dir='ltr'>Θαμύρα</span> <span class='ocrx_word' id='word_1_226' title='bbox 1048 2235 1188 2284; x_wconf 74' lang='grc' dir='ltr'>εὑρεθῆ·</span> 
     </span>
     <span class='ocr_line' id='line_1_33' title="bbox 140 2291 625 2346; baseline -0.008 -15"><span class='ocrx_word' id='word_1_227' title='bbox 140 2310 197 2346; x_wconf 75' lang='grc' dir='ltr'>ναι</span> <span class='ocrx_word' id='word_1_228' title='bbox 217 2292 277 2339; x_wconf 84' lang='grc' dir='ltr'>τὴν</span> <span class='ocrx_word' id='word_1_229' title='bbox 295 2291 427 2344; x_wconf 83' lang='grc' dir='ltr'>Δώριον</span> <span class='ocrx_word' id='word_1_230' title='bbox 444 2291 625 2343; x_wconf 84' lang='grc' dir='ltr'>ἁρμονίαν.</span> 
     </span>
    </p>

    <p class='ocr_par' dir='ltr' id='par_1_11' title="bbox 143 2351 1188 2506">
     <span class='ocr_line' id='line_1_34' title="bbox 196 2351 1186 2401; baseline -0.002 -11"><span class='ocrx_word' id='word_1_231' title='bbox 196 2356 383 2401; x_wconf 86' lang='lat' dir='ltr'>Excerpta</span> <span class='ocrx_word' id='word_1_232' title='bbox 407 2353 486 2387; x_wconf 88' lang='lat' dir='ltr'>haec</span> <span class='ocrx_word' id='word_1_233' title='bbox 507 2359 593 2387; x_wconf 89' lang='lat' dir='ltr'>sunt</span> <span class='ocrx_word' id='word_1_234' title='bbox 612 2364 658 2387; x_wconf 87' lang='lat' dir='ltr'>ex</span> <span class='ocrx_word' id='word_1_235' title='bbox 687 2363 732 2387; x_wconf 90' lang='lat' dir='ltr'>eo</span> <span class='ocrx_word' id='word_1_236' title='bbox 766 2351 853 2386; x_wconf 91' lang='lat' dir='ltr'>loco</span> <span class='ocrx_word' id='word_1_237' title='bbox 884 2352 1020 2400; x_wconf 83' lang='lat' dir='ltr'>integri</span> <span class='ocrx_word' id='word_1_238' title='bbox 1040 2354 1186 2400; x_wconf 86' lang='lat' dir='ltr'>operis,</span> 
     </span>
     <span class='ocr_line' id='line_1_35' title="bbox 143 2410 1188 2458; baseline -0.001 -11"><span class='ocrx_word' id='word_1_239' title='bbox 143 2412 248 2458; x_wconf 84' lang='lat' dir='ltr'>cujus</span> <span class='ocrx_word' id='word_1_240' title='bbox 258 2413 358 2446; x_wconf 89' lang='lat' dir='ltr'>hunc</span> <span class='ocrx_word' id='word_1_241' title='bbox 376 2418 576 2446; x_wconf 87' lang='lat' dir='ltr'>centonem</span> <span class='ocrx_word' id='word_1_242' title='bbox 591 2422 611 2446; x_wconf 89' lang='lat' dir='ltr'>e</span> <span class='ocrx_word' id='word_1_243' title='bbox 622 2410 708 2445; x_wconf 89' lang='lat' dir='ltr'>cod.</span> <span class='ocrx_word' id='word_1_244' title='bbox 725 2411 895 2445; x_wconf 83' lang='lat' dir='ltr'>Parisino</span> <span class='ocrx_word' id='word_1_245' title='bbox 906 2411 1066 2446; x_wconf 85' lang='lat' dir='ltr'>servavit</span> <span class='ocrx_word' id='word_1_246' title='bbox 1078 2413 1188 2446; x_wconf 88' lang='lat' dir='ltr'>Mon-</span> 
     </span>
     <span class='ocr_line' id='line_1_36' title="bbox 144 2471 392 2506; baseline -0.008 0"><span class='ocrx_word' id='word_1_247' title='bbox 144 2471 364 2506; x_wconf 76' lang='lat' dir='ltr'>tefalconius</span> <span class='ocrx_word' id='word_1_248' title='bbox 384 2481 392 2504; x_wconf 75' lang='grc' dir='ltr'>τ</span> 
     </span>
    </p>
   </div>
   <div class='ocr_carea' id='block_1_10' title="bbox 142 2575 1194 2978">
    <p class='ocr_par' dir='ltr' id='par_1_12' title="bbox 142 2575 1194 2978">
     <span class='ocr_line' id='line_1_37' title="bbox 144 2575 1192 2615; baseline -0.004 -4"><span class='ocrx_word' id='word_1_249' title='bbox 144 2579 330 2611; x_wconf 80' lang='lat' dir='ltr'>necessitate</span> <span class='ocrx_word' id='word_1_250' title='bbox 345 2575 592 2615; x_wconf 78' lang='lat' dir='ltr'>circumventis,</span> <span class='ocrx_word' id='word_1_251' title='bbox 618 2575 677 2606; x_wconf 90' lang='lat' dir='ltr'>nisi</span> <span class='ocrx_word' id='word_1_252' title='bbox 692 2575 839 2615; x_wconf 80' lang='lat' dir='ltr'>quaedam</span> <span class='ocrx_word' id='word_1_253' title='bbox 859 2575 998 2607; x_wconf 82' lang='lat' dir='ltr'>formosa</span> <span class='ocrx_word' id='word_1_254' title='bbox 1016 2577 1130 2607; x_wconf 87' lang='lat' dir='ltr'>ancilla</span> <span class='ocrx_word' id='word_1_255' title='bbox 1152 2577 1192 2608; x_wconf 89' lang='lat' dir='ltr'>ad</span> 
     </span>
     <span class='ocr_line' id='line_1_38' title="bbox 142 2626 1190 2665; baseline -0.004 -2"><span class='ocrx_word' id='word_1_256' title='bbox 142 2631 310 2663; x_wconf 76' lang='lat' dir='ltr'>(lominum</span> <span class='ocrx_word' id='word_1_257' title='bbox 326 2637 420 2660; x_wconf 90' lang='lat' dir='ltr'>suum</span> <span class='ocrx_word' id='word_1_258' title='bbox 438 2627 641 2665; x_wconf 76' lang='lat' dir='ltr'>Rllilarchum</span> <span class='ocrx_word' id='word_1_259' title='bbox 661 2634 831 2658; x_wconf 87' lang='lat' dir='ltr'>accurrens</span> <span class='ocrx_word' id='word_1_260' title='bbox 847 2626 1031 2665; x_wconf 85' lang='lat' dir='ltr'>subjecisset</span> <span class='ocrx_word' id='word_1_261' title='bbox 1041 2628 1101 2658; x_wconf 91' lang='lat' dir='ltr'>hoc</span> <span class='ocrx_word' id='word_1_262' title='bbox 1118 2637 1190 2659; x_wconf 86' lang='lat' dir='ltr'>con-</span> 
     </span>
     <span class='ocr_line' id='line_1_39' title="bbox 143 2678 1193 2722; baseline -0.004 -8"><span class='ocrx_word' id='word_1_263' title='bbox 143 2683 222 2722; x_wconf 85' lang='lat' dir='ltr'>silii,</span> <span class='ocrx_word' id='word_1_264' title='bbox 247 2681 379 2713; x_wconf 83' lang='lat' dir='ltr'>ancillas</span> <span class='ocrx_word' id='word_1_265' title='bbox 395 2681 524 2711; x_wconf 88' lang='lat' dir='ltr'>ornatas</span> <span class='ocrx_word' id='word_1_266' title='bbox 539 2679 611 2710; x_wconf 85' lang='lat' dir='ltr'>loco</span> <span class='ocrx_word' id='word_1_267' title='bbox 626 2678 798 2710; x_wconf 81' lang='lat' dir='ltr'>liberarum</span> <span class='ocrx_word' id='word_1_268' title='bbox 814 2686 881 2709; x_wconf 86' lang='lat' dir='ltr'>esse</span> <span class='ocrx_word' id='word_1_269' title='bbox 901 2678 1082 2710; x_wconf 86' lang='lat' dir='ltr'>mittendas.</span> <span class='ocrx_word' id='word_1_270' title='bbox 1099 2679 1193 2716; x_wconf 83' lang='lat' dir='ltr'>Quod</span> 
     </span>
     <span class='ocr_line' id='line_1_40' title="bbox 146 2728 1194 2775; baseline -0.005 -10"><span class='ocrx_word' id='word_1_271' title='bbox 146 2743 245 2775; x_wconf 79' lang='lat' dir='ltr'>quum</span> <span class='ocrx_word' id='word_1_272' title='bbox 260 2732 400 2765; x_wconf 77' lang='lat' dir='ltr'>exsecuti</span> <span class='ocrx_word' id='word_1_273' title='bbox 426 2732 530 2763; x_wconf 87' lang='lat' dir='ltr'>essent</span> <span class='ocrx_word' id='word_1_274' title='bbox 547 2729 720 2770; x_wconf 66' lang='lat' dir='ltr'>Smyrnzri,</span> <span class='ocrx_word' id='word_1_275' title='bbox 738 2729 846 2760; x_wconf 86' lang='lat' dir='ltr'>hostes</span> <span class='ocrx_word' id='word_1_276' title='bbox 871 2728 912 2760; x_wconf 87' lang='lat' dir='ltr'>ab</span> <span class='ocrx_word' id='word_1_277' title='bbox 933 2729 1056 2760; x_wconf 78' lang='lat' dir='ltr'>ancillis</span> <span class='ocrx_word' id='word_1_278' title='bbox 1082 2729 1194 2760; x_wconf 76' lang='lat' dir='ltr'>defati-</span> 
     </span>
     <span class='ocr_line' id='line_1_41' title="bbox 145 2781 1194 2824; baseline -0.005 -7"><span class='ocrx_word' id='word_1_279' title='bbox 145 2786 208 2824; x_wconf 73' lang='lat' dir='ltr'>gati</span> <span class='ocrx_word' id='word_1_280' title='bbox 220 2810 228 2824; x_wconf 94' lang='lat'>‚</span> <span class='ocrx_word' id='word_1_281' title='bbox 255 2785 287 2816; x_wconf 92' lang='lat' dir='ltr'>in</span> <span class='ocrx_word' id='word_1_282' title='bbox 312 2785 502 2824; x_wconf 85' lang='lat' dir='ltr'>potestatem</span> <span class='ocrx_word' id='word_1_283' title='bbox 519 2785 758 2822; x_wconf 73' lang='lat' dir='ltr'>Smyrnaeorum</span> <span class='ocrx_word' id='word_1_284' title='bbox 777 2781 943 2823; x_wconf 86' lang='lat' dir='ltr'>venerunt.</span> <span class='ocrx_word' id='word_1_285' title='bbox 960 2783 1071 2821; x_wconf 82' lang='lat' dir='ltr'>ltaque</span> <span class='ocrx_word' id='word_1_286' title='bbox 1084 2781 1194 2812; x_wconf 90' lang='lat' dir='ltr'>etiam-</span> 
     </span>
     <span class='ocr_line' id='line_1_42' title="bbox 145 2833 1192 2874; baseline -0.003 -6"><span class='ocrx_word' id='word_1_287' title='bbox 145 2847 222 2868; x_wconf 86' lang='lat' dir='ltr'>num</span> <span class='ocrx_word' id='word_1_288' title='bbox 246 2836 428 2869; x_wconf 79' lang='lat' dir='ltr'>Eleutheria</span> <span class='ocrx_word' id='word_1_289' title='bbox 457 2835 628 2874; x_wconf 73' lang='lat' dir='ltr'>festivitas,</span> <span class='ocrx_word' id='word_1_290' title='bbox 645 2834 737 2874; x_wconf 87' lang='lat' dir='ltr'>quasi</span> <span class='ocrx_word' id='word_1_291' title='bbox 750 2833 924 2864; x_wconf 85' lang='lat' dir='ltr'>liberarum</span> <span class='ocrx_word' id='word_1_292' title='bbox 947 2833 1086 2871; x_wconf 83' lang='lat' dir='ltr'>diceres,</span> <span class='ocrx_word' id='word_1_293' title='bbox 1109 2833 1192 2874; x_wconf 88' lang='lat' dir='ltr'>apud</span> 
     </span>
     <span class='ocr_line' id='line_1_43' title="bbox 145 2884 1191 2928; baseline -0.004 -7"><span class='ocrx_word' id='word_1_294' title='bbox 145 2892 328 2928; x_wconf 76' lang='lat' dir='ltr'>Smyruaeos</span> <span class='ocrx_word' id='word_1_295' title='bbox 344 2887 535 2926; x_wconf 85' lang='lat' dir='ltr'>celebratur,</span> <span class='ocrx_word' id='word_1_296' title='bbox 562 2887 594 2918; x_wconf 90' lang='lat' dir='ltr'>in</span> <span class='ocrx_word' id='word_1_297' title='bbox 613 2895 677 2926; x_wconf 84' lang='lat' dir='ltr'>qua</span> <span class='ocrx_word' id='word_1_298' title='bbox 692 2893 792 2917; x_wconf 79' lang='lat' dir='ltr'>servae</span> <span class='ocrx_word' id='word_1_299' title='bbox 816 2885 988 2916; x_wconf 85' lang='lat' dir='ltr'>liberarum</span> <span class='ocrx_word' id='word_1_300' title='bbox 1007 2886 1121 2917; x_wconf 88' lang='lat' dir='ltr'>ornatu</span> <span class='ocrx_word' id='word_1_301' title='bbox 1138 2884 1191 2917; x_wconf 84' lang='lat' dir='ltr'>de-</span> 
     </span>
     <span class='ocr_line' id='line_1_44' title="bbox 146 2936 973 2978; baseline -0.006 -7"><span class='ocrx_word' id='word_1_302' title='bbox 146 2942 262 2971; x_wconf 81' lang='lat' dir='ltr'>coratae</span> <span class='ocrx_word' id='word_1_303' title='bbox 275 2938 436 2970; x_wconf 82' lang='lat' dir='ltr'>incedunt.</span> <span class='ocrx_word' id='word_1_304' title='bbox 458 2938 625 2970; x_wconf 85' lang='lat' dir='ltr'>Dositheus</span> <span class='ocrx_word' id='word_1_305' title='bbox 639 2937 733 2969; x_wconf 81' lang='lat' dir='ltr'>tertio</span> <span class='ocrx_word' id='word_1_306' title='bbox 750 2936 973 2978; x_wconf 76' lang='lat' dir='ltr'>Lydiacorum.</span> 
     </span>
    </p>
   </div>
   <div class='ocr_carea' id='block_1_11' title="bbox 529 3022 806 3061">
    <p class='ocr_par' dir='ltr' id='par_1_13' title="bbox 529 3022 806 3061">
     <span class='ocr_line' id='line_1_45' title="bbox 529 3022 806 3061; baseline 0 -1"><span class='ocrx_word' id='word_1_307' title='bbox 529 3022 806 3061; x_wconf 83' lang='lat' dir='ltr'>PELOPIDAE.</span> 
     </span>
    </p>
   </div>
   <div class='ocr_carea' id='block_1_12' title="bbox 646 3101 679 3131">
    <p class='ocr_par' dir='ltr' id='par_1_14' title="bbox 646 3101 679 3131">
     <span class='ocr_line' id='line_1_46' title="bbox 646 3101 679 3131; baseline 0 0"><span class='ocrx_word' id='word_1_308' title='bbox 646 3101 679 3131; x_wconf 91' lang='lat'>7.</span> 
     </span>
    </p>
   </div>
   <div class='ocr_carea' id='block_1_13' title="bbox 147 3163 1197 3467">
    <p class='ocr_par' dir='ltr' id='par_1_15' title="bbox 147 3163 1197 3467">
     <span class='ocr_line' id='line_1_47' title="bbox 188 3163 1194 3208; baseline -0.006 -8"><span class='ocrx_word' id='word_1_309' title='bbox 188 3168 319 3208; x_wconf 77' lang='lat' dir='ltr'>Pelops,</span> <span class='ocrx_word' id='word_1_310' title='bbox 343 3166 466 3198; x_wconf 80' lang='lat' dir='ltr'>Tantali</span> <span class='ocrx_word' id='word_1_311' title='bbox 480 3167 511 3198; x_wconf 86' lang='lat' dir='ltr'>et</span> <span class='ocrx_word' id='word_1_312' title='bbox 526 3169 731 3206; x_wconf 73' lang='lat' dir='ltr'>Eun-yanassae</span> <span class='ocrx_word' id='word_1_313' title='bbox 748 3165 849 3205; x_wconf 81' lang='lat' dir='ltr'>tilius,</span> <span class='ocrx_word' id='word_1_314' title='bbox 871 3166 969 3197; x_wconf 85' lang='lat' dir='ltr'>ducta</span> <span class='ocrx_word' id='word_1_315' title='bbox 983 3163 1194 3204; x_wconf 84' lang='lat' dir='ltr'>Hippodamia</span> 
     </span>
     <span class='ocr_line' id='line_1_48' title="bbox 148 3216 1195 3261; baseline -0.004 -10"><span class='ocrx_word' id='word_1_316' title='bbox 148 3220 229 3252; x_wconf 83' lang='lat' dir='ltr'>tilios</span> <span class='ocrx_word' id='word_1_317' title='bbox 240 3219 418 3261; x_wconf 83' lang='lat' dir='ltr'>procreavit</span> <span class='ocrx_word' id='word_1_318' title='bbox 432 3222 564 3250; x_wconf 77' lang='lat' dir='ltr'>Atreum</span> <span class='ocrx_word' id='word_1_319' title='bbox 578 3221 610 3250; x_wconf 88' lang='lat' dir='ltr'>et</span> <span class='ocrx_word' id='word_1_320' title='bbox 626 3219 812 3258; x_wconf 80' lang='lat' dir='ltr'>Thyestem,</span> <span class='ocrx_word' id='word_1_321' title='bbox 827 3220 859 3250; x_wconf 87' lang='lat' dir='ltr'>et</span> <span class='ocrx_word' id='word_1_322' title='bbox 869 3227 886 3249; x_wconf 91' lang='lat' dir='ltr'>e</span> <span class='ocrx_word' id='word_1_323' title='bbox 900 3217 1041 3249; x_wconf 86' lang='lat' dir='ltr'>Danaide</span> <span class='ocrx_word' id='word_1_324' title='bbox 1053 3216 1195 3257; x_wconf 86' lang='lat' dir='ltr'>nympha</span> 
     </span>
     <span class='ocr_line' id='line_1_49' title="bbox 148 3269 1194 3312; baseline -0.006 -8"><span class='ocrx_word' id='word_1_325' title='bbox 148 3271 377 3312; x_wconf 87' lang='lat' dir='ltr'>Chrysippum,</span> <span class='ocrx_word' id='word_1_326' title='bbox 395 3279 491 3311; x_wconf 87' lang='lat' dir='ltr'>quem</span> <span class='ocrx_word' id='word_1_327' title='bbox 513 3270 634 3310; x_wconf 86' lang='lat' dir='ltr'>majore</span> <span class='ocrx_word' id='word_1_328' title='bbox 646 3278 744 3310; x_wconf 87' lang='lat' dir='ltr'>quam</span> <span class='ocrx_word' id='word_1_329' title='bbox 768 3269 922 3310; x_wconf 75' lang='lat' dir='ltr'>genuinos</span> <span class='ocrx_word' id='word_1_330' title='bbox 938 3277 1047 3300; x_wconf 86' lang='lat' dir='ltr'>amore</span> <span class='ocrx_word' id='word_1_331' title='bbox 1060 3269 1108 3300; x_wconf 82' lang='lat' dir='ltr'>est</span> <span class='ocrx_word' id='word_1_332' title='bbox 1125 3276 1194 3308; x_wconf 88' lang='lat' dir='ltr'>pro-</span> 
     </span>
     <span class='ocr_line' id='line_1_50' title="bbox 147 3314 1195 3361; baseline -0.005 -6"><span class='ocrx_word' id='word_1_333' title='bbox 147 3324 287 3356; x_wconf 87' lang='lat' dir='ltr'>secutus.</span> <span class='ocrx_word' id='word_1_334' title='bbox 308 3322 403 3354; x_wconf 87' lang='lat' dir='ltr'>Laius</span> <span class='ocrx_word' id='word_1_335' title='bbox 427 3323 536 3353; x_wconf 87' lang='lat' dir='ltr'>autem</span> <span class='ocrx_word' id='word_1_336' title='bbox 551 3321 721 3353; x_wconf 81' lang='lat' dir='ltr'>Thebanus</span> <span class='ocrx_word' id='word_1_337' title='bbox 734 3314 908 3361; x_wconf 87' lang='lat' dir='ltr'>cupiditate</span> <span class='ocrx_word' id='word_1_338' title='bbox 924 3320 1080 3360; x_wconf 87' lang='lat' dir='ltr'>impulsus</span> <span class='ocrx_word' id='word_1_339' title='bbox 1093 3319 1195 3360; x_wconf 79' lang='lat' dir='ltr'>Chry-</span> 
     </span>
     <span class='ocr_line' id='line_1_51' title="bbox 148 3373 1197 3416; baseline -0.004 -9"><span class='ocrx_word' id='word_1_340' title='bbox 148 3377 272 3416; x_wconf 87' lang='lat' dir='ltr'>sippum</span> <span class='ocrx_word' id='word_1_341' title='bbox 295 3374 421 3415; x_wconf 80' lang='lat' dir='ltr'>rapuit,</span> <span class='ocrx_word' id='word_1_342' title='bbox 447 3374 759 3414; x_wconf 83' lang='lat' dir='ltr'>comprehensusque</span> <span class='ocrx_word' id='word_1_343' title='bbox 780 3373 820 3404; x_wconf 85' lang='lat' dir='ltr'>ab</span> <span class='ocrx_word' id='word_1_344' title='bbox 837 3375 933 3404; x_wconf 86' lang='lat' dir='ltr'>Atreo</span> <span class='ocrx_word' id='word_1_345' title='bbox 955 3374 987 3404; x_wconf 88' lang='lat' dir='ltr'>et</span> <span class='ocrx_word' id='word_1_346' title='bbox 1009 3373 1164 3413; x_wconf 84' lang='lat' dir='ltr'>Thyeste,</span> <span class='ocrx_word' id='word_1_347' title='bbox 1178 3380 1197 3403; x_wconf 90' lang='lat' dir='ltr'>a</span> 
     </span>
     <span class='ocr_line' id='line_1_52' title="bbox 150 3423 1196 3467; baseline -0.004 -8"><span class='ocrx_word' id='word_1_348' title='bbox 150 3428 263 3467; x_wconf 85' lang='lat' dir='ltr'>Pelope</span> <span class='ocrx_word' id='word_1_349' title='bbox 276 3426 422 3467; x_wconf 85' lang='lat' dir='ltr'>dignatus</span> <span class='ocrx_word' id='word_1_350' title='bbox 435 3428 481 3458; x_wconf 86' lang='lat' dir='ltr'>est</span> <span class='ocrx_word' id='word_1_351' title='bbox 499 3426 608 3467; x_wconf 81' lang='lat' dir='ltr'>venia,</span> <span class='ocrx_word' id='word_1_352' title='bbox 629 3425 714 3467; x_wconf 88' lang='lat' dir='ltr'>quod</span> <span class='ocrx_word' id='word_1_353' title='bbox 731 3434 820 3457; x_wconf 85' lang='lat' dir='ltr'>amor</span> <span class='ocrx_word' id='word_1_354' title='bbox 837 3424 991 3465; x_wconf 84' lang='lat' dir='ltr'>raptionis</span> <span class='ocrx_word' id='word_1_355' title='bbox 1007 3432 1102 3456; x_wconf 87' lang='lat' dir='ltr'>causa</span> <span class='ocrx_word' id='word_1_356' title='bbox 1119 3423 1196 3456; x_wconf 84' lang='lat' dir='ltr'>fuis-</span> 
     </span>
    </p>
   </div>
   <div class='ocr_carea' id='block_1_14' title="bbox 1082 220 1338 260">
    <p class='ocr_par' dir='ltr' id='par_1_16' title="bbox 1082 220 1338 260">
     <span class='ocr_line' id='line_1_53' title="bbox 1082 220 1338 260; baseline 0 0"><span class='ocrx_word' id='word_1_357' title='bbox 1082 220 1338 260; x_wconf 80' lang='lat' dir='ltr'>DRACONIS</span> 
     </span>
    </p>
   </div>
   <div class='ocr_carea' id='block_1_15' title="bbox 1250 307 2316 695">
    <p class='ocr_par' dir='ltr' id='par_1_17' title="bbox 1250 307 2316 695">
     <span class='ocr_line' id='line_1_54' title="bbox 1387 307 2164 360; baseline -0.003 -13"><span class='ocrx_word' id='word_1_358' title='bbox 1387 336 1691 347; x_wconf 86' lang='grc'><strong>........</strong></span> <span class='ocrx_word' id='word_1_359' title='bbox 1723 323 1751 360; x_wconf 82' lang='grc' dir='ltr'>ῳ</span> <span class='ocrx_word' id='word_1_360' title='bbox 1776 308 1856 360; x_wconf 84' lang='grc' dir='ltr'>περὶ</span> <span class='ocrx_word' id='word_1_361' title='bbox 1884 307 2076 355; x_wconf 85' lang='grc' dir='ltr'>Μεσσήνην</span> <span class='ocrx_word' id='word_1_362' title='bbox 2098 323 2164 346; x_wconf 89' lang='grc' dir='ltr'>κα-</span> 
     </span>
     <span class='ocr_line' id='line_1_55' title="bbox 1387 366 2165 418; baseline 0 -14"><span class='ocrx_word' id='word_1_363' title='bbox 1387 395 1789 406; x_wconf 86' lang='grc'><strong>..........</strong></span> <span class='ocrx_word' id='word_1_364' title='bbox 1822 366 1990 418; x_wconf 82' lang='grc' dir='ltr'>ἁρμονίαν</span> <span class='ocrx_word' id='word_1_365' title='bbox 2018 366 2076 404; x_wconf 86' lang='grc' dir='ltr'>καὶ</span> <span class='ocrx_word' id='word_1_366' title='bbox 2105 369 2165 413; x_wconf 77' lang='grc' dir='ltr'>τῆς</span> 
     </span>
     <span class='ocr_line' id='line_1_56' title="bbox 1387 424 2163 476; baseline 0.001 -15"><span class='ocrx_word' id='word_1_367' title='bbox 1387 452 1781 464; x_wconf 86' lang='grc'><strong>..........</strong></span> <span class='ocrx_word' id='word_1_368' title='bbox 1812 429 1951 476; x_wconf 89' lang='grc' dir='ltr'>ορεῦσαι</span> <span class='ocrx_word' id='word_1_369' title='bbox 1967 424 2112 476; x_wconf 84' lang='grc' dir='ltr'>Δώριον.</span> <span class='ocrx_word' id='word_1_370' title='bbox 2134 427 2163 462; x_wconf 86' lang='grc' dir='ltr'>εἰ</span> 
     </span>
     <span class='ocr_line' id='line_1_57' title="bbox 1305 484 2294 532; baseline 0.001 -12"><span class='ocrx_word' id='word_1_371' title='bbox 1305 485 1392 521; x_wconf 81' lang='lat' dir='ltr'>Haec</span> <span class='ocrx_word' id='word_1_372' title='bbox 1419 497 1510 520; x_wconf 91' lang='lat' dir='ltr'>num</span> <span class='ocrx_word' id='word_1_373' title='bbox 1541 484 1590 520; x_wconf 89' lang='lat' dir='ltr'>ad</span> <span class='ocrx_word' id='word_1_374' title='bbox 1616 491 1786 520; x_wconf 87' lang='lat' dir='ltr'>nostrum</span> <span class='ocrx_word' id='word_1_375' title='bbox 1813 485 2035 520; x_wconf 86' lang='lat' dir='ltr'>Dositheum</span> <span class='ocrx_word' id='word_1_376' title='bbox 2062 485 2294 532; x_wconf 86' lang='lat' dir='ltr'>pertineant,</span> 
     </span>
     <span class='ocr_line' id='line_1_58' title="bbox 1250 542 2316 591; baseline 0.001 -14"><span class='ocrx_word' id='word_1_377' title='bbox 1250 542 1355 578; x_wconf 89' lang='lat' dir='ltr'>haud</span> <span class='ocrx_word' id='word_1_378' title='bbox 1383 542 1573 578; x_wconf 86' lang='lat' dir='ltr'>discerno.</span> <span class='ocrx_word' id='word_1_379' title='bbox 1593 543 1741 578; x_wconf 85' lang='lat' dir='ltr'>Dorion</span> <span class='ocrx_word' id='word_1_380' title='bbox 1770 550 1823 578; x_wconf 85' lang='lat' dir='ltr'>est</span> <span class='ocrx_word' id='word_1_381' title='bbox 1853 544 2103 591; x_wconf 89' lang='lat' dir='ltr'>Peloponnesi</span> <span class='ocrx_word' id='word_1_382' title='bbox 2128 543 2238 588; x_wconf 86' lang='lat' dir='ltr'>urbs,</span> <span class='ocrx_word' id='word_1_383' title='bbox 2258 544 2316 578; x_wconf 90' lang='lat' dir='ltr'>in.</span> 
     </span>
     <span class='ocr_line' id='line_1_59' title="bbox 1251 601 2298 648; baseline 0.002 -13"><span class='ocrx_word' id='word_1_384' title='bbox 1251 613 1328 648; x_wconf 89' lang='lat' dir='ltr'>qua</span> <span class='ocrx_word' id='word_1_385' title='bbox 1347 613 1433 636; x_wconf 88' lang='lat' dir='ltr'>cum</span> <span class='ocrx_word' id='word_1_386' title='bbox 1462 601 1577 636; x_wconf 89' lang='lat' dir='ltr'>Musis</span> <span class='ocrx_word' id='word_1_387' title='bbox 1601 601 1761 636; x_wconf 86' lang='lat' dir='ltr'>certavit</span> <span class='ocrx_word' id='word_1_388' title='bbox 1775 601 1985 648; x_wconf 85' lang='lat' dir='ltr'>Thamyris.</span> <span class='ocrx_word' id='word_1_389' title='bbox 2007 603 2160 638; x_wconf 88' lang='lat' dir='ltr'>Hancce</span> <span class='ocrx_word' id='word_1_390' title='bbox 2185 601 2298 637; x_wconf 82' lang='lat' dir='ltr'>fabu-</span> 
     </span>
     <span class='ocr_line' id='line_1_60' title="bbox 1251 659 1941 695; baseline 0.003 -2"><span class='ocrx_word' id='word_1_391' title='bbox 1251 659 1327 694; x_wconf 85' lang='lat' dir='ltr'>lam</span> <span class='ocrx_word' id='word_1_392' title='bbox 1354 659 1555 694; x_wconf 81' lang='lat' dir='ltr'>Dositheus</span> <span class='ocrx_word' id='word_1_393' title='bbox 1584 665 1759 694; x_wconf 87' lang='lat' dir='ltr'>tractasse</span> <span class='ocrx_word' id='word_1_394' title='bbox 1779 659 1941 695; x_wconf 84' lang='lat' dir='ltr'>videtur.</span> 
     </span>
    </p>
   </div>
   <div class='ocr_carea' id='block_1_16' title="bbox 1686 783 1859 797">
    <p class='ocr_par' dir='ltr' id='par_1_18' title="bbox 1686 783 1859 797">
     <span class='ocr_line' id='line_1_61' title="bbox 1686 783 1859 797; baseline -0.012 -2"><span class='ocrx_word' id='word_1_395' title='bbox 1686 783 1859 797; x_wconf 48' lang='grc' dir='ltr'><strong>ψ</strong></span> 
     </span>
    </p>
   </div>
   <div class='ocr_carea' id='block_1_17' title="bbox 1608 889 1942 1057">
    <p class='ocr_par' dir='ltr' id='par_1_19' title="bbox 1608 889 1942 1057">
     <span class='ocr_line' id='line_1_62' title="bbox 1637 889 1905 947; baseline -0.007 -2"><span class='ocrx_word' id='word_1_396' title='bbox 1637 889 1905 947; x_wconf 80' lang='lat' dir='ltr'>DRACO.</span> 
     </span>
     <span class='ocr_line' id='line_1_63' title="bbox 1608 1018 1942 1057; baseline 0.003 -2"><span class='ocrx_word' id='word_1_397' title='bbox 1608 1018 1728 1056; x_wconf 77' lang='grc' dir='ltr'>ΠΕΡΙ</span> <span class='ocrx_word' id='word_1_398' title='bbox 1758 1018 1942 1057; x_wconf 82' lang='grc' dir='ltr'><strong>ΓΕΝΩΝ.</strong></span> 
     </span>
    </p>
   </div>
   <div class='ocr_carea' id='block_1_18' title="bbox 1247 1126 2298 2929">
    <p class='ocr_par' dir='ltr' id='par_1_20' title="bbox 1249 1126 2298 1355">
     <span class='ocr_line' id='line_1_64' title="bbox 1303 1126 2296 1180; baseline 0.005 -19"><span class='ocrx_word' id='word_1_399' title='bbox 1303 1126 1560 1174; x_wconf 84' lang='lat' dir='ltr'>Harpocratio</span> <span class='ocrx_word' id='word_1_400' title='bbox 1576 1139 1585 1164; x_wconf 87' lang='lat'>:</span> <span class='ocrx_word' id='word_1_401' title='bbox 1603 1126 1917 1167; x_wconf 76' lang='grc' dir='ltr'>Ἐτεοὸουτάδαι...</span> <span class='ocrx_word' id='word_1_402' title='bbox 1937 1126 2032 1179; x_wconf 87' lang='grc' dir='ltr'>γε’νος</span> <span class='ocrx_word' id='word_1_403' title='bbox 2047 1127 2178 1180; x_wconf 89' lang='grc' dir='ltr'>[παρ’]</span> <span class='ocrx_word' id='word_1_404' title='bbox 2197 1127 2296 1176; x_wconf 82' lang='grc' dir='ltr'>Ἀθη-</span> 
     </span>
     <span class='ocr_line' id='line_1_65' title="bbox 1250 1177 2295 1239; baseline 0.004 -19"><span class='ocrx_word' id='word_1_405' title='bbox 1250 1182 1367 1230; x_wconf 85' lang='grc' dir='ltr'>ναίοις,</span> <span class='ocrx_word' id='word_1_406' title='bbox 1383 1177 1453 1220; x_wconf 68' lang='grc' dir='ltr'>οἷον</span> <span class='ocrx_word' id='word_1_407' title='bbox 1469 1185 1500 1222; x_wconf 80' lang='grc' dir='ltr'>οἱ</span> <span class='ocrx_word' id='word_1_408' title='bbox 1518 1185 1652 1231; x_wconf 87' lang='grc' dir='ltr'>ἀληθῶς</span> <span class='ocrx_word' id='word_1_409' title='bbox 1667 1184 1735 1222; x_wconf 84' lang='grc' dir='ltr'>ἀπὸ</span> <span class='ocrx_word' id='word_1_410' title='bbox 1752 1183 1895 1224; x_wconf 84' lang='grc' dir='ltr'>Βούτου·</span> <span class='ocrx_word' id='word_1_411' title='bbox 1913 1185 2007 1224; x_wconf 79' lang='grc' dir='ltr'>ἐτεόν</span> <span class='ocrx_word' id='word_1_412' title='bbox 2024 1186 2090 1239; x_wconf 83' lang='grc' dir='ltr'>γὰρ</span> <span class='ocrx_word' id='word_1_413' title='bbox 2104 1186 2143 1224; x_wconf 86' lang='grc' dir='ltr'>τὸ</span> <span class='ocrx_word' id='word_1_414' title='bbox 2158 1186 2295 1232; x_wconf 85' lang='grc' dir='ltr'>ἀληθές.</span> 
     </span>
     <span class='ocr_line' id='line_1_66' title="bbox 1249 1241 2298 1295; baseline 0.004 -16"><span class='ocrx_word' id='word_1_415' title='bbox 1249 1241 1316 1280; x_wconf 72' lang='lat' dir='ltr'>&#39;En</span> <span class='ocrx_word' id='word_1_416' title='bbox 1336 1241 1371 1279; x_wconf 83' lang='grc' dir='ltr'>δὲ</span> <span class='ocrx_word' id='word_1_417' title='bbox 1393 1241 1522 1280; x_wconf 87' lang='grc' dir='ltr'>τούτων</span> <span class='ocrx_word' id='word_1_418' title='bbox 1542 1243 1731 1282; x_wconf 83' lang='grc' dir='ltr'>καθίστατο</span> <span class='ocrx_word' id='word_1_419' title='bbox 1747 1246 1769 1290; x_wconf 78' lang='grc' dir='ltr'>ἢ</span> <span class='ocrx_word' id='word_1_420' title='bbox 1787 1244 1895 1295; x_wconf 82' lang='grc' dir='ltr'>ἱέρεια</span> <span class='ocrx_word' id='word_1_421' title='bbox 1914 1247 1975 1291; x_wconf 75' lang='grc' dir='ltr'>τῆς</span> <span class='ocrx_word' id='word_1_422' title='bbox 2004 1243 2176 1288; x_wconf 83' lang='grc' dir='ltr'>Πολιάδος</span> <span class='ocrx_word' id='word_1_423' title='bbox 2195 1244 2298 1291; x_wconf 86' lang='grc' dir='ltr'>Ἀθη-</span> 
     </span>
     <span class='ocr_line' id='line_1_67' title="bbox 1249 1301 1947 1355; baseline 0.007 -17"><span class='ocrx_word' id='word_1_424' title='bbox 1249 1306 1325 1347; x_wconf 72' lang='grc' dir='ltr'>νᾶς,</span> <span class='ocrx_word' id='word_1_425' title='bbox 1343 1301 1433 1338; x_wconf 89' lang='grc' dir='ltr'>καθά</span> <span class='ocrx_word' id='word_1_426' title='bbox 1454 1316 1537 1354; x_wconf 86' lang='grc' dir='ltr'>φησι</span> <span class='ocrx_word' id='word_1_427' title='bbox 1557 1301 1704 1353; x_wconf 87' lang='grc' dir='ltr'>Δράκων</span> <span class='ocrx_word' id='word_1_428' title='bbox 1721 1302 1809 1355; x_wconf 84' lang='grc' dir='ltr'>Περὶ</span> <span class='ocrx_word' id='word_1_429' title='bbox 1824 1305 1947 1354; x_wconf 84' lang='grc' dir='ltr'>γενῶν.</span> 
     </span>
    </p>

    <p class='ocr_par' dir='ltr' id='par_1_21' title="bbox 1247 1361 2298 2522">
     <span class='ocr_line' id='line_1_68' title="bbox 1300 1361 2296 1411; baseline 0.003 -16"><span class='ocrx_word' id='word_1_430' title='bbox 1300 1361 1400 1396; x_wconf 89' lang='lat' dir='ltr'>Num</span> <span class='ocrx_word' id='word_1_431' title='bbox 1421 1361 1500 1396; x_wconf 87' lang='lat' dir='ltr'>haec</span> <span class='ocrx_word' id='word_1_432' title='bbox 1520 1373 1566 1397; x_wconf 90' lang='lat' dir='ltr'>ex</span> <span class='ocrx_word' id='word_1_433' title='bbox 1594 1374 1710 1410; x_wconf 87' lang='lat' dir='ltr'>opere</span> <span class='ocrx_word' id='word_1_434' title='bbox 1729 1363 1961 1410; x_wconf 86' lang='lat' dir='ltr'>antiquario,</span> <span class='ocrx_word' id='word_1_435' title='bbox 1983 1374 2031 1398; x_wconf 92' lang='lat' dir='ltr'>an</span> <span class='ocrx_word' id='word_1_436' title='bbox 2049 1363 2296 1411; x_wconf 83' lang='lat' dir='ltr'>grammatico</span> 
     </span>
     <span class='ocr_line' id='line_1_69' title="bbox 1249 1419 2298 1467; baseline 0.004 -14"><span class='ocrx_word' id='word_1_437' title='bbox 1249 1426 1409 1467; x_wconf 88' lang='lat' dir='ltr'>sumpta,</span> <span class='ocrx_word' id='word_1_438' title='bbox 1426 1419 1586 1454; x_wconf 87' lang='lat' dir='ltr'>dubium</span> <span class='ocrx_word' id='word_1_439' title='bbox 1595 1433 1605 1465; x_wconf 90' lang='lat'>;</span> <span class='ocrx_word' id='word_1_440' title='bbox 1627 1421 1701 1456; x_wconf 91' lang='lat' dir='ltr'>hoc</span> <span class='ocrx_word' id='word_1_441' title='bbox 1714 1421 1968 1466; x_wconf 88' lang='lat' dir='ltr'>verisimilius,</span> <span class='ocrx_word' id='word_1_442' title='bbox 1981 1421 2011 1456; x_wconf 90' lang='lat' dir='ltr'>si</span> <span class='ocrx_word' id='word_1_443' title='bbox 2025 1422 2151 1456; x_wconf 87' lang='lat' dir='ltr'>Draco</span> <span class='ocrx_word' id='word_1_444' title='bbox 2168 1421 2228 1457; x_wconf 88' lang='lat' dir='ltr'>ille</span> <span class='ocrx_word' id='word_1_445' title='bbox 2242 1429 2298 1458; x_wconf 87' lang='lat' dir='ltr'>est</span> 
     </span>
     <span class='ocr_line' id='line_1_70' title="bbox 1247 1478 2297 1526; baseline 0.002 -14"><span class='ocrx_word' id='word_1_446' title='bbox 1247 1478 1531 1513; x_wconf 80' lang='lat' dir='ltr'>Stratonicensis</span> <span class='ocrx_word' id='word_1_447' title='bbox 1559 1480 1848 1526; x_wconf 85' lang='lat' dir='ltr'>grammaticus,</span> <span class='ocrx_word' id='word_1_448' title='bbox 1878 1480 1943 1526; x_wconf 91' lang='lat' dir='ltr'>qui</span> <span class='ocrx_word' id='word_1_449' title='bbox 1962 1491 2040 1514; x_wconf 88' lang='lat' dir='ltr'>non</span> <span class='ocrx_word' id='word_1_450' title='bbox 2066 1479 2118 1513; x_wconf 87' lang='lat' dir='ltr'>ita</span> <span class='ocrx_word' id='word_1_451' title='bbox 2136 1479 2297 1514; x_wconf 85' lang='lat' dir='ltr'>multum</span> 
     </span>
     <span class='ocr_line' id='line_1_71' title="bbox 1247 1535 2292 1584; baseline 0.002 -14"><span class='ocrx_word' id='word_1_452' title='bbox 1247 1542 1333 1584; x_wconf 89' lang='lat' dir='ltr'>post</span> <span class='ocrx_word' id='word_1_453' title='bbox 1368 1536 1630 1571; x_wconf 74' lang='lat' dir='ltr'>Aristarchum</span> <span class='ocrx_word' id='word_1_454' title='bbox 1668 1535 1839 1572; x_wconf 88' lang='lat' dir='ltr'>floruisse</span> <span class='ocrx_word' id='word_1_455' title='bbox 1877 1536 2041 1572; x_wconf 85' lang='lat' dir='ltr'>videtur.</span> <span class='ocrx_word' id='word_1_456' title='bbox 2080 1538 2124 1573; x_wconf 90' lang='lat' dir='ltr'>V.</span> <span class='ocrx_word' id='word_1_457' title='bbox 2160 1537 2292 1573; x_wconf 86' lang='lat' dir='ltr'>Lehrs.</span> 
     </span>
     <span class='ocr_line' id='line_1_72' title="bbox 1247 1594 2297 1643; baseline 0.001 -12"><span class='ocrx_word' id='word_1_458' title='bbox 1247 1594 1429 1632; x_wconf 87' lang='lat' dir='ltr'>Zeitschr.</span> <span class='ocrx_word' id='word_1_459' title='bbox 1449 1594 1475 1632; x_wconf 87' lang='lat' dir='ltr'>f.</span> <span class='ocrx_word' id='word_1_460' title='bbox 1492 1595 1823 1631; x_wconf 85' lang='lat' dir='ltr'>Alterthumswiss.</span> <span class='ocrx_word' id='word_1_461' title='bbox 1850 1594 1965 1639; x_wconf 78' lang='lat'>1840,</span> <span class='ocrx_word' id='word_1_462' title='bbox 1981 1607 2022 1643; x_wconf 87' lang='lat' dir='ltr'>p.</span> <span class='ocrx_word' id='word_1_463' title='bbox 2046 1594 2121 1643; x_wconf 77' lang='lat'>934</span> <span class='ocrx_word' id='word_1_464' title='bbox 2138 1607 2222 1643; x_wconf 85' lang='lat' dir='ltr'>sqq.</span> <span class='ocrx_word' id='word_1_465' title='bbox 2243 1615 2297 1622; x_wconf 96' lang='lat'><strong>—</strong></span> 
     </span>
     <span class='ocr_line' id='line_1_73' title="bbox 1247 1651 2295 1704; baseline -0.001 -14"><span class='ocrx_word' id='word_1_466' title='bbox 1247 1654 1352 1690; x_wconf 88' lang='lat' dir='ltr'>Alius</span> <span class='ocrx_word' id='word_1_467' title='bbox 1367 1661 1422 1689; x_wconf 89' lang='lat' dir='ltr'>est</span> <span class='ocrx_word' id='word_1_468' title='bbox 1451 1655 1574 1690; x_wconf 82' lang='lat' dir='ltr'>Draco</span> <span class='ocrx_word' id='word_1_469' title='bbox 1586 1655 1816 1701; x_wconf 65' lang='lat' dir='ltr'>Corcyraeus,</span> <span class='ocrx_word' id='word_1_470' title='bbox 1835 1651 1924 1704; x_wconf 79' lang='grc' dir='ltr'>Περὶ</span> <span class='ocrx_word' id='word_1_471' title='bbox 1942 1651 2045 1689; x_wconf 90' lang='grc' dir='ltr'>λίθων</span> <span class='ocrx_word' id='word_1_472' title='bbox 2076 1654 2200 1702; x_wconf 86' lang='lat' dir='ltr'>operis</span> <span class='ocrx_word' id='word_1_473' title='bbox 2226 1666 2295 1689; x_wconf 87' lang='lat' dir='ltr'>au-</span> 
     </span>
     <span class='ocr_line' id='line_1_74' title="bbox 1249 1710 2295 1763; baseline 0 -15"><span class='ocrx_word' id='word_1_474' title='bbox 1249 1720 1346 1757; x_wconf 86' lang='lat' dir='ltr'>ctor,</span> <span class='ocrx_word' id='word_1_475' title='bbox 1363 1719 1522 1748; x_wconf 82' lang='lat' dir='ltr'>testante</span> <span class='ocrx_word' id='word_1_476' title='bbox 1536 1713 1715 1748; x_wconf 88' lang='lat' dir='ltr'>Athenaeo</span> <span class='ocrx_word' id='word_1_477' title='bbox 1732 1713 1816 1758; x_wconf 89' lang='lat' dir='ltr'>XV,</span> <span class='ocrx_word' id='word_1_478' title='bbox 1835 1726 1875 1761; x_wconf 94' lang='lat' dir='ltr'>p.</span> <span class='ocrx_word' id='word_1_479' title='bbox 1900 1713 1988 1761; x_wconf 82' lang='lat'>692,</span> <span class='ocrx_word' id='word_1_480' title='bbox 2008 1712 2042 1749; x_wconf 92' lang='lat' dir='ltr'>D</span> <span class='ocrx_word' id='word_1_481' title='bbox 2066 1725 2074 1747; x_wconf 77' lang='lat'><em>2</em></span> <span class='ocrx_word' id='word_1_482' title='bbox 2091 1710 2240 1763; x_wconf 86' lang='grc' dir='ltr'>Ἱστορεῖ</span> <span class='ocrx_word' id='word_1_483' title='bbox 2260 1710 2295 1748; x_wconf 86' lang='grc' dir='ltr'>δὲ</span> 
     </span>
     <span class='ocr_line' id='line_1_75' title="bbox 1247 1767 2294 1821; baseline 0.001 -15"><span class='ocrx_word' id='word_1_484' title='bbox 1247 1771 1348 1806; x_wconf 88' lang='grc' dir='ltr'>τοῦτο</span> <span class='ocrx_word' id='word_1_485' title='bbox 1371 1768 1519 1821; x_wconf 88' lang='grc' dir='ltr'>Δράκων</span> <span class='ocrx_word' id='word_1_486' title='bbox 1539 1771 1557 1806; x_wconf 83' lang='grc' dir='ltr'><strong>ὃ</strong></span> <span class='ocrx_word' id='word_1_487' title='bbox 1573 1770 1787 1820; x_wconf 82' lang='grc' dir='ltr'>Κερκυραῖος</span> <span class='ocrx_word' id='word_1_488' title='bbox 1806 1769 1841 1805; x_wconf 81' lang='grc' dir='ltr'>ἐν</span> <span class='ocrx_word' id='word_1_489' title='bbox 1858 1771 1908 1821; x_wconf 82' lang='grc' dir='ltr'>τῷ</span> <span class='ocrx_word' id='word_1_490' title='bbox 1930 1768 2018 1819; x_wconf 82' lang='grc' dir='ltr'>Περὶ</span> <span class='ocrx_word' id='word_1_491' title='bbox 2031 1767 2134 1806; x_wconf 88' lang='grc' dir='ltr'>λίθων</span> <span class='ocrx_word' id='word_1_492' title='bbox 2153 1767 2294 1821; x_wconf 87' lang='grc' dir='ltr'>γράφων</span> 
     </span>
     <span class='ocr_line' id='line_1_76' title="bbox 1249 1825 2293 1879; baseline 0 -15"><span class='ocrx_word' id='word_1_493' title='bbox 1249 1825 1354 1869; x_wconf 74' lang='grc' dir='ltr'>οὕτως</span> <span class='ocrx_word' id='word_1_494' title='bbox 1367 1842 1376 1850; x_wconf 97' lang='grc'><em>·</em></span> <span class='ocrx_word' id='word_1_495' title='bbox 1397 1844 1414 1859; x_wconf 72' lang='grc' dir='ltr'>α</span> <span class='ocrx_word' id='word_1_496' title='bbox 1434 1826 1545 1865; x_wconf 82' lang='grc' dir='ltr'>Ἰανὸν</span> <span class='ocrx_word' id='word_1_497' title='bbox 1573 1825 1609 1864; x_wconf 83' lang='grc' dir='ltr'>δὲ</span> <span class='ocrx_word' id='word_1_498' title='bbox 1630 1826 1729 1878; x_wconf 89' lang='grc' dir='ltr'>λόγος</span> <span class='ocrx_word' id='word_1_499' title='bbox 1759 1826 1831 1878; x_wconf 84' lang='grc' dir='ltr'>ἔχει</span> <span class='ocrx_word' id='word_1_500' title='bbox 1853 1826 2071 1879; x_wconf 88' lang='grc' dir='ltr'>διπρόσωπον</span> <span class='ocrx_word' id='word_1_501' title='bbox 2097 1825 2293 1878; x_wconf 88' lang='grc' dir='ltr'>γεγονέναι,</span> 
     </span>
     <span class='ocr_line' id='line_1_77' title="bbox 1248 1883 2292 1938; baseline 0.001 -15"><span class='ocrx_word' id='word_1_502' title='bbox 1248 1885 1289 1923; x_wconf 84' lang='grc' dir='ltr'>τὸ</span> <span class='ocrx_word' id='word_1_503' title='bbox 1310 1883 1370 1934; x_wconf 85' lang='grc' dir='ltr'>μὲν</span> <span class='ocrx_word' id='word_1_504' title='bbox 1404 1884 1534 1931; x_wconf 86' lang='grc' dir='ltr'>ὀπίσω,</span> <span class='ocrx_word' id='word_1_505' title='bbox 1565 1885 1605 1923; x_wconf 84' lang='grc' dir='ltr'>τὸ</span> <span class='ocrx_word' id='word_1_506' title='bbox 1636 1885 1664 1922; x_wconf 86' lang='grc' dir='ltr'>δ’</span> <span class='ocrx_word' id='word_1_507' title='bbox 1698 1884 1890 1938; x_wconf 85' lang='grc' dir='ltr'>ἔμπροσθεν</span> <span class='ocrx_word' id='word_1_508' title='bbox 1928 1885 2055 1938; x_wconf 88' lang='grc' dir='ltr'>ἔχοντα</span> <span class='ocrx_word' id='word_1_509' title='bbox 2093 1885 2292 1938; x_wconf 88' lang='grc' dir='ltr'>πρόσωπον.</span> 
     </span>
     <span class='ocr_line' id='line_1_78' title="bbox 1250 1942 2294 1998; baseline 0 -17"><span class='ocrx_word' id='word_1_510' title='bbox 1250 1942 1333 1982; x_wconf 77' lang='grc' dir='ltr'>Ἀπὸ</span> <span class='ocrx_word' id='word_1_511' title='bbox 1349 1943 1469 1982; x_wconf 89' lang='grc' dir='ltr'>τούτου</span> <span class='ocrx_word' id='word_1_512' title='bbox 1486 1943 1544 1981; x_wconf 88' lang='grc' dir='ltr'>καὶ</span> <span class='ocrx_word' id='word_1_513' title='bbox 1563 1943 1621 1982; x_wconf 87' lang='grc' dir='ltr'>τὸν</span> <span class='ocrx_word' id='word_1_514' title='bbox 1636 1943 1751 1982; x_wconf 83' lang='grc' dir='ltr'>Ἰανὸν</span> <span class='ocrx_word' id='word_1_515' title='bbox 1769 1943 1926 1994; x_wconf 87' lang='grc' dir='ltr'>ποταμὸν</span> <span class='ocrx_word' id='word_1_516' title='bbox 1946 1944 2006 1982; x_wconf 80' lang='grc' dir='ltr'>καὶ</span> <span class='ocrx_word' id='word_1_517' title='bbox 2025 1943 2065 1982; x_wconf 83' lang='grc' dir='ltr'>τὸ</span> <span class='ocrx_word' id='word_1_518' title='bbox 2083 1943 2159 1998; x_wconf 84' lang='grc' dir='ltr'>ὄρος</span> <span class='ocrx_word' id='word_1_519' title='bbox 2180 1943 2294 1983; x_wconf 84' lang='grc' dir='ltr'>Ἰανὸν</span> 
     </span>
     <span class='ocr_line' id='line_1_79' title="bbox 1251 2001 2292 2054; baseline 0 -14"><span class='ocrx_word' id='word_1_520' title='bbox 1251 2001 1479 2052; x_wconf 81' lang='grc' dir='ltr'>ὀνομάζεσθαι</span> <span class='ocrx_word' id='word_1_521' title='bbox 1493 2031 1503 2049; x_wconf 88' lang='grc'>,</span> <span class='ocrx_word' id='word_1_522' title='bbox 1544 2001 1816 2048; x_wconf 86' lang='grc' dir='ltr'>κατοικήσαντος</span> <span class='ocrx_word' id='word_1_523' title='bbox 1854 2003 1957 2040; x_wconf 85' lang='grc' dir='ltr'>αὐτοῦ</span> <span class='ocrx_word' id='word_1_524' title='bbox 1991 2001 2049 2040; x_wconf 79' lang='grc' dir='ltr'>ἐπὶ</span> <span class='ocrx_word' id='word_1_525' title='bbox 2086 2006 2147 2040; x_wconf 89' lang='grc' dir='ltr'>τοῦ</span> <span class='ocrx_word' id='word_1_526' title='bbox 2180 2001 2292 2054; x_wconf 82' lang='grc' dir='ltr'>ὅρους.</span> 
     </span>
     <span class='ocr_line' id='line_1_80' title="bbox 1252 2059 2295 2112; baseline -0.002 -12"><span class='ocrx_word' id='word_1_527' title='bbox 1252 2063 1398 2112; x_wconf 86' lang='grc' dir='ltr'>Πρῶτον</span> <span class='ocrx_word' id='word_1_528' title='bbox 1414 2059 1449 2099; x_wconf 82' lang='grc' dir='ltr'>δὲ</span> <span class='ocrx_word' id='word_1_529' title='bbox 1472 2059 1532 2098; x_wconf 84' lang='grc' dir='ltr'>καὶ</span> <span class='ocrx_word' id='word_1_530' title='bbox 1547 2059 1711 2112; x_wconf 85' lang='grc' dir='ltr'>στέφανον</span> <span class='ocrx_word' id='word_1_531' title='bbox 1729 2062 1838 2112; x_wconf 80' lang='grc' dir='ltr'>εὑρεῖν</span> <span class='ocrx_word' id='word_1_532' title='bbox 1862 2059 1922 2098; x_wconf 75' lang='grc' dir='ltr'>καὶ</span> <span class='ocrx_word' id='word_1_533' title='bbox 1942 2059 2081 2112; x_wconf 86' lang='grc' dir='ltr'>σχεδίας</span> <span class='ocrx_word' id='word_1_534' title='bbox 2096 2059 2156 2098; x_wconf 79' lang='grc' dir='ltr'>καὶ</span> <span class='ocrx_word' id='word_1_535' title='bbox 2170 2061 2295 2108; x_wconf 86' lang='grc' dir='ltr'>πλοῖα,</span> 
     </span>
     <span class='ocr_line' id='line_1_81' title="bbox 1251 2117 2295 2171; baseline -0.001 -13"><span class='ocrx_word' id='word_1_536' title='bbox 1251 2119 1311 2158; x_wconf 81' lang='grc' dir='ltr'>καὶ</span> <span class='ocrx_word' id='word_1_537' title='bbox 1329 2118 1485 2169; x_wconf 86' lang='grc' dir='ltr'>νόμισμα</span> <span class='ocrx_word' id='word_1_538' title='bbox 1513 2120 1666 2170; x_wconf 79' lang='grc' dir='ltr'>χαλκοῦν</span> <span class='ocrx_word' id='word_1_539' title='bbox 1696 2121 1832 2171; x_wconf 85' lang='grc' dir='ltr'>πρῶτον</span> <span class='ocrx_word' id='word_1_540' title='bbox 1860 2117 2025 2170; x_wconf 80' lang='grc' dir='ltr'>χαράξαι.</span> <span class='ocrx_word' id='word_1_541' title='bbox 2053 2117 2116 2156; x_wconf 75' lang='grc' dir='ltr'>Διὸ</span> <span class='ocrx_word' id='word_1_542' title='bbox 2146 2117 2295 2157; x_wconf 77' lang='grc' dir='ltr'>καὶτῶν</span> 
     </span>
     <span class='ocr_line' id='line_1_82' title="bbox 1252 2175 2295 2225; baseline -0.002 -9"><span class='ocrx_word' id='word_1_543' title='bbox 1252 2178 1345 2216; x_wconf 81' lang='grc' dir='ltr'>κατὰ</span> <span class='ocrx_word' id='word_1_544' title='bbox 1370 2177 1432 2225; x_wconf 84' lang='grc' dir='ltr'>τὴν</span> <span class='ocrx_word' id='word_1_545' title='bbox 1460 2177 1616 2216; x_wconf 86' lang='grc' dir='ltr'>Ἑλλάδα</span> <span class='ocrx_word' id='word_1_546' title='bbox 1637 2178 1770 2220; x_wconf 88' lang='grc' dir='ltr'>πολλὰς</span> <span class='ocrx_word' id='word_1_547' title='bbox 1792 2176 1909 2220; x_wconf 89' lang='grc' dir='ltr'>πόλεις</span> <span class='ocrx_word' id='word_1_548' title='bbox 1936 2176 1996 2214; x_wconf 76' lang='grc' dir='ltr'>καὶ</span> <span class='ocrx_word' id='word_1_549' title='bbox 2018 2179 2086 2214; x_wconf 80' lang='grc' dir='ltr'>τῶν</span> <span class='ocrx_word' id='word_1_550' title='bbox 2115 2176 2207 2215; x_wconf 83' lang='grc' dir='ltr'>κατὰ</span> <span class='ocrx_word' id='word_1_551' title='bbox 2232 2175 2295 2222; x_wconf 82' lang='grc' dir='ltr'>τὴν</span> 
     </span>
     <span class='ocr_line' id='line_1_83' title="bbox 1248 2234 2295 2287; baseline -0.001 -13"><span class='ocrx_word' id='word_1_552' title='bbox 1248 2237 1400 2277; x_wconf 87' lang='grc' dir='ltr'>Ἰταλίαν</span> <span class='ocrx_word' id='word_1_553' title='bbox 1417 2236 1476 2275; x_wconf 80' lang='grc' dir='ltr'>καὶ</span> <span class='ocrx_word' id='word_1_554' title='bbox 1493 2235 1671 2284; x_wconf 87' lang='grc' dir='ltr'>Σικελίαν,</span> <span class='ocrx_word' id='word_1_555' title='bbox 1689 2236 1745 2274; x_wconf 79' lang='grc' dir='ltr'>ἐπὶ</span> <span class='ocrx_word' id='word_1_556' title='bbox 1762 2239 1822 2273; x_wconf 89' lang='grc' dir='ltr'>τοῦ</span> <span class='ocrx_word' id='word_1_557' title='bbox 1841 2235 2054 2286; x_wconf 85' lang='grc' dir='ltr'>νομίσματος</span> <span class='ocrx_word' id='word_1_558' title='bbox 2071 2234 2295 2287; x_wconf 81' lang='grc' dir='ltr'>ἐγχαράττειν</span> 
     </span>
     <span class='ocr_line' id='line_1_84' title="bbox 1247 2292 2296 2347; baseline -0.001 -16"><span class='ocrx_word' id='word_1_559' title='bbox 1247 2293 1432 2345; x_wconf 88' lang='grc' dir='ltr'>πρόσωπον</span> <span class='ocrx_word' id='word_1_560' title='bbox 1453 2294 1651 2347; x_wconf 84' lang='grc' dir='ltr'>δικέφαλον,</span> <span class='ocrx_word' id='word_1_561' title='bbox 1666 2294 1725 2333; x_wconf 75' lang='grc' dir='ltr'>καὶ</span> <span class='ocrx_word' id='word_1_562' title='bbox 1740 2295 1778 2332; x_wconf 80' lang='grc' dir='ltr'>ἐκ</span> <span class='ocrx_word' id='word_1_563' title='bbox 1801 2293 1944 2346; x_wconf 86' lang='grc' dir='ltr'>θατέρου</span> <span class='ocrx_word' id='word_1_564' title='bbox 1967 2292 2128 2346; x_wconf 80' lang='grc' dir='ltr'>μέρουςῆ</span> <span class='ocrx_word' id='word_1_565' title='bbox 2153 2292 2296 2344; x_wconf 83' lang='grc' dir='ltr'>σχεδίαν</span> 
     </span>
     <span class='ocr_line' id='line_1_85' title="bbox 1247 2349 2296 2406; baseline -0.003 -16"><span class='ocrx_word' id='word_1_566' title='bbox 1247 2351 1269 2396; x_wconf 82' lang='grc' dir='ltr'>ἢ</span> <span class='ocrx_word' id='word_1_567' title='bbox 1289 2352 1455 2406; x_wconf 83' lang='grc' dir='ltr'>στέφανον</span> <span class='ocrx_word' id='word_1_568' title='bbox 1477 2352 1498 2399; x_wconf 77' lang='grc' dir='ltr'>ἢ</span> <span class='ocrx_word' id='word_1_569' title='bbox 1521 2355 1656 2392; x_wconf 86' lang='grc' dir='ltr'>πλοῖον.</span> <span class='ocrx_word' id='word_1_570' title='bbox 1675 2355 1807 2392; x_wconf 88' lang='grc' dir='ltr'>Τοῦτον</span> <span class='ocrx_word' id='word_1_571' title='bbox 1827 2350 1863 2390; x_wconf 80' lang='grc' dir='ltr'>δὲ</span> <span class='ocrx_word' id='word_1_572' title='bbox 1877 2350 1939 2398; x_wconf 74' lang='grc' dir='ltr'>τὴν</span> <span class='ocrx_word' id='word_1_573' title='bbox 1963 2349 2114 2404; x_wconf 77' lang='grc' dir='ltr'>ἀδελφὴν</span> <span class='ocrx_word' id='word_1_574' title='bbox 2133 2350 2296 2402; x_wconf 85' lang='grc' dir='ltr'>γήμαντα</span> 
     </span>
     <span class='ocr_line' id='line_1_86' title="bbox 1247 2409 2294 2462; baseline 0 -15"><span class='ocrx_word' id='word_1_575' title='bbox 1247 2411 1416 2460; x_wconf 88' lang='grc' dir='ltr'>Καμίσην</span> <span class='ocrx_word' id='word_1_576' title='bbox 1431 2411 1502 2450; x_wconf 82' lang='grc' dir='ltr'>υἱὸν</span> <span class='ocrx_word' id='word_1_577' title='bbox 1519 2411 1580 2462; x_wconf 82' lang='grc' dir='ltr'>μὲν</span> <span class='ocrx_word' id='word_1_578' title='bbox 1595 2411 1749 2462; x_wconf 86' lang='grc' dir='ltr'>Αἴθηκα,</span> <span class='ocrx_word' id='word_1_579' title='bbox 1767 2410 1937 2462; x_wconf 85' lang='grc' dir='ltr'>θυγατέρα</span> <span class='ocrx_word' id='word_1_580' title='bbox 1953 2411 1981 2448; x_wconf 85' lang='grc' dir='ltr'>δ’</span> <span class='ocrx_word' id='word_1_581' title='bbox 1995 2409 2207 2456; x_wconf 88' lang='grc' dir='ltr'>Ὀλιστήνην</span> <span class='ocrx_word' id='word_1_582' title='bbox 2216 2424 2294 2458; x_wconf 89' lang='grc' dir='ltr'>γεν-</span> 
     </span>
     <span class='ocr_line' id='line_1_87' title="bbox 1248 2468 2298 2522; baseline 0 -17"><span class='ocrx_word' id='word_1_583' title='bbox 1248 2471 1363 2515; x_wconf 84' lang='grc' dir='ltr'>νῆσαι.</span> <span class='ocrx_word' id='word_1_584' title='bbox 1379 2470 1450 2509; x_wconf 82' lang='grc' dir='ltr'>Καὶ</span> <span class='ocrx_word' id='word_1_585' title='bbox 1464 2469 1565 2508; x_wconf 83' lang='grc' dir='ltr'>αὐτὸν</span> <span class='ocrx_word' id='word_1_586' title='bbox 1576 2472 1622 2512; x_wconf 83' lang='grc' dir='ltr'>ὡς</span> <span class='ocrx_word' id='word_1_587' title='bbox 1630 2468 1794 2520; x_wconf 85' lang='grc' dir='ltr'>μειζόνων</span> <span class='ocrx_word' id='word_1_588' title='bbox 1806 2468 2010 2522; x_wconf 85' lang='grc' dir='ltr'>ὀρεγόμενον</span> <span class='ocrx_word' id='word_1_589' title='bbox 2020 2468 2237 2519; x_wconf 85' lang='grc' dir='ltr'>πραγμάτων</span> <span class='ocrx_word' id='word_1_590' title='bbox 2250 2468 2298 2510; x_wconf 89' lang='grc' dir='ltr'>εἷς</span> 
     </span>
    </p>

    <p class='ocr_par' dir='ltr' id='par_1_22' title="bbox 1247 2542 2298 2929">
     <span class='ocr_line' id='line_1_88' title="bbox 2155 2542 2168 2559; baseline 0 0"><span class='ocrx_word' id='word_1_591' title='bbox 2155 2542 2168 2559; x_wconf 62' lang='grc' dir='ltr'><strong>Α</strong></span> 
     </span>
     <span class='ocr_line' id='line_1_89' title="bbox 1247 2577 2289 2620; baseline -0.002 -10"><span class='ocrx_word' id='word_1_592' title='bbox 1247 2580 1306 2610; x_wconf 72' lang='lat' dir='ltr'>set.</span> <span class='ocrx_word' id='word_1_593' title='bbox 1322 2579 1533 2620; x_wconf 81' lang='lat' dir='ltr'>Hippodamia</span> <span class='ocrx_word' id='word_1_594' title='bbox 1557 2588 1635 2611; x_wconf 82' lang='lat' dir='ltr'>vero</span> <span class='ocrx_word' id='word_1_595' title='bbox 1651 2580 1748 2611; x_wconf 84' lang='lat' dir='ltr'>Atreo</span> <span class='ocrx_word' id='word_1_596' title='bbox 1764 2580 1795 2611; x_wconf 87' lang='lat' dir='ltr'>et</span> <span class='ocrx_word' id='word_1_597' title='bbox 1814 2579 1964 2619; x_wconf 82' lang='lat' dir='ltr'>Thyestae</span> <span class='ocrx_word' id='word_1_598' title='bbox 1987 2578 2147 2610; x_wconf 80' lang='lat' dir='ltr'>hortatrix</span> <span class='ocrx_word' id='word_1_599' title='bbox 2171 2577 2232 2609; x_wconf 80' lang='lat' dir='ltr'>fuit</span> <span class='ocrx_word' id='word_1_600' title='bbox 2251 2577 2289 2608; x_wconf 85' lang='lat' dir='ltr'>ut</span> 
     </span>
     <span class='ocr_line' id='line_1_90' title="bbox 1248 2629 2293 2671; baseline -0.001 -10"><span class='ocrx_word' id='word_1_601' title='bbox 1248 2629 1464 2662; x_wconf 84' lang='lat' dir='ltr'>interficerent</span> <span class='ocrx_word' id='word_1_602' title='bbox 1482 2631 1713 2671; x_wconf 87' lang='lat' dir='ltr'>Chrysippum,</span> <span class='ocrx_word' id='word_1_603' title='bbox 1739 2631 1844 2662; x_wconf 88' lang='lat' dir='ltr'>sciens</span> <span class='ocrx_word' id='word_1_604' title='bbox 1867 2639 1943 2662; x_wconf 91' lang='lat' dir='ltr'>eum</span> <span class='ocrx_word' id='word_1_605' title='bbox 1959 2629 2155 2662; x_wconf 87' lang='lat' dir='ltr'>inhiaturum</span> <span class='ocrx_word' id='word_1_606' title='bbox 2173 2637 2293 2669; x_wconf 79' lang='lat' dir='ltr'>regno:</span> 
     </span>
     <span class='ocr_line' id='line_1_91' title="bbox 1249 2681 2296 2724; baseline 0 -12"><span class='ocrx_word' id='word_1_607' title='bbox 1249 2690 1414 2723; x_wconf 85' lang='lat' dir='ltr'>quumque</span> <span class='ocrx_word' id='word_1_608' title='bbox 1427 2683 1457 2714; x_wconf 89' lang='lat' dir='ltr'>id</span> <span class='ocrx_word' id='word_1_609' title='bbox 1471 2683 1702 2722; x_wconf 86' lang='lat' dir='ltr'>detrectarent,</span> <span class='ocrx_word' id='word_1_610' title='bbox 1720 2684 1787 2724; x_wconf 88' lang='lat' dir='ltr'>ipsa</span> <span class='ocrx_word' id='word_1_611' title='bbox 1803 2683 1921 2723; x_wconf 81' lang='lat' dir='ltr'>flagitio</span> <span class='ocrx_word' id='word_1_612' title='bbox 1945 2691 2060 2714; x_wconf 89' lang='lat' dir='ltr'>manus</span> <span class='ocrx_word' id='word_1_613' title='bbox 2080 2681 2242 2721; x_wconf 78' lang='lat' dir='ltr'>admovit,</span> <span class='ocrx_word' id='word_1_614' title='bbox 2258 2689 2296 2713; x_wconf 88' lang='lat' dir='ltr'>ac</span> 
     </span>
     <span class='ocr_line' id='line_1_92' title="bbox 1249 2733 2296 2775; baseline 0 -10"><span class='ocrx_word' id='word_1_615' title='bbox 1249 2737 1344 2766; x_wconf 86' lang='lat' dir='ltr'>nocte</span> <span class='ocrx_word' id='word_1_616' title='bbox 1364 2735 1572 2775; x_wconf 85' lang='lat' dir='ltr'>intempesta,</span> <span class='ocrx_word' id='word_1_617' title='bbox 1596 2736 1673 2767; x_wconf 88' lang='lat' dir='ltr'>dum</span> <span class='ocrx_word' id='word_1_618' title='bbox 1691 2736 1785 2768; x_wconf 86' lang='lat' dir='ltr'>Laius</span> <span class='ocrx_word' id='word_1_619' title='bbox 1797 2736 1969 2774; x_wconf 87' lang='lat' dir='ltr'>dormiret,</span> <span class='ocrx_word' id='word_1_620' title='bbox 1986 2735 2098 2767; x_wconf 85' lang='lat' dir='ltr'>stricto</span> <span class='ocrx_word' id='word_1_621' title='bbox 2113 2734 2181 2774; x_wconf 88' lang='lat' dir='ltr'>ejus</span> <span class='ocrx_word' id='word_1_622' title='bbox 2192 2733 2296 2774; x_wconf 79' lang='lat' dir='ltr'>gladio</span> 
     </span>
     <span class='ocr_line' id='line_1_93' title="bbox 1250 2786 2294 2827; baseline -0.001 -9"><span class='ocrx_word' id='word_1_623' title='bbox 1250 2786 1464 2826; x_wconf 81' lang='lat' dir='ltr'>Chrysippum</span> <span class='ocrx_word' id='word_1_624' title='bbox 1478 2787 1653 2826; x_wconf 84' lang='lat' dir='ltr'>sauciavit,</span> <span class='ocrx_word' id='word_1_625' title='bbox 1670 2787 1775 2827; x_wconf 83' lang='lat' dir='ltr'>gladio</span> <span class='ocrx_word' id='word_1_626' title='bbox 1799 2788 1831 2818; x_wconf 91' lang='lat' dir='ltr'>in</span> <span class='ocrx_word' id='word_1_627' title='bbox 1847 2796 1922 2824; x_wconf 88' lang='lat' dir='ltr'>eum</span> <span class='ocrx_word' id='word_1_628' title='bbox 1939 2787 2056 2819; x_wconf 83' lang='lat' dir='ltr'>defixo.</span> <span class='ocrx_word' id='word_1_629' title='bbox 2083 2786 2178 2818; x_wconf 84' lang='lat' dir='ltr'>Laius</span> <span class='ocrx_word' id='word_1_630' title='bbox 2193 2794 2294 2826; x_wconf 89' lang='lat' dir='ltr'>quum</span> 
     </span>
     <span class='ocr_line' id='line_1_94' title="bbox 1249 2836 2297 2878; baseline 0 -10"><span class='ocrx_word' id='word_1_631' title='bbox 1249 2838 1281 2868; x_wconf 87' lang='lat' dir='ltr'>in</span> <span class='ocrx_word' id='word_1_632' title='bbox 1298 2838 1384 2869; x_wconf 86' lang='lat' dir='ltr'>necis</span> <span class='ocrx_word' id='word_1_633' title='bbox 1398 2838 1611 2878; x_wconf 89' lang='lat' dir='ltr'>suspicionem</span> <span class='ocrx_word' id='word_1_634' title='bbox 1622 2838 1760 2870; x_wconf 79' lang='lat' dir='ltr'>venisset</span> <span class='ocrx_word' id='word_1_635' title='bbox 1773 2840 1903 2878; x_wconf 82' lang='lat' dir='ltr'>propter</span> <span class='ocrx_word' id='word_1_636' title='bbox 1919 2838 2059 2878; x_wconf 86' lang='lat' dir='ltr'>gladium</span> <span class='ocrx_word' id='word_1_637' title='bbox 2069 2860 2077 2875; x_wconf 92' lang='lat'>,</span> <span class='ocrx_word' id='word_1_638' title='bbox 2091 2837 2244 2868; x_wconf 86' lang='lat' dir='ltr'>liberatus</span> <span class='ocrx_word' id='word_1_639' title='bbox 2255 2836 2297 2868; x_wconf 86' lang='lat' dir='ltr'>ab</span> 
     </span>
     <span class='ocr_line' id='line_1_95' title="bbox 1250 2887 2298 2929; baseline -0.001 -9"><span class='ocrx_word' id='word_1_640' title='bbox 1250 2888 1318 2928; x_wconf 88' lang='lat' dir='ltr'>ipso</span> <span class='ocrx_word' id='word_1_641' title='bbox 1344 2890 1391 2920; x_wconf 89' lang='lat' dir='ltr'>est</span> <span class='ocrx_word' id='word_1_642' title='bbox 1418 2889 1617 2929; x_wconf 87' lang='lat' dir='ltr'>Chrysippo,</span> <span class='ocrx_word' id='word_1_643' title='bbox 1640 2889 1696 2928; x_wconf 87' lang='lat' dir='ltr'>qui</span> <span class='ocrx_word' id='word_1_644' title='bbox 1723 2889 1952 2920; x_wconf 77' lang='lat' dir='ltr'>semimortuus</span> <span class='ocrx_word' id='word_1_645' title='bbox 1974 2888 2040 2928; x_wconf 82' lang='lat' dir='ltr'>Jam</span> <span class='ocrx_word' id='word_1_646' title='bbox 2065 2888 2194 2919; x_wconf 85' lang='lat' dir='ltr'>veritati</span> <span class='ocrx_word' id='word_1_647' title='bbox 2221 2887 2298 2919; x_wconf 86' lang='lat' dir='ltr'>tulit</span> 
     </span>
    </p>
   </div>
   <div class='ocr_carea' id='block_1_19' title="bbox 1249 2939 2296 3031">
    <p class='ocr_par' dir='ltr' id='par_1_23' title="bbox 1249 2939 2296 3031">
     <span class='ocr_line' id='line_1_96' title="bbox 1249 2939 2296 2980; baseline -0.001 -9"><span class='ocrx_word' id='word_1_648' title='bbox 1249 2940 1479 2971; x_wconf 88' lang='lat' dir='ltr'>testimonium.</span> <span class='ocrx_word' id='word_1_649' title='bbox 1493 2940 1615 2980; x_wconf 83' lang='lat' dir='ltr'>Pelops,</span> <span class='ocrx_word' id='word_1_650' title='bbox 1628 2940 1693 2971; x_wconf 83' lang='lat' dir='ltr'>filio</span> <span class='ocrx_word' id='word_1_651' title='bbox 1703 2940 1839 2980; x_wconf 86' lang='lat' dir='ltr'>sepulto,</span> <span class='ocrx_word' id='word_1_652' title='bbox 1855 2939 2097 2980; x_wconf 80' lang='lat' dir='ltr'>Hippodamiam</span> <span class='ocrx_word' id='word_1_653' title='bbox 2110 2939 2214 2972; x_wconf 86' lang='lat' dir='ltr'>solum</span> <span class='ocrx_word' id='word_1_654' title='bbox 2223 2947 2296 2971; x_wconf 85' lang='lat' dir='ltr'>ver-</span> 
     </span>
     <span class='ocr_line' id='line_1_97' title="bbox 1249 2990 1864 3031; baseline 0 -9"><span class='ocrx_word' id='word_1_655' title='bbox 1249 2992 1317 3023; x_wconf 84' lang='lat' dir='ltr'>tere</span> <span class='ocrx_word' id='word_1_656' title='bbox 1332 2991 1445 3031; x_wconf 85' lang='lat' dir='ltr'>coegit.</span> <span class='ocrx_word' id='word_1_657' title='bbox 1461 2991 1632 3023; x_wconf 85' lang='lat' dir='ltr'>Dositheus</span> <span class='ocrx_word' id='word_1_658' title='bbox 1644 2991 1677 3022; x_wconf 91' lang='lat' dir='ltr'>in</span> <span class='ocrx_word' id='word_1_659' title='bbox 1697 2990 1864 3031; x_wconf 86' lang='lat' dir='ltr'>Pelopidis.</span> 
     </span>
    </p>
   </div>
   <div class='ocr_carea' id='block_1_20' title="bbox 1759 3067 1793 3099">
    <p class='ocr_par' dir='ltr' id='par_1_24' title="bbox 1759 3067 1793 3099">
     <span class='ocr_line' id='line_1_98' title="bbox 1759 3067 1793 3099; baseline 0.029 -1"><span class='ocrx_word' id='word_1_660' title='bbox 1759 3067 1793 3099; x_wconf 91' lang='grc'>8.</span> 
     </span>
    </p>
   </div>
   <div class='ocr_carea' id='block_1_21' title="bbox 1251 3124 2295 3216">
    <p class='ocr_par' dir='ltr' id='par_1_25' title="bbox 1251 3124 2295 3216">
     <span class='ocr_line' id='line_1_99' title="bbox 1293 3124 2295 3171; baseline -0.001 -8"><span class='ocrx_word' id='word_1_661' title='bbox 1293 3132 1460 3164; x_wconf 82' lang='lat' dir='ltr'>Dositheus</span> <span class='ocrx_word' id='word_1_662' title='bbox 1474 3132 1505 3163; x_wconf 93' lang='lat' dir='ltr'>in</span> <span class='ocrx_word' id='word_1_663' title='bbox 1525 3132 1620 3163; x_wconf 88' lang='lat' dir='ltr'>Dorio</span> <span class='ocrx_word' id='word_1_664' title='bbox 1633 3131 1712 3163; x_wconf 85' lang='lat' dir='ltr'>urbe</span> <span class='ocrx_word' id='word_1_665' title='bbox 1726 3130 1910 3171; x_wconf 84' lang='lat' dir='ltr'>Thamyrim</span> <span class='ocrx_word' id='word_1_666' title='bbox 1927 3129 2129 3162; x_wconf 85' lang='lat' dir='ltr'>harmoniam</span> <span class='ocrx_word' id='word_1_667' title='bbox 2145 3124 2295 3163; x_wconf 74' lang='lat' dir='ltr'>Doricam</span> 
     </span>
     <span class='ocr_line' id='line_1_100' title="bbox 1251 3183 1512 3216; baseline -0.004 -1"><span class='ocrx_word' id='word_1_668' title='bbox 1251 3183 1407 3216; x_wconf 79' lang='lat' dir='ltr'>invenisse</span> <span class='ocrx_word' id='word_1_669' title='bbox 1423 3183 1512 3214; x_wconf 82' lang='lat' dir='ltr'>dicit.</span> 
     </span>
    </p>
   </div>
   <div class='ocr_carea' id='block_1_22' title="bbox 2170 2545 2296 2552">
    <p class='ocr_par' dir='ltr' id='par_1_26' title="bbox 2170 2545 2296 2552">
     <span class='ocr_line' id='line_1_101' title="bbox 2170 2545 2296 2552; baseline 0 1152"><span class='ocrx_word' id='word_1_670' title='bbox 2170 2545 2296 2552; x_wconf 95' lang='lat' dir='ltr'> </span> 
     </span>
    </p>
   </div>
   <div class='ocr_carea' id='block_1_23' title="bbox 1596 3249 1949 3313">
    <p class='ocr_par' dir='ltr' id='par_1_27' title="bbox 1596 3249 1949 3313">
     <span class='ocr_line' id='line_1_102' title="bbox 1596 3249 1949 3313; baseline -0.008 0"><span class='ocrx_word' id='word_1_671' title='bbox 1596 3275 1662 3313; x_wconf 83' lang='lat' dir='ltr'>DE</span> <span class='ocrx_word' id='word_1_672' title='bbox 1682 3249 1949 3312; x_wconf 70' lang='lat' dir='ltr'>GENTums.</span> 
     </span>
    </p>
   </div>
   <div class='ocr_carea' id='block_1_24' title="bbox 1258 3367 2293 3460">
    <p class='ocr_par' dir='ltr' id='par_1_28' title="bbox 1258 3367 2293 3460">
     <span class='ocr_line' id='line_1_103' title="bbox 1297 3367 2293 3409; baseline -0.004 -7"><span class='ocrx_word' id='word_1_673' title='bbox 1297 3369 1521 3408; x_wconf 80' lang='lat' dir='ltr'>Eteobutadae‚</span> <span class='ocrx_word' id='word_1_674' title='bbox 1541 3377 1616 3409; x_wconf 82' lang='lat' dir='ltr'>gens</span> <span class='ocrx_word' id='word_1_675' title='bbox 1639 3369 1724 3409; x_wconf 91' lang='lat' dir='ltr'>apud</span> <span class='ocrx_word' id='word_1_676' title='bbox 1748 3369 1970 3407; x_wconf 82' lang='lat' dir='ltr'>Athenienses,</span> <span class='ocrx_word' id='word_1_677' title='bbox 1987 3367 2078 3407; x_wconf 88' lang='lat' dir='ltr'>quasi</span> <span class='ocrx_word' id='word_1_678' title='bbox 2103 3367 2158 3407; x_wconf 86' lang='lat' dir='ltr'>qui</span> <span class='ocrx_word' id='word_1_679' title='bbox 2179 3375 2254 3399; x_wconf 83' lang='lat' dir='ltr'>vere</span> <span class='ocrx_word' id='word_1_680' title='bbox 2275 3376 2293 3398; x_wconf 91' lang='lat' dir='ltr'>a</span> 
     </span>
     <span class='ocr_line' id='line_1_104' title="bbox 1258 3417 2288 3460; baseline -0.006 -5"><span class='ocrx_word' id='word_1_681' title='bbox 1258 3423 1340 3456; x_wconf 88' lang='lat' dir='ltr'>Buta</span> <span class='ocrx_word' id='word_1_682' title='bbox 1352 3420 1478 3454; x_wconf 89' lang='lat' dir='ltr'>oriundi</span> <span class='ocrx_word' id='word_1_683' title='bbox 1497 3422 1590 3460; x_wconf 57' lang='lat' dir='ltr'>sunu</span> <span class='ocrx_word' id='word_1_684' title='bbox 1611 3429 1685 3452; x_wconf 89' lang='lat' dir='ltr'>nam</span> <span class='ocrx_word' id='word_1_685' title='bbox 1709 3420 1792 3452; x_wconf 80' lang='grc' dir='ltr'>ἐτεόν</span> <span class='ocrx_word' id='word_1_686' title='bbox 1808 3419 1965 3460; x_wconf 81' lang='lat' dir='ltr'>significat</span> <span class='ocrx_word' id='word_1_687' title='bbox 1978 3426 2067 3450; x_wconf 85' lang='lat' dir='ltr'>vere.</span> <span class='ocrx_word' id='word_1_688' title='bbox 2083 3420 2129 3450; x_wconf 82' lang='lat' dir='ltr'>Ex</span> <span class='ocrx_word' id='word_1_689' title='bbox 2145 3417 2193 3450; x_wconf 84' lang='lat' dir='ltr'>his</span> <span class='ocrx_word' id='word_1_690' title='bbox 2216 3426 2288 3450; x_wconf 88' lang='lat' dir='ltr'>con·</span> 
     </span>
    </p>
   </div>
  </div>
 </body>
</html>
