2372 3704
304 175 599 215 POLYANTHI
631 174 892 222 CYRENAE1‚
922 174 1260 214 POLYCHARMI
1291 174 1643 216 NAUCRATITAE
1671 178 2002 218 FRAGMENTA.

130 268 321 304 Pisistrato
339 267 512 314 Liparaeo
528 265 679 301 aliunde
693 277 772 300 non
785 272 879 300 noto
895 265 1124 313 subjungere

74 327 185 362 liceat
195 327 308 362 alium
323 326 535 374 Liparaeum
552 337 658 372 aeque
670 325 857 373 ignotum,
874 324 1121 370 Pyrrhonem.

581 407 616 430 2.

126 455 315 492 Plutarch.
332 456 402 501 Qu.
423 455 534 489 Rom.
553 465 585 488 c.
613 465 679 500 79,
710 465 748 500 p.
766 452 856 499 283,
876 455 908 490 A
933 467 941 489 ε
962 471 977 486 «
998 451 1065 491 Διὰ
1090 451 1125 490 τί

73 515 132 550 τοῦ
161 511 478 563 θριαμὸεύσαντος,
499 504 573 548 εἶτα
605 510 835 554 ἀποθανόντος
868 511 929 549 καὶ
961 511 1122 558 καέντος,

73 569 151 617 ἐξῆν
183 569 300 608 ὀστέον
331 570 504 613 λαὸόντας
536 571 582 613 εἷς
616 568 679 616 τὴν
717 570 818 607 πόλιν
857 570 1026 624 εἰσφέρειν
1064 570 1124 608 καὶ

76 628 334 675 κατατίθεσθαι,
369 630 415 671 ὡς
438 627 585 680 Πύρρων
613 630 631 665 ὃ
655 630 853 680 Λιπαραῖος
878 629 1080 682 ἵστόρηκεν;
1108 646 1123 663 ι»

73 680 125 726 ’Ἦ
145 687 361 737 τῑμῆςὲνεκα
380 690 441 725 τοῦ
457 686 682 735 τεθνηκότος,
701 689 776 725 κτλ.

481 796 698 810 *00⁶—

117 877 610 936 POLYANTHUS
650 877 1075 936 CYRENAEUS.

75 995 197 1035 ΠΕΡΙ
225 997 328 1035 ΤΗΣ
340 996 441 1035 ΤΩΝ
459 996 823 1035 ΑΣΚΛΗΠΙΑΔΩΝ
841 997 1120 1037 ΓΕΝΕΣΕΩΣ.

122 1097 255 1133 Sextus
272 1098 383 1146 Emp.
404 1097 500 1134 Adv.
518 1098 634 1134 math.
659 1099 695 1143 1,
721 1110 787 1143 12,
810 1111 851 1146 p.
873 1110 944 1144 271
970 1098 1030 1135 ed.
1050 1100 1122 1135 Fa-

69 1155 162 1191 bric.
185 1168 193 1190 :
217 1153 418 1197 Πολύανθος
436 1153 471 1192 δὲ
491 1157 508 1192 ὁ
531 1156 726 1207 Κυρηναῖος
743 1156 778 1192 ἐν
795 1158 844 1207 τῷ
866 1155 955 1208 Περὶ
972 1159 1033 1202 τῆς
1052 1158 1120 1194 τῶν

70 1211 337 1260 Ἀσκληπιαδῶν
348 1212 514 1264 γενέσεως
530 1214 602 1264 (sc.
620 1213 829 1261 Ἀσκληπιὸν
842 1216 1122 1266 κεκεραυνῶσθαι

69 1269 202 1323 λέγει),
228 1270 280 1309 ὅτι
300 1270 361 1315 τὰς
379 1271 529 1324 Προίτου
548 1271 739 1326 θυγατέρας
759 1271 852 1310 κατὰ
873 1272 977 1324 χόλον
1003 1270 1121 1325 ἽΙρας

69 1330 237 1380 ἐμμανεῖς
254 1329 442 1381 γενομένας
462 1330 600 1370 ἰάσατο.

124 1391 250 1427 Schol.
270 1393 362 1426 Eur.
382 1392 465 1428 Alc.
497 1404 513 1427 1
537 1392 689 1428 exhibet
710 1391 857 1437 eadem,
876 1392 1012 1427 omisso
1033 1393 1121 1428 libri

68 1450 195 1487 titulo.
230 1450 308 1487 Pro
336 1447 537 1492 Πολύανθος
567 1451 620 1486 ibi
648 1452 786 1500 legitur
808 1449 1030 1502 Πολύαρχος.
1062 1451 1119 1489 Cf.

68 1507 272 1556 Phylarch.
295 1507 341 1545 fr.
372 1521 433 1554 17.

485 1605 700 1621 ...w-

117 1702 688 1848 POLYCtlAI'trlliIgg)
729 1700 1085 1768 (NAUCRA-

471 1902 719 1941 ΛΥΚΙΑΚΑ.

581 1992 612 2014 1.

349 2051 378 2085 Ε
406 2050 556 2085 LIBRO
587 2050 833 2086 SECUNDO.

121 2131 322 2167 Athenaeus
336 2132 427 2168 VIII
440 2160 450 2180 ,
466 2144 506 2180 p.
531 2131 604 2167 333
617 2159 627 2176 ‚
649 2133 682 2167 D
701 2145 708 2167 :
729 2131 782 2168 Οὐ
803 2130 1123 2181 κατασιωπήσομαι

69 2187 103 2226 δὲ
126 2188 203 2227 οὐδὲ
222 2187 299 2231 τοὺς
320 2190 359 2239 ἐν,
382 2188 496 2241 Λυκία
526 2188 768 2240 ἰχθυομάντεις
795 2188 941 2242 ἄνδρας,
971 2189 1051 2242 περὶ
1072 2183 1120 2227 ὧν

577 2306 609 2337 2.

113 2369 182 2400 Gur
195 2369 266 2408 ejus
283 2371 343 2409 qui
362 2369 581 2409 triumphum
600 2371 739 2409 camec,
755 2378 796 2401 ac
814 2369 938 2401 deinde
959 2372 1120 2403 mortuus

68 2423 311 2462 crematusque
323 2424 408 2454 essct
417 2445 425 2461 ‚
440 2422 568 2454 licebat
579 2431 615 2453 os
621 2425 798 2463 sumptum
809 2424 844 2454 in
856 2423 977 2455 urbem
988 2423 1122 2462 inferre

68 2482 110 2506 ac
127 2473 323 2514 deponere?
339 2478 408 2507 Hoc
424 2477 515 2507 enim
544 2475 678 2515 Pyrrho
694 2468 872 2516 Lipa'roeus
890 2475 1057 2508 tradidit.
1073 2479 1121 2508 An

69 2524 130 2558 hoc
149 2525 185 2557 fit
202 2526 235 2557 in
249 2526 369 2558 mortui
384 2527 558 2558 honorem?
573 2529 635 2558 etc.

123 2612 190 2651 DE
217 2613 649 2675 ASCLEPIADARUM
679 2586 1075 2655 GENERATIONEJ

111 2703 311 2744 Polyanthus
333 2705 418 2745 (sive
431 2705 645 2746 Polyarchus)
662 2707 695 2738 in
709 2707 791 2739 libro
806 2709 852 2739 De
867 2708 1122 2748 Asclepiadarum

29 2765 38 2771 ·
68 2755 272 2795 generatione
282 2756 502 2797 AEsculapium
513 2759 680 2798 propterea
691 2758 769 2791 dicit
781 2759 914 2791 fulmine
927 2760 1026 2791 ictum
1040 2769 1121 2799 esse,

68 2806 158 2846 quod
181 2808 277 2839 Proeti
293 2809 393 2848 filias,
411 2809 528 2850 quibus
544 2810 682 2842 sunonis
711 2810 756 2842 ira
772 2811 929 2843 insaniam
951 2811 1121 2852 iniecerat,

69 2858 197 2890 sanitati
217 2860 366 2892 restituit.

362 2940 430 2979 DE
454 2941 620 2981 REBUS
644 2943 824 2984 LYCIAE.

586 3027 615 3058 1.

113 3085 179 3116 Nec
199 3084 325 3116 silentio
344 3086 516 3125 praeteribo
542 3086 615 3119 illos
631 3087 662 3119 in
683 3088 776 3128 Lycia
801 3088 967 3129 homines,
987 3090 1042 3131 qui
1068 3099 1124 3131 per

73 3133 174 3175 pisces
183 3135 410 3176 vaticinantur,
433 3137 473 3169 de
483 3138 601 3178 quibus
616 3139 846 3180 Polycharmus
860 3142 969 3173 narrat
982 3142 1123 3174 secundo

72 3186 154 3218 libro
178 3189 299 3219 Rerum
323 3188 512 3228 Lyciarum‚
533 3190 577 3222 ita
595 3191 738 3223 scribens
757 3204 764 3223 :
784 3205 800 3220 κ
826 3194 1002 3234 Postquam
1028 3194 1124 3234 igitur

73 3237 115 3269 ad
127 3247 215 3271 mare
232 3241 464 3280 pervenerunt,
489 3241 545 3273 ubi
560 3242 593 3273 in
615 3242 709 3275 litore
722 3243 815 3275 lucus
827 3246 876 3276 est
899 3244 1072 3285 Apollinis,
1090 3245 1124 3277 in

73 3297 138 3329 quo
162 3291 210 3322 est
235 3291 413 3324 vorticosus
436 3292 468 3323 in
491 3301 588 3325 arena
617 3303 748 3335 gurges,
773 3295 933 3327 accedunt
956 3297 1122 3329 oraculum

75 3341 268 3382 consulturi,
282 3342 347 3374 duo
370 3342 472 3384 lignea
489 3353 587 3376 verua
605 3354 702 3377 manu
724 3347 889 3386 tenentes,
906 3348 938 3379 et
963 3348 994 3379 in
1011 3357 1122 3379 eorum

75 3392 211 3433 utroque
233 3402 319 3426 assas
341 3403 452 3427 carnes
472 3405 606 3430 numero
631 3397 754 3429 decem.
779 3399 815 3430 Et
831 3399 979 3431 sacerdos
992 3400 1122 3439 quidem

2154 185 2230 219 479

1186 264 1316 315 ἱστορεῖ
1351 263 1588 316 Πολύχαρμος
1617 265 1650 302 ἐν
1682 265 1829 318 δευτέρῳ
1859 268 2058 315 Λυκιακῶν,
2091 268 2231 321 γράφων

1188 320 1315 364 οὕτως·
1339 340 1353 355 «
1373 320 1489 359 “Otoev
1521 322 1587 374 γὰρ
1610 321 1771 360 διέλθωσι
1793 323 1878 375 πρὸς
1896 326 1958 371 τὴν
1981 326 2172 374 θάλασσαν,
2193 321 2232 365 οἷ

1186 379 1224 417 τὸ
1245 379 1349 423 ἄλσος
1372 380 1445 418 ἐστὶ
1477 379 1562 432 πρὸς
1594 382 1642 432 τῷ
1673 382 1821 433 αἰγιαλῷ
1848 386 1909 420 τοῦ
1933 383 2166 433 Ἀπόλλωνος,
2197 389 2233 425 ἐν

1187 432 1214 490 ᾧ
1234 440 1325 476 ἐστιν
1343 441 1365 485 ἡ
1395 438 1470 476 δίνα
1496 438 1556 476 ἐπὶ
1575 441 1636 484 τῆς
1656 439 1812 489 ἀμάθου,
1828 441 2079 492 παραγίνονται
2098 443 2234 495 ἔχοντες

1185 499 1215 536 οἱ
1237 497 1484 548 μαντευόμενοι
1513 497 1715 542 ὂὸελίσκους
1742 499 1801 537 δύο
1822 498 1991 550 ξυλίνους,
2013 499 2154 552 ἔχοντας
2179 502 2232 554 ἐφ’

1186 556 1340 610 ἑκατέρῳ
1358 556 1490 609 σάρκας
1507 556 1614 600 ὀπτὰς
1635 559 1770 610 ἀριθμῷ
1792 556 1891 597 δέκα.
1916 558 1986 597 Καὶ
2005 562 2023 596 ὃ
2043 559 2104 609 μὲν
2125 559 2234 612 ἱερεὺς

1184 613 1333 661 κάθηται
1365 614 1451 667 πρὸς
1487 617 1536 667 τῷ
1566 614 1666 653 ἄλσει
1696 619 1833 667 σιωπῇ,
1865 618 1883 653 ὁ
1917 615 1954 654 δὲ
1984 618 2235 666 μαντευόμενος

1185 672 1355 722 ἐμὸάλλει
1371 673 1450 717 τοὺς
1469 673 1673 717 ὁὸελίσκους
1690 675 1737 717 εἷς
1755 673 1818 720 τὴν
1839 673 1948 722 δίναν,
1965 675 2024 712 καὶ
2045 676 2236 728 ἀποθεωρεῖ

1185 730 1224 768 τὸ
1255 732 1448 782 γινόμενον.
1473 731 1575 771 Μετὰ
1602 730 1638 771 δὲ
1666 731 1729 779 τὴν
1763 731 1916 783 ἐμὸολὴν
1950 736 2018 772 τῶν
2046 733 2235 772 ὀδελίσκων

1185 790 1379 842 πληροῦται
1396 791 1574 838 θαλάσσης
1593 794 1615 838 ἡ
1646 791 1722 830 δίνα
1735 821 1745 840 ,
1766 791 1825 830 καὶ
1854 791 2085 845 παραγίνεται
2108 792 2236 844 ἰχθύων

1185 849 1314 895 πλῆθος
1335 853 1497 888 τοσοῦτον
1527 849 1587 887 καὶ
1617 853 1784 897 τοιοῦτον,
1813 848 1895 887 ὥστ’
1927 850 2180 897 ἐκπλήττεσθαι
2198 850 2238 888 τὸ

1185 907 1307 958 ὁρατὸν
1327 912 1387 946 τοῦ
1404 908 1611 960 πράγματος
1624 939 1634 958 ,
1655 910 1703 961 τῷ
1718 908 1752 946 δὲ
1771 907 1926 961 μεγέθει,
1948 908 2038 947 ὥστε
2057 909 2117 947 καὶ
2134 911 2237 948 εὐλα·

1186 964 1349 1011 ὅηθῆναι.
1382 963 1497 1005 ”Οταν
1532 966 1567 1004 δὲ
1596 966 1793 1018 ἀπαγγείλῃ
1826 967 1870 1004 τὰ
1904 966 1977 1014 εἴδη
2006 969 2076 1006 τῶν
2109 966 2237 1020 ἰχθύων

1185 1025 1203 1060 ὁ
1222 1023 1425 1077 προφήτης,
1448 1023 1555 1068 οὕτως
1586 1024 1643 1062 τὸν
1664 1024 1825 1077 χρησμὸν
1855 1024 2031 1075 λαμὸοἱνει
2056 1025 2154 1078 παρὰ
2174 1028 2235 1064 τοῦ

1183 1076 1301 1132 ἱερέως
1327 1084 1344 1119 ὁ
1374 1081 1624 1132 μαντευόμενος
1643 1082 1723 1135 περὶ
1748 1079 1796 1121 ὧν
1824 1082 1967 1130 ηὔξατο.
1988 1083 2181 1122 Φαίνονται
2202 1082 2237 1121 δὲ

1184 1139 1302 1192 ὀρφοὶ,
1322 1141 1490 1190 γλαῦκοι,
1509 1139 1614 1178 ἐνίοτε
1632 1140 1667 1178 δὲ
1687 1141 1854 1192 φάλαιναι
1873 1141 1895 1188 ἢ
1917 1142 2091 1194 πρίστεις,
2112 1141 2236 1180 πολλοὶ

1185 1197 1219 1235 δὲ
1239 1197 1298 1235 καὶ
1316 1197 1475 1250 ἀνόρατοι
1505 1199 1623 1250 ἰχθῦς,
1650 1199 1710 1237 καὶ
1733 1198 1820 1243 ξένοι
1841 1203 1883 1250 τῇ
1904 1199 1995 1253 ὄψει.
2016 1218 2031 1233 υ
2056 1202 2238 1250 Sequitur

1184 1257 1232 1293 de
1251 1257 1382 1293 eadem
1399 1271 1441 1294 re
1457 1260 1563 1294 locus
1580 1259 1828 1296 Artemidori.

1695 1360 1729 1383 2.

1238 1418 1419 1466 Stephan.
1437 1419 1522 1465 Byz.
1545 1427 1554 1454 ζ
1577 1418 1695 1468 Σοῧρα
1711 1445 1720 1463 ,
1744 1421 1905 1466 μαντεῖον
1925 1416 2079 1464 Λυκίας,
2102 1416 2182 1469 περὶ
2199 1411 2238 1455 οῧ

1185 1474 1424 1528 Πολύχαρμός
1440 1489 1543 1527 φησιν
1564 1475 1598 1512 ἐν
1620 1477 1830 1523 Λυκιακοῒς,
1856 1475 1946 1514 ὅπου
1966 1479 2025 1514 νῦν
2042 1476 2152 1529 φρέαρ
2171 1479 2237 1513 θα-

1184 1534 1336 1582 λοίσσης,
1359 1534 1463 1576 τόπος
1483 1533 1627 1586 Σούριος
1653 1533 1878 1585 καλούμενος.
1909 1535 1962 1574 Τὸ
1989 1534 2119 1573 ἐθνικὸν
2136 1537 2234 1574 ’Σου-

1187 1593 1298 1646 ρηνός.

1695 1653 1730 1691 3.

1198 1730 1207 1737 '
1238 1732 1346 1768 Idem
1366 1746 1373 1767 2
1394 1727 1551 1783 Ἴλαρις,
1577 1730 1676 1774 πόλις
1694 1730 1849 1783 Λυκίας,
1879 1734 1925 1775 ὡς
1944 1731 2184 1784 Πολύχαρμος
2203 1731 2237 1769 ἐν

1185 1791 1387 1833 Λυκιακοῖς,
1410 1789 1462 1828 Τὸ
1483 1789 1613 1835 ἕθνικὸν
1635 1789 1806 1842 Ἰλαρεύς.

1695 1890 1731 1928 4.

1240 1960 1347 1996 Idem
1387 1974 1395 1995 :
1432 1958 1584 2004 Φελλὸς,
1626 1958 1726 2002 πόλις
1761 1959 1990 2010 Παμφυλίας.
2032 1958 2233 2005 Ἑκαταῖος.

1187 2015 1406 2069 Ἀλέξανδρος
1432 2018 1450 2053 ὃ
1482 2014 1691 2067 Πολυΐστωρ
1713 2018 1746 2054 ἐν
1768 2019 1816 2069 τῷ
1836 2016 1925 2068 Περὶ
1946 2016 2079 2061 Λυκίας
2094 2017 2234 2056 Φελλὸν

1187 2075 1249 2112 καὶ
1267 2075 1485 2127 Ἀντίφελλον
1502 2074 1634 2118 Λυκίας
1655 2069 1742 2112 εἶναι
1761 2076 1867 2122 λέγει.
1889 2075 1930 2114 Ὁ
1947 2075 2089 2123 πολίτης
2104 2076 2239 2115 Φελλί-
2295 2107 2309 2113 -

1186 2149 1247 2180 της
1264 2133 1324 2171 καὶ
1349 2133 1626 2185 Ἀντιφελλίτης,
1647 2135 1692 2176 ὡς
1715 2132 1934 2186 Ἀλέξανδρος
1950 2135 1984 2172 ἐν
2003 2137 2045 2186 τῇ
2066 2133 2234 2187 εἰρημένῃ

1184 2190 1244 2228 καὶ
1262 2190 1513 2243 Πολύχαρμος.

1149 2308 1152 2315 “
1181 2303 1270 2335 sedet
1283 2303 1407 2335 silentio
1421 2303 1460 2334 ad
1475 2304 1584 2335 lucum
1597 2314 1606 2343 ;
1619 2304 1644 2335 is
1657 2306 1766 2335 autem
1780 2304 1836 2344 qui
1848 2305 2016 2336 oraculum
2030 2305 2126 2344 petit,
2140 2314 2239 2337 verua

1180 2355 1213 2385 in
1224 2356 1379 2395 gurgitem
1394 2355 1513 2395 injicit,
1528 2356 1560 2387 et
1575 2355 1654 2397 quid
1669 2355 1795 2387 eveniat
1810 2357 1988 2397 exspectat.
2001 2356 2130 2396 injectis
2146 2366 2238 2390 veru-

1181 2406 1241 2439 bus
1253 2407 1392 2448 repletur
1405 2416 1518 2448 gurges
1529 2408 1607 2439 mari
1622 2432 1630 2447 ,
1644 2400 1798 2449 adestque
1815 2408 1950 2448 piscium
1963 2409 2136 2441 multitudo
2149 2411 2239 2444 tanta

1181 2458 1335 2499 talisque,
1353 2460 1390 2490 ut
1406 2459 1619 2491 admiratione
1631 2460 1823 2500 stupefaciat
1838 2460 2009 2501 adspectus
2024 2462 2057 2493 et
2078 2462 2238 2502 magnitu-

1181 2510 1255 2541 dine
1281 2511 1417 2550 piscium
1439 2513 1545 2543 metus
1569 2511 1665 2543 etiam
1689 2512 1876 2545 incutiatur.
1903 2513 1981 2545 lnde
1996 2514 2167 2554 postquam
2187 2523 2239 2546 re-

1182 2562 1343 2594 nuntiavit
1357 2565 1464 2603 vates,
1482 2571 1633 2603 quaenam
1657 2563 1720 2595 sint
1742 2564 1876 2604 piscium
1892 2565 2030 2605 species,
2047 2565 2092 2598 sic
2107 2566 2238 2598 demum

1181 2621 1200 2644 a
1215 2614 1379 2646 sacerdote
1396 2623 1584 2654 responsum
1597 2624 1692 2655 super
1716 2615 1765 2647 his
1790 2625 1863 2656 quae
1882 2617 1962 2648 scire
1990 2617 2097 2657 cupit,
2124 2618 2239 2658 accipit

1181 2664 1207 2696 is
1226 2665 1279 2705 qui
1296 2666 1466 2698 oraculum
1483 2666 1666 2698 consultum
1695 2667 1793 2698 venit.
1813 2669 1975 2707 Apparent
2000 2669 2108 2700 autem
2124 2670 2237 2710 orphi,

1183 2717 1304 2757 glauci,
1319 2727 1552 2758 nonnunquam
1566 2719 1662 2750 etiam
1683 2719 1818 2751 balaenae
1831 2723 1887 2751 aut
1904 2721 2017 2760 pristes
2031 2722 2146 2763 multi;
2162 2731 2237 2754 vero

1182 2768 1278 2800 etiam
1296 2769 1397 2810 pisces
1415 2770 1568 2802 inusitata
1586 2779 1715 2810 prorsus
1728 2773 1760 2802 et
1773 2771 1899 2803 insolita
1914 2772 2030 2804 forma.
2052 2785 2075 2820 »—

1689 2828 1722 2859 2.

1227 2883 1308 2913 Sura
1318 2905 1326 2921 ‚
1342 2882 1507 2913 oraculum
1524 2882 1628 2922 Lyciae
1638 2906 1647 2921 ,
1660 2882 1700 2914 de
1715 2891 1780 2923 quo
1794 2883 2025 2923 Polycharmus
2041 2885 2073 2916 in
2095 2885 2238 2925 Lyciacis

1185 2933 1333 2974 exponit,
1349 2933 1403 2964 ubi
1423 2942 1509 2965 nunc
1524 2935 1640 2974 puteus
1656 2933 1770 2974 maris,
1785 2934 1875 2966 locus
1888 2935 1999 2968 surius
2015 2935 2130 2968 dictus.
2151 2938 2237 2968 Gen-

1185 2972 1259 3025 tile,
1275 2988 1429 3017 Sui-enus.

1226 3091 1333 3128 llaris,
1352 3090 1428 3121 urbs
1448 3090 1553 3130 Lyciae
1563 3114 1571 3129 ,
1590 3092 1626 3122 ut
1641 3091 1872 3132 Polycharmus
1887 3093 1920 3124 in
1935 3093 2040 3126 Rebus
2055 3094 2162 3135 Lyciis
2177 3095 2234 3127 ait.

1185 3143 1291 3182 Civis,
1310 3143 1466 3175 llarensis.

1229 3246 1378 3286 Phellus,
1398 3247 1476 3278 urbs
1500 3248 1710 3288 Pamphyliae.
1740 3250 1920 3282 Hecataeus.
1938 3249 2119 3282 Alexander
2138 3250 2233 3290 Poly-

1187 3297 1286 3329 histor
1310 3298 1342 3329 in
1358 3298 1440 3330 libro
1459 3301 1506 3330 De
1523 3300 1617 3340 Lycia
1630 3324 1639 3340 ‚
1666 3301 1814 3333 Phellum
1840 3303 1871 3333 et
1888 3302 2104 3342 Antiphellum
2127 3301 2232 3341 Lyciae

1185 3349 1345 3381 adscribit.
1363 3349 1467 3390 Civis,
1484 3351 1634 3383 Phellites
1648 3353 1680 3384 et
1694 3353 1931 3394 Antiphellites‚
1946 3354 1981 3385 ut
1994 3352 2170 3386 Alexander
2188 3352 2233 3384 ait

1186 3402 1217 3433 in
1234 3402 1314 3434 libro
1325 3402 1455 3435 laudato
1472 3405 1504 3436 et
1519 3404 1756 3444 Polycharmus.
