2326 3724
99 245 171 280 188

93 324 283 364 ἐπιδιδόναι
311 323 392 378 ἔφη,
426 323 502 362 ἀλλ’
533 322 753 374 ἐπειγόμενος
778 321 840 368 τὴν
873 322 992 375 ἑορτὴν
1022 324 1068 366 εἷς
1099 321 1143 360 τὰ

92 385 203 422 οἰκεῖα
221 386 384 430 ποιῆσαι,
405 382 466 421 καὶ
486 381 534 433 μὴ
554 381 759 434 βουλόμενος
775 379 897 433 τριὸὴν
918 381 977 418 καὶ
998 379 1141 433 ὑπέρθε-

93 457 147 479 σιν
170 442 330 493 γενέσθαι
345 445 388 494 τῇ
406 441 586 494 ὁδοιπορίᾳ
603 438 722 480 αὗτοῧ.
747 439 820 479 Καὶ
840 438 971 478 εἵλοντο
985 441 1016 477 οἱ
1037 455 1142 491 στρα-

94 501 217 538 τιῶται
236 499 361 538 λαόεἷν
381 500 421 538 τὸ
439 500 583 554 χρυσίον
603 497 788 543 ἀκινδύνως
806 497 866 536 καὶ
885 500 1146 551 παραχωρῆσαι

92 559 207 601 αὐτοῖς
227 559 424 611 παρελθεῖν.

144 622 202 656 De
219 621 363 670 Sapore
381 633 402 656 a
419 619 573 657 Callisto
593 619 700 655 clade
715 619 854 655 affecto
870 625 906 654 et
923 618 961 653 in
976 618 1143 654 Persiam

91 691 259 727 propere
276 678 487 727 refugiente
506 678 584 714 vid.
605 679 774 713 Zonaras
792 677 890 721 XII,
911 677 958 712 23
972 705 982 722 ,
1004 689 1044 724 p.
1071 675 1147 724 559

93 737 154 774 cd.
173 737 315 783 Bonn.,
335 737 498 785 Syncell.
517 749 559 784 p.
579 735 667 782 382,
687 737 731 772 B.
752 735 809 772 Cf.
833 736 1006 771 Zosimus
1019 736 1056 780 I,
1081 735 1145 783 39.

275 837 336 862 12.
359 823 573 873 (Aureliani
593 834 655 858 an.
679 835 721 868 2;
746 835 817 868 271
841 835 881 871 p.
906 821 967 873 C.)

151 911 253 947 Ibid.
279 924 320 960 p.
339 911 387 948 26
415 924 424 947 z
445 907 532 948 ‘'Ou
553 906 752 948 Οὗανδαλοὶ
765 907 970 955 ἡττηθέντες
987 907 1148 960 ἔπεμψαν

100 967 288 1019 πρεσῧείαν
308 967 394 1019 πρὸς
422 966 658 1019 Αὐρηλιανὸν,
691 967 977 1019 παρακαλοῦντες
993 968 1146 1018 εἰρήνην.

99 1026 316 1078 Αὐρηλιανὸς
333 1025 368 1064 δὲ
389 1025 550 1076 ἀσμένως
573 1024 729 1072 ἐδέξατο,
758 1024 819 1062 καὶ
845 1024 1047 1070 πακτεύσας
1063 1025 1150 1079 πρὸς

99 1083 222 1127 αὐτοὺς
240 1083 476 1137 ἀνεχώρησεν.

149 1146 245 1180 Rem
263 1145 379 1180 fusius
398 1152 529 1180 narrat
555 1145 754 1193 Dexippus
781 1144 827 1182 fr.
856 1149 903 1187 24
925 1143 1044 1194 (tom.
1071 1146 1148 1190 ΙΙΙ,
1169 1151 1175 1153 ’

100 1214 190 1252 pag.
216 1202 321 1252 685).
344 1203 400 1242 Cf.
421 1205 639 1240 Tillemont.
658 1205 727 1249 111,
741 1216 779 1252 p.
797 1203 887 1240 383.

249 1290 308 1327 13.
337 1290 584 1342 (Diocletiani
609 1303 669 1328 an.
703 1294 762 1333 14.
785 1303 859 1340 297
877 1304 918 1340 p.
939 1289 1002 1342 C.)

152 1373 253 1411 Ibid.
277 1385 317 1422 p.
348 1373 412 1411 26.
445 1386 492 1420 27
517 1386 526 1412 :
547 1370 634 1411 ‘'Oi-t
664 1371 880 1425 Ἀφφαρὸᾶν,
911 1371 1074 1424 φίλτατος
1104 1370 1152 1410 ὢν

102 1433 149 1473 ὡς
168 1429 324 1478 μάλιστα
344 1433 394 1483 τῷ
408 1430 580 1483 Ναρσαίῳ
595 1433 646 1482 τῷ
663 1431 811 1483 Περσῶν
832 1433 988 1482 βασιλεῖ,
1006 1433 1051 1475 εἷς
1070 1447 1152 1484 πρε-

101 1489 223 1527 σὸείαν
243 1490 411 1543 πεμφθεὶς
431 1488 493 1527 σὺν
520 1488 650 1541 ἱκετείᾳ
675 1491 725 1541 τῷ
749 1490 910 1543 Γαλερίῳ
937 1489 1148 1537 ὑπήντησεν.

99 1545 228 1591 ςὈστις
249 1548 368 1586 ἄδειαν
393 1552 453 1586 τοῦ
470 1548 583 1599 λέγειν
600 1547 720 1586 λαὸὼν
746 1542 838 1587 εἶπε·
858 1566 874 1584 ι
893 1549 1054 1601 Φανερόν
1079 1551 1152 1587 ἐστι

101 1608 152 1659 τῷ
172 1606 262 1657 γένει
279 1609 348 1644 τῶν
368 1606 573 1659 ἀνθρώπων,
592 1606 644 1644 ὅτι
659 1607 855 1659 ὡσπερανεὶ
870 1607 930 1645 δύο
946 1607 1152 1660 λαμπτῆρές

104 1667 189 1703 εἰσιν
211 1665 234 1712 ἥ
250 1681 287 1703 τε
309 1665 497 1713 Ῥωμαῖκὴ
523 1666 583 1703 καὶ
607 1665 767 1716 Περσικὴ
796 1665 975 1717 βασιλεία·
1003 1666 1063 1704 καὶ
1083 1666 1151 1719 χρὴ

111 1723 270 1776 καθάπερ
287 1723 487 1777 ὀφθαλμοὺς
506 1724 568 1771 τὴν
589 1724 709 1776 ἑτέραν
729 1727 773 1776 τῇ
793 1727 853 1771 τῆς
873 1725 991 1777 ἑτέρας
1010 1727 1153 1776 κοσμεῖ-

106 1786 187 1821 σθαι
204 1783 447 1836 λαμπρότητι,
465 1783 524 1821 nal
543 1782 591 1832 μὴ
606 1783 691 1835 πρὸς
705 1783 880 1836 ἀναίρεσιν
899 1786 1033 1822 ἑαυτῶν
1051 1786 1156 1835 ἀμοι-

103 1842 209 1880 &neb-v
228 1841 333 1894 μέχρι
353 1841 482 1886 παντὸς
497 1842 742 1894 χαλεπαίνειν.
759 1844 874 1882 Τοῦτο
886 1842 954 1894 γὰρ
969 1845 1032 1881 οὐκ
1047 1844 1155 1896 ἀρετὴ

105 1902 254 1950 μᾶλλον,
289 1899 380 1938 ἀλλὰ
405 1901 578 1954 κουφότης
604 1899 782 1951 νομίζεται
813 1899 834 1947 ἢ
865 1902 1048 1951 μαλακία·
1076 1901 1155 1947 τοὺς

103 1959 171 2013 γὰρ
207 1959 519 2012 μεταγενεστέρους
553 1960 703 2010 οἰόμενοι
734 1958 784 2010 μὴ
819 1959 986 1998 δύνασθαι
1017 1962 1155 2006 ἑαυτοῖς

107 2021 244 2070 βοηθεῖν
285 2018 519 2064 σπουδάζουσι
551 2018 630 2062 τοὺς
662 2019 972 2070 ἀντιτεταγμένους
1007 2021 1152 2060 ἀνελεῖν.

107 2077 169 2124 Μὴ
189 2079 319 2130 χρῆναι
344 2075 463 2126 μέντοι
488 2076 577 2127 μηδὲ
605 2078 788 2129 Ναρσαῗον
809 2078 1055 2130 ἀσθενέστερον
1085 2081 1155 2117 τῶν

107 2135 222 2175 ἄλλων
244 2135 416 2188 βασιλέων
434 2135 652 2187 νομίζεσθαι·
668 2135 760 2174 ἀλλὰ
773 2139 934 2175 τοσοῦτον
950 2139 1020 2175 τῶν
1037 2136 1154 2176 ἄλλων

106 2250 166 2288 ret,
180 2249 250 2280 haec
259 2248 410 2280 daturum
422 2256 489 2280 esse
499 2247 598 2288 dixit,
609 2247 664 2279 sed
672 2247 806 2279 domum
815 2247 965 2280 festinare
973 2273 983 2288 ,
995 2249 1032 2279 ut
1043 2249 1159 2280 festum

106 2302 213 2341 ageret
227 2302 260 2334 et
274 2301 405 2332 minime
415 2309 532 2341 cupere
544 2300 645 2332 ullam
655 2308 779 2332 moram
792 2309 850 2332 suo
864 2300 968 2332 itineri
986 2300 1156 2341 interponi.

109 2353 225 2384 Milites
242 2354 351 2384 autem
365 2353 464 2383 satius
477 2351 640 2384 duxerunt
653 2352 794 2392 pericula
807 2352 929 2384 evitare
944 2354 976 2384 et
992 2361 1046 2384 eos
1056 2353 1161 2385 sinere

109 2405 242 2438 transire
253 2407 283 2437 et
299 2413 414 2436 aurum
429 2404 585 2445 accipere.

608 2471 665 2503 12.

151 2537 287 2571 Vandali
303 2537 378 2570 victi
390 2537 545 2570 miserunt
557 2537 750 2577 legationem
764 2537 804 2568 ad
819 2537 1039 2576 Aurelianum,
1051 2546 1162 2577 pacem

111 2592 287 2633 poscentes.
310 2590 501 2622 Aurelianus
525 2590 650 2622 lubenti
672 2590 780 2622 animo
805 2599 860 2623 eos
884 2591 1026 2631 excepit,
1052 2592 1084 2622 et
1108 2599 1161 2631 pa·

112 2644 219 2676 ctione
234 2642 320 2685 pacis
337 2650 413 2674 cum
426 2642 501 2683 ipsis
514 2641 616 2682 sacta,
634 2641 738 2674 rediit.

610 2710 666 2742 13.

153 2778 347 2820 Appliarban
360 2786 460 2818 quum
476 2777 688 2809 amicissimus
713 2779 865 2816 Narsaeo,
886 2778 1055 2809 Persarum
1079 2776 1164 2816 regi,

113 2833 194 2863 esset
209 2831 324 2862 missus
350 2830 390 2861 ad
410 2829 617 2869 legationem,
641 2829 776 2869 supplex
797 2828 925 2861 Galerio
939 2829 1090 2860 occurrit.
1112 2830 1156 2867 ls,

115 2883 190 2915 (lata
204 2883 362 2923 potestate
376 2881 546 2922 loquendi,
562 2881 661 2921 dixit,
678 2883 861 2913 Romanum
875 2881 908 2913 et
929 2881 1089 2913 Persicum
1109 2881 1166 2911 iin-

115 2935 239 2976 perium
257 2943 325 2966 esse
353 2937 505 2974 tanquam
531 2933 595 2965 duo
613 2933 782 2964 luminaria
790 2943 800 2973 ;
817 2934 849 2966 et
864 2934 1011 2973 oportere
1029 2932 1166 2964 alterum

117 2987 264 3026 alterius,
282 2986 366 3018 sicut
393 2986 521 3025 oculos,
539 2986 609 3017 luce
626 2986 658 3017 et
676 2985 845 3026 splendore
866 2985 1038 3025 illustrari,
1062 2993 1167 3026 neque

117 3039 157 3071 ad
172 3037 418 3071 exstinctionem
446 3040 478 3069 et
498 3037 695 3069 eversionem
722 3037 862 3069 invicem
890 3036 950 3069 sibi
969 3037 1120 3069 molestos
1135 3037 1168 3068 et

117 3100 229 3132 graves
242 3099 320 3123 esse.
338 3092 405 3122 Hoc
419 3090 503 3121 enim
517 3099 582 3121 non
595 3091 696 3122 virtus
705 3115 714 3130 ‚
729 3090 783 3122 sed
800 3090 898 3131 magis
914 3090 1025 3122 levitas
1038 3090 1071 3122 et
1084 3090 1166 3122 mol-

119 3144 201 3176 lities
208 3144 401 3176 censeretur.
418 3143 498 3173 Nam
509 3142 564 3182 qui
578 3142 744 3173 inferiores
754 3142 832 3174 nillil
843 3142 902 3174 sibi
915 3142 1066 3183 prodesse
1077 3150 1167 3183 posse

120 3197 253 3237 putant,
268 3196 427 3227 conantur
445 3203 499 3226 eos
520 3195 575 3234 qui
595 3195 653 3226 sibi
670 3194 892 3234 adversantur,
907 3195 1020 3226 tollere
1033 3195 1065 3227 et
1079 3203 1167 3227 ever·

121 3251 196 3280 tere.
212 3249 283 3280 Non
299 3247 446 3287 oportere
473 3247 581 3277 autem
601 3247 765 3278 Narsaeum
783 3245 934 3277 omnibus
957 3246 1026 3278 aliis
1041 3245 1169 3287 regibus

122 3298 362 3332 imbecilliorem
382 3298 582 3337 existimare;
602 3297 657 3329 sed
679 3298 842 3330 Galerium
860 3299 952 3329 tanto
970 3297 1098 3338 reliquis
1117 3307 1165 3330 re-

122 3351 213 3391 gibus
227 3350 423 3391 superiorem
437 3357 504 3381 csse
514 3373 522 3388 ,
540 3352 574 3380 ut
587 3349 627 3380 ab
640 3357 678 3380 eo
689 3349 756 3380 solo
773 3348 888 3380 merito
900 3349 1050 3381 Narsaeus
1066 3349 1169 3381 victus

123 3404 174 3443 sit,
191 3401 318 3435 tametsi
333 3409 373 3433 ne
386 3402 533 3433 Narsaeus
546 3399 676 3440 quidem
693 3409 712 3432 a
729 3409 859 3432 suorum
874 3400 1033 3441 majorum
1048 3401 1168 3433 virtute

125 3455 215 3487 absit.
238 3454 395 3487 Praeterea
417 3452 499 3486 dixit
523 3445 714 3494 Appliarban
737 3452 925 3486 mandatum
948 3453 1007 3485 sibi
1030 3452 1124 3486 fuisse
1149 3461 1168 3485 a

968 235 1116 275 PETRI
1145 231 1369 275 PATRICII

1207 318 1379 372 βασιλέων
1400 317 1567 370 Γαλέριον
1582 308 1774 372 ὑπερέχειν,
1791 318 1882 358 ὥστε
1900 319 2001 359 αὐτὸν
2022 319 2133 374 τούτῳ
2153 320 2249 375 μόνῳ

1206 378 1347 422 δικαίως
1376 380 1555 431 Ναρσαῒον
1583 381 1774 427 ἡττῆσθαι,
1809 379 1923 417 καίτοι
1942 382 2004 426 τῆς
2022 382 2090 417 τῶν
2113 379 2248 418 οἰκείων

1205 437 1382 490 προγόνων
1405 437 1502 482 ἀξίας
1529 437 1799 490 καταδεέστερον
1827 440 1866 477 οὗ
1892 438 2087 490 γενόμενον.
2110 457 2125 472 »
2157 438 2251 492 Πρὸς

1207 496 1341 539 τούτοις
1371 495 1488 548 ἔλεγεν
1522 499 1541 534 ὃ
1569 495 1771 550 Ἀφφαρὸᾶν
1800 498 2000 536 ἐντετάλθαι
2032 499 2126 551 αὐτῷ
2154 497 2251 550 παρὰ

1208 553 1411 607 Ναρσαίου,
1439 556 1486 598 ὡς
1506 554 1640 606 ἔχοντες
1663 557 1712 606 (l.
1737 555 1874 608 ἔχοντος
1895 557 1965 608 N.)
1985 555 2192 606 ἐπιείκειαν,
2211 555 2251 594 τὸ

1209 616 1270 660 τῆς
1293 612 1422 656 οἰκείας
1447 613 1626 664 βασιλείας
1647 613 1777 653 δίκαιον
1794 618 1836 667 τῇ
1858 614 2047 665 Ῥωμαίων
2067 614 2252 668 ἐπιτρέψαι

1210 670 1464 724 φιλανθρωπίᾳ.
1491 673 1685 724 Ἰὀιγαροῧν
1719 671 1808 723 μηδὲ
1836 673 1914 717 τοὺς
1945 673 2065 724 ὅρκους
2087 674 2253 725 κομίζειν,

1211 729 1261 783 ἐφ’
1283 724 1331 773 οἷς
1359 730 1429 782 χρὴ
1459 730 1612 782 γίνεσθαι
1644 730 1705 778 τὴν
1735 732 1886 784 εἰρήνην,
1917 733 2009 771 ἀλλὰ
2029 733 2068 772 τὸ
2097 732 2176 772 ὅλον
2208 736 2254 786 τῇ

1210 787 1334 840 γνώμῃ
1349 792 1408 827 τοῦ
1431 788 1601 841 βασιλέως
1616 791 1761 837 διδόναι,
1783 791 1873 837 πλὴν
1891 790 1943 829 ὅτι
1959 794 2161 844 παρακαλεῖ
2178 791 2256 836 τοὺς

1209 847 1338 891 παῖδας
1358 847 1462 898 μόνον
1482 847 1542 886 καὶ
1571 846 1633 892 τὰς
1652 849 1808 900 γαμετὰς
1834 851 1928 902 αὐτῷ
1949 851 2178 897 ἀποδοθῆναι,
2198 849 2256 888 διὰ

1209 907 1271 952 τῆς
1297 904 1427 943 τούτων
1452 905 1652 950 ἀποδόσεως
1670 907 1776 946 πλέον
1798 907 2008 960 εὐεργεσίαις
2034 908 2149 961 ἔνοχος
2169 902 2256 946 εἶναι

1211 964 1321 1015 λέγων
1340 963 1363 1011 ἢ
1383 963 1502 1008 ὅπλοις
1525 965 1673 1017 περιών·
1693 965 1771 1004 οὐδὲ
1791 970 1848 1004 νῦν
1871 967 2038 1006 δύνασθαι
2057 969 2136 1006 κατ’
2157 966 2255 1012 ἀξίαν

1211 1022 1358 1075 χάριτας
1377 1025 1574 1075 ὁμολογεῖν,
1594 1023 1647 1061 ὅτι
1670 1025 1705 1062 ἐν
1734 1026 1964 1078 αἰχμαλωσίᾳ
1991 1025 2169 1077 γενόμενοι
2196 1027 2258 1072 τῆς

1212 1082 1366 1120 ἐντεῦθεν
1384 1083 1445 1120 οὒκ
1462 1082 1696 1134 ἐπειράθησαν
1718 1081 1850 1134 ὕὸρεως
1861 1114 1872 1132 ,
1891 1085 1968 1122 ἀλλ’
1984 1084 2075 1123 οὕτω
2094 1099 2259 1137 μετεχει-

1214 1139 1380 1193 ρίσθησαν
1401 1142 1447 1184 ὡς
1462 1143 1505 1192 τῇ
1525 1141 1635 1195 οἰκείᾳ
1652 1142 1804 1195 εὐγενείᾳ
1825 1142 1904 1181 ὅσον
1925 1142 2022 1181 οὔπω
2037 1142 2258 1190 ἀποδοθησό-

1215 1214 1327 1249 μενοι.
1346 1199 1409 1239 Ἐν
1436 1200 1570 1244 τούτοις
1592 1202 1638 1244 εἰς
1658 1200 1800 1251 μνήμην
1824 1195 1887 1253 ἦγε
1907 1202 1967 1240 καὶ
1986 1201 2025 1240 τὸ
2041 1203 2109 1240 τῶν
2127 1203 2259 1255 ἀνθρω-

1213 1258 1321 1296 πίνων
1339 1258 1558 1310 πραγμάτοιν
1577 1259 1851 1309 εὖμετάὸλητον.
1875 1259 1921 1299 ‘O
1939 1258 1975 1299 δὲ
1992 1259 2159 1315 Γαλέριος
2174 1260 2260 1313 πρὸς

1215 1320 1328 1354 ταῦτα
1356 1316 1456 1361 δόξας
1475 1317 1688 1370 ὀργίζεσθαι,
1706 1318 1973 1369 συγκινήσαςκτὸ
1992 1321 2116 1358 ἑαυτοῦ
2137 1321 2261 1371 σῶμα,

1215 1375 1425 1426 ἀπεκρίνατο
1444 1376 1567 1428 λέγων,
1589 1378 1627 1415 οὐ
1645 1378 1761 1420 καλῶς
1784 1378 1924 1427 Πέρσας
1940 1377 2058 1422 ἀξιοῦν
2073 1381 2135 1426 τῆς
2152 1393 2262 1428 μετα-

1215 1434 1320 1480 ὃολῆς
1335 1437 1403 1471 τῶν
1418 1435 1639 1486 ἀνθρωπίνων
1658 1435 1876 1489 πραγμάτων
1894 1435 2030 1489 ἑτέρους
2048 1439 2262 1488 μεμνῆσθαι,

1215 1493 1317 1531 ὁπότε
1338 1495 1434 1531 αὐτοὶ
1454 1497 1577 1546 καιροῦ
1597 1494 1918 1545 ἔπιλαμόανόμενοι
1939 1497 1975 1533 οὐ
1993 1495 2169 1534 παύονται
2185 1501 2263 1540 ταῖς

1215 1554 1283 1589 τῶν
1305 1551 1496 1604 ἀνθρώπων
1521 1558 1713 1605 συμφοραῖς
1741 1553 1964 1601 ἐπικείμενοι.
1993 1571 2014 1598 α,
2038 1555 2167 1597 Καλῶς
2193 1553 2262 1606 γὰρ

1216 1609 1276 1648 καὶ
1305 1609 1363 1648 ἐπὶ
1387 1612 1602 1662 Βαλεριανοῦ
1627 1611 1667 1649 τὸ
1692 1611 1817 1664 μέτρον
1837 1615 1898 1658 τῆς
1923 1611 2018 1659 νίκης
2043 1611 2258 1665 ἐφυλάξατε,

1217 1667 1337 1712 οἵτινες
1354 1669 1464 1712 δόλοις
1481 1669 1585 1708 αὐτὸν
1607 1670 1852 1717 ἀπατήσαντες
1867 1670 2058 1724 κατέσχετε
2080 1671 2140 1709 καὶ
2158 1670 2264 1724 μέχρι

1217 1727 1333 1781 γήρως
1364 1728 1517 1781 ἐσχάτου
1544 1728 1604 1767 καὶ
1627 1730 1788 1776 τελευτῆς
1807 1729 1934 1779 ἀτίμου
1960 1732 2022 1768 οὐκ
2043 1730 2263 1777 ἀπελύσατε,

1217 1780 1291 1824 εἷτα
1311 1786 1400 1836 μετὰ
1422 1786 1569 1826 θάνατον
1592 1794 1734 1841 μυσαρᾷ
1751 1804 1819 1826 τινι
1837 1788 1944 1840 τέχνῃ
1965 1787 2004 1826 τὸ
2025 1788 2138 1841 δέρμα
2159 1790 2264 1827 αὐτοῦ

1220 1844 1434 1898 φυλάξαντες
1454 1848 1567 1899 θνητῷ
1588 1846 1727 1897 σώματι
1737 1846 1907 1885 ἀθάνατον
1919 1847 2015 1897 ὕὸριν
2030 1847 2236 1900 ἔπηγοίγετε.
2249 1866 2263 1882 υ

1216 1906 1340 1945 Ταῦτα
1367 1903 1546 1949 διεξελθὼν
1567 1907 1585 1942 ὁ
1607 1904 1787 1956 βασιλεὺς,
1814 1905 1875 1943 καὶ
1905 1903 2012 1943 εἰπὼν
2041 1905 2266 1944 {andnim-

1222 1965 1426 2016 καμφθῆναι
1442 1964 1508 2015 οὐχ
1523 1957 1573 2007 οἷς
1593 1963 1734 2017 Πέρσαι
1750 1962 1807 2000 διὰ
1825 1965 1887 2007 τῆς
1905 1962 2093 2016 πρεσὸείας
2110 1963 2267 2014 ὗπέμνη·

1221 2036 1302 2071 σαν,
1320 2023 1368 2064 ὡς
1387 2020 1463 2059 δέον
1488 2021 1574 2073 πρὸς
1592 2021 1653 2065 τὰς
1673 2020 1889 2075 ἀνθρωπίνας
1909 2023 2042 2074 ἀφορᾶν
2059 2021 2168 2074 τύχας
2191 2021 2267 2073 (διὰ

1218 2083 1322 2118 τοῦτο
1340 2079 1407 2131 γὰρ
1425 2081 1558 2131 μᾶλλον
1579 2080 1639 2118 καὶ
1654 2080 1736 2132 πρὸς
1753 2079 1858 2133 ὀργὴν
1873 2080 2064 2132 προσήκειν
2080 2083 2267 2131 κινεῖσθαι,

1225 2137 1258 2176 εἴ
1272 2154 1323 2182 τις
1341 2138 1427 2191 πρὸς
1444 2138 1466 2176 ἃ
1487 2138 1625 2191 Πέρσαι
1641 2139 1866 2192 πεπράχασιν
1887 2138 2134 2193 ἀποὸλέψειεν)
2145 2169 2156 2188 ,
2175 2138 2268 2178 ἀλλὰ

1222 2251 1374 2290 Narsaeo,
1389 2251 1496 2282 omnia
1512 2250 1630 2291 proprii
1648 2250 1734 2291 regni
1749 2250 1823 2291 jura
1838 2252 2060 2283 Romanorum
2077 2251 2268 2284 humanitati

1221 2301 1399 2341 committi,
1414 2301 1518 2342 ipsum
1532 2310 1663 2343 aequum
1683 2311 1750 2335 esse
1775 2302 1892 2335 ducere
1910 2316 1918 2335 :
1945 2311 2050 2344 neque
2066 2302 2135 2335 ideo
2158 2302 2268 2334 condi-

1221 2353 1342 2392 tiones,
1357 2353 1474 2393 quibus
1486 2362 1598 2394 pacem
1615 2354 1682 2386 fieri
1697 2354 1811 2393 vellet,
1825 2355 1930 2395 ipsum
1943 2355 2025 2386 serre
2035 2378 2046 2395 ,
2061 2354 2116 2387 sed
2126 2354 2158 2386 id
2167 2362 2270 2387 ‚omne

1222 2404 1422 2445 imperatoris
1440 2405 1572 2438 arbitrio
1589 2406 1783 2446 permittere.
1801 2408 1870 2438 Hoc
1885 2406 1990 2438 solum
2003 2406 2108 2446 ipsum
2130 2406 2268 2446 hortari,

1224 2458 1260 2488 ut
1274 2456 1332 2488 sibi
1347 2466 1482 2489 uxorem
1499 2459 1531 2489 et
1547 2457 1628 2489 filios
1646 2457 1812 2498 redtleret;
1830 2467 1910 2499 quos
1933 2458 1959 2490 si
1978 2458 2152 2498 reciperet,
2165 2458 2270 2490 multo

1224 2509 1456 2542 devinctior-em
1474 2519 1508 2543 se
1523 2511 1568 2542 illi
1585 2511 1652 2543 sore
1665 2511 1846 2551 beneficiis,
1860 2520 1958 2552 quain
1971 2511 1997 2543 si
2010 2510 2108 2554 armis
2125 2510 2269 2550 vicisset3

1223 2571 1264 2594 ne
1276 2569 1363 2594 nunc
1376 2563 1507 2603 quidem
1526 2563 1603 2595 satis
1615 2572 1673 2604 pro
1689 2563 1804 2596 merito
1817 2564 1933 2604 gratias
1950 2571 2044 2604 agere
2061 2571 2170 2604 posse,
2183 2563 2269 2604 qumi

1224 2614 1341 2654 captivi
1363 2614 1447 2645 haud
1461 2614 1632 2655 quicquam
1650 2615 1854 2647 contumeliae
1869 2615 1952 2656 passi
1969 2615 2034 2647 sint
2045 2639 2056 2654 ,
2081 2614 2139 2647 sed
2162 2615 2207 2647 ita
2218 2614 2271 2646 ha-

1225 2665 1301 2704 biti,
1319 2667 1355 2697 ut
1376 2666 1517 2706 pristinae
1535 2675 1602 2698 suae
1616 2667 1773 2699 nobilitati
1800 2666 1904 2707 primo
1930 2675 2060 2708 quoque
2074 2662 2222 2708 tempore
2235 2675 2271 2699 se

1226 2717 1411 2749 restitutum
1419 2717 1456 2749 iri
1467 2719 1639 2758 sperarent.
1651 2720 1711 2750 llic
1722 2719 1843 2758 legatus
1855 2720 2023 2751 Persarum
2036 2718 2068 2750 in
2083 2718 2271 2751 memoriam

1226 2768 1388 2801 revocavit
1407 2777 1513 2800 rerum
1528 2769 1741 2801 humanarum
1756 2770 2015 2803 inconstantiam.
2035 2770 2083 2802 Ad
2098 2778 2172 2811 quae
2186 2770 2272 2803 visus

1225 2821 1273 2852 est
1298 2820 1443 2852 Galerius
1467 2820 1640 2860 subirasci,
1669 2823 1702 2853 et
1726 2822 1795 2853 toto
1821 2830 1955 2862 corpore
1978 2823 2179 2862 commotus,
2205 2829 2271 2855 non

1226 2874 1312 2905 recte
1330 2875 1455 2913 Persas,
1469 2873 1531 2913 ait,
1546 2874 1672 2913 petere,
1694 2874 1730 2904 ut
1744 2874 1797 2905 alii
1819 2873 1983 2906 varietatis
1995 2876 2028 2906 et
2049 2874 2272 2907 inconstantiae

1226 2934 1334 2958 rerum
1357 2925 1571 2956 humanarum
1599 2925 1836 2963 meminissent,
1862 2925 1982 2965 quippe
1997 2925 2052 2966 qui
2066 2926 2144 2966 ipsi,
2167 2934 2271 2967 quum

1226 2977 1373 3010 secundae
1388 2986 1438 3009 res
1453 2977 1515 3008 illis
1528 2976 1737 3017 contigerint,
1755 2976 1920 3008 hominum
1934 2975 2169 3008 calamitatibus
2186 2977 2272 3008 ultro

1226 3029 1344 3062 instare
1356 3037 1418 3060 non
1432 3028 1630 3060 desisterent.
1647 3041 1662 3056 «ι
1675 3028 1762 3060 Belle
1771 3027 1892 3059 scilicet
1901 3026 2054 3059 adversus
2065 3027 2271 3060 Valerianum

1228 3081 1477 3114 moderationem
1492 3081 1523 3112 in
1539 3080 1675 3113 victoria
1689 3079 1843 3112 tenuistis.
1861 3081 1942 3112 Nam
1955 3079 2030 3111 dolo
2045 3087 2119 3111 eum
2133 3079 2270 3120 cepistis,

1227 3135 1260 3166 et
1277 3142 1379 3175 usque
1404 3132 1444 3165 ad
1467 3133 1644 3165 extremam
1665 3131 1863 3164 senectutem
1886 3132 1919 3163 et
1943 3131 2080 3163 mortem
2097 3131 2223 3172 turpem
2239 3133 2273 3164 et

1228 3186 1347 3219 soedam
1361 3195 1425 3219 non
1446 3185 1619 3218 dimisistis.
1636 3185 1741 3217 Etiam
1762 3186 1834 3224 post
1848 3185 1986 3216 mortem
2000 3184 2120 3216 nefaria
2134 3187 2202 3216 arte
2218 3191 2271 3216 cu·

1226 3239 1294 3271 tem
1312 3238 1380 3279 eius
1405 3237 1639 3275 custodientes,
1661 3236 1788 3268 mortali
1808 3236 1932 3277 corpori
1957 3235 2172 3268 immortalem
2186 3235 2270 3276 igno·

1227 3291 1359 3323 miniam
1372 3289 1538 3322 inussistis.
1555 3301 1571 3318 u
1584 3291 1620 3321 ln
1633 3288 1692 3320 ista
1706 3288 1864 3328 digressus
1874 3289 1922 3320 est
1937 3288 2121 3328 imperator,
2135 3288 2168 3319 et
2177 3287 2271 3326 dixit,

1227 3353 1261 3377 se
1277 3343 1406 3386 quidem
1423 3342 1506 3375 flecti
1524 3350 1590 3374 non
1606 3341 1666 3381 llis,
1683 3349 1822 3382 quorum
1845 3342 1946 3372 Persae
1962 3340 1995 3372 in
2016 3339 2171 3380 legatione
2185 3348 2272 3371 men-

1228 3398 1346 3428 tionem
1362 3395 1521 3433 fecerant,
1534 3394 1681 3434 oportere
1691 3393 1723 3424 in
1739 3400 1847 3424 reruni
1856 3392 2069 3423 humanarum
2085 3391 2271 3422 varietatem

1228 3449 1343 3483 intueri
1372 3449 1382 3490 (
1397 3448 1439 3480 ob
1453 3447 1514 3480 hoc
1531 3447 1615 3479 enim
1629 3446 1654 3478 si
1674 3444 1745 3486 quis
1759 3444 1798 3478 ad
1817 3453 1872 3486 ea,
1896 3452 1967 3486 quae
1983 3445 2087 3477 Persae
2103 3442 2271 3475 commise-
