2372 3704
401 223 719 263 EUANORIDAE
745 222 884 270 ELEI,
912 221 1187 269 Euenum,
1216 222 1409 261 EUDOXl
1437 224 1615 262 RHODII
1645 225 1976 266 FRAGMENTA.

111 310 148 346 3.
181 308 239 346 Cf.
269 307 469 343 Eualcidas
489 307 600 343 Eleus
623 318 686 355 ap.
713 307 873 348 Pausan.
902 305 974 350 VI,
1011 305 1077 350 16,
1107 304 1150 350 63

107 367 326 404 Eretriensis
347 377 410 414 ap.
433 364 621 403 Herodot.
641 365 686 410 V,
707 375 794 401 102.

532 478 555 481 --
564 472 748 487 ...00οω

256 562 719 622 EUANORIDAS
761 563 1007 620 ELEUS.

429 673 823 713 οΛΥΜΠΙοΝιΚΑι.

160 770 378 817 Pausanias,
397 770 448 806 VI
472 768 513 816 8,
544 782 559 804 1
584 767 811 820 ιΕὐανορίδα
833 766 868 804 δὲ
889 765 992 805 ἐἨλ
963 782 1021 804 Ειω
1026 766 1152 812 πάλης

107 829 142 866 ἐν
167 825 290 865 παισὶν
318 825 505 877 ὓπηρξεν”
486 842 521 864 εν
540 842 578 865 τε
598 826 779 879 Ὀλυμπία
798 826 859 864 καὶ
880 825 1038 876 Νεμείων
1058 824 1149 872 νίκη.

107 884 295 936 Γενόμενος
319 884 354 923 δὲ
375 884 642 932 Ἑλλανοδίκης,
661 885 792 956 ἔγραψε
818 883 878 923 καὶ
898 887 992 927 οὗτος
1015 883 1058 921 τὰ
1077 883 1152 923 ὀνό-

107 959 203 994 ματα
221 946 256 982 ἐν
272 942 454 996 Ὀλυμπία
471 945 539 982 τῶν
558 943 799 990 νενικηκότων.
814 943 875 986 Ἐς
892 941 927 980 δὲ
946 941 1080 990 πύκτην
1095 942 1152 981 ἄν·

107 1002 191 1054 δρα,
211 1001 312 1057 γένος
332 1002 394 1052 μὲν
416 1001 597 1076 Ἀρκάδα’
582 1017 621 1040 εκ
642 1000 869 1054 Παρρασίων,
895 1000 1086 1052 Δάμαρχον
1116 999 1152 1039 δὲ

106 1059 299 1111 ὄνομα,οὔ
317 1075 375 1111 μοι
393 1059 502 1098 πιστὰ
521 1054 580 1108 ην,
604 1059 694 1113 πέρα
713 1075 751 1111 γε
771 1062 831 1106 τῆς
847 1060 881 1097 ἐν
899 1058 1081 1111 Ὀλυμπία
1102 1058 1150 1097 νί-

109 1133 194 1165 κης,
215 1118 328 1157 ὁπόσα
349 1118 440 1156 ἄλλα
458 1119 590 1172 ἀνδρῶν
611 1118 786 1163 ἀλαζόνων
806 1117 898 1156 ἐστὶν
913 1117 1091 1170 εἰρημένα,
1107 1119 1152 1160 ὼς

108 1176 143 1222 ἐξ
148 1175 373 1247 ω,ιιίνθρώπου
366 1176 558 1215 αεταὸάλοι
572 1176 611 1215 τὸ
627 1170 713 1220 εἶδος
735 1178 768 1221 ἐς
787 1176 925 1214 λύκον’
910 1175 968 1213 επὶ
986 1178 1029 1227 τῇ
1049 1175 1150 1214 θυσία

108 1250 170 1274 του
187 1235 342 1275 Λυκαίου
358 1234 456 1283 Διὸς,
478 1234 539 1272 καὶ
557 1236 602 1278 ὥς
621 1234 761 1287 υστερον
786 1232 915 1272 τούτων
934 1232 1002 1271 ἔτει
1017 1233 1151 1287 δεκάτῳ

106 1293 241 1345 γένοιτο
262 1286 357 1337 αυθις
374 1293 637 1347 ἄνθρωπος.οὖ
662 1292 732 1344 μὴν
752 1291 861 1332 οὐδὲε
849 1291 915 1330 υπὸ
931 1308 959 1330 τ
953 1307 998 1330 m
1026 1291 1152 1345 Ἀρκά-

107 1353 174 1390 δων
196 1351 360 1404 λέγεσθαί
376 1367 435 1402 μοι
457 1355 559 1390 τοῦτο
581 1350 738 1404 ἐφαίνετο
757 1353 790 1395 ἐς
806 1350 921 1389 αὐτόν·
937 1350 1074 1402 ἐλέγετο
1085 1350 1150 1403 γὰρ

108 1411 151 1450 ἂν
171 1411 231 1450 καὶ
252 1411 319 1449 ὕπὸ
335 1414 395 1449 τοῦ
415 1410 680 1463 ἐπιγράμματος
698 1425 757 1448 του
776 1411 811 1448 ἐν
837 1408 1061 1462 ΜὈλυμπίᾳ.
1066 1411 1151 1462 Εχει

109 1469 176 1522 γὰρ
194 1468 235 1515 δὴ
249 1468 355 1512 οὕτως
367 1484 375 1492 ·

193 1557 264 1593 Υἱὸς
277 1557 411 1588 Δινύττα
423 1555 590 1596 Δάμαρχος
602 1554 684 1592 τήνδ’
697 1554 841 1591 ἀνέθηκεν

228 1602 335 1643 εἰκόν’,
348 1601 401 1635 ἀπ’
414 1602 573 1651 Ἀρκαδίας
587 1602 763 1642 Παρράσιος
775 1600 895 1641 γενεάν.

108 1682 222 1720 Τοῦτο
245 1679 307 1730 μὲν
325 1678 366 1725 δὴ
381 1680 414 1723 ἐς
433 1681 576 1717 τοσοῦτο
589 1677 788 1724 πεποίηται.

161 1741 429 1777 Narrationem
445 1739 493 1775 de
511 1738 727 1775 Damarcho
744 1737 944 1786 exscripsi,
971 1738 1151 1785 quoniam

106 1799 263 1835 fortasse
283 1810 328 1834 ex
346 1799 431 1847 ipso
449 1795 559 1833 fluxit
573 1796 805 1832 Euanorida.

159 1858 299 1893 Plinius
319 1857 364 1892 H.
387 1857 433 1894 Ν.
451 1856 540 1900 VII,
567 1867 615 1890 22
628 1882 638 1899 ,
665 1854 712 1896 34
729 1865 738 1892 ε
758 1855 913 1890 Nullum
932 1862 1008 1890 tam
1027 1858 1150 1903 impu-

107 1916 199 1951 dens
213 1915 444 1951 mendacium
459 1922 528 1958 est,
550 1922 589 1949 ut
604 1921 692 1949 teste
706 1921 847 1951 careat.
866 1915 893 1948 Ι
892 1921 1001 1961 taque
1015 1915 1150 1961 Agrlo·

102 1987 190 2023 pas,
213 1978 277 2022 qui
298 1974 577 2021 Olympionicas
604 1975 767 2019 scripsit,
794 1979 928 2007 narrat
951 1973 1151 2008 Demoene-

107 2041 182 2068 tum
211 2032 489 2081 (Damarchum
519 2043 594 2066 sec.
629 2029 807 2078 Pausan.)
842 2029 1081 2066 Part-bassum
1114 2035 1151 2065 in

105 2091 301 2138 sacrificio,
319 2090 418 2138 quod
429 2090 596 2124 Arcades
606 2089 636 2123 J
632 2091 688 2123 ονί
697 2090 831 2135 Lycoeo
846 2087 1016 2123 humana
1025 2093 1153 2124 etiam-

106 2157 181 2184 tum
201 2148 324 2184 hostia
341 2145 562 2193 faciebant,
585 2147 769 2181 immolati
782 2149 896 2194 pueri
921 2154 1013 2181 exta
1033 2147 1151 2194 degu-

104 2215 221 2243 stasse
239 2210 333 2243 etin
355 2207 480 2254 lupum
498 2218 538 2240 se
564 2208 799 2248 convertisse;
825 2205 979 2239 eundem
1008 2206 1152 2241 decimo

105 2279 205 2302 anno
235 2268 439 2301 restitutum
470 2263 662 2298 athleticae
694 2270 853 2297 certasse
886 2266 923 2297 in
944 2264 1122 2310 pugilatu
1137 2290 1147 2307 ,

109 2327 353 2371 victoremque
371 2324 549 2370 Οζγιηρία
566 2334 759 2357 reversum.

156 2383 231 2418 Pro
259 2385 395 2429 Itaque
420 2383 622 2427 Agriopas,
663 2380 703 2414 in
732 2378 1010 2426 antiquioribus
1031 2378 1145 2414 codd.

2169 234 2249 267 ⁴0⁷

1215 304 1347 341 hibent
1369 318 1377 341 :
1402 306 1602 355 Agriopas,
1637 308 1800 355 Acopas‚
1839 308 1974 358 Copae,
2012 313 2074 345 Ita
2109 311 2246 359 Copas,

1215 365 1350 410 Itaque
1365 363 1486 412 Copas
1510 368 1573 412 qui
1604 366 1875 413 Οζγιηρίοηὶεα.
1905 368 1948 401 In
1979 367 2101 403 indice
2125 375 2251 403 aucto-

1214 433 1300 456 rum
1319 421 1369 457 ad
1387 415 1527 457 librum
1545 423 1635 458 VIII
1655 424 1794 471 legitur
1812 437 1818 458 z
1842 439 1856 455 «
1883 425 2054 460 Euanthe
2068 428 2247 474 Agrippa,

1214 483 1279 527 qui
1299 476 1652 528 Ὀλυμπιονίκας.
1676 498 1691 512 ιι

1269 538 1525 587 Euanoridas,
1541 540 1682 575 nobilis
1696 541 1821 586 Eleus,
1843 541 1942 576 bello
1961 549 2092 589 captus
2112 555 2133 578 a
2152 545 2256 591 Lyco

1215 598 1440 633 Achaeorum
1454 605 1688 647 propraetore
1709 597 1797 646 (01.
1823 603 1917 643 140,
1940 599 1972 635 3.
2003 599 2076 635 218
2102 612 2137 635 a.
2166 602 2206 637 C.
2226 599 2255 649 ),

1214 663 1448 692 memoratur
1464 668 1527 704 ap.
1548 657 1683 704 Polyb.
1706 659 1748 702 V,
1768 661 1816 705 94
1831 684 1841 701 ‚
1860 658 1898 693 6.

1631 764 1843 778 &canufi—-

1532 857 1931 916 EUCRATES.

1612 971 1850 1009 ΡΟΔΙΑΚΑ.

1267 1055 1474 1103 Hesychius
1491 1068 1526 1093 v,
1538 1052 1586 1093 ”E
1595 1054 1616 1091 λ
1626 1068 1674 1091 ατ
1684 1069 1701 1105 ρ
1712 1069 1729 1091 ο
1738 1070 1768 1102 ν,
1786 1053 1972 1106 Εὐκράτης
1990 1055 2023 1091 ἐν
2042 1053 2234 1096 Ῥοδιακοῖς
2245 1083 2256 1100 ,

1214 1110 1362 1162 ἔνδυμα,
1384 1111 1614 1162 κατάξωσμα.

1266 1173 1464 1208 Athenaeus
1475 1174 1546 1218 ΙΙΙ,
1558 1185 1597 1220 p.
1619 1186 1634 1208 1
1646 1186 1660 1209 1
1671 1185 1704 1219 1,
1717 1173 1769 1210 C:
1790 1170 1887 1211 Ἓτν
1898 1171 1989 1215 ίτας
2004 1171 2104 1223 ἄρτος
2120 1174 2138 1210 ὃ
2154 1186 2259 1223 προσ-

1217 1230 1463 1281 αγορευόμενος
1480 1229 1669 1277 λεκιθίτας,
1693 1229 1738 1273 ὥς
1761 1245 1844 1283 φησι
1861 1223 2055 1281 Εὐκράτης.

1629 1345 1843 1359 ’‘O-0.—

1364 1438 1713 1496 EUDOXUS
1754 1437 2090 1496 RHODIUS.

1265 1550 1454 1597 Diogenes
1470 1549 1642 1585 Laertius
1661 1549 1765 1593 VIII,
1787 1561 1836 1596 90
1863 1560 1871 1585 :
1894 1545 2065 1598 Γεγόνασι
2085 1546 2120 1584 δὲ
2143 1546 2255 1586 Εὔδο-

1215 1605 1264 1650 ξοι
1280 1608 1388 1658 τρεῖς·
1405 1605 1506 1648 αὐτὸς
1523 1600 1619 1648 οὗτος
1637 1607 1713 1655 (sc.
1731 1607 1748 1643 ὁ
1764 1604 1920 1655 Κνίδιος)
1934 1620 1942 1627 ·
1960 1604 2090 1656 ἕτερος,
2106 1604 2255 1654 Ῥόδιος,

1213 1664 1365 1715 ἱστορίας
1381 1663 1574 1717 γεγραφώς.
1603 1667 1707 1702 AEtas
1735 1666 1923 1711 auctoris,
1945 1677 2015 1701 nec
2035 1677 2114 1700 non
2142 1677 2257 1713 argu-

1213 1731 1381 1760 mentum
1401 1731 1515 1772 atque
1535 1724 1696 1760 ambitus
1713 1724 1956 1760 historiarum
1972 1722 2118 1759 definiri
2137 1735 2257 1760 accu—

1214 1785 1330 1819 ratius
1350 1797 1428 1819 non
1446 1791 1618 1832 possunt.

1611 1870 1853 1909 ΙΣΤΟΡΙΑΙ.

1723 1960 1754 1983 1.

1266 2017 1520 2070 Apollonius
1507 2017 1643 2054 Mirab.
1660 2030 1695 2054 c.
1719 2021 1795 2060 24:
1817 2013 1998 2059 Εὔδοξοςὸ
2019 2013 2150 2056 Ῥόδιος
2166 2013 2255 2064 Περὶ

1213 2068 1274 2114 τὴν
1301 2066 1470 2113 Κελτικὴν
1489 2061 1577 2105 εἷναί
1607 2084 1638 2105 τι
1667 2067 1759 2111 ἔθνος
1787 2083 1907 2119 φησιν,
1934 2066 2035 2113 ὃτὴν
2055 2066 2189 2118 ἡμέραν
2217 2067 2254 2103 οὗ

1216 2126 1368 2178 βλέπειν,
1386 2125 1449 2172 τὴν
1470 2124 1505 2163 δὲ
1523 2124 1629 2163 νύκτα
1645 2127 1742 2178 ὁρᾶν.

1715 2229 1751 2253 2.

1538 2300 1567 2334 E
1595 2298 1746 2334 LIBRO
1773 2298 1924 2334 NONO.

1262 2380 1384 2425 Etym.
1400 2379 1454 2415 M.
1474 2391 1512 2427 p.
1536 2377 1600 2424 18,
1628 2377 1675 2424 57
1696 2391 1705 2416 ι
1724 2375 1928 2428 Ἀδρίας,τὸ
1946 2375 2110 2426 πέλαγος.
2131 2375 2252 2414 Διονύ-

104 2440 218 2476 fuerit
245 2442 347 2487 Itaq.
368 2440 616 2485 Euagriop'as,
644 2437 750 2484 quod
771 2438 894 2485 ipsum
925 2443 1149 2484 corruptum
1211 2450 1292 2478 σιος·
1310 2435 1346 2478 ὃς
1362 2434 1527 2487 πρότερον
1545 2434 1599 2473 ἐπὶ
1617 2438 1659 2486 τῇ
1678 2435 1894 2484 Ὀλυμπιάδι
1910 2435 1972 2485 (Δ.
1988 2434 2181 2486 ὁπρότερος
2198 2433 2254 2471 ἐπὶ

105 2511 182 2535 esse
193 2506 344 2547 poterat
357 2510 403 2534 ex
423 2500 524 2545 Itaq.
542 2497 794 2531 Euanort'das.
815 2496 942 2531 Nostri
958 2495 1047 2530 libri
1074 2507 1137 2530 ex-

434 2617 820 2657 OLYMPIONICAE.

147 2693 343 2726 Euanoridas
368 2693 463 2725 Eleus
481 2691 611 2733 puerilis
630 2692 726 2724 luctae
742 2690 908 2722 victoriam
935 2688 1092 2732 Olympiae
1114 2701 1151 2723 ac

105 2749 233 2779 Nemeae
260 2746 406 2788 adeptus.
431 2746 521 2778 Idem
534 2754 637 2786 quum
659 2744 863 2777 Helianodica
883 2744 984 2775 sactus
1002 2746 1069 2783 est,
1086 2745 1152 2785 ipse

104 2801 201 2832 etiam
215 2808 344 2838 eorum,
363 2798 419 2839 qui
443 2798 529 2829 ludis
549 2797 722 2838 Olympicis
737 2796 899 2834 vicerant,
916 2796 1046 2828 nomina
1071 2806 1150 2828 con-

98 2851 235 2890 scripsit.
264 2852 311 2881 De
326 2849 432 2890 pugile
444 2857 520 2880 vero
538 2847 704 2880 Parrhasio
727 2855 765 2878 ex
792 2847 945 2886 Arcadia,
968 2848 1019 2879 cui
1034 2857 1151 2879 nomen

107 2901 297 2940 Demarcho,
314 2909 388 2941 quae
399 2900 561 2932 memoriae
575 2899 702 2940 prodita
726 2899 819 2938 sunt,
835 2899 951 2938 praeter
970 2899 1150 2943 Olympiam

105 2953 270 2984 victoriam
298 2951 514 2983 fabulatorum
542 2950 712 2982 hominum
738 2950 888 2990 figmenta
911 2958 980 2982 esse
1001 2950 1150 2989 arbitror,
1190 2967 1194 2972 -

104 3003 190 3048 qnod
206 3003 324 3035 scilicet
341 3003 372 3034 in
385 3002 475 3035 Jovis
489 3002 595 3042 Lycaei
613 3001 711 3033 sacris
723 3002 755 3032 in
775 3001 887 3041 lupum
905 3010 1076 3032 conversus
1093 3001 1150 3032 de-

105 3056 190 3087 cimo
205 3064 313 3087 rursus
338 3064 423 3086 anno
450 3055 615 3095 pristinam
639 3054 809 3094 recepisset
826 3054 963 3085 hominis
992 3054 1149 3094 figuram:

105 3108 192 3148 quod
216 3110 302 3140 certe
314 3110 532 3139 commentum
555 3116 596 3138 ne
617 3107 816 3147 exipsorum
843 3106 973 3147 quidem
991 3107 1150 3138 Arcadum

105 3168 252 3191 sermone
278 3161 385 3190 ortum
413 3168 481 3191 esse
506 3159 584 3189 mihi
608 3158 747 3190 videtur.
765 3158 798 3189 Si
821 3167 934 3189 verum
954 3159 1048 3196 esset,
1067 3158 1151 3189 haud

105 3210 201 3242 dubie
225 3212 344 3242 mentio
367 3210 435 3250 eJus
451 3210 539 3241 tieret
555 3209 651 3241 etiam
670 3209 702 3241 in
723 3208 950 3249 epigrammate
978 3209 1134 3249 Olympiae

105 3261 191 3302 quod
207 3261 252 3293 sic
269 3261 363 3293 habet
382 3271 389 3292 ε

176 3319 298 3356 Dinytta
307 3320 424 3355 genitus
438 3319 618 3348 Damarchus
637 3317 755 3347 dedicat
769 3319 883 3347 hancce

210 3365 355 3401 effigiem,
370 3365 515 3394 Arcadico
531 3363 705 3392 Parrhasius
717 3371 836 3400 genere.

109 3418 268 3450 Hactenus
280 3426 389 3449 versus
402 3418 446 3448 iiii
467 3417 655 3457 loquuntur.

1208 2496 1250 2546 τῇ
1262 2494 1315 2544 4η’
1330 2495 1382 2532 ὀλ.
1394 2495 1429 2544 Ρ)
1444 2494 1545 2531 πόλιν
1559 2495 1691 2532 ἔκτισεν
1706 2492 1841 2546 Ἀδρίαν
1856 2494 1890 2531 ἐν
1904 2495 1953 2545 τῷ
1964 2492 2108 2544 Ἰωνικῷ
2121 2491 2256 2544 κόλπῳ,

1588 2628 1655 2666 ΒΕ
1684 2627 1874 2666 ΒΗΟΒΟ.

1255 2718 1438 2758 malrum,
1452 2717 1535 2758 apud
1560 2698 1730 2748 eucratem
1745 2717 1777 2748 in
1798 2716 1906 2748 Rebus
1926 2716 2144 2756 Rhodiorum,
2162 2715 2255 2747 indu-

1211 2771 1375 2808 mentum,
1395 2769 1568 2808 cingulum

1253 2823 1392 2854 Etm'tas
1419 2821 1509 2862 panis
1531 2820 1616 2852 idem
1642 2821 1690 2851 est
1720 2819 1776 2860 qui
1802 2819 1960 2852 lecithitas
1987 2793 2131 2859 vocatur,
2154 2820 2191 2850 ut
2214 2819 2258 2850 ait

1211 2874 1373 2906 Eucrates.

1597 2926 1632 2962 H
1639 2924 1868 2963 [STORIAE.

1719 3015 1733 3046 1
1744 3038 1752 3046 .

1254 3093 1404 3126 Eudoxus
1419 3091 1562 3123 Rhodius
1579 3091 1610 3122 in
1625 3091 1744 3122 Celtica
1756 3091 1884 3131 regione
1898 3092 2024 3131 gentem
2039 3099 2105 3122 esse
2115 3090 2170 3128 ait,
2185 3097 2256 3129 quae

1213 3145 1348 3177 interdiu
1365 3152 1430 3174 non
1449 3143 1576 3182 cernat,
1593 3142 1647 3174 sed
1667 3144 1762 3174 noctu
1783 3142 1900 3174 videat.

1254 3258 1456 3290 Adriaticum
1468 3266 1568 3289 mare.
1584 3257 1754 3298 Dionysius
1766 3257 1871 3289 senior
1886 3257 2016 3288 Adriam
2030 3255 2140 3287 urbem
2157 3254 2196 3285 ad
2212 3253 2254 3284 si-

1212 3320 1290 3342 num
1304 3310 1450 3342 Ionicum
1470 3309 1632 3349 condidit;
1647 3309 1688 3341 ab
1703 3318 1740 3341 ea
1753 3318 1842 3341 mare
1853 3309 2049 3341 Adriaticum
2063 3307 2252 3347 appellatur.

1213 3362 1364 3395 Eudoxus
1378 3370 1452 3393 vero
1467 3362 1498 3392 in
1522 3370 1608 3392 nono
1623 3360 1832 3392 Historiarum
1847 3361 1927 3391 libro
1942 3358 2137 3391 Adriaticum
2169 3365 2254 3387 mare

1213 3422 1328 3444 nomen
1345 3413 1462 3444 habere
1480 3414 1577 3443 refert
1597 3412 1637 3443 ab
1653 3411 1748 3443 Adria
1762 3411 1931 3450 Messapio,
1951 3409 2101 3441 Pausonis
2116 3408 2191 3438 silio.
