2372 3704
1002 251 1319 291 FRAGMENTA
1327 280 1336 290 .

153 459 335 508 Antigon.
363 457 458 493 Hist.
485 458 572 495 Mir.
595 469 626 493 c.
649 454 708 492 5:
741 453 787 494 ‘0
807 453 843 492 δὲ
863 453 1045 505 Μυρσίλος
1062 456 1081 492 ὃ
1104 453 1148 492 τὰ

101 514 286 554 Aeaeum&
314 512 564 567 συγγεγραφώς
594 527 713 565 φησιν,
738 515 800 559 τῆς
823 512 1081 556 Ἀντισσαίας’
1066 529 1101 551 εν
1119 515 1149 566 ᾧ

100 573 198 626 τόπῳ
214 574 457 625 μυθολογεῖται
483 571 543 611 καὶ
572 571 747 610 δείκνυται
768 570 804 609 δὲ
831 573 850 610 ὁ
865 571 971 625 τάφος
991 570 1057 610 υπὸ
1080 573 1148 610 τῶν

101 631 280 705 ἐγγωρίων
295 634 360 678 τ’ῆς
370 634 435 670 τοῦ
455 629 612 684 Ὀρφέως
628 631 802 683 κεφαλης,
818 629 915 673 τὰς’
896 629 1046 677 αηδόνας
1064 623 1151 669 εἶναι

102 689 336 744 εὖφωνοτέρας
350 692 418 729 τῶν
436 690 567 731 ἄλλων.
586 690 644 729 Cf.
663 692 822 728 Pausan.
840 691 921 739 lx,
940 690 1012 738 30,
1033 690 1069 729 5.

154 855 335 903 Antigon.
355 854 450 890 Hist.
468 853 553 890 Mir.
571 865 606 891 c.
645 865 689 899 17
709 851 779 903 (15
796 851 1013 902 Westerm.)
1033 849 1155 903 εΜυρ-

105 908 198 953 σίλος
217 910 253 948 δὲ
270 913 288 948 ὁ
307 909 492 954 Λέσὸιος’
477 925 512 948 εν
531 912 581 962 τῶ
603 909 675 962 ὄρει
698 909 802 962 φησὶν
821 909 1073 960 Λεπετύμνσγι)ε
1064 908 1153 961 ιερὸν

102 967 317 1013 ’Λπόλλωνος
333 972 421 1007 εἶναι
440 968 501 1007 καὶ
517 948 645 1021 ἡρίῖἰον,
647 968 896 1019 Λεπετύμνου,
913 969 968 1021 ἐφ’
988 962 1030 1020 ᾧ,
1046 967 1154 1006 καθοί-

103 1042 171 1079 περ
191 1029 226 1066 ἐν
242 1030 293 1081 τῶ
313 1027 512 1101 Kpdwmvi,
530 1027 590 1066 δύο
616 1027 720 1078 μόνον
742 1021 829 1065 εἶναι
857 1027 1027 1080 κόρακας,
1047 1027 1156 1066 ὄντων

103 1087 166 1124 οὐκ
189 1085 348 1137 ὀλίγων’
333 1102 368 1125 εν
383 1091 454 1129 τοῖς
469 1084 615 1133 πλησίον
629 1085 760 1129 τόποις.

154 1137 212 1182 De
221 1146 458 1195 Lepetymno
468 1153 598 1182 monte
611 1145 658 1183 cf.
671 1146 919 1195 Theophrast.
930 1147 987 1182 De
1001 1146 1108 1194 aquis
1117 1147 1151 1191 I,

105 1208 150 1251 14,
167 1204 383 1240 Philostrat.
407 1205 499 1242 Her.
521 1217 563 1253 p.
587 1204 683 1250 7163
702 1205 850 1240 Tzetzes
873 1203 922 1240 ad
944 1206 1038 1251 Lyc.
1060 1203 1151 1248 384.

109 1262 223 1311 1098.
247 1265 524 1312 Lepetymnum
541 1263 741 1310 Methymae
755 1263 934 1298 maritum
954 1262 1050 1299 dicit
1076 1264 1155 1299 Ste-

107 1321 222 1369 phan.
251 1322 340 1369 Byz.
358 1333 397 1358 v·
420 1318 600 1369 Μήθυμνα
625 1328 663 1357 et
680 1320 905 1357 Parthenius
923 1321 1029 1358 Erot.
1049 1332 1092 1356 21
1117 1321 1157 1355 in

104 1377 245 1417 Λέσὸου
266 1376 376 1416 κτίσει
394 1379 564 1415 versibus
579 1379 740 1427 scripta,
758 1378 954 1427 Apollonii
968 1379 1026 1414 uti
1050 1378 1156 1415 vide-

104 1445 190 1487 tur3
220 1444 320 1473 certe
337 1437 516 1485 Myrsilo‚
549 1437 616 1484 qui
641 1449 756 1486 prosa
784 1437 957 1474 oratione
986 1438 1154 1487 scripsit,

72 1529 80 1531 .
105 1496 302 1533 Passovius
319 1495 514 1532 vindicare
534 1507 618 1532 eam
632 1507 712 1532 non
728 1495 904 1534 debebat.

602 1593 660 1619 10.

157 1669 282 1716 Etym.
300 1668 352 1704 M.
371 1679 412 1716 p.
434 1666 498 1713 56,
520 1665 586 1716 45,
600 1679 640 1706 v.
655 1665 856 1705 Λευκοθέαε
881 1668 1057 1719 Μυρσῑνος
1073 1665 1157 1718 (sic)

107 1723 141 1762 δὲ
154 1725 192 1762 οὖ
205 1723 308 1774 μόνον
318 1723 381 1771 τὴν
396 1723 475 1763 Ἰνὼ
488 1723 685 1764 Λευκοθέαν
696 1724 813 1778 φησὶν,
830 1724 922 1763 ἀλλὰ
934 1724 994 1762 καὶ
1007 1723 1068 1768 τὰς
1081 1726 1157 1772 Νη-

107 1781 227 1834 ρηίδας
247 1782 442 1827 Λευκοθέας
467 1783 644 1833 ὀνομάζει.
663 1786 807 1822 Eadem
823 1786 992 1822 Eudocia
1006 1798 1045 1834 p.
1067 1785 1156 1832 276.

106 1843 162 1881 Cf.
183 1844 347 1891 Hesych.
370 1856 379 1879 z
402 1841 606 1890 Λευκοθέαι,
624 1847 737 1880 πᾶσαι
755 1844 791 1880 αἱ
808 1842 959 1882 ποντίαι.
977 1843 1037 1881 Ob
1056 1845 1157 1881 hunc

107 1908 209 1937 certe
227 1902 357 1938 locum
371 1914 451 1938 non
467 1908 549 1938 erat
565 1914 636 1938 cur
655 1909 850 1938 strenuum
867 1903 1079 1939 fabularum
1094 1916 1159 1940 no·

106 1967 278 1996 vatorem
299 1961 503 2008 -Myrsilum
533 1961 742 2009 appellaret
770 1962 981 1998 Meinekius
996 1962 1045 1998 ad
1071 1964 1157 1998 Eu-

104 2018 219 2066 phor.
240 2031 279 2067 p.
301 2031 388 2066 107,
411 2019 469 2055 uti
487 2025 592 2056 recte
609 2027 740 2056 monet
761 2020 890 2058 Ebert.
907 2021 947 2056 in
962 2021 1059 2060 Diss.
1082 2021 1156 2057 Sic.

105 2088 147 2125 p.
168 2075 260 2119 254.

604 2149 619 2173 1
632 2149 646 2172 1
655 2165 663 2174 .

165 2212 322 2248 Photius
346 2214 439 2251 Lex.
456 2226 498 2262 p.
525 2213 595 2262 193
617 2226 626 2249 ε
651 2211 794 2262 Λινόν,
814 2212 934 2255 κοινῶς
955 2211 1016 2262 μὲν
1038 2211 1158 2256 ἄνθος·

112 2269 339 2323 Θεόφραστος
351 2269 387 2308 δὲ
399 2270 598 2322 νάρκισσον,
614 2270 791 2322 Μυρσίλος
802 2270 838 2309 δὲ
855 2271 1062 2324 Λεσὸιακοῗς
1077 2266 1163 2316 εἶδος

108 2327 243 2372 ἄνθους,
262 2330 520 2367 Probabiliter
536 2332 616 2367 haec
633 2343 679 2368 eo
699 2332 787 2368 loco
814 2332 960 2377 attulit,
982 2344 1059 2380 quo
1077 2344 1160 2368 ser-

106 2401 261 2425 monem
275 2390 436 2425 instituit
452 2390 499 2426 de
517 2390 616 2426 Lino
627 2417 638 2435 ,
656 2402 772 2439 quem
787 2391 843 2426 uti
861 2390 962 2440 apud
978 2391 1162 2441 Argivos,

611 2503 648 2535 8.

148 2556 315 2597 Myrsilus,
339 2556 397 2597 qui
417 2558 464 2589 De
479 2556 574 2589 rebus
587 2556 709 2590 Lesbiis
720 2557 865 2598 scripsit,
891 2557 924 2590 in
940 2557 1095 2590 Antissaea
1110 2566 1160 2591 re-

107 2607 200 2648 gione
211 2607 307 2648 dicit,
324 2616 388 2648 quo
406 2608 477 2640 loco
493 2610 589 2648 caput
603 2608 725 2649 Orphei
743 2609 910 2641 conditum
923 2618 991 2641 esse
1003 2609 1159 2650 indigenae

109 2660 294 2692 fabulantur
313 2660 446 2702 eiusque
458 2661 641 2702 sepulcrum
656 2661 848 2702 ostendunt,
867 2661 1019 2694 luscinias
1031 2661 1160 2703 reliquis

108 2719 225 2744 canere
240 2720 383 2744 suavius.

150 2810 299 2851 Myrsilus
311 2809 444 2843 Lesbius
458 2810 490 2842 in
512 2811 708 2852 Lepetymno
725 2811 835 2843 monte
861 2812 906 2846 ait
920 2811 1076 2852 templum
1092 2819 1160 2844 esse

108 2862 262 2902 Apollinis
275 2863 307 2894 et
316 2862 452 2894 heroum
464 2863 652 2903 Lepetymni
662 2887 671 2903 ,
682 2862 721 2894 ad
733 2862 818 2903 quod
829 2862 894 2894 duo
907 2864 1033 2895 tantum
1044 2887 1053 2902 ,
1066 2863 1161 2895 sicuti

108 2915 290 2952 Crannone,
303 2914 391 2946 corvi
401 2915 517 2954 essent,
532 2923 718 2955 quanquam
732 2914 817 2947 haud
832 2915 927 2955 pauci
937 2915 1160 2956 conspiceren-

107 2966 163 2997 tur
174 2965 207 2998 in
223 2965 301 2997 locis
312 2965 435 2998 vicinis.

152 3064 301 3105 Myrsilus
315 3072 381 3096 non
402 3065 503 3096 solam
526 3066 658 3097 Inonem
684 3065 900 3098 Leucotheam
917 3066 1076 3107 appellat,
1103 3066 1160 3099 sed

109 3116 260 3149 Nereides
272 3125 402 3157 quoque
414 3116 612 3149 Leucotheas
625 3116 715 3150 dicit.

613 3175 665 3204 11.

153 3227 273 3265 Linus,
287 3225 320 3257 in
332 3225 518 3258 universum
524 3225 612 3267 flos;
626 3225 804 3258 secundum
818 3226 1073 3267 Theophrastum
1085 3221 1169 3258 vero

111 3277 269 3310 narcissus
280 3302 289 3318 ,
300 3277 476 3310 secundum
491 3278 658 3318 Myrsilum
670 3277 704 3310 in
719 3278 878 3311 Lesbiacis
889 3278 1010 3319 species
1023 3278 1120 3311 floris.

610 3334 664 3366 12.

153 3387 302 3428 Myrsilus
318 3387 449 3419 Lesbius
466 3387 576 3419 scribit
591 3388 728 3419 Enalum
741 3388 920 3420 AEolensem
932 3412 940 3428 ,
953 3397 1054 3428 quum
1072 3396 1160 3419 ama-

113 3439 161 3470 ret
177 3438 287 3471 Phinei
313 3440 325 3479 <
336 3439 554 3482 SmintheiP)
573 3439 669 3471 filiam
682 3463 691 3479 ,
706 3449 777 3480 quae
804 3440 935 3472 oraculo
961 3439 1162 3480 Amphitriten

2173 260 2247 294 459

1208 341 1260 377 sic
1277 341 1388 377 etiam
1406 340 1509 389 apud
1519 338 1673 377 Lesbios
1687 339 1748 390 (cs.
1766 341 1900 390 fragm.
1915 341 2094 380 Chronol.
2110 356 2150 392 p.
2170 357 2183 379 1
2194 343 2256 393 74)

1210 400 1355 435 cultum
1378 399 1490 435 fuisse
1512 406 1804 436 consentaneum
1824 407 1892 436 est.
1915 402 2065 437 Scilicet
2083 404 2219 438 Linum
2238 415 2261 438 a

1209 459 1287 494 lino
1303 456 1400 494 flore
1423 457 1512 508 (qui
1528 458 1682 494 narcissi
1699 470 1816 506 genus
1838 458 1976 508 fuerit)
1994 461 2175 508 appellari
2195 473 2262 497 au-

1211 524 1295 552 ctor
1308 524 1436 553 noster
1452 517 1612 563 dixerit,
1646 517 1703 553 uti
1722 515 1914 553 Narcissus
1934 530 2075 554 nomen
2090 519 2225 556 habeat
2240 532 2262 556 a
2297 516 2300 519 ’

1210 577 1392 614 narcisso.
1424 578 1550 624 Atque
1577 576 1658 611 haec
1690 575 1847 623 quidem
1874 577 2038 612 nominis
2061 578 2262 626 explicatio

1210 635 1322 671 unice
1340 646 1431 670 vera
1448 634 1574 672 fuerit.
1596 633 1652 671 Cf.
1672 634 1898 672 Ambrosch.
1920 636 1978 670 De
2002 635 2121 680 Lino,
2142 636 2264 671 Bero-

1211 693 1280 728 lini
1313 692 1432 742 1829,
1450 705 1491 742 p.
1509 692 1553 742 33
1582 693 1738 728 Preller.
1757 693 1797 728 in
1816 694 1958 738 Paulss
1977 694 2259 741 Realencyclop.

1211 764 1249 788 v.
1260 753 1391 790 Linus.
1405 754 1462 789 De
1473 753 1764 789 Lino-Narcisso
1775 751 1824 788 cf.
1837 753 2011 790 Creuzer.
2026 754 2063 788 H
2065 757 2118 787 ist.
2131 753 2262 788 Kunst.

1216 823 1258 859 p.
1276 809 1325 847 25
1333 809 1368 847 5.

1708 909 1768 935 12.

1267 987 1458 1023 Plutarch.
1485 988 1542 1024 De
1561 987 1705 1026 sollert.
1726 988 1841 1024 anim.
1868 1000 1903 1025 c.
1937 986 2004 1033 36,
2025 999 2065 1037 p.
2088 985 2180 1035 984,
2202 988 2232 1023 E
2255 1016 2263 1024 .

1214 1043 1368 1084 Ἔναλον
1398 1043 1434 1082 δὲ
1461 1044 1520 1082 τὸν
1549 1043 1702 1093 Αἰολέα,
1730 1043 1905 1097 Μυρτίλος
1935 1045 2029 1095 (scr.
2061 1043 2263 1096 Μυρσίλος)

1216 1107 1234 1142 ὁ
1251 1102 1400 1146 Λέσὸιος
1419 1103 1566 1155 ἱστορεῖ,
1596 1106 1658 1149 τῆς
1676 1102 1813 1147 Φινέως
1845 1103 1933 1156 (scr.
1957 1105 2038 1143 vid.
2064 1103 2261 1153 Σμινθέως)

1217 1163 1349 1214 ἐρῶντα
1371 1161 1539 1214 θυγατρὸς
1559 1162 1713 1214 ῥιφείσης
1747 1161 1838 1200 κατὰ
1857 1161 2019 1214 χρησμὸν
2044 1164 2107 1208 τῆς
2136 1161 2264 1214 Ἀμφι-

1216 1220 1333 1271 τρίτης
1349 1220 1416 1258 ὖπὸ
1443 1223 1511 1258 τῶν
1543 1221 1772 1268 Πενθιλιδῶν,
1807 1220 1868 1258 καὶ
1905 1219 2008 1258 αὐτὸν
2037 1219 2264 1268 ἐξαλλόμενον

1217 1281 1264 1323 εἷς
1291 1278 1352 1326 τὴν
1367 1279 1563 1330 θάλασσαν,
1587 1280 1653 1318 ὑπὸ
1664 1280 1817 1332 δελφῖνος
1834 1280 1927 1332 σῷον
1949 1278 2168 1331 ἐξενεχθῆναι
2183 1277 2267 1331 πρὸς

1217 1337 1278 1385 τὴν
1297 1337 1448 1377 Λέσὸον.

1269 1398 1402 1434 Fusius
1427 1409 1509 1433 rem
1524 1398 1750 1434 Plutarchus
1768 1403 1898 1433 narrat
1915 1397 1956 1432 in
1975 1397 2147 1445 Sympos.
2175 1396 2265 1445 Sap.

1218 1469 1251 1494 c.
1273 1468 1336 1501 20,
1350 1468 1393 1505 p.
1420 1455 1490 1492 163
1511 1469 1520 1491 :
1540 1455 1712 1506 Χρησμοῦ
1732 1453 1800 1506 γὰρ
1815 1453 2002 1505 γενομένου
2019 1454 2090 1496 τοῖς
2105 1452 2269 1497 οἰκίζουσι

1218 1511 1370 1559 Αέσὸον,
1384 1510 1466 1550 ὅταν
1484 1510 1612 1564 ἕρματι
1626 1511 1790 1555 πλέοντες
1805 1510 2064 1563 προστύχωσιν,
2077 1510 2095 1549 ὃ
2110 1512 2269 1549 καλεῖται

1220 1571 1428 1622 Μεσόγειον,
1445 1570 1525 1608 τότε
1539 1572 1686 1608 ἐνταῦθα
1702 1571 1896 1609 Ποσειδῶνι
1911 1569 1973 1620 μὲν
1986 1573 2128 1622 ταῦρον,
2145 1569 2270 1622 Ἀμφι-

1218 1645 1238 1666 τ
1264 1628 1318 1681 ίτῃ
1336 1628 1372 1667 δὲ
1388 1629 1476 1668 καὶι
1461 1626 1616 1682 Νηρηισι
1632 1631 1746 1675 ζῶσαν
1766 1627 1923 1667 καθιέναι
1939 1627 2124 1680 παρθένον·
2160 1627 2270 1666 ὄντων

1219 1703 1277 1726 ουν
1310 1689 1515 1740 ἀρχηγετῶν
1548 1687 1638 1726 ἑπτὰ
1670 1703 1731 1726 και
1766 1686 1954 1740 βασιλέων,
1989 1686 2112 1738 ὀγδόου
2144 1685 2180 1725 δὲ
2193 1702 2271 1747 mtou

1219 1746 1394 1798 Ἐχελάου
1424 1746 1669 1800 πυθοχρήστου
1688 1749 1750 1793 τῆς
1771 1745 1933 1789 ἀποικίας
1958 1744 2146 1796 ἡγεμόνος,
2175 1749 2272 1789 οὗτος

1221 1805 1284 1856 μὲν
1316 1801 1468 1852 ἠιθεος
1446 1822 1488 1853 ην
1516 1806 1586 1853 ἔτι,
1614 1821 1682 1843 των
1703 1804 1740 1843 δὲ
1767 1804 1857 1843 ἑπτὰ
1885 1805 2148 1858 κληρουμένων,
2179 1804 2272 1849 ὅσοις

1220 1864 1352 1916 ἄγαμοι
1367 1865 1520 1907 παῖδες’
1503 1878 1609 1912 ησαν,
1621 1863 1890 1914 καταλαμὸοίνει
1904 1862 2077 1915 θυγατέρα
2095 1862 2273 1912 Σμινθέως

1220 1925 1238 1961 ὃ
1257 1924 1405 1975 κλῆρος·
1422 1922 1465 1969 ἣν
1490 1924 1610 1968 ἐσθῆτι
1631 1921 1690 1959 καὶ
1707 1924 1827 1974 χρυσῷ
1851 1921 2110 1970 κοσμήσαντες,
2130 1924 2176 1964 ὡς
2195 1920 2271 1973 ἐγέ-

1221 1996 1318 2020 νοντο
1350 1980 1443 2018 κατὰ
1465 1995 1524 2018 τον
1555 1979 1674 2027 τόπον,
1703 1980 1850 2030 ἔμελλον
1880 1979 2061 2029 ευξοίμενοι
2091 1979 2272 2026 καθήσειν.

1221 2037 1355 2091 Ἔτυχε
1373 2037 1409 2077 δέ
1428 2054 1480 2082 τις
1499 2039 1586 2091 ἐρῶν
1605 2039 1712 2084 αὐτῆς
1728 2040 1796 2076 τῶν
1815 2037 2076 2087 συμπλεόντων,
2091 2038 2153 2075 οὐκ
2173 2041 2272 2086 ἀγεν-

1221 2096 1331 2144 νὴς,
1313 2113 1358 2141 ως
1374 2096 1482 2145 ἔοικε,
1498 2097 1653 2144 νεανίας,
1669 2099 1706 2134 οὑ
1721 2096 1780 2135 καὶ
1796 2095 1836 2134 τὸ
1850 2095 1961 2145 ὄνομα
1979 2094 2273 2147 διαμνημονεύου-

1222 2171 1275 2193 σιν
1301 2154 1470 2195 ’.Εναλον
1502 2150 1614 2199 Οὗτος
1642 2154 1826 2207 ἀμήχανόν
1856 2169 1934 2192 τινα
1968 2170 2028 2192 του
2063 2154 2198 2206 βοηθειν
2228 2156 2271 2204 τῇ

1222 2213 1383 2267 παρθένῳ
1397 2213 1627 2266 προθυμίαν’
1612 2229 1646 2252 εν
1665 2215 1716 2251 τῶ
1728 2213 1806 2252 τότε
1825 2212 1929 2251 πάθει
1943 2211 2078 2259 λαὸὼν,
2102 2210 2201 2263 παρὰ
2216 2210 2272 2249 τὸν

1222 2271 1342 2325 καιρὸν
1360 2271 1525 2324 ὥρμησε,
1541 2272 1601 2310 καὶ
1617 2271 1871 2325 περιπλακεὶςε
1857 2274 1944 2344 υμοῦ
1963 2273 2181 2322 συγκαθῆκεν
2196 2272 2273 2307 ἑαυ-

1222 2331 1281 2369 τὸν
1307 2333 1353 2375 εἷς
1368 2329 1430 2379 τὴν
1456 2331 1651 2371 θάλασσαν.
1710 2330 1822 2375 Εὐθὺς
1849 2329 1912 2380 μὲν
1932 2345 1990 2368 ουν
2015 2329 2115 2382 φήμη
2136 2344 2187 2372 τις
2212 2329 2276 2366 οὐκ

1223 2388 1354 2441 ἔχουσα
1370 2389 1410 2427 τὸ
1431 2389 1584 2442 βέόαιον,
1601 2389 1715 2433 ἄλλως
1739 2388 1775 2427 δὲ
1796 2388 1964 2428 πείθουσα
1989 2386 2139 2431 πολλους
2166 2387 2201 2424 ἐν
2222 2387 2275 2423 τῶ

1218 2500 1351 2541 jubente
1363 2509 1382 2532 a
1399 2501 1589 2534 Penthilidis
1604 2502 1638 2534 in
1655 2510 1744 2535 mare
1757 2501 1881 2541 dejecta
1897 2501 2012 2540 suerat,
2026 2500 2131 2540 ipsum
2147 2507 2277 2540 quoque

1216 2552 1251 2585 in
1264 2562 1352 2586 mare
1367 2554 1540 2595 insiluisse,
1557 2554 1748 2596 salvumque
1760 2563 1780 2587 a
1801 2554 1952 2595 delphino
1965 2554 2060 2586 fuisse
2073 2553 2114 2586 ad
2137 2553 2276 2587 Lesbum

1217 2605 1374 2639 delatum.

1260 2658 1401 2691 Lesbum
1427 2659 1639 2692 condentibus
1666 2660 1835 2691 oraculum
1863 2658 2085 2697 mandaverat,
2109 2658 2147 2690 ut
2173 2666 2276 2699 quum

1219 2710 1400 2751 navigando
1422 2711 1464 2743 ad
1493 2711 1663 2744 stationem
1690 2711 1887 2752 appulissent
1914 2710 2044 2743 nomine
2069 2712 2253 2750 Mesogeum
2265 2734 2274 2748 ,

1218 2763 1309 2804 quasi
1320 2762 1591 2795 Mediterraneum
1604 2763 1708 2802 dicas,
1722 2763 1765 2794 ibi
1781 2764 1851 2795 tum
1867 2764 2016 2803 Neptuno
2034 2762 2177 2800 taurum,
2193 2765 2271 2794 Am·

1218 2814 1359 2855 phitritae
1372 2823 1410 2846 ac
1421 2814 1608 2846 Nereidibus
1618 2814 1724 2845 vivam
1735 2814 1890 2854 virginem
1905 2813 2112 2846 demitterent
2125 2813 2158 2845 in
2173 2821 2272 2844 mare.

1219 2868 1347 2907 Septem
1361 2867 1452 2898 erant
1475 2866 1573 2898 duces
1597 2874 1635 2897 ac
1663 2875 1751 2906 reges
1762 2890 1772 2905 ,
1795 2867 1929 2898 octavus
1950 2866 2110 2898 Echelaus
2126 2865 2275 2906 princeps

1221 2918 1418 2950 deducendae
1443 2918 1579 2949 coloniae
1596 2918 1728 2949 oraculo
1745 2917 1961 2957 constitutus,
1980 2918 2071 2958 isque
2096 2916 2274 2948 etiamnum

1221 2970 1350 3002 coelebs.
1365 2972 1475 3007 Quum
1492 2969 1605 3009 reliqui
1619 2970 1740 3008 septem
1751 2970 1836 3001 sorte
1851 2969 1891 3000 de
1907 2969 2049 3009 innuptis
2065 2968 2172 3000 liberis
2187 2976 2276 2999 com-

1220 3024 1384 3064 parassent
1398 3046 1406 3061 ,
1424 3031 1461 3054 ea
1474 3022 1548 3053 filiae
1561 3021 1719 3054 Sminthei
1738 3022 1867 3068 (supra
1884 3020 2014 3060 Phinei)
2044 3020 2157 3060 obtigit
2172 3032 2180 3052 :
2196 3019 2278 3050 hanc

1219 3075 1316 3116 igitur
1330 3074 1471 3107 vestibus
1478 3076 1510 3106 et
1520 3082 1600 3106 auro
1615 3075 1826 3114 exornarunt,
1839 3075 2007 3114 erantque,
2018 3082 2117 3113 quum
2132 3073 2203 3104 loco
2218 3080 2275 3111 ap-

1221 3126 1500 3167 propinquassent,
1514 3126 1675 3166 conceptis
1687 3125 1769 3157 votis
1780 3125 1812 3157 in
1823 3134 1911 3157 mare
1923 3125 2092 3165 abJecturi.
2106 3125 2182 3156 Erat
2194 3123 2277 3154 inter

1220 3189 1275 3212 eos
1281 3179 1336 3220 qui
1345 3188 1407 3211 una
1413 3178 1606 3219 navigabant
1614 3178 1798 3211 adolescens
1807 3178 1940 3219 quidam
1949 3177 2064 3209 indolis
2072 3183 2275 3216 nequaquam

1221 3232 1328 3271 malae,
1340 3232 1433 3271 cujus
1442 3239 1560 3263 nomen
1570 3231 1689 3263 Enalus
1699 3230 1884 3271 perhibetur
1898 3243 1905 3262 :
1918 3231 1943 3262 is
1953 3239 2052 3271 quum
2063 3229 2177 3269 puellae
2185 3227 2277 3259 istius

1221 3292 1331 3315 amore
1348 3284 1521 3322 teneretur,
1541 3284 1574 3315 et
1586 3283 1693 3314 studio
1709 3282 1776 3322 ejus
1789 3282 1953 3314 servandae
1971 3280 2122 3313 ineffabili
2140 3279 2274 3309 ducere-

1221 3335 1287 3374 tur,
1301 3334 1361 3366 sub
1377 3334 1479 3375 ipsum
1495 3334 1649 3375 temporis
1673 3334 1846 3365 articulum
1860 3334 1982 3373 impetu
2004 3332 2079 3363 dato
2099 3339 2169 3362 eam
2182 3338 2272 3360 com·

1199 3392 1201 3413 l
1222 3387 1346 3427 plexus,
1368 3394 1430 3418 una
1442 3395 1476 3418 sc
1487 3387 1518 3418 in
1534 3395 1621 3418 mare
1636 3386 1772 3418 demisit.
1786 3389 1831 3417 Ac
1845 3385 1953 3416 statim
1965 3382 2094 3423 quidem
2112 3381 2194 3412 sama
2203 3388 2272 3411 cer-

1222 3439 1366 3472 titudinis
1385 3448 1519 3480 expers,
1540 3439 1594 3471 sed
1611 3439 1663 3471 cui
1691 3440 1801 3471 tamen
1833 3437 1927 3469 multi
1949 3436 1988 3468 de
2007 3433 2150 3467 exercitu
2176 3432 2272 3464 fidem
