2372 3704
94 275 168 308 350

89 349 194 387 Ἰλίου
212 348 239 386 δ’
263 350 297 395 ἐν
313 348 446 401 ὑστέρῳ
462 349 574 401 χρόνῳ
594 349 881 400 συνοικισθέντος,
899 351 970 389 ἐκεῖ
988 366 1127 401 μετενε·

86 410 213 457 χθῆναι
229 406 314 458 πρὸς
333 409 400 444 τῶν
421 407 595 457 συγγόνων
613 408 622 459 (
639 407 786 456 ἐκγόνων
807 409 938 459 Sylb.)
961 411 1064 446 αὐτοῦ
1081 410 1124 447 τὰ

87 465 175 516 ἱερά.
200 463 420 509 Ποιήσασθαι
446 464 481 502 δὲ
510 464 588 508 τοὺς
609 465 724 508 Ἰλιεῖς
745 465 828 503 νεών
857 481 894 503 τε
913 467 972 504 καὶ
1005 467 1126 504 ἄδυτον

87 523 202 564 αὐτοῖς
222 521 279 559 ἐπὶ
300 525 361 568 τῆς
382 523 509 574 ἄκρας,
527 522 587 560 καὶ
609 523 792 574 φυλάττειν
810 524 854 560 δι’
871 524 1068 573 ἐπιμελείας
1087 519 1128 570 ἧς

86 579 249 617 ἐδύναντο
265 579 431 626 πλείστης
442 609 452 626 ,
471 579 673 630 θεόπεμπτά
687 596 723 618 τε
743 580 954 631 ἡγουμένους
968 575 1053 619 εἶναι
1068 581 1127 619 καὶ

86 637 258 689 σωτηρίας
286 636 389 689 κύρια
409 641 455 690 τῇ
481 637 594 677 πόλει.
626 638 870 688 Ἁλισκομένης
890 638 925 676 δὲ
943 642 1004 685 τῆς
1030 639 1126 677 κάτω

85 694 229 741 πόλεως,
240 695 305 733 τὸν
313 694 452 733 Αἰνείαν
466 695 582 747 κύριον
593 699 653 742 τῆς
666 696 774 748 ἄκρας
784 697 978 748 γενόμενον,
993 697 1125 749 ἄραντα

85 754 124 790 ἐκ
143 755 211 790 τῶν
231 752 366 790 ἀδύτων
383 752 427 790 τά
447 768 484 790 τε
501 753 577 804 ἱερὰ
597 757 664 791 τῶν
685 754 846 804 μεγάλων
861 757 945 792 θεῶν
963 755 1022 792 καὶ
1037 754 1124 805 ὅπερ

84 810 135 848 ἔτι
151 813 272 862 περιῆν
289 810 502 849 Παλλάδιον.
519 810 676 861 Θάτερον
693 811 760 863 γὰρ
781 812 956 851 Ὀδυσσέα
973 812 1031 850 καὶ
1045 816 1125 850 Διο-

85 868 178 917 μήδη
208 868 330 911 νυκτὸς
349 869 396 911 εἷς
424 866 531 907 Ἴλιον
551 869 779 920 ἀφικομένους
798 869 934 909 λαὸεῒν.
955 869 1125 921 Οἴχεσθαι

84 925 120 964 δὲ
150 926 345 977 κομίσαντα
375 925 434 963 τὸν
454 925 594 964 Αἰνείαν
619 927 658 963 ἐκ
685 929 745 972 τῆς
764 926 895 970 πόλεως
926 927 986 965 καὶ
1017 929 1124 965 ἐλθεῖν

84 984 214 1035 ἄγοντα
234 986 280 1027 εἷς
309 983 479 1022 Ἰταλίαν.
506 983 678 1035 Ἀρκτῖνος
696 983 731 1021 δέ
751 1000 853 1044 ερησιν
878 984 943 1022 ὑπὸ
969 984 1048 1029 Διὸς
1065 986 1124 1023 δο-

82 1045 183 1088 θῆναι
200 1041 370 1093 Δαρδάνῳ
392 1041 593 1080 Παλλάδιον
614 1040 648 1078 ἓν
668 1041 728 1079 καὶ
746 1046 951 1080 εἶναιτοῦτο
972 1044 1006 1080 ἐν
1031 1043 1125 1095 Ἰλίῳ

82 1099 144 1143 ἕως
161 1103 181 1146 ἡ
202 1099 298 1142 πόλις
318 1098 480 1146 ἡλίσκετο
492 1128 504 1148 ,
521 1098 758 1150 κεκρυμμένον
777 1101 810 1137 ἐν
833 1099 969 1152 ἀὸάτῳ.
992 1099 1123 1139 Εἷκόνα

83 1157 118 1195 δὲ
141 1157 270 1196 ἐκείνου
298 1156 624 1206 κατεσκευασμένην
654 1157 742 1206 μηδὲ
774 1157 808 1195 ἓν
838 1161 900 1196 τοῦ
926 1158 1123 1210 ἀρχετύπου

82 1215 254 1268 διάφορον,
284 1214 421 1260 ἀπάτης
439 1217 508 1252 τῶν
529 1214 821 1254 ἐπιδουλευόντων
847 1214 970 1262 ἕνεκα,
992 1218 1026 1254 ἐν
1058 1232 1123 1268 φοι-

80 1276 167 1326 νερῷ
183 1276 335 1320 τεθῆναι,
352 1273 412 1311 καὶ
429 1271 535 1318 αὐτὴν
555 1272 715 1324 Ἀχαίους
731 1273 1043 1318 ἐπιδουλεύσαντας
1061 1276 1123 1312 λα-

81 1332 168 1371 ἕεῖν.
192 1332 249 1371 Τὰ
271 1330 332 1382 μὲν
355 1326 412 1369 οῧν
431 1333 478 1374 εἷς
498 1331 653 1370 Ἰταλίαν
670 1334 728 1370 ὑπ’
750 1332 887 1371 Αἰνείου
915 1333 1124 1383 κομισθέντα

80 1389 175 1442 ἱερὰ,
194 1395 263 1433 τοῖς
284 1388 475 1441 εἰρημένοις
502 1389 647 1441 ἀνδράσι
665 1389 885 1440 πειθόμενος,
906 1390 1028 1442 γράφω
1054 1393 1122 1429 τῶν

79 1463 115 1484 τε
141 1447 303 1498 μεγάλων
328 1450 413 1484 θεῶν
435 1446 568 1490 εἰκόνας
589 1441 696 1495 εἶναι,
716 1447 773 1492 οὒς
790 1450 1016 1501 Σαμοθρᾷκες
1035 1448 1122 1488 Ἑλ-

77 1505 191 1551 λήνων
213 1506 364 1555 μάλιστα
381 1505 599 1556 ὀργιάζουσι,
619 1514 694 1546 etc.

131 1566 326 1602 Callistrati
346 1563 605 1616 κεχωρισμένην
622 1563 775 1617 ἱστορίαν
792 1565 871 1616 περὶ
890 1565 1122 1618 Σαμοθρᾴκης

79 1630 346 1659 commemorat
365 1624 453 1661 Joh.
487 1625 662 1671 Magister
681 1624 908 1659 Canabutius
937 1626 974 1659 in
1001 1625 1117 1661 Com-

77 1683 260 1717 mentario
279 1682 469 1730 epistolari
487 1683 526 1716 in
549 1683 702 1728 Dionys.
730 1683 814 1719 Hal.
838 1682 863 1716 l.
896 1683 945 1726 l.;
978 1699 992 1713 ι(
1019 1683 1123 1729 cujus

77 1741 317 1775 summarium
333 1740 484 1775 exhibet
498 1740 697 1775 VVesselius
708 1741 747 1774 in
760 1740 928 1788 Catalog.
943 1740 1119 1778 Biblioth.

76 1798 189 1835 Vind.
207 1799 248 1833 P.
269 1799 312 1835 V.
330 1799 377 1835 N.
401 1799 540 1834 CXVII
559 1810 597 1845 p.
624 1797 693 1839 164
710 1810 764 1844 sq.

131 1871 147 1888 «ι
168 1855 260 1891 Hinc
274 1858 393 1904 pauca
409 1856 531 1903 capita
548 1867 746 1903 excerpam
763 1867 847 1903 quae
868 1855 969 1891 haud
986 1857 1117 1904 vulga-

77 1925 157 1948 rem
177 1908 247 1948 viri
268 1913 522 1948 eruditionem
545 1913 742 1948 ostendant
762 1927 770 1948 :
790 1913 833 1951 C.
856 1914 902 1956 43
923 1926 930 1950 :
950 1913 1122 1950 Γενεαλο-

75 1970 134 2020 γία
153 1973 209 2007 τοῦ
223 1969 419 2022 Δαρδάνου.
437 1972 537 2008 —C.
558 1970 606 2006 50
626 1984 634 2006 z
656 1968 741 2007 r‘Ort
754 1970 957 2021 ὁΔάρδανος
975 1969 1120 2013 ἐξελθὼν

77 2027 145 2065 ἀπὸ
162 2031 221 2074 τῆς
239 2028 421 2079 Ἀρκαδίας
437 2027 650 2074 κατήντησεν
669 2029 714 2070 εἷς
728 2027 789 2073 ,ὴν
806 2026 1053 2080 Σαμοθρᾴκην.
1070 2051 1121 2055 -

75 2088 115 2124 C.
140 2087 187 2130 54
210 2101 228 2134 ¹:
258 2086 435 2138 ssepi-:03
455 2086 602 2123 θανάτου
634 2085 749 2124 Ἰάσου
775 2085 842 2123 ὑπὸ
864 2089 1044 2136 κεραυνοῦ.
1070 2109 1121 2114 —

76 2145 119 2183 C.
144 2145 189 2191 57
211 2159 218 2181 z
237 2143 362 2187 ”Οπως
379 2144 609 2195 ἐμερίσθησαν
625 2143 803 2195 Δάρδανος
819 2143 877 2180 καὶ
892 2146 910 2180 ὁ
929 2143 998 2186 υἱὸς
1016 2143 1119 2180 αὐτοῦ

74 2202 212 2249 Ἰδαῖος,
232 2203 291 2240 καὶ
306 2202 357 2240 ὅτι
368 2205 385 2240 ὁ
396 2203 520 2245 Ἰδαῖος
535 2201 737 2254 κατῴκησεν
753 2203 799 2245 εἷς
812 2201 856 2239 τὰ
868 2201 931 2253 ὄρη
949 2204 1008 2247 τῆς
1024 2202 1119 2252 Φρυ·

75 2262 165 2311 γίας.
197 2284 250 2290 --
271 2264 313 2301 C.
349 2263 397 2299 62
429 2276 436 2298 :
468 2261 556 2313 Περὶ
587 2264 647 2307 τῆς
679 2260 807 2312 μητρὸς
839 2263 907 2298 τῶν
938 2263 1037 2299 θεῶν.
1069 2282 1120 2289 —-

80 2321 123 2359 C.
144 2321 190 2364 84
215 2334 222 2356 :
241 2319 324 2359 “On
340 2322 357 2357 ὁ
371 2319 546 2372 Δάρδανος
563 2319 675 2357 ἔκτισε
686 2318 766 2356 ναὸν
784 2319 829 2362 εἷς
847 2318 909 2365 τὴν
929 2317 1116 2371 Σαμοθρᾴ-

75 2393 139 2424 κην
164 2377 222 2415 καὶ
242 2377 344 2423 ἔθηκε
363 2376 440 2420 τοὺς
459 2378 552 2420 θεοὺς
571 2377 630 2415 καὶ
650 2377 694 2415 τὰ
713 2378 905 2416 παλλάδια.
926 2400 979 2406 —-
993 2375 1120 2420 “0an

75 2434 213 2481 ἐξῆλθεν
241 2434 310 2472 ἀπὸ
339 2438 399 2481 τῆς
422 2434 654 2487 Σαμοθρᾴκης
673 2435 731 2472 καὶ
757 2434 941 2472 κατέλιπεν
969 2437 1039 2472 ἐκεῖ
1061 2434 1118 2472 τὸν

77 2493 234 2542 Σάμωνα
258 2494 322 2544 (*)·
345 2508 428 2542 quae
448 2495 685 2530 manifestum
706 2495 848 2530 faciunt
868 2495 1119 2532 Canabutium

116 2584 158 2624 (*)
170 2597 183 2611 «
197 2585 255 2617 His
267 2584 513 2625 interponuntur
525 2584 618 2625 plura
630 2584 670 2615 de
679 2585 797 2621 Vestae,
807 2584 958 2615 Minervae
966 2585 998 2615 et
1012 2584 1121 2616 Martis

73 2630 201 2671 templis
212 2631 336 2670 aliaque
349 2639 421 2661 cum
435 2631 482 2661 his
493 2630 587 2661 rebus
599 2629 703 2660 minus
716 2629 885 2669 conjuncta
895 2654 903 2668 ‚
922 2639 996 2669 quae
1011 2632 1119 2667 tamen

74 2677 245 2717 aliquando
266 2677 317 2708 edi
342 2677 438 2708 velim
463 2689 471 2708 ι
493 2677 567 2716 Περὶ
586 2679 710 2716 νυμφῶν
730 2677 782 2706 καὶ
799 2676 845 2707 ὅτι
867 2677 939 2715 γένη
965 2676 1119 2716 δαιμόνων

76 2726 167 2762 εἰσὶν,
179 2725 199 2755 ἃ
211 2725 341 2755 καλοῦσι
357 2724 587 2764 βαρὸαρίζοντες
600 2723 767 2763 Νεγαρίδας
778 2730 785 2738 ·
800 2731 872 2762 quae
885 2723 981 2762 vulgo
994 2731 1112 2753 vocan-

75 2774 128 2802 tur
143 2771 317 2811 νεγάριδας·
334 2772 403 2801 tum
418 2771 489 2811 ΙΙερὶ
505 2773 625 2800 ναυτῶν
638 2770 755 2800 καὶτοῦ
771 2768 895 2810 ἀστέρος
908 2772 960 2806 τῆς
973 2779 1117 2808 τραμουν.

74 2817 167 2852 τάνας
180 2828 185 2834 ·
199 2817 286 2856 quod
302 2826 418 2848 nomen
435 2817 586 2856 quoniam
603 2815 710 2846 adhuc
722 2814 754 2845 in
773 2815 936 2845 hominum
951 2823 1006 2846 ore
1020 2815 1117 2853 viget,

76 2925 177 2956 quum
194 2915 286 2946 Ilium
304 2916 469 2947 conditum
498 2916 625 2955 suisset,
641 2915 712 2946 haec
727 2923 820 2946 sacra
835 2914 875 2946 ab
891 2914 959 2954 ejus
979 2914 1120 2954 cognatis

75 2966 282 3006 (nepotibus)
298 2975 335 2998 eo
350 2968 444 2998 ruisse
456 2968 626 3005 translata;
646 2967 774 2998 ilienses
789 2967 897 2998 autem
914 2965 1071 3006 templum
1088 2967 1120 2996 et

74 3018 207 3058 adytum
230 3018 303 3058 ipsis
315 3018 348 3048 in
368 3027 440 3049 arce
460 3018 586 3056 fecisse,
609 3019 641 3049 et
657 3019 777 3058 quanta
794 3017 934 3048 maxima
957 3025 1035 3048 cura
1061 3026 1120 3057 po-

74 3071 206 3101 tuerunt
221 3070 291 3101 haec
306 3078 463 3109 servasse,
482 3070 568 3110 quod
581 3079 616 3101 ea
635 3070 789 3102 divinitus
804 3070 862 3102 sibi
878 3070 973 3101 missa
983 3093 992 3108 ,
1009 3069 1117 3109 publi·

74 3130 210 3161 eamque
226 3129 265 3152 ex
284 3121 321 3151 iis
336 3121 471 3152 salutem
489 3121 624 3161 pendere
641 3121 806 3152 crederent
822 3134 828 3152 :
844 3121 899 3152 sed
917 3130 1016 3161 quum
1031 3120 1119 3152 urbis

60 3182 147 3214 ·pars
160 3172 289 3204 inferior
306 3174 487 3212 caperetur,
505 3175 648 3210 AEneam,
666 3182 738 3204 arce
754 3174 892 3213 potitum
903 3183 944 3205 ex
957 3173 1061 3214 adytis
1070 3182 1118 3204 sa-

74 3235 127 3256 cra
142 3234 327 3265 magnorum
341 3225 474 3256 deorum
484 3227 516 3257 et
530 3225 717 3264 Palladium,
727 3226 814 3266 quod
825 3226 930 3258 adhuc
944 3227 1118 3267 supererat,

74 3276 257 3316 abstulisse;
279 3276 413 3308 alterum
428 3277 511 3308 enim
526 3285 544 3307 a
561 3276 712 3308 Diomede
728 3279 760 3308 et
782 3277 892 3317 Ulysse
907 3278 1000 3309 Ilium
1021 3278 1118 3309 noctu

75 3329 231 3368 profectos
244 3329 426 3368 surreptum
438 3328 542 3359 fuisse.
552 3330 685 3366 AEneam
701 3329 795 3367 igitur
805 3337 842 3360 ex
854 3329 931 3360 urbe
940 3329 1118 3360 discessisse

47 3414 52 3420 ι
74 3390 173 3421 eaque
186 3389 294 3412 secum
309 3381 415 3412 tulisse
431 3381 463 3412 et
481 3380 511 3411 in
529 3381 651 3411 italiam
674 3382 913 3420 transportasse.
933 3381 993 3414 Sed
1010 3382 1114 3413 Arcti-

74 3441 134 3462 nus
155 3432 198 3462 ait
214 3441 314 3463 unum
337 3432 511 3464 Palladium
528 3432 673 3463 Dardano
689 3441 707 3463 a
729 3434 808 3464 Jove
821 3433 930 3464 datum
943 3435 1041 3474 atque
1057 3434 1117 3465 hoc

76 3483 122 3515 liii
135 3506 144 3522 ,
160 3483 260 3515 donec
275 3483 350 3515 urbs
365 3484 546 3524 caperetur,
560 3483 591 3514 in
611 3483 708 3524 adyto
725 3484 922 3516 reconditum
938 3484 1041 3517 fuisse.
1055 3485 1115 3517 Sed

867 263 1101 304 CARYSTH
1130 263 1430 304 PERGAMEM

1190 361 1359 389 nostrum
1372 353 1554 402 pleraque
1566 366 1650 402 quae
1663 355 1711 390 ad
1730 355 1825 391 hanc
1840 355 2006 392 fabulam
2018 357 2223 405 pertinent,

1189 412 1339 460 cognita
1360 412 1555 456 habuisse,
1577 413 1653 448 sive
1672 414 1703 448 is
1734 414 1935 450 Callistrati
1966 414 2227 465 κεχωρισμένην

1188 468 1341 520 ἱστορίαν
1362 468 1441 519 περὶ
1462 468 1694 520 Σαμοθρᾴκης
1713 472 1820 519 legit,
1851 485 1965 520 quam
1985 486 2020 510 e.
2043 473 2088 508 81
2119 486 2228 509 com-

1187 534 1391 572 memorat,
1420 528 1514 572 sive,
1537 528 1641 574 quod
1656 525 1912 576 probabilius,
1931 531 2229 579 mythographos

1186 587 1426 622 recentiores,
1456 586 1691 620 Postremum
1725 598 1759 624 c.
1794 599 1844 634 90
1869 588 2093 636 inscriptum
2123 596 2180 624 est
2217 601 2225 624 :

1188 640 1235 679 Τί
1254 642 1378 693 γράφει
1404 643 1422 678 ὁ
1456 640 1601 687 ποιητὴς
1633 641 1804 694 Ἀρκτῖνος
1832 643 1912 695 περὶ
1945 647 2003 681 τοῦ
2038 643 2230 688 κλαπέντος

1187 698 1381 736 παλλαδίου
1405 698 1471 735 ὑπὸ
1490 698 1684 748 Διομήδους
1704 699 1764 737 καὶ
1792 699 2002 744 Ὀδυσσέως.
2024 717 2042 736 ι
2069 703 2225 739 Lobeck.

1187 757 1377 807 Aglaoph.
1396 770 1438 806 p.
1463 758 1577 795 1206.

1608 869 1825 884 ι--οοθοξ

1229 975 1642 1034 cAssYsrlus
1680 977 2190 1051 ΡΕιιρΑΜΕινυὸτ

1241 1107 1430 1155 Carystius
1446 1110 1700 1156 Pergamenus
1718 1109 1786 1159 (fr.
1811 1124 1844 1146 1.
1867 1124 1903 1157 7.
1928 1123 1989 1148 ιο.
2013 1116 2070 1155 14.
2091 1111 2149 1150 15.
2169 1126 2228 1159 17.

1193 1166 1258 1215 19)
1279 1166 1471 1202 Nicandro
1485 1194 1496 1212 ,
1519 1180 1632 1215 quem
1652 1170 1745 1203 citat
1765 1168 1810 1206 fr.
1834 1168 1879 1214 6,
1900 1169 1972 1204 fuit
1985 1168 2138 1216 junior;
2157 1172 2229 1207 Ni·-

1186 1223 1326 1260 cander
1351 1231 1477 1260 autem
1498 1223 1634 1262 florere
1662 1227 1773 1282 coepit
1802 1228 1977 1263 extremis
1995 1229 2230 1276 temporibus

1185 1284 1375 1318 Ptolemaei
1408 1286 1438 1320 V
1472 1285 1678 1332 Epiphanis
1708 1283 1804 1333 (205
1819 1306 1839 1312 -
1854 1285 1922 1321 181
1941 1285 1968 1334 ),
1984 1286 2100 1333 inque
2131 1288 2229 1323 scri—

1184 1340 1310 1376 bendo
1333 1340 1455 1376 adhuc
1474 1348 1641 1377 versatus
1665 1349 1720 1378 est
1744 1343 1812 1378 sub
1829 1343 1954 1378 Attalo
1978 1344 2090 1379 tertio
2112 1342 2231 1394 (138-

1190 1397 1298 1446 135).
1314 1400 1357 1435 V.
1377 1399 1540 1437 Clinton.
1559 1400 1607 1435 ad
1626 1411 1687 1437 an.
1709 1399 1796 1438 182.
1813 1401 1913 1435 Num
1925 1401 2117 1448 Carystius
2129 1414 2230 1449 quo-

1185 1468 1259 1503 que
1278 1463 1470 1504 postrema
1495 1457 1633 1492 viderit
1660 1465 1832 1505 tempora
1852 1459 1959 1506 regni
1985 1459 2227 1506 Pergameni,

1185 1526 1233 1549 an
1252 1515 1369 1549 serius
1383 1515 1540 1559 vixerit,
1564 1516 1603 1549 in
1621 1515 1747 1550 medio
1769 1515 2072 1563 relinquendum.

1237 1572 1395 1620 Scripsit
1414 1572 1644 1608 Didascalias
1664 1573 1703 1606 in
1723 1572 1867 1607 fabulas
1885 1573 2122 1621 scenicorum
2135 1598 2146 1616 ,
2177 1573 2227 1607 li-

1183 1627 1295 1665 hrum
1309 1629 1354 1665 de
1366 1630 1517 1674 Sotade‚
1537 1638 1573 1666 et
1588 1628 1763 1680 Ἱστορικὰ
1779 1629 2029 1679 ὑπομνήματα.
2047 1632 2135 1666 Haec
2149 1643 2228 1666 non

1184 1687 1393 1723 exhibuisse
1409 1688 1605 1723 historiam
1621 1690 1859 1733 continuam,
1876 1701 1921 1724 ex
1934 1696 2148 1736 temporum
2165 1701 2225 1724 or-

1184 1745 1271 1780 dine
1285 1746 1517 1791 adornatam,
1529 1758 1573 1781 ex
1586 1747 1630 1781 iis
1642 1747 1786 1794 colligis
1800 1759 1881 1793 quae
1890 1746 2091 1781 laudantur
2101 1746 2227 1781 elibro

1184 1804 1294 1838 tertio
1317 1803 1382 1851 (fr.
1408 1816 1474 1849 ιο..
1491 1816 1506 1838 1
1519 1816 1533 1838 1
1552 1804 1583 1852 );
1607 1817 1730 1851 neque
1750 1804 1853 1839 aliud
1873 1811 2007 1839 auctor
2035 1804 2151 1851 egisse
2170 1805 2228 1838 vi—

1185 1861 1307 1908 detur,
1324 1862 1395 1896 nisi
1415 1869 1457 1896 ut
1472 1862 1733 1898 memorabilia
1761 1869 1914 1910 cogeret
1937 1869 2018 1897 tum
2041 1874 2087 1897 ex
2101 1874 2228 1910 popu-

1182 1920 1307 1955 lorum
1333 1921 1511 1956 institutis
1531 1928 1609 1955 tum
1629 1934 1721 1957 vero
1741 1933 1787 1958 ex
1812 1921 1982 1956 moribus
1999 1922 2161 1969 repetita
2191 1927 2229 1956 et

1184 1978 1312 2013 indole
1335 1986 1372 2014 et
1394 1978 1478 2014 fatis
1496 1980 1667 2014 virorum
1692 1980 1882 2014 clarorum
1906 1977 2096 2029 (Philippi
2115 1978 2163 2016 fr.
2191 1991 2225 2016 1.

1186 2049 1223 2074 2.
1242 2036 1260 2071 3
1274 2050 1283 2080 ;
1299 2037 1502 2072 Alexandri
1518 2042 1555 2079 4.
1576 2036 1612 2074 5.
1632 2037 1676 2081 6;
1693 2037 1882 2085 Antipatri
1899 2037 1945 2075 fr.
1967 2049 2010 2082 73
2030 2036 2227 2074 Cassandri
2259 2074 2265 2079 ,

1183 2093 1231 2131 fr.
1250 2093 1292 2138 83
1307 2094 1522 2141 Lysimachi
1539 2093 1584 2130 fr.
1598 2107 1642 2142 9;
1658 2095 1840 2129 Demetrii
1855 2094 2078 2130 Poliorcetae
2092 2093 2136 2132 fr.
2157 2105 2224 2142 10;

1184 2152 1369 2187 Pl1i1etaeri
1385 2151 1431 2189 fr.
1458 2164 1518 2189 12.
1539 2151 1820 2200 Aristophontis
1839 2151 1884 2188 fr.
1907 2165 1922 2187 1
1935 2164 1949 2188 1
1966 2150 1992 2202 ).

1380 2271 1627 2310 ΙΣΤΟΡΙΚΑ
1655 2270 1870 2310 ΥΠΟΜΝΗ
1877 2271 2029 2310 ΜΑΤΑ.

1691 2369 1724 2393 1.

1235 2431 1432 2466 Athenaeus
1447 2431 1503 2466 XI
1515 2459 1524 2476 ,
1542 2443 1583 2478 p.
1603 2429 1699 2476 506,
1721 2432 1751 2466 E
1769 2443 1776 2465 z
1794 2423 1908 2472 Οῧτος
1923 2428 1952 2466 δ’
1969 2427 2042 2466 ἐστὶ
2055 2427 2224 2475 Πλάτων,

1181 2486 1217 2524 ὃν
1235 2485 1461 2530 Σπεύσιππός
1475 2501 1558 2538 φησι
1573 2485 1736 2538 φίλτατον
1747 2486 1828 2524 ὄντα
1841 2485 2038 2538 Ἀρχελάῳ,
2051 2484 2225 2536 Φιλίππῳ

1182 2584 1299 2616 addam
1310 2585 1409 2617 schol.
1424 2587 1502 2617 Eur.
1518 2587 1571 2617 Or.
1586 2588 1663 2617 1626
1680 2594 1687 2616 :
1699 2585 1742 2617 Τὸ
1752 2588 1804 2623 τῆς
1817 2584 1939 2620 Ἑλένης
1953 2583 2077 2625 ἄστρον,
2091 2583 2221 2621 ἢνίδιω-

1182 2635 1274 2667 τικῶς
1291 2642 1365 2671 φασι
1388 2631 1638 2671 Τραμουντάναν,
1661 2631 1707 2662 ἀεὶ
1730 2634 1825 2662 πᾶσιν
1848 2631 1975 2670 ὁρᾶται·
1995 2632 2087 2661 τοῦτο
2110 2629 2143 2660 δὲ
2166 2629 2222 2659 καὶ

1182 2680 1290 2707 ναῦται
1302 2679 1428 2718 ὁρῶντες
1439 2677 1527 2708 ἴσασι
1537 2678 1557 2708 ἃ
1567 2677 1622 2708 δεῖ.
1631 2677 1713 2708 Hinc
1722 2678 1968 2708 Tramontanam
1979 2675 2108 2715 perdere
2115 2675 2223 2706 dicun·

1181 2724 1235 2754 tur
1249 2723 1301 2763 qui
1316 2732 1410 2754 cursu
1426 2723 1589 2754 excidunt.
1608 2725 1654 2754 De
1675 2721 1976 2755 Canabuciieodice
1988 2722 2020 2753 et
2033 2721 2219 2761 argumento

1180 2768 1341 2799 Fabricius
1367 2770 1446 2799 tom.
1469 2770 1524 2807 lv,
1543 2777 1575 2807 p.
1593 2771 1673 2806 393,
1698 2768 1743 2799 ait
1761 2766 1964 2798 Lambecium
1991 2767 2023 2798 et
2049 2765 2226 2797 Kollarium

1180 2815 1271 2854 longe
1283 2813 1461 2845 accuratius
1471 2813 1664 2851 disseruisse,
1674 2821 1811 2852 quorum
1823 2813 1919 2844 libros
1929 2812 2016 2843 adire
2025 2821 2088 2843 non
2099 2811 2198 2851 potui.
2208 2823 2223 2838 n

1182 2913 1351 2952 imaginem
1368 2921 1436 2952 ejus
1449 2912 1586 2943 effictam
1598 2911 1708 2950 fuisse,
1721 2920 1793 2951 quae
1807 2920 1846 2942 ne
1860 2911 2028 2942 minimum
2044 2909 2172 2950 quidem
2183 2909 2224 2941 ab

1182 2963 1359 3003 exemplari
1377 2963 1543 2994 disserebat
1567 2971 1575 2993 :
1602 2964 1634 2994 et
1654 2962 1687 2993 in
1709 2962 1877 3002 propatulo
1895 2962 1990 2993 fuisse
2014 2961 2166 3002 positam,
2183 2961 2224 2992 ad

1180 3024 1234 3047 eos
1257 3013 1426 3051 fallendos,
1443 3014 1498 3053 qui
1528 3012 1669 3062 insidias·
1681 3013 1738 3052 ipsi
1751 3012 1959 3051 struxissent,
1974 3013 2071 3052 atque
2091 3012 2173 3047 hanc
2198 3020 2218 3042 a

1180 3066 1301 3099 Graecis
1311 3074 1366 3106 per
1381 3065 1507 3096 insidias
1517 3065 1612 3096 fuisse
1619 3065 1806 3104 surreptam.
1819 3066 1915 3095 Sacra
1928 3063 2021 3103 igitur
2029 3072 2100 3103 quoe
2108 3066 2224 3095 AEneas

1179 3118 1211 3149 in
1241 3117 1362 3149 ltaliam
1378 3116 1560 3155 transtulit,
1586 3115 1671 3147 viros
1696 3123 1791 3155 supra
1818 3115 1998 3146 nominatos
2019 3116 2145 3146 secutus
2163 3114 2214 3145 aio

1180 3169 1273 3200 fuisse
1290 3175 1477 3208 magnorum
1488 3166 1620 3198 deorum
1637 3166 1823 3205 simulacra,
1835 3174 1915 3205 quos
1929 3165 2010 3197 inter
2027 3167 2155 3197 Graecos
2167 3166 2222 3196 Sa-

1181 3219 1360 3251 mothraces
1374 3217 1573 3259 potissimum
1587 3216 1709 3248 colunt.

1311 3293 1595 3334 CARYSTffls
1623 3289 1985 3331 PERGAMENUS.

1682 3375 1714 3406 1.

1218 3432 1335 3465 Scribit
1342 3430 1504 3472 Carystius
1511 3430 1732 3468 Pergamenus,
1747 3428 1778 3458 in
1789 3426 2032 3459 Commentariis
2046 3425 2219 3463 {tisim-icis,

1177 3485 1208 3516 in
1220 3485 1305 3516 hunc
1318 3483 1449 3516 modum
1465 3496 1471 3515 z
1488 3495 1503 3509 «
1520 3481 1711 3522 Speusippus
1724 3488 1823 3520 quum
1838 3478 2030 3519 cognovisset
2043 3478 2220 3518 Philippum
