2372 3704
144 224 217 260 454

144 308 255 358 (sic).
274 324 289 340 «
309 308 396 344 Haec
416 306 464 344 ad
481 309 625 345 Niciam
648 311 753 346 illum
779 311 844 358 qui
868 312 908 346 in
935 312 1085 347 scholiis
1106 313 1185 347 Ho-

141 367 310 412 mericis,
328 367 464 403 nostr'ffi
481 368 590 404 etiam
613 367 681 417 (ad
703 381 740 414 α,
762 369 868 418 109),
896 370 936 404 in
949 370 1064 405 rebus
1082 382 1184 406 mere

140 426 395 473 grammaticis
414 426 522 462 citari
549 427 643 462 solet
664 426 725 476 [v.
747 428 910 463 indicem
939 429 979 463 in
994 429 1113 465 schol.
1141 429 1186 466 11.

141 484 203 522 ed.
225 484 344 523 Bekk.
369 485 414 520 In
432 485 509 524 sch.
531 486 577 523 11.
602 490 641 531 4,
661 499 735 522 212
758 487 972 535 appellatur
990 488 1008 523 6
1029 485 1159 523 Ἀσκα
1174 506 1187 514 -

141 540 371 591 λωνίτης],
405 547 575 591 spectare
604 556 683 579 non
714 551 884 592 possunt.
911 546 1041 592 Neque
1073 545 1186 580 alium

141 608 392 636 memoratum
423 602 575 637 invenio
609 601 687 649 ejus
720 603 884 638 nominis
904 603 966 638 cui
993 604 1049 638 hae
1077 615 1186 651 nugae

142 659 261 694 tribui
278 660 448 707 possint,
471 661 542 695 nisi
559 660 709 698 Niciam
736 661 946 706 Maleoten‚
975 673 1088 708 quem
1110 673 1186 696 va—

139 717 310 752 nissimus
340 719 502 766 scriptor
517 719 790 754 Parallelorum
813 720 1006 754 minorum
1032 720 1073 754 in
1091 719 1186 765 ejus-

140 774 227 810 dem
244 777 389 824 generis
402 776 539 812 fabulis
553 782 683 814 testem
694 777 824 813 laudat
841 790 921 826 cap.
941 776 1002 813 13.
1021 793 1036 810 υ
1062 777 1184 814 Βοττ-

140 844 257 870 ΜΑΝΝ.

560 923 773 939 w

298 1022 541 1080 NICIAS
573 1021 991 1079 NICAEENSIS.

364 1166 669 1205 ΦΙΛΟΣΟΦΩΝ
701 1167 956 1208 ΔΙΑΔΟΧΑΙ.

188 1264 387 1303 Athenaeus
404 1279 444 1315 p.
464 1268 536 1313 XI,
557 1266 649 1317 505,
664 1269 706 1306 B.
729 1268 841 1304 Haud
860 1270 1004 1317 primus
1018 1269 1182 1319 dialogi—

136 1339 218 1362 cam
248 1327 430 1361 sermonis
455 1326 616 1362 formam
648 1327 823 1362 adhibuit
850 1329 998 1363 Plato.
1018 1326 1095 1379 Πρὸ
1111 1326 1179 1380 γὰρ

138 1385 241 1421 αὐτου
257 1384 350 1420 vouo’
371 1385 448 1434 εὗρε
470 1382 508 1420 τὸ
525 1377 611 1426 εἶδος
598 1385 691 1421 τῶν
706 1383 847 1435 λόγων*
834 1397 851 1421 ο
871 1384 979 1430 Ἰήιος
996 1384 1180 1436 ’-Αλεξαμε

134 1441 209 1487 νὸς,
226 1444 271 1484 ὡς
291 1441 446 1485 Νικίαςὸ
466 1441 618 1485 Νικαευς
637 1443 769 1494 ἱστορεῖ
788 1441 848 1480 καὶ
865 1442 1025 1482 Σωτίων.

186 1501 295 1537 Idem
314 1502 384 1550 XI,
400 1514 441 1549 p.
461 1500 551 1549 506,
575 1503 624 1539 C:
647 1503 810 1538 Platonis
830 1503 1015 1552 dialogus,
1032 1505 1097 1551 qui
1114 1505 1177 1540 Al-

134 1560 299 1596 cibiades
308 1561 365 1595 11
356 1573 454 1596 insci
458 1558 610 1606 ibitur,‘
599 1559 664 1598 υπό
675 1575 774 1597 τινων
787 1560 1008 1612 Ξενοφῶντος
1022 1564 1109 1598 εἶναι
1119 1561 1178 1599 λε’-

133 1631 246 1667 γεται,
272 1618 317 1660 ὡς
339 1617 398 1655 καὶ
418 1620 440 1664 ἡ
467 1617 617 1655 Ἀλκυων
641 1618 788 1662 Λέοντος
815 1622 876 1656 τοῦ
899 1618 1179 1670 Ἀκαδημαίκου,

133 1675 180 1719 ὥς
199 1690 283 1727 φησι
299 1675 424 1719 Νικίας
444 1678 461 1713 ὃ
483 1675 648 1719 Νικαεύς.

190 1735 298 1771 Idem
322 1736 373 1781 X,
394 1748 435 1784 p.
470 1737 562 1782 437,
583 1738 613 1774 E
642 1749 650 1772 τ
669 1729 740 1774 ’Ἦν
761 1734 796 1774 δὲ
819 1737 836 1774 6
864 1735 1041 1779 Διονύσιος
1061 1735 1111 1775 ἔτι
1137 1738 1177 1775 ἐκ

132 1792 225 1843 νέου,
245 1791 290 1836 ὥς
324 1807 410 1845 φησι
430 1793 556 1836 Νικίας
577 1796 594 1831 6
619 1794 774 1838 Νικαεὺς
805 1795 839 1832 ἐν
863 1795 939 1839 ταῖς
963 1796 1176 1848 Διαδοχαῖς,

131 1852 216 1903 πρὸς
236 1850 279 1889 τὰ
292 1851 475 1903 ἀφροδίσια
493 1852 656 1900 ἐκμανὴς,
676 1852 735 1890 καὶ
751 1852 834 1905 πρὸς
843 1851 905 1897 τὰς
919 1853 1086 1904 δημοσίας
1101 1856 1176 1893 εἷσ-

131 1909 188 1960 ᾔει
204 1909 392 1954 παιδίσκας
407 1910 616 1963 ἀδιαφόρως.
635 1910 707 1949 Καί
727 1925 812 1949 ποτε
828 1912 1059 1964 πορευόμενος
1085 1914 1175 1964 μετά

131 1983 232 2006 τινων
253 1967 451 2019 γνωρίμων,
480 1971 526 2012 ὡς
544 1968 678 2019 ἐγένετο
707 1968 798 2007 κατὰ
817 1969 856 2007 τὸ
882 1971 1110 2018 παιδισκεῖον,
1131 1972 1177 2014 εἷς

129 2026 149 2064 ὃ
167 2030 210 2078 τῇ
243 2027 433 2079 προτεραίᾳ
459 2026 708 2079 παρεληλυθὼς
729 2026 856 2080 ὤφειλε
881 2029 1049 2080 χαλκοῦς,
1083 2028 1174 2081 ἔχων

129 2085 206 2123 τότε
223 2085 314 2123 κατὰ
333 2086 459 2138 τύχην,
475 2086 630 2130 ἐκτείνας
643 2085 706 2133 τὴν
722 2087 837 2139 χεῖρα,
850 2086 990 2126 πάντων
1003 2086 1175 2140 ὁρώντων,

130 2145 308 2184 ἀπεδίδου.

184 2204 292 2240 Idem
314 2204 380 2249 VI,
407 2217 448 2252 p.
483 2204 574 2251 273,
595 2207 629 2241 D
649 2218 658 2241 ε
680 2203 726 2243 ‘O
748 2202 784 2242 δὲ
805 2203 974 2248 Ποντικὸς
995 2203 1173 2249 Ἑστιαῖος

129 2262 245 2305 καλῶς
264 2262 441 2313 ἐκαυχᾶτο
453 2293 462 2308 ,
479 2261 567 2311 μήτε
588 2262 821 2301 ἀνατέλλοντα
842 2263 933 2314 μήτε
949 2262 1173 2312 καταδυόμε-

130 2320 185 2358 νόν
205 2334 290 2357 ποτε
322 2319 381 2357 τὸν
416 2319 513 2366 ἥλιον
544 2321 745 2372 ἑωρακέναι,
766 2320 823 2359 διὰ
839 2321 878 2359 τὸ
896 2321 1038 2374 παιδεία
1067 2321 1173 2359 παντὶ

130 2380 243 2429 καιρῷ
263 2377 460 2430 προσέχειν,
477 2381 522 2422 ὡς
539 2381 556 2417 6
577 2379 731 2424 Νικαεὺς
747 2379 870 2424 Νικίας
897 2381 1028 2433 ἱστορεῖ
1043 2381 1079 2418 ἐν
1097 2385 1173 2424 ταῖς

129 2437 332 2487 Διαδοχαῖς.

183 2496 290 2531 Idem
308 2496 418 2540 XIII,
436 2508 477 2543 p.
513 2495 604 2544 591,
634 2499 688 2533 F.
716 2495 789 2535 Καὶ
803 2495 895 2534 Βίων
910 2497 939 2534 δ’
959 2499 976 2534 6
996 2498 1173 2549 Βορυσθε-

129 2551 238 2599 ιίτης,
265 2551 446 2604 φιλόσοφος
462 2581 472 2598 ,
495 2553 630 2604 ἑταίρας
647 2557 687 2599 ἠν
716 2553 804 2601 υἱὸς,
825 2554 1026 2604 Ὀλυμπίας
1043 2554 1173 2593 Λακαί-

128 2619 199 2651 νης,
215 2603 261 2647 ὥς
279 2619 363 2656 φησι
379 2604 505 2648 Νικίας
521 2608 539 2643 6
559 2605 744 2650 Νικαεὺς’
730 2622 763 2644 εν
781 2607 857 2650 ταῖς
873 2609 940 2644 τῶν
960 2606 1172 2659 Φιλοσόφων

129 2663 322 2714 διαδοχαῖς.

219 2803 721 2845 LACEDAEMONIORUM
743 2781 1077 2846 REsPUBLmA.

643 2887 676 2919 1.

170 2944 322 2976 ceterum
336 2953 395 2976 nec
407 2945 635 2985 orchaqorisci
645 2970 656 2986 ‚
670 2947 706 2978 ut
721 2946 765 2979 ait
778 2947 931 2979 Polemon
941 2970 949 2986 ,
965 2949 1120 2978 vocantur
1131 2946 1171 2978 la·

127 2997 251 3028 ctantes
261 2997 403 3036 porcelli,
414 2998 468 3029 sed
479 2998 737 3039 orthraqorisci,
749 3000 824 3040 quia
834 3000 907 3040 πρὸς
917 2999 969 3031 τὸν
979 2999 1084 3040 ὄρθρον
1098 2998 1172 3038 (sub

127 3047 343 3087 diluculum)
358 3050 515 3088 veneunt,
535 3050 572 3081 ut
587 3052 728 3083 Persaeus
740 3050 838 3082 tradit
855 3050 888 3082 in
914 3050 1172 3083 Lacedaemonio-

126 3108 199 3131 rum
215 3099 395 3139 republica,
419 3101 452 3132 et
475 3101 676 3133 Dioscorides
694 3102 835 3134 secundo
856 3101 1052 3143 Reipublicae
1070 3101 1171 3140 libro,

125 3154 158 3183 vt
168 3151 313 3184 Nicoclae
329 3152 360 3184 in
383 3152 488 3192 priore
500 3153 582 3185 libro
596 3163 706 3186 eorum
724 3163 806 3195 quos
827 3155 859 3187 et
875 3155 941 3196 ipsc
958 3157 1005 3187 De
1021 3154 1172 3187 Lacedae·

125 3202 306 3236 moniorum
319 3202 481 3244 republica
492 3203 628 3244 scripsit.

166 3311 222 3344 Est
240 3311 411 3352 apparatus
432 3311 645 3352 epaiclorum
666 3321 739 3352 quae
763 3312 915 3345 dicuntur
934 3322 999 3345 non
1014 3314 1167 3354 simplex,

125 3365 162 3395 ut
174 3363 410 3395 existimaverat
433 3363 601 3403 Polemon,
620 3363 674 3395 scd
691 3363 819 3404 duplex.
839 3365 934 3402 Quod
961 3365 1045 3396 enim
1066 3366 1172 3405 pueris

125 3414 285 3455 praebent,
308 3414 376 3447 leve
397 3415 444 3447 est
461 3414 636 3448 admodum
654 3416 685 3447 et
702 3417 798 3448 tenue
807 3427 817 3456 i
833 3425 946 3457 nempe
957 3417 1085 3458 polenta
1101 3417 1171 3449 oleo

1212 2129 1215 2131 ’
1235 2116 1296 2155 καὶ
1314 2119 1381 2155 τῶν
1404 2118 1602 2167 καμμάτων
1624 2119 1799 2165 Νικοκλῆς
1812 2117 1920 2161 οὕτως
1938 2117 2078 2170 γράφει·
2097 2137 2112 2153 α

267 214 293 228 ’“
639 209 795 252 NlClAE
817 209 1112 261 NlcAEENSIS,
1143 211 1381 253 NICOCLIS
1411 212 1794 260 LACEDAEMONH,

1267 352 1626 411 Nicocffls
1666 320 2308 413 LACEDAEMONms‘

1496 481 1560 518 ΛΑ
1570 479 1742 518 ΚΩΝΩΝ
1784 480 2042 519 ΠΟΛΙΤΕΙΑ.

1755 593 1788 615 1.

1538 665 1566 699 E
1578 704 1582 705 ⁷
1595 664 1747 700 LIBRO
1789 664 1990 702 PRIORE.

1300 751 1500 787 Athenaeus
1526 752 1589 796 IV,
1607 764 1647 798 p.
1676 752 1804 799 140‚B
1835 764 1843 786 ε
1868 749 1973 788 Ἀλλὰ
2000 749 2070 800 μὴν
2089 752 2162 788 οὐδ’
2191 752 2294 803 ὀρθα-

1247 807 1402 859 γορίσκοι
1416 807 1590 858 λέγονται,
1613 807 1659 851 ὥς
1679 823 1783 860 φησιν
1806 810 1824 846 6
1843 808 2034 858 Πολέμων,
2058 810 2089 846 οἱ
2101 809 2292 860 γαλαθηνοὶ

1246 866 1380 918 χοῖροι,
1404 866 1481 903 ἀλλ’
1502 865 1786 918 ὀρθραγορίσκοι,
1809 867 1884 905 ἐπεὶ
1904 867 1991 919 πρὸς
2010 866 2068 905 τὸν
2089 866 2211 920 ὄρθρον
2230 884 2293 906 πιο-

1247 923 1481 976 πράσκονται,
1497 926 1543 967 ὡς
1570 926 1744 976 Περσαῖος
1762 927 1894 976 ἱστορεῖ
1915 927 1949 963 ἐν
1966 927 2009 977 τῇ
2029 927 2220 979 Λακωνικῇ
2230 941 2294 964 πο-

1246 981 1378 1034 λιτεία,
1413 982 1474 1020 καὶ
1501 982 1750 1034 Διοσκουρίδης
1776 984 1810 1020 ἐν
1833 983 1980 1036 δευτέρῳ
2001 983 2203 1031 Πολιτείας,
2231 984 2292 1022 καὶ

1247 1040 1469 1092 Ἀριστοκλῆς
1494 1041 1583 1094 (scr.
1605 1040 1801 1093 Νικοκλῆς)
1817 1043 1852 1080 ἐν
1870 1043 1920 1095 τῷ
1933 1041 2092 1095 προτέρῳ
2109 1042 2169 1081 καὶ
2195 1037 2292 1087 οἶτος

1244 1102 1305 1146 τῆς
1325 1100 1502 1139 Λακώνων
1523 1099 1710 1143 πολιτείας.

1298 1162 1386 1196 Haec
1401 1161 1509 1196 sicuti
1521 1161 1715 1208 sequentia
1729 1172 1775 1196 ex
1789 1160 1945 1209 Didymi
1967 1167 2101 1198 contra
2115 1161 2290 1198 Polemo-

1243 1231 1332 1254 nem
1351 1218 1420 1268 (fr.
1448 1218 1520 1264 86,
1539 1226 1631 1256 tom.
1646 1219 1727 1264 111,
1744 1232 1784 1268 p.
1810 1224 1883 1263 142
1900 1217 1911 1269 )
1933 1220 2203 1268 disputatione.
2223 1222 2292 1257 Ni-

1242 1280 1355 1313 coelis
1372 1290 1513 1313 nomen
1527 1278 1792 1326 reponendum
1810 1290 1856 1314 ex
1868 1291 1973 1326 seqq.
1986 1286 2104 1324 recte,
2120 1281 2176 1315 uti
2189 1279 2291 1316 vide-

1243 1342 1322 1385 tur,
1351 1343 1476 1371 censet
1503 1336 1832 1385 Schweighaeuser.
1854 1337 1970 1386 Apud
1989 1339 2162 1374 Vossium
2187 1338 2290 1374 nulla

1241 1395 1406 1430 Nicoclis
1417 1395 1574 1432 mentio.

1745 1470 1780 1495 2.

1297 1533 1496 1568 Athenaeus
1509 1534 1622 1580 1V‚p.
1642 1528 1937 1581 140,1);”Εστιν
1953 1534 1975 1578 ἡ
1995 1525 2199 1584 παρασκευὴ
2219 1530 2287 1571 τῶν

1239 1589 1431 1639 λεγομένων
1449 1587 1624 1627 ἐπαίκλων
1653 1590 1719 1641 οὐχ
1752 1589 1870 1637 ἁπλῆ,
1892 1590 2049 1643 καθάπερ
2066 1593 2084 1629 6
2111 1590 2285 1641 Πολέμων

1240 1648 1439 1701 ὑπείληφεν,
1457 1646 1548 1685 ἀλλὰ
1579 1648 1689 1693 διττή.
1712 1647 1782 1701 Ἢν
1799 1647 1861 1698 μὲν
1886 1648 1952 1701 γὰρ
1975 1650 2044 1693 τοῖς
2062 1649 2162 1687 παισὶ
2183 1650 2288 1702 παρέ-

1238 1720 1360 1757 χουσι,
1381 1706 1473 1744 πάνυ
1490 1722 1540 1749 τις
1557 1705 1695 1750 εὔκολός
1715 1708 1788 1745 ἐστι
1804 1706 1866 1744 καὶ
1882 1707 2033 1753 εὐτελής.
2049 1706 2198 1760 Ἄλφιτα
2215 1707 2284 1760 γάρ

1238 1766 1330 1802 ἐστιν
1366 1764 1472 1818 ἐλαίῳ
1502 1765 1711 1815 δεδευμένα,
1733 1764 1756 1802 ἅ
1792 1780 1875 1818 φησι
1904 1767 2082 1812 Νικοκλῆς
2108 1769 2126 1804 6
2155 1766 2284 1806 Λάκων

1238 1823 1381 1862 κάπτειν
1412 1823 1535 1868 αὐτοὺς
1569 1824 1660 1875 μετὰ
1684 1825 1723 1862 τὸ
1749 1825 1883 1862 δεῖπνον
1906 1826 1940 1862 ἐν
1972 1826 2111 1878 φύλλοις
2133 1826 2282 1878 δάφνης,

1239 1882 1332 1935 παρὸ
1352 1882 1412 1921 καὶ
1433 1883 1661 1932 καμματίδας
1677 1882 1740 1933 μὲν
1759 1883 2077 1937 προσαγορεύεσθαι
2095 1885 2138 1922 τὰ
2155 1884 2285 1936 φύλλα,

1239 1942 1329 1979 αὐτὰ
1348 1941 1384 1980 δὲ
1415 1940 1460 1979 τὰ
1491 1940 1623 1994 ψαιστὰ
1655 1942 1843 1992 κάμματα.
1868 1945 1914 1982 V.
1936 1945 2082 1981 Miiller.
2117 1947 2208 1983 Dor.
2240 1946 2282 1990 1,

1239 2014 1280 2050 p.
1303 2014 1394 2040 202.

1291 2061 1491 2096 Athenaeus
1508 2062 1572 2106 lv,
1589 2073 1628 2109 p.
1646 2074 1658 2096 1
1669 2065 1688 2104 4
1699 2074 1730 2107 1,
1741 2062 1773 2097 A
1788 2074 1796 2096 ε
1818 2058 1906 2110 Περὶ
1919 2058 1956 2097 δὲ
1969 2061 2038 2098 τῶν
2052 2060 2284 2110 καμματίδων

2133 2117 2284 2158 Διακού-

1239 2191 1302 2219 σας
1322 2175 1358 2214 δὲ
1378 2175 1518 2214 πάντων
1540 2179 1557 2214 6
1579 2176 1698 2229 ἔφορος
1722 2176 1799 2223 ἤτοι
1814 2176 1985 2214 ἀπέλυσεν
2003 2175 2025 2223 ἢ
2042 2176 2282 2216 κατεδίκασεν.

1237 2233 1283 2273 ‘O
1321 2234 1356 2272 δὲ
1389 2234 1535 2281 νικήσας
1572 2234 1764 2284 ἐζημίωσεν
1793 2236 1951 2287 ἐλαφρῶς
1980 2234 2059 2281 ἤτοι
2097 2235 2282 2284 κάμμασιν

1235 2291 1258 2338 ἢ
1279 2292 1516 2343 καμματίσιψ
1534 2292 1608 2331 ἔστι
1637 2293 1672 2331 δὲ
1705 2292 1750 2331 τὰ
1771 2292 1833 2343 μὲν
1863 2293 2037 2343 κάμματα
2062 2293 2217 2345 ψαιστὰ,
2247 2295 2283 2330 αἱ

1237 2350 1274 2388 δὲ
1308 2350 1529 2401 καμματίδες
1565 2354 1618 2393 αἱς
1655 2351 1712 2403 [ἐν
1753 2354 1806 2396 αῖς
1837 2352 1994 2403 Coraes]
2029 2351 2201 2390 κάπτουσι
2237 2351 2283 2389 τὰ

1235 2408 1424 2461 ψαιστά.»

1741 2474 1777 2510 3.

1289 2549 1412 2586 Schol.
1429 2550 1578 2597 Pindar.
1595 2552 1705 2588 Nem.
1725 2551 1779 2595 II,
1817 2563 1832 2586 1
1866 2563 1874 2586 :
1899 2548 2129 2601 Ῥαψῳδῆσαι
2141 2547 2178 2586 δέ
2197 2563 2282 2601 φησι

1235 2609 1371 2658 πρῶτον
1396 2606 1453 2645 τὸν
1474 2606 1636 2646 Ἡσίοδον
1660 2608 1848 2654 Νικοκλῆς.
1882 2611 1928 2646 V.
1957 2609 2146 2645 WVelcker.
2173 2609 2279 2656 Cycl·

1235 2679 1275 2714 p.
1303 2667 1390 2703 360.
1430 2691 1434 2693 Α

1232 2777 1366 2808 subacta
1381 2788 1390 2811 ι
1410 2786 1508 2817 quam
1519 2777 1664 2810 Nicocles
1680 2779 1764 2810 Laco
1779 2778 1824 2809 ait
1840 2780 1968 2818 captare
1984 2777 2054 2809 illos
2070 2780 2141 2818 post
2155 2785 2281 2810 aenam

1231 2837 1326 2868 super
1341 2828 1423 2859 lauri
1439 2828 1538 2868 soliis;
1555 2837 1657 2869 eaque
1677 2829 1774 2860 etiam
1789 2829 1829 2860 de
1847 2837 1942 2860 causa
1965 2829 1976 2868 (
1991 2838 2010 2859 a
2025 2828 2124 2860 verbo
2138 2828 2279 2867 κάπτειν,

1233 2888 1367 2919 vorare,
1378 2882 1543 2921 captare)
1558 2881 1791 2913 cammatidas
1807 2882 1914 2913 vocari
1926 2882 1979 2913 illa
1991 2881 2081 2921 solia;
2099 2882 2131 2912 et
2146 2882 2213 2921 ipsa
2227 2881 2280 2912 illa

1232 2931 1294 2963 liba
1305 2955 1313 2971 ,
1327 2934 1512 2964 cammaca.

1273 2987 1320 3016 De
1338 2984 1607 3017 cammatidibus
1627 2987 1735 3017 autem
1755 2986 1786 3017 ct
1800 2987 1983 3017 cammatis
1997 2985 2042 3016 sic
2058 2984 2167 3016 scribit
2184 2985 2278 3017 Nico·

1232 3036 1319 3068 cles:
1338 3049 1354 3064 «
1371 3036 1534 3076 Ephorus,
1555 3036 1665 3068 audita
1687 3045 1783 3068 causa
1805 3037 2024 3076 singulorum,
2047 3036 2098 3067 vel
2123 3035 2278 3074 absolvit,

1231 3088 1281 3119 vel
1295 3087 1498 3119 condemnat.
1513 3087 1575 3125 Qui
1593 3089 1702 3119 autem
1715 3088 1818 3122 victus
1837 3089 1901 3126 est,
1914 3087 2025 3118 leviter
2039 3087 2214 3118 mulctatur
2228 3087 2278 3118 vel

1231 3138 1397 3169 caminatis
1414 3138 1466 3169 vel
1486 3138 1741 3170 cammatidibus.
1760 3139 1842 3170 Sunt
1866 3140 1973 3169 autem
2005 3139 2165 3169 cammata
2185 3137 2248 3169 liba
2268 3149 2276 3170 ε

1232 3188 1438 3221 cammatidcs
1453 3190 1561 3221 autem
1572 3213 1581 3229 ,
1602 3189 1672 3230 (in)
1685 3190 1803 3230 quibus
1815 3189 1971 3222 devorant
1984 3188 2060 3221 liba.
2075 3202 2090 3217 ›-

1733 3251 1767 3283 3.

1275 3303 1399 3336 Primus
1414 3303 1557 3336 carmina
1579 3303 1808 3345 rhapsodorum
1831 3312 1919 3336 more
1943 3304 2087 3336 recitavit
2101 3302 2274 3342 Hesiodus,

1232 3357 1268 3387 ut
1286 3355 1430 3388 Nicocles
1445 3355 1500 3387 ait.
