2326 3724
984 199 1317 241 FRAGMENTA.

442 321 501 360 18.
536 319 616 369 (an.
639 316 752 366 479.)

139 419 230 453 Exc.
243 416 385 463 Deleg.
400 416 513 450 Rom.
529 426 570 461 p.
586 410 772 458 78—86:
781 405 1125 457 ’ΌτιόΒαλαμήρου

88 474 155 512 ὑπὸ
169 490 235 512 των
239 471 424 522 Ῥωμαίων
428 485 649 543 ’στρατηγῶν
670 465 819 510 πολλους
834 469 901 504 τῶν
922 465 1016 503 ἷδίων
1036 466 1122 501 ἀπο·

87 530 220 580 ὅαλὼν,
235 532 272 569 οὗ
285 528 410 581 μικρὰν
425 529 514 580 ἔχων
529 526 634 580 ὀργὴν
647 542 696 564 τι)
711 526 784 577 [ἐπι
802 527 852 562 τῶ
868 526 978 562 Nieb.
984 524 998 574 ]
1018 522 1120 560 πάθει

85 586 299 659 ἀπέδραμεν,
324 587 469 639 ἀφειδῶς
489 584 509 623 ὅ
526 601 560 623 τι
590 601 624 623 εν
644 584 745 622 ποσὶν
767 582 858 636 εὕροι
882 583 989 620 καίων
1008 596 1044 619 τε
1065 579 1124 618 καὶ

88 646 253 699 φονεύων,
275 661 335 683 και
351 644 414 691 τὴν
431 659 572 697 πρωτην
591 646 652 689 τ’ῆς
673 641 890 683 Μακεδονίας
906 639 1020 688 πόλιν,
1044 638 1123 682 τους

86 705 256 752 Στόὸους,
274 703 462 755 ἐπόρθησε,
475 701 534 740 καὶ
550 703 618 738 τῶν
639 716 678 751 γε
697 714 947 752 στρατιωτων
931 713 997 735 των
1013 696 1123 748 ταύτῃ

86 762 368 815 ἐμφρουρούντων
384 759 460 804 τοὺς
478 758 703 802 ἀντιστάντας
717 757 930 796 ἀπέκτεινεν.
950 755 1013 798 ‘stc
1031 755 1124 802 δὲτη
1082 771 1124 807 τῃ

85 821 328 873 Θεσσαλονίκῃ
353 820 492 872 ἐγγύθεν
520 818 708 872 ἐφεδρεύων
724 818 876 870 ἠγγέλθη
894 820 911 854 ὁ
933 816 1126 868 βάρὸαρος,

87 879 211 918 αὐτίκα
229 882 259 918 οἱ
279 880 416 918 πολῖται
437 877 638 928 νομίσαντες
660 879 699 915 ἐκ
727 876 826 914 δόλου
854 875 896 912 τὰ
917 877 955 912 ἐν
974 877 1016 926 τῇ
1037 889 1127 926 προ-

87 938 206 990 τεραίᾳ
227 939 440 988 ἀνεγνῶσθαι
453 936 647 988 γράμματα
662 934 722 973 καὶ
736 934 799 981 τὴν
820 934 919 971 πόλιν
943 932 1127 985 βούλεσθαι

87 994 230 1042 Ζήνωνά
244 1010 281 1033 τε
296 995 353 1033 καὶ
373 994 474 1032 αὐτὸν
489 994 606 1044 ἐκείνῳ
623 994 859 1044 παραδοῦναι,
876 990 1127 1043 συστραφέντες

88 1055 123 1091 ἐν
141 1053 255 1106 σφίσιν
272 1054 387 1096 αὐτοῖς
402 1052 461 1096 τὰς
477 1056 535 1090 τοῦ
551 1052 708 1098 Ζήνωνος
722 1050 851 1096 στήλας
864 1049 1127 1089 καταὸάλλουσι

88 1111 220 1158 πάσας,
241 1126 301 1148 και
331 1110 434 1149 αὐτὸν
456 1110 670 1171 ὁρμήσαντες
689 1109 745 1147 τὸν
768 1107 920 1160 ἔπαρχον
944 1107 1126 1159 (ύπαρχον

89 1171 199 1206 Nieh.
213 1169 223 1219 )
263 1168 393 1218 ἕτοιμοι
422 1169 615 1209 διασπάσαι
637 1171 740 1215 ἠσαν.
770 1169 816 1206 Οἱ
845 1166 891 1204 δὲ
900 1166 1128 1216 κομισάμενοι

91 1230 159 1277 πῦρ
191 1226 248 1264 ε’πι
283 1226 320 1264 τὸ
344 1228 481 1279 ἀρχεῖον
502 1225 718 1278 ἐμπιπράναι
745 1223 903 1275 ἔμελλον,
923 1225 952 1261 εἷ
973 1223 1055 1274 parf
1043 1239 1128 1262 υπο-

93 1284 285 1336 φθάσαντες
303 1284 346 1322 τά
366 1299 403 1322 τε
423 1284 498 1336 ἱερὰ
527 1284 608 1335 γένη
629 1283 688 1322 καὶ
704 1285 735 1321 οἱ
752 1285 786 1320 ἐν
806 1288 881 1325 ταῖς
903 1282 1013 1327 ἀξίαις
1030 1281 1128 1333 ἐξήρ-

89 1342 205 1380 πασοίν
237 1358 274 1380 τε
306 1342 409 1380 αὐτὸν
437 1345 499 1387 τῆς
531 1344 634 1394 ὀργης
661 1344 721 1388 τ’ἧς
747 1344 808 1378 τοῦ
840 1339 972 1389 δήμου,
1003 1356 1062 1377 και
1090 1339 1129 1377 τὸ

91 1402 261 1438 ἀτακτοῦν
292 1399 405 1450 λόγοις
433 1399 560 1452 πραέσι
587 1399 825 1444 κατέστειλαν,
846 1398 1020 1448 λέγοντες,
1052 1400 1129 1435 οὔτε

90 1456 193 1496 αὐτὸν
215 1457 321 1495 αἴτιον
343 1461 430 1495 εἰναι
455 1456 598 1505 τούτου,
621 1455 699 1495 οὔτε
719 1456 776 1493 τὸν
799 1455 946 1508 βασιλέα
967 1458 1008 1507 τῇ
1029 1456 1129 1493 πόλει

90 1530 124 1553 τι
155 1514 318 1567 δυσχερὲς
349 1513 372 1561 ἢ
405 1514 512 1553 κακὸν
547 1514 815 1566 βεὸουλεῦσθαι,
835 1517 896 1560 τ’ῆς
927 1530 964 1552 τε
996 1513 1129 1557 πόλεως

92 1575 221 1624 χρῆναι
248 1572 461 1620 ποιήσασθαι
480 1573 651 1625 φυλακὴν,
678 1571 746 1624 ὅτῳ
773 1571 814 1610 ἂν
834 1573 977 1610 ἐθέλωσι
1003 1571 1063 1610 καὶ
1091 1572 1128 1610 ὃν

95 1633 255 1678 ἡγοῦνται
273 1630 393 1668 πιστὸν
414 1629 653 1682 ἐπιτρέποντες
669 1629 814 1676 ταύτην.
836 1631 882 1668 Οἱ
906 1630 939 1667 δὲ
959 1629 1019 1673 τὰς
1040 1631 1131 1673 κλεῖς

93 1689 162 1725 τῶν
181 1689 300 1726 πυλῶν
318 1689 357 1726 ἐκ
375 1691 434 1726 τοῦ
456 1686 614 1740 ὑπάρχου
629 1687 793 1731 λαὸόντες
815 1690 864 1740 τῷ
885 1688 1040 1741 ἀρχιερεῖ
1056 1688 1132 1725 ἔδο-

93 1761 173 1797 σαν,
203 1746 264 1784 καὶ
298 1745 368 1784 ἀπὸ
403 1748 471 1784 τῶν
501 1746 644 1783 ἐνόντων
674 1744 823 1798 φρουρὰν
853 1742 1056 1793 ἐπενόησαν,
1085 1748 1131 1789 ὡς

94 1803 263 1847 ἠδύναντο
275 1835 286 1855 ,
306 1803 488 1853 πλείστην,
509 1802 569 1841 καὶ
585 1803 642 1841 τὸν
663 1802 855 1855 στρατηγὸν
870 1802 1044 1855 ἔστεργον.
1069 1803 1131 1842 Ἐν

93 1860 128 1899 δὲ
147 1860 259 1915 τούτῳ
278 1865 296 1900 ὁ
312 1861 434 1909 Ζήνων
465 1860 655 1910 πυθόμενος
673 1862 730 1899 τὸν
752 1860 944 1912 κατέχοντα
963 1861 1131 1908 κίνδυνον,

92 1919 152 1957 καὶ
177 1919 269 1970 ἰδὼν,
292 1922 357 1967 ὡς,
385 1919 520 1964 οὐδενὸς
544 1918 754 1972 βουλομένου
776 1919 973 1970 μάχεσθαι,
994 1919 1132 1972 ἄριστον

582 2034 640 2065 18.

134 2084 374 2118 Theuderiehus
387 2109 396 2126 ‚
410 2086 562 2118 valamiri
571 2086 653 2118 filius
664 2110 673 2126 ,
687 2086 796 2118 multis
808 2094 940 2118 suorum
950 2095 969 2117 a
981 2086 1133 2118 Romanis

93 2138 227 2170 ducibus
245 2138 351 2177 caesis,
365 2147 431 2169 non
446 2146 560 2178 parum
578 2138 751 2170 iracundiae
766 2138 808 2170 ob
824 2140 988 2179 acceptam
1010 2138 1132 2170 cladem

93 2190 202 2223 animo
224 2189 395 2229 conscivit,
424 2190 456 2221 et
481 2189 601 2230 fugiens
625 2190 779 2230 quicquid
796 2191 870 2222 ante
885 2190 980 2230 pedes
996 2199 1070 2222 suos
1085 2190 1133 2221 of-

92 2242 215 2279 l'endit,
241 2240 318 2272 ussit
340 2242 372 2272 et
388 2241 532 2279 necavit,
555 2242 587 2272 et
608 2241 766 2281 primam,
785 2240 917 2281 quaeilli
932 2241 1027 2272 obvia
1055 2241 1132 2279 suit,

94 2292 287 2324 Macedoniae
304 2293 438 2332 urbem,
456 2293 588 2333 Stobos,
602 2294 735 2333 evertit,
754 2294 787 2325 et
808 2293 946 2325 militum
959 2317 968 2333 ,
991 2295 1045 2334 qui
1070 2285 1135 2324 illic

95 2343 125 2374 in
141 2344 295 2383 praesidiis
322 2348 430 2384 erant,
448 2353 576 2384 omnes,
596 2345 651 2385 qui
674 2345 818 2376 resistere
832 2345 1011 2384 audebant,
1037 2345 1134 2376 inter-

94 2394 178 2426 fecit.
194 2396 238 2426 Ut
253 2404 330 2427 vero
349 2396 533 2427 nuntiatum
547 2397 611 2435 est,
629 2396 802 2428 barbarum
818 2396 1061 2428 Thessalonicen
1079 2405 1134 2437 pe-

94 2447 180 2485 tere,
210 2447 318 2478 statim
334 2447 422 2479 urbis
437 2447 548 2479 incolae
573 2447 614 2478 ad
641 2447 783 2479 fraudem
811 2447 987 2479 faciendam
1013 2447 1136 2479 litteras

94 2497 194 2537 pridie
211 2498 357 2530 recitatas
372 2507 439 2530 esse
450 2499 618 2538 suspicati,
638 2500 671 2530 et
686 2501 845 2530 Zenonem
868 2499 1037 2540 ipsumque
1053 2508 1135 2539 prae-

95 2549 213 2580 sectum
225 2549 342 2580 habere
354 2550 387 2580 in
400 2550 520 2589 animo,
539 2550 651 2581 urbem
671 2550 806 2581 barbaro
823 2551 966 2588 tradere,
983 2550 1136 2583 seditione

97 2599 191 2638 sacta,
224 2600 293 2639 ejus
318 2602 441 2632 statuas
456 2594 627 2640 deJiciunt,
653 2603 684 2633 et
708 2603 896 2641 praefectum
919 2602 1064 2642 aggressi,
1096 2601 1135 2633 ad

95 2649 198 2690 ipsum
212 2651 419 2682 mulcandum
433 2652 532 2691 parati
550 2654 660 2692 erant,
673 2655 705 2684 et
726 2654 908 2693 praetorium
919 2677 928 2692 ,
942 2653 1013 2693 igne
1029 2653 1134 2693 illato,

97 2701 320 2742 incendissent,
349 2704 409 2735 nisi
422 2703 501 2735 ordo
516 2713 606 2735 sacra
627 2706 867 2744 procurantium
888 2707 919 2738 et
934 2705 1137 2745 magistratus

95 2755 324 2794 praevenientes
334 2780 342 2795 ,
356 2756 464 2796 populi
484 2756 540 2788 irae
553 2757 740 2797 proet'ectum
757 2758 982 2790 subduxissent
997 2760 1030 2790 et
1046 2759 1135 2790 suro·

96 2814 163 2836 rem
180 2806 278 2845 plebis
296 2806 418 2839 blandis
434 2808 539 2840 verbis
557 2809 833 2849 compescuissent.
859 2810 1010 2841 Dicebant
1037 2811 1135 2848 enim,

96 2865 169 2888 eum
186 2866 249 2888 non
261 2866 327 2890 esse
340 2858 453 2890 horum
469 2860 627 2891 malorum
638 2869 765 2892 causam
775 2885 783 2899 ,
797 2870 900 2901 neque
912 2862 1136 2901 imperatorem

97 2909 180 2941 male
209 2910 392 2941 consultum
419 2911 539 2942 civitati
563 2911 663 2950 velle,
691 2913 748 2943 aut
774 2913 819 2943 illi
848 2912 982 2943 adversa
1008 2921 1135 2953 cupere.

98 2963 252 3001 oportere
260 2970 335 2993 sane
347 2962 527 3002 diligentem
541 2963 717 2995 custodiam
731 2964 867 2996 civitatis
884 2973 987 3005 agere,
1004 2973 1139 3005 eamque

98 3015 298 3046 committere
320 3015 371 3046 cui
386 3016 545 3047 voluerint
557 3025 718 3057 quemque
737 3017 797 3048 sibi
814 3017 913 3048 fidum
932 3026 1000 3049 esse
1024 3015 1136 3057 cogno'-

100 3065 213 3096 verint.
258 3067 368 3106 ltaque
384 3066 490 3098 claves
514 3067 650 3099 civitatis
663 3059 852 3109 a‘praesecto
877 3070 1085 3108 acceperunt,
1107 3069 1140 3100 et

101 3116 334 3157 archiepiscopo
357 3117 577 3159 tradiderunt,
600 3120 670 3150 tum
695 3128 735 3151 ex
756 3120 794 3151 iis
818 3120 874 3160 qui
893 3121 965 3152 tum
987 3122 1140 3162 temporis

101 3168 133 3199 in
149 3169 227 3200 urbe
239 3171 330 3201 erant
342 3194 350 3209 ‚
368 3179 464 3210 quam
488 3170 757 3211 diligentissimam
773 3174 946 3212 potuerunt
962 3174 1140 3206 custodiam

104 3217 329 3259 instituebant,
353 3223 385 3252 et
412 3221 486 3252 duci
513 3230 572 3253 suo
597 3223 868 3263 obtemperabant.
912 3226 1035 3257 lnterea
1056 3228 1140 3257 Zeno

103 3278 203 3309 quum
221 3271 345 3303 audiret
362 3272 532 3304 imminens
547 3274 722 3313 periculum
735 3299 744 3314 ,
763 3277 796 3306 et
822 3275 960 3315 videret,
985 3277 1140 3316 optimum

103 3328 187 3359 esse,
200 3322 457 3363 quandoquidem
477 3333 570 3356 nemo
595 3334 735 3365 pugnare
748 3326 890 3364 volebat,
907 3327 1143 3358 conditionibus

106 3370 186 3403 utin
198 3373 302 3405 dubiis
317 3375 411 3407 rebus
422 3376 610 3416 aequissimis
618 3377 790 3410 barbarum
804 3378 844 3410 ab
862 3378 989 3410 urbium
1004 3379 1101 3411 ruinis
1111 3381 1142 3411 et

2154 204 2222 237 125

1185 293 1237 340 εἴη
1262 293 1424 334 σπονδαῖς
1443 293 1489 334 ὣς
1510 293 1544 329 ἐν
1574 297 1692 334 κακοῖς
1722 290 1875 343 μετρίαις
1901 294 1960 337 τῆς
1987 293 2054 329 τῶν
2087 292 2220 330 πόλεων

1187 355 1313 404 φθορᾶς
1336 353 1492 401 ἐπισχεῖν
1512 348 1569 386 τὸν
1594 349 1783 401 βάρὸαρον,
1816 349 2063 401 Ἀρτεμίδωρον
2092 350 2224 400 πέμπει

1184 425 1244 447 και
1271 410 1405 447 Φωκᾶν
1432 407 1489 445 τὸν
1518 423 1572 444 οτε
1594 411 1635 453 ἠν
1666 406 1858 458 στρατηγὸς
1887 407 2098 478 γραμματέα
2129 410 2224 445 αὐτω

1184 471 1244 514 τ’ἧς
1262 468 1372 519 ἀρχῆς
1396 464 1561 504 ὄντα.οἳ
1583 464 1734 507 ἐλθόντες
1757 465 1918 515 ἔλεγον,(
1906 463 1956 500 ότι
1982 482 1996 498 α
2016 464 2062 503 Σὲ
2082 468 2099 502 ὁ
2122 468 2226 515 βασι-

1185 525 1260 568 λεὺς
1280 525 1376 576 φίλον
1394 523 1602 570 ἐποιήσατο,
1623 523 1682 561 καὶ
1699 522 1824 570 ἀξίαις,
1844 521 1882 559 αἶ’
1897 524 1963 559 εἶσι
1978 523 2225 574 λαμπρόταται

1185 581 1394 632 Ῥωμαίοις,
1415 584 1548 630 σεμνῶς
1577 580 1793 631 ἐπεκόσμησε
1808 610 1818 627 ,
1843 580 1902 618 καὶ
1926 580 2044 631 ἄρχειν
2063 582 2131 617 τῶν
2162 596 2223 630 με·

1184 643 1311 692 γίστων
1334 640 1524 691 ταγμάτων
1544 639 1717 686 ἐποίησεν,
1738 638 1834 677 οὐδὲν
1854 633 1976 689 οἷάπερ
2011 638 2106 690 ἀνδρὶ
2139 641 2225 676 ἀπι-

1186 700 1317 747 στήσας
1352 698 1533 751 βαρὸάρῳ.
1556 697 1607 736 Σὺ
1640 696 1696 744 δὲ,
1724 698 1786 735 οὐκ
1805 697 1906 746 ἴσμεν
1926 696 2038 743 ὅπως,
2059 702 2133 739 ταῖς
2157 700 2224 734 τῶν

1186 761 1307 795 κοινῶν
1331 758 1508 807 δυσμενῶν
1539 756 1689 799 ἀπάταις
1709 754 1876 807 ὑπαχθεὶς
1904 754 1948 793 τά
1967 770 2005 792 τε
2026 755 2226 807 ὑπάρχοντά
2264 792 2270 797 ,

1192 832 1244 854 σοι
1274 815 1387 867 ἀγαθὰ
1418 814 1624 867 διέφθειρας,
1655 814 1714 852 καὶ
1742 817 1803 860 τῆς
1831 813 2048 862 εὐδαιμονίας
2078 816 2140 860 τῆς
2166 817 2227 860 σῆς

1188 875 1290 912 ἄλλον
1323 873 1509 920 ἐποίησας,
1543 875 1588 916 ὡς
1619 873 1681 910 οὐκ
1709 872 1776 910 ἔδει
1808 887 1846 920 σε
1876 873 1952 922 (sic
1982 873 2119 919 Bekk.;
2147 871 2229 915 ἴδεις

1186 932 1292 983 vgo),
1308 931 1438 984 κύριον.
1453 932 1531 970 Οὔκ
1548 930 1589 968 ἂν
1608 931 1737 974 δίκαιος
1756 929 1827 977 εἴης
1840 932 1888 982 τῷ
1905 930 2040 981 βασιλεῖ
2055 931 2228 981 ἐγκαλῶν,

1188 986 1234 1028 ῶν
1257 992 1303 1034 εἷς
1323 989 1444 1028 ἑαυτὸν
1465 989 1539 1039 ἅμα
1561 988 1619 1027 καὶ
1637 991 1683 1031 εἷς
1699 989 1826 1026 ἐκεῖνον
1846 987 2048 1040 ἐξήμαρτες.
2080 991 2153 1026 Νῦν
2171 982 2229 1026 οῦν

1189 1047 1307 1095 ἐπειδὴΙ
1343 1063 1469 1086 σαυτον
1502 1049 1550 1091 εἷς
1574 1051 1675 1085 τοῦτο
1704 1046 1941 1096 κατέστησας,
1962 1045 2147 1084 ὑπόλοιπόν
2176 1046 2231 1084 σοί

1190 1109 1282 1145 ἐστιν
1302 1108 1340 1144 ἐκ
1359 1110 1420 1153 τ’ῆς
1447 1106 1627 1157 παρούσης
1657 1105 1766 1157 τύχης
1784 1121 1845 1151 της
1864 1121 1900 1143 τε
1919 1103 2011 1142 κατὰ
2029 1107 2096 1142 τῶν
2127 1106 2230 1142 εθνῶν

1189 1164 1248 1204 και
1276 1167 1344 1202 τῶν
1364 1164 1496 1202 πόλεων
1522 1163 1655 1215 βλάὸης
1678 1163 1835 1215 ἐπισχειν
1855 1163 1932 1214 [ὡς]
1954 1156 2024 1200 οἶόν
2054 1177 2112 1209 τε,
2136 1162 2230 1212 πέμ-

1192 1238 1304 1260 ποντα
1325 1222 1361 1260 δὲ
1380 1221 1568 1274 πρεσὸείαν
1597 1221 1783 1272 πειρᾶσθαί
1809 1236 1841 1258 τι
1875 1220 2011 1272 μέτριον
2043 1220 2138 1273 παρὰ
2171 1224 2231 1259 τοῦ

1192 1280 1361 1332 βασιλέως
1382 1282 1510 1330 ἀγαθοῦ
1531 1278 1625 1321 ὄντος
1654 1278 1887 1330 εὑρίσκεσθαι.
1921 1295 1936 1311 ›·
1956 1277 2000 1318 Ὁ
2019 1277 2054 1316 δὲ
2083 1277 2233 1322 πεισθεὶς

1191 1339 1315 1390 ἄνδρας
1341 1337 1404 1388 μὲν
1426 1337 1484 1375 ἐπὶ
1503 1336 1541 1374 τὸ
1571 1337 1758 1381 Βυζάντιον
1778 1336 1839 1374 σὺν
1860 1337 1975 1380 αὐτοῖς
1997 1336 2227 1386 ἀποπέμπει,

1192 1395 1294 1439 αὐτὸς
1323 1395 1358 1433 δὲ
1391 1399 1449 1433 τοῦ
1479 1395 1541 1442 μὲν
1569 1393 1719 1441 καίεινῆ
1746 1393 1897 1447 φονεύειν
1925 1394 2003 1438 τοὺς
2035 1395 2234 1445 ἀνθρώπους

1191 1455 1326 1505 ἀνεῖργε
1342 1454 1381 1490 τὸ
1396 1453 1597 1505 στράτευμα
1608 1483 1618 1502 ,
1637 1454 1673 1490 οὐ
1689 1451 1805 1502 μέντοι
1821 1451 1963 1490 ἐδύνατο
1980 1451 2119 1490 πάντων
2133 1451 2233 1495 ὄντας

1193 1511 1343 1562 ἀπόρους
1360 1510 1404 1548 τὰ
1419 1515 1499 1562 γοῦν
1521 1510 1701 1557 ἐπιτήδεια
1721 1509 1901 1562 ἐκπορίσαι
1917 1510 2075 1549 κωλύειν.
2101 1510 2172 1548 Καὶ
2191 1508 2232 1556 δὴ

1194 1569 1324 1622 προῖὼν
1345 1564 1448 1617 ἦλθεν
1472 1569 1530 1607 ἐπὶ
1549 1569 1611 1615 τὴν
1632 1569 1845 1621 Ἡράκλειαν
1872 1568 1936 1615 τὴν
1956 1570 1990 1606 ἐν
2012 1567 2234 1620 Μακεδονίᾳ,

1195 1627 1255 1665 καὶ
1276 1632 1334 1666 τοῦ
1356 1627 1543 1681 ἀρχιερέως
1565 1631 1624 1665 τοῦ
1647 1630 1680 1666 ἐν
1701 1628 1810 1680 ταύτῃ
1829 1628 1903 1679 [τῇ]
1922 1627 2022 1665 πόλει
2040 1626 2155 1664 πολλὰ
2175 1626 2236 1664 καὶ

1194 1687 1401 1724 παντοδαπὰ
1415 1690 1457 1739 τῇ
1479 1693 1626 1740 στρατιᾷ
1646 1687 1705 1725 καὶ
1721 1688 1815 1739 αὐτῷ
1837 1686 2104 1729 ἀποστείλαντος
2118 1686 2211 1737 δῶρα
2223 1714 2233 1734 ,

1195 1746 1258 1792 τήν
1278 1761 1314 1783 τε
1331 1745 1449 1798 χώραν
1472 1747 1590 1792 ἀπαθῆ
1612 1752 1727 1783 πᾶσαν
1748 1743 1948 1799 διεφύλαξε,
1967 1744 2027 1783 καὶ
2044 1743 2140 1782 οὐδὲν
2160 1743 2237 1787 τοὺς

1196 1806 1373 1848 οἰκοῦντας
1401 1807 1549 1843 ἐνταῦθα
1568 1805 1786 1856 παραλυπῶν
1819 1819 1858 1842 εκ
1893 1806 1961 1841 τῶν
1988 1801 2097 1853 ταύτῃ
2122 1801 2236 1855 μόρων

1196 1864 1337 1914 (μερῶν
1369 1864 1539 1909 Hoesch„
1562 1862 1674 1916 φόρων
1703 1864 1815 1900 Nieb
1830 1863 1840 1911 )
1864 1861 1902 1899 τὸ
1927 1863 2055 1907 πλῆθος
2081 1862 2238 1903 ἐπιεικῶς

1198 1922 1361 1973 ἐπειρᾶτο
1393 1921 1534 1971 διάγειν.
1568 1923 1629 1963 M<
1659 1919 1695 1958 δὲ
1723 1919 1762 1957 τὸ
1794 1919 2017 1964 Βυζάντιον
2000 1935 2046 1962 ως
2071 1913 2175 1966 ἠλθον
2207 1920 2257 1956 οι’

1194 2030 1324 2062 excidiis
1337 2032 1500 2070 avertere,
1515 2031 1752 2063 Artemidorum
1769 2031 1868 2062 mittit
1884 2032 1916 2062 et
1933 2030 2071 2062 Phocam
2082 2054 2090 2069 ‚
2107 2030 2162 2070 qui
2179 2032 2238 2061 Ze-

1194 2082 1296 2121 nonis,
1314 2091 1414 2122 quum
1426 2082 1490 2113 dux
1505 2084 1593 2121 erat,
1616 2082 1718 2114 scriba
1737 2083 1850 2113 suerat.
1871 2082 1910 2113 lli
1924 2081 2077 2122 progressi
2093 2081 2148 2113 tali
2164 2082 2240 2112 sunt

1195 2133 1339 2164 oratione
1351 2135 1399 2164 usi
1415 2145 1423 2164 z
1440 2145 1454 2160 «
1474 2135 1518 2164 Te
1540 2133 1713 2173 imperator
1731 2133 1870 2164 amicum
1887 2133 2077 2171 conciliavit,
2088 2135 2120 2164 et
2133 2132 2239 2171 digni-

1195 2186 1333 2226 tatibus,
1363 2196 1436 2226 quae
1454 2188 1529 2218 sunt
1547 2187 1633 2227 apud
1661 2189 1821 2219 Romanos
1845 2187 2046 2226 clarissimae,
2073 2186 2240 2226 magnifice

1198 2239 1344 2277 ornavit,
1362 2239 1458 2270 etiam
1474 2239 1630 2279 imperare
1654 2238 1802 2270 maximis
1822 2239 2013 2270 exercitibus
2029 2238 2137 2277 dedit,
2157 2238 2214 2269 tibi
2226 2262 2236 2277 ,

1198 2291 1318 2322 homini
1342 2291 1417 2322 licet
1442 2291 1593 2330 barbaro,
1620 2291 1752 2322 minime
1778 2290 1938 2321 diffidens.
1982 2291 2029 2321 Tu
2056 2298 2150 2328 vere,
2180 2298 2239 2320 ne-

1196 2344 1312 2376 scimus
1334 2344 1508 2384 quomodo,
1529 2344 1748 2375 communium
1765 2343 1968 2374 inimicorum
1985 2342 2095 2373 fraude
2110 2343 2142 2373 et
2166 2341 2240 2372 dolo

1197 2396 1362 2435 inductus,
1380 2397 1412 2427 in
1425 2396 1594 2428 discrimen
1607 2397 1639 2427 te
1656 2394 1862 2435 fortunasque
1878 2397 1950 2426 tuas
1966 2394 2127 2434 conjecisti
2143 2395 2175 2425 et
2188 2402 2241 2425 eas

1196 2447 1235 2478 ad
1252 2447 1371 2486 alium,
1391 2448 1431 2479 ad
1452 2457 1548 2487 quem
1567 2456 1630 2479 non
1644 2447 1799 2486 debebas,
1817 2446 1968 2478 detulisti.
1990 2447 2029 2478 Et
2046 2455 2121 2477 vero
2140 2445 2241 2477 haud-

1196 2508 1358 2540 quaquam
1374 2499 1446 2538 Jure
1466 2499 1650 2540 imperatori
1673 2499 1811 2538 imputes
1833 2507 1869 2530 ea
1889 2507 1963 2538 quae
1981 2498 2013 2529 in
2036 2499 2068 2529 te
2087 2498 2190 2537 ipsum
2208 2499 2240 2529 et

1198 2552 1228 2584 in
1241 2552 1332 2584 illum
1348 2552 1519 2593 deliquisti.
1566 2554 1658 2584 Nune
1680 2552 1786 2592 igitur,
1803 2551 1954 2591 quoniam
1968 2560 2007 2582 eo
2028 2552 2060 2582 te
2074 2550 2240 2590 redegisti,

1196 2605 1258 2637 hoc
1269 2606 1326 2637 tibi
1336 2607 1494 2646 quantum
1506 2605 1547 2636 ad
1561 2606 1749 2645 praesentem
1766 2605 1928 2635 fortunam
1942 2603 2056 2643 reliqui
2074 2605 2132 2642 est,
2146 2604 2182 2634 ut
2200 2603 2240 2634 ab

1197 2657 1312 2697 inJ'uria
1324 2658 1355 2688 et
1367 2657 1491 2688 damnis
1510 2656 1642 2688 urbibus
1658 2662 1690 2687 et
1706 2656 1852 2695 gentibus
1875 2654 2064 2693 inferendis,
2082 2655 2240 2694 quantum

1197 2709 1228 2740 in
1243 2711 1274 2740 te
1293 2709 1367 2748 erit,
1385 2710 1560 2748 temperes,
1574 2709 1606 2739 et
1621 2707 1809 2747 legationem
1826 2707 1952 2745 mittas,
1968 2714 2033 2746 qua
2045 2705 2129 2745 apud
2145 2706 2243 2745 impe-

1198 2761 1336 2791 ratorem
1346 2784 1354 2799 ,
1366 2760 1420 2800 qui
1435 2759 1602 2797 bonusest,
1612 2758 1813 2790 moderatum
1827 2758 1904 2798 quid
1915 2759 1946 2789 et
1959 2765 2087 2796 aequum
2098 2756 2243 2787 obtinere

1198 2813 1331 2845 coneris.
1350 2825 1365 2840 »
1382 2812 1438 2843 llle
1451 2821 1528 2843 vero
1541 2809 1711 2851 persuasus
1721 2835 1729 2849 ‚
1744 2810 1829 2841 viros
1839 2809 1993 2850 quosdam
2004 2818 2068 2840 una
2081 2817 2154 2839 cum
2169 2807 2243 2848 ipsis

1200 2864 1386 2904 Byzantium
1400 2863 1508 2894 mittit.
1531 2865 1569 2894 Et
1582 2863 1647 2902 ipse
1660 2861 1788 2902 quidem
1805 2861 1981 2893 exercitum
1994 2869 2090 2892 suum
2106 2868 2198 2891 urere
2210 2860 2242 2890 et

1198 2915 1342 2948 occidere
1353 2915 1497 2946 homines
1509 2913 1622 2952 vetuit,
1636 2913 1694 2944 etsi
1707 2921 1792 2951 suos,
1807 2921 1907 2952 quum
1921 2911 2064 2942 omnium
2077 2919 2184 2942 rerum
2192 2919 2241 2941 es-

1198 2966 1385 3006 semegem,
1401 2965 1572 3006 quominus
1588 2973 1636 2996 res
1648 2963 1840 2995 necessarias
1853 2963 1912 2995 sibi
1927 2963 2159 3002 compararent,
2172 2971 2241 3001 pro-

1201 3018 1308 3049 hibere
1325 3026 1389 3048 non
1407 3017 1524 3057 potuit.
1540 3017 1621 3047 Hinc
1634 3024 1766 3047 movens
1779 3015 1820 3046 ad
1843 3015 2028 3046 Heracleam
2044 3016 2053 3051 (
2066 3013 2240 3050 Sinticam)

1201 3069 1393 3101 Macedoniae
1411 3068 1563 3108 pervenit.
1606 3067 1710 3105 Hujus
1734 3066 1822 3098 urbis
1847 3065 2116 3105 archiepiscopus,
2139 3072 2240 3103 quum

1200 3120 1450 3161 quamplurima
1466 3121 1497 3151 et
1512 3119 1627 3151 diversi
1643 3119 1764 3158 generis
1788 3126 1921 3149 munera
1945 3117 1986 3148 ad
2015 3125 2089 3147 eum
2114 3118 2146 3146 et
2173 3115 2242 3154 ejus

1201 3173 1378 3205 exercitum
1394 3172 1544 3210 misisset,
1558 3180 1685 3202 omnem
1700 3170 1858 3210 regionem
1876 3178 1895 3201 a
1910 3169 2087 3208 direptione
2108 3167 2239 3198 illaesam

1202 3224 1418 3263 conservavit,
1432 3232 1537 3263 neque
1553 3223 1725 3263 quicquam
1747 3222 1901 3253 molestiae
1922 3220 2076 3252 exhibens
2097 3219 2241 3249 locorum

1202 3275 1329 3314 incolis,
1349 3275 1456 3315 copias
1468 3284 1540 3306 suas
1561 3284 1601 3306 ex
1617 3274 1719 3305 reditu
1747 3273 1842 3312 huius
1865 3272 1999 3312 regionis
2012 3271 2095 3302 alere
2110 3278 2238 3309 operam

1201 3326 1300 3358 dedit.
1345 3326 1452 3365 Legati
1464 3327 1571 3357 autem
1584 3325 1625 3357 ab
1638 3334 1676 3357 eo
1686 3325 1771 3356 missi
1784 3324 1975 3363 simulatque
1986 3320 2172 3361 Byzantium
2189 3328 2241 3349 ac-

1202 3380 1374 3418 cesserunt,
1399 3379 1623 3419 imperatorem
1639 3378 1832 3409 monuerunt
1849 3377 2013 3417 oportere,
2029 3381 2125 3413 quam
2142 3371 2240 3402 celer-
