2326 3724
62 225 139 258 308
190 250 192 253 .

805 231 1128 273 APOLLODORI
1155 232 1447 274 ARTEMITEN
1450 235 1486 284 1,

56 324 168 375 Τῖφυν
186 323 357 373 γενέσθαι.
383 324 454 363 Καὶ
480 322 579 375 λόγος
605 323 688 377 παρ’
714 326 814 375 ἡμῶν
837 325 889 374 (l.
911 326 1021 376 ἡμῖν)
1040 328 1101 371 τῆς
1165 326 1297 375 μᾶλλον
1328 325 1532 379 ἀφώρισαν,
1560 325 1604 364 τὰ
1633 326 1721 379 Περὶ
1737 326 1800 375 τὴν
1831 327 2021 380 Ὑρκανίαν
2051 328 2111 368 καὶ
2140 329 2204 378 τὴν

57 380 141 440 νεὼς
167 381 408 434 ἀφορμισάσης
428 384 579 421 ἐντεῦθεν
603 382 693 433 μετὰ
725 385 793 421 τῶν
825 383 993 435 ἀριστέων
1008 414 1018 434 ,
1042 384 1108 431 ἀφ’.

56 441 162 491 οὗπερ
181 439 397 478 ἀπέπλευσεν
415 443 436 487 ἡ
459 443 540 484 ναῦς
559 441 572 492 (
589 443 660 491 leg.
681 443 832 479 videtur
849 441 901 494 ἐφ’
917 437 1024 495 οἷπερ
1040 442 1099 480 καὶ

57 497 290 536 κατέπλευσεν
311 501 333 545 ἡ
352 502 433 543 ναῦς
450 499 460 550 )
483 499 534 536 ⁴²⁴⁸.
561 517 575 533 »
605 498 650 538 ‘O
669 499 810 547 τοπίτης
830 499 1044 552 Ἀφορμιεύς.

108 559 165 593 De
189 570 229 593 re
249 558 297 596 ef.
329 560 532 594 Pausanias
558 560 637 604 IX,
666 559 713 595 32
730 586 740 604 ,
755 565 790 603 ¹4
814 573 821 595 2
852 558 1100 611 Παραπλέοντι

55 612 91 651 δὲ
112 613 254 652 αὐτόθεν
273 614 432 665 πόλισμά
453 617 544 653 ἔστιν
573 617 610 653 οὗ
633 614 724 667 μέγα
745 617 803 654 ἐπὶ
823 616 982 668 θαλάσσῃ
1003 617 1099 669 Τίφα

55 671 178 724 (Σίφη
199 675 258 710 vel
277 673 384 725 Σίφαι
401 687 462 723 ap.
493 675 671 711 Strabon.
697 676 824 724 steph.
850 673 946 726 etc).
979 674 1099 726 Ἡρά-

53 730 166 788 κλξιόν
189 746 226 768 τε
244 731 448 784 ’Τιφαιεῦσίν
467 733 540 769 ἐστι
557 732 616 769 καὶ
633 731 754 784 ἑορτὴν
775 733 916 783 ἄγουσιν
931 733 1097 770 ἐπέτειον.

55 789 162 827 Οὗτοι
178 790 337 826 Βοιωτῶν
359 789 513 839 μάλιστα
535 791 574 827 ἐκ
595 791 746 827 παλαιοῦ
763 789 807 827 τὰ
827 790 1001 828 θαλάσσια
1021 791 1096 828 ἐθέ-

53 847 170 883 λουσιν
189 840 275 884 εἶναι
293 847 404 899 σοφοὶ,
422 849 533 899 Τῖφυν
553 847 658 899 ἄνδρα
676 847 947 897 μνημονεύοντες
966 848 1100 900 ἐπιχώ-

55 919 138 955 ριον,
151 907 197 948 ὡς
219 905 419 957 προκριθείη
438 906 596 956 γενέσθαι
625 908 686 952 τ’ῆς
713 906 852 958 Ἀργοῦς
869 905 1095 957 κυὸερνήτης·

55 962 287 1015 ἀποφαίνουσι
307 963 341 1000 δὲ
362 963 422 1000 καὶ
443 962 509 1015 πρὸ
530 966 591 1009 τῆς
609 962 765 1014 πόλεως,
788 962 866 1001 ἔνθα
890 965 928 1002 ἐκ
946 963 1096 1016 Κόλχων

54 1019 167 1058 ὀπίσω
195 1021 425 1071 κομιζομένην
461 1021 668 1073 ὁρμίσασθαι
699 1021 762 1067 τὴν
780 1021 891 1073 Ἀργὼ
925 1020 1097 1073 λέγουσιν.

56 1081 154 1116 Hinc
174 1081 355 1127 conjicias
375 1083 627 1130 Aphormium
652 1083 779 1117 locum
798 1095 922 1131 prope
942 1083 1098 1131 Tipham

52 1141 111 1174 vel
128 1141 280 1188 Sipham
310 1140 432 1177 fuisse.
463 1142 508 1176 In
527 1153 668 1189 mappa
695 1142 944 1189 Kiepertiana
963 1142 1096 1190 Apho-

52 1199 171 1233 mium
191 1206 374 1246 tanquam
392 1199 547 1235 Thisbes
566 1200 672 1235 urbis
684 1198 832 1235 ἐπίνειον
843 1207 1011 1246 notatur,
1031 1213 1100 1236 ne-

50 1257 128 1291 seio
148 1270 222 1304 qua
237 1259 478 1296 auctoritate.
497 1259 620 1306 Siphis
636 1258 819 1294 oriundus
831 1259 971 1307 Tiphys
988 1260 1100 1294 etiam

50 1316 154 1363 apud
172 1318 421 1364 Apollonium
443 1318 570 1353 Rhod.
602 1319 642 1362 Ι,
666 1323 737 1354 105
755 1317 908 1352 dicitur.
932 1338 983 1344 —
1000 1319 1100 1353 Num

49 1380 153 1409 recte
181 1387 259 1410 sese
278 1375 418 1410 habeat
441 1375 536 1411 illud
558 1373 770 1425 Ἀφροδίσιος
790 1373 867 1420 ἤτοι
898 1373 1097 1426 Εὐφήμιος,

49 1445 279 1481 magnopere
296 1434 442 1471 dubito.
462 1435 713 1483 Exspectabas
732 1435 909 1470 disertam
928 1436 1098 1470 mentio-

47 1504 139 1526 v-nern
170 1494 316 1539 patriae.
351 1494 522 1529 Fortasse
553 1494 670 1542 igitur
703 1494 774 1528 fuit
805 1507 814 1528 ε
848 1494 866 1529 ὁ
899 1491 1099 1544 Ἀφορμιεὺς

51 1549 155 1599 φησὶν
185 1549 386 1601 Εὐφήμιος,
407 1552 494 1596 vel,
520 1565 638 1599 quum
665 1564 801 1600 parum
822 1552 1022 1599 probabile
1053 1552 1101 1586 sit

52 1609 283 1656 >singularem
301 1610 469 1645 libellum
485 1610 532 1645 de
551 1611 814 1645 obscurissimo
829 1611 900 1645 isto
917 1611 1005 1645 loco
1025 1610 1100 1646 edi-

51 1675 131 1702 tum
148 1681 223 1704 esse
240 1679 247 1705 :
264 1666 474 1718 Ἀφροδίσιός
488 1683 592 1720 φησιν
609 1668 908 1719 ὁΣιερναῗοςείνεὸ
926 1667 1096 1719 Σιφνιεύς.

463 1791 680 1807 κο...-

53 1860 582 1952 APOLLOD'ORUS
630 1894 1073 1953 ARTEMITEN.

104 2021 261 2068 Scripsit
282 2028 367 2068 post
396 2025 468 2063 140
492 2032 526 2058 a.
563 2021 652 2059 Chr.
691 2028 727 2056 et
760 2028 847 2057 ante
873 2020 1099 2057 Strabonem

53 2080 91 2114 V.
116 2078 246 2126 fragm.
266 2079 305 2116 6.

453 2166 697 2204 ΠΑΡΘΙΚΑ.

559 2268 573 2290 1
586 2284 591 2289 .

105 2343 238 2377 Strabo
260 2343 317 2386 ΙΙ,
339 2354 379 2390 p.
408 2342 479 2377 118
504 2354 512 2379 :
540 2339 773 2390 Ἀπῆγγελται
794 2340 822 2377 δ’
839 2342 924 2389 ἡμῖν
945 2339 1013 2377 ὑπὸ
1030 2341 1098 2377 τῶν

53 2398 95 2436 τὰ
114 2397 274 2450 Παρθικὰ
292 2397 566 2450 συγγραψάντων
580 2400 648 2435 τῶν
667 2398 754 2451 Περὶ
771 2397 1032 2450 Ἀπολλόδωρον
1041 2397 1099 2435 τὸν

53 2457 295 2508 Ἀρτεμιτηνὸν
314 2458 324 2508 (
341 2459 457 2495 codd.
484 2456 750 2508 Ἀρτεμείτην),
774 2456 796 2493 ἃ
816 2458 955 2494 πολλῶν
974 2457 1099 2494 ἐκεῖνοι

52 2569 140 2608 pliyn
164 2570 266 2607 Argus
291 2568 382 2600 navis
404 2568 650 2609 gubernatorem
679 2567 853 2599 oriundum
879 2576 947 2599 esse
978 2567 1099 2599 ferunt.

54 2621 158 2659 Atque
174 2619 257 2650 sama
267 2620 352 2660 apud
370 2628 428 2651 nos
450 2621 514 2658 est,
533 2628 616 2650 nave
639 2619 692 2650 illa
708 2619 783 2650 binc
800 2627 873 2650 cum
894 2618 1046 2650 heroibus
1069 2618 1101 2649 in

54 2673 154 2703 altum
168 2671 299 2711 educta,
317 2681 382 2712 quo
402 2672 513 2704 eodem
530 2671 626 2703 etiam
641 2672 673 2702 in
692 2671 794 2703 reditu
816 2671 954 2712 appulit,
971 2671 1102 2710 (locum

54 2726 160 2756 istum
173 2723 396 2763 Aphormzum
410 2732 480 2755 esse
493 2724 683 2763 vocatum).
703 2735 718 2750 »

439 2814 710 2853 PARTHICA.

567 2906 596 2936 1.

99 2964 251 3006 Exposita
263 2965 338 2996 sunt
353 2965 450 2996 etiam
466 2965 558 2997 nobis
574 2974 646 3005 quae
659 2965 870 3005 Apollodorus
884 2965 1103 2998 Artemitenus

57 3016 132 3048 belli
151 3015 291 3048 Parthici
313 3016 446 3056 scriptor
464 3016 504 3048 de
532 3017 626 3048 rebus
644 3017 830 3057 Hyrcanicis
846 3018 878 3049 et
894 3017 1102 3049 Bactrianicis

57 3068 239 3100 accuratius
251 3067 381 3107 reliquis
394 3067 535 3099 tradidit.

562 3129 595 3160 2.

99 3187 312 3229 Apollodorus
334 3188 388 3228 qui
414 3188 561 3220 Parthica
584 3189 792 3229 conscripsit,
818 3190 945 3221 Oclium
970 3189 1102 3220 tluvium

59 3241 226 3274 itentidem
242 3241 410 3280 nominat,
425 3243 462 3272 ut
481 3241 626 3281 proxime
641 3242 775 3273 Parthos
789 3242 960 3274 labentem.

159 3304 163 3307 ·
562 3296 596 3328 3.

102 3350 151 3383 Ab
168 3349 329 3390 Hyrcania
345 3349 385 3381 ari
415 3349 603 3381 Artemitam
631 3349 814 3389 Babyloniae
839 3350 1013 3382 stadiorum
1031 3352 1105 3382 sunt

58 3405 133 3435 octo
147 3403 256 3442 millia,
272 3405 307 3433 ut
324 3402 534 3443 Apollodorus
552 3411 591 3434 ex
608 3401 760 3435 Artemita
779 3403 834 3433 ait.

1126 594 1136 3439 fflfflffl

1165 384 1396 436 Βακτριανήν.

1667 465 1687 488 2

1214 525 1322 561 Idem
1340 524 1479 562 Strabo
1508 518 1590 572 X1,'
1610 540 1651 576 p.
1684 527 1760 576 509
1793 541 1800 563 ι
1824 525 2081 578 Ἀπολλόδωρος
2114 528 2133 565 ὁ
2160 526 2206 565 τὰ

1164 581 1328 634 Παρθικὰ
1344 582 1482 636 γράψας
1500 586 1651 635 συνεχῶς
1676 584 1777 622 αὐτὸν
1792 585 1874 634 (τὸν
1891 578 2008 636 ῗΩχον
2022 585 2204 637 ποταμὸν)

1162 639 1345 689 ὀνομάζει,
1364 643 1410 684 ὡς
1431 641 1611 693 ἐγγυτάτω
1630 647 1700 686 τοῖς
1718 642 1930 695 Παρθυαίοις
1949 643 2083 696 ῥέοντα.

1666 731 1702 770 3.

1214 812 1320 848 Idem
1335 813 1463 861 X1‚p.
1480 812 1556 861 519
1573 826 1582 849 ε
1599 811 1684 851 Ἀπὸ
1698 814 1759 859 τῆς
1775 812 1963 866 Ὑρκανίας
1976 813 2034 851 ἐπὶ
2052 812 2115 860 τὴν
2133 813 2209 866 Ἀρ-

1161 867 1304 919 τεμίταν
1323 867 1385 915 τὴν
1403 870 1437 907 ἐν
1453 872 1496 922 τῇ
1514 869 1724 923 Βαὸυλωνία
1743 871 1877 909 στάδιοί
1897 873 1982 910 εἰσιν
2002 871 2207 925 ὀκτακισχί-

1161 928 1228 964 λιοι
1239 956 1248 974 ,
1261 926 1418 980 καθάπερ
1433 927 1567 979 εἴρηκεν
1586 927 1847 981 Ἀπολλόδωρος
1863 931 1902 968 ἐκ
1914 933 1976 977 τῆς
1993 930 2206 983 Ἀρτεμίτας.

1160 987 1422 1035 Apollodorus
1448 989 1515 1035 qui
1546 1000 1608 1036 ap.
1641 989 1770 1037 steph.
1807 1002 1850 1029 v.
1888 987 2074 1040 Ἀρτέμιτα
2107 991 2208 1035 νῆσος

1161 1053 1409 1092 memoratur,
1432 1054 1488 1082 est
1503 1047 1740 1084 Atheniensis
1759 1049 2038 1097 grammaticus.

1214 1197 1319 1234 Idem
1343 1190 1422 1243 XI,
1443 1210 1483 1246 p.
1502 1196 1578 1234 525
1598 1210 1607 1234 :
1624 1195 1706 1235 Εἰσὶ
1726 1195 1760 1233 δὲ
1773 1195 1832 1234 καὶ
1850 1195 2052 1242 Ἑλληνίδες
2067 1194 2206 1244 πόλεις,

1163 1253 1341 1304 κτίσματα
1358 1256 1426 1292 τῶν
1441 1254 1652 1294 Μακεδόνων
1673 1255 1707 1292 ἐν
1724 1256 1768 1306 τῇ
1785 1254 1908 1306 Μηδίᾳ
1922 1284 1932 1302 ,
1949 1248 1997 1292 ὧν
2017 1249 2208 1293 Adustum&

1161 1327 1198 1350 τε
1217 1311 1276 1350 καὶ
1303 1312 1477 1364 Ἀπάμεια
1495 1311 1554 1351 καὶ
1575 1311 1812 1365 [“Ηράκλεια]
1832 1315 1854 1360 ἡ
1874 1311 1959 1364 πρὸς
1981 1311 2128 1363 Ῥαγαῖς
2145 1311 2207 1350 καὶ

1162 1370 1250 1417 αὐτὴ
1282 1369 1429 1422 Ῥοίγεια
1457 1369 1592 1422 (Ῥοίγα
1617 1385 1690 1410 em.
1711 1373 1793 1408 Cas.
1811 1371 1847 1421 ),
1875 1370 1914 1408 τὸ
1940 1374 1999 1409 τοῦ
2018 1370 2210 1422 Νικάτορος

1161 1427 1305 1478 κτίσμα·
1327 1427 1487 1472 ὃέκεῑνος
1510 1427 1572 1478 μὲν
1592 1427 1761 1480 Εὐρωπὸν
1786 1427 1947 1477 ὠνόμασε
1961 1457 1972 1478 ,
2006 1427 2141 1479 Πάρθοι
2171 1427 2208 1465 δὲ

1162 1485 1347 1538 Ἀρσακίαν
1363 1516 1372 1534 ,
1405 1485 1611 1538 νοτιωτέραν
1642 1480 1748 1525 οὖσαν
1779 1489 1848 1524 τῶν
1887 1485 2058 1526 Κασπίων
2086 1486 2207 1523 πυλῶν

1160 1544 1399 1588 πεντακοσίοις
1425 1560 1492 1583 που
1520 1543 1694 1595 σταδίοις,
1735 1544 1781 1587 ὥς
1811 1558 1915 1596 φησιν
1949 1542 2207 1592 Ἀπολλόδωρος

1162 1602 1416 1654 Ἄρτεμιτηνός.

1666 1679 1702 1717 5.

1215 1762 1321 1797 Idem
1336 1762 1413 1806 XI,
1439 1760 1514 1797 516
1538 1762 1636 1807 εΤῆς
1655 1759 1691 1798 δὲ
1720 1759 1896 1812 Βακτρίας
1922 1759 2012 1811 μέρη
2042 1758 2104 1807 μέν
2130 1773 2207 1796 τινα

1162 1820 1204 1870 τῇ
1217 1816 1313 1869 Ἀρία
1328 1815 1597 1870 παραὸέὸληται
1608 1816 1692 1869 πρὸς
1709 1816 1835 1869 ἄρκτον
1846 1847 1856 1864 ,
1871 1816 1915 1854 τὰ
1928 1815 2042 1854 πολλὰ
2058 1817 2088 1854 δ’
2105 1815 2206 1869 ὑπέρ-

1162 1874 1365 1928 κειταιπρὸς
1379 1875 1437 1912 ἔω·
1451 1875 1563 1922 πολλὴ
1579 1875 1608 1913 δ’
1623 1875 1696 1913 ἐστὶ
1707 1874 1768 1913 καὶ
1777 1874 1959 1925 πάμφορος
1969 1873 2062 1920 πλὴν
2073 1873 2203 1912 ἐλαίου.

1161 1936 1334 1973 Τοσοῦτον
1350 1932 1386 1971 δὲ
1406 1933 1554 1985 ἴσχυσαν
1575 1935 1607 1971 οἱ
1627 1933 1890 1979 ἀποστήσαντες
1907 1930 2080 1979 ”Ελληνες
2097 1931 2206 1979 αὐτὴν

1163 1991 1219 2030 διὰ
1235 1990 1298 2038 τὴν
1318 1991 1445 2044 ἀρετὴν
1461 1994 1522 2038 τῆς
1538 1990 1676 2044 χώρας,
1693 1990 1784 2029 ὥστε
1803 1993 1864 2036 τῆς
1885 2005 1923 2028 τε
1949 1989 2107 2042 Ἀριανῆς
2125 1991 2208 2030 ἐπε-

1165 2048 1313 2100 κράτουν
1331 2049 1391 2086 καὶ
1410 2051 1478 2087 τῶν
1498 2049 1635 2096 Ἰνδῶν,
1653 2047 1698 2093 ὥς
1710 2064 1814 2101 φησιν
1833 2048 2088 2100 Ἀπολλόδωρος
2103 2051 2121 2087 ὃ
2134 2048 2207 2100 Ἀρ·

1162 2106 1364 2155 τεμιτηνὸς,
1390 2106 1450 2144 καὶ
1471 2106 1580 2144 πλείω
1601 2106 1679 2153 ἔθνη
1704 2106 1984 2159 κατεστρέψαντο
2002 2105 2025 2153 ἢ
2046 2105 2205 2151 Ἀλέξαν-

1163 2165 1255 2216 δρος,
1289 2165 1348 2203 καὶ
1369 2165 1523 2215 μάλιστα
1550 2164 1750 2216 Μένανδρος
1778 2164 1873 2216 (εἴγε
1894 2164 1954 2202 καὶ
1971 2165 2030 2202 τὸν
2049 2162 2204 2204 ’Υπανιν

1162 2222 1279 2268 διέὸη,
1301 2223 1385 2274 πρὸς
1404 2222 1469 2270 ἔω,
1490 2223 1549 2261 καὶ
1569 2222 1673 2275 μέχρι
1687 2227 1748 2260 τοῦ
1767 2222 1911 2273 Ἰσάμου
1929 2223 1943 2274 [
1958 2222 2082 2273 Ἰμάου
2101 2223 2203 2271 conj.

1161 2283 1340 2332 Casaub.;
1357 2281 1520 2332 Ἰομάνου
1535 2282 1646 2328 Ηιιν.,
1668 2284 1854 2322 Mannert.
1875 2284 1922 2328 V,
1938 2295 1978 2330 p.
1999 2281 2099 2332 295]
2117 2296 2205 2334 προ-

1164 2341 1247 2386 ’ἦλθε
1262 2340 1272 2390 )
1289 2356 1296 2364 ·
1320 2339 1363 2377 τὰ
1392 2339 1454 2391 μὲν
1476 2340 1544 2393 γὰρ
1564 2340 1662 2383 αὐτὸς
1675 2369 1685 2388 ,
1710 2339 1754 2378 τὰ
1770 2340 1806 2377 δὲ
1827 2339 2027 2390 Δημήτριος
2045 2342 2064 2377 ὁ
2087 2341 2209 2378 Εὐθυ-

1162 2397 1274 2448 δήμου
1295 2398 1364 2442 υἱὸς
1387 2402 1447 2436 τοῦ
1466 2398 1649 2451 Βακτρίων
1680 2397 1866 2450 βασιλέως·
1887 2398 1926 2435 οὔ
1956 2395 2061 2448 μόνον
2087 2394 2124 2435 δὲ
2143 2395 2208 2444 τὴν

1164 2457 1400 2504 Πατταληνὴν
1419 2455 1610 2508 κατέσχον,
1632 2455 1722 2493 ἀλλὰ
1741 2455 1800 2493 καὶ
1827 2457 1889 2501 τῆς
1909 2454 2017 2502 ἄλλης
2035 2454 2210 2507 παραλίας

1207 2627 1286 2656 Sunt
1296 2624 1393 2656 etiam
1404 2624 1599 2656 Graecanicae
1608 2624 1704 2656 urbes
1716 2624 1748 2655 in
1759 2623 1863 2656 Media
1872 2632 1892 2655 a
1900 2621 2128 2655 Macedonibus
2135 2629 2209 2654 con·

1168 2677 1243 2708 ditae
1251 2701 1262 2718 ,
1275 2677 1428 2709 Laodicea
1438 2680 1603 2718 ,aeApamea
1613 2678 1645 2709 et
1660 2677 1826 2709 Heraclea
1838 2676 1922 2717 apud
1934 2675 2058 2715 Rhagas
2067 2673 2179 2714 etipsa
2189 2682 2209 2705 a

1164 2728 1311 2760 Nicatore
1318 2728 1447 2760 condita
1455 2729 1571 2768 Rhaga,
1584 2737 1680 2769 quam
1697 2728 1762 2768 ipse
1773 2730 1938 2767 Europum
1949 2719 2129 2767 appellavit,
2138 2727 2209 2758 Par-

1165 2781 1212 2812 tbi
1222 2782 1397 2820 Arsaciam,
1410 2789 1520 2812 versus
1530 2780 1694 2812 meridiem
1705 2780 1852 2820 acaspiis
1860 2779 1959 2819 portis
1967 2778 2110 2810 dissitam
2117 2778 2209 2818 quin-

1163 2831 1264 2872 gentis
1283 2831 1407 2863 circiter
1420 2831 1548 2871 stadiis,
1566 2835 1601 2862 ut
1612 2831 1710 2863 tradit
1728 2830 1942 2871 Apollodorus
1956 2829 2183 2861 Artemitenus.
2206 2832 2214 2840 “

1205 2939 1337 2971 Bactriae
1358 2941 1464 2979 partes
1477 2937 1625 2979 quaedam
1639 2938 1721 2970 Asiae
1745 2946 1856 2969 versus
1871 2936 2120 2977 septentrionem
2149 2935 2208 2967 cir·

1164 2988 1356 3020 cumdantur
1383 2998 1390 3018 :
1412 2988 1574 3028 pleraeque
1594 2995 1705 3019 versus
1724 2988 1830 3018 ortum
1853 2986 2070 3027 porriguntur,
2089 2985 2203 3026 Ampla

1164 3041 1211 3072 est
1233 3040 1316 3080 regio
1342 3041 1374 3071 et
1394 3040 1538 3070 omnium
1563 3047 1670 3070 rerum
1697 3038 1802 3077 ferax,
1826 3040 1960 3078 excepto
1989 3037 2071 3082 oleo.
2102 3038 2204 3069 Tanta

1164 3094 1271 3124 autem
1294 3092 1355 3124 suit
1370 3093 1574 3131 Graecorum,
1595 3091 1651 3132 qui
1674 3099 1744 3122 eam
1762 3090 2042 3130 abalienaverunt,
2065 3089 2209 3130 potentia

1164 3145 1206 3177 ob
1224 3144 1282 3177 soli
1302 3144 1536 3185 praestantiam,
1551 3144 1628 3175 utet
1649 3142 1800 3175 Arianam
1813 3141 2010 3174 obtinuerint
2019 3141 2052 3174 et
2068 3141 2207 3181 Indiam,

1165 3197 1200 3228 ut
1215 3196 1260 3228 ait
1274 3194 1486 3236 Apollodorus
1499 3194 1732 3232 Artemitenus,
1749 3202 1787 3224 ac
1801 3193 1908 3233 plures
1920 3201 2017 3233 quam
2029 3192 2208 3224 Alexander

1164 3250 1273 3290 gentes
1287 3247 1484 3288 subegerint,
1505 3247 1642 3279 maxime
1656 3245 1840 3285 Menander,
1851 3245 2009 3287 siquidem
2021 3245 2048 3278 is
2057 3246 2090 3277 et
2098 3247 2207 3286 Hypa-

1165 3302 1231 3333 nim
1259 3300 1410 3332 transivit
1438 3308 1548 3331 versus
1573 3300 1682 3330 ortum
1710 3299 1741 3330 et
1772 3298 1813 3329 ad
1838 3300 1979 3330 lsamum
2004 3298 2162 3338 (Imaum
2170 3297 2207 3337 2²)

1166 3362 1267 3394 usque
1282 3352 1446 3394 pervenit:
1462 3352 1532 3384 baec
1547 3351 1631 3383 enim
1651 3350 1766 3392 partim
1779 3350 1845 3391 ipse
1863 3351 1947 3390 egit,
1964 3349 2207 3391 partim-Deme·

1168 3405 1246 3437 trius
1262 3403 1458 3445 Euthydemi
1475 3403 1560 3435 tilius
1573 3403 1770 3435 Bactriorum
1795 3402 1884 3442 regis.
1900 3404 1970 3434 Non
1994 3400 2088 3433 modo
2099 3401 2207 3432 autem
