<?xml version="1.0" encoding="UTF-8"?>
<!DOCTYPE html PUBLIC "-//W3C//DTD XHTML 1.0 Transitional//EN"
    "http://www.w3.org/TR/xhtml1/DTD/xhtml1-transitional.dtd">
<html xmlns="http://www.w3.org/1999/xhtml" xml:lang="en" lang="en">
 <head>
  <title>
</title>
<meta http-equiv="Content-Type" content="text/html;charset=utf-8" />
  <meta name='ocr-system' content='tesseract 3.04.00' />
  <meta name='ocr-capabilities' content='ocr_page ocr_carea ocr_par ocr_line ocrx_word'/>
</head>
<body>
  <div class='ocr_page' id='page_1' title='image "./fragmentahistori04mueluoft_0361.png"; bbox 0 0 2372 3704; ppageno 0'>
   <div class='ocr_carea' id='block_1_1' title="bbox 1032 216 1364 257">
    <p class='ocr_par' dir='ltr' id='par_1_1' title="bbox 1032 216 1364 257">
     <span class='ocr_line' id='line_1_1' title="bbox 1032 216 1364 257; baseline 0.009 -3"><span class='ocrx_word' id='word_1_1' title='bbox 1032 216 1364 257; x_wconf 87' lang='lat' dir='ltr'><strong>FRAGMENTA.</strong></span> 
     </span>
    </p>
   </div>
   <div class='ocr_carea' id='block_1_2' title="bbox 125 298 1171 1403">
    <p class='ocr_par' dir='ltr' id='par_1_2' title="bbox 125 298 1171 1403">
     <span class='ocr_line' id='line_1_2' title="bbox 130 298 1171 349; baseline 0 -10"><span class='ocrx_word' id='word_1_2' title='bbox 130 304 282 340; x_wconf 81' lang='lat' dir='ltr'><strong>Aristot.</strong></span> <span class='ocrx_word' id='word_1_3' title='bbox 298 302 381 339; x_wconf 88' lang='lat' dir='ltr'><strong>Pol.</strong></span> <span class='ocrx_word' id='word_1_4' title='bbox 397 303 437 346; x_wconf 88' lang='lat' dir='ltr'><strong>V,</strong></span> <span class='ocrx_word' id='word_1_5' title='bbox 454 299 490 336; x_wconf 82' lang='lat'><strong>5.</strong></span> <span class='ocrx_word' id='word_1_6' title='bbox 504 322 552 328; x_wconf 85' lang='lat'><strong>-·</strong></span> <span class='ocrx_word' id='word_1_7' title='bbox 569 298 708 343; x_wconf 81' lang='grc' dir='ltr'>ἀξιώσει</span> <span class='ocrx_word' id='word_1_8' title='bbox 720 314 754 337; x_wconf 89' lang='grc' dir='ltr'><strong>τε</strong></span> <span class='ocrx_word' id='word_1_9' title='bbox 769 299 783 349; x_wconf 93' lang='grc'>]</span> <span class='ocrx_word' id='word_1_10' title='bbox 798 299 968 348; x_wconf 83' lang='grc' dir='ltr'>ἀξιώματι</span> <span class='ocrx_word' id='word_1_11' title='bbox 983 304 1068 340; x_wconf 87' lang='lat' dir='ltr'><strong>cod.</strong></span> <span class='ocrx_word' id='word_1_12' title='bbox 1082 311 1116 339; x_wconf 87' lang='lat' dir='ltr'><strong>et</strong></span> <span class='ocrx_word' id='word_1_13' title='bbox 1132 306 1171 339; x_wconf 92' lang='lat' dir='ltr'><strong>in</strong></span> 
     </span>
     <span class='ocr_line' id='line_1_3' title="bbox 127 358 1170 410; baseline 0 -13"><span class='ocrx_word' id='word_1_14' title='bbox 127 374 264 409; x_wconf 86' lang='lat' dir='ltr'><strong>marg.;</strong></span> <span class='ocrx_word' id='word_1_15' title='bbox 277 374 313 397; x_wconf 91' lang='grc' dir='ltr'><strong>τε</strong></span> <span class='ocrx_word' id='word_1_16' title='bbox 325 373 400 397; x_wconf 87' lang='lat' dir='ltr'><strong>om.</strong></span> <span class='ocrx_word' id='word_1_17' title='bbox 418 362 460 397; x_wconf 89' lang='lat' dir='ltr'><strong>V.</strong></span> <span class='ocrx_word' id='word_1_18' title='bbox 474 359 531 398; x_wconf 85' lang='lat' dir='ltr'><strong>Cf.</strong></span> <span class='ocrx_word' id='word_1_19' title='bbox 549 359 654 395; x_wconf 91' lang='lat' dir='ltr'><strong>Suid.</strong></span> <span class='ocrx_word' id='word_1_20' title='bbox 667 372 705 396; x_wconf 88' lang='lat' dir='ltr'><strong>v.</strong></span> <span class='ocrx_word' id='word_1_21' title='bbox 721 358 896 410; x_wconf 80' lang='grc' dir='ltr'>Φορητός,</span> <span class='ocrx_word' id='word_1_22' title='bbox 913 361 977 396; x_wconf 91' lang='lat' dir='ltr'><strong>ubi</strong></span> <span class='ocrx_word' id='word_1_23' title='bbox 990 363 1170 397; x_wconf 90' lang='lat' dir='ltr'><strong>nonnulla</strong></span> 
     </span>
     <span class='ocr_line' id='line_1_4' title="bbox 128 415 1171 468; baseline 0 -13"><span class='ocrx_word' id='word_1_24' title='bbox 128 432 173 455; x_wconf 84' lang='lat' dir='ltr'><strong>ex</strong></span> <span class='ocrx_word' id='word_1_25' title='bbox 194 421 249 454; x_wconf 86' lang='lat' dir='ltr'><strong>his</strong></span> <span class='ocrx_word' id='word_1_26' title='bbox 264 425 499 467; x_wconf 87' lang='lat' dir='ltr'><strong>repetuntur.</strong></span> <span class='ocrx_word' id='word_1_27' title='bbox 519 439 570 445; x_wconf 90' lang='lat'><strong>--</strong></span> <span class='ocrx_word' id='word_1_28' title='bbox 589 415 672 468; x_wconf 82' lang='grc' dir='ltr'>ἔρως</span> <span class='ocrx_word' id='word_1_29' title='bbox 691 431 740 459; x_wconf 91' lang='grc' dir='ltr'><strong>τις</strong></span> <span class='ocrx_word' id='word_1_30' title='bbox 756 416 770 467; x_wconf 88' lang='grc'>]</span> <span class='ocrx_word' id='word_1_31' title='bbox 791 418 895 466; x_wconf 86' lang='lat' dir='ltr'><strong>vulg.</strong></span> <span class='ocrx_word' id='word_1_32' title='bbox 919 415 975 468; x_wconf 57' lang='grc' dir='ltr'><strong>ἕρι</strong></span> <span class='ocrx_word' id='word_1_33' title='bbox 987 432 1039 456; x_wconf 89' lang='grc' dir='ltr'><strong>τε.</strong></span> <span class='ocrx_word' id='word_1_34' title='bbox 1057 419 1171 465; x_wconf 86' lang='lat' dir='ltr'><strong>Quod</strong></span> 
     </span>
     <span class='ocr_line' id='line_1_5' title="bbox 125 474 1169 525; baseline 0.001 -12"><span class='ocrx_word' id='word_1_35' title='bbox 125 479 237 525; x_wconf 90' lang='lat' dir='ltr'><strong>posui</strong></span> <span class='ocrx_word' id='word_1_36' title='bbox 253 491 303 519; x_wconf 87' lang='grc' dir='ltr'><strong>τις</strong></span> <span class='ocrx_word' id='word_1_37' title='bbox 322 482 378 513; x_wconf 78' lang='lat' dir='ltr'><strong>est</strong></span> <span class='ocrx_word' id='word_1_38' title='bbox 396 476 654 524; x_wconf 83' lang='lat' dir='ltr'><strong>Bernhardyi3</strong></span> <span class='ocrx_word' id='word_1_39' title='bbox 682 476 779 512; x_wconf 84' lang='lat' dir='ltr'><strong>forte</strong></span> <span class='ocrx_word' id='word_1_40' title='bbox 802 474 862 513; x_wconf 81' lang='grc' dir='ltr'><strong>καὶ</strong></span> <span class='ocrx_word' id='word_1_41' title='bbox 887 484 924 513; x_wconf 85' lang='lat' dir='ltr'><strong>et</strong></span> <span class='ocrx_word' id='word_1_42' title='bbox 949 478 1052 513; x_wconf 87' lang='lat' dir='ltr'><strong>aliud</strong></span> <span class='ocrx_word' id='word_1_43' title='bbox 1077 479 1169 514; x_wconf 86' lang='lat' dir='ltr'><strong>sub-</strong></span> 
     </span>
     <span class='ocr_line' id='line_1_6' title="bbox 126 533 1168 586; baseline 0.004 -15"><span class='ocrx_word' id='word_1_44' title='bbox 126 537 327 571; x_wconf 85' lang='lat' dir='ltr'><strong>stantivum</strong></span> <span class='ocrx_word' id='word_1_45' title='bbox 339 535 712 577; x_wconf 59' lang='lat' dir='ltr'><strong>exciderunt—wig</strong></span> <span class='ocrx_word' id='word_1_46' title='bbox 723 535 769 578; x_wconf 86' lang='grc' dir='ltr'><strong>εἷς</strong></span> <span class='ocrx_word' id='word_1_47' title='bbox 776 550 806 572; x_wconf 87' lang='grc' dir='ltr'>τ,</span> <span class='ocrx_word' id='word_1_48' title='bbox 819 533 1020 582; x_wconf 85' lang='grc' dir='ltr'>πλουσίους]</span> <span class='ocrx_word' id='word_1_49' title='bbox 1033 538 1168 586; x_wconf 86' lang='lat' dir='ltr'><strong>vulgo:</strong></span> 
     </span>
     <span class='ocr_line' id='line_1_7' title="bbox 127 591 1169 643; baseline 0.002 -14"><span class='ocrx_word' id='word_1_50' title='bbox 127 591 309 638; x_wconf 85' lang='grc' dir='ltr'>πλησίους.</span> <span class='ocrx_word' id='word_1_51' title='bbox 335 593 428 630; x_wconf 89' lang='lat' dir='ltr'><strong>Cod.</strong></span> <span class='ocrx_word' id='word_1_52' title='bbox 449 595 479 628; x_wconf 93' lang='lat' dir='ltr'><strong>V</strong></span> <span class='ocrx_word' id='word_1_53' title='bbox 501 600 538 628; x_wconf 87' lang='lat' dir='ltr'><strong>et</strong></span> <span class='ocrx_word' id='word_1_54' title='bbox 561 595 587 629; x_wconf 81' lang='lat' dir='ltr'>E</span> <span class='ocrx_word' id='word_1_55' title='bbox 602 591 764 638; x_wconf 86' lang='grc' dir='ltr'>πλησίον.</span> <span class='ocrx_word' id='word_1_56' title='bbox 792 609 807 625; x_wconf 87' lang='grc'>«</span> <span class='ocrx_word' id='word_1_57' title='bbox 832 595 917 630; x_wconf 89' lang='lat' dir='ltr'><strong>Hoc</strong></span> <span class='ocrx_word' id='word_1_58' title='bbox 948 607 1092 643; x_wconf 87' lang='lat' dir='ltr'><strong>repone</strong></span> <span class='ocrx_word' id='word_1_59' title='bbox 1110 596 1169 631; x_wconf 85' lang='lat' dir='ltr'><strong>vel</strong></span> 
     </span>
     <span class='ocr_line' id='line_1_8' title="bbox 126 650 1170 702; baseline 0.002 -15"><span class='ocrx_word' id='word_1_60' title='bbox 126 651 309 693; x_wconf 85' lang='grc' dir='ltr'>πλουσίους</span> <span class='ocrx_word' id='word_1_61' title='bbox 331 668 347 683; x_wconf 73' lang='grc' dir='ltr'>ι»</span> <span class='ocrx_word' id='word_1_62' title='bbox 375 650 563 695; x_wconf 76' lang='lat' dir='ltr'><strong>Gaissord.</strong></span> <span class='ocrx_word' id='word_1_63' title='bbox 598 667 613 683; x_wconf 89' lang='lat'>«</span> <span class='ocrx_word' id='word_1_64' title='bbox 639 651 816 700; x_wconf 80' lang='lat' dir='ltr'>Superest</span> <span class='ocrx_word' id='word_1_65' title='bbox 845 660 889 688; x_wconf 92' lang='lat' dir='ltr'><strong>ut</strong></span> <span class='ocrx_word' id='word_1_66' title='bbox 920 654 1170 702; x_wconf 88' lang='lat' dir='ltr'><strong>superlativus</strong></span> 
     </span>
     <span class='ocr_line' id='line_1_9' title="bbox 127 709 1171 759; baseline 0.002 -14"><span class='ocrx_word' id='word_1_67' title='bbox 127 711 315 759; x_wconf 77' lang='lat' dir='ltr'>quispiam</span> <span class='ocrx_word' id='word_1_68' title='bbox 344 710 564 758; x_wconf 80' lang='lat' dir='ltr'><strong>indagetur,</strong></span> <span class='ocrx_word' id='word_1_69' title='bbox 594 709 700 756; x_wconf 89' lang='lat' dir='ltr'><strong>cujus</strong></span> <span class='ocrx_word' id='word_1_70' title='bbox 724 711 870 758; x_wconf 83' lang='lat' dir='ltr'>syllaba</span> <span class='ocrx_word' id='word_1_71' title='bbox 894 713 1095 747; x_wconf 87' lang='lat' dir='ltr'><strong>novissima</strong></span> <span class='ocrx_word' id='word_1_72' title='bbox 1115 709 1171 747; x_wconf 85' lang='lat' dir='ltr'><strong>re-</strong></span> 
     </span>
     <span class='ocr_line' id='line_1_10' title="bbox 126 768 1164 817; baseline -0.002 -13"><span class='ocrx_word' id='word_1_73' title='bbox 126 770 264 805; x_wconf 86' lang='lat' dir='ltr'><strong>mansit</strong></span> <span class='ocrx_word' id='word_1_74' title='bbox 275 770 315 804; x_wconf 91' lang='lat' dir='ltr'><strong>in</strong></span> <span class='ocrx_word' id='word_1_75' title='bbox 329 772 423 813; x_wconf 87' lang='grc' dir='ltr'>ταῖς,</span> <span class='ocrx_word' id='word_1_76' title='bbox 445 768 549 816; x_wconf 84' lang='lat' dir='ltr'><strong>quod</strong></span> <span class='ocrx_word' id='word_1_77' title='bbox 576 770 708 816; x_wconf 90' lang='lat' dir='ltr'><strong>nequit</strong></span> <span class='ocrx_word' id='word_1_78' title='bbox 722 782 794 817; x_wconf 88' lang='lat' dir='ltr'><strong>pro</strong></span> <span class='ocrx_word' id='word_1_79' title='bbox 819 770 980 805; x_wconf 84' lang='lat' dir='ltr'><strong>articulo</strong></span> <span class='ocrx_word' id='word_1_80' title='bbox 995 770 1128 806; x_wconf 86' lang='lat' dir='ltr'><strong>haberi</strong></span> <span class='ocrx_word' id='word_1_81' title='bbox 1149 787 1164 802; x_wconf 80' lang='grc'><em>»</em></span> 
     </span>
     <span class='ocr_line' id='line_1_11' title="bbox 126 826 1169 876; baseline 0.002 -14"><span class='ocrx_word' id='word_1_82' title='bbox 126 828 411 875; x_wconf 78' lang='lat' dir='ltr'><strong>Bembardyus,</strong></span> <span class='ocrx_word' id='word_1_83' title='bbox 437 828 478 862; x_wconf 88' lang='lat' dir='ltr'><strong>in</strong></span> <span class='ocrx_word' id='word_1_84' title='bbox 503 827 656 864; x_wconf 86' lang='lat' dir='ltr'><strong>Suidam</strong></span> <span class='ocrx_word' id='word_1_85' title='bbox 680 829 812 876; x_wconf 89' lang='lat' dir='ltr'><strong>paullo</strong></span> <span class='ocrx_word' id='word_1_86' title='bbox 832 830 1013 867; x_wconf 86' lang='lat' dir='ltr'><strong>severior.</strong></span> <span class='ocrx_word' id='word_1_87' title='bbox 1036 851 1088 856; x_wconf 92' lang='lat'><strong>—</strong></span> <span class='ocrx_word' id='word_1_88' title='bbox 1106 826 1169 872; x_wconf 77' lang='grc' dir='ltr'><strong>τὴν</strong></span> 
     </span>
     <span class='ocr_line' id='line_1_12' title="bbox 127 884 1170 937; baseline 0.002 -16"><span class='ocrx_word' id='word_1_89' title='bbox 127 884 299 937; x_wconf 79' lang='grc' dir='ltr'>θυγατέρα</span> <span class='ocrx_word' id='word_1_90' title='bbox 315 885 371 936; x_wconf 89' lang='grc' dir='ltr'>κ.]</span> <span class='ocrx_word' id='word_1_91' title='bbox 390 887 441 922; x_wconf 84' lang='lat' dir='ltr'><strong>sic</strong></span> <span class='ocrx_word' id='word_1_92' title='bbox 455 886 592 924; x_wconf 90' lang='lat' dir='ltr'><strong>Bernh.</strong></span> <span class='ocrx_word' id='word_1_93' title='bbox 607 898 627 922; x_wconf 90' lang='lat' dir='ltr'><strong>e</strong></span> <span class='ocrx_word' id='word_1_94' title='bbox 639 887 724 924; x_wconf 87' lang='lat' dir='ltr'><strong>cod.</strong></span> <span class='ocrx_word' id='word_1_95' title='bbox 741 889 773 922; x_wconf 93' lang='lat' dir='ltr'><strong>A</strong></span> <span class='ocrx_word' id='word_1_96' title='bbox 789 895 827 922; x_wconf 89' lang='lat' dir='ltr'><strong>et</strong></span> <span class='ocrx_word' id='word_1_97' title='bbox 840 889 887 935; x_wconf 89' lang='lat' dir='ltr'><strong>V,</strong></span> <span class='ocrx_word' id='word_1_98' title='bbox 901 900 973 936; x_wconf 87' lang='lat' dir='ltr'><strong>pro</strong></span> <span class='ocrx_word' id='word_1_99' title='bbox 987 889 1091 937; x_wconf 84' lang='lat' dir='ltr'>vulg.</span> <span class='ocrx_word' id='word_1_100' title='bbox 1107 885 1170 929; x_wconf 87' lang='grc' dir='ltr'><strong>τὰς</strong></span> 
     </span>
     <span class='ocr_line' id='line_1_13' title="bbox 127 942 1168 997; baseline 0 -16"><span class='ocrx_word' id='word_1_101' title='bbox 127 943 317 994; x_wconf 82' lang='grc' dir='ltr'>θυγατέρας</span> <span class='ocrx_word' id='word_1_102' title='bbox 342 942 631 995; x_wconf 74' lang='grc' dir='ltr'>καταφυγούσας;</span> <span class='ocrx_word' id='word_1_103' title='bbox 672 946 773 982; x_wconf 88' lang='lat' dir='ltr'><strong>idem</strong></span> <span class='ocrx_word' id='word_1_104' title='bbox 804 954 934 994; x_wconf 89' lang='lat' dir='ltr'><strong>postea</strong></span> <span class='ocrx_word' id='word_1_105' title='bbox 964 944 1027 992; x_wconf 79' lang='grc' dir='ltr'><strong>τὴν</strong></span> <span class='ocrx_word' id='word_1_106' title='bbox 1063 945 1168 997; x_wconf 85' lang='grc' dir='ltr'>κόρην</span> 
     </span>
     <span class='ocr_line' id='line_1_14' title="bbox 127 1001 1166 1056; baseline 0.002 -17"><span class='ocrx_word' id='word_1_107' title='bbox 127 1016 212 1039; x_wconf 89' lang='lat' dir='ltr'><strong>cum</strong></span> <span class='ocrx_word' id='word_1_108' title='bbox 231 1005 277 1049; x_wconf 88' lang='lat' dir='ltr'><strong>V,</strong></span> <span class='ocrx_word' id='word_1_109' title='bbox 300 1016 373 1052; x_wconf 86' lang='lat' dir='ltr'><strong>pro</strong></span> <span class='ocrx_word' id='word_1_110' title='bbox 387 1004 489 1051; x_wconf 83' lang='lat' dir='ltr'>vulg.</span> <span class='ocrx_word' id='word_1_111' title='bbox 515 1001 575 1044; x_wconf 83' lang='grc' dir='ltr'><strong>τὰς</strong></span> <span class='ocrx_word' id='word_1_112' title='bbox 590 1003 708 1053; x_wconf 81' lang='grc' dir='ltr'>κόρας.</span> <span class='ocrx_word' id='word_1_113' title='bbox 721 1026 769 1030; x_wconf 84' lang='lat'><strong>——</strong></span> <span class='ocrx_word' id='word_1_114' title='bbox 781 1003 842 1052; x_wconf 82' lang='grc' dir='ltr'><strong>μὲν</strong></span> <span class='ocrx_word' id='word_1_115' title='bbox 867 1003 975 1050; x_wconf 78' lang='grc' dir='ltr'>αὐτὴν</span> <span class='ocrx_word' id='word_1_116' title='bbox 1003 1005 1064 1056; x_wconf 87' lang='grc' dir='ltr'><strong>β.]</strong></span> <span class='ocrx_word' id='word_1_117' title='bbox 1079 1006 1166 1041; x_wconf 90' lang='lat' dir='ltr'><strong>cod.</strong></span> 
     </span>
     <span class='ocr_line' id='line_1_15' title="bbox 127 1062 1164 1111; baseline 0.002 -13"><span class='ocrx_word' id='word_1_118' title='bbox 127 1064 190 1110; x_wconf 60' lang='lat' dir='ltr'><strong>A„</strong></span> <span class='ocrx_word' id='word_1_119' title='bbox 214 1079 228 1094; x_wconf 84' lang='lat'>«</span> <span class='ocrx_word' id='word_1_120' title='bbox 251 1063 356 1111; x_wconf 89' lang='lat' dir='ltr'><strong>quod</strong></span> <span class='ocrx_word' id='word_1_121' title='bbox 378 1063 513 1098; x_wconf 85' lang='lat' dir='ltr'><strong>AEliani</strong></span> <span class='ocrx_word' id='word_1_122' title='bbox 531 1062 639 1098; x_wconf 91' lang='lat' dir='ltr'><strong>decet</strong></span> <span class='ocrx_word' id='word_1_123' title='bbox 659 1062 886 1111; x_wconf 80' lang='lat' dir='ltr'>elegantiam</span> <span class='ocrx_word' id='word_1_124' title='bbox 906 1064 1120 1100; x_wconf 83' lang='lat' dir='ltr'>affectatam</span> <span class='ocrx_word' id='word_1_125' title='bbox 1150 1081 1164 1096; x_wconf 76' lang='grc' dir='ltr'>υ</span> 
     </span>
     <span class='ocr_line' id='line_1_16' title="bbox 127 1118 1171 1171; baseline 0.002 -15"><span class='ocrx_word' id='word_1_126' title='bbox 127 1121 289 1164; x_wconf 74' lang='grc' dir='ltr'>Βει·ηΙι.,·</span> <span class='ocrx_word' id='word_1_127' title='bbox 312 1134 372 1170; x_wconf 85' lang='lat' dir='ltr'><strong>vg.</strong></span> <span class='ocrx_word' id='word_1_128' title='bbox 393 1118 499 1165; x_wconf 82' lang='grc' dir='ltr'>αὐτὴν</span> <span class='ocrx_word' id='word_1_129' title='bbox 517 1134 593 1156; x_wconf 85' lang='lat' dir='ltr'><strong>oin.</strong></span> <span class='ocrx_word' id='word_1_130' title='bbox 614 1141 666 1148; x_wconf 90' lang='lat'>—</span> <span class='ocrx_word' id='word_1_131' title='bbox 680 1123 702 1166; x_wconf 82' lang='grc' dir='ltr'>ἡ</span> <span class='ocrx_word' id='word_1_132' title='bbox 720 1121 754 1158; x_wconf 81' lang='grc' dir='ltr'><strong>δὲ</strong></span> <span class='ocrx_word' id='word_1_133' title='bbox 772 1121 786 1171; x_wconf 87' lang='grc'>]</span> <span class='ocrx_word' id='word_1_134' title='bbox 802 1125 846 1168; x_wconf 91' lang='grc' dir='ltr'>Α,</span> <span class='ocrx_word' id='word_1_135' title='bbox 863 1124 908 1159; x_wconf 90' lang='lat' dir='ltr'><strong>V.</strong></span> <span class='ocrx_word' id='word_1_136' title='bbox 928 1123 1006 1159; x_wconf 88' lang='lat' dir='ltr'><strong>Cet.</strong></span> <span class='ocrx_word' id='word_1_137' title='bbox 1027 1124 1171 1159; x_wconf 88' lang='lat' dir='ltr'><strong>addunt</strong></span> 
     </span>
     <span class='ocr_line' id='line_1_17' title="bbox 129 1177 1167 1229; baseline 0.002 -14"><span class='ocrx_word' id='word_1_138' title='bbox 129 1177 276 1227; x_wconf 77' lang='grc' dir='ltr'>Πυθιὰς,</span> <span class='ocrx_word' id='word_1_139' title='bbox 294 1197 310 1211; x_wconf 89' lang='lat'>«</span> <span class='ocrx_word' id='word_1_140' title='bbox 328 1179 434 1227; x_wconf 89' lang='lat' dir='ltr'><strong>quod</strong></span> <span class='ocrx_word' id='word_1_141' title='bbox 450 1181 622 1215; x_wconf 87' lang='lat' dir='ltr'><strong>consulto</strong></span> <span class='ocrx_word' id='word_1_142' title='bbox 643 1181 858 1229; x_wconf 81' lang='lat' dir='ltr'><strong>neglexerat</strong></span> <span class='ocrx_word' id='word_1_143' title='bbox 874 1182 1027 1229; x_wconf 87' lang='lat' dir='ltr'><strong>AElian.‚</strong></span> <span class='ocrx_word' id='word_1_144' title='bbox 1047 1183 1167 1217; x_wconf 88' lang='lat' dir='ltr'><strong>inten-</strong></span> 
     </span>
     <span class='ocr_line' id='line_1_18' title="bbox 128 1239 1170 1279; baseline 0.004 -7"><span class='ocrx_word' id='word_1_145' title='bbox 128 1239 288 1274; x_wconf 88' lang='lat' dir='ltr'><strong>tissimus</strong></span> <span class='ocrx_word' id='word_1_146' title='bbox 305 1239 365 1274; x_wconf 89' lang='lat' dir='ltr'><strong>ille</strong></span> <span class='ocrx_word' id='word_1_147' title='bbox 381 1239 545 1275; x_wconf 90' lang='lat' dir='ltr'><strong>sermoni</strong></span> <span class='ocrx_word' id='word_1_148' title='bbox 563 1239 782 1274; x_wconf 83' lang='lat' dir='ltr'><strong>colorando.</strong></span> <span class='ocrx_word' id='word_1_149' title='bbox 803 1256 818 1272; x_wconf 85' lang='lat'>»</span> <span class='ocrx_word' id='word_1_150' title='bbox 838 1240 977 1276; x_wconf 74' lang='lat' dir='ltr'><strong>Bernlz.</strong></span> <span class='ocrx_word' id='word_1_151' title='bbox 995 1241 1170 1279; x_wconf 88' lang='lat' dir='ltr'><strong>Ceterum</strong></span> 
     </span>
     <span class='ocr_line' id='line_1_19' title="bbox 128 1297 1168 1345; baseline 0.004 -14"><span class='ocrx_word' id='word_1_152' title='bbox 128 1297 350 1345; x_wconf 73' lang='lat' dir='ltr'><strong>Pythagorae</strong></span> <span class='ocrx_word' id='word_1_153' title='bbox 371 1297 522 1345; x_wconf 89' lang='lat' dir='ltr'><strong>Ephesii</strong></span> <span class='ocrx_word' id='word_1_154' title='bbox 549 1298 732 1332; x_wconf 90' lang='lat' dir='ltr'><strong>memoria</strong></span> <span class='ocrx_word' id='word_1_155' title='bbox 747 1299 861 1333; x_wconf 86' lang='lat' dir='ltr'><strong>etiam</strong></span> <span class='ocrx_word' id='word_1_156' title='bbox 885 1299 924 1334; x_wconf 84' lang='lat' dir='ltr'><strong>in</strong></span> <span class='ocrx_word' id='word_1_157' title='bbox 947 1300 1071 1335; x_wconf 90' lang='lat' dir='ltr'><strong>numis</strong></span> <span class='ocrx_word' id='word_1_158' title='bbox 1091 1312 1168 1335; x_wconf 90' lang='lat' dir='ltr'><strong>ser-</strong></span> 
     </span>
     <span class='ocr_line' id='line_1_20' title="bbox 130 1354 821 1403; baseline 0.006 -15"><span class='ocrx_word' id='word_1_159' title='bbox 130 1362 213 1389; x_wconf 86' lang='lat' dir='ltr'><strong>vata</strong></span> <span class='ocrx_word' id='word_1_160' title='bbox 234 1362 301 1393; x_wconf 84' lang='lat' dir='ltr'><strong>est.</strong></span> <span class='ocrx_word' id='word_1_161' title='bbox 320 1357 364 1394; x_wconf 82' lang='lat' dir='ltr'><strong>V.</strong></span> <span class='ocrx_word' id='word_1_162' title='bbox 386 1356 569 1390; x_wconf 89' lang='lat' dir='ltr'><strong>Mionnet.</strong></span> <span class='ocrx_word' id='word_1_163' title='bbox 585 1356 649 1400; x_wconf 90' lang='lat' dir='ltr'><strong>VI,</strong></span> <span class='ocrx_word' id='word_1_164' title='bbox 670 1354 714 1403; x_wconf 89' lang='lat'><strong>8,</strong></span> <span class='ocrx_word' id='word_1_165' title='bbox 739 1368 751 1390; x_wconf 96' lang='lat'>1</span> <span class='ocrx_word' id='word_1_166' title='bbox 765 1355 821 1392; x_wconf 83' lang='lat'><strong>13.</strong></span> 
     </span>
    </p>
   </div>
   <div class='ocr_carea' id='block_1_3' title="bbox 184 1468 1117 1578">
    <p class='ocr_par' dir='ltr' id='par_1_3' title="bbox 184 1468 1117 1578">
     <span class='ocr_line' id='line_1_21' title="bbox 184 1468 1117 1518; baseline 0.003 -10"><span class='ocrx_word' id='word_1_167' title='bbox 184 1469 331 1518; x_wconf 78' lang='grc' dir='ltr'>(ΠΕΡΙ</span> <span class='ocrx_word' id='word_1_168' title='bbox 373 1468 479 1507; x_wconf 81' lang='grc' dir='ltr'><strong>ΤΩΝ</strong></span> <span class='ocrx_word' id='word_1_169' title='bbox 524 1469 589 1507; x_wconf 81' lang='grc' dir='ltr'><strong>ΕΝ</strong></span> <span class='ocrx_word' id='word_1_170' title='bbox 628 1469 989 1510; x_wconf 80' lang='grc' dir='ltr'><strong>ΣΥΡΑΚΟΥΣΑΙΣ</strong></span> <span class='ocrx_word' id='word_1_171' title='bbox 1027 1473 1117 1512; x_wconf 81' lang='lat' dir='ltr'><strong>Tr-</strong></span> 
     </span>
     <span class='ocr_line' id='line_1_22' title="bbox 513 1528 779 1578; baseline 0.004 -13"><span class='ocrx_word' id='word_1_172' title='bbox 513 1528 779 1578; x_wconf 76' lang='lat' dir='ltr'><strong>PANNuN.)</strong></span> 
     </span>
    </p>
   </div>
   <div class='ocr_carea' id='block_1_4' title="bbox 240 1623 1045 1751">
    <p class='ocr_par' dir='ltr' id='par_1_4' title="bbox 240 1623 1045 1751">
     <span class='ocr_line' id='line_1_23' title="bbox 240 1623 1045 1678; baseline 0.004 -16"><span class='ocrx_word' id='word_1_173' title='bbox 240 1623 347 1677; x_wconf 72' lang='grc' dir='ltr'>Περὶ</span> <span class='ocrx_word' id='word_1_174' title='bbox 371 1627 443 1671; x_wconf 77' lang='grc' dir='ltr'><strong>τῆς</strong></span> <span class='ocrx_word' id='word_1_175' title='bbox 465 1624 744 1678; x_wconf 80' lang='grc' dir='ltr'>Ἱερωνύμου</span> <span class='ocrx_word' id='word_1_176' title='bbox 768 1626 1045 1678; x_wconf 81' lang='grc' dir='ltr'>τυραννίδος.</span> 
     </span>
     <span class='ocr_line' id='line_1_24' title="bbox 631 1713 669 1751; baseline 0.053 -2"><span class='ocrx_word' id='word_1_177' title='bbox 631 1713 669 1751; x_wconf 79' lang='lat'><strong>3.</strong></span> 
     </span>
    </p>
   </div>
   <div class='ocr_carea' id='block_1_5' title="bbox 126 1794 1172 2371">
    <p class='ocr_par' dir='ltr' id='par_1_5' title="bbox 126 1794 1172 2371">
     <span class='ocr_line' id='line_1_25' title="bbox 180 1794 1170 1848; baseline 0.001 -14"><span class='ocrx_word' id='word_1_178' title='bbox 180 1797 378 1834; x_wconf 77' lang='lat' dir='ltr'><strong>Athenaeus</strong></span> <span class='ocrx_word' id='word_1_179' title='bbox 399 1797 463 1842; x_wconf 94' lang='lat' dir='ltr'><strong>VI,</strong></span> <span class='ocrx_word' id='word_1_180' title='bbox 481 1810 521 1845; x_wconf 85' lang='lat' dir='ltr'><strong>p.</strong></span> <span class='ocrx_word' id='word_1_181' title='bbox 543 1795 614 1832; x_wconf 80' lang='lat'><strong>251</strong></span> <span class='ocrx_word' id='word_1_182' title='bbox 629 1824 639 1842; x_wconf 85' lang='lat'>‚</span> <span class='ocrx_word' id='word_1_183' title='bbox 658 1798 687 1832; x_wconf 90' lang='lat' dir='ltr'>E</span> <span class='ocrx_word' id='word_1_184' title='bbox 702 1808 711 1834; x_wconf 77' lang='lat' dir='ltr'><strong><em>z</em></strong></span> <span class='ocrx_word' id='word_1_185' title='bbox 733 1794 943 1848; x_wconf 87' lang='grc' dir='ltr'>Ἱερωνύμου</span> <span class='ocrx_word' id='word_1_186' title='bbox 961 1795 1009 1843; x_wconf 83' lang='grc' dir='ltr'>δὲ,</span> <span class='ocrx_word' id='word_1_187' title='bbox 1027 1800 1084 1834; x_wconf 82' lang='grc' dir='ltr'><strong>τοῦ</strong></span> <span class='ocrx_word' id='word_1_188' title='bbox 1102 1799 1170 1836; x_wconf 88' lang='grc' dir='ltr'>Συ-</span> 
     </span>
     <span class='ocr_line' id='line_1_26' title="bbox 128 1852 1169 1907; baseline 0 -15"><span class='ocrx_word' id='word_1_189' title='bbox 128 1853 298 1906; x_wconf 84' lang='grc' dir='ltr'>ρακοσίων</span> <span class='ocrx_word' id='word_1_190' title='bbox 316 1852 503 1906; x_wconf 84' lang='grc' dir='ltr'>τυράννου,</span> <span class='ocrx_word' id='word_1_191' title='bbox 529 1854 696 1906; x_wconf 84' lang='grc' dir='ltr'>Θράσονα</span> <span class='ocrx_word' id='word_1_192' title='bbox 710 1883 719 1900; x_wconf 97' lang='grc'>,</span> <span class='ocrx_word' id='word_1_193' title='bbox 750 1854 807 1891; x_wconf 82' lang='grc' dir='ltr'><strong>τὸν</strong></span> <span class='ocrx_word' id='word_1_194' title='bbox 838 1855 1028 1907; x_wconf 73' lang='grc' dir='ltr'>Κάρχαρον</span> <span class='ocrx_word' id='word_1_195' title='bbox 1046 1857 1169 1893; x_wconf 83' lang='grc' dir='ltr'>ἐπικα-</span> 
     </span>
     <span class='ocr_line' id='line_1_27' title="bbox 126 1912 1172 1964; baseline 0 -13"><span class='ocrx_word' id='word_1_196' title='bbox 126 1912 306 1963; x_wconf 87' lang='grc' dir='ltr'>λούμενον,</span> <span class='ocrx_word' id='word_1_197' title='bbox 328 1913 452 1951; x_wconf 86' lang='grc' dir='ltr'>Βάτων</span> <span class='ocrx_word' id='word_1_198' title='bbox 479 1913 636 1962; x_wconf 82' lang='grc' dir='ltr'>(Κάτων</span> <span class='ocrx_word' id='word_1_199' title='bbox 670 1915 760 1949; x_wconf 87' lang='lat' dir='ltr'><strong>olim</strong></span> <span class='ocrx_word' id='word_1_200' title='bbox 797 1915 885 1952; x_wconf 88' lang='lat' dir='ltr'><strong>edd.</strong></span> <span class='ocrx_word' id='word_1_201' title='bbox 911 1917 921 1964; x_wconf 92' lang='lat'>)</span> <span class='ocrx_word' id='word_1_202' title='bbox 949 1917 967 1951; x_wconf 86' lang='lat'>6</span> <span class='ocrx_word' id='word_1_203' title='bbox 993 1913 1172 1958; x_wconf 82' lang='grc' dir='ltr'>Σινωπεὺς</span> 
     </span>
     <span class='ocr_line' id='line_1_28' title="bbox 127 1970 1172 2024; baseline 0.002 -16"><span class='ocrx_word' id='word_1_204' title='bbox 127 1972 255 2022; x_wconf 79' lang='grc' dir='ltr'>ἱστορεῖ</span> <span class='ocrx_word' id='word_1_205' title='bbox 267 1972 301 2008; x_wconf 83' lang='grc' dir='ltr'><strong>ἐν</strong></span> <span class='ocrx_word' id='word_1_206' title='bbox 315 1972 364 2023; x_wconf 81' lang='grc' dir='ltr'>τῷ</span> <span class='ocrx_word' id='word_1_207' title='bbox 379 1970 468 2022; x_wconf 85' lang='grc' dir='ltr'>Περὶ</span> <span class='ocrx_word' id='word_1_208' title='bbox 481 1973 541 2016; x_wconf 64' lang='grc' dir='ltr'><strong>τῆς</strong></span> <span class='ocrx_word' id='word_1_209' title='bbox 550 1974 610 2008; x_wconf 78' lang='grc' dir='ltr'><strong>τοῦ</strong></span> <span class='ocrx_word' id='word_1_210' title='bbox 625 1970 835 2022; x_wconf 80' lang='grc' dir='ltr'>Ἱερωνύμου</span> <span class='ocrx_word' id='word_1_211' title='bbox 846 1971 1056 2022; x_wconf 79' lang='grc' dir='ltr'>τυραννίδος,</span> <span class='ocrx_word' id='word_1_212' title='bbox 1068 1987 1172 2024; x_wconf 87' lang='grc' dir='ltr'>προσ-</span> 
     </span>
     <span class='ocr_line' id='line_1_29' title="bbox 127 2027 1166 2081; baseline 0.001 -15"><span class='ocrx_word' id='word_1_213' title='bbox 127 2027 289 2080; x_wconf 78' lang='grc' dir='ltr'>φέρεσθαι</span> <span class='ocrx_word' id='word_1_214' title='bbox 337 2029 480 2080; x_wconf 83' lang='grc' dir='ltr'>φάσκων</span> <span class='ocrx_word' id='word_1_215' title='bbox 519 2028 622 2066; x_wconf 79' lang='grc' dir='ltr'>αὐτὸν</span> <span class='ocrx_word' id='word_1_216' title='bbox 658 2028 825 2066; x_wconf 82' lang='grc' dir='ltr'>ἑκάστοτε</span> <span class='ocrx_word' id='word_1_217' title='bbox 861 2027 969 2067; x_wconf 73' lang='grc' dir='ltr'>πολὺν</span> <span class='ocrx_word' id='word_1_218' title='bbox 1001 2029 1166 2081; x_wconf 84' lang='grc' dir='ltr'>ἄκρατον.</span> 
     </span>
     <span class='ocr_line' id='line_1_30' title="bbox 127 2086 1170 2138; baseline 0.001 -13"><span class='ocrx_word' id='word_1_219' title='bbox 127 2089 258 2125; x_wconf 77' lang='grc' dir='ltr'>Τοῦτον</span> <span class='ocrx_word' id='word_1_220' title='bbox 288 2087 318 2124; x_wconf 86' lang='grc' dir='ltr'><strong>δ’</strong></span> <span class='ocrx_word' id='word_1_221' title='bbox 348 2087 506 2133; x_wconf 84' lang='grc' dir='ltr'>ἐποίησεν</span> <span class='ocrx_word' id='word_1_222' title='bbox 541 2089 762 2138; x_wconf 77' lang='grc' dir='ltr'>ἀναιρεθῆναι</span> <span class='ocrx_word' id='word_1_223' title='bbox 783 2087 848 2125; x_wconf 78' lang='grc' dir='ltr'><strong>ὑπὸ</strong></span> <span class='ocrx_word' id='word_1_224' title='bbox 873 2091 934 2125; x_wconf 72' lang='grc' dir='ltr'><strong>τοῦ</strong></span> <span class='ocrx_word' id='word_1_225' title='bbox 961 2086 1170 2138; x_wconf 79' lang='grc' dir='ltr'>Ἱερωνύμου</span> 
     </span>
     <span class='ocr_line' id='line_1_31' title="bbox 128 2139 1169 2198; baseline 0 -15"><span class='ocrx_word' id='word_1_226' title='bbox 128 2146 239 2198; x_wconf 82' lang='grc' dir='ltr'>ἕτερος</span> <span class='ocrx_word' id='word_1_227' title='bbox 258 2145 386 2191; x_wconf 82' lang='grc' dir='ltr'>κόλαξ,</span> <span class='ocrx_word' id='word_1_228' title='bbox 410 2139 516 2188; x_wconf 41' lang='lat' dir='ltr'><strong>*stote</strong></span> <span class='ocrx_word' id='word_1_229' title='bbox 532 2145 641 2195; x_wconf 82' lang='grc' dir='ltr'>ὄνομα</span> <span class='ocrx_word' id='word_1_230' title='bbox 655 2162 662 2168; x_wconf 93' lang='grc'><em>·</em></span> <span class='ocrx_word' id='word_1_231' title='bbox 683 2146 742 2183; x_wconf 82' lang='grc' dir='ltr'><strong>καὶ</strong></span> <span class='ocrx_word' id='word_1_232' title='bbox 764 2146 868 2184; x_wconf 83' lang='grc' dir='ltr'>αὐτὸν</span> <span class='ocrx_word' id='word_1_233' title='bbox 886 2145 921 2184; x_wconf 82' lang='grc' dir='ltr'><strong>δὲ</strong></span> <span class='ocrx_word' id='word_1_234' title='bbox 935 2146 993 2184; x_wconf 73' lang='grc' dir='ltr'><strong>τὀν</strong></span> <span class='ocrx_word' id='word_1_235' title='bbox 1015 2145 1169 2196; x_wconf 85' lang='grc' dir='ltr'>Ἱερώνυ-</span> 
     </span>
     <span class='ocr_line' id='line_1_32' title="bbox 129 2203 1170 2256; baseline 0 -15"><span class='ocrx_word' id='word_1_236' title='bbox 129 2220 192 2254; x_wconf 91' lang='grc' dir='ltr'><strong>μον</strong></span> <span class='ocrx_word' id='word_1_237' title='bbox 211 2203 368 2242; x_wconf 86' lang='grc' dir='ltr'>ἀνέπεισε</span> <span class='ocrx_word' id='word_1_238' title='bbox 389 2204 544 2253; x_wconf 85' lang='grc' dir='ltr'>διάδημά</span> <span class='ocrx_word' id='word_1_239' title='bbox 560 2219 597 2241; x_wconf 88' lang='grc' dir='ltr'><strong>τε</strong></span> <span class='ocrx_word' id='word_1_240' title='bbox 619 2204 820 2250; x_wconf 74' lang='grc' dir='ltr'>ἀναλαὸεῖν,</span> <span class='ocrx_word' id='word_1_241' title='bbox 839 2204 898 2242; x_wconf 81' lang='grc' dir='ltr'><strong>καὶ</strong></span> <span class='ocrx_word' id='word_1_242' title='bbox 912 2204 974 2250; x_wconf 84' lang='grc' dir='ltr'><strong>τὴν</strong></span> <span class='ocrx_word' id='word_1_243' title='bbox 991 2204 1170 2256; x_wconf 79' lang='grc' dir='ltr'>πορφύραν</span> 
     </span>
     <span class='ocr_line' id='line_1_33' title="bbox 127 2261 1171 2315; baseline 0.002 -16"><span class='ocrx_word' id='word_1_244' title='bbox 127 2261 186 2299; x_wconf 73' lang='grc' dir='ltr'><strong>καὶ</strong></span> <span class='ocrx_word' id='word_1_245' title='bbox 210 2262 272 2307; x_wconf 78' lang='grc' dir='ltr'><strong>τὴν</strong></span> <span class='ocrx_word' id='word_1_246' title='bbox 300 2261 410 2311; x_wconf 83' lang='grc' dir='ltr'>ἄλλην</span> <span class='ocrx_word' id='word_1_247' title='bbox 440 2268 556 2299; x_wconf 84' lang='grc' dir='ltr'>πᾶσαν</span> <span class='ocrx_word' id='word_1_248' title='bbox 580 2262 776 2310; x_wconf 75' lang='grc' dir='ltr'>διασκευὴν,</span> <span class='ocrx_word' id='word_1_249' title='bbox 801 2262 844 2309; x_wconf 80' lang='grc' dir='ltr'><strong>ἣν</strong></span> <span class='ocrx_word' id='word_1_250' title='bbox 864 2262 978 2315; x_wconf 80' lang='grc' dir='ltr'>ἐφόρει</span> <span class='ocrx_word' id='word_1_251' title='bbox 994 2262 1171 2306; x_wconf 89' lang='grc' dir='ltr'>Διονύσιος</span> 
     </span>
     <span class='ocr_line' id='line_1_34' title="bbox 128 2320 332 2371; baseline 0.005 -14"><span class='ocrx_word' id='word_1_252' title='bbox 128 2323 144 2357; x_wconf 98' lang='lat'>6</span> <span class='ocrx_word' id='word_1_253' title='bbox 158 2320 332 2371; x_wconf 79' lang='grc' dir='ltr'>τύραννος.</span> 
     </span>
    </p>
   </div>
   <div class='ocr_carea' id='block_1_6' title="bbox 235 2453 1062 2505">
    <p class='ocr_par' dir='ltr' id='par_1_6' title="bbox 235 2453 1062 2505">
     <span class='ocr_line' id='line_1_35' title="bbox 235 2453 1062 2505; baseline 0.004 -14"><span class='ocrx_word' id='word_1_254' title='bbox 235 2454 323 2504; x_wconf 88' lang='lat' dir='ltr'><strong>(DE</strong></span> <span class='ocrx_word' id='word_1_255' title='bbox 351 2453 728 2492; x_wconf 77' lang='lat' dir='ltr'>SYRACUSARUM</span> <span class='ocrx_word' id='word_1_256' title='bbox 760 2454 1062 2505; x_wconf 85' lang='lat' dir='ltr'><strong>TYRANNlS.)</strong></span> 
     </span>
    </p>
   </div>
   <div class='ocr_carea' id='block_1_7' title="bbox 411 2561 889 2601">
    <p class='ocr_par' dir='ltr' id='par_1_7' title="bbox 411 2561 889 2601">
     <span class='ocr_line' id='line_1_36' title="bbox 411 2561 889 2601; baseline 0 -9"><span class='ocrx_word' id='word_1_257' title='bbox 411 2562 460 2592; x_wconf 84' lang='lat' dir='ltr'><strong>De</strong></span> <span class='ocrx_word' id='word_1_258' title='bbox 481 2562 678 2600; x_wconf 71' lang='lat' dir='ltr'><strong>Hieronymi</strong></span> <span class='ocrx_word' id='word_1_259' title='bbox 695 2561 889 2601; x_wconf 71' lang='lat' dir='ltr'><strong>tyrannide.</strong></span> 
     </span>
    </p>
   </div>
   <div class='ocr_carea' id='block_1_8' title="bbox 636 2648 656 2679">
    <p class='ocr_par' dir='ltr' id='par_1_8' title="bbox 636 2648 656 2679">
     <span class='ocr_line' id='line_1_37' title="bbox 636 2648 656 2679; baseline 0 0"><span class='ocrx_word' id='word_1_260' title='bbox 636 2648 656 2679; x_wconf 87' lang='lat'><strong>3</strong></span> 
     </span>
    </p>
   </div>
   <div class='ocr_carea' id='block_1_9' title="bbox 127 2707 1175 3162">
    <p class='ocr_par' dir='ltr' id='par_1_9' title="bbox 127 2707 1175 3162">
     <span class='ocr_line' id='line_1_38' title="bbox 171 2707 1172 2748; baseline 0.005 -11"><span class='ocrx_word' id='word_1_261' title='bbox 171 2707 373 2747; x_wconf 83' lang='lat' dir='ltr'><strong>Hieronymi,</strong></span> <span class='ocrx_word' id='word_1_262' title='bbox 389 2709 617 2747; x_wconf 80' lang='lat' dir='ltr'><strong>Syracusarum</strong></span> <span class='ocrx_word' id='word_1_263' title='bbox 631 2708 777 2748; x_wconf 87' lang='lat' dir='ltr'><strong>tyranni,</strong></span> <span class='ocrx_word' id='word_1_264' title='bbox 801 2709 1028 2741; x_wconf 83' lang='lat' dir='ltr'><strong>assentatorem</strong></span> <span class='ocrx_word' id='word_1_265' title='bbox 1042 2710 1172 2742; x_wconf 85' lang='lat' dir='ltr'><strong>Thraso·</strong></span> 
     </span>
     <span class='ocr_line' id='line_1_39' title="bbox 129 2758 1174 2801; baseline 0.003 -11"><span class='ocrx_word' id='word_1_266' title='bbox 129 2767 201 2790; x_wconf 88' lang='lat' dir='ltr'><strong>nem</strong></span> <span class='ocrx_word' id='word_1_267' title='bbox 216 2758 326 2797; x_wconf 77' lang='lat' dir='ltr'><strong>fuisse,</strong></span> <span class='ocrx_word' id='word_1_268' title='bbox 338 2758 393 2798; x_wconf 87' lang='lat' dir='ltr'><strong>qui</strong></span> <span class='ocrx_word' id='word_1_269' title='bbox 411 2758 591 2790; x_wconf 85' lang='lat' dir='ltr'><strong>Carcharus</strong></span> <span class='ocrx_word' id='word_1_270' title='bbox 606 2760 748 2800; x_wconf 80' lang='lat' dir='ltr'><strong>(Asper)</strong></span> <span class='ocrx_word' id='word_1_271' title='bbox 762 2761 1005 2800; x_wconf 87' lang='lat' dir='ltr'><strong>cognominatus</strong></span> <span class='ocrx_word' id='word_1_272' title='bbox 1021 2763 1079 2801; x_wconf 85' lang='lat' dir='ltr'><strong>est,</strong></span> <span class='ocrx_word' id='word_1_273' title='bbox 1098 2763 1174 2793; x_wconf 87' lang='lat' dir='ltr'><strong>Bato</strong></span> 
     </span>
     <span class='ocr_line' id='line_1_40' title="bbox 127 2811 1175 2855; baseline 0.006 -14"><span class='ocrx_word' id='word_1_274' title='bbox 127 2811 308 2851; x_wconf 84' lang='lat' dir='ltr'><strong>Sinopensis</strong></span> <span class='ocrx_word' id='word_1_275' title='bbox 338 2813 447 2842; x_wconf 87' lang='lat' dir='ltr'><strong>narrat</strong></span> <span class='ocrx_word' id='word_1_276' title='bbox 470 2812 501 2842; x_wconf 93' lang='lat' dir='ltr'><strong>in</strong></span> <span class='ocrx_word' id='word_1_277' title='bbox 522 2811 603 2843; x_wconf 87' lang='lat' dir='ltr'><strong>libro</strong></span> <span class='ocrx_word' id='word_1_278' title='bbox 631 2821 727 2851; x_wconf 88' lang='lat' dir='ltr'><strong>quem</strong></span> <span class='ocrx_word' id='word_1_279' title='bbox 748 2812 787 2844; x_wconf 90' lang='lat' dir='ltr'><strong>de</strong></span> <span class='ocrx_word' id='word_1_280' title='bbox 807 2814 992 2854; x_wconf 81' lang='lat' dir='ltr'><strong>Hieronymi</strong></span> <span class='ocrx_word' id='word_1_281' title='bbox 1009 2815 1175 2855; x_wconf 83' lang='lat' dir='ltr'><strong>tyrannide</strong></span> 
     </span>
     <span class='ocr_line' id='line_1_41' title="bbox 128 2863 1173 2906; baseline 0.005 -12"><span class='ocrx_word' id='word_1_282' title='bbox 128 2863 324 2903; x_wconf 85' lang='lat' dir='ltr'><strong>composuit;</strong></span> <span class='ocrx_word' id='word_1_283' title='bbox 345 2863 399 2894; x_wconf 87' lang='lat' dir='ltr'><strong>ubi</strong></span> <span class='ocrx_word' id='word_1_284' title='bbox 415 2864 551 2895; x_wconf 84' lang='lat' dir='ltr'><strong>eundem</strong></span> <span class='ocrx_word' id='word_1_285' title='bbox 569 2864 705 2904; x_wconf 88' lang='lat' dir='ltr'><strong>plurimo</strong></span> <span class='ocrx_word' id='word_1_286' title='bbox 726 2873 816 2896; x_wconf 89' lang='lat' dir='ltr'><strong>mero</strong></span> <span class='ocrx_word' id='word_1_287' title='bbox 831 2874 865 2897; x_wconf 87' lang='lat' dir='ltr'><strong>se</strong></span> <span class='ocrx_word' id='word_1_288' title='bbox 880 2867 1026 2906; x_wconf 82' lang='lat' dir='ltr'><strong>proluere</strong></span> <span class='ocrx_word' id='word_1_289' title='bbox 1043 2868 1173 2899; x_wconf 85' lang='lat' dir='ltr'><strong>solitum</strong></span> 
     </span>
     <span class='ocr_line' id='line_1_42' title="bbox 128 2916 1173 2961; baseline 0.006 -14"><span class='ocrx_word' id='word_1_290' title='bbox 128 2916 181 2948; x_wconf 81' lang='lat' dir='ltr'><strong>ait.</strong></span> <span class='ocrx_word' id='word_1_291' title='bbox 196 2918 287 2948; x_wconf 82' lang='lat' dir='ltr'><strong>Hunc</strong></span> <span class='ocrx_word' id='word_1_292' title='bbox 300 2926 375 2948; x_wconf 90' lang='lat' dir='ltr'><strong>vero</strong></span> <span class='ocrx_word' id='word_1_293' title='bbox 388 2917 501 2949; x_wconf 90' lang='lat' dir='ltr'><strong>deinde</strong></span> <span class='ocrx_word' id='word_1_294' title='bbox 514 2919 550 2949; x_wconf 87' lang='lat' dir='ltr'><strong>ut</strong></span> <span class='ocrx_word' id='word_1_295' title='bbox 564 2926 581 2949; x_wconf 91' lang='lat' dir='ltr'><strong>e</strong></span> <span class='ocrx_word' id='word_1_296' title='bbox 598 2918 701 2950; x_wconf 88' lang='lat' dir='ltr'><strong>medio</strong></span> <span class='ocrx_word' id='word_1_297' title='bbox 715 2919 842 2950; x_wconf 87' lang='lat' dir='ltr'><strong>tolleret</strong></span> <span class='ocrx_word' id='word_1_298' title='bbox 857 2920 1082 2961; x_wconf 85' lang='lat' dir='ltr'><strong>Hieronymus,</strong></span> <span class='ocrx_word' id='word_1_299' title='bbox 1095 2923 1173 2953; x_wconf 81' lang='lat' dir='ltr'><strong>esse-</strong></span> 
     </span>
     <span class='ocr_line' id='line_1_43' title="bbox 128 2969 1174 3014; baseline 0.006 -14"><span class='ocrx_word' id='word_1_300' title='bbox 128 2969 171 3001; x_wconf 89' lang='lat' dir='ltr'><strong>cit</strong></span> <span class='ocrx_word' id='word_1_301' title='bbox 185 2970 268 3002; x_wconf 84' lang='lat' dir='ltr'><strong>alius</strong></span> <span class='ocrx_word' id='word_1_302' title='bbox 282 2970 424 3010; x_wconf 81' lang='lat' dir='ltr'><strong>ejusdem</strong></span> <span class='ocrx_word' id='word_1_303' title='bbox 438 2972 625 3011; x_wconf 80' lang='lat' dir='ltr'><strong>assentator,</strong></span> <span class='ocrx_word' id='word_1_304' title='bbox 644 2971 695 3002; x_wconf 91' lang='lat' dir='ltr'><strong>cui</strong></span> <span class='ocrx_word' id='word_1_305' title='bbox 711 2972 783 3003; x_wconf 82' lang='lat' dir='ltr'><strong>Osis</strong></span> <span class='ocrx_word' id='word_1_306' title='bbox 796 2981 911 3004; x_wconf 88' lang='lat' dir='ltr'><strong>nomen</strong></span> <span class='ocrx_word' id='word_1_307' title='bbox 932 2986 939 3004; x_wconf 89' lang='lat'>:</span> <span class='ocrx_word' id='word_1_308' title='bbox 961 2974 1082 3014; x_wconf 85' lang='lat' dir='ltr'><strong>ipsique</strong></span> <span class='ocrx_word' id='word_1_309' title='bbox 1099 2975 1174 3006; x_wconf 84' lang='lat' dir='ltr'><strong>Hie-</strong></span> 
     </span>
     <span class='ocr_line' id='line_1_44' title="bbox 129 3024 1175 3067; baseline 0.005 -13"><span class='ocrx_word' id='word_1_310' title='bbox 129 3031 263 3063; x_wconf 88' lang='lat' dir='ltr'><strong>ronymo</strong></span> <span class='ocrx_word' id='word_1_311' title='bbox 291 3024 466 3064; x_wconf 85' lang='lat' dir='ltr'><strong>persuasit,</strong></span> <span class='ocrx_word' id='word_1_312' title='bbox 494 3026 529 3055; x_wconf 92' lang='lat' dir='ltr'><strong>ut</strong></span> <span class='ocrx_word' id='word_1_313' title='bbox 556 3024 702 3055; x_wconf 86' lang='lat' dir='ltr'><strong>diadema</strong></span> <span class='ocrx_word' id='word_1_314' title='bbox 726 3026 867 3057; x_wconf 82' lang='lat' dir='ltr'><strong>sumeret</strong></span> <span class='ocrx_word' id='word_1_315' title='bbox 893 3026 926 3057; x_wconf 90' lang='lat' dir='ltr'><strong>et</strong></span> <span class='ocrx_word' id='word_1_316' title='bbox 947 3035 1120 3067; x_wconf 81' lang='lat' dir='ltr'><strong>purpuram</strong></span> <span class='ocrx_word' id='word_1_317' title='bbox 1143 3030 1175 3059; x_wconf 87' lang='lat' dir='ltr'><strong>et</strong></span> 
     </span>
     <span class='ocr_line' id='line_1_45' title="bbox 128 3074 1173 3118; baseline 0.005 -13"><span class='ocrx_word' id='word_1_318' title='bbox 128 3074 286 3114; x_wconf 87' lang='lat' dir='ltr'><strong>reliquum</strong></span> <span class='ocrx_word' id='word_1_319' title='bbox 303 3084 431 3106; x_wconf 91' lang='lat' dir='ltr'><strong>omnem</strong></span> <span class='ocrx_word' id='word_1_320' title='bbox 445 3077 592 3106; x_wconf 89' lang='lat' dir='ltr'><strong>ornatum</strong></span> <span class='ocrx_word' id='word_1_321' title='bbox 605 3099 614 3114; x_wconf 93' lang='lat'><strong>,</strong></span> <span class='ocrx_word' id='word_1_322' title='bbox 631 3085 727 3116; x_wconf 86' lang='lat' dir='ltr'><strong>quem</strong></span> <span class='ocrx_word' id='word_1_323' title='bbox 748 3079 926 3116; x_wconf 82' lang='lat' dir='ltr'><strong>gestaverat</strong></span> <span class='ocrx_word' id='word_1_324' title='bbox 943 3078 1112 3118; x_wconf 87' lang='lat' dir='ltr'><strong>Dionysius</strong></span> <span class='ocrx_word' id='word_1_325' title='bbox 1127 3080 1173 3118; x_wconf 90' lang='lat' dir='ltr'><strong>ty-</strong></span> 
     </span>
     <span class='ocr_line' id='line_1_46' title="bbox 129 3135 308 3162; baseline -0.011 -4"><span class='ocrx_word' id='word_1_326' title='bbox 129 3135 257 3159; x_wconf 87' lang='lat' dir='ltr'><strong>rannus.</strong></span> <span class='ocrx_word' id='word_1_327' title='bbox 305 3159 308 3162; x_wconf 15' lang='grc' dir='ltr'><em>Α</em></span> 
     </span>
    </p>
   </div>
   <div class='ocr_carea' id='block_1_10' title="bbox 270 3209 1019 3251">
    <p class='ocr_par' dir='ltr' id='par_1_10' title="bbox 270 3209 1019 3251">
     <span class='ocr_line' id='line_1_47' title="bbox 270 3209 1019 3251; baseline 0.004 -4"><span class='ocrx_word' id='word_1_328' title='bbox 270 3209 336 3247; x_wconf 90' lang='lat' dir='ltr'><strong>DE</strong></span> <span class='ocrx_word' id='word_1_329' title='bbox 364 3210 638 3249; x_wconf 87' lang='lat' dir='ltr'>THESSALIA</span> <span class='ocrx_word' id='word_1_330' title='bbox 670 3212 732 3249; x_wconf 88' lang='lat' dir='ltr'><strong>ET</strong></span> <span class='ocrx_word' id='word_1_331' title='bbox 762 3213 1019 3251; x_wconf 82' lang='lat' dir='ltr'><strong>HAEMONIA</strong></span> 
     </span>
    </p>
   </div>
   <div class='ocr_carea' id='block_1_11' title="bbox 631 3306 664 3339">
    <p class='ocr_par' dir='ltr' id='par_1_11' title="bbox 631 3306 664 3339">
     <span class='ocr_line' id='line_1_48' title="bbox 631 3306 664 3339; baseline -0.03 0"><span class='ocrx_word' id='word_1_332' title='bbox 631 3306 664 3339; x_wconf 87' lang='grc'><strong>4.</strong></span> 
     </span>
    </p>
   </div>
   <div class='ocr_carea' id='block_1_12' title="bbox 128 3370 1176 3466">
    <p class='ocr_par' dir='ltr' id='par_1_12' title="bbox 128 3370 1176 3466">
     <span class='ocr_line' id='line_1_49' title="bbox 168 3370 1176 3411; baseline 0.003 -10"><span class='ocrx_word' id='word_1_333' title='bbox 168 3371 248 3402; x_wconf 79' lang='lat' dir='ltr'><strong>Bato</strong></span> <span class='ocrx_word' id='word_1_334' title='bbox 270 3370 450 3411; x_wconf 89' lang='lat' dir='ltr'><strong>Sinopensis</strong></span> <span class='ocrx_word' id='word_1_335' title='bbox 472 3372 580 3403; x_wconf 79' lang='lat' dir='ltr'><strong>rhetor</strong></span> <span class='ocrx_word' id='word_1_336' title='bbox 603 3372 683 3404; x_wconf 89' lang='lat' dir='ltr'><strong>libro</strong></span> <span class='ocrx_word' id='word_1_337' title='bbox 705 3373 745 3405; x_wconf 92' lang='lat' dir='ltr'><strong>de</strong></span> <span class='ocrx_word' id='word_1_338' title='bbox 770 3374 931 3405; x_wconf 84' lang='lat' dir='ltr'><strong>Thessalia</strong></span> <span class='ocrx_word' id='word_1_339' title='bbox 953 3375 985 3405; x_wconf 90' lang='lat' dir='ltr'><strong>et</strong></span> <span class='ocrx_word' id='word_1_340' title='bbox 1011 3373 1176 3405; x_wconf 75' lang='lat' dir='ltr'><strong>llarmonia</strong></span> 
     </span>
     <span class='ocr_line' id='line_1_50' title="bbox 128 3423 1175 3466; baseline 0.004 -12"><span class='ocrx_word' id='word_1_341' title='bbox 128 3423 294 3464; x_wconf 85' lang='lat' dir='ltr'><strong>perspicue</strong></span> <span class='ocrx_word' id='word_1_342' title='bbox 328 3423 470 3456; x_wconf 80' lang='lat' dir='ltr'><strong>declarat</strong></span> <span class='ocrx_word' id='word_1_343' title='bbox 499 3425 717 3457; x_wconf 81' lang='lat' dir='ltr'><strong>Saturnalium</strong></span> <span class='ocrx_word' id='word_1_344' title='bbox 763 3427 878 3458; x_wconf 81' lang='lat' dir='ltr'><strong>festum</strong></span> <span class='ocrx_word' id='word_1_345' title='bbox 913 3435 1008 3466; x_wconf 86' lang='lat' dir='ltr'><strong>quam</strong></span> <span class='ocrx_word' id='word_1_346' title='bbox 1038 3426 1175 3458; x_wconf 79' lang='lat' dir='ltr'><strong>maxime</strong></span> 
     </span>
    </p>
   </div>
   <div class='ocr_carea' id='block_1_13' title="bbox 2197 239 2270 273">
    <p class='ocr_par' dir='ltr' id='par_1_13' title="bbox 2197 239 2270 273">
     <span class='ocr_line' id='line_1_51' title="bbox 2197 239 2270 273; baseline -0.041 0"><span class='ocrx_word' id='word_1_347' title='bbox 2197 239 2270 273; x_wconf 66' lang='lat'><strong>340</strong></span> 
     </span>
    </p>
   </div>
   <div class='ocr_carea' id='block_1_14' title="bbox 1231 307 2274 769">
    <p class='ocr_par' dir='ltr' id='par_1_14' title="bbox 1231 307 2274 769">
     <span class='ocr_line' id='line_1_52' title="bbox 1286 307 2272 368; baseline 0.012 -25"><span class='ocrx_word' id='word_1_348' title='bbox 1286 307 1368 343; x_wconf 86' lang='lat' dir='ltr'><strong>Osis</strong></span> <span class='ocrx_word' id='word_1_349' title='bbox 1384 308 1486 356; x_wconf 84' lang='lat' dir='ltr'><strong>apud</strong></span> <span class='ocrx_word' id='word_1_350' title='bbox 1504 309 1652 344; x_wconf 85' lang='lat' dir='ltr'><strong>Livium</strong></span> <span class='ocrx_word' id='word_1_351' title='bbox 1682 311 1692 359; x_wconf 87' lang='lat'>(</span> <span class='ocrx_word' id='word_1_352' title='bbox 1714 313 1855 357; x_wconf 82' lang='lat' dir='ltr'><strong>XXIV,</strong></span> <span class='ocrx_word' id='word_1_353' title='bbox 1873 326 1915 350; x_wconf 83' lang='lat'><strong>21</strong></span> <span class='ocrx_word' id='word_1_354' title='bbox 1927 343 1935 358; x_wconf 91' lang='lat'>‚</span> <span class='ocrx_word' id='word_1_355' title='bbox 1970 328 2015 351; x_wconf 90' lang='grc'><strong>22</strong></span> <span class='ocrx_word' id='word_1_356' title='bbox 2027 345 2035 360; x_wconf 91' lang='grc'>,</span> <span class='ocrx_word' id='word_1_357' title='bbox 2052 318 2171 362; x_wconf 85' lang='lat' dir='ltr'><strong>XXV,</strong></span> <span class='ocrx_word' id='word_1_358' title='bbox 2196 317 2242 354; x_wconf 84' lang='grc'><strong>25</strong></span> <span class='ocrx_word' id='word_1_359' title='bbox 2260 318 2272 368; x_wconf 91' lang='grc'><strong>)</strong></span> 
     </span>
     <span class='ocr_line' id='line_1_53' title="bbox 1233 369 2270 421; baseline 0.014 -22"><span class='ocrx_word' id='word_1_360' title='bbox 1233 372 1448 401; x_wconf 82' lang='lat' dir='ltr'><strong>constanter</strong></span> <span class='ocrx_word' id='word_1_361' title='bbox 1474 375 1634 402; x_wconf 84' lang='lat' dir='ltr'><strong>vocatur</strong></span> <span class='ocrx_word' id='word_1_362' title='bbox 1658 369 1774 413; x_wconf 79' lang='lat' dir='ltr'><strong>Sosis,</strong></span> <span class='ocrx_word' id='word_1_363' title='bbox 1802 372 1908 418; x_wconf 84' lang='lat' dir='ltr'><strong>quod</strong></span> <span class='ocrx_word' id='word_1_364' title='bbox 1928 375 2031 421; x_wconf 87' lang='lat' dir='ltr'><strong>apud</strong></span> <span class='ocrx_word' id='word_1_365' title='bbox 2048 376 2270 412; x_wconf 79' lang='lat' dir='ltr'><strong>Athenaeum</strong></span> 
     </span>
     <span class='ocr_line' id='line_1_54' title="bbox 1232 423 2274 469; baseline 0.012 -13"><span class='ocrx_word' id='word_1_366' title='bbox 1232 423 1378 457; x_wconf 88' lang='lat' dir='ltr'><strong>restitui</strong></span> <span class='ocrx_word' id='word_1_367' title='bbox 1416 424 1538 459; x_wconf 86' lang='lat' dir='ltr'><strong>voluit</strong></span> <span class='ocrx_word' id='word_1_368' title='bbox 1573 425 1801 464; x_wconf 84' lang='lat' dir='ltr'><strong>Gronovius.</strong></span> <span class='ocrx_word' id='word_1_369' title='bbox 1838 430 1952 465; x_wconf 88' lang='lat' dir='ltr'><strong>Haud</strong></span> <span class='ocrx_word' id='word_1_370' title='bbox 1996 431 2112 468; x_wconf 89' lang='lat' dir='ltr'><strong>dubie</strong></span> <span class='ocrx_word' id='word_1_371' title='bbox 2153 435 2274 469; x_wconf 88' lang='lat' dir='ltr'><strong>Baton</strong></span> 
     </span>
     <span class='ocr_line' id='line_1_55' title="bbox 1233 483 2272 539; baseline 0.013 -25"><span class='ocrx_word' id='word_1_372' title='bbox 1233 493 1387 531; x_wconf 89' lang='lat' dir='ltr'><strong>quoque</strong></span> <span class='ocrx_word' id='word_1_373' title='bbox 1419 488 1474 517; x_wconf 88' lang='lat' dir='ltr'><strong>est</strong></span> <span class='ocrx_word' id='word_1_374' title='bbox 1502 483 1600 518; x_wconf 87' lang='lat' dir='ltr'><strong>inter</strong></span> <span class='ocrx_word' id='word_1_375' title='bbox 1626 483 1859 536; x_wconf 84' lang='grc' dir='ltr'>λογογράφους</span> <span class='ocrx_word' id='word_1_376' title='bbox 1884 499 2011 523; x_wconf 88' lang='lat' dir='ltr'><strong>rerum</strong></span> <span class='ocrx_word' id='word_1_377' title='bbox 2030 491 2272 539; x_wconf 87' lang='lat' dir='ltr'><strong>Hieronymi,</strong></span> 
     </span>
     <span class='ocr_line' id='line_1_56' title="bbox 1232 540 2273 599; baseline 0.012 -27"><span class='ocrx_word' id='word_1_378' title='bbox 1232 551 1327 585; x_wconf 90' lang='lat' dir='ltr'><strong>quos</strong></span> <span class='ocrx_word' id='word_1_379' title='bbox 1350 540 1474 588; x_wconf 85' lang='lat' dir='ltr'><strong>carpit</strong></span> <span class='ocrx_word' id='word_1_380' title='bbox 1488 541 1668 588; x_wconf 82' lang='lat' dir='ltr'><strong>Polybius</strong></span> <span class='ocrx_word' id='word_1_381' title='bbox 1695 543 1788 588; x_wconf 88' lang='lat' dir='ltr'><strong>VII,</strong></span> <span class='ocrx_word' id='word_1_382' title='bbox 1815 555 1852 591; x_wconf 84' lang='lat'><strong>7,</strong></span> <span class='ocrx_word' id='word_1_383' title='bbox 1879 556 1918 589; x_wconf 87' lang='grc'><strong>2,</strong></span> <span class='ocrx_word' id='word_1_384' title='bbox 1938 552 2118 594; x_wconf 87' lang='lat' dir='ltr'><strong>tanquam</strong></span> <span class='ocrx_word' id='word_1_385' title='bbox 2136 562 2273 599; x_wconf 85' lang='grc' dir='ltr'>τραγῳ-</span> 
     </span>
     <span class='ocr_line' id='line_1_57' title="bbox 1232 595 2274 652; baseline 0.01 -20"><span class='ocrx_word' id='word_1_386' title='bbox 1232 595 1373 639; x_wconf 80' lang='grc' dir='ltr'>δοῦντας</span> <span class='ocrx_word' id='word_1_387' title='bbox 1388 595 1450 643; x_wconf 75' lang='grc' dir='ltr'><strong>τὴν</strong></span> <span class='ocrx_word' id='word_1_388' title='bbox 1481 597 1648 646; x_wconf 86' lang='grc' dir='ltr'>ὠμότητα</span> <span class='ocrx_word' id='word_1_389' title='bbox 1677 601 1744 636; x_wconf 83' lang='grc' dir='ltr'><strong>τῶν</strong></span> <span class='ocrx_word' id='word_1_390' title='bbox 1773 599 1912 652; x_wconf 85' lang='grc' dir='ltr'>τρόπων</span> <span class='ocrx_word' id='word_1_391' title='bbox 1934 601 1993 639; x_wconf 84' lang='grc' dir='ltr'><strong>καὶ</strong></span> <span class='ocrx_word' id='word_1_392' title='bbox 2023 602 2085 648; x_wconf 82' lang='grc' dir='ltr'><strong>τὴν</strong></span> <span class='ocrx_word' id='word_1_393' title='bbox 2113 604 2274 642; x_wconf 73' lang='grc' dir='ltr'>ἀσέὸειαν</span> 
     </span>
     <span class='ocr_line' id='line_1_58' title="bbox 1231 654 2274 710; baseline 0.009 -19"><span class='ocrx_word' id='word_1_394' title='bbox 1231 656 1298 692; x_wconf 87' lang='grc' dir='ltr'><strong>τῶν</strong></span> <span class='ocrx_word' id='word_1_395' title='bbox 1316 654 1488 707; x_wconf 85' lang='grc' dir='ltr'>πράξεων,</span> <span class='ocrx_word' id='word_1_396' title='bbox 1511 655 1569 693; x_wconf 81' lang='grc' dir='ltr'><strong>ἐπὶ</strong></span> <span class='ocrx_word' id='word_1_397' title='bbox 1589 656 1624 694; x_wconf 83' lang='grc' dir='ltr'><strong>δὲ</strong></span> <span class='ocrx_word' id='word_1_398' title='bbox 1643 663 1730 695; x_wconf 86' lang='grc' dir='ltr'>πᾶσι</span> <span class='ocrx_word' id='word_1_399' title='bbox 1755 659 1793 695; x_wconf 86' lang='grc' dir='ltr'>τὸ</span> <span class='ocrx_word' id='word_1_400' title='bbox 1814 659 2014 710; x_wconf 85' lang='grc' dir='ltr'>παράλογον</span> <span class='ocrx_word' id='word_1_401' title='bbox 2030 661 2090 698; x_wconf 81' lang='grc' dir='ltr'><strong>καὶ</strong></span> <span class='ocrx_word' id='word_1_402' title='bbox 2107 661 2145 699; x_wconf 84' lang='grc' dir='ltr'>τὸ</span> <span class='ocrx_word' id='word_1_403' title='bbox 2167 661 2274 700; x_wconf 81' lang='grc' dir='ltr'>δεινὸν</span> 
     </span>
     <span class='ocr_line' id='line_1_59' title="bbox 1231 713 2102 769; baseline 0.008 -19"><span class='ocrx_word' id='word_1_404' title='bbox 1231 715 1299 751; x_wconf 82' lang='grc' dir='ltr'><strong>τῶν</strong></span> <span class='ocrx_word' id='word_1_405' title='bbox 1317 713 1397 765; x_wconf 79' lang='grc' dir='ltr'>περὶ</span> <span class='ocrx_word' id='word_1_406' title='bbox 1412 714 1474 761; x_wconf 75' lang='grc' dir='ltr'><strong>τὴν</strong></span> <span class='ocrx_word' id='word_1_407' title='bbox 1489 715 1733 769; x_wconf 83' lang='grc' dir='ltr'>καταστροφὴν</span> <span class='ocrx_word' id='word_1_408' title='bbox 1755 718 1858 755; x_wconf 77' lang='grc' dir='ltr'>αὐτοῦ</span> <span class='ocrx_word' id='word_1_409' title='bbox 1880 718 2102 768; x_wconf 75' lang='grc' dir='ltr'>συμὸάντων.</span> 
     </span>
    </p>
   </div>
   <div class='ocr_carea' id='block_1_15' title="bbox 1332 838 2179 882">
    <p class='ocr_par' dir='ltr' id='par_1_15' title="bbox 1332 838 2179 882">
     <span class='ocr_line' id='line_1_60' title="bbox 1332 838 2179 882; baseline 0.008 -7"><span class='ocrx_word' id='word_1_410' title='bbox 1332 838 1453 876; x_wconf 83' lang='grc' dir='ltr'>ΠΕΡΙ</span> <span class='ocrx_word' id='word_1_411' title='bbox 1482 839 1775 878; x_wconf 80' lang='grc' dir='ltr'>ΘΕΣΣΑΛΙΑΣ</span> <span class='ocrx_word' id='word_1_412' title='bbox 1800 841 1889 878; x_wconf 88' lang='grc' dir='ltr'><strong>ΚΑΙ</strong></span> <span class='ocrx_word' id='word_1_413' title='bbox 1918 842 2179 882; x_wconf 82' lang='grc' dir='ltr'><strong>ΑΙΜΟΝΙΑΣ.</strong></span> 
     </span>
    </p>
   </div>
   <div class='ocr_carea' id='block_1_16' title="bbox 1735 960 1772 999">
    <p class='ocr_par' dir='ltr' id='par_1_16' title="bbox 1735 960 1772 999">
     <span class='ocr_line' id='line_1_61' title="bbox 1735 960 1772 999; baseline 0 -6"><span class='ocrx_word' id='word_1_414' title='bbox 1735 960 1772 999; x_wconf 65' lang='grc'><strong>1,.</strong></span> 
     </span>
    </p>
   </div>
   <div class='ocr_carea' id='block_1_17' title="bbox 1231 1040 2308 2379">
    <p class='ocr_par' dir='ltr' id='par_1_17' title="bbox 1231 1040 2308 2379">
     <span class='ocr_line' id='line_1_62' title="bbox 1285 1040 2278 1091; baseline 0.009 -17"><span class='ocrx_word' id='word_1_415' title='bbox 1285 1040 1481 1075; x_wconf 80' lang='lat' dir='ltr'><strong>Athenaeus</strong></span> <span class='ocrx_word' id='word_1_416' title='bbox 1492 1069 1502 1087; x_wconf 83' lang='lat'><strong>,</strong></span> <span class='ocrx_word' id='word_1_417' title='bbox 1519 1041 1625 1085; x_wconf 85' lang='lat' dir='ltr'><strong>XIV,</strong></span> <span class='ocrx_word' id='word_1_418' title='bbox 1643 1054 1680 1090; x_wconf 92' lang='lat' dir='ltr'><strong>p.</strong></span> <span class='ocrx_word' id='word_1_419' title='bbox 1694 1041 1785 1090; x_wconf 73' lang='lat'><strong>639,</strong></span> <span class='ocrx_word' id='word_1_420' title='bbox 1802 1043 1831 1078; x_wconf 92' lang='lat' dir='ltr'>E</span> <span class='ocrx_word' id='word_1_421' title='bbox 1846 1054 1854 1080; x_wconf 70' lang='grc' dir='ltr'>ε</span> <span class='ocrx_word' id='word_1_422' title='bbox 1871 1041 1994 1080; x_wconf 82' lang='grc' dir='ltr'>Βάτων</span> <span class='ocrx_word' id='word_1_423' title='bbox 2006 1043 2035 1079; x_wconf 89' lang='grc' dir='ltr'><strong>δ’</strong></span> <span class='ocrx_word' id='word_1_424' title='bbox 2053 1045 2070 1080; x_wconf 89' lang='lat'>6</span> <span class='ocrx_word' id='word_1_425' title='bbox 2088 1043 2278 1091; x_wconf 77' lang='grc' dir='ltr'>Σινωπεὺς,</span> 
     </span>
     <span class='ocr_line' id='line_1_63' title="bbox 1232 1096 2278 1155; baseline 0.007 -22"><span class='ocrx_word' id='word_1_426' title='bbox 1232 1098 1250 1133; x_wconf 89' lang='lat'>6</span> <span class='ocrx_word' id='word_1_427' title='bbox 1267 1096 1403 1148; x_wconf 80' lang='grc' dir='ltr'>ῥήτωρ,</span> <span class='ocrx_word' id='word_1_428' title='bbox 1431 1097 1466 1133; x_wconf 82' lang='grc' dir='ltr'><strong>ἓν</strong></span> <span class='ocrx_word' id='word_1_429' title='bbox 1481 1099 1531 1148; x_wconf 83' lang='grc' dir='ltr'>τῷ</span> <span class='ocrx_word' id='word_1_430' title='bbox 1550 1097 1638 1149; x_wconf 83' lang='grc' dir='ltr'>Περὶ</span> <span class='ocrx_word' id='word_1_431' title='bbox 1669 1099 1870 1143; x_wconf 87' lang='grc' dir='ltr'>Θεσσαλίας</span> <span class='ocrx_word' id='word_1_432' title='bbox 1894 1100 1952 1138; x_wconf 87' lang='grc' dir='ltr'><strong>καὶ</strong></span> <span class='ocrx_word' id='word_1_433' title='bbox 1976 1101 2143 1151; x_wconf 78' lang='grc' dir='ltr'>Αἱμονίας</span> <span class='ocrx_word' id='word_1_434' title='bbox 2160 1105 2278 1155; x_wconf 83' lang='grc' dir='ltr'>σαφῶς</span> 
     </span>
     <span class='ocr_line' id='line_1_64' title="bbox 1235 1154 2308 1210; baseline 0.008 -20"><span class='ocrx_word' id='word_1_435' title='bbox 1235 1155 1413 1207; x_wconf 82' lang='grc' dir='ltr'>ἐμφανίζει</span> <span class='ocrx_word' id='word_1_436' title='bbox 1427 1154 1490 1201; x_wconf 84' lang='grc' dir='ltr'><strong>τὴν</strong></span> <span class='ocrx_word' id='word_1_437' title='bbox 1505 1158 1574 1193; x_wconf 82' lang='grc' dir='ltr'><strong>τῶν</strong></span> <span class='ocrx_word' id='word_1_438' title='bbox 1595 1157 1862 1208; x_wconf 83' lang='grc' dir='ltr'>Σατουρναλίων</span> <span class='ocrx_word' id='word_1_439' title='bbox 1881 1158 2002 1210; x_wconf 79' lang='grc' dir='ltr'>ἑορτὴν</span> <span class='ocrx_word' id='word_1_440' title='bbox 2019 1159 2279 1206; x_wconf 80' lang='grc' dir='ltr'>Ἑλληνικωτά-</span> <span class='ocrx_word' id='word_1_441' title='bbox 2300 1161 2308 1168; x_wconf 81' lang='lat'>&#39;</span> 
     </span>
     <span class='ocr_line' id='line_1_65' title="bbox 1232 1213 2278 1272; baseline 0.007 -21"><span class='ocrx_word' id='word_1_442' title='bbox 1232 1230 1308 1261; x_wconf 85' lang='grc' dir='ltr'>την,</span> <span class='ocrx_word' id='word_1_443' title='bbox 1326 1213 1469 1266; x_wconf 83' lang='grc' dir='ltr'>φάσκων</span> <span class='ocrx_word' id='word_1_444' title='bbox 1487 1213 1598 1261; x_wconf 82' lang='grc' dir='ltr'>αὐτὴν</span> <span class='ocrx_word' id='word_1_445' title='bbox 1622 1215 1719 1267; x_wconf 89' lang='grc' dir='ltr'>παρὰ</span> <span class='ocrx_word' id='word_1_446' title='bbox 1733 1217 1801 1259; x_wconf 85' lang='grc' dir='ltr'>τοῖς</span> <span class='ocrx_word' id='word_1_447' title='bbox 1815 1217 2010 1262; x_wconf 87' lang='grc' dir='ltr'>Θεσσαλοῖς</span> <span class='ocrx_word' id='word_1_448' title='bbox 2029 1219 2192 1272; x_wconf 82' lang='grc' dir='ltr'>Πελώρια</span> <span class='ocrx_word' id='word_1_449' title='bbox 2209 1236 2278 1258; x_wconf 83' lang='grc' dir='ltr'><strong>κα-</strong></span> 
     </span>
     <span class='ocr_line' id='line_1_66' title="bbox 1232 1272 2278 1325; baseline 0.007 -15"><span class='ocrx_word' id='word_1_450' title='bbox 1232 1274 1385 1321; x_wconf 85' lang='grc' dir='ltr'>λεῖσθαι,</span> <span class='ocrx_word' id='word_1_451' title='bbox 1423 1272 1566 1325; x_wconf 87' lang='grc' dir='ltr'>γράφων</span> <span class='ocrx_word' id='word_1_452' title='bbox 1598 1273 1722 1316; x_wconf 81' lang='grc' dir='ltr'>οὕτως·</span> <span class='ocrx_word' id='word_1_453' title='bbox 1741 1292 1757 1308; x_wconf 70' lang='grc' dir='ltr'>«ι</span> <span class='ocrx_word' id='word_1_454' title='bbox 1783 1275 1919 1319; x_wconf 89' lang='grc' dir='ltr'>Θυσίας</span> <span class='ocrx_word' id='word_1_455' title='bbox 1937 1279 2051 1322; x_wconf 71' lang='grc' dir='ltr'>κοινῆς</span> <span class='ocrx_word' id='word_1_456' title='bbox 2068 1283 2136 1321; x_wconf 89' lang='grc' dir='ltr'>τοῖς</span> <span class='ocrx_word' id='word_1_457' title='bbox 2155 1281 2278 1317; x_wconf 89' lang='grc' dir='ltr'>Πελα-</span> 
     </span>
     <span class='ocr_line' id='line_1_67' title="bbox 1235 1332 2279 1390; baseline 0.008 -23"><span class='ocrx_word' id='word_1_458' title='bbox 1235 1337 1329 1382; x_wconf 88' lang='grc' dir='ltr'>σγοῖς</span> <span class='ocrx_word' id='word_1_459' title='bbox 1344 1332 1527 1381; x_wconf 77' lang='grc' dir='ltr'>γινομένης</span> <span class='ocrx_word' id='word_1_460' title='bbox 1547 1332 1751 1383; x_wconf 86' lang='grc' dir='ltr'>ἀναγγεῖλαί</span> <span class='ocrx_word' id='word_1_461' title='bbox 1777 1349 1853 1371; x_wconf 89' lang='grc' dir='ltr'>τινα</span> <span class='ocrx_word' id='word_1_462' title='bbox 1882 1336 1932 1386; x_wconf 81' lang='grc' dir='ltr'>τῷ</span> <span class='ocrx_word' id='word_1_463' title='bbox 1955 1337 2130 1388; x_wconf 85' lang='grc' dir='ltr'>Πελασγῷ</span> <span class='ocrx_word' id='word_1_464' title='bbox 2152 1337 2279 1390; x_wconf 80' lang='grc' dir='ltr'>ἄνδρα,</span> 
     </span>
     <span class='ocr_line' id='line_1_68' title="bbox 1233 1384 2277 1447; baseline 0.007 -20"><span class='ocrx_word' id='word_1_465' title='bbox 1233 1384 1261 1442; x_wconf 75' lang='grc' dir='ltr'>ᾧ</span> <span class='ocrx_word' id='word_1_466' title='bbox 1285 1389 1394 1440; x_wconf 85' lang='grc' dir='ltr'>ὄνομα</span> <span class='ocrx_word' id='word_1_467' title='bbox 1421 1384 1462 1435; x_wconf 71' lang='grc' dir='ltr'><strong>ἦν</strong></span> <span class='ocrx_word' id='word_1_468' title='bbox 1494 1389 1675 1442; x_wconf 86' lang='grc' dir='ltr'>Πέλωρος,</span> <span class='ocrx_word' id='word_1_469' title='bbox 1705 1391 1790 1428; x_wconf 86' lang='grc' dir='ltr'>διότι</span> <span class='ocrx_word' id='word_1_470' title='bbox 1818 1393 1852 1428; x_wconf 86' lang='grc' dir='ltr'><strong>ἐν</strong></span> <span class='ocrx_word' id='word_1_471' title='bbox 1870 1395 1913 1444; x_wconf 81' lang='grc' dir='ltr'>τῇ</span> <span class='ocrx_word' id='word_1_472' title='bbox 1943 1394 2095 1447; x_wconf 75' lang='grc' dir='ltr'>Αἱμονίᾳ</span> <span class='ocrx_word' id='word_1_473' title='bbox 2124 1399 2277 1446; x_wconf 82' lang='grc' dir='ltr'>σεισμῶν</span> 
     </span>
     <span class='ocr_line' id='line_1_69' title="bbox 1235 1447 2277 1503; baseline 0.007 -18"><span class='ocrx_word' id='word_1_474' title='bbox 1235 1447 1395 1498; x_wconf 81' lang='grc' dir='ltr'>μεγάλων</span> <span class='ocrx_word' id='word_1_475' title='bbox 1409 1447 1602 1498; x_wconf 83' lang='grc' dir='ltr'>γενομένων</span> <span class='ocrx_word' id='word_1_476' title='bbox 1615 1448 1735 1500; x_wconf 79' lang='grc' dir='ltr'>ῥαγείη</span> <span class='ocrx_word' id='word_1_477' title='bbox 1747 1449 1791 1486; x_wconf 86' lang='grc' dir='ltr'>τὰ</span> <span class='ocrx_word' id='word_1_478' title='bbox 1805 1450 1934 1500; x_wconf 84' lang='grc' dir='ltr'>Τέμπη</span> <span class='ocrx_word' id='word_1_479' title='bbox 1946 1451 2008 1503; x_wconf 85' lang='grc' dir='ltr'><strong>ὅρη</strong></span> <span class='ocrx_word' id='word_1_480' title='bbox 2026 1454 2277 1502; x_wconf 84' lang='grc' dir='ltr'>ὀνομαζόμενα,</span> 
     </span>
     <span class='ocr_line' id='line_1_70' title="bbox 1234 1504 2280 1561; baseline 0.005 -17"><span class='ocrx_word' id='word_1_481' title='bbox 1234 1505 1294 1544; x_wconf 80' lang='grc' dir='ltr'><strong>καὶ</strong></span> <span class='ocrx_word' id='word_1_482' title='bbox 1315 1506 1400 1543; x_wconf 85' lang='grc' dir='ltr'>διότι</span> <span class='ocrx_word' id='word_1_483' title='bbox 1427 1504 1484 1542; x_wconf 83' lang='grc' dir='ltr'><strong>διὰ</strong></span> <span class='ocrx_word' id='word_1_484' title='bbox 1502 1510 1562 1543; x_wconf 79' lang='grc' dir='ltr'><strong>τοῦ</strong></span> <span class='ocrx_word' id='word_1_485' title='bbox 1581 1506 1817 1556; x_wconf 77' lang='grc' dir='ltr'>διαστήματος</span> <span class='ocrx_word' id='word_1_486' title='bbox 1835 1511 1995 1560; x_wconf 75' lang='grc' dir='ltr'>ὁρμῆσαν</span> <span class='ocrx_word' id='word_1_487' title='bbox 2018 1509 2056 1547; x_wconf 77' lang='grc' dir='ltr'>τὸ</span> <span class='ocrx_word' id='word_1_488' title='bbox 2074 1513 2134 1556; x_wconf 81' lang='grc' dir='ltr'><strong>τῆς</strong></span> <span class='ocrx_word' id='word_1_489' title='bbox 2155 1510 2280 1561; x_wconf 89' lang='grc' dir='ltr'>λίμνης</span> 
     </span>
     <span class='ocr_line' id='line_1_71' title="bbox 1234 1563 2279 1619; baseline 0.006 -17"><span class='ocrx_word' id='word_1_490' title='bbox 1234 1564 1325 1616; x_wconf 78' lang='grc' dir='ltr'>ὕδωρ</span> <span class='ocrx_word' id='word_1_491' title='bbox 1358 1563 1532 1614; x_wconf 68' lang='grc' dir='ltr'>ἐμὸάλλοι</span> <span class='ocrx_word' id='word_1_492' title='bbox 1557 1566 1603 1607; x_wconf 88' lang='grc' dir='ltr'><strong>εἷς</strong></span> <span class='ocrx_word' id='word_1_493' title='bbox 1631 1564 1670 1602; x_wconf 79' lang='grc' dir='ltr'>τὸ</span> <span class='ocrx_word' id='word_1_494' title='bbox 1695 1569 1756 1602; x_wconf 76' lang='grc' dir='ltr'><strong>τοῦ</strong></span> <span class='ocrx_word' id='word_1_495' title='bbox 1784 1567 1936 1612; x_wconf 79' lang='grc' dir='ltr'>Πηνειοῦ</span> <span class='ocrx_word' id='word_1_496' title='bbox 1957 1568 2104 1619; x_wconf 81' lang='grc' dir='ltr'>ῥεῖθρον,</span> <span class='ocrx_word' id='word_1_497' title='bbox 2127 1569 2187 1607; x_wconf 86' lang='grc' dir='ltr'><strong>καὶ</strong></span> <span class='ocrx_word' id='word_1_498' title='bbox 2215 1570 2279 1616; x_wconf 84' lang='grc' dir='ltr'><strong>τὴν</strong></span> 
     </span>
     <span class='ocr_line' id='line_1_72' title="bbox 1233 1620 2280 1677; baseline 0.006 -17"><span class='ocrx_word' id='word_1_499' title='bbox 1233 1622 1397 1674; x_wconf 89' lang='grc' dir='ltr'>πρότερον</span> <span class='ocrx_word' id='word_1_500' title='bbox 1406 1620 1640 1671; x_wconf 86' lang='grc' dir='ltr'>λιμνάζουσαν</span> <span class='ocrx_word' id='word_1_501' title='bbox 1653 1621 1773 1674; x_wconf 80' lang='grc' dir='ltr'>χώραν</span> <span class='ocrx_word' id='word_1_502' title='bbox 1786 1624 1925 1662; x_wconf 82' lang='grc' dir='ltr'>ἅπασαν</span> <span class='ocrx_word' id='word_1_503' title='bbox 1939 1629 2199 1677; x_wconf 81' lang='grc' dir='ltr'>γεγυμνῶσθαι,</span> <span class='ocrx_word' id='word_1_504' title='bbox 2220 1632 2280 1666; x_wconf 82' lang='grc' dir='ltr'><strong>καὶ</strong></span> 
     </span>
     <span class='ocr_line' id='line_1_73' title="bbox 1234 1679 2278 1738; baseline 0.008 -22"><span class='ocrx_word' id='word_1_505' title='bbox 1234 1679 1555 1737; x_wconf 81' lang='grc' dir='ltr'>ἀναξηραινομένων</span> <span class='ocrx_word' id='word_1_506' title='bbox 1574 1683 1641 1718; x_wconf 84' lang='grc' dir='ltr'><strong>τῶν</strong></span> <span class='ocrx_word' id='word_1_507' title='bbox 1658 1681 1806 1732; x_wconf 79' lang='grc' dir='ltr'>ὑδάτων,</span> <span class='ocrx_word' id='word_1_508' title='bbox 1827 1683 1928 1721; x_wconf 89' lang='grc' dir='ltr'>πεδία</span> <span class='ocrx_word' id='word_1_509' title='bbox 1943 1684 2129 1734; x_wconf 84' lang='grc' dir='ltr'>θαυμαστὰ</span> <span class='ocrx_word' id='word_1_510' title='bbox 2146 1689 2195 1738; x_wconf 82' lang='grc' dir='ltr'>τῷ</span> <span class='ocrx_word' id='word_1_511' title='bbox 2216 1703 2278 1738; x_wconf 90' lang='grc' dir='ltr'><strong>με-</strong></span> 
     </span>
     <span class='ocr_line' id='line_1_74' title="bbox 1233 1738 2278 1793; baseline 0.008 -17"><span class='ocrx_word' id='word_1_512' title='bbox 1233 1738 1324 1790; x_wconf 86' lang='grc' dir='ltr'>γέθει</span> <span class='ocrx_word' id='word_1_513' title='bbox 1344 1739 1403 1777; x_wconf 76' lang='grc' dir='ltr'><strong>καὶ</strong></span> <span class='ocrx_word' id='word_1_514' title='bbox 1421 1741 1470 1790; x_wconf 85' lang='grc' dir='ltr'>τῷ</span> <span class='ocrx_word' id='word_1_515' title='bbox 1490 1739 1612 1777; x_wconf 83' lang='grc' dir='ltr'>κάλλει</span> <span class='ocrx_word' id='word_1_516' title='bbox 1629 1741 1891 1793; x_wconf 84' lang='grc' dir='ltr'>ἀναφαίνεσθαι.</span> <span class='ocrx_word' id='word_1_517' title='bbox 1911 1742 2124 1783; x_wconf 86' lang='grc' dir='ltr'>Ἀκούσαντα</span> <span class='ocrx_word' id='word_1_518' title='bbox 2146 1741 2203 1783; x_wconf 63' lang='grc' dir='ltr'><strong>οὖν</strong></span> <span class='ocrx_word' id='word_1_519' title='bbox 2219 1746 2278 1784; x_wconf 89' lang='grc' dir='ltr'><strong>τὸν</strong></span> 
     </span>
     <span class='ocr_line' id='line_1_75' title="bbox 1237 1797 2278 1854; baseline 0.006 -17"><span class='ocrx_word' id='word_1_520' title='bbox 1237 1797 1419 1848; x_wconf 85' lang='grc' dir='ltr'>Πελασγὸν</span> <span class='ocrx_word' id='word_1_521' title='bbox 1437 1797 1499 1844; x_wconf 81' lang='grc' dir='ltr'><strong>τὴν</strong></span> <span class='ocrx_word' id='word_1_522' title='bbox 1517 1797 1691 1848; x_wconf 86' lang='grc' dir='ltr'>τράπεζαν</span> <span class='ocrx_word' id='word_1_523' title='bbox 1722 1800 1875 1852; x_wconf 60' lang='grc' dir='ltr'>ἀφθόνως</span> <span class='ocrx_word' id='word_1_524' title='bbox 1897 1804 1992 1854; x_wconf 80' lang='grc' dir='ltr'>αὑτῷ</span> <span class='ocrx_word' id='word_1_525' title='bbox 2012 1804 2278 1854; x_wconf 85' lang='grc' dir='ltr'>κεκοσμημένην</span> 
     </span>
     <span class='ocr_line' id='line_1_76' title="bbox 1234 1855 2279 1914; baseline 0.007 -21"><span class='ocrx_word' id='word_1_526' title='bbox 1234 1858 1283 1909; x_wconf 83' lang='grc' dir='ltr'>τῷ</span> <span class='ocrx_word' id='word_1_527' title='bbox 1317 1855 1474 1907; x_wconf 83' lang='grc' dir='ltr'>Πελώρῳ</span> <span class='ocrx_word' id='word_1_528' title='bbox 1509 1858 1731 1908; x_wconf 82' lang='grc' dir='ltr'>παραθεῖναι.</span> <span class='ocrx_word' id='word_1_529' title='bbox 1757 1859 1826 1896; x_wconf 86' lang='grc' dir='ltr'><strong>Καὶ</strong></span> <span class='ocrx_word' id='word_1_530' title='bbox 1859 1859 1936 1903; x_wconf 79' lang='grc' dir='ltr'>τοὺς</span> <span class='ocrx_word' id='word_1_531' title='bbox 1967 1860 2092 1904; x_wconf 87' lang='grc' dir='ltr'>ἄλλους</span> <span class='ocrx_word' id='word_1_532' title='bbox 2127 1861 2162 1899; x_wconf 84' lang='grc' dir='ltr'><strong>δὲ</strong></span> <span class='ocrx_word' id='word_1_533' title='bbox 2183 1865 2279 1914; x_wconf 88' lang='grc' dir='ltr'>φιλο-</span> 
     </span>
     <span class='ocr_line' id='line_1_77' title="bbox 1233 1913 2278 1973; baseline 0.006 -22"><span class='ocrx_word' id='word_1_534' title='bbox 1233 1913 1482 1969; x_wconf 83' lang='grc' dir='ltr'>φρονουμένους</span> <span class='ocrx_word' id='word_1_535' title='bbox 1515 1913 1662 1952; x_wconf 81' lang='grc' dir='ltr'>ἕκαστον</span> <span class='ocrx_word' id='word_1_536' title='bbox 1694 1915 1806 1968; x_wconf 86' lang='grc' dir='ltr'>φέρειν</span> <span class='ocrx_word' id='word_1_537' title='bbox 1837 1917 1857 1954; x_wconf 89' lang='lat'><strong>6&#39;</strong></span> <span class='ocrx_word' id='word_1_538' title='bbox 1889 1933 1922 1955; x_wconf 92' lang='grc' dir='ltr'><strong>τι</strong></span> <span class='ocrx_word' id='word_1_539' title='bbox 1953 1917 2027 1969; x_wconf 78' lang='grc' dir='ltr'>ἔχοι</span> <span class='ocrx_word' id='word_1_540' title='bbox 2063 1921 2147 1971; x_wconf 91' lang='grc' dir='ltr'>παρ’</span> <span class='ocrx_word' id='word_1_541' title='bbox 2184 1922 2278 1973; x_wconf 82' lang='grc' dir='ltr'>αὑτῷ</span> 
     </span>
     <span class='ocr_line' id='line_1_78' title="bbox 1236 1972 2277 2029; baseline 0.005 -19"><span class='ocrx_word' id='word_1_542' title='bbox 1236 1972 1427 2025; x_wconf 86' lang='grc' dir='ltr'>βέλτιστον,</span> <span class='ocrx_word' id='word_1_543' title='bbox 1444 1972 1503 2010; x_wconf 81' lang='grc' dir='ltr'><strong>καὶ</strong></span> <span class='ocrx_word' id='word_1_544' title='bbox 1516 1974 1744 2024; x_wconf 84' lang='grc' dir='ltr'>παρατιθέναι</span> <span class='ocrx_word' id='word_1_545' title='bbox 1758 1974 1817 2012; x_wconf 84' lang='grc' dir='ltr'><strong>ἐπὶ</strong></span> <span class='ocrx_word' id='word_1_546' title='bbox 1830 1974 1892 2021; x_wconf 80' lang='grc' dir='ltr'><strong>τὴν</strong></span> <span class='ocrx_word' id='word_1_547' title='bbox 1903 1976 2077 2026; x_wconf 86' lang='grc' dir='ltr'>τράπεζαν</span> <span class='ocrx_word' id='word_1_548' title='bbox 2094 1979 2144 2029; x_wconf 79' lang='grc' dir='ltr'>τῷ</span> <span class='ocrx_word' id='word_1_549' title='bbox 2157 1979 2277 2029; x_wconf 83' lang='grc' dir='ltr'>ἀπαγ-</span> 
     </span>
     <span class='ocr_line' id='line_1_79' title="bbox 1231 2030 2275 2085; baseline 0.007 -18"><span class='ocrx_word' id='word_1_550' title='bbox 1231 2030 1396 2081; x_wconf 85' lang='grc' dir='ltr'>γείλαντι,</span> <span class='ocrx_word' id='word_1_551' title='bbox 1414 2031 1473 2068; x_wconf 81' lang='grc' dir='ltr'><strong>καὶ</strong></span> <span class='ocrx_word' id='word_1_552' title='bbox 1493 2031 1595 2068; x_wconf 80' lang='grc' dir='ltr'>αὐτὸν</span> <span class='ocrx_word' id='word_1_553' title='bbox 1608 2031 1665 2069; x_wconf 84' lang='grc' dir='ltr'><strong>τὸν</strong></span> <span class='ocrx_word' id='word_1_554' title='bbox 1680 2033 1864 2082; x_wconf 83' lang='grc' dir='ltr'>Πελασγὸν</span> <span class='ocrx_word' id='word_1_555' title='bbox 1887 2034 2074 2085; x_wconf 86' lang='grc' dir='ltr'>προθύμως</span> <span class='ocrx_word' id='word_1_556' title='bbox 2086 2036 2275 2085; x_wconf 81' lang='grc' dir='ltr'>διακονεῖν,</span> 
     </span>
     <span class='ocr_line' id='line_1_80' title="bbox 1233 2087 2273 2144; baseline 0.004 -18"><span class='ocrx_word' id='word_1_557' title='bbox 1233 2089 1292 2126; x_wconf 78' lang='grc' dir='ltr'><strong>καὶ</strong></span> <span class='ocrx_word' id='word_1_558' title='bbox 1307 2092 1375 2126; x_wconf 80' lang='grc' dir='ltr'><strong>τῶν</strong></span> <span class='ocrx_word' id='word_1_559' title='bbox 1393 2088 1506 2126; x_wconf 85' lang='grc' dir='ltr'>ἄλλων</span> <span class='ocrx_word' id='word_1_560' title='bbox 1527 2087 1605 2132; x_wconf 74' lang='grc' dir='ltr'>τοὺς</span> <span class='ocrx_word' id='word_1_561' title='bbox 1622 2090 1655 2126; x_wconf 84' lang='grc' dir='ltr'><strong>ἐν</strong></span> <span class='ocrx_word' id='word_1_562' title='bbox 1673 2089 1844 2139; x_wconf 81' lang='grc' dir='ltr'>ἀξιώματι</span> <span class='ocrx_word' id='word_1_563' title='bbox 1862 2090 1960 2134; x_wconf 79' lang='grc' dir='ltr'>ὄντας</span> <span class='ocrx_word' id='word_1_564' title='bbox 1981 2094 2180 2144; x_wconf 80' lang='grc' dir='ltr'>ὑπηρετεῖν,</span> <span class='ocrx_word' id='word_1_565' title='bbox 2204 2109 2273 2130; x_wconf 81' lang='grc' dir='ltr'>κα·-</span> 
     </span>
     <span class='ocr_line' id='line_1_81' title="bbox 1233 2146 2275 2202; baseline 0.005 -19"><span class='ocrx_word' id='word_1_566' title='bbox 1233 2146 1303 2184; x_wconf 87' lang='grc' dir='ltr'>θότι</span> <span class='ocrx_word' id='word_1_567' title='bbox 1315 2146 1449 2199; x_wconf 80' lang='grc' dir='ltr'>ἑκάστῳ</span> <span class='ocrx_word' id='word_1_568' title='bbox 1463 2149 1480 2184; x_wconf 87' lang='grc' dir='ltr'><strong><em>ὃ</em></strong></span> <span class='ocrx_word' id='word_1_569' title='bbox 1491 2147 1608 2198; x_wconf 83' lang='grc' dir='ltr'>καιρὸς</span> <span class='ocrx_word' id='word_1_570' title='bbox 1621 2146 1829 2199; x_wconf 86' lang='grc' dir='ltr'>παρέπιπτε.</span> <span class='ocrx_word' id='word_1_571' title='bbox 1843 2148 1973 2201; x_wconf 88' lang='grc' dir='ltr'>Διόπερ</span> <span class='ocrx_word' id='word_1_572' title='bbox 1985 2150 2103 2202; x_wconf 86' lang='grc' dir='ltr'>φασὶν,</span> <span class='ocrx_word' id='word_1_573' title='bbox 2122 2151 2196 2189; x_wconf 81' lang='grc' dir='ltr'>ἐπεὶ</span> <span class='ocrx_word' id='word_1_574' title='bbox 2211 2152 2275 2199; x_wconf 83' lang='grc' dir='ltr'><strong>τὴν</strong></span> 
     </span>
     <span class='ocr_line' id='line_1_82' title="bbox 1233 2203 2275 2262; baseline 0.008 -22"><span class='ocrx_word' id='word_1_575' title='bbox 1233 2203 1350 2255; x_wconf 78' lang='grc' dir='ltr'>χώραν</span> <span class='ocrx_word' id='word_1_576' title='bbox 1362 2204 1547 2256; x_wconf 73' lang='grc' dir='ltr'>κατέσχον,</span> <span class='ocrx_word' id='word_1_577' title='bbox 1560 2205 1777 2255; x_wconf 82' lang='grc' dir='ltr'>ἀπομίμημα</span> <span class='ocrx_word' id='word_1_578' title='bbox 1787 2209 1848 2253; x_wconf 72' lang='grc' dir='ltr'><strong>τῆς</strong></span> <span class='ocrx_word' id='word_1_579' title='bbox 1859 2207 1935 2245; x_wconf 88' lang='grc' dir='ltr'>τότε</span> <span class='ocrx_word' id='word_1_580' title='bbox 1946 2208 2131 2258; x_wconf 79' lang='grc' dir='ltr'>γενομένης</span> <span class='ocrx_word' id='word_1_581' title='bbox 2142 2212 2275 2262; x_wconf 77' lang='grc' dir='ltr'>ἑορτῆς,</span> 
     </span>
     <span class='ocr_line' id='line_1_83' title="bbox 1234 2262 2275 2319; baseline 0.006 -18"><span class='ocrx_word' id='word_1_582' title='bbox 1234 2262 1374 2307; x_wconf 87' lang='grc' dir='ltr'>θύοντας</span> <span class='ocrx_word' id='word_1_583' title='bbox 1393 2264 1449 2302; x_wconf 84' lang='grc' dir='ltr'><strong>Διὶ</strong></span> <span class='ocrx_word' id='word_1_584' title='bbox 1467 2263 1643 2317; x_wconf 83' lang='grc' dir='ltr'>Πελώρῳ,</span> <span class='ocrx_word' id='word_1_585' title='bbox 1662 2264 1836 2316; x_wconf 84' lang='grc' dir='ltr'>τραπέζας</span> <span class='ocrx_word' id='word_1_586' title='bbox 1860 2282 1895 2303; x_wconf 89' lang='grc' dir='ltr'><strong>τε</strong></span> <span class='ocrx_word' id='word_1_587' title='bbox 1914 2268 2083 2319; x_wconf 85' lang='grc' dir='ltr'>λαμπρῶς</span> <span class='ocrx_word' id='word_1_588' title='bbox 2106 2273 2275 2319; x_wconf 75' lang='grc' dir='ltr'>κοσμοῦν·</span> 
     </span>
     <span class='ocr_line' id='line_1_84' title="bbox 1236 2322 2276 2379; baseline 0.005 -20"><span class='ocrx_word' id='word_1_589' title='bbox 1236 2337 1298 2365; x_wconf 88' lang='grc' dir='ltr'><strong>τας</strong></span> <span class='ocrx_word' id='word_1_590' title='bbox 1319 2323 1535 2374; x_wconf 86' lang='grc' dir='ltr'>προτιθέναι,</span> <span class='ocrx_word' id='word_1_591' title='bbox 1553 2324 1613 2361; x_wconf 82' lang='grc' dir='ltr'><strong>καί</strong></span> <span class='ocrx_word' id='word_1_592' title='bbox 1630 2322 1737 2366; x_wconf 76' lang='grc' dir='ltr'>οὕτως</span> <span class='ocrx_word' id='word_1_593' title='bbox 1751 2324 1990 2378; x_wconf 85' lang='grc' dir='ltr'>φιλάνθρωπον</span> <span class='ocrx_word' id='word_1_594' title='bbox 2006 2325 2068 2372; x_wconf 81' lang='grc' dir='ltr'><strong>τὴν</strong></span> <span class='ocrx_word' id='word_1_595' title='bbox 2085 2327 2276 2379; x_wconf 79' lang='grc' dir='ltr'>πανήγυριν</span> 
     </span>
    </p>
   </div>
   <div class='ocr_carea' id='block_1_18' title="bbox 1234 2434 2278 3047">
    <p class='ocr_par' dir='ltr' id='par_1_18' title="bbox 1234 2434 2278 3047">
     <span class='ocr_line' id='line_1_85' title="bbox 1234 2434 2277 2475; baseline 0.006 -10"><span class='ocrx_word' id='word_1_596' title='bbox 1234 2434 1454 2466; x_wconf 82' lang='lat' dir='ltr'><strong>Graecanicum</strong></span> <span class='ocrx_word' id='word_1_597' title='bbox 1473 2443 1557 2473; x_wconf 88' lang='lat' dir='ltr'><strong>esse,</strong></span> <span class='ocrx_word' id='word_1_598' title='bbox 1570 2434 1710 2475; x_wconf 87' lang='lat' dir='ltr'><strong>dicitque</strong></span> <span class='ocrx_word' id='word_1_599' title='bbox 1728 2435 1812 2475; x_wconf 90' lang='lat' dir='ltr'><strong>apud</strong></span> <span class='ocrx_word' id='word_1_600' title='bbox 1828 2436 1994 2468; x_wconf 89' lang='lat' dir='ltr'><strong>Thessalos</strong></span> <span class='ocrx_word' id='word_1_601' title='bbox 2015 2437 2149 2470; x_wconf 76' lang='lat' dir='ltr'><strong>Peloria</strong></span> <span class='ocrx_word' id='word_1_602' title='bbox 2175 2439 2277 2470; x_wconf 85' lang='lat' dir='ltr'><strong>nomi·</strong></span> 
     </span>
     <span class='ocr_line' id='line_1_86' title="bbox 1235 2486 2278 2530; baseline 0.005 -14"><span class='ocrx_word' id='word_1_603' title='bbox 1235 2486 1315 2517; x_wconf 88' lang='lat' dir='ltr'><strong>nari.</strong></span> <span class='ocrx_word' id='word_1_604' title='bbox 1330 2486 1435 2517; x_wconf 78' lang='lat' dir='ltr'><strong>Verba</strong></span> <span class='ocrx_word' id='word_1_605' title='bbox 1449 2486 1516 2526; x_wconf 85' lang='lat' dir='ltr'><strong>ejus</strong></span> <span class='ocrx_word' id='word_1_606' title='bbox 1527 2486 1596 2517; x_wconf 83' lang='lat' dir='ltr'><strong>haec</strong></span> <span class='ocrx_word' id='word_1_607' title='bbox 1614 2488 1688 2518; x_wconf 89' lang='lat' dir='ltr'><strong>suut</strong></span> <span class='ocrx_word' id='word_1_608' title='bbox 1704 2500 1711 2518; x_wconf 88' lang='lat'><strong>:</strong></span> <span class='ocrx_word' id='word_1_609' title='bbox 1728 2499 1743 2514; x_wconf 78' lang='grc' dir='ltr'><strong>α</strong></span> <span class='ocrx_word' id='word_1_610' title='bbox 1759 2490 1829 2525; x_wconf 93' lang='lat' dir='ltr'><strong>Quo</strong></span> <span class='ocrx_word' id='word_1_611' title='bbox 1843 2489 1985 2528; x_wconf 87' lang='lat' dir='ltr'><strong>tempore</strong></span> <span class='ocrx_word' id='word_1_612' title='bbox 2000 2489 2190 2520; x_wconf 78' lang='lat' dir='ltr'><strong>saci-ilicium</strong></span> <span class='ocrx_word' id='word_1_613' title='bbox 2204 2499 2278 2530; x_wconf 91' lang='lat' dir='ltr'><strong>epu-</strong></span> 
     </span>
     <span class='ocr_line' id='line_1_87' title="bbox 1235 2538 2278 2582; baseline 0.005 -14"><span class='ocrx_word' id='word_1_614' title='bbox 1235 2538 1366 2578; x_wconf 88' lang='lat' dir='ltr'><strong>lumque</strong></span> <span class='ocrx_word' id='word_1_615' title='bbox 1383 2538 1547 2578; x_wconf 88' lang='lat' dir='ltr'><strong>publicum</strong></span> <span class='ocrx_word' id='word_1_616' title='bbox 1558 2539 1764 2571; x_wconf 82' lang='lat' dir='ltr'><strong>celebrabant</strong></span> <span class='ocrx_word' id='word_1_617' title='bbox 1781 2540 1917 2581; x_wconf 82' lang='lat' dir='ltr'><strong>Pelasgi,</strong></span> <span class='ocrx_word' id='word_1_618' title='bbox 1933 2541 2132 2573; x_wconf 86' lang='lat' dir='ltr'><strong>renunciavit</strong></span> <span class='ocrx_word' id='word_1_619' title='bbox 2150 2542 2278 2582; x_wconf 83' lang='lat' dir='ltr'><strong>Pelasgo</strong></span> 
     </span>
     <span class='ocr_line' id='line_1_88' title="bbox 1236 2591 2277 2631; baseline 0.005 -10"><span class='ocrx_word' id='word_1_620' title='bbox 1236 2591 1283 2621; x_wconf 86' lang='lat' dir='ltr'><strong>vir</strong></span> <span class='ocrx_word' id='word_1_621' title='bbox 1302 2591 1431 2631; x_wconf 90' lang='lat' dir='ltr'><strong>quidam</strong></span> <span class='ocrx_word' id='word_1_622' title='bbox 1441 2615 1451 2631; x_wconf 91' lang='lat'><strong>,</strong></span> <span class='ocrx_word' id='word_1_623' title='bbox 1475 2591 1526 2622; x_wconf 89' lang='lat' dir='ltr'><strong>cui</strong></span> <span class='ocrx_word' id='word_1_624' title='bbox 1543 2600 1661 2623; x_wconf 89' lang='lat' dir='ltr'><strong>nomen</strong></span> <span class='ocrx_word' id='word_1_625' title='bbox 1678 2593 1818 2624; x_wconf 79' lang='lat' dir='ltr'><strong>Pelorus</strong></span> <span class='ocrx_word' id='word_1_626' title='bbox 1834 2595 1914 2631; x_wconf 86' lang='lat' dir='ltr'><strong>erat,</strong></span> <span class='ocrx_word' id='word_1_627' title='bbox 1932 2593 2172 2625; x_wconf 84' lang='lat' dir='ltr'><strong>vehementibus</strong></span> <span class='ocrx_word' id='word_1_628' title='bbox 2181 2596 2277 2626; x_wconf 81' lang='lat' dir='ltr'><strong>terrae</strong></span> 
     </span>
     <span class='ocr_line' id='line_1_89' title="bbox 1235 2644 2276 2687; baseline 0.003 -12"><span class='ocrx_word' id='word_1_629' title='bbox 1235 2644 1374 2676; x_wconf 85' lang='lat' dir='ltr'><strong>motibus</strong></span> <span class='ocrx_word' id='word_1_630' title='bbox 1398 2645 1517 2676; x_wconf 84' lang='lat' dir='ltr'><strong>exortis</strong></span> <span class='ocrx_word' id='word_1_631' title='bbox 1544 2645 1576 2676; x_wconf 92' lang='lat' dir='ltr'><strong>in</strong></span> <span class='ocrx_word' id='word_1_632' title='bbox 1601 2646 1780 2676; x_wconf 22' lang='lat' dir='ltr'><strong>Haemonia*</strong></span> <span class='ocrx_word' id='word_1_633' title='bbox 1798 2645 1958 2686; x_wconf 88' lang='lat' dir='ltr'><strong>disruptos</strong></span> <span class='ocrx_word' id='word_1_634' title='bbox 1987 2655 2054 2678; x_wconf 86' lang='lat' dir='ltr'><strong>esse</strong></span> <span class='ocrx_word' id='word_1_635' title='bbox 2075 2651 2199 2678; x_wconf 71' lang='lat' dir='ltr'><strong>montes</strong></span> <span class='ocrx_word' id='word_1_636' title='bbox 2220 2648 2276 2687; x_wconf 87' lang='lat' dir='ltr'><strong>qui</strong></span> 
     </span>
     <span class='ocr_line' id='line_1_90' title="bbox 1235 2697 2276 2739; baseline 0.002 -11"><span class='ocrx_word' id='word_1_637' title='bbox 1235 2698 1353 2736; x_wconf 78' lang='lat' dir='ltr'><strong>Tempe</strong></span> <span class='ocrx_word' id='word_1_638' title='bbox 1372 2698 1540 2736; x_wconf 87' lang='lat' dir='ltr'><strong>vocantur,</strong></span> <span class='ocrx_word' id='word_1_639' title='bbox 1560 2697 1592 2728; x_wconf 91' lang='lat' dir='ltr'><strong>et</strong></span> <span class='ocrx_word' id='word_1_640' title='bbox 1616 2705 1671 2737; x_wconf 89' lang='lat' dir='ltr'><strong>per</strong></span> <span class='ocrx_word' id='word_1_641' title='bbox 1694 2697 1898 2728; x_wconf 89' lang='lat' dir='ltr'><strong>intervallum</strong></span> <span class='ocrx_word' id='word_1_642' title='bbox 1915 2701 2135 2738; x_wconf 86' lang='lat' dir='ltr'><strong>erumpentem</strong></span> <span class='ocrx_word' id='word_1_643' title='bbox 2160 2707 2276 2739; x_wconf 90' lang='lat' dir='ltr'><strong>aquam</strong></span> 
     </span>
     <span class='ocr_line' id='line_1_91' title="bbox 1236 2748 2276 2789; baseline 0.003 -11"><span class='ocrx_word' id='word_1_644' title='bbox 1236 2748 1358 2786; x_wconf 82' lang='lat' dir='ltr'><strong>paludis</strong></span> <span class='ocrx_word' id='word_1_645' title='bbox 1372 2748 1403 2779; x_wconf 91' lang='lat' dir='ltr'><strong>in</strong></span> <span class='ocrx_word' id='word_1_646' title='bbox 1417 2748 1509 2779; x_wconf 83' lang='lat' dir='ltr'><strong>Penei</strong></span> <span class='ocrx_word' id='word_1_647' title='bbox 1523 2749 1651 2779; x_wconf 78' lang='lat' dir='ltr'><strong>alveum</strong></span> <span class='ocrx_word' id='word_1_648' title='bbox 1666 2748 1840 2786; x_wconf 77' lang='lat' dir='ltr'><strong>influxisse,</strong></span> <span class='ocrx_word' id='word_1_649' title='bbox 1854 2748 2078 2789; x_wconf 84' lang='lat' dir='ltr'><strong>regionemque</strong></span> <span class='ocrx_word' id='word_1_650' title='bbox 2095 2749 2276 2781; x_wconf 84' lang='lat' dir='ltr'><strong>universam</strong></span> 
     </span>
     <span class='ocr_line' id='line_1_92' title="bbox 1235 2799 2277 2840; baseline 0.004 -10"><span class='ocrx_word' id='word_1_651' title='bbox 1235 2808 1307 2839; x_wconf 79' lang='lat' dir='ltr'><strong>quae</strong></span> <span class='ocrx_word' id='word_1_652' title='bbox 1326 2802 1418 2831; x_wconf 86' lang='lat' dir='ltr'><strong>autea</strong></span> <span class='ocrx_word' id='word_1_653' title='bbox 1437 2801 1587 2840; x_wconf 84' lang='lat' dir='ltr'><strong>palustris</strong></span> <span class='ocrx_word' id='word_1_654' title='bbox 1604 2799 1729 2839; x_wconf 84' lang='lat' dir='ltr'><strong>suisset,</strong></span> <span class='ocrx_word' id='word_1_655' title='bbox 1745 2799 1938 2831; x_wconf 87' lang='lat' dir='ltr'><strong>denudatam</strong></span> <span class='ocrx_word' id='word_1_656' title='bbox 1958 2809 2024 2832; x_wconf 87' lang='lat' dir='ltr'><strong>esse</strong></span> <span class='ocrx_word' id='word_1_657' title='bbox 2036 2824 2044 2839; x_wconf 93' lang='lat'><strong>,</strong></span> <span class='ocrx_word' id='word_1_658' title='bbox 2062 2802 2094 2832; x_wconf 89' lang='lat' dir='ltr'><strong>et</strong></span> <span class='ocrx_word' id='word_1_659' title='bbox 2111 2801 2277 2834; x_wconf 84' lang='lat' dir='ltr'><strong>exsiccatis</strong></span> 
     </span>
     <span class='ocr_line' id='line_1_93' title="bbox 1234 2852 2277 2893; baseline 0.003 -11"><span class='ocrx_word' id='word_1_660' title='bbox 1234 2852 1323 2892; x_wconf 82' lang='lat' dir='ltr'><strong>aquis</strong></span> <span class='ocrx_word' id='word_1_661' title='bbox 1339 2861 1470 2893; x_wconf 88' lang='lat' dir='ltr'><strong>campos</strong></span> <span class='ocrx_word' id='word_1_662' title='bbox 1486 2853 1666 2892; x_wconf 87' lang='lat' dir='ltr'><strong>apparuisse</strong></span> <span class='ocrx_word' id='word_1_663' title='bbox 1679 2852 1770 2883; x_wconf 83' lang='lat' dir='ltr'><strong>mirae</strong></span> <span class='ocrx_word' id='word_1_664' title='bbox 1786 2852 2033 2892; x_wconf 83' lang='lat' dir='ltr'><strong>pulchritudinis</strong></span> <span class='ocrx_word' id='word_1_665' title='bbox 2046 2854 2078 2884; x_wconf 85' lang='lat' dir='ltr'><strong>et</strong></span> <span class='ocrx_word' id='word_1_666' title='bbox 2097 2854 2277 2893; x_wconf 88' lang='lat' dir='ltr'><strong>amplitudi-</strong></span> 
     </span>
     <span class='ocr_line' id='line_1_94' title="bbox 1235 2904 2275 2944; baseline 0.002 -10"><span class='ocrx_word' id='word_1_667' title='bbox 1235 2905 1293 2935; x_wconf 85' lang='lat' dir='ltr'><strong>nis.</strong></span> <span class='ocrx_word' id='word_1_668' title='bbox 1313 2905 1436 2941; x_wconf 87' lang='lat' dir='ltr'><strong>Quibus</strong></span> <span class='ocrx_word' id='word_1_669' title='bbox 1449 2904 1582 2943; x_wconf 85' lang='lat' dir='ltr'><strong>auditis‚</strong></span> <span class='ocrx_word' id='word_1_670' title='bbox 1598 2905 1745 2944; x_wconf 84' lang='lat' dir='ltr'><strong>Pelasgus</strong></span> <span class='ocrx_word' id='word_1_671' title='bbox 1757 2913 1901 2935; x_wconf 88' lang='lat' dir='ltr'><strong>mensam</strong></span> <span class='ocrx_word' id='word_1_672' title='bbox 1915 2904 1973 2935; x_wconf 90' lang='lat' dir='ltr'><strong>sibi</strong></span> <span class='ocrx_word' id='word_1_673' title='bbox 1987 2905 2073 2936; x_wconf 88' lang='lat' dir='ltr'><strong>laute</strong></span> <span class='ocrx_word' id='word_1_674' title='bbox 2087 2905 2275 2937; x_wconf 84' lang='lat' dir='ltr'><strong>instructam</strong></span> 
     </span>
     <span class='ocr_line' id='line_1_95' title="bbox 1238 2955 2273 2996; baseline 0.001 -10"><span class='ocrx_word' id='word_1_675' title='bbox 1238 2957 1346 2987; x_wconf 77' lang='lat' dir='ltr'><strong>Peloro</strong></span> <span class='ocrx_word' id='word_1_676' title='bbox 1362 2956 1526 2996; x_wconf 89' lang='lat' dir='ltr'><strong>apposuit,</strong></span> <span class='ocrx_word' id='word_1_677' title='bbox 1552 2957 1584 2987; x_wconf 90' lang='lat' dir='ltr'><strong>et</strong></span> <span class='ocrx_word' id='word_1_678' title='bbox 1614 2955 1728 2995; x_wconf 83' lang='lat' dir='ltr'><strong>reliqui</strong></span> <span class='ocrx_word' id='word_1_679' title='bbox 1757 2955 1858 2986; x_wconf 87' lang='lat' dir='ltr'><strong>multa</strong></span> <span class='ocrx_word' id='word_1_680' title='bbox 1883 2955 2034 2988; x_wconf 88' lang='lat' dir='ltr'><strong>comitate</strong></span> <span class='ocrx_word' id='word_1_681' title='bbox 2052 2957 2187 2988; x_wconf 87' lang='lat' dir='ltr'><strong>attulere</strong></span> <span class='ocrx_word' id='word_1_682' title='bbox 2209 2957 2273 2987; x_wconf 91' lang='lat' dir='ltr'><strong>sin-</strong></span> 
     </span>
     <span class='ocr_line' id='line_1_96' title="bbox 1235 3006 2275 3047; baseline 0.001 -10"><span class='ocrx_word' id='word_1_683' title='bbox 1235 3007 1297 3046; x_wconf 72' lang='lat' dir='ltr'><strong>guli</strong></span> <span class='ocrx_word' id='word_1_684' title='bbox 1322 3007 1478 3047; x_wconf 85' lang='lat' dir='ltr'><strong>quidquid</strong></span> <span class='ocrx_word' id='word_1_685' title='bbox 1507 3007 1642 3047; x_wconf 85' lang='lat' dir='ltr'><strong>quisque</strong></span> <span class='ocrx_word' id='word_1_686' title='bbox 1664 3007 1823 3046; x_wconf 87' lang='lat' dir='ltr'><strong>optimum</strong></span> <span class='ocrx_word' id='word_1_687' title='bbox 1848 3006 2004 3046; x_wconf 84' lang='lat' dir='ltr'><strong>babebat,</strong></span> <span class='ocrx_word' id='word_1_688' title='bbox 2030 3016 2149 3039; x_wconf 79' lang='lat' dir='ltr'><strong>mensae</strong></span> <span class='ocrx_word' id='word_1_689' title='bbox 2170 3007 2275 3039; x_wconf 88' lang='lat' dir='ltr'><strong>nuncii</strong></span> 
     </span>
    </p>
   </div>
   <div class='ocr_carea' id='block_1_19' title="bbox 1226 3060 2275 3100">
    <p class='ocr_par' dir='ltr' id='par_1_19' title="bbox 1226 3060 2275 3100">
     <span class='ocr_line' id='line_1_97' title="bbox 1226 3060 2275 3100; baseline 0.001 -10"><span class='ocrx_word' id='word_1_690' title='bbox 1226 3060 1449 3099; x_wconf 72' lang='lat' dir='ltr'><strong>imponentes,</strong></span> <span class='ocrx_word' id='word_1_691' title='bbox 1480 3060 1609 3100; x_wconf 82' lang='lat' dir='ltr'><strong>ipseque</strong></span> <span class='ocrx_word' id='word_1_692' title='bbox 1637 3060 1782 3100; x_wconf 83' lang='lat' dir='ltr'><strong>Pelasgus</strong></span> <span class='ocrx_word' id='word_1_693' title='bbox 1800 3061 1946 3100; x_wconf 89' lang='lat' dir='ltr'><strong>prompte</strong></span> <span class='ocrx_word' id='word_1_694' title='bbox 1962 3060 1990 3091; x_wconf 90' lang='lat' dir='ltr'><strong>ei</strong></span> <span class='ocrx_word' id='word_1_695' title='bbox 2018 3060 2226 3099; x_wconf 88' lang='lat' dir='ltr'><strong>ministravit,</strong></span> <span class='ocrx_word' id='word_1_696' title='bbox 2244 3062 2275 3091; x_wconf 85' lang='lat' dir='ltr'><strong>et</strong></span> 
     </span>
    </p>
   </div>
   <div class='ocr_carea' id='block_1_20' title="bbox 1235 3112 2274 3465">
    <p class='ocr_par' dir='ltr' id='par_1_20' title="bbox 1235 3112 2274 3465">
     <span class='ocr_line' id='line_1_98' title="bbox 1236 3112 2273 3152; baseline 0 -10"><span class='ocrx_word' id='word_1_697' title='bbox 1236 3113 1430 3152; x_wconf 78' lang='lat' dir='ltr'><strong>reliquorum</strong></span> <span class='ocrx_word' id='word_1_698' title='bbox 1459 3112 1592 3152; x_wconf 86' lang='lat' dir='ltr'><strong>quisque</strong></span> <span class='ocrx_word' id='word_1_699' title='bbox 1622 3112 1860 3144; x_wconf 87' lang='lat' dir='ltr'><strong>honoratiorum</strong></span> <span class='ocrx_word' id='word_1_700' title='bbox 1890 3113 1992 3144; x_wconf 87' lang='lat' dir='ltr'><strong>eidem</strong></span> <span class='ocrx_word' id='word_1_701' title='bbox 2019 3113 2273 3151; x_wconf 81' lang='lat' dir='ltr'><strong>famulabantur,</strong></span> 
     </span>
     <span class='ocr_line' id='line_1_99' title="bbox 1235 3165 2274 3205; baseline -0.001 -10"><span class='ocrx_word' id='word_1_702' title='bbox 1235 3167 1329 3205; x_wconf 86' lang='lat' dir='ltr'><strong>prout</strong></span> <span class='ocrx_word' id='word_1_703' title='bbox 1348 3166 1462 3205; x_wconf 87' lang='lat' dir='ltr'><strong>cuique</strong></span> <span class='ocrx_word' id='word_1_704' title='bbox 1486 3165 1679 3197; x_wconf 81' lang='lat' dir='ltr'><strong>offerebatur</strong></span> <span class='ocrx_word' id='word_1_705' title='bbox 1700 3166 1835 3197; x_wconf 85' lang='lat' dir='ltr'><strong>occasio.</strong></span> <span class='ocrx_word' id='word_1_706' title='bbox 1854 3166 2086 3204; x_wconf 87' lang='lat' dir='ltr'><strong>Quamobrem,</strong></span> <span class='ocrx_word' id='word_1_707' title='bbox 2109 3167 2274 3205; x_wconf 88' lang='lat' dir='ltr'><strong>postquam</strong></span> 
     </span>
     <span class='ocr_line' id='line_1_100' title="bbox 1236 3217 2274 3259; baseline -0.001 -11"><span class='ocrx_word' id='word_1_708' title='bbox 1236 3217 1392 3257; x_wconf 78' lang='lat' dir='ltr'><strong>regionem</strong></span> <span class='ocrx_word' id='word_1_709' title='bbox 1407 3218 1493 3248; x_wconf 89' lang='lat' dir='ltr'><strong>illam</strong></span> <span class='ocrx_word' id='word_1_710' title='bbox 1507 3219 1722 3259; x_wconf 82' lang='lat' dir='ltr'><strong>occuparunt,</strong></span> <span class='ocrx_word' id='word_1_711' title='bbox 1736 3218 1775 3250; x_wconf 89' lang='lat' dir='ltr'><strong>ad</strong></span> <span class='ocrx_word' id='word_1_712' title='bbox 1793 3219 2002 3250; x_wconf 88' lang='lat' dir='ltr'><strong>imitationem</strong></span> <span class='ocrx_word' id='word_1_713' title='bbox 2012 3243 2020 3258; x_wconf 96' lang='lat'><strong>,</strong></span> <span class='ocrx_word' id='word_1_714' title='bbox 2035 3221 2071 3250; x_wconf 92' lang='lat' dir='ltr'><strong>ut</strong></span> <span class='ocrx_word' id='word_1_715' title='bbox 2083 3219 2191 3256; x_wconf 84' lang='lat' dir='ltr'><strong>aiunt,</strong></span> <span class='ocrx_word' id='word_1_716' title='bbox 2207 3217 2274 3248; x_wconf 76' lang='lat' dir='ltr'><strong>festi</strong></span> 
     </span>
     <span class='ocr_line' id='line_1_101' title="bbox 1235 3268 2273 3309; baseline -0.003 -9"><span class='ocrx_word' id='word_1_717' title='bbox 1235 3271 1312 3300; x_wconf 91' lang='lat' dir='ltr'><strong>tnnc</strong></span> <span class='ocrx_word' id='word_1_718' title='bbox 1324 3269 1490 3307; x_wconf 87' lang='lat' dir='ltr'><strong>celebrati,</strong></span> <span class='ocrx_word' id='word_1_719' title='bbox 1509 3271 1582 3301; x_wconf 90' lang='lat' dir='ltr'><strong>Jovi</strong></span> <span class='ocrx_word' id='word_1_720' title='bbox 1599 3270 1711 3301; x_wconf 87' lang='lat' dir='ltr'><strong>Peloro</strong></span> <span class='ocrx_word' id='word_1_721' title='bbox 1727 3279 1816 3302; x_wconf 86' lang='lat' dir='ltr'><strong>sacra</strong></span> <span class='ocrx_word' id='word_1_722' title='bbox 1842 3271 2008 3309; x_wconf 85' lang='lat' dir='ltr'><strong>facientes,</strong></span> <span class='ocrx_word' id='word_1_723' title='bbox 2028 3278 2151 3301; x_wconf 84' lang='lat' dir='ltr'><strong>mensas</strong></span> <span class='ocrx_word' id='word_1_724' title='bbox 2169 3268 2273 3307; x_wconf 69' lang='lat' dir='ltr'><strong>splen-</strong></span> 
     </span>
     <span class='ocr_line' id='line_1_102' title="bbox 1236 3318 2274 3362; baseline -0.004 -10"><span class='ocrx_word' id='word_1_725' title='bbox 1236 3321 1308 3352; x_wconf 83' lang='lat' dir='ltr'><strong>dide</strong></span> <span class='ocrx_word' id='word_1_726' title='bbox 1325 3322 1496 3353; x_wconf 87' lang='lat' dir='ltr'><strong>instructas</strong></span> <span class='ocrx_word' id='word_1_727' title='bbox 1510 3324 1708 3362; x_wconf 86' lang='lat' dir='ltr'><strong>proponunt,</strong></span> <span class='ocrx_word' id='word_1_728' title='bbox 1726 3323 1879 3362; x_wconf 89' lang='lat' dir='ltr'><strong>tantaque</strong></span> <span class='ocrx_word' id='word_1_729' title='bbox 1895 3322 2082 3353; x_wconf 86' lang='lat' dir='ltr'><strong>liberalitate</strong></span> <span class='ocrx_word' id='word_1_730' title='bbox 2098 3318 2274 3350; x_wconf 86' lang='lat' dir='ltr'><strong>humanita-</strong></span> 
     </span>
     <span class='ocr_line' id='line_1_103' title="bbox 1236 3371 2274 3413; baseline -0.004 -9"><span class='ocrx_word' id='word_1_731' title='bbox 1236 3375 1331 3413; x_wconf 89' lang='lat' dir='ltr'><strong>teque</strong></span> <span class='ocrx_word' id='word_1_732' title='bbox 1353 3374 1521 3413; x_wconf 74' lang='lat' dir='ltr'><strong>panegyriu</strong></span> <span class='ocrx_word' id='word_1_733' title='bbox 1540 3374 1626 3404; x_wconf 89' lang='lat' dir='ltr'><strong>illam</strong></span> <span class='ocrx_word' id='word_1_734' title='bbox 1645 3373 1827 3411; x_wconf 84' lang='lat' dir='ltr'><strong>celebrant,</strong></span> <span class='ocrx_word' id='word_1_735' title='bbox 1844 3374 1878 3404; x_wconf 87' lang='lat' dir='ltr'><strong>ut</strong></span> <span class='ocrx_word' id='word_1_736' title='bbox 1895 3375 1927 3403; x_wconf 88' lang='lat' dir='ltr'><strong>et</strong></span> <span class='ocrx_word' id='word_1_737' title='bbox 1945 3372 2122 3412; x_wconf 87' lang='lat' dir='ltr'><strong>peregrinos</strong></span> <span class='ocrx_word' id='word_1_738' title='bbox 2144 3371 2274 3401; x_wconf 88' lang='lat' dir='ltr'><strong>cunctos</strong></span> 
     </span>
     <span class='ocr_line' id='line_1_104' title="bbox 1236 3424 2273 3465; baseline -0.006 -9"><span class='ocrx_word' id='word_1_739' title='bbox 1236 3425 1274 3456; x_wconf 86' lang='lat' dir='ltr'><strong>ad</strong></span> <span class='ocrx_word' id='word_1_740' title='bbox 1289 3425 1397 3465; x_wconf 80' lang='lat' dir='ltr'><strong>epulas</strong></span> <span class='ocrx_word' id='word_1_741' title='bbox 1419 3425 1609 3465; x_wconf 83' lang='lat' dir='ltr'><strong>adhibeant,</strong></span> <span class='ocrx_word' id='word_1_742' title='bbox 1627 3427 1659 3456; x_wconf 86' lang='lat' dir='ltr'><strong>&#39;et</strong></span> <span class='ocrx_word' id='word_1_743' title='bbox 1680 3425 1803 3456; x_wconf 84' lang='lat' dir='ltr'><strong>vinctos</strong></span> <span class='ocrx_word' id='word_1_744' title='bbox 1816 3425 1959 3463; x_wconf 84' lang='lat' dir='ltr'><strong>solvant,</strong></span> <span class='ocrx_word' id='word_1_745' title='bbox 1979 3424 2011 3455; x_wconf 88' lang='lat' dir='ltr'><strong>et</strong></span> <span class='ocrx_word' id='word_1_746' title='bbox 2027 3430 2134 3454; x_wconf 82' lang='lat' dir='ltr'><strong>servos</strong></span> <span class='ocrx_word' id='word_1_747' title='bbox 2149 3428 2273 3451; x_wconf 87' lang='lat' dir='ltr'><strong>accum-</strong></span> 
     </span>
    </p>
   </div>
  </div>
 </body>
</html>
