2326 3724
922 176 1256 218 FRAGMENTA.
2113 192 2131 225 7
2142 191 2161 225 7

22 257 82 297 καὶ
100 257 289 305 ἐπιτήδειος
306 257 359 304 εἴη
375 258 425 310 τῷ
445 255 592 310 Ἀττήλᾳ
612 255 671 294 καὶ
692 255 754 303 τὴν
774 256 879 295 αὐτοῦ
897 256 971 306 ἅμα
988 263 1060 302 τοῖς

23 318 70 360 εἷς
91 319 192 355 τοῦτο
211 314 494 370 ἅποκεκριμένοις
513 315 656 366 λογάσιν
682 314 929 365 ἐμπιστεύεται
950 318 1061 368 φυλα-

21 374 86 421 κήν
106 375 165 428 (ἐκ
181 375 344 426 διαδοχῆς
357 374 424 426 γὰρ
440 373 532 412 κατὰ
549 372 654 426 ῥητὰς
673 373 807 427 ἡμέρας
829 372 975 412 ἕκαστον
996 375 1059 412 αὔ-

20 434 90 471 τῶν
108 432 204 484 ἔλεγε
221 436 297 483 μεθ’
320 433 437 471 ὅπλων
462 432 647 485 φυλάττειν
668 431 726 470 τὸν
747 431 954 484 Ἀττήλαν),
977 431 1058 486 ἔφα·

25 506 108 530 σκεν
128 493 146 529 6
165 493 342 543 εὐνοῦχος,
360 490 457 544 εἴπερ
473 490 615 542 πίστειςγ
631 489 778 539 δέξοιτο,
799 490 948 542 μέγιστα
966 493 1060 544 αὐτῷ

22 549 109 601 ἕρεῒν
128 549 260 600 ἀγαθά·
275 551 405 587 δεῖσθαι
426 549 460 586 δὲ
476 550 604 600 σχολῆς
615 563 624 571 ·
642 547 771 596 ταύτην
787 549 822 587 δὲ
838 550 932 601 αὐτῷ
948 549 1059 602 ὃπάρ·

20 621 107 659 χειν,
126 607 195 658 εἴγε
211 610 295 660 παρ’
311 606 414 645 αὐτὸν
431 606 487 645 ἐπὶ
507 607 642 644 δεῖπνον
657 605 749 645 ἔλθοι
768 606 874 659 χωρὶς
890 607 1060 660 Ὀρέστου

21 665 81 704 καὶ
95 668 162 703 τῶν
177 666 292 704 ἄλλων
308 665 618 718 συμπρεσὸευτῶν.
635 664 898 718 ’Υποσχόμενος
912 666 948 703 δὲ
961 669 1061 704 τοῦτο

20 729 142 773 ποιεῖν,
162 725 218 763 ἐπὶ
236 723 300 772 τὴν
321 724 474 763 ἑστίασιν
497 724 581 778 πρὸς
598 725 657 764 τὸν
684 726 848 778 εὖνοῦχου
863 725 1061 779 παραγενό-

21 797 133 833 μενος,
152 782 212 822 καὶ
232 783 299 821 ὑπὸ
328 785 378 835 τῷ
398 782 523 835 Βιγίλᾳ
553 785 698 835 ἑρμηνεῖ
721 783 832 828 δεξιὰς
862 784 922 822 καὶ
943 783 1063 837 ὅρκους

21 840 157 888 ἔδοσαν,
174 843 191 879 6
207 840 268 892 μὲν
286 843 461 894 εὐνοῦχος,
482 844 528 885 ὡς
541 843 604 880 οὔκ
621 842 679 880 ἐπὶ
693 845 791 893 κακῷ
804 845 854 896 τῷ
871 842 1060 893 Ἐδήκωνι,

22 901 99 939 ἀλλ’
131 899 189 939 ἐπὶ
220 900 393 951 μεγίστοις
425 902 564 952 ἀγαθοῖς
596 899 675 944 τοὺς
707 899 828 952 λόγους
861 900 1061 951 ποιήσοιτο,

21 960 40 997 6
55 957 111 1008 δὲ,
129 960 174 1002 ὣς
196 960 258 996 οὐκ
274 958 400 1004 ἐξείποι
424 960 468 997 τὰ
491 960 586 1012 αὐτῷ
610 958 853 1011 ῥηθησόμενα,
875 962 903 998 εἷ
923 959 983 998 καὶ
1012 959 1062 1011 μὴ

20 1015 170 1069 πέρατος
187 1016 348 1069 κυρήσοι.
366 1015 456 1056 Τότε
477 1017 517 1064 δὴ
536 1019 553 1055 6
583 1018 743 1069 εὐνοῦχος
764 1017 862 1068 ἔλεγε
886 1021 936 1070 τῷ
954 1017 1061 1065 Ἐδή-

21 1089 126 1122 κωνι,
147 1076 177 1113 εἰ
196 1075 318 1118 διαὸὰς
345 1077 378 1120 ἐς
406 1074 468 1122 τὴν
487 1074 663 1122 Σκυθικὴν
685 1075 800 1114 ἀνέλοι
817 1076 874 1115 τὸν
894 1076 1062 1123 Ἀττήλαν

20 1134 82 1172 καὶ
98 1132 195 1186 παρὰ
218 1133 418 1184 Ῥωμαίους
434 1134 529 1185 ἥξει,
560 1134 699 1172 ἔσεσθαι
725 1136 820 1187 αὐτῷ
846 1135 920 1187 βίον
947 1135 1064 1174 εὐδαί-

23 1207 112 1242 μονα
138 1192 198 1230 καὶ
216 1193 365 1231 πλοῦτον
392 1192 570 1243 μέγιστον.
592 1195 625 1232 Τ
627 1196 664 1231 οῦ
685 1192 722 1231 δὲ
742 1194 981 1247 ὑποσχομένου
1002 1193 1063 1232 καὶ

21 1250 193 1303 φήσαντος
213 1251 270 1289 ἐπὶ
287 1254 331 1302 τῇ
350 1251 474 1303 πράξει
491 1252 622 1290 δεῖσθαι
636 1251 844 1304 χρημάτων,
864 1255 903 1292 οὔ
923 1254 1062 1291 πολλῶν

21 1308 77 1357 δὲ,
95 1308 185 1347 ἀλλὰ
202 1309 417 1356 πεντήκοντα
432 1311 557 1362 λιτρῶν
571 1309 731 1363 χρυσίου,
750 1310 992 1361 δοθησομένων
1012 1313 1063 1364 τῷ

20 1369 81 1406 ὑπ’
101 1366 207 1405 αὐτὸν
225 1367 368 1415 πλήθει,
382 1367 473 1406 ὥστε
487 1370 583 1421 αὐτῷ
598 1367 737 1411 τελείως
753 1373 963 1421 συνεργῆσαι
979 1369 1063 1421 πρὸς

20 1425 83 1472 τὴν
104 1425 268 1476 ἐπίθεσιν,
288 1426 348 1464 καὶ
366 1429 425 1464 τοῦ
442 1425 605 1478 εὐνούχου
625 1426 664 1464 τὸ
680 1427 823 1478 χρυσίον
840 1431 1063 1481 παραχρῆμα

22 1483 144 1523 δώσειν
161 1483 415 1536 ὑποσχομένου,
430 1483 545 1535 ἔλεγεν
563 1487 581 1523 6
596 1483 772 1536 βάρὸαρος
790 1486 1063 1536 ἀποπέμπεσθαι

23 1542 86 1594 μὲν
115 1541 217 1580 αὗτὸν
247 1543 514 1593 ἀπαγγελοῦντα
544 1545 594 1596 τῷ
614 1542 764 1594 Ἀττήλᾳ
781 1544 861 1596 περὶ
888 1548 950 1589 τῆς
975 1560 1063 1596 πρε-

22 1600 161 1649 σὸείας,
179 1600 451 1652 συμπέμπεσθαι
473 1602 505 1640 δ’
530 1603 625 1654 αὐτῷ
645 1601 791 1654 Βιγίλαν
808 1602 870 1650 τὴν
888 1603 987 1656 παρὰ
1002 1606 1062 1642 τοῦ

21 1659 171 1704 Ἀττήλα
201 1659 259 1698 ἐπὶ
289 1665 360 1704 τοῖς
385 1660 533 1714 φυγάσιν
565 1660 748 1713 ἀπόκρισιν
777 1661 975 1712 δεξάμενον.
1006 1664 1061 1701 Δι’

23 1720 128 1757 αὐτοῦ
153 1717 220 1772 γὰρ
240 1719 319 1770 περὶ
348 1722 408 1758 τοῦ
439 1721 541 1758 αὐτοῦ
567 1719 711 1773 χρυσίου
738 1720 915 1770 μηνύσειν,
938 1720 998 1759 καὶ
1026 1720 1063 1759 ὃν

19 1776 146 1830 τρόπον
159 1780 259 1815 τοῦτο
267 1777 562 1830 ἐκπεμφθήσεται.
573 1779 831 1826 Ἀπεληλυθότα
846 1779 926 1832 γὰρ,
945 1778 1063 1831 ὥσπερ

20 1834 80 1873 καὶ
107 1835 184 1880 τους
204 1835 347 1883 ἄλλους,
365 1837 704 1889 πολυπραγμονησαι
723 1836 782 1875 τὸν
809 1837 992 1885 Ἀττήλαν,
1013 1838 1064 1882 τίς

19 1909 58 1932 τε
87 1894 181 1947 αὖτῳ
209 1893 346 1955 δωρεὰ
351 1909 411 1932 και
438 1894 550 1933 ὁπόσα
581 1894 679 1948 παρὰ
705 1894 895 1946 Ῥωμαίων
929 1896 1064 1935 δέδοται

19 1951 207 2005 χρήματα”
235 1952 283 2003 μὴ
311 1946 419 1991 οἷόντε
446 1953 615 1991 δὲταῦτα
641 1953 879 2006 ἀποκρύπτειν
907 1954 963 1993 διὰ
985 1954 1064 1999 τους

20 2063 177 2105 potestate
187 2064 270 2105 apud
288 2065 423 2105 Scythas
438 2066 530 2097 esset.
547 2066 604 2098 llle
616 2066 675 2098 sibi
688 2066 952 2099 necessitudinem
968 2066 1068 2098 inter-

20 2116 133 2149 cedere
148 2126 223 2149 cum
238 2117 335 2150 Attila
347 2142 357 2157 ,
376 2118 561 2158 respondit,
586 2120 619 2150 et
633 2118 795 2151 decretam
819 2119 879 2151 sibi
903 2128 976 2151 cum
994 2128 1069 2151 non-

19 2169 115 2201 nullis
132 2169 201 2201 aliis
217 2169 355 2210 Scythiae
373 2169 566 2210 primoribus
590 2171 658 2210 ejus
681 2171 869 2203 custodiam.
914 2172 994 2203 Nam
1014 2179 1069 2211 per

19 2220 106 2252 vices
118 2229 382 2261 unumquemque
394 2230 506 2253 eorum
531 2222 725 2263 praescriptis
742 2221 856 2254 diebus
870 2230 945 2254 cum
969 2222 1067 2255 armis

20 2271 105 2304 circa
118 2272 249 2304 Attilam
262 2272 414 2304 excubias
429 2281 534 2313 agere.
578 2274 663 2305 Tum
690 2274 857 2306 eunuchus
869 2298 879 2313 ,
892 2274 919 2306 si
946 2273 1010 2306 fide
1022 2274 1068 2306 in-

21 2323 173 2364 terposita
189 2332 223 2355 se
247 2324 477 2365 obstringeret,
501 2324 605 2365 inquit
629 2333 663 2357 se
678 2325 894 2357 maximorum
908 2325 1068 2358 bonorum

20 2374 68 2406 illi
94 2376 259 2407 auctorem
287 2375 444 2408 futurum.
464 2376 525 2408 Cui
547 2376 593 2408 rei
606 2376 782 2409 tractandae
803 2377 870 2409 otio
895 2385 976 2417 opus
990 2386 1066 2410 esse.

21 2427 88 2458 Hoc
105 2434 180 2458 vero
190 2426 248 2458 sibi
262 2426 346 2466 fore,
365 2427 391 2459 si
405 2427 445 2458 ad
461 2436 585 2459 coenam
600 2427 717 2460 rediret
728 2429 796 2460 sine
810 2429 921 2460 Oreste
938 2428 971 2460 et
992 2428 1067 2460 reli-

22 2477 94 2519 quis
106 2478 270 2519 legationis
283 2479 463 2511 comitibus.
507 2481 680 2512 Facturum
693 2489 728 2512 se
742 2481 903 2521 pollicitus
915 2480 1068 2514 barbarus

21 2538 122 2562 coenae
143 2531 288 2570 tempore
304 2530 344 2561 ad
360 2530 546 2562 eunuchum
562 2532 680 2572 pergit3
697 2532 729 2564 et
746 2540 803 2572 per
821 2532 954 2573 Bigilam
969 2532 1067 2565 inter-

21 2582 143 2623 pretem
158 2582 241 2614 datis
255 2582 375 2614 dextris
392 2582 615 2623 jusjurandum
629 2584 792 2625 utrimque
809 2585 988 2626 praestitum
1006 2587 1066 2625 est,

21 2634 63 2666 ab
73 2635 221 2666 eunucho
230 2659 240 2675 ,
254 2643 287 2667 se
303 2635 343 2667 de
356 2635 451 2668 rebus
462 2659 471 2675 ,
485 2645 558 2677 quae
572 2636 710 2669 Edeconi
723 2637 853 2670 minime
865 2638 982 2670 damno
992 2662 1000 2678 ,
1012 2638 1067 2671 sed

25 2685 143 2718 fructui
159 2687 191 2718 et
204 2682 375 2718 commodo
390 2688 515 2728 essent,
537 2689 635 2720 verba
654 2689 832 2729 facturum,
849 2690 891 2721 ab
907 2690 1066 2730 Edecone‚

21 2745 67 2777 se,
77 2746 151 2778 quae
163 2737 223 2769 sibi
233 2737 447 2779 crederentur,
458 2748 523 2771 non
532 2740 786 2781 enuntiaturum,
801 2741 923 2773 etiamsi
934 2741 1066 2782 exsequi

21 2787 130 2822 nollet.
175 2792 267 2831 Tunc
287 2791 454 2824 eunuchus
469 2792 608 2824 Edeconi
626 2792 725 2833 dixit,
743 2793 770 2825 si
790 2793 824 2825 in
840 2793 1004 2834 Scythiam
1018 2802 1068 2826 re-

21 2841 110 2874 diens
131 2842 261 2874 Attilam
277 2843 458 2883 sustulerit,
476 2845 508 2876 et
523 2845 742 2876 Romanorum
759 2845 903 2885 partibus
925 2854 1066 2878 accesse-

23 2891 81 2933 rit,
95 2893 195 2925 vitam
211 2893 245 2925 in
262 2894 385 2935 magnis
397 2894 510 2935 opibus
521 2895 615 2928 beate
628 2895 865 2928 traducturum.
910 2897 1067 2930 Eunucho

22 2944 149 2978 Edecon
166 2954 312 2978 assensus
325 2946 366 2978 ad
386 2946 470 2979 hanc
483 2956 551 2979 rem
575 2948 786 2989 peragendam
803 2948 886 2981 dixit
906 2958 987 2990 opus
999 2958 1067 2982 osse

22 2997 173 3038 pecuniis,
186 3005 252 3029 non
274 2997 405 3038 quidem
419 2998 542 3038 multis,
560 2999 614 3031 sed
628 2999 859 3041 quinquaginta
871 3000 942 3032 auri
957 3000 1046 3033 libris
1056 3025 1066 3041 ‚

20 3055 102 3088 quas
117 3048 281 3089 militibus,
298 3049 416 3090 quibus
445 3052 607 3090 praeesset,
631 3052 670 3083 ut
693 3050 754 3083 sibi
777 3051 819 3084 ad
842 3060 911 3084 rem
935 3051 1068 3093 impigre

22 3099 257 3140 exsequendam
279 3100 464 3140 adjumento
484 3102 607 3142 essent,
623 3101 790 3135 divideret.
836 3105 946 3141 Quum
966 3113 1066 3136 eunu-

28 3151 125 3192 chus,
143 3152 233 3184 nulla
250 3160 341 3184 mora
356 3152 560 3194 interposita,
583 3154 660 3186 dare
685 3147 793 3194 vellet,
816 3154 895 3187 dixit
912 3155 1068 3189 barbarus

22 3209 56 3233 se
71 3201 157 3242 prius
179 3202 219 3233 ad
239 3203 482 3236 renuntiandam
504 3204 693 3245 legationem
713 3205 832 3238 dimitti
850 3208 997 3247 oportere
1009 3230 1018 3247 ,
1035 3209 1068 3239 et

23 3262 84 3285 una
95 3263 205 3286 secum
219 3255 350 3295 Bigilam
359 3280 369 3296 ,
383 3257 439 3296 qui
453 3257 560 3289 Attilae
573 3257 613 3290 de
630 3258 800 3299 transfugis
813 3267 999 3299 responsum
1013 3267 1067 3290 ac-

24 3305 226 3347 ciperet;per
242 3316 315 3339 eum
331 3308 417 3339 enim
436 3317 470 3340 se
491 3309 548 3349 illi,
564 3318 628 3350 qua
648 3310 771 3342 ratione
784 3319 899 3342 aurum
920 3310 978 3342 sibi
996 3310 1067 3342 mit-

23 3358 121 3396 teret,
135 3356 361 3391 indicaturum.
385 3360 509 3392 Etenim
521 3361 653 3393 Attilam
665 3370 710 3402 se,
722 3362 915 3402 simulatque
927 3362 1066 3401 redierit,

25 3410 306 3450 percunctaturum
318 3434 327 3451 ,
344 3413 378 3444 ut
403 3412 541 3453 reliquos
557 3421 686 3454 omnes,
709 3422 782 3454 quae
808 3422 941 3446 munera
962 3413 1070 3458 sibiet

1123 260 1460 332 συμπορευομένους.
1485 261 1533 301 F
1537 262 1609 307 60⁵5
1641 262 1682 310 δὴ
1713 266 1761 302 τῶ
1790 265 1943 319 εὐνούχῳ
1973 261 2009 304 ευ
2036 266 2161 319 λέγειν,

1122 317 1182 355 και
1197 334 1259 365 της
1273 318 1414 369 γνώμης
1429 319 1487 357 τὸν
1503 319 1678 372 βάρὸαρον
1692 322 1983 373 ἀποδεξάμενος’
1964 325 2162 374 αποπέμπει

1123 374 1211 423 μετὰ
1233 375 1272 414 τὸ
1296 369 1471 425 δεῖπνον,
1476 378 1536 416 καὶ
1564 379 1622 417 ἐπὶ
1649 379 1796 431 βασιλέα
1823 380 1917 433 φέρει
1941 381 2002 428 τὴν
2025 383 2165 434 βουλήν.

1121 432 1189 478 Ος
1217 435 1435 488 Μαρτιάλιον
1455 435 1517 483 τὴν
1547 440 1606 475 τοῦ
1638 436 1831 490 μαγίστρου
1860 437 2023 476 διέποντα
2052 439 2165 491 ἀρχὴν

1122 494 1534 547 προσμεταπεμψάμενος
1565 494 1662 546 ἔλεγε
1688 495 1750 539 τὰς
1780 496 1866 549 πρὸς
1893 512 1951 535 τον
1989 497 2166 550 βάρὸαρον

1122 550 1310 597 συνθήκας.
1337 552 1486 605 Ἀνάγκῃ
1516 552 1551 591 δὲ
1580 553 1716 606 ἐθάρρει
1739 553 1777 592 τὸ
1805 558 1867 602 τῆς
1887 557 2014 607 ἀρχης·
2041 559 2166 594 πασῶν

1121 608 1189 662 γὰρ
1210 626 1278 648 των
1305 612 1474 663 βασιλέως
1505 613 1636 664 βουλῶν
1656 615 1674 650 6
1694 612 1883 666 μάγιστρος
1910 613 2090 661 κοινωνὸς,
2112 610 2167 652 οἶα

1123 666 1164 715 δὴ
1184 670 1253 706 τῶν
1266 684 1304 706 τε
1325 670 1587 722 ἀγγελιαφόρων
1604 686 1664 708 και
1677 670 1852 723 ἑρμηνέων
1870 670 1929 709 καὶ
1946 674 2167 723 στρατιωτῶν

1122 728 1190 764 τῶν
1208 726 1297 779 ἀμφι
1325 726 1387 774 τὴν
1411 728 1591 780 βασιλείαν
1614 728 1773 781 φυλακὴν
1795 729 1852 767 ὑπ’
1873 728 1976 767 αὐτὸν
1999 729 2167 780 ταττομέ-

1123 801 1206 825 νων.
1232 785 1370 825 Ἐδόκει
1385 787 1421 825 δὲ
1440 788 1554 831 αὐτοῖς
1577 787 1865 839 βουλευσαμένοις
1887 791 1956 827 τῶν
1981 787 2167 840 προκειμέ-

1123 859 1189 881 νων
1207 843 1284 895 πέρι
1306 843 1354 895 μὴ
1382 843 1484 894 μόνον
1506 846 1665 896 Βιγίλαν,
1683 845 1774 884 ἀλλὰ
1801 844 1868 898 γὰρ
1888 846 1948 884 καὶ
1968 846 2165 897 Μαξιμῖνον

1124 901 1315 955 ἐκπέμπειν
1334 903 1611 957 πρεσὸευόμενον
1631 904 1728 957 παρὰ
1748 904 1806 943 τὸν
1820 904 2010 952 Ἀττήλαν.

1365 1026 1403 1065 8.
1423 1027 1529 1078 (448.
1551 1028 1741 1065 Theodos.
1761 1040 1823 1064 an.
1848 1027 1928 1079 41.)

1178 1139 1270 1176 Exc.
1288 1140 1345 1175 De
1365 1139 1439 1188 leg.
1451 1140 1566 1176 Rom.
1583 1143 1735 1186 47—71
1763 1152 1772 1175 z
1789 1135 1876 1177 εὈτι
1889 1141 1949 1177 τοῦ
1966 1137 2170 1190 Χρυσαφίου

1123 1197 1183 1233 τοῦ
1199 1194 1359 1247 εὐνούχου
1371 1195 1642 1248 παραινέσαντος
1655 1196 1822 1235 Ἐδέκωνι
1837 1197 1968 1234 ἀνελεῖν
1980 1196 2036 1234 τὸν
2047 1196 2167 1242 Ἀττή-

1124 1254 1200 1301 λαν,
1231 1255 1342 1292 ἐδόκει
1373 1257 1422 1306 τῷ
1451 1256 1588 1307 βασιλεῖ
1617 1254 1795 1308 Θεοδοσίῳ
1822 1255 1882 1293 καὶ
1907 1257 1957 1307 τῷ
1987 1255 2171 1308 μαγίστρῳ

1123 1312 1335 1365 Μαρτιαλίῳ
1365 1313 1623 1364 βουλευομένοις
1651 1315 1719 1351 τῶν
1751 1312 1988 1365 προκειμένων
2012 1314 2091 1366 πέρι
2120 1313 2170 1364 μὴ

1126 1369 1229 1421 μόνον
1261 1370 1422 1421 Βιγίλαν,
1445 1369 1536 1408 ἀλλὰ
1561 1370 1621 1409 καὶ
1646 1370 1840 1420 Μαξιμῒνον
1873 1371 2065 1422 ἐκπέμπειν
2085 1386 2169 1423 πρε-

1125 1427 1332 1479 σὸευόμενον
1346 1429 1444 1481 παρὰ
1457 1428 1516 1467 τὸν
1529 1429 1561 1468 Ἀ
1568 1429 1778 1477 ττήλαν,καὶ
1792 1429 1939 1481 Βιγίλαν
1955 1429 2016 1480 μὲν
2030 1431 2079 1482 τῷ
2094 1444 2173 1481 φαι-

1123 1485 1257 1538 νομένῳ
1287 1486 1351 1534 τὴν
1383 1491 1443 1525 τοῦ
1472 1487 1647 1540 ἑρμηνέως
1678 1487 1850 1540 ἐπέχοντα
1877 1487 1974 1533 τάξιν
2003 1487 2171 1541 πράττειν

1125 1544 1214 1597 ἅπερ
1234 1544 1406 1584 Ἐδέκωνι
1423 1546 1536 1594 δοκεῖ,
1555 1546 1613 1584 τὸν
1628 1545 1877 1597 δὲ’Μαξιμῖνον
1895 1545 2004 1597 μηδὲν
2023 1548 2092 1584 τῶν
2109 1548 2172 1584 αὖ·

1124 1604 1194 1647 τοῖς
1210 1604 1461 1656 βουλευθέντων
1480 1604 1709 1656 ἐπιστάμενον
1724 1604 1769 1643 τὰ
1783 1604 1952 1658 βασιλέως
1969 1604 2171 1643 ἀποδιδόναι

1124 1662 1334 1714 γράμματα.
1344 1662 1603 1716 Ἒνεγέγραπτο
1613 1664 1650 1702 δὲ
1662 1665 1730 1701 τῶν
1741 1662 2029 1716 πρεσὸευομένων
2039 1664 2171 1714 ἀνδρῶν

1126 1720 1240 1770 ἕνεκα,
1249 1723 1294 1765 ὡς
1302 1724 1319 1760 6
1328 1721 1391 1773 μὲν
1403 1723 1546 1774 Βιγίλας
1554 1721 1734 1775 ἑρμηνεὺς,
1746 1725 1764 1761 ὁ
1774 1723 1808 1760 δὲ
1817 1721 2010 1772 Μαξιμῗνος
2019 1721 2172 1773 μείζονος

1125 1779 1218 1833 ἤπερ
1234 1782 1252 1818 6
1268 1780 1412 1831 Βιγίλας
1428 1780 1544 1831 ἀξίας,
1558 1780 1676 1832 γένους
1688 1795 1726 1819 τε
1742 1785 1961 1834 περιφανοῦς,
1976 1779 2037 1819 καὶ
2050 1779 2170 1827 ἐπιτή-

1126 1839 1214 1883 δειος
1232 1840 1265 1882 ἐς
1281 1838 1326 1877 τὰ
1347 1838 1501 1890 μάλιστα
1524 1840 1674 1891 βασιλεῖ.
1693 1837 1846 1879 Ἔπειτα
1869 1841 1915 1883 ὡς
1929 1840 1967 1878 οὗ
1988 1840 2039 1877 δεῖ
2058 1854 2174 1890 παρα-

1126 1895 1318 1936 σαλεύοντα
1339 1897 1402 1941 τὰς
1430 1898 1580 1940 σπονδὰς
1599 1900 1641 1950 τῇ
1668 1896 1857 1947 Ῥωμαίων
1884 1895 2088 1948 ἐμὸατεύειν
2108 1900 2170 1950 γῇ.

1127 1955 1297 2006 Φυγάδας
1308 1954 1343 1994 δὲ
1358 1955 1448 2006 μετὰ
1461 1954 1538 1999 τοὺς
1551 1955 1619 2003 ἤδη
1632 1955 1828 1999 ἐκδοθέντας
1841 1955 2076 1994 ἑπτακαίδεκα
2088 1955 2173 1993 ἀπέ-

1129 2068 1259 2107 quantae
1272 2067 1416 2108 pecuniae
1433 2076 1452 2099 a
1467 2067 1617 2100 Romanis
1632 2067 1716 2099 dono
1731 2067 1815 2099 datae
1830 2065 1904 2099 sint.
1947 2069 2057 2108 Neque
2071 2066 2103 2098 id
2120 2075 2173 2099 ce-

1129 2118 1195 2150 lare
1210 2127 1267 2159 per
1282 2119 1419 2159 collegas
1434 2120 1466 2151 et
1476 2119 1609 2151 comites
1627 2118 1751 2151 licitum
1762 2119 1844 2151 sore.
1863 2118 1955 2150 Visus
1963 2122 2013 2153 est
2024 2118 2175 2150 eunucho

1128 2169 1281 2202 barbarus
1296 2171 1384 2202 recta
1402 2170 1537 2211 sentire,
1565 2171 1598 2202 et
1625 2170 1694 2210 ejus
1715 2171 1763 2202 est
1784 2170 1951 2210 amplexus
1971 2169 2172 2201 sententiam.

1127 2222 1241 2261 ltaque
1255 2229 1293 2253 eo
1306 2230 1325 2253 a
1335 2230 1427 2253 coena
1440 2221 1582 2261 dimisso,
1594 2221 1633 2253 ad
1646 2222 1867 2262 imperatorem
1878 2220 2046 2252 consilium
2058 2220 2173 2253 initum

1127 2272 1262 2311 detulit,
1270 2273 1326 2313 qui
1339 2273 1544 2312 Martialium,
1559 2273 1700 2313 magistri
1710 2272 1891 2305 officiorum
1901 2281 2032 2304 munere
2046 2272 2175 2312 fungen-

1126 2325 1193 2356 tem
1205 2348 1214 2364 ,
1226 2323 1267 2355 ad
1282 2332 1316 2356 se
1326 2323 1434 2356 venire
1444 2324 1568 2364 Jussum
1579 2324 1689 2356 docuit
1699 2324 1943 2356 conventionem
1953 2332 2027 2355 cum
2038 2323 2175 2355 barbaro

1127 2376 1246 2407 factam
1270 2387 1278 2407 ε
1305 2375 1339 2407 id
1353 2375 1439 2408 enim
1466 2375 1513 2407 illi
1531 2375 1616 2408 credi
1633 2377 1666 2408 et
1681 2375 1841 2408 committi
1863 2375 1936 2415 iure
1952 2375 2173 2415 magistratus,

1127 2435 1223 2468 quem
1237 2427 1378 2467 gerebat,
1394 2436 1522 2459 necesse
1537 2428 1617 2460 erat.
1634 2429 1713 2460 Nam
1730 2427 1874 2459 omnium
1884 2426 2084 2468 imperatoris
2096 2436 2174 2458 cou-

1125 2479 1269 2511 siliorum
1281 2479 1431 2519 magister
1445 2481 1495 2511 est
1510 2480 1687 2521 particeps3
1706 2479 1766 2511 sub
1782 2480 1875 2520 quus
1892 2487 1971 2510 cura
1986 2480 2062 2511 sunt
2074 2479 2175 2510 tabel-

1125 2531 1209 2572 larii,
1228 2531 1416 2573 interpretes
1437 2533 1470 2564 et
1493 2532 1627 2572 milites,
1653 2532 1710 2573 qui
1734 2532 1842 2573 palatii
1861 2531 2014 2564 custodiae
2030 2531 2174 2572 deputati

1126 2585 1212 2616 sunt.
1258 2585 1454 2625 Imperatore
1470 2585 1578 2615 autem
1595 2586 1627 2616 et
1639 2584 1796 2616 Martialio
1810 2583 1851 2616 de
1862 2585 1930 2616 tota
1942 2592 1976 2616 re
1989 2583 2173 2615 consultan-

1126 2635 1212 2667 tibus
1234 2636 1376 2676 placuit,
1396 2644 1462 2668 non
1474 2636 1581 2668 solum
1608 2636 1760 2677 Bigilam,
1774 2635 1830 2668 sed
1845 2634 1943 2668 etiam
1963 2635 2174 2668 Maximinum

1126 2688 1267 2730 legatum
1281 2690 1410 2722 mittere
1419 2689 1459 2721 ad
1476 2689 1619 2721 Attilam.

1630 2766 1666 2798 8.

1168 2841 1384 2883 Chrysaphius
1397 2842 1565 2875 eunuchus
1579 2842 1679 2874 suasit
1693 2841 1833 2874 Edeconi
1849 2841 1981 2874 Attilam
2004 2840 2045 2874 de
2068 2840 2176 2872 medio

1126 2893 1253 2925 tollere.
1268 2894 1370 2934 Super
1386 2902 1424 2926 ea
1447 2903 1493 2933 re,
1510 2894 1619 2926 habito
1641 2894 1681 2926 ab
1699 2893 1890 2934 imperatore
1904 2891 2084 2926 Theodosio
2100 2901 2174 2924 cum

1127 2946 1286 2978 Martialio
1299 2946 1451 2987 magistro
1461 2947 1592 2979 consilio
1602 2971 1610 2986 ,
1622 2946 1834 2979 decreverunt
1841 2954 1906 2978 non
1915 2945 2018 2978 solum
2029 2945 2174 2985 Bigilam,

1126 2997 1182 3029 sed
1194 2998 1407 3030 Maximinum
1424 3007 1552 3039 quoque
1567 2999 1709 3039 legatum
1723 2997 1764 3030 ad
1775 2997 1906 3030 Attilam
1918 2997 1976 3036 ire,
1993 2998 2026 3029 et
2043 2996 2174 3036 Bigilam

1126 3049 1257 3090 quidem
1280 3049 1385 3090 specie
1409 3049 1611 3090 interpretis,
1637 3058 1704 3090 quo
1722 3057 1855 3081 munere
1872 3048 2076 3088 fungebatur,
2101 3055 2175 3087 quae

1128 3101 1269 3133 Edeconi
1286 3100 1484 3140 viderentur,
1501 3102 1731 3133 exsecuturum
1743 3123 1752 3139 ‚
1774 3099 1987 3132 Maximinum
2004 3107 2080 3130 vero
2092 3121 2101 3137 ,
2118 3098 2174 3139 qui

1127 3153 1260 3185 minime
1283 3161 1396 3185 eorum
1414 3162 1487 3194 quae
1508 3154 1541 3184 in
1558 3153 1691 3185 consilio
1707 3151 1910 3193 imperatoris
1936 3152 2054 3192 agitata
2081 3151 2175 3182 erant

1128 3205 1273 3237 conscius
1285 3207 1379 3245 esset,
1395 3206 1517 3238 litteras
1532 3206 1572 3237 ab
1586 3215 1623 3238 eo
1637 3206 1743 3238 Attilae
1768 3204 1981 3236 redditurum.
1999 3203 2173 3242 scripserat

1127 3258 1237 3288 autem
1250 3256 1423 3297 imperator
1435 3257 1476 3290 de
1492 3258 1601 3298 legatis
1614 3257 1679 3289 suis
1689 3281 1698 3296 ‚
1715 3256 1848 3297 Bigilam
1863 3255 2043 3295 interpretis
2055 3261 2174 3285 munus

1128 3310 1310 3348 obiturum,
1328 3311 1360 3342 et
1374 3310 1586 3342 Maximinum
1601 3311 1740 3351 legatum
1759 3308 1862 3348 mitti,
1879 3308 1934 3348 qui
1948 3307 2076 3347 quidem
2093 3304 2172 3344 Bigi-

1127 3362 1190 3393 lam
1204 3361 1355 3401 dignitate
1371 3365 1553 3401 superaret,
1576 3363 1608 3393 et
1620 3370 1733 3401 genere
1745 3359 1876 3392 illustris
1894 3360 1926 3390 et
1941 3358 2000 3389 sibi
2014 3356 2106 3388 valde
2125 3355 2171 3386 sa-

1128 3413 1259 3444 n‘iiliaris
1284 3416 1374 3445 esset.
1397 3414 1555 3445 Proeterea
1574 3413 1741 3453 scripserat
1758 3410 1889 3443 minime
1907 3409 2018 3441 decere
2043 3406 2171 3440 Attilam
