2326 3724
954 188 1290 231 FRAGMENTA.

367 282 596 322 INCERTAE
624 283 771 322 SEDIS.

536 365 602 412 67.
762 411 766 417 ‚

107 433 242 471 Suidas
269 446 307 471 v.
330 431 566 486 ἀδέλτερος
588 447 597 471 :
620 433 839 488 Μένανδρος·
861 452 878 469 α
898 437 960 480 Εἷς
993 439 1095 475 τοῦτο

48 490 259 544 ἀὸελτηρίας
279 490 409 538 ἤλασεν
430 491 544 535 αὐτοῖς
562 494 581 530 ὁ
595 496 672 536 νοῦς
684 522 694 541 ,
713 492 803 531 ὥστε
823 492 969 546 θάτερον
990 493 1094 547 μέρος

46 549 110 597 τὴν
131 549 224 588 κατὰ
247 549 392 603 θατέρου
412 550 547 601 μᾶλλον
567 549 591 598 ἢ
607 551 670 599 τὴν
689 551 784 591 κατὰ
819 554 889 591 τῶν
915 553 1094 604 πολεμίων

46 607 210 661 εὔχεσθαι
227 608 338 656 νίκην.
363 625 379 644 »

537 673 603 714 68.

98 749 206 785 Idem
220 762 258 786 v.
283 746 437 791 αἴσιος·
458 749 477 786 ὁ
504 746 680 794 καθήκων,
701 747 844 797 ἀληθής.
874 748 1094 802 Μένανδρος·

50 823 67 840 α
90 805 186 844 Ἀλλ’
200 807 262 844 οὐκ
288 806 407 850 αἰσίως
436 807 553 851 αὐτοῖς
580 805 790 846 ἐπέπνευσεν
807 811 829 855 ἡ
848 807 938 861 τύχη
952 824 961 833 ·
978 810 1009 847 οἱ
1026 809 1093 861 γὰρ

47 865 333 908 ἐθελοκακοῧντες
344 865 411 917 οὐχ
422 865 576 918 (vocem
585 866 650 916 οὐχ
662 867 859 904 delendam
874 876 1000 905 censet
1015 868 1093 905 Kii-

44 924 156 974 ster.)
177 923 438 971 ὑπεστάλησαν.
459 942 474 958 »ι
494 925 552 964 Cf.
575 926 709 962 Suidas
724 939 760 964 v.
782 925 1009 973 ἐθελοκάκως,
1028 929 1096 964 uhi

45 994 92 1018 ex
113 995 308 1031 anonymo
334 985 501 1020 citantur
519 985 667 1023 verba:
686 984 970 1028 ἐθελοκακοῧντες
999 987 1094 1039 αὐτῷ

45 1038 103 1077 διὰ
133 1039 272 1084 πλείους
293 1040 418 1085 αἰτίας.
439 1043 653 1080 Referenda
678 1044 759 1080 haec
787 1057 865 1081 esse
894 1045 944 1081 ad
971 1046 1097 1094 ipsum

44 1100 152 1136 illum
186 1101 388 1137 Menandri
412 1102 565 1150 locum,
596 1104 663 1151 qui
692 1116 727 1139 v.
759 1100 870 1146 αἴσιος
901 1104 1093 1149 laudatur,

45 1159 141 1196 adeo
157 1167 200 1196 ut
211 1161 324 1209 plura
342 1161 397 1197 ibi
411 1162 546 1198 omissa
559 1163 653 1208 sint,
667 1170 795 1199 censet
812 1163 1092 1212 Bernhardyus.

536 1250 560 1286 6

99 1317 207 1353 Idem
238 1330 276 1357 v,
309 1263 607 1356 ανάπαυλαῗε
633 1319 853 1372 Μένανδρος·
876 1337 892 1354 (ι
911 1319 995 1358 Ὣδὶ
1026 1319 1093 1373 γὰρ

48 1375 58 1424 (
70 1372 223 1427 Ὣδίγαρ
239 1378 349 1413 N1eb
361 1377 371 1424 )
393 1375 536 1415 Οὗννων
547 1376 690 1429 ἡγεμὼν
707 1377 868 1430 μέγιστος
880 1379 1000 1431 ἔτυχεν
1015 1379 1093 1416 ἀνα·

47 1432 206 1481 παύλης,
229 1450 244 1467 ι
264 1433 441 1472 τουτέστιν
465 1434 632 1473 ἀπέθανε.

538 1537 603 1570 70.

100 1592 206 1628 Idem
225 1605 263 1631 v.
294 1591 526 1645 ἄτρακτον
549 1606 558 1632 :
580 1594 798 1646 Μένανδρος·
818 1612 835 1628 κ
849 1593 896 1634 Ὁ
916 1593 952 1632 δὲ
977 1596 1094 1634 ἐπετο-

49 1648 167 1694 ξάζετο
192 1649 284 1688 κατὰ
299 1654 360 1689 τοῦ
378 1650 574 1705 βαρὸάρου,
589 1652 649 1690 καὶ
671 1652 769 1702 μάλα
790 1652 1038 1705 εὖστοχώτατα
1056 1654 1094 1692 τὸ

46 1707 152 1760 κέρας
181 1709 333 1753 ἐκτείνας
358 1709 480 1762 ἀφίησι
508 1710 567 1748 τὸν
596 1710 769 1762 ἄτρακτον
788 1711 880 1750 κατὰ
907 1716 967 1750 τοῦ
992 1712 1093 1765 Κώχ.

99 1769 203 1805 Idem
224 1783 262 1808 v.
286 1768 505 1825 εὐθύωρον
537 1783 545 1806 :
576 1787 592 1804 «ι
628 1770 678 1809 Τὸ
699 1768 735 1808 δὲ
757 1769 856 1822 βέλος
876 1771 1095 1824 ἀνεῳγμένον

46 1826 251 1878 προφθάσαν
268 1826 307 1864 τὸ
324 1826 437 1877 στόμα
451 1856 462 1877 ,
484 1828 596 1865 ἐκεῖσε
617 1828 791 1876 ἐμπεσὸν,
810 1828 1011 1868 κατέπαυσε
1031 1833 1094 1878 τὴν

48 1888 196 1932 πτῆσιν·
214 1884 275 1924 καὶ
295 1885 367 1931 δὴὸ
382 1883 474 1938 Κὼχ
498 1886 667 1939 εὖθυωρὸν
687 1886 835 1926 ἀπεδίω.
854 1904 871 1922 »

541 1982 604 2016 71.

102 2043 259 2081 Idemv.
282 2042 540 2088 ἐπεθείαζε;
562 2046 618 2083 Με
604 2042 783 2097 ένανδρος·
797 2063 812 2080 «
834 2044 880 2085 ‘O
900 2045 936 2084 δὲ
952 2046 1095 2098 ἡγεμὼν

48 2101 84 2138 ἐν
112 2100 163 2138 ἑνὶ
196 2103 265 2139 τῶν
287 2101 378 2139 ἑπτὰ
408 2101 523 2155 λόφων
553 2102 720 2150 ἀνελθὼν,
751 2087 927 2150 ἐπεθείαζε
961 2105 1095 2158 ῥήμασι

50 2159 260 2212 βαρὸάροις,
293 2159 354 2198 καὶ
387 2163 508 2215 γαυρῷ
543 2163 595 2215 τῷ
624 2162 820 2215 φρονήματι
857 2164 1097 2217 μεγαληγορία

48 2220 190 2271 ἐχρητο.
216 2236 231 2253 ι

542 2336 603 2368 67.

90 2395 139 2426 Eo
160 2393 298 2426 vesaniae
314 2394 471 2435 progressi
499 2396 593 2435 sunt,
623 2396 661 2428 ut
685 2404 704 2428 a
726 2404 795 2428 sese
817 2396 974 2438 invicem,
997 2397 1097 2438 magis

50 2453 149 2486 quam
163 2445 203 2477 ab
217 2445 382 2485 hostibus,
396 2446 565 2479 victoriam
580 2448 743 2489 reportare
758 2449 919 2489 optarent.

544 2514 604 2547 68.

93 2572 346 2604 Verumtamen
337 2573 375 2604 1is
395 2572 530 2606 feliciter
544 2582 610 2606 non
634 2574 810 2615 adspiravit
833 2575 983 2615 fortuna3
1001 2575 1098 2608 refra-

51 2624 142 2656 etarii
156 2624 241 2656 enim
258 2624 376 2656 milites
387 2625 577 2666 obsequium
593 2626 626 2658 et
638 2634 769 2667 operam
780 2627 1034 2668 denegaverunt.

544 2692 604 2725 69.

96 2750 227 2790 Odigar,
251 2750 413 2783 maximus
426 2753 619 2784 Hunnorum
633 2751 699 2783 dux
711 2776 720 2792 ,
738 2752 878 2794 quietem
896 2753 1009 2786 mortis
1025 2762 1097 2786 con

54 2804 182 2836 secutus
197 2804 256 2835 cst.

547 2861 607 2894 70.

95 2919 153 2951 llle
177 2928 255 2951 vero
282 2928 393 2952 arcum
419 2920 454 2953 in
480 2920 655 2954 barbarum
683 2922 870 2964 intendens,
895 2923 985 2964 J'actu
1011 2924 1097 2956 haud

55 2980 137 3003 vano
147 2972 317 3012 sagittam*
309 2982 341 3004 in
355 2974 501 3006 Coelium
513 2975 628 3007 emisit.
642 2977 741 3007 Porro
751 2976 871 3015 telum,
885 2985 985 3017 quum
997 2986 1053 3017 per
1063 2986 1100 3009 os

53 3025 200 3064 apertum
225 3024 394 3066 intrasset,
419 3026 455 3058 in
476 3028 607 3067 gutture
628 3028 733 3060 haesit.
754 3029 883 3061 Coelius
898 3038 975 3061 vero
988 3030 1097 3061 statim

54 3075 120 3108 vita
137 3076 282 3109 excessit.

545 3129 603 3161 71.

95 3186 172 3217 Dux
183 3195 261 3218 vero
274 3187 307 3219 in
317 3196 420 3220 unum
433 3197 451 3221 e
463 3191 585 3229 septem
598 3190 734 3222 collibus
747 3190 957 3230 conscendit,
977 3191 1009 3222 et
1021 3190 1101 3231 lym-

54 3235 175 3276 phatici
199 3238 301 3270 instar
327 3239 464 3272 barbara
494 3241 591 3272 verba
614 3242 827 3283 proloquens,
854 3242 1002 3275 insolenti
1018 3242 1100 3274 fastu

56 3289 234 3322 ouationem
246 3292 411 3330 jactantiae
426 3293 554 3333 plenam
569 3293 692 3326 habuit.

2119 211 2193 244 269

1647 309 1709 341 72.

1210 378 1364 415 Ideniv.
1365 378 1628 448 Νθεήλατοςε
1651 382 1872 436 Μένανδρος·
1889 401 1904 420 α
1921 385 2018 425 Ὁδὲ
2035 389 2198 440 Ναρσῆς,

1156 433 1192 478 ὃς
1211 434 1322 475 εἰώθει
1341 438 1409 474 τῶν
1426 437 1640 489 πολεμίων’
1621 439 1675 478 αεὶ
1694 442 1847 493 κρατεῖν,
1875 444 1965 482 κατά
1982 461 2058 483 τινα
2079 447 2200 494 θεήλα-

1156 509 1214 591 ’ἔον
1236 493 1342 547 ὀργὴν
1371 495 1506 549 (ὁρμὴν
1534 498 1638 546 conj.
1662 501 1817 540 Kiister.
1829 500 1887 552 )’'
1868 517 1973 554 εφυγε
2001 507 2199 558 προτροπά-

1177 569 1231 601 ην.
1245 572 1260 589 υ

1647 646 1710 693 73.

1211 730 1317 766 Idem
1339 743 1377 766 v.
1400 729 1676 776 σπαλίωνες.
1698 731 1806 786 Παρὰ
1829 732 1865 772 δὲ
1893 734 2086 789 Μενάνδρῳ
2105 752 2202 775 σπα-

1158 785 1280 831 λίωνές
1296 789 1363 826 εἶσι
1384 789 1645 841 μηχανήματα,
1658 791 1859 844 καλύπτραι
1881 791 1967 837 τινὲς
1988 794 2111 846 βοείοις
2127 795 2203 848 δέρ-

1158 861 1265 896 μασιν
1286 846 1434 894 ἐκτάδην
1462 847 1735 901 ξυντεθειμέναι,
1757 850 1868 896 ξύλοις
1888 867 1925 890 τε
1949 853 2203 905 ἀνδρομήκεσιν

1158 905 1410 958 αἰωρούμεναι·
1424 900 1473 945 ὧν
1484 907 1616 960 ἔνερθεν
1632 909 1853 954 ὑπεισδυντες
1865 912 2018 960 ὁπλῖται,
2029 913 2064 950 ἐν
2075 915 2152 965 χρῷ
2164 928 2203 951 τε

1157 965 1206 1013 τῷ
1223 963 1330 1016 τείχει
1347 966 1702 1018 προσπελάζοντες,”
1681 969 1813 1040 οργανᾶ
1829 985 1866 1009 τε
1885 970 2041 1020 λαοτόμα
2055 971 2115 1009 καὶ
2130 986 2202 1009 τοι·

1156 1023 1305 1076 χωρύχα
1320 1025 1666 1100 μεταχειριζόμενοιζ
1653 1043 1721 1066 υπο
1734 1031 1798 1079 γῆν
1816 1030 1974 1073 αὐλῶνας
1988 1030 2200 1082 εργάζονται,

1158 1081 1349 1133 ἐγκείμενοί
1368 1099 1405 1122 τε
1421 1085 1482 1123 καὶ
1502 1084 1796 1138 διορύττοντες,”
1764 1103 1794 1126 ει
1810 1103 1877 1126 που
1894 1086 2030 1140 τείχους
2046 1103 2079 1126 τι
2099 1087 2203 1140 μέρος

1158 1141 1426 1195 καταρρίψαιεν,
1449 1142 1472 1189 ἢ
1492 1143 1590 1198 ἄλλῳ
1622 1145 1690 1183 τινὶ
1717 1145 1838 1198 τρόπῳ
1869 1145 1964 1188 ἐντὸς
1989 1146 2202 1195 κενωμάτων

1157 1199 1335 1250 γενόμενοι
1349 1202 1441 1240 δυοῖν
1459 1201 1622 1241 ἀνύσσυσί
1636 1218 1676 1254 γε
1685 1203 1726 1242 τὸ
1745 1203 1911 1255 ἕτερον,
1892 1221 1915 1251 η
1931 1203 1994 1251 τὴν
2008 1206 2073 1254 γ’ῆν
2097 1206 2204 1257 ἀναρ-

1159 1257 1321 1311 ρήξαντες
1336 1263 1396 1298 τοῦ
1421 1260 1608 1313 περιὸόλου
1625 1262 1825 1313 γενήσοιντο
1852 1262 1936 1301 εἴσω
1948 1292 1958 1311 ,
1975 1261 1998 1309 ἢ
2019 1265 2080 1301 τοῦ
2108 1261 2203 1301 κατὰ

1157 1316 1196 1355 τὸ
1214 1316 1308 1355 ἔνδον
1329 1318 1475 1371 φρέατος
1490 1318 1567 1364 τοὺς
1582 1320 1760 1374 σήραγγας
1780 1320 1984 1372 ἀγαγόντες,
2001 1320 2054 1359 ἐπ’
2071 1320 2204 1364 εὐθείας

1158 1375 1386 1415 ἐκκενώσαιεν
1413 1377 1663 1430 ε’φελκύσαντες
1687 1379 1727 1418 τὸ
1745 1379 1838 1434 ὕδωρ
1856 1381 1904 1424 εἷς
1915 1379 1960 1418 τὰ
1979 1378 2145 1434 γλαφυρά
2163 1394 2203 1417 τε

1158 1435 1217 1472 καὶ
1235 1435 1337 1474 κοῖλα
1353 1439 1412 1474 τοῦ
1432 1437 1640 1489 ὀρύγματος.

1601 1555 1665 1597 74.
1702 1550 1764 1598 75.

1210 1637 1317 1673 Idem
1329 1650 1365 1676 v,
1381 1637 1725 1690 φιλεριστῆσαιτ
1742 1638 1959 1691 Μένανδρος.
1973 1657 1989 1673 ι
2002 1639 2131 1693 Τὸγὰρ
2148 1640 2203 1693 φί-

1157 1695 1231 1747 λερι
1245 1697 1309 1741 τῆς
1327 1696 1562 1748 φιλοπρωτίας
1580 1696 1708 1747 μεταξὺ
1730 1699 1844 1736 αὐτῶν
1865 1698 2044 1749 συμπεσὸν
2068 1699 2203 1738 διέλυσε

1158 1752 1220 1796 τὰς
1238 1753 1416 1804 δυνάμεις.
1442 1773 1459 1788 n

1211 1814 1319 1850 Idem
1336 1828 1374 1850 v.
1397 1813 1570 1866 χάρακα
1587 1827 1596 1854 :
1617 1814 1829 1868 Μένανδρος·
1846 1833 1861 1849 «
1878 1815 2009 1854 Πολλοὶ
2022 1816 2090 1870 γὰρ
2105 1817 2204 1855 ε’κλε·

1157 1871 1316 1915 λοιπότες
1330 1871 1387 1910 τὸν
1404 1871 1558 1924 χάρακα,
1578 1872 1639 1916 τὰς
1658 1889 1809 1924 κωμαςε
1794 1874 1971 1926 ἐπόρθουν.
1989 1892 2005 1909 ι»

1210 1932 1325 1981 Apud
1337 1933 1491 1969 Suidam
1501 1946 1539 1969 v.
1557 1931 1739 1984 ἀνάριστος
1750 1934 1949 1970 Menandri
1957 1935 2099 1970 mentio
2114 1947 2204 1983 per-

1158 1991 1253 2027 tinet
1263 1991 1312 2027 ad
1328 1993 1520 2028 comicum
1532 2000 1698 2041 poetam.
1711 1994 1801 2040 Quae
1811 1994 1988 2042 leguntur
2001 2006 2038 2028 v.
2055 1993 2204 2044 εὔψυχος

1157 2062 1237 2085 ιιοιι
1267 2063 1287 2086 e
1315 2051 1524 2087 Menandro
1544 2052 1649 2096 hist„
1664 2051 1728 2087 sed
1757 2064 1804 2088 ex
1823 2053 2001 2101 Appiano
2025 2054 2082 2088 De
2110 2053 2186 2088 bell

1159 2109 1316 2157 Hispan.
1349 2110 1471 2157 petita
1487 2117 1593 2154 sunt,
1613 2117 1793 2146 monente
1824 2111 2001 2147 Kiistero.
2028 2112 2203 2158 Denique

1159 2179 1198 2204 v.
1234 2165 1450 2218 περιπέττειν
1481 2168 1552 2203 sul>
1580 2169 1780 2204 Menandri
1808 2169 1963 2205 nomine
1991 2168 2203 2205 afferuntur

1161 2239 1245 2274 quae
1258 2234 1344 2262 sunt
1362 2228 1637 2276 Theophylacti
1649 2229 1864 2265 Simocattae
1886 2229 1982 2264 Hist.
2008 2230 2065 2273 ΙΙ,
2083 2241 2120 2276 9.

1647 2341 1706 2373 72.

1200 2394 1313 2426 Narsoe
1334 2395 1443 2426 autem
1455 2394 1540 2435 ,qui
1558 2402 1685 2435 semper
1702 2395 1810 2427 hostes
1824 2395 1954 2428 vincere
1972 2396 2201 2433 consueverat,

1158 2445 1237 2477 tunc
1251 2446 1378 2486 tergum
1395 2445 1541 2478 hostibus
1553 2445 1653 2478 dedit.

1647 2502 1706 2534 73.

1199 2556 1293 2598 Apud
1316 2556 1530 2590 Menandrum
1552 2557 1725 2594 σπαλίωνες
1743 2558 1819 2589 sunt
1835 2557 2015 2598 macliinae,
2041 2566 2097 2589 seu
2117 2558 2202 2589 tecta
2252 2594 2254 2596 v

1158 2616 1199 2640 ex
1229 2605 1366 2648 pellibus
1384 2608 1514 2640 bubulis
1543 2608 1704 2649 expausis
1727 2609 1892 2647 confecta,
1916 2617 1990 2649 quae
2015 2609 2117 2641 contis
2143 2608 2201 2639 viri

1158 2661 1390 2701 longitudinem
1409 2662 1600 2694 habentibus
1615 2662 1818 2694 attolluntur.
1837 2664 1879 2693 Ea
1892 2670 1993 2702 quum
2004 2662 2119 2694 milites
2131 2662 2202 2693 sub-

1158 2712 1287 2753 ierunt,
1313 2713 1354 2745 ad
1378 2714 1496 2745 moenia
1519 2713 1729 2753 accedentes,
1755 2715 1786 2745 et
1808 2714 2018 2745 instrumenta
2043 2714 2200 2754 lapidibus

1159 2737 1320 2797 caedendis
1344 2765 1509 2805 murisque
1524 2764 1715 2796 subruendis
1735 2766 1901 2804 tenentes,
1925 2765 1985 2797 sub
2000 2765 2085 2797 terra
2109 2766 2200 2798 cuni-

1159 2816 1248 2847 culos
1272 2818 1392 2856 agunt,
1419 2817 1539 2848 terram
1564 2817 1717 2848 continuo
1743 2816 1915 2856 fodientes,
1939 2817 1977 2848 ut
2000 2817 2052 2849 vel
2077 2819 2200 2858 partem

1158 2869 1299 2909 aliquam
1317 2877 1485 2900 murorum
1501 2868 1670 2909 dejiciant,
1695 2869 1747 2901 vel
1764 2870 1788 2900 si
1805 2878 1871 2909 quo
1884 2869 1948 2901 alio
1965 2869 2064 2901 modo
2085 2870 2117 2901 in
2131 2870 2200 2901 loca

1158 2922 1313 2953 excavata
1337 2920 1553 2961 penetrarint‚
1579 2921 1770 2952 alterutrum
1796 2920 1957 2961 efficiant;
1976 2923 2032 2953 aut
2056 2922 2093 2953 ut
2117 2922 2201 2953 terra

1159 2973 1318 3013 perfossa,
1334 2974 1418 3004 intra
1431 2980 1541 3003 muros
1553 2973 1759 3012 perveniant;
1773 2973 1831 3004 aut
1843 2972 2000 3005 cuniculis
2013 2972 2053 3004 ad
2067 2974 2200 3013 puteum

1158 3025 1241 3057 intra
1255 3025 1367 3057 urbem
1380 3025 1476 3056 situm
1490 3024 1671 3065 perductis,
1685 3033 1803 3066 aquam
1822 3027 1910 3058 recta
1928 3025 2002 3058 inde
2027 3026 2155 3058 eliciant
2168 3026 2200 3057 et

1161 3076 1193 3108 in
1210 3079 1380 3108 excavatas
1395 3076 1494 3108 fossas
1510 3075 1666 3108 derivent.

1622 3138 1682 3170 74.
1704 3137 1763 3170 75.

1200 3192 1281 3223 Nam
1299 3190 1462 3222 contentio
1478 3190 1518 3223 de
1541 3191 1724 3232 principatu
1742 3192 1826 3224 inter
1843 3199 1898 3223 eos
1913 3192 1983 3223 orta
2004 3190 2111 3231 copias
2132 3189 2198 3220 bei·

1159 3242 1237 3274 licas
1249 3242 1407 3275 dissolvit.

1204 3294 1299 3326 Multi
1317 3294 1404 3326 enim
1419 3293 1572 3327 derelicto
1588 3302 1630 3326 va
1646 3295 1675 3326 'o
1692 3303 1788 3336 pagos
1801 3293 2001 3335 diripiebant.
