2372 3704
109 283 184 318 ⁴58

106 377 179 404 tres
204 365 340 414 esfe1·t,·
374 368 573 409 Mnaseas,
607 377 714 414 quem
745 367 921 409 diximus,
957 372 1152 413 quattuor,·

106 428 284 475 Myrtilus
302 427 442 462 inducit
455 433 618 475 septem;
642 432 723 461 octo
741 432 928 460 asseverat
946 425 1089 460 Crates.

615 500 650 538 5.

157 585 282 632 Etym.
308 585 362 622 M.
384 596 425 633 p.
448 582 537 630 577,
561 582 607 619 16
631 593 640 621 ε
662 579 823 623 Μέλος...
843 578 882 617 τὸ
897 578 1153 630 μεμελισμένον

105 639 126 685 ἢ
146 641 216 679 ἀπὸ
243 644 304 689 τῆς
322 643 382 679 τοῦ
406 638 543 691 μέλιτος
569 638 797 689 γλυκύτητος.
825 636 1035 687 Μύσιμὸλος
1057 636 1152 687 (sic)

103 697 218 744 δὲτὰς
237 701 272 738 ἐν
289 698 419 752 Λέσὸῳ
440 698 626 750 γενομένας
648 695 838 749 παρθένους
864 695 1014 738 Μούσας
1032 695 1091 734 ἐπὶ
1110 694 1155 733 τὰ

102 757 210 807 πένθη
225 764 348 812 φοιτᾶν
365 757 424 796 καὶ
439 756 574 808 θρηνεῖν
587 771 596 779 ·
617 755 691 793 ὅθεν
710 754 928 806 ἐπεκράτησε
941 753 985 792 τὰ
1000 753 1154 805 ᾀδόμενα

103 817 212 868 μέλεα
234 818 571 866 κληθῆναι.Ε3(1οηι
594 818 634 852 in
654 817 779 865 Epim.
796 817 956 851 Homer.
981 827 1043 863 ap.
1068 815 1155 851 Cra-

101 892 193 916 mer.
213 878 360 916 Anecd.
388 877 512 914 Oxon.
531 877 567 921 Ι,
586 887 627 924 p.
651 873 749 919 285,
768 874 841 910 nisi
858 873 963 922 quod
976 886 1048 922 pro
1069 871 1154 911 Μύ-

101 935 249 988 σιμὸλος
265 943 368 974 recte
385 942 441 973 est
453 931 642 985 Μυρσίλος.

603 1030 640 1066 6.

153 1114 399 1153 Germanicus
410 1111 459 1148 ad
468 1111 575 1147 Arat.
602 1122 617 1145 1
628 1121 692 1159 72,
712 1108 759 1145 de
775 1107 972 1156 Hyadibus
989 1117 998 1144 :
1015 1107 1154 1155 Myrti-

102 1176 157 1210 lus
184 1181 307 1209 autem
327 1174 489 1220 quinque
507 1170 612 1215 filias
636 1167 773 1204 Cadmi
793 1180 871 1203 esse
898 1168 1005 1204 dixit.
1024 1167 1157 1203 Habet

100 1241 222 1268 autem
238 1239 364 1267 taurus
377 1230 507 1265 stellas
520 1231 559 1263 in
570 1230 696 1276 capite
710 1229 879 1275 quinque,
903 1239 990 1274 quoe
1003 1226 1154 1274 Hyades

101 1292 354 1340 appellantur.
380 1287 437 1326 Cf.
457 1286 607 1324 Welck.
630 1286 735 1334 Cycl.
757 1298 798 1335 p.
822 1298 909 1322 101.

609 1391 644 1425 7.

419 1504 450 1538 Ε
478 1502 628 1538 LIBRO
658 1501 828 1537 PRIMO.

153 1602 280 1639 Sc'hol.
302 1600 484 1649 Apollon.
506 1598 582 1634 Rh.
602 1599 639 1644 1,
663 1596 740 1634 615
764 1609 773 1634 :
796 1594 923 1634 Ἰστέον
942 1593 1000 1645 δὲ,
1015 1593 1067 1632 ὅτι
1085 1596 1154 1632 τῶν

101 1660 216 1698 ἄλλων
238 1657 483 1710 ἱστορούντων,
514 1658 560 1698 ὣς
579 1653 672 1693 κατὰ
691 1653 797 1706 χόλον
817 1656 879 1699 τ’ἧς
899 1653 1100 1706 Ἀφροδίτης
1118 1655 1154 1692 αἱ

102 1717 296 1768 Λεμνιαίδες
330 1715 498 1766 δύσοσμοι
530 1713 705 1766 ἐγένοντο,
749 1713 925 1765 Μυρτίλος
958 1713 1155 1765 (Μυρτῖλος

100 1779 188 1815 cod.
223 1776 336 1826 Par.)
367 1777 402 1813 ἐν
438 1773 568 1827 πρώτῳ
607 1772 791 1812 Λεσὸικῶν
830 1771 1051 1824 διαφέρεται,
1094 1772 1155 1810 καί

99 1852 185 1888 φησι
201 1834 264 1882 τὴν
278 1834 439 1881 Μήδειαν
456 1830 730 1884 παραπλέουσαν
750 1830 805 1869 διὰ
825 1830 1035 1878 ζηλοτυπίαν
1057 1834 1154 1885 ῥῖψαι

98 1897 145 1939 εἷς
173 1894 236 1942 τὴν
264 1896 408 1943 Λῆμνον
439 1891 646 1945 φάρμακον,
676 1890 735 1928 καὶ
772 1889 962 1940 δυσοσμίαν
995 1890 1155 1940 γενέσθαι

97 1956 174 1998 ταῖς
201 1952 372 2005 γυναιξίν·
400 1945 488 1990 εἷναί
515 1966 553 1988 τε
583 1949 688 2003 μέχρι
713 1952 773 1988 τοῦ
800 1952 859 1987 νῦν
894 1950 973 1987 κατ’
1000 1950 1154 1988 ἐνιαυτὸν

97 2012 233 2065 ἡμέραν
259 2010 357 2062 τινὰ,
381 2012 416 2049 ἓν
443 2005 466 2063 ᾗ
497 2008 554 2048 διὰ
585 2008 647 2056 τὴν
677 2007 847 2047 δυσωδίαν
879 2007 1155 2062 ἀποστρέφονται

97 2071 160 2116 τὰς
185 2071 352 2123 γυναῖκας
373 2069 492 2122 ἄνδρες
520 2084 557 2107 τε
586 2069 646 2107 καὶ
667 2067 764 2111 υἳεῒς.
793 2067 848 2107 Cf.
878 2067 1027 2106 Miiller.
1055 2070 1154 2109 Min.

96 2146 135 2183 p.
155 2133 247 2170 302.

152 2192 311 2228 Photius
329 2190 420 2228 Lex.
447 2201 455 2228 :
474 2186 669 2238 Λήμνιον
690 2185 888 2238 βλέπων,
913 2187 1080 2239 πυρῶδες·
1095 2187 1156 2226 καὶ

100 2248 292 2302 παροιμία·
310 2247 512 2298 Λήμνιον
533 2245 686 2285 κακόν
715 2246 754 2283 ἐκ
772 2243 841 2298 γὰρ
862 2243 1015 2292 Ἀθηνῶν
1036 2245 1156 2299 ἁρπά-

99 2323 220 2352 σαντες
250 2312 417 2359 γυναῖκας
443 2307 474 2344 οἳ
502 2304 657 2354 Λήμνιοι
685 2303 746 2342 καὶ
765 2303 1099 2355 τεκνοποιησάμενοι
1119 2305 1156 2351 ἐξ

99 2367 213 2405 αὐτῶν
241 2364 464 2418 κατέσφαξαν
493 2362 600 2408 αὐτὰς
632 2362 723 2414 μετὰ
749 2365 817 2401 τῶν
837 2361 982 2400 τέκνων.
1012 2362 1098 2403 Ἐπὶ
1118 2363 1154 2403 δὲ

99 2423 259 2467 Θόαντος
290 2423 387 2476 (ἐπεὶ
405 2421 440 2460 δὲ
475 2421 609 2465 πάντας
629 2422 784 2472 Suidas)
818 2422 855 2459 αἱ
883 2425 1043 2471 γυναῖκες
1076 2421 1154 2466 τοὺς

99 2483 238 2536 ἄνδρας,
252 2481 305 2521 ὅτι
319 2483 439 2525 αὐταῖς
452 2482 490 2519 οὗ
501 2480 700 2534 προσεῖχον,
711 2479 866 2531 [ἀνεῖλον
878 2481 964 2518 add.
974 2493 1020 2518 ex
1029 2480 1150 2531 Suid.]

98 2602 156 2636 per
179 2593 289 2627 omnia
307 2593 402 2634 jussit
422 2591 542 2632 templa
563 2589 726 2622 honorari.
748 2590 788 2622 Et
803 2590 880 2621 sunt
902 2591 1003 2622 Musae
1018 2589 1151 2631 quidem

98 2647 190 2681 tales.
206 2645 346 2680 Historia
361 2646 469 2678 autem
482 2644 569 2685 apud
582 2642 748 2684 Myrsilum
763 2642 868 2674 exstat
882 2642 1045 2674 Lesbium.

412 2695 429 2710 O

603 2705 639 2738 5.

142 2780 254 2820 Μέλας,
269 2778 356 2820 quod
370 2776 589 2810 modulatione
604 2776 658 2816 fit,
671 2776 724 2808 vel
737 2774 823 2817 quod
836 2774 939 2807 mellis
951 2773 1153 2806 dulcedinem

101 2833 210 2866 habet.
223 2832 373 2874 Myrsilus
386 2840 462 2863 vero
479 2832 586 2863 Musas
595 2854 604 2871 ,
618 2830 740 2871 septem
757 2828 827 2861 illas
840 2828 874 2861 in
889 2827 991 2860 Lesbo
1003 2827 1153 2868 virgines,

101 2885 250 2918 luctuosa
266 2884 298 2916 et
313 2882 461 2923 lugubria
471 2882 615 2914 carmina
632 2881 746 2914 obiisse
764 2880 862 2920 dicit;
884 2880 983 2920 atque
998 2878 1073 2912 inde
1086 2887 1156 2911 car-

102 2938 191 2971 mina
209 2937 304 2978 μέλεα
318 2936 329 2977 (
342 2937 470 2968 misera
479 2958 489 2975 ,
504 2935 640 2976 tristia)
653 2933 808 2976 appellari
820 2931 1002 2965 invaluisse.

611 2997 647 3028 7.

144 3063 330 3098 Notandum
346 3063 393 3095 est
415 3062 555 3103 reliquos
575 3062 723 3094 auctores
747 3061 793 3094 ita
814 3067 964 3100 narrare,
995 3059 1033 3092 ut
1049 3060 1155 3092 Vene-

105 3117 148 3149 ris
160 3116 207 3148 ira
217 3115 322 3156 gravis
333 3113 413 3147 odor
425 3114 563 3147 Lemniis
575 3114 762 3147 mulieribus
774 3113 911 3154 injectus
922 3113 975 3152 sit,
989 3112 1156 3154 Myrsilum

105 3176 183 3200 vero
198 3167 231 3200 in
245 3167 348 3208 primo
360 3167 408 3199 De
418 3165 513 3198 rebus
528 3165 650 3198 Lesbiis
659 3165 742 3198 libro
755 3165 796 3197 ab
809 3165 846 3197 iis
858 3164 1037 3197 dissentire.
1049 3164 1158 3197 Refert

106 3219 193 3252 enim
219 3219 366 3252 Medeam
401 3226 504 3258 quum
524 3217 566 3249 ad
589 3216 726 3249 insulam
753 3216 980 3257 adnavigaret,
1002 3216 1158 3257 zelotypia

107 3271 241 3304 ductam
254 3270 464 3311 pharmacum
483 3269 518 3300 in
535 3271 694 3302 Lemnum
707 3268 821 3309 jecisse
833 3291 842 3308 ,
867 3270 965 3310 atque
980 3268 1027 3301 sic
1051 3268 1159 3301 odoris

108 3322 278 3363 gravedine
299 3321 452 3354 mulieres
471 3320 628 3353 affecisse.
647 3322 753 3361 Atque
779 3320 967 3352 etiamnunc
987 3320 1160 3361 quotannis

109 3373 406 3415 diemessequoviri
416 3374 448 3405 et
459 3371 797 3412 juvenesmulieresob
806 3371 1158 3405 soetoremaversentur.

155 3428 329 3460 Lemnium
347 3427 443 3458 tuens
455 3447 465 3462 ,
489 3425 580 3466 quasi
597 3424 746 3465 igneum3
763 3424 795 3456 et
811 3424 1017 3465 proverbium
1039 3438 1046 3457 2
1065 3426 1159 3457 Lem-

112 3481 209 3512 mum
222 3478 368 3511 malum.
395 3477 518 3511 Lemnii
536 3476 619 3508 enim
645 3485 745 3516 quum
765 3485 803 3507 ex
820 3476 922 3507 Attica
938 3476 1087 3509 mulieres
1108 3486 1156 3508 ra-

897 274 1109 315 MYRSILI
1139 274 1471 314 METHYMNAEI

1219 360 1296 412 ἅμα
1329 363 1405 406 ταῖς
1417 363 1487 401 τῶν
1514 362 1667 416 Θρᾳκῶν
1687 361 1855 414 γυναιξὶν,
1871 362 1929 402 ἐπὶ
1956 365 1999 415 τῇ
2026 363 2190 416 δυσωδίᾳ,
2224 364 2267 411 ἣν
2330 403 2334 406 ,

1219 420 1398 471 Μυρσίλος
1416 420 1479 472 μὲν
1498 420 1555 460 διὰ
1572 421 1629 459 τὸν
1651 421 1809 468 Μηδείας
1831 421 1888 460 ἐπὶ
1901 425 1945 474 τῇ
1962 421 2145 475 “Υψιπύλῃ
2163 424 2266 469 ζῆλον

1217 484 1407 531 κατασχεῖν
1421 480 1544 533 [φησι]
1560 509 1571 528 ,
1593 480 1781 525 Καύκασος
1800 480 2002 530 (Καύκαλος
2016 483 2048 533 P)
2084 482 2119 520 δὲ
2143 481 2199 520 διὰ
2228 481 2268 520 τὸ

1217 537 1433 590 ὀλιγωρῆσαι
1464 540 1527 585 τῆς
1557 538 1760 592 Ἀφροδίτης
1791 538 1854 583 τὰς
1887 539 2067 590 Λημνίας·
2099 539 2193 579 ἔνθεν
2223 539 2268 579 τὰ

1218 596 1356 647 μεγάλα
1371 595 1466 634 κακὰ
1482 595 1627 647 Λήμνια
1643 596 1797 648 λέγεται.

1270 655 1414 693 Eadem
1427 656 1562 694 Suidas
1579 669 1610 693 s.
1632 669 1690 703 v.,
1710 657 1889 694 Arsenius
1909 669 1950 706 p.
1973 656 2048 701 335
2061 686 2072 706 ,
2090 659 2267 708 Apostol.

1216 715 1294 761 XI,
1318 727 1384 764 97.
1407 736 1460 743 —
1479 713 1675 767 Μυρσίλος]
1702 715 1790 752 cod.
1814 715 2015 767 Μυρσῒλος;
2037 717 2144 765 quod
2159 717 2269 754 dedi-

1215 785 1319 823 mus,
1338 773 1454 810 habet
1481 776 1613 812 Arsen.
1646 781 1685 810 et
1710 774 1834 812 Suidae
1854 774 1969 813 codd.
2001 775 2102 821 duo;
2129 776 2269 825 reliqui

1216 830 1392 884 Μυρτίλος
1429 839 1467 868 et
1494 831 1688 883 Μυρσῖλος.
1722 853 1775 861 -
1823 830 2031 884 Καύκασος]
2067 834 2268 872 Caucalum

1216 890 1423 936 rhetorem,
1437 891 1678 940 Theopompi
1691 891 1845 928 fratrem
1863 890 2015 941 (Athen.
2028 893 2082 942 X,
2095 904 2136 942 p.
2155 896 2176 936 4
2186 905 2230 931 12
2242 893 2268 942 ),

1215 949 1504 999 intelligendum
1513 961 1592 986 esse
1606 949 1690 997 conj
1695 951 1762 986 icit
1769 950 1978 987 Reinesius.
1995 951 2140 988 Eodem
2151 952 2269 989 modo

1218 1020 1300 1044 rem
1331 1016 1555 1045 narraverat
1596 1010 1841 1059 AsclepIades
1867 1008 2008 1059 (schol.
2039 1013 2133 1048 ven.
2159 1011 2203 1050 11.
2228 1027 2266 1058 η,

1218 1067 1293 1111 468
1304 1066 1334 1118 )‚
1349 1075 1529 1105 monente
1544 1069 1804 1118 Bernhardyo.
1825 1069 2002 1108 Ceterum
2014 1069 2060 1106 cf.
2075 1071 2266 1110 Herodot.

1215 1128 1277 1174 VI,
1300 1127 1392 1173 1383
1418 1128 1642 1176 Apollodor.
1667 1130 1700 1176 Ι,
1720 1140 1760 1176 9,
1794 1141 1857 1175 17,
1879 1128 1933 1167 ib.
1956 1130 2100 1178 Heyn.;
2122 1131 2266 1169 Zenob.

1215 1186 1280 1232 IV;
1293 1187 1518 1236 Diogenian.
1529 1189 1594 1232 VI,
1609 1198 1647 1232 23
1665 1187 1829 1235 AEschyl.
1843 1187 2010 1237 Choeph.
2021 1188 2112 1236 6263
2127 1190 2266 1240 Hygin.

1216 1244 1293 1281 fab.
1318 1244 1389 1291 153
1412 1246 1531 1284 schol.
1553 1247 1643 1282 Eur.
1675 1245 1880 1296 Hec.87o;
1905 1247 2023 1285 schol.
2051 1247 2204 1287 Pindar.
2227 1250 2266 1287 P.

1216 1305 1279 1351 lv,
1291 1303 1358 1351 88,
1374 1309 1466 1354 449.
1484 1305 1638 1341 Servius
1649 1305 1755 1354 Virg.
1779 1305 1864 1342 AEn.
1884 1306 1956 1351 111,
1975 1305 2062 1356 399.
2075 1307 2266 1344 Welcker.

1222 1363 1358 1411 Trilog.
1379 1376 1419 1412 p.
1445 1363 1520 1406 584
1545 1376 1603 1412 sq.

1269 1424 1449 1472 Antigon.
1477 1424 1574 1459 Hist.
1599 1424 1686 1461 Mir.
1710 1435 1745 1459 c.
1775 1435 1849 1472 129
1877 1421 1973 1474 (117
2002 1424 2230 1472 Westerm.)
2256 1436 2266 1462 t

1218 1479 1399 1532 Μυρσίλος
1413 1479 1449 1518 δὲ
1469 1482 1487 1518 ὃ
1506 1479 1658 1523 Λέσὸιος
1674 1480 1830 1532 Λοκροὺς
1846 1479 1925 1524 τοὺς
1940 1479 2090 1525 Ὀζόλας
2105 1483 2168 1527 τῆς
2183 1482 2269 1519 ἐπω-

1217 1539 1592 1592 νυμίαςτετυχηκέναι,
1606 1539 1659 1577 ὅτι
1676 1543 1737 1587 τ’ἥς
1751 1539 1869 1592 χώρας
1882 1542 1943 1585 τ’ῆς
1957 1540 2070 1577 αὐτῶν
2090 1538 2144 1591 [τὸ
2158 1538 2266 1592 ὕδωρ]

1216 1598 1299 1647 ὄζει,
1313 1598 1374 1636 καὶ
1400 1599 1554 1646 μάλιστα
1575 1602 1635 1637 τοῦ
1655 1598 1793 1652 Ταφίου
1819 1598 2036 1649 καλουμένου
2061 1598 2180 1651 ὅρους·
2206 1601 2268 1638 καὶ

1220 1660 1290 1710 ῥεῖν
1317 1656 1460 1712 αὐτόθεν
1478 1659 1526 1701 εἷς
1544 1657 1725 1696 θάλασσαν
1743 1657 1864 1709 ὥσπερ
1879 1659 1979 1704 πῦον,
1997 1656 2166 1710 τεθάφθαι
2185 1659 2216 1696 δ’
2233 1661 2268 1697 ἐν

1216 1718 1266 1769 τῷ
1292 1714 1364 1768 ὄρει
1383 1715 1495 1769 τούτῳ
1516 1715 1653 1756 Νέσσον
1681 1715 1739 1754 τὸν
1774 1714 1987 1769 Κένταυρον,
2017 1714 2054 1754 ὃν
2089 1715 2270 1768 Ἡρακλῆς

1218 1775 1431 1814 ἀπέκτεινεν.
1442 1798 1494 1804 -
1507 1775 1585 1827 (ῐ3ο)
1595 1775 1670 1819 Τὰς
1683 1774 1718 1813 δὲ
1730 1774 1890 1826 Λημνίας
1903 1774 2097 1826 δυσόσμους
2108 1775 2268 1827 γενέσθαι

1217 1834 1376 1882 Μηδείας
1392 1833 1603 1888 ἀφικομένης
1615 1836 1691 1885 μετ’
1705 1834 1860 1878 Ἰάσονος
1873 1833 1933 1872 καὶ
1948 1833 2120 1886 φάρμακα
2135 1834 2269 1884 ἐμὸαλ·

1217 1891 1345 1940 λούσης
1361 1894 1408 1936 εἷς
1417 1891 1480 1938 τὴν
1497 1894 1615 1938 νῆσον.
1632 1891 1739 1932 Κατὰ
1750 1891 1793 1939 δή
1807 1907 1885 1930 τινα
1899 1892 2023 1945 χρόνον
2038 1891 2098 1930 καὶ
2112 1892 2267 1943 μάλιστα

1219 1953 1253 1990 ἐν
1267 1950 1410 1994 ταύταις
1424 1951 1500 1995 ταῖς
1513 1950 1661 2004 ἡμέραις
1672 1982 1683 2002 ‚
1702 1953 1737 1989 ἐν
1755 1944 1808 1995 αῖς
1820 1953 2015 2004 ἱστοροῦσιν
2029 1951 2093 1998 τὴν
2109 1950 2268 1998 Μήδειαν

1218 2008 1499 2062 παραγενέσθαι,
1528 2008 1692 2053 δυσώδεις
1722 2008 1829 2053 αὐτὰς
1858 2008 1967 2054 οὕτως
1993 2008 2149 2060 γίνεσθαι
2177 2008 2269 2048 ὥστε

1219 2066 1353 2119 μηδένα
1368 2067 1563 2120 προσιέναι.

1272 2126 1499 2178 ἐπωνυμίας]
1525 2129 1623 2164 Ante
1642 2128 1738 2163 hanc
1768 2138 1904 2164 vocem
1937 2127 1976 2163 in
2010 2127 2098 2165 cod.
2131 2127 2270 2177 legitur

1218 2186 1422 2237 ἐπιθυμίας,
1444 2186 1552 2235 quod
1579 2187 1619 2223 in
1647 2185 1836 2236 ἐπιδημίας
1863 2187 2023 2223 mutavit
2048 2185 2267 2235 Xylander,

1218 2247 1302 2295 ejici
1323 2246 1515 2294 jusserunt
1543 2247 1753 2292 Meursius,
1785 2246 1975 2294 Toupius,
2004 2246 2166 2291 Bastius3
2199 2243 2268 2282 ἀπὸ

1216 2303 1407 2354 δυσοσμίας
1421 2304 1523 2352 conj.
1543 2305 1687 2343 Locell.
1704 2325 1757 2332 —-
1769 2301 1809 2341 τὸ
1825 2301 1942 2355 ὕδωρ]
1964 2303 2112 2340 addidit
2124 2305 2264 2343 Mem-s.

1215 2376 1261 2401 ex
1280 2364 1459 2401 Strabon.
1490 2363 1562 2409 IX,
1593 2375 1633 2412 p.
1667 2366 1756 2409 427.
1781 2361 1839 2399 Cf.
1865 2363 2026 2400 Pausan.
2047 2362 2104 2408 X,
2127 2360 2198 2408 38,
2229 2373 2266 2400 2.

1214 2423 1391 2460 Ceterum
1417 2422 1661 2460 Lemniarum
1691 2420 1806 2457 foetor
1829 2420 1878 2457 de
1899 2421 2032 2458 Locris
2049 2420 2174 2458 Ozolis
2193 2419 2268 2457 dis-

1213 2481 1364 2519 serendi
1382 2481 1710 2530 opportunitatem
1737 2479 1931 2518 obtulerit.

1213 2590 1375 2631 puissent,
1390 2590 1571 2631 liberosque
1583 2598 1625 2622 ex
1639 2589 1716 2630 ipsis
1733 2589 1963 2630 suscepissent,
1985 2596 2051 2621 una
2065 2596 2141 2622 cum
2160 2588 2269 2628 liberis

1213 2650 1267 2675 eas
1274 2642 1473 2683 jugularunt.
1485 2642 1630 2674 Thoante
1642 2642 1751 2674 autem
1759 2641 1910 2682 regnante
1921 2640 2072 2673 mulieres
2078 2640 2164 2673 viros
2172 2641 2268 2674 simul

1214 2702 1288 2726 cum
1302 2693 1427 2726 reminis
1436 2702 1476 2726 ex
1492 2693 1630 2726 Thracia
1651 2693 1763 2726 accitis
1785 2693 2034 2732 interfecerunt,
2050 2691 2138 2734 quod
2150 2692 2268 2726 abillis

1215 2746 1435 2779 fastidirentur
1450 2747 1493 2779 ob
1506 2747 1654 2780 foetorem
1674 2746 1839 2787 corporis„
1861 2754 1959 2787 quem
1971 2745 2042 2778 illas
2056 2745 2205 2786 Myrtilus
2215 2745 2268 2778 in-

1214 2798 1334 2831 vasisse
1345 2798 1444 2832 tradit
1453 2807 1509 2840 per
1525 2799 1680 2831 invidiam
1697 2798 1818 2831 Medeae
1830 2806 1905 2839 erga
1919 2797 2134 2839 Hypsipylen;
2146 2798 2268 2831 cauca·

1213 2858 1268 2882 sus
1282 2850 1293 2890 (
1305 2850 1477 2884 caucalus
1485 2853 1502 2882 Ρ
1510 2850 1729 2891 Asclepiades
1738 2853 1758 2882 ι’
1767 2850 1778 2890 )
1786 2858 1863 2882 vero
1869 2849 1956 2890 quod
1965 2849 2108 2881 Lemniae
2118 2849 2268 2882 mulieres

1214 2902 1360 2936 debitum
1375 2903 1494 2935 Veneri
1506 2903 1661 2935 honorem
1675 2911 1740 2935 non
1752 2902 1950 2935 tribuissent.
1966 2901 2049 2933 Hinc
2059 2909 2174 2942 magna
2183 2901 2268 2934 mala

1216 2955 1348 2988 Lemnia
1362 2958 1531 2987 vocantur.

1256 3007 1406 3048 Myrsilus
1416 3007 1545 3040 Lesbius
1555 3009 1672 3040 Locros
1685 3007 1800 3040 Ozolas
1815 3015 1934 3040 nomen
1951 3006 2063 3039 nactos
2079 3013 2147 3038 esse
2166 3014 2206 3039 ex
2227 3015 2267 3040 eo

1216 3060 1326 3092 narrat
1336 3083 1346 3100 ‚
1359 3059 1447 3100 quod
1459 3059 1492 3091 in
1505 3067 1616 3091 eorum
1630 3059 1757 3100 regione
1767 3059 1891 3091 soedum
1903 3066 1987 3099 aqua
1995 3057 2127 3090 odorem
2135 3057 2264 3099 habeat,

1217 3119 1256 3144 ac
1269 3119 1334 3152 prae
1350 3110 1464 3143 ceteris
1480 3119 1536 3150 ea,
1550 3119 1624 3151 quae
1639 3119 1658 3142 a
1670 3110 1792 3151 Taphio
1804 3111 1915 3143 monte
1929 3111 1963 3143 in
1978 3119 2068 3144 mare
2087 3110 2198 3149 fertur,
2213 3119 2265 3143 ve·

1217 3163 1278 3196 luti
1290 3171 1350 3205 pus
1365 3162 1431 3195 sive
1443 3161 1572 3204 sanguis
1586 3162 1797 3203 putrefactus.
1812 3162 1939 3195 Etenim
1951 3163 1986 3195 in
2000 3165 2110 3197 monte
2118 3163 2179 3196 isto
2191 3164 2265 3196 Nes·

1216 3224 1288 3248 sum
1305 3215 1523 3254 Centaurum,
1536 3222 1635 3255 quem
1651 3214 1804 3247 Hercules
1820 3214 2000 3256 interfecit,
2011 3224 2079 3248 esse
2090 3215 2264 3257 sepultum.

1217 3267 1365 3301 Lemnias
1380 3275 1457 3298 vero
1480 3266 1630 3299 mulieres
1643 3266 1860 3307 graveolentes
1878 3267 1978 3300 factas
1993 3275 2061 3300 esse
2073 3267 2266 3309 pharmaco,

1218 3319 1305 3360 quod
1320 3318 1432 3352 Medea
1445 3326 1519 3351 cum
1537 3320 1648 3351 iasone
1664 3318 1837 3351 adveniens
1852 3318 1886 3351 in
1907 3319 2044 3352 insulam
2064 3319 2264 3361 conjecisset.

1218 3371 1310 3404 Unde
1334 3371 1422 3404 certo
1447 3369 1587 3412 quodam
1609 3371 1754 3410 tempore
1774 3378 1812 3402 ac
1837 3370 1875 3403 iis
1888 3371 2029 3404 maxime
2053 3371 2184 3412 diebus,
2198 3371 2266 3412 qui-

1219 3424 1280 3456 bus
1298 3423 1441 3456 Medeam
1468 3421 1599 3455 affuisse
1620 3421 1808 3463 perhibent,
1835 3423 1927 3455 tanto
1940 3423 2089 3456 mulieres
2110 3423 2195 3455 inlici
2209 3423 2265 3455 soe-

1220 3478 1287 3509 tore
1298 3500 1306 3515 ,
1327 3477 1362 3507 ut
1377 3483 1470 3508 nemo
1479 3474 1630 3507 accedere
1646 3474 1685 3507 ad
1700 3482 1752 3506 eas
1767 3474 1931 3507 sustineat.

2357 786 2372 912 =.«.¹-ffflfi*
2358 695 2372 794 ‘h-unj
2369 674 2372 680 .
2365 641 2372 661 „-
2368 607 2372 628 ..
2371 581 2372 584 „
