2372 3704
162 282 237 316 664

152 373 303 411 monet,
323 373 480 403 testante
498 369 619 416 Etym.
639 370 694 404 M.
710 381 748 405 v,
768 368 975 422 Δάσκληρα.
993 372 1078 410 Vid.
1099 373 1201 410 Add.

151 428 201 464 ad
214 427 353 465 Xanthi
372 430 418 466 fr.

206 486 298 537 Pag.
320 489 410 538 372,
432 498 512 529 not.
537 491 603 527 lin.
630 490 665 529 3.
687 513 739 519 —-
754 493 829 528 Pro
847 494 1030 530 Alcimius
1045 496 1127 545 lege
1139 498 1204 532 AI-

151 559 310 584 clamas.

203 605 294 656 Pag.
312 607 400 654 376,
415 617 496 646 not.
512 609 549 647 8.
567 611 714 646 ——Non
727 618 807 646 erat
818 623 885 646 cur
896 619 1082 648 mutarem
1093 614 1197 662 vulg.

151 663 337 712 ἐδουλεύθη
347 681 358 713 3
369 676 499 704 monet
511 669 686 707 Diibner.
700 689 753 696 ·—
766 671 854 705 Not.
873 683 888 706 1
900 683 913 705 1
923 699 931 707 .
947 668 1079 719 ἔξαρνοι
1096 665 1202 722 ἦσαν]

150 721 390 775 ἐξηρνήθησαν
403 728 514 763 tacite
525 727 662 765 Feder.
674 749 727 755 —
743 729 801 765 Fr.
818 727 882 776 39,
895 729 964 765 lin.
980 742 1016 767 2.
1031 744 1202 782 στρατιω-

149 785 217 820 τῶν
235 784 249 834 ]
283 786 366 834 legc
395 786 649 838 Σπαρτιατῶν,
681 788 738 822 uti
767 787 911 833 codex3
948 789 1055 836 quod
1085 802 1202 837 quum

147 844 273 890 primo
293 852 433 880 conatu
454 846 493 880 in
512 846 737 895 στρατιωτῶν
756 853 958 882 mutassem
972 874 983 894 ,
1004 847 1146 883 factum
1161 856 1204 884 ut

148 902 200 938 sic
220 903 483 941 excuderetur.
515 905 612 940 Hinc
634 904 830 940 Piccolous
857 907 1059 953 proposuit
1081 919 1089 942 :
1114 905 1202 943 ἐδα-

148 958 286 998 σίλευσε
305 963 373 998 τῶν
394 961 408 1012 [
424 962 634 1008 Μεσσηνίων
652 961 832 1014 κρατήσας
854 962 942 1012 μετὰ
963 965 1032 1000 τῶν
1061 965 1168 1003 αὐτοῦ’
1185 965 1200 1016 ]

149 1021 387 1070 στρατιωτῶν.

202 1077 292 1127 Pag.
317 1080 408 1126 377,
441 1081 466 1115 l.
492 1094 528 1127 7.
552 1101 604 1107 —-
621 1078 859 1130 ἀνεχομένου]
889 1082 1092 1118 Diibnerus
1124 1084 1197 1132 leg.

147 1145 270 1173 censet
288 1136 513 1188 ἀνεχόμενοι,
531 1139 637 1186 quod
662 1141 701 1174 in
727 1140 861 1176 codice
890 1142 1021 1189 legisse
1048 1142 1119 1177 sibi
1143 1144 1199 1177 vi-

146 1195 257 1231 detur
270 1197 457 1243 Federus3
475 1198 567 1233 falso
578 1199 717 1246 utique.
730 1199 904 1234 Ceterum
920 1200 1088 1237 Federus
1103 1213 1200 1248 quo-

146 1267 220 1301 que
240 1256 360 1291 edidit
380 1255 591 1306 ἀνεχομένου
605 1284 614 1302 ,
632 1258 689 1292 uti
707 1270 826 1293 nexus
844 1260 1073 1294 narrationis
1089 1268 1125 1295 et
1140 1261 1195 1295 hi-

143 1315 260 1349 storia
280 1314 449 1363 flagitare
473 1316 664 1354 videntur.
696 1318 741 1352 In
768 1329 872 1365 seqq.
902 1331 994 1354 vero
1021 1331 1099 1354 non
1120 1327 1199 1355 erat

147 1386 216 1408 cur
229 1375 444 1422 supplerem
465 1378 477 1420 [
494 1375 524 1410 οἱ
545 1373 753 1425 ἐγχώριοι];
772 1388 859 1411 nam
879 1377 957 1412 haec
978 1390 1133 1425 quoque
1149 1379 1197 1414 ad

149 1434 270 1468 Dores
293 1435 482 1469 Messeniae
512 1434 712 1470 referenda
743 1443 842 1470 sunt.
876 1436 1060 1472 Videlicet
1087 1438 1196 1472 Cres—

142 1491 306 1538 phontes
325 1494 450 1528 statim
473 1493 519 1528 ab
538 1494 647 1528 initio
667 1506 726 1528 res
750 1495 941 1529 Messeniae
960 1495 1009 1530 ita
1036 1495 1195 1530 arbitrio

144 1563 213 1584 suo
251 1549 463 1597 ordinavit,
502 1559 544 1586 ut
576 1553 818 1588 Doriensium
851 1553 1054 1589 commoda
1083 1553 1196 1589 flocci

143 1609 338 1656 penderet.
357 1612 451 1646 Nam
467 1612 622 1658 regione
642 1612 679 1645 in
698 1613 867 1659 quinque
886 1613 1050 1648 civitates
1064 1612 1195 1659 divisa,

143 1681 231 1703 cum
248 1671 439 1705 Messeniis
457 1677 566 1718 pacta
587 1670 760 1717 quaedam
788 1672 885 1714 iniit,
916 1671 1055 1707 deinde
1083 1673 1195 1707 etiam

141 1740 299 1776 prorsus
328 1726 507 1777 ἰσονόμους
526 1731 773 1765 Doriensibus
797 1743 873 1765 esse
896 1731 1034 1767 voluit.
1064 1732 1196 1779 Neque

143 1787 183 1822 id
204 1796 359 1823 coactus
378 1801 503 1836 neque
527 1789 699 1824 bonitate
726 1790 866 1837 ingenii
886 1790 946 1824 vel
972 1789 1135 1836 quadam
1156 1792 1196 1826 in

142 1846 314 1882 subditos
329 1847 528 1882 clementia
543 1847 680 1882 ductus
693 1847 821 1883 fecisse
835 1847 1024 1895 putandus
1036 1855 1113 1893 est;
1129 1849 1195 1885 sed

142 1905 462 1952 quemadmodum
479 1906 517 1940 in
537 1906 691 1953 reliquis
706 1913 901 1954 tamquam
920 1907 978 1941 vir
990 1906 1094 1942 vafer
1112 1920 1195 1944 ma—

140 1964 261 2012 laeque
275 1966 314 1999 in
328 1977 415 2000 suos
430 1963 520 2000 fidei
537 1973 697 2013 apparet
710 1965 767 2013 (V.
782 1965 1010 2013 Apollodor.
1028 1967 1078 2011 II,
1096 1966 1131 2012 8,
1146 1967 1194 2015 4),

140 2023 192 2058 sic
214 2024 325 2059 etiam
343 2024 586 2060 Doriensium
606 2024 645 2058 in
661 2025 845 2060 Messenia
862 2025 1128 2060 auctoritatem
1148 2038 1194 2062 eo

140 2083 298 2117 consilio
318 2083 454 2118 minuit
467 2109 477 2127 ,
496 2090 539 2117 ut
559 2094 603 2118 ex
620 2095 728 2131 rege,
755 2084 903 2131 qualem
922 2095 1045 2119 mores
1064 2085 1195 2120 Dorici

138 2141 397 2188 patiebantur,
414 2149 594 2189 tyrannus
613 2141 804 2178 evaderet.
821 2143 906 2177 Jam
922 2154 1014 2177 vero
1035 2155 1193 2179 consen·

142 2205 296 2235 taneum
317 2208 372 2236 est
400 2201 625 2249 Dorienses,
647 2201 712 2248 qui
732 2201 771 2235 in
802 2201 957 2249 singulis
980 2202 1194 2238 civitatibus

139 2270 217 2293 una
237 2271 322 2293 curn
353 2260 542 2294 Messeniis
569 2271 628 2295 res
645 2259 961 2295 administrabant
974 2286 984 2304 ,
1002 2273 1094 2296 mox
1123 2261 1191 2297 de-

138 2324 316 2352 trectasse
337 2319 601 2353 auctoritatem
622 2319 721 2367 regis
753 2319 1003 2368 infestissimi,
1023 2319 1120 2355 adeo
1151 2329 1195 2356 ut

139 2377 352 2423 complures
367 2377 473 2424 quasi
485 2378 720 2424 principatus
730 2390 798 2426 per
810 2378 1031 2414 Messeniam
1043 2380 1188 2416 exsiste-

138 2441 232 2470 rent.
249 2435 335 2482 Quo
347 2435 555 2480 intellecto,
569 2437 842 2483 Cresphontem
859 2438 974 2484 coepti
991 2439 1190 2484 poenituit3

139 2500 364 2541 mutatoque
391 2495 549 2529 consilio
572 2491 634 2539 τὴν
655 2493 832 2542 ἰσονομίαν
855 2496 1009 2542 quidem
1037 2498 1189 2542 tollere,

136 2551 247 2586 simul
260 2563 351 2586 vero
368 2552 519 2586 nonnisi
537 2564 652 2586 unam
673 2553 863 2588 civitatem
880 2566 956 2588 esse
976 2553 986 2602 (
1002 2551 1111 2601 μόνην
1128 2553 1191 2599 τὴν

138 2607 379 2659 Στενόκλαρον
399 2607 541 2657 νομίσαι
562 2608 686 2659 πόλιν)
702 2639 712 2659 ,
731 2612 770 2646 in
791 2624 949 2659 eamque
966 2625 1091 2648 omnes
1107 2615 1190 2648 Do—

136 2669 277 2704 rienses
298 2670 524 2716 congregari
554 2670 687 2707 voluit.
722 2671 877 2706 Causam
897 2669 1008 2716 hujus
1030 2683 1191 2707 conver--

136 2728 251 2762 sionis
265 2725 507 2774 praetexebat
522 2726 532 2778 (
548 2728 587 2764 ἐκ
608 2725 669 2775 μὲν
694 2730 753 2764 τοῦ
780 2728 1001 2777 εὖπρεποῧ
1015 2743 1029 2770 ς
1048 2727 1160 2778 λέγων
1175 2730 1186 2778 )

135 2785 316 2832 injustum
336 2798 411 2822 esse
441 2787 644 2822 Messenios
662 2787 796 2823 eodem
827 2800 914 2823 cum
943 2789 1190 2824 Doriensibus

135 2845 210 2880 frui
222 2843 307 2891 jure
339 2857 347 2879 ε
370 2857 495 2880 revera
529 2852 655 2880 autem
691 2846 781 2893 quid
805 2847 1094 2892 machinaretur,
1124 2860 1187 2882 ex-

136 2908 287 2951 cerptor
320 2903 475 2950 quidem
498 2916 574 2938 non
595 2906 785 2949 enotavit,
823 2905 889 2940 sed
917 2912 1051 2953 sponte
1083 2913 1188 2953 patet

133 2974 262 3011 regem
285 2973 363 2996 non
389 2962 659 3007 Doriensibus,
679 2963 745 2998 sed
768 2976 843 2998 suae
866 2964 985 3012 ipsius
1010 2966 1187 3012 potestati

133 3021 296 3056 voluisse
323 3022 558 3068 prospicere.
581 3022 676 3056 Tum
698 3023 814 3070 igitur
832 3023 1036 3059 Dorienses
1055 3020 1099 3058 τὰ
1115 3037 1183 3059 κα-

133 3081 290 3117 θεστῶτα
310 3081 412 3116 omni
443 3082 690 3117 contentione
714 3083 935 3130 tuebantur,
962 3090 1187 3131 tantumque

133 3140 289 3176 aberant
316 3148 359 3175 ut
388 3139 621 3187 antiquanda
651 3140 715 3175 illa
741 3139 899 3189 ἰσονομίᾳ
929 3140 1184 3188 allicerentur,

132 3205 175 3233 ut
194 3192 381 3233 violentiae
399 3197 584 3244 malaeque
601 3196 691 3233 fidei
711 3211 834 3247 regem
853 3198 890 3235 τὸ
908 3196 1085 3250 ἰσόμοιρον
1106 3199 1184 3247 jam

131 3269 210 3292 non
231 3257 392 3305 amplius
412 3256 651 3291 tolerandum
676 3270 753 3292 esse
783 3266 995 3294 censentem
1027 3272 1185 3295 accusa—

131 3322 238 3361 rent3
254 3315 416 3362 denique
431 3315 564 3350 tollere
582 3315 703 3363 ipsum
722 3328 847 3364 regem
860 3345 869 3362 ‚
890 3325 927 3352 et
940 3330 1007 3353 suo
1025 3318 1185 3367 quisque

132 3375 219 3409 loco
238 3386 390 3409 manere
404 3401 413 3418 ‚
437 3386 549 3421 quam
570 3375 608 3408 in
627 3387 741 3409 unam
761 3376 904 3422 regiam
931 3378 1055 3411 coacti
1074 3378 1184 3413 unius

131 3434 201 3467 viri
220 3433 376 3468 arbitrio
391 3445 428 3467 se
439 3433 673 3467 committere
688 3434 891 3470 malebant.
909 3435 1030 3469 -—Ib.
1048 3435 1114 3473 lin.
1138 3434 1182 3470 15

131 3491 187 3535 οὒς
209 3491 309 3541 τότε]
331 3489 387 3534 οὕς
407 3506 490 3529 ποτε
508 3493 656 3540 scripsit
672 3492 821 3541 Feder.,
846 3494 956 3530 male.
978 3514 1030 3520 —
1049 3496 1092 3532 L.
1122 3494 1180 3531 18.

879 280 1126 321 ADDENDA
1154 282 1222 322 ET
1252 283 1588 325 CORRIGENDA

1265 372 1504 425 ἐτεχνάσατο]
1527 374 1754 426 ἐτεχνεύσατο
1772 377 1906 415 Feder.
1928 378 1968 413 in
1988 378 2076 414 cod.
2096 379 2206 427 legit3
2233 391 2312 415 non

1265 445 1349 482 ego,
1368 435 1537 470 Verbum
1556 433 1733 484 τεχνάζειν
1759 435 1874 472 habes
1900 437 2013 473 etiam
2038 437 2134 473 infra
2152 450 2191 486 p.
2217 435 2309 486 395,

1263 491 1290 530 l.
1318 505 1378 530 12.
2200 527 2201 530 ,

1318 549 1410 599 Pag.
1428 551 1514 597 380,
1527 551 1574 588 fr.
1589 555 1653 600 49,
1669 552 1694 587 l.
1708 564 1743 588 2.
1754 550 2314 604 -Κατέλιπε]κατέλειπειηειίθ

1265 609 1402 648 Feder.
1422 617 1460 646 et
1476 617 1611 646 contra
1630 609 1716 646 cod.
1733 631 1786 638 —-
1802 613 1848 649 L.
1877 610 1914 647 5.
1934 611 2131 660 Δαμοννὼ]
2153 611 2313 659 Δαμανὼ

1264 667 1398 706 Feder.
1415 681 1461 704 ex
1483 681 1602 718 marg.
1623 689 1677 696 —
1690 670 1733 706 L.
1755 670 1794 706 6.
1819 670 2072 721 μοιχευθεῖσα]
2102 674 2312 723 μοιχηθεῖσα

1265 727 1376 762 tacite
1396 727 1547 773 Feder.,
1568 728 1676 775 quasi
1700 729 1752 763 ita
1773 729 1909 765 codex.
1937 731 1987 765 At
2006 727 2204 780 μοιχεύειν,
2232 745 2314 768 non

1264 796 1356 820 vero
1379 790 1507 836 μοιχᾶν
1526 786 1638 822 habes
1648 787 1761 822 etiam
1777 787 1876 823 infra
1890 787 1936 823 fr.
1953 787 2019 834 61,
2041 789 2068 826 l.
2084 787 2122 826 5.
2139 791 2245 826 -L.
2266 803 2312 826 10

1264 842 1436 894 φάρμακα
1454 844 1470 895 ]
1507 843 1692 896 φάρμακον
1728 847 1840 883 tacite
1878 846 2013 883 Feder.
2044 848 2203 884 Pluralis
2234 860 2315 885 non

1264 910 1344 939 erat
1359 904 1562 940 mutandus
1578 912 1784 954 propterea
1804 905 1911 953 qnod
1932 906 2131 955 singularis
2146 907 2173 943 l.
2194 907 2219 944 l.
2234 909 2312 944 usi·

1264 963 1379 998 tatior
1406 963 1519 999 foret.
1540 983 1594 991 —
1618 965 1663 999 L.
1694 963 1757 1002 36.
1792 961 1981 1015 Σπέρμῳ]
2014 962 2164 1015 Σπέρμῃ
2196 966 2312 1003 tacite

1262 1020 1398 1056 Feder.
1423 1022 1553 1058 Codex
1572 1023 1630 1058 bis
1656 1022 1774 1058 habet
1801 1022 1970 1058 dativum
1991 1021 2170 1075 Σπέρμῳ,
2198 1019 2313 1061 semel

1261 1080 1542 1115 nominativum
1563 1078 1751 1130 Σπέρμης;
1769 1079 1864 1116 adeo
1879 1087 1922 1116 ut
1942 1080 1989 1116 de
2011 1083 2174 1130 genuina
2188 1084 2312 1119 nomi·

1261 1138 1380 1173 nativi
1400 1138 1521 1175 forma
1536 1141 1654 1188 possit
1669 1139 1851 1176 dubitari.
1873 1139 2049 1175 Ceterum
2061 1140 2141 1188 ipse
2157 1153 2312 1190 quoque

1261 1197 1391 1232 malim
1423 1198 1586 1234 formam
1620 1195 1801 1248 Σπέρμης.
1825 1218 1875 1225 -—
1892 1199 1938 1233 L.
1970 1199 2113 1247 penult.
2144 1197 2309 1251 ἠράσθη]

1260 1256 1412 1303 Optime
1421 1258 1624 1294 Diibnerus
1635 1257 1800 1293 correxit
1815 1269 1824 1292 :
1840 1253 1904 1302 τὴν
1919 1254 2142 1309 θυγατέρα...
2159 1257 2311 1310 ἠγάσθη,

1260 1315 1385 1350 collat.
1409 1328 1449 1364 p.
1469 1315 1542 1351 313
1564 1317 1630 1352 lin.
1655 1316 1675 1352 3
1697 1316 1744 1351 ab
1759 1317 1847 1353 ima.

1313 1373 1403 1422 Pag.
1427 1372 1518 1419 381,
1540 1375 1608 1412 lin.
1638 1372 1674 1412 5.
1694 1395 1747 1402 —
1764 1372 1868 1412 Οἴκοι
1883 1372 2132 1426 ἀναπεισθεὶς]
2154 1374 2234 1423 ἥκοι
2254 1375 2309 1415 ἀν.

1258 1431 1380 1468 Feder
1393 1434 1516 1469 tacite.
1533 1433 1641 1469 Idem
1659 1433 1870 1481 conjecerat
1883 1434 2050 1472 Piccolo.
2067 1435 2187 1471 Possis
2197 1435 2308 1471 etiam

1258 1488 1344 1526 οἴκοι
1373 1490 1613 1537 ἀναπεισθείη.
1636 1493 1737 1528 Illud
1756 1500 1883 1528 tamen
1910 1492 2052 1530 malim.
2069 1494 2309 1541 Quamquam

1257 1550 1371 1584 etiam
1401 1552 1714 1600 negligentiorem
1743 1551 1887 1586 codicis
1909 1552 2120 1588 orationem
2138 1553 2227 1589 licet
2245 1553 2309 1588 de-

1256 1607 1423 1645 fendere.
1443 1631 1494 1637 —
1514 1612 1559 1648 L.
1597 1611 1655 1646 13.
1677 1609 1963 1660 διαπέπρακται]
1985 1611 2024 1646 ἰη
2043 1610 2306 1662 διαπεπρᾶχθαι

1257 1667 1400 1714 absque
1420 1681 1530 1704 causa
1548 1660 1710 1704 mutavit
1728 1669 1863 1705 Feder.
1882 1689 1935 1695 --
1954 1671 1999 1705 L.
2027 1682 2089 1718 19.
2111 1668 2304 1723 κειμένην]

1256 1723 1411 1774 κείμενον
1426 1727 1578 1774 Feder.,
1591 1728 1730 1775 absque
1747 1740 1869 1763 sensu.
1886 1748 1941 1755 —
1954 1729 2039 1766 Lin.
2058 1728 2123 1765 28.
2145 1727 2310 1780 Σπέρμος

1257 1782 1339 1833 μὲν]
1360 1786 1483 1823 Feder
1514 1786 1664 1822 addidit
1701 1780 1803 1836 [οὖν]
1828 1794 1872 1821 ut
1885 1787 2034 1834 passim.
2049 1808 2103 1815 —-
2123 1787 2208 1826 Lin.
2244 1788 2307 1836 38,

1256 1851 1336 1882 not.
1355 1844 1417 1887 34.
1433 1845 1522 1893 πῶς,
1544 1843 1734 1896 Σπέρμον]
1754 1857 1888 1881 vocem
1906 1845 1991 1883 cod.
2007 1846 2090 1888 παῖς
2108 1845 2219 1894 ejecit
2235 1847 2307 1884 Fe-

1256 1903 1389 1948 derus,
1427 1904 1571 1940 addens
1613 1917 1621 1939 :
1663 1920 1678 1936 «
1711 1904 1845 1950 Qualia
1873 1904 2100 1953 plerumque
2137 1914 2308 1943 monstra

1256 1964 1367 1998 tacui.
1395 1980 1411 1994 »
1439 1964 1554 2009 Quod
1577 1962 1801 1999 dolendum.

1310 2021 1402 2070 Pag.
1437 2022 1525 2068 382,
1551 2023 1576 2062 l.
1609 2021 1646 2059 5.
1665 2043 1719 2050 -—
1741 2020 1976 2072 ε’ὅασίλευσε]
1994 2023 2048 2059 sic
2074 2023 2174 2060 hene
2202 2024 2305 2071 cod-3

1257 2077 1438 2117 ἐὸασίλευε
1458 2081 1549 2118 Fed.

1310 2139 1402 2188 Pag.
1427 2140 1523 2188 383,
1544 2140 1594 2177 ad
1620 2147 1701 2179 not.
1731 2139 1792 2177 38.
1813 2155 1863 2168 ·—
1880 2143 1936 2177 De
1963 2141 2108 2188 Tylone
2142 2140 2190 2178 cf.
2222 2153 2309 2190 quae

1255 2207 1385 2235 monet
1423 2203 1470 2237 Ο.
1507 2201 1689 2236 Miillerus
1721 2201 1854 2235 Kleine
1889 2197 2081 2245 Schriften
2114 2206 2207 2238 tom.
2246 2201 2282 2237 ΙΙ
2295 2230 2306 2246 ,

1254 2272 1294 2307 p.
1338 2258 1408 2306 157
1442 2270 1450 2295 :
1475 2275 1489 2291 «
1511 2260 1583 2295 Die
1607 2259 1772 2295 Athener
1801 2259 1910 2295 sollte
1923 2249 2176 2307 Triptolemus
2207 2259 2306 2296 nach

1254 2319 1386 2366 Syrien
1405 2318 1555 2366 gefiihrt
1569 2318 1714 2366 haben,
1735 2317 1804 2354 der
1818 2317 1915 2354 auch
1930 2318 1970 2352 in
1986 2317 2061 2354 den
2085 2317 2306 2367 Stadtsagen

1254 2376 1319 2412 des
1337 2377 1618 2414 benachbarten
1635 2377 1872 2413 Kleinasiens
1890 2377 1965 2412 viel
1984 2376 2222 2421 vorkommt‚
2240 2390 2304 2415 wo

1252 2448 1340 2471 man
1358 2437 1468 2472 einen
1492 2436 1706 2483 Lydischen
1724 2436 1816 2472 Gott
1839 2435 1934 2471 oder
1950 2437 2107 2471 Daeinon
2133 2435 2244 2482 Tylos
2264 2436 2304 2472 in

1253 2495 1377 2531 diesen
1397 2487 1678 2531 Eleusinischen
1695 2496 1818 2530 Heros
1832 2494 1899 2530 der
1918 2494 2137 2542 Agricultur
2149 2494 2303 2530 umdeu-

1252 2561 1340 2590 tete.
1370 2556 1414 2592 V.
1448 2555 1583 2590 Annali
1613 2553 1701 2588 dell’
1760 2554 1849 2589 istit.
1883 2553 1920 2588 di
1936 2553 2098 2601 corrisp.
2132 2553 2300 2591 archeol.

1251 2619 1344 2651 tom.
1364 2615 1415 2658 ΙΙ,
1431 2626 1472 2661 p.
1494 2611 1582 2658 157.
1595 2628 1610 2643 »³
1627 2611 1738 2649 —L.
1767 2625 1778 2647 1
1791 2616 1810 2653 4
1829 2609 1970 2662 Σύραν]
1986 2612 2037 2647 sic
2055 2611 2157 2656 cod-3
2175 2611 2302 2647 Fede-

1250 2684 1312 2707 rus
1340 2673 1454 2707 tacite
1485 2669 1640 2722 Συρίων,
1670 2671 1774 2718 quasi
1793 2683 1838 2706 eo
1859 2671 1978 2706 careri
1994 2682 2072 2706 non
2089 2676 2231 2718 posset.
2249 2691 2300 2698 -

1250 2732 1294 2768 L.
1315 2731 1370 2766 18.
1383 2729 1692 2781 ἀποχωρήσαντος]
1705 2731 1756 2765 sic
1766 2729 1868 2774 cod.,
1881 2728 2082 2788 nanwx„
2093 2736 2137 2764 ut
2147 2728 2303 2766 Fed.-

1249 2792 1292 2824 L.
1317 2803 1378 2837 29.
1397 2792 1517 2825 τοῦτον
1538 2786 1682 2825 ἐλθόντα
1698 2792 1710 2834 ]
1729 2790 1867 2824 iterum
1886 2790 1966 2834 οὖν,
1991 2795 2029 2824 et
2048 2788 2086 2825 h.
2116 2789 2142 2824 l.
2162 2788 2296 2834 tacite,

1249 2849 1474 2896 interposuit
1487 2849 1577 2884 Fed.

1301 2906 1392 2955 Pag.
1426 2907 1513 2953 384,
1549 2907 1575 2944 l.
1608 2910 1668 2948 14.
1698 2925 1748 2933 -
1777 2903 1929 2955 Ἔχθρὸν
1950 2901 2138 2954 πατέρων]
2171 2902 2294 2955 ἐχθρὸν

1248 2966 1409 3015 πατρῶον
1448 2966 1580 3008 tacite,
1620 2971 1787 2999 ceterum
1830 2963 1927 2998 bene
1965 2962 2072 2998 dedit
2113 2961 2294 3001 Federus.

1246 3023 1353 3059 Idem
1372 3023 1430 3058 vel
1452 3022 1583 3072 ἐχθρῶν
1605 3019 1766 3072 πατέρων
1785 3022 1989 3069 proposuit
2009 3020 2225 3058 Piccolous.
2245 3042 2298 3049 —

1246 3082 1376 3117 Paullo
1387 3089 1474 3129 post
1486 3081 1649 3116 Federus
1661 3093 1793 3115 vocem
1809 3076 1979 3121 ἀποδείξει
1991 3079 2132 3126 absque
2146 3079 2298 3116 ratione

1245 3142 1405 3176 mutavit
1425 3140 1464 3176 in
1486 3137 1655 3181 ἀπέδειξε.
1674 3139 1820 3174 Deinde
1846 3150 1936 3174 vero
1958 3150 2031 3186 pro
2054 3139 2167 3173 ταῦτα
2183 3134 2295 3184 λέγων

1245 3200 1341 3236 benc
1374 3200 1540 3235 correxit
1569 3197 1681 3233 ταύτὰ
1718 3195 1844 3245 λέγων.
1878 3198 1989 3232 —-L.
2019 3207 2083 3233 20.
2105 3193 2286 3246 [γαμεῖν]

1245 3256 1400 3307 ἔμελλε]
1420 3258 1622 3293 Diibnerus
1645 3256 1757 3292 scrib.
1785 3262 1911 3291 censet
1935 3253 2063 3302 ἔγημε,
2088 3253 2194 3301 quod
2209 3265 2294 3290 ma-

1239 3317 1394 3365 jusculis
1408 3317 1523 3352 literis
1542 3323 1735 3351 exaratum
1751 3314 1927 3351 facillime
1942 3314 2045 3348 abire
2065 3313 2235 3360 potuerit
2254 3313 2292 3348 in

1243 3374 1384 3425 ἔμελλε.
1417 3375 1581 3411 Federus
1607 3374 1758 3422 supplet
1788 3370 1995 3422 ἀγαγέσθαι.
2017 3392 2070 3398 --
2089 3370 2189 3408 lhid.
2214 3368 2291 3420 'Ap-

1243 3433 1378 3471 νώσσου
1396 3433 1409 3484 ]
1444 3436 1526 3470 lloc
1559 3433 1724 3469 Federus
1743 3432 1905 3467 mutavit
1935 3432 1974 3465 in
2009 3426 2170 3479 Ἄρδυος,
2203 3430 2292 3476 quia

1243 3494 1367 3541 Mysiae
1384 3494 1443 3528 ille
1465 3505 1529 3528 rex
1553 3491 1704 3527 aliunde
1723 3503 1801 3526 non
1820 3497 1932 3526 notus
1952 3485 2123 3538 Ἀρδύνιον
2146 3486 2288 3522 condi-
