2372 3704
742 198 1067 240 musiMAcm
1096 197 1241 236 SAMII
1273 182 1605 236 FRAGMENTA.

105 294 310 344 λυπηθέντες
322 292 406 346 πρὸς
421 289 499 335 τοὺς
516 288 799 341 πολιτευομένους
817 291 879 334 τῆς
895 288 1000 333 αὐτῆς
1018 285 1152 328 πόλεως

106 354 162 394 διὰ
187 353 250 398 τὰς
276 351 464 405 προσόδους
495 349 557 393 τὰς
575 346 829 402 προειρημένας
847 345 946 398 παρὰ
976 343 1152 384 Σωσιὸίου

106 412 262 455 ἐαθείσας
280 414 323 462 τῇ
346 410 446 448 πόλει
468 409 582 446 αὐτῶν
596 423 606 432 ·
633 406 715 460 περὶ
740 400 779 445 οἷ
811 403 990 445 Σωσιὸίου
1015 406 1033 442 ὁ
1053 403 1154 454 σοφὸς

106 469 340 526 χρονογρᾶφος
372 466 579 510 Παυσανίας
607 466 757 512 ἐξέθετο,
784 462 836 502 ὅτι
866 463 960 502 εἴασε
985 463 1153 512 τελευτῶν

107 529 199 570 κατὰ
213 528 379 576 διαθήκας
397 530 439 581 τῇ
458 529 524 565 τῶν
544 524 747 577 Ἀντιοχέων
766 523 901 575 μεγάλῃ
918 522 1018 560 πόλει
1039 519 1154 560 Σωσί-

109 590 182 633 ὅιός
194 605 245 633 τις
261 587 401 635 ἐτησίαν
418 586 587 638 πρόσοδον
601 583 747 638 χρυσίου
764 583 924 623 τάλαντα
940 581 1024 620 δέκα
1040 579 1154 618 πέντε·

109 648 208 687 ἅτινα
233 649 266 686 ἐν
286 652 356 690 τοῖς
376 644 539 696 ἀνωτέρω
567 644 703 696 χρόνοις
721 645 781 680 τοῦ
802 639 1004 692 Αὐγούστου
1022 639 1158 678 Ὀκτα-

109 706 230 745 ὅιανοῧ
250 703 513 758 προγέγραπται
539 704 597 753 (p.
622 707 696 745 224
713 699 740 753 ).
767 697 824 738 Τὰ
844 699 880 737 δὲ
908 701 969 744 τῆς
988 696 1159 749 προσόδου

110 764 208 811 εἷοίθη
224 763 281 802 ἐπὶ
300 763 339 801 τὸ
359 763 590 800 ἐπιτελεῖσθαι
603 766 673 804 τοῖς
687 760 802 801 αὐτοῖς
819 756 1050 807 συμπολίταις
1069 754 1160 793 κατὰ

109 825 280 869 πενταετῆ
308 820 432 874 χρόνον
452 820 670 872 πολύτροπον
691 817 771 855 θέαν
792 816 848 855 ἐπὶ
869 814 1001 866 ἡμέρας
1021 813 1052 852 λ’
1077 813 1161 864 μηνὶ

110 878 395 932 ζΥτιτερὸερεταίῳ
427 880 477 930 τῷ
507 877 567 915 καὶ
587 875 784 927 Ὀκτοὸρίῳ
813 875 999 920 σκηνικῶν,
1020 872 1163 922 θυμελι-

111 941 181 978 κῶν
202 938 263 977 καὶ
279 938 453 990 τραγικῶν
471 935 531 974 καὶ
549 936 706 982 ἀθλητῶν
725 935 844 985 ἀγῶνα
860 932 920 971 καὶ
933 933 1088 970 ἱππικῶν
1103 929 1163 967 καὶ

113 996 340 1048 μονομάχιον.
365 994 437 1035 Καὶ
457 994 517 1038 τὰς
538 992 600 1044 μὲν
630 991 742 1045 ἀρχὰς
774 989 983 1029 ἐπετέλεσαν
1010 990 1042 1027 οἱ
1066 986 1164 1025 αὐτοὶ

112 1054 390 1103 πολιτευόμενοι,
412 1051 501 1102 μετὰ
521 1052 557 1090 δὲ
576 1055 686 1089 ταῦτα
702 1049 936 1102 ὖπερετίθεντο
955 1046 1015 1091 τὰς
1036 1046 1164 1099 προσό-

114 1115 193 1157 δους
209 1110 517 1165 ἀποκερδαίνοντες
533 1109 596 1154 ἕως
613 1108 683 1148 ἀπὸ
701 1108 793 1152 θείας
812 1106 1002 1149 κελεύσεως
1021 1107 1052 1143 οἱ
1068 1103 1166 1142 αὐτοὶ

114 1170 375 1220 πολιτευόμενοι
393 1168 604 1221 Ἀντιοχείας
623 1167 711 1218 μετὰ
727 1166 787 1206 καὶ
806 1168 875 1204 τῶν
893 1164 1070 1217 κτητόρων
1086 1161 1167 1214 ἠγό-

117 1245 229 1283 ρασαν
243 1228 289 1267 τὰ
305 1228 490 1278 Ὀλύμπια
511 1226 580 1265 ἀπὸ
596 1230 664 1265 τῶν
682 1225 857 1264 Πισαίων.

555 1318 559 1325 ’
606 1305 643 1342 6.

171 1384 304 1432 Steph.
327 1384 368 1420 B.
391 1394 400 1419 :
419 1380 528 1428 Γάζα,
539 1379 638 1422 πόλις
650 1378 824 1425 Φοινίκης.
837 1407 862 1424 ..
885 1377 930 1416 ‘O
944 1375 1088 1422 πολίτης
1103 1377 1170 1414 Γα-

119 1443 223 1486 ζαῖος.
236 1436 408 1491 Λέγονται
422 1438 482 1476 καὶ
499 1437 649 1485 Γαζηνοὶ
660 1437 883 1490 παραλόγως,
897 1437 943 1479 ὡς
954 1434 1169 1477 Παυσανίας.

535 1567 537 1569 .
621 1523 658 1556 7.

174 1587 282 1624 Idem
305 1599 313 1622 ε
338 1583 490 1637 Βότρυς,
513 1584 611 1627 πόλις
636 1582 818 1629 Φοινίκης·
839 1585 857 1621 ὁ
876 1581 1019 1628 πολίτης
1040 1583 1170 1632 Βοτρυ-

119 1644 218 1692 ηνός,
247 1645 294 1687 ὣς
323 1642 547 1690 Παυσανίας,
572 1641 796 1694 παραλόγως.
819 1645 863 1680 V.
898 1643 946 1678 de
972 1643 1044 1678 hac
1077 1642 1172 1677 urbe

121 1705 277 1742 Malalas
295 1717 335 1753 p.
357 1702 432 1747 485
446 1730 456 1748 ,
480 1715 524 1738 12
548 1715 631 1750 sqq.

632 1784 667 1820 8.

176 1863 283 1899 Idem
301 1874 310 1900 τ
330 1863 360 1900 Γ
362 1860 456 1898 άὸὅα
467 1891 477 1906 ,
490 1858 589 1902 πόλις
606 1858 748 1911 Συρίας.
761 1857 812 1897 Τὸ
827 1857 958 1896 ἐθνικὸν
974 1856 1172 1903 Γαὸὅηνός,

124 1922 172 1964 ὡς
192 1918 394 1962 Παυσανίας
414 1916 514 1971 φησί.
531 1919 701 1954 Eandem
720 1919 854 1954 urbem
865 1945 875 1962 ‚
892 1925 988 1966 puto
999 1945 1008 1963 ,
1022 1917 1177 1952 Malalas

124 1993 163 2029 p.
188 1979 284 2026 378,
312 1991 377 2023 12,
398 1985 435 2014 et
456 1977 553 2023 448,
578 1990 645 2022 12,
668 1974 818 2014 Γάὸαλα
835 1976 940 2011 dicit.

631 2072 668 2107 9.

435 2191 463 2225 E
493 2188 642 2225 Lumo
673 2187 872 2234 QUINTO.

183 2303 290 2340 Idem
307 2313 316 2339 :
339 2298 449 2338 Λᾶεια
462 2329 472 2348 ,
488 2297 586 2340 πόλις
604 2296 789 2349 Καρίας...
810 2295 856 2335 Ὁ
872 2295 1015 2342 πολίτης
1032 2294 1178 2342 Λαίτης,

130 2362 177 2405 ὡς
199 2357 403 2401 Παυσανίας
420 2356 505 2410 φησὶ
525 2356 692 2408 πέμπτῳ.

2172 195 2249 230 471

1711 294 1770 318 10.

1535 382 1564 416 Ε
1592 380 1743 416 LIBRO
1773 379 1943 415 SEXTO.

1270 477 1379 514 Idem
1406 489 1415 512 :
1446 472 1684 525 Μαριαμμία,
1715 471 1814 514 πόλις
1835 469 2025 509 Φοινίκων.
2049 473 2094 509 Οἱ
2125 472 2266 508 πολῖται

1218 536 1493 586 Μαριαμμῖται,
1512 535 1557 575 ὥς
1578 530 1784 572 Παυσανίας
1804 528 1904 580 ἕκτῳ.
2003 538 2007 542 ·

1272 594 1424 631 Malalas
1443 606 1484 641 p.
1521 592 1593 640 196
1613 598 1818 640 postquam
1837 589 2059 623 Ptolemaeos
2075 600 2193 634 usque
2219 587 2268 622 ad

1220 653 1463 701 Cleopatram
1490 656 1749 693 recensuerat,
1781 655 1962 694 tanquam
2000 646 2120 681 fontes
2155 658 2246 680 suos
2258 674 2268 692 ‚

1220 712 1322 747 unde
1340 712 1419 746 haec
1439 710 1655 758 sumpserit,
1675 708 1849 743 nominat
1869 702 2036 743 Εὐσέὸιον
2054 702 2110 740 τὸν
2126 702 2270 753 Παμφί-

1223 772 1284 808 λου
1302 767 1362 806 καὶ
1384 766 1592 807 Παυσανίαν
1611 764 1689 808 τοὺς
1703 762 1975 816 χρονογράφους.
1995 765 2142 811 Regum
2160 763 2272 797 istum

1222 829 1469 873 laterculum,
1502 833 1635 875 utpote
1661 837 1839 860 mancum
1865 830 1901 858 et
1924 822 2271 865 mendosissimum,

1224 900 1348 936 neque
1366 900 1453 923 cum
1487 885 1638 922 Eusebii
1668 884 1835 919 numeris
1847 909 1857 926 ,
1874 893 1998 928 neque
2010 909 2019 927 ‚
2046 887 2140 929 puto
2155 908 2166 928 ,
2187 892 2273 915 cum

1226 947 1416 982 Pausaniae
1429 973 1439 992 ,
1476 945 1770 980 consentientem
1787 969 1796 986 ,
1835 940 2045 977 exscribere
2084 951 2161 974 non
2193 944 2274 973 erat

1227 1018 1350 1055 operae
1363 1005 1543 1053 pretium.

1336 1214 1854 1312 PAUSIMACHUS
1895 1247 2178 1306 SAMIUS.

1290 1417 1305 1432 «
1331 1401 1596 1436 Pausimachus
1608 1400 1754 1436 Samius
1778 1400 1877 1433 inter
1905 1409 1969 1434 eos
1999 1396 2065 1443 qui
2094 1402 2281 1430 terrarum

1231 1460 1426 1495 historiam
1449 1458 1568 1494 literis
1583 1458 1724 1494 fuerint
1741 1456 1948 1505 persecuti,
1970 1466 1992 1490 a
2010 1455 2109 1490 Ruso
2136 1453 2282 1488 Avieno

1232 1518 1396 1554 refertur
1417 1519 1456 1552 in
1486 1517 1742 1566 descriptione
1771 1516 1854 1551 Orae
1883 1513 2081 1552 maritimae
2104 1511 2161 1560 (v,
2182 1509 2252 1557 45)
2272 1523 2281 1547 :

1233 1576 1505 1613 Pam-{machus
1536 1576 1642 1618 inde,
1684 1578 1812 1622 prisca
1845 1585 1950 1621 quem
1977 1573 2106 1618 genuit
2139 1569 2283 1606 Samos.

1233 1635 1381 1671 Medius
1397 1641 1524 1670 autem
1544 1634 1756 1669 collocatur
1780 1632 1875 1666 inter
1894 1630 2090 1677 Scylacem
2115 1628 2286 1675 Caryan—

1236 1693 1389 1729 densem
1410 1700 1447 1728 et
1461 1693 1667 1728 Damasten
1687 1691 1920 1739 Sigeensem,
1942 1689 2146 1736 scriptores
2176 1693 2284 1721 vetu·
2314 1690 2330 1708 ⁴*

1235 1753 1426 1789 stissimos.
1442 1767 1457 1783 »
1470 1753 1581 1787 Voss.
1596 1749 1883 1785 Pausimachum
1893 1747 2084 1796 quendam
2094 1746 2287 1782 Rhodium

1235 1818 1421 1846 memorat
1437 1810 1601 1858 Appian.
1619 1810 1657 1843 in
1679 1809 1762 1856 Syr.
1787 1821 1819 1844 c.
1838 1807 1903 1852 233
1923 1808 2054 1850 alium,
2070 1806 2287 1853 parasitum,

1238 1870 1437 1905 Athenaeus
1457 1869 1522 1912 VI,
1538 1881 1577 1916 p.
1599 1866 1691 1911 245,
1716 1868 1756 1903 R.
1775 1867 1911 1901 Nescio
1929 1877 1976 1900 an
1997 1863 2286 1899 Pausimachum

1239 1928 1429 1975 quendam
1457 1927 1614 1962 laudare
1645 1925 1810 1960 voluerit
1840 1923 2082 1966 Plutarchus,
2123 1934 2168 1957 co
2202 1921 2289 1956 loco

1240 1986 1306 2020 ubi
1326 1999 1427 2021 nunc
1457 1992 1682 2033 corruptum
1707 1990 1827 2019 exstat
1844 1994 1983 2018 nomen
2003 1979 2239 2016 Trisimachi.

1654 2083 1874 2120 ΚΤΙΣΕΙΣ.

1294 2183 1486 2220 Plutarch.
1518 2183 1605 2220 Par.
1623 2183 1716 2220 min.
1748 2195 1780 2217 c.
1802 2181 1824 2216 6
1849 2193 1857 2215 :
1881 2180 1963 2217 Τῶν
1985 2177 2060 2227 ἅμα
2092 2175 2294 2215 Πολυνείκει

1241 2238 1489 2291 εὐωχουμένων
1524 2240 1686 2291 λοχαγῶν
1707 2238 1805 2282 ἀετὸς
1825 2235 2007 2279 καταπτὰς
2026 2234 2065 2272 τὸ
2091 2234 2293 2286 Ἀμφιάρεω

1242 2297 1416 2335 §getarum-2
1439 2297 1519 2350 δόρυ
1539 2299 1586 2340 εἷς
1615 2297 1698 2350 ὕψος
1725 2296 1785 2334 καὶ
1805 2295 1919 2334 εἴασε·
1937 2293 1976 2332 τὸ
2002 2292 2037 2331 δὲ
2058 2291 2169 2343 παγὲν
2191 2293 2226 2329 ἐν
2249 2294 2294 2343 γῇ

1207 2374 1211 2387 ι
1245 2354 1356 2408 δάφνη
1392 2355 1538 2407 ἐγένετο.
1574 2358 1631 2408 Τῇ
1664 2356 1694 2393 δ’
1728 2353 1897 2406 ὑστεραίᾳ
1926 2351 2187 2400 πολεμούντων,
2217 2349 2297 2388 κατ’
2353 2396 2358 2399 μ

131 2473 218 2514 quod
231 2480 314 2511 aegre
336 2471 455 2502 ferrent
473 2469 505 2500 in
531 2467 770 2508 magistratibus
792 2467 858 2498 suis
881 2475 918 2498 ea
931 2475 1003 2506 quae
1031 2466 1071 2498 de
1090 2475 1187 2507 supra

131 2523 225 2556 dictis
241 2521 356 2555 Sosibii
383 2520 538 2553 reditibus
555 2519 698 2551 factitata
714 2520 830 2550 essent.
856 2518 999 2549 Sosibius
1014 2517 1099 2550 enim
1110 2541 1119 2555 ,
1137 2518 1184 2549 uti

132 2575 288 2615 scriptum
305 2573 433 2613 reliquit
446 2571 619 2604 Pausanias
634 2570 760 2611 sapiens
775 2569 1038 2610 chronographus
1048 2593 1056 2608 ‚
1078 2570 1187 2601 Antio·

134 2627 215 2659 chiae
227 2633 351 2666 magnae
364 2623 481 2664 legavit
494 2623 632 2654 moriens
642 2621 824 2663 quindecim
835 2621 904 2652 auri
920 2621 1042 2652 talenta
1062 2630 1186 2652 annua-

134 2680 194 2712 tim
204 2678 276 2710 urhi
291 2677 459 2716 solvenda,
473 2676 565 2708 sicuti
580 2675 724 2716 superius
740 2675 771 2706 in
782 2674 914 2714 Augusti
925 2675 1091 2706 Octaviani
1104 2676 1187 2706 tem-

136 2731 267 2772 poribus
276 2730 491 2761 memoratum
506 2730 563 2759 ost.
580 2727 729 2759 Reditum
744 2734 821 2757 vero
842 2726 928 2757 hunc
946 2734 1089 2756 annuum
1101 2727 1187 2758 Sosi-

137 2783 209 2814 bius
235 2780 442 2814 Antiochenis
471 2779 652 2819 legaverat,
685 2779 721 2809 ut
748 2777 903 2809 haberent
934 2777 1019 2809 unde
1043 2780 1190 2818 sumptus

138 2836 278 2867 facerent
289 2834 323 2865 in
333 2833 457 2865 varium
470 2831 690 2872 spectaculum
703 2830 903 2862 scenicorum
914 2853 922 2868 ‚
932 2829 1190 2870 thymelicorum,

138 2887 332 2926 tragicorum
343 2909 351 2925 ,
363 2884 589 2916 athleticorum
603 2882 752 2914 ludorum
763 2906 772 2921 ‚
790 2881 1001 2922 gladiatorum
1015 2891 1145 2922 quoque
1159 2883 1190 2913 et

140 2937 355 2971 certaminum
377 2935 591 2976 equestrium,
610 2933 698 2975 quod
715 2933 831 2974 quinto
847 2941 977 2973 quoque
993 2941 1096 2972 anno,
1126 2935 1189 2973 Hy·

142 2991 336 3032 perberetaeo
358 2989 425 3021 sive
440 2988 571 3021 Octobri
590 2995 698 3019 mense
708 3011 717 3026 ‚
731 2995 787 3027 per
799 2986 929 3026 triginta
944 2985 1011 3018 dies
1029 2987 1192 3018 celebran—

142 3044 219 3076 dum
233 3044 325 3075 esset.
341 3043 381 3074 Et
393 3041 482 3073 initio
501 3040 632 3082 quidem
646 3039 739 3071 ludos
755 3039 851 3071 hosce
866 3039 1120 3079 gymnasiarchae
1134 3039 1197 3070 rite

144 3095 365 3132 celebrabant;
383 3093 533 3134 deinceps
547 3101 622 3124 vero
635 3092 787 3123 lucellum
805 3093 984 3132 captantes,
1005 3091 1194 3123 celebratio-

145 3156 219 3179 nem
236 3146 319 3178 hanc
343 3145 468 3186 penitus
488 3144 698 3183 omittebant,
726 3143 828 3174 donec
858 3142 967 3174 divino
992 3142 1197 3183 imperatoris

147 3199 250 3230 edicto
264 3198 418 3238 primores
431 3196 519 3228 urbis
535 3195 683 3236 Olympia
696 3204 714 3226 a
725 3195 834 3227 Pisaeis
852 3194 1055 3227 redimerent.

654 3281 689 3312 6.

1760 2489 1794 2519 7.

1287 2556 1418 2595 Botrys,
1438 2555 1512 2586 urbs
1533 2555 1705 2586 Phoenices
1725 2554 1812 2585 Civis
1829 2555 2027 2590 Bon-venus,
2050 2551 2087 2582 ut
2103 2549 2292 2586 Pausanias,

1247 2608 1358 2638 contra
1369 2607 1522 2646 regulam.

1757 2672 1791 2703 8.

1290 2726 1400 2764 Gabba
1413 2751 1422 2766 ‚
1434 2726 1511 2758 urbs
1524 2726 1634 2766 Syr-im.
1650 2726 1736 2757 Civis
1751 2725 1923 2756 Gabbenus
1934 2749 1943 2764 ‚
1961 2726 1996 2755 ut
2015 2723 2187 2755 Pausanias
2201 2721 2257 2752 ait.

1755 2804 1791 2834 9..

1291 2859 1383 2898 Laia,
1411 2858 1487 2890 urbs
1503 2858 1618 2890 Cariae.
1649 2857 1736 2890 Civis
1757 2857 1876 2896 mites,
1906 2857 1942 2886 ut
1962 2854 2134 2887 Pausanias
2156 2852 2203 2884 ait
2222 2851 2305 2883 libro

1250 2913 1374 2953 quinto.

1753 2972 1808 3004 10.

1294 3028 1495 3060 Mariammia
1506 3052 1514 3066 ‚
1530 3027 1606 3059 urbs
1620 3027 1821 3058 Phoenicum.
1836 3026 1933 3058 Cives
1950 3023 2172 3057 Mariammitae
2185 3044 2194 3061 ,
2208 3021 2244 3052 ut
2262 3020 2306 3051 ait

1255 3081 1424 3113 Pausanias
1434 3082 1536 3112 sexto.

1540 3189 1744 3228 URBIUM
1765 3187 2019 3226 ORlGlNES.

1302 3295 1441 3328 Ducibus
1456 3295 1510 3335 qui
1534 3303 1608 3325 cuni
1626 3293 1774 3334 Polynice
1800 3292 1891 3323 erant
1907 3287 2170 3325 convivantibus,
2197 3283 2302 3324 aquila

193 3357 296 3393 Gaza,
330 3353 406 3384 urbs
433 3352 607 3384 Phoenices.
629 3352 716 3383 Civis
741 3352 887 3382 Gazaeus.
918 3350 1082 3381 Vocantur
1101 3348 1198 3381 etiam
1258 3348 1409 3380 devolans
1424 3347 1546 3378 hastam
1559 3345 1740 3385 Amphiarai
1762 3345 1884 3383 raptam
1898 3342 1929 3373 in
1943 3340 2080 3372 sublime
2094 3336 2217 3374 evexit,
2233 3335 2306 3366 inde

152 3407 281 3440 Gazaeni
291 3431 302 3448 ‚
316 3408 432 3447 praetor
447 3406 620 3443 rationem,
641 3407 677 3436 ut
693 3403 777 3444 apud
790 3403 988 3436 Pausaniam.

1259 3400 1388 3431 dimisit.
1415 3401 1460 3431 Ea
1486 3399 1578 3431 terrac
1601 3397 1697 3429 infixa
1720 3397 1751 3427 in
1773 3396 1899 3427 laurum
1931 3395 1976 3425 cst
1997 3392 2131 3423 mutata.
2153 3385 2307 3420 Postridie
