2326 3724
106 209 176 242 120

101 288 265 338 δημόσιον
286 283 374 328 εἶναι
391 290 565 336 συντάξεις
584 307 621 330 τε
638 292 696 330 καὶ
714 293 835 343 μισθὸν
852 295 1044 347 ἐπαρκέσαι
1060 311 1145 348 προ·

99 349 244 400 χείρως,
264 348 369 387 ὁπότε
388 365 427 401 γε
446 350 536 400 μηδὲ
554 352 667 395 αὐτοῖς
696 351 809 401 μόνοις
828 354 898 397 τοῖς
919 353 1147 406 στρατιώταις

101 406 307 457 ἀμέμπτους
334 410 511 447 ὑποτελεῖν
531 408 592 453 τὰς
622 410 791 462 χορηγίας
820 411 1011 461 δυνάμεθα.
1034 411 1147 452 εΟπό-

101 480 200 516 τερον
230 465 265 503 δὲ
299 467 412 505 αὐτῶν
439 468 491 505 δεῖ
517 467 614 520 φίλον
634 469 861 522 προελέσθαι,
882 469 1003 509 τούτου
1030 471 1147 523 κύριον

100 523 204 561 αὐτὸν
223 524 370 576 βασιλέα
388 525 632 567 καθίστασθαι.
657 527 702 567 ‘O
724 528 759 565 δὲ
780 527 837 565 ἐπὶ
860 527 922 574 τὴν
943 527 1050 575 αὐλὴν
1071 529 1147 573 τούς

99 596 136 619 τε
153 583 244 620 κατὰ
260 582 323 629 τὴν
343 584 444 622 πόλιν
465 585 680 637 στρατιώτας
697 585 846 630 καλέσας
862 586 922 624 καὶ
938 587 999 630 τὰς
1018 587 1147 639 σχολὰς

101 640 264 692 ἁπάσας,
284 641 415 686 ἀνα6ὰς
435 643 491 681 ἐπὶ
509 647 609 695 βῆμα
628 644 743 682 πολλὰ
763 648 823 682 τοῦ
848 645 1061 698 Θευδερίχου
1081 661 1147 684 κα-

97 701 258 751 τηγόρει,
278 702 312 738 ἐν
344 700 476 745 τούτοις
506 700 599 745 ὅπως
630 717 667 743 τε
698 705 768 746 τοῖς
803 702 993 752 Ῥωμαίοις
1024 704 1145 756 ἐχθρὸς

99 757 228 796 ἄνωθεν
260 758 338 809 εἴη,
359 760 418 798 καὶ
451 762 496 804 ὡς
527 760 725 811 ἐλυμήνατο
750 762 820 804 τοῖς
850 761 913 808 τὴν
934 761 1080 816 Θρᾴκην
1099 764 1147 801 οἷ-

96 820 196 855 κοῦσι
210 849 220 867 ,
237 818 357 870 χεῖράς
376 834 413 856 τε
434 818 639 870 ἀποτέμνων
660 819 733 870 ἅμα
750 822 800 872 τῷ
826 819 1002 874 Ἁρματίῳ
1022 822 1082 860 καὶ
1105 821 1144 860 τὸ

95 880 269 927 γεωργοῦν
289 876 381 914 ἅπαν
402 877 551 924 ποιήσας
571 878 778 916 ἀνάστατον·
795 880 888 922 ὅπως
905 895 942 917 τε
959 879 1144 932 τυραννίδα

97 934 205 972 πάλιν
235 935 292 972 ἐπὶ
312 936 382 979 τοῖς
400 938 524 979 κοινοῖς
542 935 604 983 τὴν
626 936 838 975 Βασιλίσκου
868 936 1054 988 ἐπήγειρε,
1085 937 1145 975 καὶ

94 995 141 1036 ὣς
160 993 237 1037 τοὺς
257 994 472 1046 στρατιώτας
503 996 630 1032 ἐκεῖνον
651 994 831 1033 ἀνέπεισεν
852 994 1007 1034 ἐκποδὼν
1044 996 1146 1043 ποιή-

95 1055 243 1102 σασθαι,
265 1056 310 1096 ὡς
331 1056 398 1091 τῶν
419 1053 558 1092 Γότθων
580 1053 792 1105 ἀρκούντων.
816 1053 887 1093 Καὶ
908 1058 966 1091 νῦν
989 1054 1030 1101 δὴ
1057 1070 1143 1108 πρε-

95 1109 282 1148 σὸεύεσθαι
309 1111 372 1149 οὐκ
404 1111 541 1163 εἰρήνης
559 1128 597 1163 γε
618 1113 764 1162 μᾶλλον,
785 1110 807 1158 ἢ
837 1112 1048 1165 στρατηγίας
1067 1113 1144 1151 δεό-

95 1183 212 1218 μενον.
235 1187 251 1202 «
268 1169 338 1208 ἻΙν
359 1163 415 1208 oliv
437 1169 534 1222 ἔχετε
550 1169 692 1221 γνώμην
710 1169 769 1207 καὶ
784 1173 882 1221 ὑμεῖς
899 1171 979 1223 περὶ
995 1171 1140 1219 τούτων,

92 1225 222 1274 ταύτην
247 1243 263 1261 »
292 1227 356 1281 ἔφη
383 1245 398 1262 α
433 1231 518 1281 παρ’
538 1230 635 1278 ὑμῶν
663 1230 811 1267 ἀκοῦσαι
847 1229 1052 1282 βουλόμενος
1071 1231 1143 1269 νυνὶ

93 1286 341 1338 παρεκάλεσα,
375 1285 473 1330 εἰδὼς
506 1289 573 1324 τῶν
608 1287 780 1339 βασιλέων
809 1288 949 1333 τούτους
977 1291 1143 1342 ἀσφαλῶς

93 1343 271 1414 πράττειν,
292 1343 360 1383 οἳ
344 1361 385 1383 αν
407 1344 449 1383 τὰ
479 1344 702 1397 βουλεύματα
722 1351 793 1390 τοῖς
814 1347 1044 1420 στρατιώταις
1069 1364 1141 1387 κοι-

92 1400 261 1440 νώσωσιν.
286 1419 302 1436 »
322 1405 368 1441 Οἱ
389 1403 423 1441 δὲ
443 1407 483 1450 ῆς
501 1402 676 1441 κατέτεινε
699 1405 910 1457 κατηγορίας
931 1405 1142 1450 ἀκούσαντες

92 1458 152 1497 και
170 1462 209 1498 ἐκ
226 1459 354 1510 ταύτης
375 1460 606 1522 διδαχθέντες..ί
612 1460 630 1500 ὃ
649 1477 738 1514 χρην
759 1465 885 1515 ἀποκρι
876 1463 1033 1512 ίνασθαι,
1050 1465 1140 1503 πάν-

91 1533 146 1562 τες
180 1518 389 1567 ἀνε6όησαν,
418 1519 539 1572 ἐχθρον
574 1523 662 1558 εἰναι
702 1520 892 1572 Ῥωμαίοις
926 1522 1138 1576 Θευδέριχον

91 1576 152 1613 και
179 1577 311 1621 πάντας
331 1577 363 1616 εἴ
379 1594 429 1622 τις
448 1578 567 1617 ἐκείνω
594 1579 891 1627 συνέστηκεν.οὐ
925 1582 1041 1632 μέντοι
1070 1588 1142 1626 τοῖς

91 1634 260 1686 πρέσ6εσι
291 1636 421 1683 ταύτην
456 1636 554 1680 εὐθὺς
587 1637 713 1676 ἔδωκεν
741 1639 923 1692 ἀπόκρισιν
956 1642 973 1677 ὁ
1005 1638 1139 1687 Ζήνων,

93 1693 170 1731 ἀλλ’
198 1696 350 1747 ἐπεῖχεν,
379 1694 443 1739 ἕως
470 1694 509 1733 τὸ
541 1695 646 1734 πλέον
674 1696 814 1735 ἀκούσει
829 1700 897 1736 τῶν
919 1697 1052 1742 ἔξωθεν.
1077 1698 1139 1738 Ἐν

90 1752 203 1806 τούτῳ
223 1753 257 1791 δὲ
281 1754 470 1807 γράφοντες
485 1754 528 1793 τὰ
548 1755 643 1794 ἔνδον
662 1755 827 1807 γινόμενα
844 1759 911 1794 τῶν
930 1758 964 1795 ἐν
979 1761 1024 1808 τῇ
1041 1757 1140 1795 πόλει

90 1811 179 1855 τινὲς
204 1814 254 1864 τῷ
274 1812 479 1866 Θευδερίχῳ
505 1813 679 1864 ἑάλωσαν,
700 1813 862 1865 Ἄνθιμός
881 1831 918 1853 τε
938 1815 1052 1866 ἰατρὸς
1080 1815 1139 1853 καὶ

91 1871 332 1922 Μαρκελλῖνος
349 1872 408 1910 καὶ
429 1870 619 1925 Στέῖρανος.
641 1872 713 1912 Καὶ
733 1875 771 1911 οὗ
795 1873 896 1923 μόνον
917 1876 1047 1912 ἑαυτῶν
1065 1876 1139 1912 ἐπι-

92 1928 216 1973 στολὰς
245 1929 417 1981 ἔπεμπον,
440 1931 531 1969 ἀλλὰ
549 1931 609 1969 καὶ
636 1934 704 1969 τῶν
736 1934 770 1970 ἐν
796 1932 887 1970 τέλει
906 1932 1139 1983 πλαττόμενοι

91 1987 285 2040 γράμματα
318 1988 438 2042 ἐκείνῳ
464 1989 684 2038 ἐπέστελλον,
703 1990 883 2043 θαρσύνειν
914 1991 1137 2043 βουλόμενοι,

95 2102 134 2134 ad
149 2103 304 2143 stipendia
314 2105 461 2144 prompte
482 2105 627 2145 utrisque
639 2104 885 2146 suppeditanda,
897 2113 997 2145 quum
1014 2113 1054 2136 ne
1067 2104 1144 2136 solis

95 2155 225 2194 quidem
245 2155 400 2187 militibus
417 2156 521 2187 vietus
541 2156 712 2188 commode
730 2156 871 2197 praestari
897 2157 1011 2196 posset.
1058 2158 1143 2188 cum

95 2215 160 2246 quo
178 2215 255 2238 vero
269 2216 308 2238 ex
328 2207 455 2239 duobus
471 2207 646 2239 amicitiam
662 2208 828 2240 instituere
846 2209 1029 2249 praestaret,
1053 2208 1084 2239 id
1110 2208 1143 2240 in

96 2259 194 2290 solius
218 2259 420 2298 imperatoris
441 2259 575 2291 arbitrio
599 2261 783 2291 consistere.
810 2262 846 2291 ln
867 2260 978 2291 aulam
1005 2268 1138 2300 quoque

96 2310 278 2341 convocatis
294 2310 449 2342 militibus
471 2313 502 2343 et
521 2311 670 2344 omnibus
679 2312 814 2350 scholis,
829 2320 959 2344 ascenso
975 2313 1143 2352 suggestu,

97 2363 198 2394 multa
213 2363 252 2394 de
272 2363 493 2395 Theudericho
516 2366 648 2405 questus
669 2366 735 2405 est,
753 2365 893 2396 maxime
908 2364 995 2404 quod
1008 2363 1143 2404 jampri—

96 2415 168 2447 dem
186 2418 402 2447 Romanorum
419 2416 518 2448 hostis
537 2417 729 2457 exsttttsset,
744 2417 829 2458 quod
856 2416 1000 2449 Thraciae
1023 2416 1144 2449 incolas

97 2468 300 2509 depraedatus
321 2469 447 2510 fuisset,
464 2469 554 2510 quod
577 2479 640 2501 una
663 2479 737 2501 cum
764 2470 931 2502 Harmatio
953 2478 1069 2501 manus
1091 2478 1142 2501 ca-

97 2522 192 2562 ptivis
210 2523 420 2562 amputasset3
439 2522 527 2563 quod
543 2531 640 2554 omne
655 2522 868 2563 agricolarum
896 2530 995 2562 genus
1013 2521 1144 2554 sedibus

95 2573 161 2604 suis
183 2573 372 2612 expulisset,
385 2574 473 2614 quod
494 2575 635 2606 Basilisci
646 2574 849 2615 tyrannidem
864 2574 896 2605 in
913 2575 1142 2614 rempublicam

95 2625 285 2663 invexisset,
304 2624 418 2656 deinde
443 2626 483 2657 ad
503 2626 646 2665 eJusdem
667 2626 789 2657 caedem
805 2626 922 2657 milites
944 2626 1121 2665 instigasset

96 2679 251 2715 tanquam
266 2676 324 2707 soli
339 2677 435 2707 Gothi
452 2677 647 2709 sufficerent.
673 2679 712 2708 Et
728 2686 813 2708 nunc
828 2677 947 2716 legatos
959 2676 999 2708 ad
1016 2685 1050 2708 se
1067 2677 1138 2709 mit·

96 2730 181 2766 tere,
201 2729 342 2758 nontam
361 2730 396 2758 ut
418 2737 551 2768 pacem,
569 2737 668 2768 quam
683 2729 719 2759 ut
733 2729 893 2760 exercitus
903 2728 1072 2768 imperium
1087 2737 1140 2768 po-

97 2778 243 2810 stularet.
265 2792 280 2806 «ι
295 2781 388 2811 Nunc
402 2778 509 2819 igitur,
527 2793 541 2807 n
557 2780 680 2819 inquit,
700 2792 715 2806 ι(
732 2788 830 2820 qnam
847 2779 1037 2811 sententiam
1047 2788 1143 2820 super

98 2830 147 2862 his
162 2829 278 2861 dicturi
292 2830 378 2870 sitis,
400 2831 510 2863 audire
528 2831 677 2871 cupiens,
694 2840 752 2863 vos
776 2831 839 2862 huc
855 2831 1032 2862 convocavi
1054 2841 1062 2862 :
1078 2831 1143 2863 scio

97 2881 203 2920 enim,
221 2890 275 2913 eos
294 2881 500 2921 imperatores
515 2883 586 2914 tuto
605 2891 678 2914 suas
695 2891 744 2915 res
763 2891 874 2922 agere,
893 2882 948 2922 qui
965 2891 1024 2914 sua
1042 2883 1144 2915 consi-

98 2936 140 2966 lia
155 2943 228 2966 cum
242 2934 434 2965 exercitibus
449 2935 700 2966 communicant.
717 2948 732 2962 ›-
750 2937 789 2967 At
799 2936 858 2975 illi,
873 2935 1142 2976 accusationibus,

98 2994 177 3026 quas
201 2986 234 3016 in
252 2985 511 3017 Theuderichum
527 2979 698 3026 imperator
712 2986 908 3026 intenderat,
928 2987 1045 3018 auditis
1068 2988 1144 3019 satis

98 3048 139 3070 ex
153 3038 220 3079 ipsa
236 3038 457 3077 accusatione,
481 3039 556 3078 quid
574 3039 631 3070 sibi
646 3039 902 3079 respondendum
917 3041 1015 3079 esset,
1038 3040 1141 3080 perci-

99 3089 238 3130 pientes,
263 3090 521 3121 acclamavernnt
538 3098 667 3128 omncs,
685 3093 903 3122 Romanorum
926 3090 1051 3122 hostem
1075 3100 1143 3123 esse

99 3141 356 3175 Theuderichum
376 3145 407 3173 et
421 3151 550 3179 omnes,
573 3145 627 3182 qui
647 3143 691 3173 illi
713 3143 856 3173 faverent
869 3144 900 3174 et
915 3143 955 3173 ad
974 3143 1042 3182 ejus
1064 3152 1142 3174 cau-

100 3203 168 3226 sam
181 3202 215 3225 se
228 3193 449 3233 adjungerent.
497 3194 534 3224 Et
553 3193 612 3225 hoc
631 3193 760 3234 quidem
778 3203 962 3233 responsum
978 3197 1063 3226 Zeno
1078 3204 1143 3226 non

100 3257 118 3278 e
135 3244 267 3285 vestigio
282 3244 392 3284 legatis
405 3244 505 3284 dedit,
517 3244 571 3275 sed
585 3245 803 3284 exspectabat,
815 3245 916 3276 donec
933 3246 1141 3286 exploratius,

101 3296 261 3335 quomodo
278 3304 311 3327 se
330 3295 483 3326 haberent
496 3304 531 3326 ea
546 3304 618 3335 quae
642 3295 717 3326 soris
749 3297 945 3335 gererentur,
969 3298 1075 3328 sciret.
1094 3300 1143 3329 ln-

101 3353 190 3382 terea
205 3348 425 3394 comprehensi
455 3350 530 3380 sunt.
552 3349 606 3389 qui
627 3357 664 3380 ea
678 3358 759 3388 ‚qum
776 3349 807 3380 in
826 3349 904 3380 urbe
927 3349 1010 3381 facta
1033 3351 1141 3388 erant,

101 3402 141 3433 ad
160 3401 414 3433 Theuderichum
424 3401 614 3440 scripserant
624 3424 633 3440 ,
650 3401 817 3432 Authimus
828 3400 988 3441 medicus,
1010 3403 1142 3433 Mareel-

1172 2107 1178 2155 l

1172 3376 1176 3431 l

822 207 1024 249 MALCHI
1053 209 1525 253 PHILADELPHENSIS

1214 299 1260 342 ὡς
1291 299 1428 345 ῖκανους
1461 301 1586 354 ἔχοντα
1618 301 1696 347 τους
1730 304 2015 356 συμπράττοντας
2043 294 2151 348 &Sem
2179 309 2250 349 Καὶ

1209 359 1298 409 τρεῖς
1321 361 1390 397 τῶν
1407 360 1478 398 ἀπὸ
1499 362 1646 412 βουλῆς,
1668 367 1725 400 τοῦ
1746 363 1937 416 μαγίστρου
1965 365 2153 418 παρόντος,
2181 367 2252 412 ἐξε-

1207 417 1375 462 τάσαντες
1391 422 1520 466 ταῦτα,
1539 419 1598 457 καὶ
1617 420 1728 467 πλη
1692 437 1755 472 γας
1781 420 1826 459 τὰ
1855 421 2003 472 σώματα
2023 424 2188 468 πολλὰς’
2174 440 2249 463 επι-

1207 475 1360 524 θέμενοι,
1388 476 1498 530 φυγὴν
1530 478 1677 524 εἰσάπαξ
1707 479 1892 526 ἐπέθηκαν.
1922 484 2032 528 Δῆθεν
2067 483 2132 534 γὰρ
2159 478 2250 522 ἀπέ-

1206 537 1330 583 χεσθαι
1349 535 1496 574 θανάτου
1523 536 1583 574 καὶ
1601 540 1740 589 σφαγῶν
1759 538 1868 576 δοκεῖν
1886 542 1903 577 ὃ
1923 540 2043 586 Ζήνων
2075 540 2248 581 ἐὸούλετο.

1206 593 1420 640 Repudiata
1430 595 1481 630 sic
1492 598 1803 634 reconciliatione
1814 625 1824 643 ,
1844 611 1959 646 quam
1971 601 2252 638 Tlieudcrichus

1205 654 1432 700 proposuit,
1452 654 1595 689 bellum
1612 656 1707 690 illud
1725 664 1895 692 secutum
1921 671 1997 694 esse
2024 659 2190 705 videtur,
2213 661 2252 696 in

1207 721 1284 755 quo
1313 711 1426 746 urbes
1459 720 1610 748 vastans
1637 714 1783 749 Theud.
1806 728 1925 763 usque
1952 717 2000 752 ad
2024 730 2154 753 muros
2179 717 2251 765 Ry-

1205 768 1319 802 zantii
1342 771 1537 816 pervenit,
1569 771 1721 807 tandem
1750 785 1842 808 vero
1865 786 1887 808 a
1914 775 1989 810 suis
2019 775 2092 810 sibi
2119 777 2252 812 timens

1205 827 1380 871 recessit,
1407 828 1463 862 uti
1485 837 1641 865 narrant
1660 831 1844 880 Euagrius
1875 832 1954 877 111,
1984 831 2031 869 25
2065 840 2103 869 et
2129 834 2250 870 Theo-

1204 883 1347 933 phanes
1364 899 1405 935 p.
1433 886 1522 932 108,

1702 980 1762 1005 12.

1258 1052 1349 1088 Exc.
1368 1053 1424 1088 De
1440 1052 1513 1101 leg.
1533 1054 1647 1089 Rom.
1674 1066 1713 1102 p.
1736 1053 1785 1091 88
1805 1067 1814 1092 :
1832 1050 1919 1092 ζὈτι
1937 1053 1992 1092 τὸν
2015 1053 2165 1107 ἄρχοντα
2182 1057 2248 1095 Αἰ-

1205 1107 1337 1158 γύπτου
1371 1107 1429 1146 ἐπὶ
1465 1109 1564 1159 μόλις
1593 1109 1739 1161 χρυσίου
1758 1111 1890 1163 λίτραις
1914 1112 1942 1149 ν’
1969 1113 2248 1164 ἐκπεμπόμενον,

1203 1165 1322 1220 ὥσπερ
1339 1167 1646 1221 εὐδαιμονεστέρας
1662 1168 1851 1219 γενομένης
1866 1168 1888 1216 ἢ
1909 1170 2074 1222 πρόσθεν,
2094 1171 2151 1210 ἐπὶ
2171 1187 2249 1211 πεν-

1205 1225 1383 1269 τακοσίαις
1402 1228 1487 1276 ὁμοῦ
1504 1225 1636 1279 λίτραις
1653 1226 1870 1267 ἀπέστειλεν.

1590 1318 1650 1354 13.
1670 1318 1746 1371 (an.
1772 1318 1875 1368 478.)

1255 1406 1347 1442 Exc.
1371 1407 1428 1441 De
1458 1406 1532 1454 leg.
1557 1413 1659 1454 gent.
1691 1419 1731 1454 p
1761 1405 1826 1455 95.
1855 1407 1937 1454 96;
1959 1404 2045 1445 ιὈτι
2075 1407 2124 1444 τῶ
2153 1407 2248 1460 αὐτῷ

1203 1462 1272 1500 ἔτει
1291 1478 1355 1515 πρε
1342 1462 1487 1505 ’σ6εις’
1473 1478 1511 1500 εκ
1535 1462 1798 1515 Καρχηδόνος’
1783 1480 1815 1507 ες
1846 1463 2033 1508 Βυζάντιον
2056 1445 2172 1512 ἦλθον,
2190 1465 2247 1510 οὓς

1203 1521 1454 1571 Ἀλέξανδρος’
1437 1537 1520 1572 ηγεν
1538 1523 1556 1558 ὁ
1576 1538 1637 1568 της
1657 1521 1846 1572 'mnemon
1866 1522 2025 1573 γυναικὸς
2045 1523 2248 1575 ἐπίτροπος·

1202 1577 1268 1622 ὅς’
1254 1579 1309 1616 ετύ
1313 1595 1359 1631 γχ
1363 1595 1421 1616 ανε
1437 1580 1629 1633 πεμφθεις
1618 1595 1685 1617 υπο
1700 1580 1858 1626 Ζήνωνος
1875 1581 2006 1628 πάλαι,
2022 1581 2248 1628 συνθελούσης

1201 1637 1259 1676 καὶ
1291 1640 1396 1683 αὐτῆς
1425 1642 1525 1676 τοῦτο
1554 1642 1614 1686 τῆς
1643 1639 1851 1682 Πλακιδίας.
1874 1637 2026 1690 Ἔλεγον
2046 1639 2082 1678 δὲ
2107 1642 2137 1678 οἱ
2158 1639 2246 1692 πρέ-

1201 1696 1316 1744 σ6εις,
1336 1695 1389 1734 ὅτι
1410 1696 1602 1749 Ὁνώριχος
1619 1697 1714 1750 φίλος
1738 1713 1774 1735 τε
1803 1701 1852 1750 τῷ
1880 1700 2020 1750 βασιλεῖ
2035 1699 2247 1746 καθεστήκοι

1202 1755 1354 1802 ἀδόλως,
1373 1755 1432 1793 καὶ
1455 1755 1592 1807 στέργοι
1608 1755 1652 1793 τὰ
1673 1755 1877 1807 Ῥωμαίων,
1899 1756 1958 1794 καὶ
1975 1757 2096 1806 ἀφίησι
2113 1756 2246 1804 πάντα,

1201 1814 1223 1851 ἃ
1251 1814 1399 1867 πρόσθεν
1428 1815 1583 1852 ἐνεκάλει
1611 1813 1690 1866 περί
1717 1830 1754 1852 τε
1783 1817 1850 1852 τῶν
1879 1816 2057 1868 προσόδων
2087 1816 2148 1854 καὶ
2176 1819 2245 1854 τῶν

1202 1873 1316 1911 ἄλλων
1346 1873 1552 1925 χρημάτων,
1583 1872 1606 1910 ἃ
1633 1876 1694 1920 τῆς
1720 1874 1823 1911 αὐτοῦ
1852 1873 2012 1924 γυναικὸς
2041 1874 2246 1927 προειλήφει

1198 1934 1216 1983 ᾇ
1233 1932 1344 1978 Λέων,
1365 1931 1425 1969 καὶ
1441 1929 1506 1969 ὅσα
1524 1934 1592 1969 τῶν
1613 1931 1776 1984 ἐμπόρων
1796 1934 1863 1969 τῶν
1881 1933 1919 1970 ἐκ
1940 1936 2002 1979 τῆς
2023 1933 2247 1985 Καρχηδόνος

1201 1991 1280 2043 ἄρτι
1300 1990 1554 2040 καθισταμένου
1575 1994 1634 2028 τοῦ
1654 1990 1807 2039 πολέμου
1822 1990 1954 2043 ἐλήφθη
1965 2021 1976 2041 ,
1991 1991 2050 2029 καὶ
2064 1991 2096 2030 εἴ
2111 2008 2142 2030 τι
2161 1992 2246 2030 ἄλλο

1211 2103 1298 2135 linus
1314 2103 1346 2135 et
1364 2103 1543 2143 Stephanus
1555 2127 1563 2142 ,
1582 2102 1637 2143 qui
1652 2111 1717 2134 non
1740 2103 1845 2134 solum
1863 2111 1937 2135 suas
1954 2103 2096 2144 ipsorum
2109 2104 2249 2143 litteras,

1209 2155 1266 2187 sed
1278 2154 1374 2187 etiam
1395 2155 1638 2195 magistratuum
1654 2154 1870 2195 quorumdam
1886 2155 2104 2196 supposititias
2118 2155 2159 2187 ad
2175 2164 2249 2187 eum

1205 2207 1370 2246 miserant,
1384 2206 1665 2247 quibusjubebant
1676 2207 1766 2238 illum
1781 2207 1865 2238 bono
1879 2207 1985 2238 animo
2000 2217 2082 2248 esse,
2093 2210 2250 2248 tanquam

1203 2259 1322 2290 multos
1334 2267 1464 2290 suarum
1478 2258 1618 2299 partium
1635 2259 1774 2290 fautores
1789 2258 1872 2290 intra
1889 2259 2003 2290 urbem
2017 2261 2102 2291 esset
2119 2259 2249 2291 habitu-

1203 2320 1269 2342 rus.
1284 2313 1361 2342 Tres
1374 2319 1415 2341 ex
1426 2312 1553 2350 senatu,
1571 2311 1726 2348 praesente
1742 2310 1907 2350 magistro,
1921 2309 1962 2341 de
1978 2310 2026 2341 bis
2038 2310 2249 2351 quaestionem

1204 2363 1403 2402 habuerunt,
1422 2372 1503 2403 quos
1516 2363 1627 2394 multis
1641 2362 1737 2394 illatis
1757 2362 1857 2402 plagis
1876 2364 2029 2403 perpetuo
2051 2363 2148 2395 exilio
2168 2371 2249 2394 con-

1203 2414 1408 2446 demnarunt.
1440 2414 1565 2455 Quippe
1589 2414 1752 2455 suppliciis
1768 2416 1852 2446 Zeno
1867 2415 1900 2446 et
1924 2414 2066 2446 caedibus
2089 2414 2249 2447 abstinete

1204 2467 1303 2499 videri
1320 2467 1457 2498 volebat.

1695 2529 1751 2562 12.

1245 2602 1435 2633 Praefectum
1447 2602 1586 2642 AEgypti.
1596 2602 1650 2642 qui
1662 2604 1755 2634 antea
1769 2603 1823 2634 vix
1833 2602 2064 2643 quinquaginta
2073 2603 2142 2635 auri
2152 2603 2249 2636 libras

1203 2663 1260 2694 pro
1282 2654 1455 2686 obtinendo
1485 2664 1615 2686 munere
1634 2656 1758 2687 solvere
1779 2656 1919 2695 solebat,
1950 2659 2063 2692 Zeno,
2093 2657 2246 2696 tanquam

1203 2705 1349 2736 uberiore
1374 2706 1458 2737 facta
1476 2706 1659 2746 provincia,
1674 2707 1855 2748 quingentis
1872 2708 1960 2739 libris
1975 2708 2007 2739 in
2023 2708 2247 2748 praefecturam

1203 2756 1399 2790 amandavit.

1246 2883 1365 2915 Eodem
1382 2892 1513 2924 quoque
1529 2893 1612 2915 anno
1630 2885 1723 2924 legati
1739 2893 1758 2916 a
1781 2885 1972 2923 Carthagine
1989 2887 2178 2926 Byzantium
2191 2895 2246 2918 ve-

1203 2936 1338 2974 nerunt,
1362 2935 1448 2975 quos'
1462 2935 1652 2974 Alexander,
1671 2936 1779 2967 uxoris
1796 2937 1916 2976 Olybrii
1933 2939 2133 2976 procurator,
2150 2937 2247 2970 duoe-

1202 2986 1274 3026 bat,
1293 2986 1348 3027 qui
1367 2995 1385 3018 a
1405 2989 1550 3026 Zenone,
1568 2987 1707 3018 Placidia
1730 2988 1964 3027 consentiente,
1989 2988 2102 3020 missus
2127 2989 2243 3022 suerat.

1203 3040 1358 3072 Dicebant
1373 3049 1449 3071 vero
1475 3040 1587 3079 legati,
1610 3040 1829 3071 Honorichum
1854 3041 1934 3072 velle
1957 3050 2031 3072 cum
2055 3041 2246 3081 imperatore

1202 3092 1270 3123 sine
1294 3091 1406 3123 fraude
1430 3092 1604 3123 amicitiam
1626 3092 1815 3123 contrahere
1840 3093 1872 3123 et
1897 3094 2114 3124 Romanorum
2137 3096 2245 3134 partes

1201 3144 1362 3183 amplecti.
1407 3145 1487 3181 Quae
1505 3145 1598 3174 antea
1615 3144 1790 3183 repetiisset
1812 3144 1852 3175 de
1870 3144 2022 3176 reditibus
2047 3147 2079 3177 et
2102 3146 2246 3185 pecuniis

1204 3195 1312 3226 uxoris
1325 3203 1391 3226 suae
1402 3218 1410 3233 ‚
1425 3204 1497 3234 quae
1508 3197 1574 3226 Leo
1586 3195 1645 3235 ipsi
1664 3195 1894 3235 praeripuisset,
1909 3205 2046 3236 quaeque
2057 3198 2243 3229 mercatori-

1203 3247 1261 3277 bus
1289 3246 1604 3286 Carthaginiensibus
1630 3245 1686 3286 per
1711 3247 1849 3286 bellum,
1878 3247 1964 3287 quod
1996 3257 2097 3288 nuper
2116 3249 2241 3289 suerat,

1203 3299 1294 3337 rapta
1309 3299 1341 3330 et
1354 3298 1459 3329 ablata
1473 3300 1575 3329 essent
1585 3322 1593 3337 ‚
1611 3298 1687 3329 etin
1705 3298 1890 3330 universum
1903 3307 1938 3331 ea
1949 3323 1958 3338 ‚
1972 3299 2012 3332 de
2023 3300 2139 3339 quibus
2153 3302 2243 3340 pater

1202 3350 1271 3390 eJ‘us
1288 3358 1361 3381 cum
1375 3349 1524 3382 Romanis
1541 3350 1710 3389 litigasset,
1729 3350 1892 3381 remittere
1909 3352 1940 3382 et
1964 3351 2155 3383 condonare.
2178 3352 2242 3382 Fir-

1203 3411 1288 3434 mam
1302 3403 1334 3434 et
1347 3402 1492 3434 stabilem
1510 3410 1620 3443 pacem
1642 3405 1748 3442 petere
1758 3427 1768 3442 ‚
1782 3411 1885 3442 neque
1899 3403 2070 3443 quicquam
2090 3403 2244 3447 suspicio-
