<?xml version="1.0" encoding="UTF-8"?>
<!DOCTYPE html PUBLIC "-//W3C//DTD XHTML 1.0 Transitional//EN"
    "http://www.w3.org/TR/xhtml1/DTD/xhtml1-transitional.dtd">
<html xmlns="http://www.w3.org/1999/xhtml" xml:lang="en" lang="en">
 <head>
  <title>
</title>
<meta http-equiv="Content-Type" content="text/html;charset=utf-8" />
  <meta name='ocr-system' content='tesseract 3.04.00' />
  <meta name='ocr-capabilities' content='ocr_page ocr_carea ocr_par ocr_line ocrx_word'/>
</head>
<body>
  <div class='ocr_page' id='page_1' title='image "./fragmentahistori04mueluoft_0339.png"; bbox 0 0 2372 3704; ppageno 0'>
   <div class='ocr_carea' id='block_1_1' title="bbox 892 206 1512 252">
    <p class='ocr_par' dir='ltr' id='par_1_1' title="bbox 892 206 1512 252">
     <span class='ocr_line' id='line_1_1' title="bbox 892 206 1512 252; baseline 0.005 -4"><span class='ocrx_word' id='word_1_1' title='bbox 892 206 1148 248; x_wconf 84' lang='lat' dir='ltr'>ARISTIPPI</span> <span class='ocrx_word' id='word_1_2' title='bbox 1179 207 1512 252; x_wconf 84' lang='lat' dir='ltr'><strong>FRAGMENTA.</strong></span> 
     </span>
    </p>
   </div>
   <div class='ocr_carea' id='block_1_2' title="bbox 620 310 682 349">
    <p class='ocr_par' dir='ltr' id='par_1_2' title="bbox 620 310 682 349">
     <span class='ocr_line' id='line_1_2' title="bbox 620 310 682 349; baseline 0.032 -2"><span class='ocrx_word' id='word_1_3' title='bbox 620 310 682 349; x_wconf 84' lang='grc'>32.</span> 
     </span>
    </p>
   </div>
   <div class='ocr_carea' id='block_1_3' title="bbox 128 390 1176 499">
    <p class='ocr_par' dir='ltr' id='par_1_3' title="bbox 128 390 1176 499">
     <span class='ocr_line' id='line_1_3' title="bbox 181 390 1176 442; baseline -0.001 -12"><span class='ocrx_word' id='word_1_4' title='bbox 181 393 310 442; x_wconf 82' lang='lat' dir='ltr'>steph.</span> <span class='ocrx_word' id='word_1_5' title='bbox 327 391 414 440; x_wconf 84' lang='lat' dir='ltr'>Byz.</span> <span class='ocrx_word' id='word_1_6' title='bbox 435 404 471 430; x_wconf 85' lang='lat' dir='ltr'>v.</span> <span class='ocrx_word' id='word_1_7' title='bbox 492 390 658 440; x_wconf 85' lang='grc' dir='ltr'><strong>Τένεδος,</strong></span> <span class='ocrx_word' id='word_1_8' title='bbox 673 391 721 428; x_wconf 91' lang='lat' dir='ltr'>de</span> <span class='ocrx_word' id='word_1_9' title='bbox 740 391 948 440; x_wconf 88' lang='lat' dir='ltr'>proverbio</span> <span class='ocrx_word' id='word_1_10' title='bbox 969 392 1002 430; x_wconf 87' lang='lat' dir='ltr'><strong>T</strong></span> <span class='ocrx_word' id='word_1_11' title='bbox 1003 390 1077 442; x_wconf 33' lang='grc' dir='ltr'><strong>γενέ</strong></span> <span class='ocrx_word' id='word_1_12' title='bbox 1088 391 1176 434; x_wconf 89' lang='grc' dir='ltr'><strong>διος</strong></span> 
     </span>
     <span class='ocr_line' id='line_1_4' title="bbox 128 448 928 499; baseline 0 -11"><span class='ocrx_word' id='word_1_13' title='bbox 128 449 286 493; x_wconf 82' lang='grc' dir='ltr'><strong>πέλεκυς.</strong></span> <span class='ocrx_word' id='word_1_14' title='bbox 306 453 352 489; x_wconf 90' lang='lat' dir='ltr'>V.</span> <span class='ocrx_word' id='word_1_15' title='bbox 375 450 587 487; x_wconf 89' lang='lat' dir='ltr'>Aristotelis</span> <span class='ocrx_word' id='word_1_16' title='bbox 607 449 651 486; x_wconf 88' lang='lat' dir='ltr'>fr.</span> <span class='ocrx_word' id='word_1_17' title='bbox 674 462 763 499; x_wconf 66' lang='lat' dir='ltr'>r7o,</span> <span class='ocrx_word' id='word_1_18' title='bbox 780 462 821 498; x_wconf 89' lang='lat' dir='ltr'>p.</span> <span class='ocrx_word' id='word_1_19' title='bbox 842 448 928 496; x_wconf 85' lang='lat'>157.</span> 
     </span>
    </p>
   </div>
   <div class='ocr_carea' id='block_1_4' title="bbox 619 526 666 563">
    <p class='ocr_par' dir='ltr' id='par_1_4' title="bbox 619 526 666 563">
     <span class='ocr_line' id='line_1_5' title="bbox 619 526 666 563; baseline 0 0"><span class='ocrx_word' id='word_1_20' title='bbox 619 526 666 563; x_wconf 81' lang='lat'>33</span> 
     </span>
    </p>
   </div>
   <div class='ocr_carea' id='block_1_5' title="bbox 124 611 1176 746">
    <p class='ocr_par' dir='ltr' id='par_1_5' title="bbox 124 611 1176 726">
     <span class='ocr_line' id='line_1_6' title="bbox 178 611 1176 666; baseline 0.003 -15"><span class='ocrx_word' id='word_1_21' title='bbox 178 615 368 652; x_wconf 84' lang='lat' dir='ltr'>Zenobius</span> <span class='ocrx_word' id='word_1_22' title='bbox 386 616 458 660; x_wconf 79' lang='lat' dir='ltr'>VI,</span> <span class='ocrx_word' id='word_1_23' title='bbox 487 626 528 651; x_wconf 91' lang='lat'>11</span> <span class='ocrx_word' id='word_1_24' title='bbox 555 611 649 652; x_wconf 57' lang='lat' dir='ltr'>:Tau</span> <span class='ocrx_word' id='word_1_25' title='bbox 666 612 764 666; x_wconf 89' lang='grc' dir='ltr'><strong>τρία</strong></span> <span class='ocrx_word' id='word_1_26' title='bbox 784 616 864 653; x_wconf 86' lang='grc' dir='ltr'>τῶν</span> <span class='ocrx_word' id='word_1_27' title='bbox 884 617 944 660; x_wconf 87' lang='grc' dir='ltr'>εἷς</span> <span class='ocrx_word' id='word_1_28' title='bbox 962 615 1031 654; x_wconf 83' lang='grc' dir='ltr'>τὸν</span> <span class='ocrx_word' id='word_1_29' title='bbox 1052 614 1176 654; x_wconf 86' lang='grc' dir='ltr'><strong>θάνα-</strong></span> 
     </span>
     <span class='ocr_line' id='line_1_7' title="bbox 124 670 1176 746; baseline 0.001 -36"><span class='ocrx_word' id='word_1_30' title='bbox 124 687 212 713; x_wconf 89' lang='grc' dir='ltr'><strong>τον.</strong></span> <span class='ocrx_word' id='word_1_31' title='bbox 228 673 418 723; x_wconf 83' lang='grc' dir='ltr'><strong>Μέμνηται</strong></span> <span class='ocrx_word' id='word_1_32' title='bbox 430 670 559 718; x_wconf 83' lang='grc' dir='ltr'>ταύτης</span> <span class='ocrx_word' id='word_1_33' title='bbox 569 670 810 746; x_wconf 82' lang='grc' dir='ltr'><strong>Ἀλέξανδρος(</strong></span> <span class='ocrx_word' id='word_1_34' title='bbox 822 671 954 719; x_wconf 80' lang='grc' dir='ltr'><strong>Ἄλεξις</strong></span> <span class='ocrx_word' id='word_1_35' title='bbox 968 674 1155 726; x_wconf 86' lang='lat' dir='ltr'>Suidas)&#39;</span> <span class='ocrx_word' id='word_1_36' title='bbox 1140 689 1176 711; x_wconf 91' lang='grc' dir='ltr'><strong>εν</strong></span> 
     </span>
    </p>
   </div>
   <div class='ocr_carea' id='block_1_6' title="bbox 125 724 1215 803">
    <p class='ocr_par' dir='ltr' id='par_1_6' title="bbox 125 724 1215 803">
     <span class='ocr_line' id='line_1_8' title="bbox 125 724 1215 803; baseline 0.001 -33"><span class='ocrx_word' id='word_1_37' title='bbox 125 730 306 776; x_wconf 79' lang='grc' dir='ltr'><strong>Αἷπόλδις.</strong></span> <span class='ocrx_word' id='word_1_38' title='bbox 322 729 534 784; x_wconf 79' lang='grc' dir='ltr'>Ἀριστείδης</span> <span class='ocrx_word' id='word_1_39' title='bbox 548 724 667 803; x_wconf 45' lang='grc' dir='ltr'><strong>μὲνγ</strong></span> <span class='ocrx_word' id='word_1_40' title='bbox 626 744 685 769; x_wconf 88' lang='grc' dir='ltr'><strong>ουν</strong></span> <span class='ocrx_word' id='word_1_41' title='bbox 698 747 802 785; x_wconf 80' lang='grc' dir='ltr'><strong>φησιν</strong></span> <span class='ocrx_word' id='word_1_42' title='bbox 816 731 869 771; x_wconf 79' lang='grc' dir='ltr'>ὅτι</span> <span class='ocrx_word' id='word_1_43' title='bbox 885 735 903 771; x_wconf 88' lang='lat'>6</span> <span class='ocrx_word' id='word_1_44' title='bbox 920 733 1174 784; x_wconf 88' lang='grc' dir='ltr'><strong>μαντευόμενος</strong></span> <span class='ocrx_word' id='word_1_45' title='bbox 1212 775 1215 780; x_wconf 46' lang='grc'><strong>,</strong></span> 
     </span>
    </p>
   </div>
   <div class='ocr_carea' id='block_1_7' title="bbox 117 789 1174 2199">
    <p class='ocr_par' dir='ltr' id='par_1_7' title="bbox 123 789 1174 1137">
     <span class='ocr_line' id='line_1_9' title="bbox 126 789 1173 845; baseline 0.001 -17"><span class='ocrx_word' id='word_1_46' title='bbox 126 791 161 828; x_wconf 80' lang='grc' dir='ltr'>ἓν</span> <span class='ocrx_word' id='word_1_47' title='bbox 180 791 328 844; x_wconf 79' lang='grc' dir='ltr'>Δελφοῖς</span> <span class='ocrx_word' id='word_1_48' title='bbox 347 789 614 842; x_wconf 84' lang='grc' dir='ltr'><strong>σεσημασμένον</strong></span> <span class='ocrx_word' id='word_1_49' title='bbox 634 790 813 841; x_wconf 78' lang='grc' dir='ltr'><strong>ἐλάμὸανε</strong></span> <span class='ocrx_word' id='word_1_50' title='bbox 835 791 893 830; x_wconf 82' lang='grc' dir='ltr'>τὸν</span> <span class='ocrx_word' id='word_1_51' title='bbox 921 792 1096 845; x_wconf 86' lang='grc' dir='ltr'><strong>χρησμὸν,</strong></span> <span class='ocrx_word' id='word_1_52' title='bbox 1114 791 1173 830; x_wconf 87' lang='grc' dir='ltr'><strong>καὶ</strong></span> 
     </span>
     <span class='ocr_line' id='line_1_10' title="bbox 123 848 1173 907; baseline 0.003 -20"><span class='ocrx_word' id='word_1_53' title='bbox 123 848 311 902; x_wconf 84' lang='grc' dir='ltr'><strong>προείρητο</strong></span> <span class='ocrx_word' id='word_1_54' title='bbox 327 850 422 902; x_wconf 80' lang='grc' dir='ltr'><strong>αὐτῷ</strong></span> <span class='ocrx_word' id='word_1_55' title='bbox 431 879 441 897; x_wconf 95' lang='grc'><strong>,</strong></span> <span class='ocrx_word' id='word_1_56' title='bbox 454 849 484 887; x_wconf 85' lang='grc' dir='ltr'><strong>εἷ</strong></span> <span class='ocrx_word' id='word_1_57' title='bbox 497 848 595 888; x_wconf 87' lang='grc' dir='ltr'><strong>λύσει</strong></span> <span class='ocrx_word' id='word_1_58' title='bbox 607 849 676 902; x_wconf 82' lang='grc' dir='ltr'><strong>πρὸ</strong></span> <span class='ocrx_word' id='word_1_59' title='bbox 688 852 750 897; x_wconf 79' lang='grc' dir='ltr'>τῆς</span> <span class='ocrx_word' id='word_1_60' title='bbox 762 851 1013 902; x_wconf 86' lang='grc' dir='ltr'><strong>νενομισμένης</strong></span> <span class='ocrx_word' id='word_1_61' title='bbox 1027 852 1173 907; x_wconf 81' lang='grc' dir='ltr'><strong>ἡμέρας,</strong></span> 
     </span>
     <span class='ocr_line' id='line_1_11' title="bbox 123 907 1173 962; baseline 0.003 -16"><span class='ocrx_word' id='word_1_62' title='bbox 123 907 190 953; x_wconf 81' lang='grc' dir='ltr'><strong>ἕξει</strong></span> <span class='ocrx_word' id='word_1_63' title='bbox 210 908 294 959; x_wconf 84' lang='grc' dir='ltr'><strong>μίαν</strong></span> <span class='ocrx_word' id='word_1_64' title='bbox 314 910 383 946; x_wconf 85' lang='grc' dir='ltr'>τῶν</span> <span class='ocrx_word' id='word_1_65' title='bbox 404 910 507 960; x_wconf 81' lang='grc' dir='ltr'><strong>τριῶν</strong></span> <span class='ocrx_word' id='word_1_66' title='bbox 521 923 530 933; x_wconf 93' lang='grc'><em>·</em></span> <span class='ocrx_word' id='word_1_67' title='bbox 552 907 576 955; x_wconf 78' lang='grc' dir='ltr'>ἢ</span> <span class='ocrx_word' id='word_1_68' title='bbox 595 907 662 960; x_wconf 84' lang='grc' dir='ltr'>γὰρ</span> <span class='ocrx_word' id='word_1_69' title='bbox 681 910 759 947; x_wconf 56' lang='grc' dir='ltr'><strong>τῶν.</strong></span> <span class='ocrx_word' id='word_1_70' title='bbox 773 910 961 962; x_wconf 78' lang='grc' dir='ltr'><strong>ὀφθαλμῶν</strong></span> <span class='ocrx_word' id='word_1_71' title='bbox 982 910 1085 949; x_wconf 79' lang='grc' dir='ltr'><strong>αὐτὸν</strong></span> <span class='ocrx_word' id='word_1_72' title='bbox 1106 910 1173 948; x_wconf 86' lang='grc' dir='ltr'><strong>ἔδει</strong></span> 
     </span>
     <span class='ocr_line' id='line_1_12' title="bbox 123 965 1174 1023; baseline 0.002 -18"><span class='ocrx_word' id='word_1_73' title='bbox 123 970 333 1020; x_wconf 79' lang='grc' dir='ltr'><strong>στερηθῆναι</strong></span> <span class='ocrx_word' id='word_1_74' title='bbox 353 966 375 1014; x_wconf 84' lang='grc' dir='ltr'>ἢ</span> <span class='ocrx_word' id='word_1_75' title='bbox 395 969 457 1014; x_wconf 79' lang='grc' dir='ltr'>τῆς</span> <span class='ocrx_word' id='word_1_76' title='bbox 474 965 627 1019; x_wconf 78' lang='grc' dir='ltr'><strong>χειρὸςῆ</strong></span> <span class='ocrx_word' id='word_1_77' title='bbox 647 970 709 1014; x_wconf 79' lang='grc' dir='ltr'>τῆς</span> <span class='ocrx_word' id='word_1_78' title='bbox 724 967 894 1018; x_wconf 83' lang='grc' dir='ltr'><strong>γλώττης.</strong></span> <span class='ocrx_word' id='word_1_79' title='bbox 916 967 1037 1008; x_wconf 83' lang='grc' dir='ltr'><strong>Ἄλλοι</strong></span> <span class='ocrx_word' id='word_1_80' title='bbox 1057 969 1094 1007; x_wconf 85' lang='grc' dir='ltr'>δέ</span> <span class='ocrx_word' id='word_1_81' title='bbox 1110 984 1174 1023; x_wconf 81' lang='grc' dir='ltr'><strong>φα-</strong></span> 
     </span>
     <span class='ocr_line' id='line_1_13' title="bbox 123 1025 1172 1082; baseline 0.003 -18"><span class='ocrx_word' id='word_1_82' title='bbox 123 1041 178 1064; x_wconf 90' lang='grc' dir='ltr'>σιν</span> <span class='ocrx_word' id='word_1_83' title='bbox 206 1025 259 1064; x_wconf 80' lang='grc' dir='ltr'>ὅτι</span> <span class='ocrx_word' id='word_1_84' title='bbox 287 1028 338 1079; x_wconf 83' lang='grc' dir='ltr'>τῷ</span> <span class='ocrx_word' id='word_1_85' title='bbox 361 1025 702 1080; x_wconf 82' lang='grc' dir='ltr'><strong>καταγινωσκομένῳ</strong></span> <span class='ocrx_word' id='word_1_86' title='bbox 722 1026 870 1066; x_wconf 80' lang='grc' dir='ltr'><strong>θάνατον</strong></span> <span class='ocrx_word' id='word_1_87' title='bbox 894 1027 979 1081; x_wconf 72' lang='grc' dir='ltr'><strong>’τρία</strong></span> <span class='ocrx_word' id='word_1_88' title='bbox 1000 1029 1172 1082; x_wconf 61' lang='grc' dir='ltr'><strong>προσεφέυ</strong></span> 
     </span>
     <span class='ocr_line' id='line_1_14' title="bbox 124 1083 681 1137; baseline 0.004 -15"><span class='ocrx_word' id='word_1_89' title='bbox 124 1099 221 1136; x_wconf 89' lang='grc' dir='ltr'><strong>ρετο,</strong></span> <span class='ocrx_word' id='word_1_90' title='bbox 237 1083 348 1137; x_wconf 77' lang='grc' dir='ltr'><strong>ξίφος,</strong></span> <span class='ocrx_word' id='word_1_91' title='bbox 371 1083 508 1137; x_wconf 85' lang='grc' dir='ltr'>βρόχος,</span> <span class='ocrx_word' id='word_1_92' title='bbox 526 1083 681 1124; x_wconf 86' lang='grc' dir='ltr'><strong>κώνειον.</strong></span> 
     </span>
    </p>

    <p class='ocr_par' dir='ltr' id='par_1_8' title="bbox 120 1141 1171 1366">
     <span class='ocr_line' id='line_1_15' title="bbox 176 1141 1170 1196; baseline 0.005 -16"><span class='ocrx_word' id='word_1_93' title='bbox 176 1145 234 1184; x_wconf 86' lang='lat' dir='ltr'>Cf.</span> <span class='ocrx_word' id='word_1_94' title='bbox 257 1145 391 1182; x_wconf 88' lang='lat' dir='ltr'>Suidas</span> <span class='ocrx_word' id='word_1_95' title='bbox 408 1158 446 1181; x_wconf 88' lang='lat' dir='ltr'>v.</span> <span class='ocrx_word' id='word_1_96' title='bbox 467 1141 526 1182; x_wconf 81' lang='grc' dir='ltr'>Τὰ</span> <span class='ocrx_word' id='word_1_97' title='bbox 541 1142 621 1194; x_wconf 90' lang='grc' dir='ltr'><strong>τρία</strong></span> <span class='ocrx_word' id='word_1_98' title='bbox 639 1143 682 1181; x_wconf 83' lang='grc' dir='ltr'>τὰ</span> <span class='ocrx_word' id='word_1_99' title='bbox 699 1145 746 1187; x_wconf 87' lang='grc' dir='ltr'>εἷς</span> <span class='ocrx_word' id='word_1_100' title='bbox 764 1143 823 1182; x_wconf 81' lang='grc' dir='ltr'>τὸν</span> <span class='ocrx_word' id='word_1_101' title='bbox 843 1143 990 1183; x_wconf 81' lang='grc' dir='ltr'><strong>θάνατον</strong></span> <span class='ocrx_word' id='word_1_102' title='bbox 1008 1146 1084 1196; x_wconf 89' lang='lat' dir='ltr'>(sic</span> <span class='ocrx_word' id='word_1_103' title='bbox 1098 1148 1170 1196; x_wconf 83' lang='lat' dir='ltr'>leg.</span> 
     </span>
     <span class='ocr_line' id='line_1_16' title="bbox 122 1203 1171 1254; baseline 0.003 -15"><span class='ocrx_word' id='word_1_104' title='bbox 122 1214 198 1242; x_wconf 81' lang='lat' dir='ltr'>sec,</span> <span class='ocrx_word' id='word_1_105' title='bbox 222 1204 396 1240; x_wconf 86' lang='lat' dir='ltr'>Aristidis</span> <span class='ocrx_word' id='word_1_106' title='bbox 408 1216 520 1252; x_wconf 79' lang='lat' dir='ltr'>prov„</span> <span class='ocrx_word' id='word_1_107' title='bbox 539 1204 868 1254; x_wconf 85' lang='lat' dir='ltr'>explicationem),</span> <span class='ocrx_word' id='word_1_108' title='bbox 882 1212 970 1243; x_wconf 87' lang='lat' dir='ltr'>etv.</span> <span class='ocrx_word' id='word_1_109' title='bbox 991 1203 1114 1248; x_wconf 85' lang='grc' dir='ltr'><strong>Εἴποις</strong></span> <span class='ocrx_word' id='word_1_110' title='bbox 1127 1204 1171 1242; x_wconf 88' lang='grc' dir='ltr'>τὰ</span> 
     </span>
     <span class='ocr_line' id='line_1_17' title="bbox 120 1259 1169 1313; baseline 0.003 -16"><span class='ocrx_word' id='word_1_111' title='bbox 120 1259 200 1311; x_wconf 89' lang='grc' dir='ltr'><strong>τρία</strong></span> <span class='ocrx_word' id='word_1_112' title='bbox 219 1260 317 1313; x_wconf 81' lang='grc' dir='ltr'><strong>παρὰ</strong></span> <span class='ocrx_word' id='word_1_113' title='bbox 335 1263 378 1313; x_wconf 84' lang='grc' dir='ltr'>τῇ</span> <span class='ocrx_word' id='word_1_114' title='bbox 407 1262 515 1313; x_wconf 82' lang='grc' dir='ltr'><strong>αὐλῇ.</strong></span> <span class='ocrx_word' id='word_1_115' title='bbox 541 1263 717 1312; x_wconf 89' lang='lat' dir='ltr'>Apostol.</span> <span class='ocrx_word' id='word_1_116' title='bbox 742 1264 893 1309; x_wconf 89' lang='lat' dir='ltr'>XVIII,</span> <span class='ocrx_word' id='word_1_117' title='bbox 925 1275 994 1309; x_wconf 91' lang='grc'>20;</span> <span class='ocrx_word' id='word_1_118' title='bbox 1027 1264 1169 1301; x_wconf 88' lang='lat' dir='ltr'>Zenob.</span> 
     </span>
     <span class='ocr_line' id='line_1_18' title="bbox 120 1320 309 1366; baseline 0.011 -10"><span class='ocrx_word' id='word_1_119' title='bbox 120 1320 200 1366; x_wconf 91' lang='lat'>111,</span> <span class='ocrx_word' id='word_1_120' title='bbox 221 1333 309 1358; x_wconf 90' lang='lat'>100.</span> 
     </span>
    </p>

    <p class='ocr_par' dir='ltr' id='par_1_9' title="bbox 121 1379 1171 1667">
     <span class='ocr_line' id='line_1_19' title="bbox 175 1379 1171 1429; baseline 0.002 -13"><span class='ocrx_word' id='word_1_121' title='bbox 175 1381 392 1416; x_wconf 86' lang='lat' dir='ltr'>Eustathius</span> <span class='ocrx_word' id='word_1_122' title='bbox 419 1380 469 1417; x_wconf 87' lang='lat' dir='ltr'>ad</span> <span class='ocrx_word' id='word_1_123' title='bbox 492 1379 627 1428; x_wconf 86' lang='lat' dir='ltr'>Odyss.</span> <span class='ocrx_word' id='word_1_124' title='bbox 650 1381 697 1425; x_wconf 89' lang='lat' dir='ltr'>V,</span> <span class='ocrx_word' id='word_1_125' title='bbox 721 1379 817 1426; x_wconf 74' lang='grc'><strong>408,</strong></span> <span class='ocrx_word' id='word_1_126' title='bbox 845 1393 887 1429; x_wconf 91' lang='lat' dir='ltr'>p.</span> <span class='ocrx_word' id='word_1_127' title='bbox 916 1384 1031 1427; x_wconf 71' lang='lat'>1747,</span> <span class='ocrx_word' id='word_1_128' title='bbox 1057 1381 1097 1428; x_wconf 88' lang='grc'>6,</span> <span class='ocrx_word' id='word_1_129' title='bbox 1125 1382 1171 1418; x_wconf 90' lang='lat' dir='ltr'>de</span> 
     </span>
     <span class='ocr_line' id='line_1_20' title="bbox 121 1435 1169 1489; baseline 0.003 -15"><span class='ocrx_word' id='word_1_130' title='bbox 121 1438 326 1486; x_wconf 85' lang='lat' dir='ltr'>proverbio</span> <span class='ocrx_word' id='word_1_131' title='bbox 341 1437 375 1480; x_wconf 82' lang='grc' dir='ltr'>ἐς</span> <span class='ocrx_word' id='word_1_132' title='bbox 383 1435 538 1489; x_wconf 82' lang='grc' dir='ltr'><strong>κόρακας</strong></span> <span class='ocrx_word' id='word_1_133' title='bbox 555 1449 565 1476; x_wconf 89' lang='lat'>:</span> <span class='ocrx_word' id='word_1_134' title='bbox 577 1435 788 1488; x_wconf 84' lang='grc' dir='ltr'><strong>Ἀριστείδης</strong></span> <span class='ocrx_word' id='word_1_135' title='bbox 801 1435 838 1474; x_wconf 84' lang='grc' dir='ltr'>δὲ</span> <span class='ocrx_word' id='word_1_136' title='bbox 851 1436 1044 1476; x_wconf 83' lang='grc' dir='ltr'><strong>ἀποδίδωσι</strong></span> <span class='ocrx_word' id='word_1_137' title='bbox 1058 1438 1117 1476; x_wconf 83' lang='grc' dir='ltr'>διὰ</span> <span class='ocrx_word' id='word_1_138' title='bbox 1129 1438 1169 1477; x_wconf 86' lang='grc' dir='ltr'>τὸ</span> 
     </span>
     <span class='ocr_line' id='line_1_21' title="bbox 121 1494 1169 1549; baseline 0.003 -17"><span class='ocrx_word' id='word_1_139' title='bbox 121 1496 157 1532; x_wconf 84' lang='grc' dir='ltr'>ἐν</span> <span class='ocrx_word' id='word_1_140' title='bbox 178 1494 326 1548; x_wconf 84' lang='grc' dir='ltr'><strong>τραχέσι</strong></span> <span class='ocrx_word' id='word_1_141' title='bbox 343 1494 460 1539; x_wconf 86' lang='grc' dir='ltr'><strong>τόποις</strong></span> <span class='ocrx_word' id='word_1_142' title='bbox 484 1497 545 1534; x_wconf 85' lang='grc' dir='ltr'><strong>καὶ</strong></span> <span class='ocrx_word' id='word_1_143' title='bbox 569 1494 792 1548; x_wconf 63' lang='grc' dir='ltr'><strong>λρημνώδεσι</strong></span> <span class='ocrx_word' id='word_1_144' title='bbox 809 1495 887 1540; x_wconf 80' lang='grc' dir='ltr'><strong>τοὺς</strong></span> <span class='ocrx_word' id='word_1_145' title='bbox 905 1496 1059 1549; x_wconf 85' lang='grc' dir='ltr'><strong>κόρακας</strong></span> <span class='ocrx_word' id='word_1_146' title='bbox 1074 1513 1169 1535; x_wconf 76' lang='grc' dir='ltr'><strong>νεοσ-</strong></span> 
     </span>
     <span class='ocr_line' id='line_1_22' title="bbox 121 1554 1168 1608; baseline 0.004 -16"><span class='ocrx_word' id='word_1_147' title='bbox 121 1557 335 1594; x_wconf 85' lang='grc' dir='ltr'><strong>σοποιεῖσθαι</strong></span> <span class='ocrx_word' id='word_1_148' title='bbox 354 1554 467 1606; x_wconf 78' lang='grc' dir='ltr'><strong>λέγειν</strong></span> <span class='ocrx_word' id='word_1_149' title='bbox 488 1558 582 1606; x_wconf 77' lang='grc' dir='ltr'><strong>ἡμᾶς</strong></span> <span class='ocrx_word' id='word_1_150' title='bbox 601 1573 617 1589; x_wconf 93' lang='lat'>«</span> <span class='ocrx_word' id='word_1_151' title='bbox 637 1557 736 1608; x_wconf 79' lang='grc' dir='ltr'><strong>φεῦγ’</strong></span> <span class='ocrx_word' id='word_1_152' title='bbox 757 1556 790 1599; x_wconf 80' lang='grc' dir='ltr'>ἐς</span> <span class='ocrx_word' id='word_1_153' title='bbox 807 1555 962 1608; x_wconf 87' lang='grc' dir='ltr'><strong>κόρακας</strong></span> <span class='ocrx_word' id='word_1_154' title='bbox 983 1574 1017 1605; x_wconf 67' lang='grc' dir='ltr'><strong>ν),</strong></span> <span class='ocrx_word' id='word_1_155' title='bbox 1038 1556 1058 1594; x_wconf 76' lang='grc' dir='ltr'>ὅ</span> <span class='ocrx_word' id='word_1_156' title='bbox 1077 1558 1168 1596; x_wconf 83' lang='grc' dir='ltr'><strong>ἔστιν</strong></span> 
     </span>
     <span class='ocr_line' id='line_1_23' title="bbox 121 1613 873 1667; baseline 0.003 -15"><span class='ocrx_word' id='word_1_157' title='bbox 121 1616 168 1658; x_wconf 81' lang='grc' dir='ltr'>εἷς</span> <span class='ocrx_word' id='word_1_158' title='bbox 184 1613 428 1667; x_wconf 83' lang='grc' dir='ltr'>ἀποκρήμνους</span> <span class='ocrx_word' id='word_1_159' title='bbox 444 1613 571 1658; x_wconf 87' lang='grc' dir='ltr'>τόπους</span> <span class='ocrx_word' id='word_1_160' title='bbox 587 1613 648 1652; x_wconf 80' lang='grc' dir='ltr'><strong>καὶ</strong></span> <span class='ocrx_word' id='word_1_161' title='bbox 667 1615 715 1658; x_wconf 88' lang='grc' dir='ltr'>εἷς</span> <span class='ocrx_word' id='word_1_162' title='bbox 731 1615 873 1667; x_wconf 83' lang='grc' dir='ltr'><strong>φθοράν.</strong></span> 
     </span>
    </p>

    <p class='ocr_par' dir='ltr' id='par_1_10' title="bbox 117 1674 1171 2199">
     <span class='ocr_line' id='line_1_24' title="bbox 173 1674 1171 1725; baseline 0.004 -15"><span class='ocrx_word' id='word_1_163' title='bbox 173 1674 430 1711; x_wconf 69' lang='lat' dir='ltr'>Grammatico.</span> <span class='ocrx_word' id='word_1_164' title='bbox 439 1675 612 1723; x_wconf 85' lang='lat' dir='ltr'>quaedam</span> <span class='ocrx_word' id='word_1_165' title='bbox 625 1687 672 1712; x_wconf 83' lang='lat' dir='ltr'>ex</span> <span class='ocrx_word' id='word_1_166' title='bbox 683 1675 849 1712; x_wconf 86' lang='lat' dir='ltr'><strong>Aristide</strong></span> <span class='ocrx_word' id='word_1_167' title='bbox 864 1675 954 1725; x_wconf 89' lang='lat' dir='ltr'>(nisi</span> <span class='ocrx_word' id='word_1_168' title='bbox 968 1689 1045 1713; x_wconf 90' lang='lat' dir='ltr'>esse</span> <span class='ocrx_word' id='word_1_169' title='bbox 1057 1677 1171 1714; x_wconf 89' lang='lat' dir='ltr'>debet</span> 
     </span>
     <span class='ocr_line' id='line_1_25' title="bbox 118 1731 1169 1787; baseline 0.003 -19"><span class='ocrx_word' id='word_1_170' title='bbox 118 1731 367 1784; x_wconf 83' lang='lat' dir='ltr'>Aristarchus)</span> <span class='ocrx_word' id='word_1_171' title='bbox 384 1733 515 1770; x_wconf 86' lang='lat' dir='ltr'>laudat</span> <span class='ocrx_word' id='word_1_172' title='bbox 531 1733 658 1770; x_wconf 91' lang='lat' dir='ltr'>Schol.</span> <span class='ocrx_word' id='word_1_173' title='bbox 679 1734 779 1773; x_wconf 86' lang='lat' dir='ltr'>Ven.</span> <span class='ocrx_word' id='word_1_174' title='bbox 791 1735 837 1770; x_wconf 93' lang='lat' dir='ltr'>ll.</span> <span class='ocrx_word' id='word_1_175' title='bbox 855 1748 886 1781; x_wconf 82' lang='grc' dir='ltr'><strong>ν,</strong></span> <span class='ocrx_word' id='word_1_176' title='bbox 899 1734 947 1770; x_wconf 92' lang='grc'>82</span> <span class='ocrx_word' id='word_1_177' title='bbox 969 1747 978 1771; x_wconf 86' lang='lat'>:</span> <span class='ocrx_word' id='word_1_178' title='bbox 997 1732 1169 1787; x_wconf 85' lang='grc' dir='ltr'><strong>χάρμη]</strong></span> 
     </span>
     <span class='ocr_line' id='line_1_26' title="bbox 118 1788 1167 1845; baseline 0.002 -17"><span class='ocrx_word' id='word_1_179' title='bbox 118 1788 261 1843; x_wconf 81' lang='grc' dir='ltr'><strong>χάρμην</strong></span> <span class='ocrx_word' id='word_1_180' title='bbox 279 1790 373 1842; x_wconf 80' lang='grc' dir='ltr'><strong>λέγει</strong></span> <span class='ocrx_word' id='word_1_181' title='bbox 386 1790 448 1838; x_wconf 85' lang='grc' dir='ltr'>τὴν</span> <span class='ocrx_word' id='word_1_182' title='bbox 459 1792 506 1835; x_wconf 87' lang='grc' dir='ltr'>εἷς</span> <span class='ocrx_word' id='word_1_183' title='bbox 525 1790 645 1842; x_wconf 82' lang='grc' dir='ltr'><strong>μάχην</strong></span> <span class='ocrx_word' id='word_1_184' title='bbox 658 1790 865 1844; x_wconf 85' lang='grc' dir='ltr'><strong>παράθηξιν·</strong></span> <span class='ocrx_word' id='word_1_185' title='bbox 877 1790 939 1839; x_wconf 82' lang='grc' dir='ltr'>τὴν</span> <span class='ocrx_word' id='word_1_186' title='bbox 956 1791 1024 1844; x_wconf 81' lang='grc' dir='ltr'>γὰρ</span> <span class='ocrx_word' id='word_1_187' title='bbox 1037 1793 1167 1845; x_wconf 84' lang='grc' dir='ltr'><strong>χαρὰν,</strong></span> 
     </span>
     <span class='ocr_line' id='line_1_27' title="bbox 118 1848 1166 1902; baseline 0.003 -16"><span class='ocrx_word' id='word_1_188' title='bbox 118 1848 164 1892; x_wconf 86' lang='grc' dir='ltr'>ὥς</span> <span class='ocrx_word' id='word_1_189' title='bbox 177 1864 262 1901; x_wconf 86' lang='grc' dir='ltr'><strong>φησι</strong></span> <span class='ocrx_word' id='word_1_190' title='bbox 279 1848 341 1887; x_wconf 80' lang='grc' dir='ltr'><strong>καὶ</strong></span> <span class='ocrx_word' id='word_1_191' title='bbox 355 1848 565 1902; x_wconf 85' lang='grc' dir='ltr'><strong>Ἀριστείδης</strong></span> <span class='ocrx_word' id='word_1_192' title='bbox 582 1851 595 1901; x_wconf 92' lang='grc'>(</span> <span class='ocrx_word' id='word_1_193' title='bbox 610 1849 837 1902; x_wconf 85' lang='grc' dir='ltr'><strong>Ἀρίσταρχος</strong></span> <span class='ocrx_word' id='word_1_194' title='bbox 853 1852 971 1891; x_wconf 86' lang='lat' dir='ltr'>schol.</span> <span class='ocrx_word' id='word_1_195' title='bbox 989 1855 1083 1892; x_wconf 90' lang='lat' dir='ltr'>Ven.</span> <span class='ocrx_word' id='word_1_196' title='bbox 1101 1855 1166 1890; x_wconf 85' lang='lat' dir='ltr'>alt.</span> 
     </span>
     <span class='ocr_line' id='line_1_28' title="bbox 118 1907 1165 1961; baseline 0.003 -16"><span class='ocrx_word' id='word_1_197' title='bbox 118 1915 156 1945; x_wconf 86' lang='lat' dir='ltr'>et</span> <span class='ocrx_word' id='word_1_198' title='bbox 192 1910 293 1957; x_wconf 61' lang='lat' dir='ltr'>Lipsss</span> <span class='ocrx_word' id='word_1_199' title='bbox 313 1907 342 1956; x_wconf 86' lang='grc'><strong>),</strong></span> <span class='ocrx_word' id='word_1_200' title='bbox 363 1907 550 1960; x_wconf 83' lang='grc' dir='ltr'><strong>οὐδετέρως</strong></span> <span class='ocrx_word' id='word_1_201' title='bbox 574 1907 627 1946; x_wconf 80' lang='grc' dir='ltr'><strong>ἀεὶ</strong></span> <span class='ocrx_word' id='word_1_202' title='bbox 659 1907 753 1959; x_wconf 84' lang='grc' dir='ltr'><strong>λέγει</strong></span> <span class='ocrx_word' id='word_1_203' title='bbox 781 1908 920 1961; x_wconf 85' lang='grc' dir='ltr'><strong>χάρμα.</strong></span> <span class='ocrx_word' id='word_1_204' title='bbox 957 1913 1082 1959; x_wconf 90' lang='lat' dir='ltr'>Etym.</span> <span class='ocrx_word' id='word_1_205' title='bbox 1113 1914 1165 1948; x_wconf 91' lang='lat' dir='ltr'>M.</span> 
     </span>
     <span class='ocr_line' id='line_1_29' title="bbox 117 1966 1165 2021; baseline 0.001 -15"><span class='ocrx_word' id='word_1_206' title='bbox 117 1980 158 2017; x_wconf 87' lang='lat' dir='ltr'>p.</span> <span class='ocrx_word' id='word_1_207' title='bbox 182 1966 272 2014; x_wconf 74' lang='lat'>514,</span> <span class='ocrx_word' id='word_1_208' title='bbox 290 1967 311 2004; x_wconf 88' lang='grc'>5</span> <span class='ocrx_word' id='word_1_209' title='bbox 328 1980 338 2006; x_wconf 86' lang='grc'>;</span> <span class='ocrx_word' id='word_1_210' title='bbox 357 1966 562 2016; x_wconf 90' lang='grc' dir='ltr'><strong>Κίναδος,</strong></span> <span class='ocrx_word' id='word_1_211' title='bbox 579 1966 635 2005; x_wconf 80' lang='grc' dir='ltr'>ἐπὶ</span> <span class='ocrx_word' id='word_1_212' title='bbox 648 1970 708 2005; x_wconf 81' lang='grc' dir='ltr'>τοῦ</span> <span class='ocrx_word' id='word_1_213' title='bbox 726 1967 864 2019; x_wconf 87' lang='grc' dir='ltr'><strong>θηρίου,</strong></span> <span class='ocrx_word' id='word_1_214' title='bbox 878 1967 976 2021; x_wconf 83' lang='grc' dir='ltr'><strong>παρὰ</strong></span> <span class='ocrx_word' id='word_1_215' title='bbox 994 1968 1034 2006; x_wconf 82' lang='grc' dir='ltr'>τὸ</span> <span class='ocrx_word' id='word_1_216' title='bbox 1057 1968 1165 2017; x_wconf 87' lang='grc' dir='ltr'><strong>ἄδδην</strong></span> 
     </span>
     <span class='ocr_line' id='line_1_30' title="bbox 118 2025 1166 2080; baseline 0.003 -17"><span class='ocrx_word' id='word_1_217' title='bbox 118 2029 310 2064; x_wconf 84' lang='grc' dir='ltr'><strong>κινεῖσθαι·</strong></span> <span class='ocrx_word' id='word_1_218' title='bbox 337 2025 552 2073; x_wconf 85' lang='grc' dir='ltr'><strong>πολυκίνητα</strong></span> <span class='ocrx_word' id='word_1_219' title='bbox 571 2025 639 2078; x_wconf 86' lang='grc' dir='ltr'>γὰρ</span> <span class='ocrx_word' id='word_1_220' title='bbox 667 2025 712 2064; x_wconf 83' lang='grc' dir='ltr'>τὰ</span> <span class='ocrx_word' id='word_1_221' title='bbox 733 2025 856 2078; x_wconf 84' lang='grc' dir='ltr'><strong>θηρία·</strong></span> <span class='ocrx_word' id='word_1_222' title='bbox 884 2027 944 2065; x_wconf 79' lang='grc' dir='ltr'><strong>καὶ</strong></span> <span class='ocrx_word' id='word_1_223' title='bbox 963 2030 984 2073; x_wconf 84' lang='grc' dir='ltr'>ἡ</span> <span class='ocrx_word' id='word_1_224' title='bbox 1010 2028 1166 2080; x_wconf 88' lang='grc' dir='ltr'><strong>λοιδορία</strong></span> 
     </span>
     <span class='ocr_line' id='line_1_31' title="bbox 120 2083 1170 2140; baseline 0.001 -16"><span class='ocrx_word' id='word_1_225' title='bbox 120 2084 253 2128; x_wconf 80' lang='grc' dir='ltr'><strong>οἰκείως</strong></span> <span class='ocrx_word' id='word_1_226' title='bbox 274 2083 317 2123; x_wconf 80' lang='grc' dir='ltr'>ἂν</span> <span class='ocrx_word' id='word_1_227' title='bbox 331 2084 406 2138; x_wconf 85' lang='grc' dir='ltr'><strong>ἔχοι</strong></span> <span class='ocrx_word' id='word_1_228' title='bbox 426 2084 483 2124; x_wconf 82' lang='grc' dir='ltr'>ἐπὶ</span> <span class='ocrx_word' id='word_1_229' title='bbox 502 2087 571 2123; x_wconf 85' lang='grc' dir='ltr'>τῶν</span> <span class='ocrx_word' id='word_1_230' title='bbox 588 2084 845 2132; x_wconf 83' lang='grc' dir='ltr'><strong>πολυκινήτων·</strong></span> <span class='ocrx_word' id='word_1_231' title='bbox 863 2085 999 2137; x_wconf 88' lang='grc' dir='ltr'><strong>εἴρηται</strong></span> <span class='ocrx_word' id='word_1_232' title='bbox 1016 2085 1050 2124; x_wconf 80' lang='grc' dir='ltr'>δὲ</span> <span class='ocrx_word' id='word_1_233' title='bbox 1071 2086 1170 2140; x_wconf 81' lang='grc' dir='ltr'><strong>παρὰ</strong></span> 
     </span>
     <span class='ocr_line' id='line_1_32' title="bbox 117 2136 1059 2199; baseline 0.001 -16"><span class='ocrx_word' id='word_1_234' title='bbox 117 2136 283 2199; x_wconf 84' lang='grc' dir='ltr'><strong>Μιλησίῳ</strong></span> <span class='ocrx_word' id='word_1_235' title='bbox 301 2143 418 2198; x_wconf 90' lang='lat' dir='ltr'>(num</span> <span class='ocrx_word' id='word_1_236' title='bbox 440 2143 655 2197; x_wconf 84' lang='grc' dir='ltr'><strong>Ἀριστείδῃ,</strong></span> <span class='ocrx_word' id='word_1_237' title='bbox 675 2158 725 2183; x_wconf 88' lang='lat' dir='ltr'>an</span> <span class='ocrx_word' id='word_1_238' title='bbox 742 2147 872 2196; x_wconf 88' lang='lat' dir='ltr'>potius</span> <span class='ocrx_word' id='word_1_239' title='bbox 890 2143 1021 2199; x_wconf 66' lang='grc' dir='ltr'><strong>Ὤρῳὲ</strong></span> <span class='ocrx_word' id='word_1_240' title='bbox 1033 2147 1059 2197; x_wconf 92' lang='grc'><strong>).</strong></span> 
     </span>
    </p>
   </div>
   <div class='ocr_carea' id='block_1_8' title="bbox 553 2265 698 2279">
    <p class='ocr_par' dir='ltr' id='par_1_11' title="bbox 553 2265 698 2279">
     <span class='ocr_line' id='line_1_33' title="bbox 553 2265 698 2279; baseline 0.007 -1"><span class='ocrx_word' id='word_1_241' title='bbox 553 2265 698 2279; x_wconf 54' lang='lat' dir='ltr'>—QOQ-</span> 
     </span>
    </p>
   </div>
   <div class='ocr_carea' id='block_1_9' title="bbox 428 2369 864 2430">
    <p class='ocr_par' dir='ltr' id='par_1_12' title="bbox 428 2369 864 2430">
     <span class='ocr_line' id='line_1_34' title="bbox 428 2369 864 2430; baseline 0.002 -3"><span class='ocrx_word' id='word_1_242' title='bbox 428 2369 864 2430; x_wconf 88' lang='lat' dir='ltr'>ARISTIPPUS.</span> 
     </span>
    </p>
   </div>
   <div class='ocr_carea' id='block_1_10' title="bbox 115 2497 1163 2668">
    <p class='ocr_par' dir='ltr' id='par_1_13' title="bbox 115 2497 1163 2668">
     <span class='ocr_line' id='line_1_35' title="bbox 168 2497 1163 2552; baseline -0.001 -13"><span class='ocrx_word' id='word_1_243' title='bbox 168 2502 332 2551; x_wconf 85' lang='lat' dir='ltr'><strong>Diogen.</strong></span> <span class='ocrx_word' id='word_1_244' title='bbox 354 2500 397 2538; x_wconf 91' lang='lat' dir='ltr'>L.</span> <span class='ocrx_word' id='word_1_245' title='bbox 417 2501 494 2547; x_wconf 92' lang='lat'>111,</span> <span class='ocrx_word' id='word_1_246' title='bbox 512 2499 561 2536; x_wconf 80' lang='lat'>83</span> <span class='ocrx_word' id='word_1_247' title='bbox 580 2511 590 2538; x_wconf 75' lang='lat' dir='ltr'>t</span> <span class='ocrx_word' id='word_1_248' title='bbox 611 2497 783 2550; x_wconf 86' lang='grc' dir='ltr'><strong>Γεγόνασι</strong></span> <span class='ocrx_word' id='word_1_249' title='bbox 797 2498 832 2537; x_wconf 83' lang='grc' dir='ltr'>δὲ</span> <span class='ocrx_word' id='word_1_250' title='bbox 847 2498 1067 2552; x_wconf 85' lang='grc' dir='ltr'><strong>Ἀρίστιπποι</strong></span> <span class='ocrx_word' id='word_1_251' title='bbox 1082 2499 1163 2538; x_wconf 82' lang='grc' dir='ltr'><strong>τέσ-</strong></span> 
     </span>
     <span class='ocr_line' id='line_1_36' title="bbox 116 2556 1163 2612; baseline 0.001 -14"><span class='ocrx_word' id='word_1_252' title='bbox 116 2575 264 2612; x_wconf 86' lang='grc' dir='ltr'><strong>σαρες...</strong></span> <span class='ocrx_word' id='word_1_253' title='bbox 297 2556 474 2611; x_wconf 79' lang='grc' dir='ltr'><strong>δεύτερος,</strong></span> <span class='ocrx_word' id='word_1_254' title='bbox 510 2560 528 2596; x_wconf 87' lang='grc' dir='ltr'>ὁ</span> <span class='ocrx_word' id='word_1_255' title='bbox 557 2557 602 2596; x_wconf 82' lang='grc' dir='ltr'>τὰ</span> <span class='ocrx_word' id='word_1_256' title='bbox 636 2558 727 2611; x_wconf 77' lang='grc' dir='ltr'><strong>Περὶ</strong></span> <span class='ocrx_word' id='word_1_257' title='bbox 758 2558 942 2611; x_wconf 86' lang='grc' dir='ltr'><strong>Ἀρκαδίας</strong></span> <span class='ocrx_word' id='word_1_258' title='bbox 967 2558 1163 2612; x_wconf 77' lang='grc' dir='ltr'><strong>γεγραφώς.</strong></span> 
     </span>
     <span class='ocr_line' id='line_1_37' title="bbox 115 2618 593 2668; baseline 0 -11"><span class='ocrx_word' id='word_1_259' title='bbox 115 2620 257 2657; x_wconf 86' lang='lat' dir='ltr'>Eadem</span> <span class='ocrx_word' id='word_1_260' title='bbox 275 2618 447 2655; x_wconf 86' lang='lat' dir='ltr'>Eudocia</span> <span class='ocrx_word' id='word_1_261' title='bbox 461 2631 502 2668; x_wconf 87' lang='lat' dir='ltr'>p.</span> <span class='ocrx_word' id='word_1_262' title='bbox 531 2631 593 2665; x_wconf 84' lang='lat'>71.</span> 
     </span>
    </p>
   </div>
   <div class='ocr_carea' id='block_1_11' title="bbox 73 2795 1160 3203">
    <p class='ocr_par' dir='ltr' id='par_1_14' title="bbox 73 2795 1160 3203">
     <span class='ocr_line' id='line_1_38' title="bbox 160 2795 1160 2840; baseline -0.002 -9"><span class='ocrx_word' id='word_1_263' title='bbox 160 2799 240 2831; x_wconf 78' lang='lat' dir='ltr'>Tria</span> <span class='ocrx_word' id='word_1_264' title='bbox 253 2805 332 2840; x_wconf 81' lang='lat' dir='ltr'>quae</span> <span class='ocrx_word' id='word_1_265' title='bbox 345 2795 395 2829; x_wconf 84' lang='lat' dir='ltr'>ad</span> <span class='ocrx_word' id='word_1_266' title='bbox 401 2797 546 2829; x_wconf 78' lang='lat' dir='ltr'>mortem</span> <span class='ocrx_word' id='word_1_267' title='bbox 554 2798 725 2837; x_wconf 80' lang='lat' dir='ltr'>spectant.</span> <span class='ocrx_word' id='word_1_268' title='bbox 737 2797 882 2830; x_wconf 83' lang='lat' dir='ltr'>Meminit</span> <span class='ocrx_word' id='word_1_269' title='bbox 892 2797 987 2838; x_wconf 87' lang='lat' dir='ltr'>hujus</span> <span class='ocrx_word' id='word_1_270' title='bbox 998 2798 1160 2839; x_wconf 87' lang='lat' dir='ltr'>proverbii</span> 
     </span>
     <span class='ocr_line' id='line_1_39' title="bbox 113 2848 1160 2890; baseline -0.001 -8"><span class='ocrx_word' id='word_1_271' title='bbox 113 2849 292 2883; x_wconf 82' lang='lat' dir='ltr'>Alexander</span> <span class='ocrx_word' id='word_1_272' title='bbox 309 2848 461 2889; x_wconf 79' lang='lat' dir='ltr'>(Alexis)</span> <span class='ocrx_word' id='word_1_273' title='bbox 483 2848 517 2880; x_wconf 90' lang='lat' dir='ltr'>in</span> <span class='ocrx_word' id='word_1_274' title='bbox 533 2848 703 2889; x_wconf 83' lang='lat' dir='ltr'>Caprariis.</span> <span class='ocrx_word' id='word_1_275' title='bbox 727 2849 878 2882; x_wconf 80' lang='lat' dir='ltr'>Aristides</span> <span class='ocrx_word' id='word_1_276' title='bbox 892 2849 970 2882; x_wconf 87' lang='lat' dir='ltr'>dicit</span> <span class='ocrx_word' id='word_1_277' title='bbox 994 2859 1088 2890; x_wconf 87' lang='lat' dir='ltr'>eum,</span> <span class='ocrx_word' id='word_1_278' title='bbox 1103 2849 1160 2890; x_wconf 89' lang='lat' dir='ltr'>qui</span> 
     </span>
     <span class='ocr_line' id='line_1_40' title="bbox 113 2900 1159 2942; baseline -0.001 -8"><span class='ocrx_word' id='word_1_279' title='bbox 113 2901 304 2942; x_wconf 83' lang='lat' dir='ltr'>Delphicum</span> <span class='ocrx_word' id='word_1_280' title='bbox 319 2900 487 2932; x_wconf 79' lang='lat' dir='ltr'>oraculum</span> <span class='ocrx_word' id='word_1_281' title='bbox 506 2900 703 2940; x_wconf 84' lang='lat' dir='ltr'>consuleret,</span> <span class='ocrx_word' id='word_1_282' title='bbox 727 2901 857 2933; x_wconf 86' lang='lat' dir='ltr'>oracula</span> <span class='ocrx_word' id='word_1_283' title='bbox 882 2901 1048 2942; x_wconf 82' lang='lat' dir='ltr'>obsignata</span> <span class='ocrx_word' id='word_1_284' title='bbox 1066 2911 1159 2934; x_wconf 82' lang='lat' dir='ltr'>acce-</span> 
     </span>
     <span class='ocr_line' id='line_1_41' title="bbox 112 2953 1160 2996; baseline 0 -9"><span class='ocrx_word' id='word_1_285' title='bbox 112 2955 213 2996; x_wconf 86' lang='lat' dir='ltr'>pisse,</span> <span class='ocrx_word' id='word_1_286' title='bbox 224 2954 317 2995; x_wconf 89' lang='lat' dir='ltr'>eique</span> <span class='ocrx_word' id='word_1_287' title='bbox 329 2953 518 2995; x_wconf 81' lang='lat' dir='ltr'>praedictum</span> <span class='ocrx_word' id='word_1_288' title='bbox 532 2962 618 2994; x_wconf 88' lang='lat' dir='ltr'>esse,</span> <span class='ocrx_word' id='word_1_289' title='bbox 635 2954 661 2986; x_wconf 89' lang='lat' dir='ltr'>si</span> <span class='ocrx_word' id='word_1_290' title='bbox 673 2953 807 2986; x_wconf 80' lang='lat' dir='ltr'>tabellas</span> <span class='ocrx_word' id='word_1_291' title='bbox 822 2955 966 2987; x_wconf 86' lang='lat' dir='ltr'>solvisset</span> <span class='ocrx_word' id='word_1_292' title='bbox 981 2956 1055 2987; x_wconf 87' lang='lat' dir='ltr'>ante</span> <span class='ocrx_word' id='word_1_293' title='bbox 1074 2955 1160 2987; x_wconf 88' lang='lat' dir='ltr'>diem</span> 
     </span>
     <span class='ocr_line' id='line_1_42' title="bbox 112 3005 1160 3048; baseline 0 -9"><span class='ocrx_word' id='word_1_294' title='bbox 112 3006 295 3046; x_wconf 78' lang='lat' dir='ltr'>delinitam,</span> <span class='ocrx_word' id='word_1_295' title='bbox 317 3006 386 3038; x_wconf 84' lang='lat' dir='ltr'>fore</span> <span class='ocrx_word' id='word_1_296' title='bbox 407 3006 444 3037; x_wconf 89' lang='lat' dir='ltr'>ut</span> <span class='ocrx_word' id='word_1_297' title='bbox 461 3013 559 3037; x_wconf 83' lang='lat' dir='ltr'>unam</span> <span class='ocrx_word' id='word_1_298' title='bbox 575 3014 617 3036; x_wconf 80' lang='lat' dir='ltr'>ex</span> <span class='ocrx_word' id='word_1_299' title='bbox 631 3005 735 3038; x_wconf 87' lang='lat' dir='ltr'>tribus</span> <span class='ocrx_word' id='word_1_300' title='bbox 761 3006 848 3038; x_wconf 88' lang='lat' dir='ltr'>hisce</span> <span class='ocrx_word' id='word_1_301' title='bbox 861 3015 990 3047; x_wconf 83' lang='lat' dir='ltr'>poenam</span> <span class='ocrx_word' id='word_1_302' title='bbox 1009 3016 1160 3048; x_wconf 83' lang='lat' dir='ltr'>passurus</span> 
     </span>
     <span class='ocr_line' id='line_1_43' title="bbox 85 3057 1158 3099; baseline -0.002 -8"><span class='ocrx_word' id='word_1_303' title='bbox 85 3097 88 3099; x_wconf 47' lang='grc'><strong>,</strong></span> <span class='ocrx_word' id='word_1_304' title='bbox 114 3060 195 3091; x_wconf 84' lang='lat' dir='ltr'>esset</span> <span class='ocrx_word' id='word_1_305' title='bbox 210 3067 218 3088; x_wconf 89' lang='lat'><strong>:</strong></span> <span class='ocrx_word' id='word_1_306' title='bbox 233 3058 290 3090; x_wconf 88' lang='lat' dir='ltr'>aut</span> <span class='ocrx_word' id='word_1_307' title='bbox 302 3057 388 3090; x_wconf 90' lang='lat' dir='ltr'>enim</span> <span class='ocrx_word' id='word_1_308' title='bbox 404 3057 522 3096; x_wconf 90' lang='lat' dir='ltr'>oculis,</span> <span class='ocrx_word' id='word_1_309' title='bbox 540 3058 596 3089; x_wconf 87' lang='lat' dir='ltr'>aut</span> <span class='ocrx_word' id='word_1_310' title='bbox 609 3065 720 3097; x_wconf 83' lang='lat' dir='ltr'>manu,</span> <span class='ocrx_word' id='word_1_311' title='bbox 734 3059 791 3090; x_wconf 85' lang='lat' dir='ltr'>aut</span> <span class='ocrx_word' id='word_1_312' title='bbox 807 3059 915 3098; x_wconf 84' lang='lat' dir='ltr'>lingua</span> <span class='ocrx_word' id='word_1_313' title='bbox 931 3059 1092 3099; x_wconf 85' lang='lat' dir='ltr'>privatum</span> <span class='ocrx_word' id='word_1_314' title='bbox 1107 3059 1158 3090; x_wconf 86' lang='lat' dir='ltr'>iri.</span> 
     </span>
     <span class='ocr_line' id='line_1_44' title="bbox 113 3109 1158 3152; baseline -0.001 -9"><span class='ocrx_word' id='word_1_315' title='bbox 113 3109 174 3143; x_wconf 85' lang='lat' dir='ltr'>Alii</span> <span class='ocrx_word' id='word_1_316' title='bbox 187 3119 264 3142; x_wconf 88' lang='lat' dir='ltr'>vero</span> <span class='ocrx_word' id='word_1_317' title='bbox 276 3109 388 3141; x_wconf 86' lang='lat' dir='ltr'>dicunt</span> <span class='ocrx_word' id='word_1_318' title='bbox 408 3109 520 3150; x_wconf 79' lang='lat' dir='ltr'>capitis</span> <span class='ocrx_word' id='word_1_319' title='bbox 528 3109 747 3142; x_wconf 86' lang='lat' dir='ltr'>condemnatis</span> <span class='ocrx_word' id='word_1_320' title='bbox 762 3110 824 3142; x_wconf 81' lang='lat' dir='ltr'>tria</span> <span class='ocrx_word' id='word_1_321' title='bbox 833 3111 966 3151; x_wconf 88' lang='lat' dir='ltr'>proponi</span> <span class='ocrx_word' id='word_1_322' title='bbox 975 3134 985 3150; x_wconf 88' lang='lat'>,</span> <span class='ocrx_word' id='word_1_323' title='bbox 998 3110 1139 3152; x_wconf 80' lang='lat' dir='ltr'>gladium</span> <span class='ocrx_word' id='word_1_324' title='bbox 1147 3135 1158 3151; x_wconf 93' lang='lat'>,</span> 
     </span>
     <span class='ocr_line' id='line_1_45' title="bbox 73 3160 444 3203; baseline 0 -9"><span class='ocrx_word' id='word_1_325' title='bbox 73 3160 86 3167; x_wconf 68' lang='grc'><strong>“</strong></span> <span class='ocrx_word' id='word_1_326' title='bbox 111 3161 280 3203; x_wconf 75' lang='lat' dir='ltr'>laqueum,</span> <span class='ocrx_word' id='word_1_327' title='bbox 294 3161 444 3194; x_wconf 78' lang='lat' dir='ltr'>cicutam.</span> 
     </span>
    </p>
   </div>
   <div class='ocr_carea' id='block_1_12' title="bbox 501 3245 770 3286">
    <p class='ocr_par' dir='ltr' id='par_1_15' title="bbox 501 3245 770 3286">
     <span class='ocr_line' id='line_1_46' title="bbox 501 3245 770 3286; baseline -0.011 -1"><span class='ocrx_word' id='word_1_328' title='bbox 501 3245 770 3286; x_wconf 84' lang='lat' dir='ltr'>ARCADICA.</span> 
     </span>
    </p>
   </div>
   <div class='ocr_carea' id='block_1_13' title="bbox 153 3330 1157 3432">
    <p class='ocr_par' dir='ltr' id='par_1_16' title="bbox 153 3330 1157 3432">
     <span class='ocr_line' id='line_1_47' title="bbox 497 3330 651 3365; baseline 0 -3"><span class='ocrx_word' id='word_1_329' title='bbox 497 3359 503 3365; x_wconf 87' lang='lat'>.</span> <span class='ocrx_word' id='word_1_330' title='bbox 619 3330 651 3362; x_wconf 88' lang='lat'>1.</span> 
     </span>
     <span class='ocr_line' id='line_1_48' title="bbox 153 3389 1157 3432; baseline 0 -11"><span class='ocrx_word' id='word_1_331' title='bbox 153 3389 228 3429; x_wconf 79' lang='lat' dir='ltr'>Apis</span> <span class='ocrx_word' id='word_1_332' title='bbox 241 3389 431 3430; x_wconf 80' lang='lat' dir='ltr'>Argivorum</span> <span class='ocrx_word' id='word_1_333' title='bbox 450 3398 507 3422; x_wconf 84' lang='lat' dir='ltr'>rex</span> <span class='ocrx_word' id='word_1_334' title='bbox 519 3390 695 3430; x_wconf 88' lang='lat' dir='ltr'>Memphim</span> <span class='ocrx_word' id='word_1_335' title='bbox 709 3390 835 3431; x_wconf 83' lang='lat' dir='ltr'>condit,</span> <span class='ocrx_word' id='word_1_336' title='bbox 851 3391 898 3423; x_wconf 80' lang='lat' dir='ltr'>uti</span> <span class='ocrx_word' id='word_1_337' title='bbox 918 3390 1015 3422; x_wconf 81' lang='lat' dir='ltr'>tradit</span> <span class='ocrx_word' id='word_1_338' title='bbox 1028 3391 1157 3432; x_wconf 81' lang='lat' dir='ltr'>Aristip-</span> 
     </span>
    </p>
   </div>
   <div class='ocr_carea' id='block_1_14' title="bbox 2216 215 2288 249">
    <p class='ocr_par' dir='ltr' id='par_1_17' title="bbox 2216 215 2288 249">
     <span class='ocr_line' id='line_1_49' title="bbox 2216 215 2288 249; baseline 0.028 -2"><span class='ocrx_word' id='word_1_339' title='bbox 2216 215 2288 249; x_wconf 79' lang='lat'>327</span> 
     </span>
    </p>
   </div>
   <div class='ocr_carea' id='block_1_15' title="bbox 1560 330 1968 472">
    <p class='ocr_par' dir='ltr' id='par_1_18' title="bbox 1560 330 1968 472">
     <span class='ocr_line' id='line_1_50' title="bbox 1626 330 1901 371; baseline 0.015 -4"><span class='ocrx_word' id='word_1_340' title='bbox 1626 330 1901 371; x_wconf 81' lang='grc' dir='ltr'><strong>ΛΡΚΑΔΙΚΑ.</strong></span> 
     </span>
     <span class='ocr_line' id='line_1_51' title="bbox 1560 432 1968 472; baseline 0.012 -5"><span class='ocrx_word' id='word_1_341' title='bbox 1560 432 1590 467; x_wconf 85' lang='grc' dir='ltr'>Ε</span> <span class='ocrx_word' id='word_1_342' title='bbox 1617 432 1769 469; x_wconf 88' lang='lat' dir='ltr'>LIBRO</span> <span class='ocrx_word' id='word_1_343' title='bbox 1797 434 1968 472; x_wconf 85' lang='lat' dir='ltr'><strong>PRIMO.</strong></span> 
     </span>
    </p>
   </div>
   <div class='ocr_carea' id='block_1_16' title="bbox 1748 535 1781 560">
    <p class='ocr_par' dir='ltr' id='par_1_19' title="bbox 1748 535 1781 560">
     <span class='ocr_line' id='line_1_52' title="bbox 1748 535 1781 560; baseline 0.061 -2"><span class='ocrx_word' id='word_1_344' title='bbox 1748 535 1781 560; x_wconf 89' lang='lat'>1.</span> 
     </span>
    </p>
   </div>
   <div class='ocr_carea' id='block_1_17' title="bbox 1234 597 2290 1004">
    <p class='ocr_par' dir='ltr' id='par_1_20' title="bbox 1234 597 2290 1004">
     <span class='ocr_line' id='line_1_53' title="bbox 1290 597 2288 658; baseline 0.007 -20"><span class='ocrx_word' id='word_1_345' title='bbox 1290 601 1462 638; x_wconf 89' lang='lat' dir='ltr'>Clemens</span> <span class='ocrx_word' id='word_1_346' title='bbox 1479 602 1585 640; x_wconf 88' lang='lat' dir='ltr'>Alex.</span> <span class='ocrx_word' id='word_1_347' title='bbox 1601 602 1740 639; x_wconf 89' lang='lat' dir='ltr'>Strom.</span> <span class='ocrx_word' id='word_1_348' title='bbox 1756 603 1795 648; x_wconf 88' lang='grc' dir='ltr'>Ι,</span> <span class='ocrx_word' id='word_1_349' title='bbox 1812 616 1854 651; x_wconf 92' lang='lat' dir='ltr'>p.</span> <span class='ocrx_word' id='word_1_350' title='bbox 1881 617 1895 640; x_wconf 93' lang='lat'>1</span> <span class='ocrx_word' id='word_1_351' title='bbox 1891 604 1953 653; x_wconf 81' lang='lat'>39</span> <span class='ocrx_word' id='word_1_352' title='bbox 1974 617 1982 640; x_wconf 77' lang='grc' dir='ltr'><strong>ε</strong></span> <span class='ocrx_word' id='word_1_353' title='bbox 2004 597 2105 648; x_wconf 48' lang='lat' dir='ltr'>*Aust</span> <span class='ocrx_word' id='word_1_354' title='bbox 2121 620 2156 643; x_wconf 83' lang='grc' dir='ltr'>τε</span> <span class='ocrx_word' id='word_1_355' title='bbox 2173 607 2190 643; x_wconf 87' lang='grc' dir='ltr'>ὁ</span> <span class='ocrx_word' id='word_1_356' title='bbox 2210 605 2288 658; x_wconf 83' lang='grc' dir='ltr'><strong>Ἄρ-</strong></span> 
     </span>
     <span class='ocr_line' id='line_1_54' title="bbox 1236 658 2288 715; baseline 0.006 -18"><span class='ocrx_word' id='word_1_357' title='bbox 1236 674 1315 710; x_wconf 91' lang='grc' dir='ltr'><strong>γους</strong></span> <span class='ocrx_word' id='word_1_358' title='bbox 1337 658 1497 711; x_wconf 89' lang='grc' dir='ltr'><strong>βασιλευς</strong></span> <span class='ocrx_word' id='word_1_359' title='bbox 1517 658 1664 712; x_wconf 86' lang='grc' dir='ltr'><strong>Μέμφιν</strong></span> <span class='ocrx_word' id='word_1_360' title='bbox 1684 660 1824 711; x_wconf 83' lang='grc' dir='ltr'><strong>οἰκίζει,</strong></span> <span class='ocrx_word' id='word_1_361' title='bbox 1839 660 1885 705; x_wconf 86' lang='grc' dir='ltr'>ὥς</span> <span class='ocrx_word' id='word_1_362' title='bbox 1897 677 2003 714; x_wconf 79' lang='grc' dir='ltr'><strong>φησιν</strong></span> <span class='ocrx_word' id='word_1_363' title='bbox 2016 662 2270 715; x_wconf 83' lang='grc' dir='ltr'><strong>Ἀρίστιππος’</strong></span> <span class='ocrx_word' id='word_1_364' title='bbox 2254 682 2288 704; x_wconf 90' lang='grc' dir='ltr'><strong>εν</strong></span> 
     </span>
     <span class='ocr_line' id='line_1_55' title="bbox 1236 715 2290 775; baseline 0.007 -21"><span class='ocrx_word' id='word_1_365' title='bbox 1236 715 1366 769; x_wconf 86' lang='grc' dir='ltr'><strong>πρώτῳ</strong></span> <span class='ocrx_word' id='word_1_366' title='bbox 1387 717 1617 768; x_wconf 87' lang='grc' dir='ltr'><strong>Ἀρκαδικῶν.</strong></span> <span class='ocrx_word' id='word_1_367' title='bbox 1638 720 1773 758; x_wconf 80' lang='grc' dir='ltr'><strong>Ἰοῧτον</strong></span> <span class='ocrx_word' id='word_1_368' title='bbox 1794 718 1831 757; x_wconf 85' lang='grc' dir='ltr'>δὲ</span> <span class='ocrx_word' id='word_1_369' title='bbox 1853 721 1871 757; x_wconf 87' lang='lat'>6</span> <span class='ocrx_word' id='word_1_370' title='bbox 1898 719 2076 771; x_wconf 83' lang='grc' dir='ltr'><strong>Ἀριστέας</strong></span> <span class='ocrx_word' id='word_1_371' title='bbox 2094 724 2112 759; x_wconf 88' lang='lat'>6</span> <span class='ocrx_word' id='word_1_372' title='bbox 2140 721 2290 775; x_wconf 82' lang='grc' dir='ltr'><strong>Ἀργεῖος</strong></span> 
     </span>
     <span class='ocr_line' id='line_1_56' title="bbox 1237 776 2288 831; baseline 0.005 -18"><span class='ocrx_word' id='word_1_373' title='bbox 1237 776 1518 826; x_wconf 84' lang='grc' dir='ltr'><strong>ἐπονομασθῆναί</strong></span> <span class='ocrx_word' id='word_1_374' title='bbox 1535 792 1621 829; x_wconf 79' lang='grc' dir='ltr'><strong>φησι</strong></span> <span class='ocrx_word' id='word_1_375' title='bbox 1635 777 1798 828; x_wconf 85' lang='grc' dir='ltr'><strong>Σάραπιν</strong></span> <span class='ocrx_word' id='word_1_376' title='bbox 1813 777 1874 816; x_wconf 86' lang='grc' dir='ltr'><strong>καὶ</strong></span> <span class='ocrx_word' id='word_1_377' title='bbox 1888 781 2007 817; x_wconf 77' lang='grc' dir='ltr'><strong>τοῦτον</strong></span> <span class='ocrx_word' id='word_1_378' title='bbox 2024 783 2112 817; x_wconf 88' lang='grc' dir='ltr'><strong>εἰναι</strong></span> <span class='ocrx_word' id='word_1_379' title='bbox 2126 779 2161 818; x_wconf 84' lang='grc' dir='ltr'>ὃν</span> <span class='ocrx_word' id='word_1_380' title='bbox 2179 780 2288 831; x_wconf 82' lang='grc' dir='ltr'><strong>Αἷγύ-</strong></span> 
     </span>
     <span class='ocr_line' id='line_1_57' title="bbox 1236 834 2290 888; baseline 0.005 -16"><span class='ocrx_word' id='word_1_381' title='bbox 1236 849 1330 872; x_wconf 87' lang='grc' dir='ltr'><strong>πτιοι</strong></span> <span class='ocrx_word' id='word_1_382' title='bbox 1351 834 1527 873; x_wconf 76' lang='grc' dir='ltr'><strong>σέὸουσιν.</strong></span> <span class='ocrx_word' id='word_1_383' title='bbox 1550 837 1694 874; x_wconf 85' lang='lat' dir='ltr'>Eadem</span> <span class='ocrx_word' id='word_1_384' title='bbox 1712 838 1851 874; x_wconf 89' lang='lat' dir='ltr'>Euseb.</span> <span class='ocrx_word' id='word_1_385' title='bbox 1872 839 1912 875; x_wconf 92' lang='lat' dir='ltr'>P.</span> <span class='ocrx_word' id='word_1_386' title='bbox 1929 839 1973 875; x_wconf 89' lang='lat' dir='ltr'>E.</span> <span class='ocrx_word' id='word_1_387' title='bbox 1992 840 2050 884; x_wconf 88' lang='lat' dir='ltr'>X,</span> <span class='ocrx_word' id='word_1_388' title='bbox 2067 853 2109 888; x_wconf 85' lang='lat' dir='ltr'>p.</span> <span class='ocrx_word' id='word_1_389' title='bbox 2131 840 2219 888; x_wconf 80' lang='grc'><strong>293.</strong></span> <span class='ocrx_word' id='word_1_390' title='bbox 2233 843 2290 877; x_wconf 93' lang='lat' dir='ltr'>De</span> 
     </span>
     <span class='ocr_line' id='line_1_58' title="bbox 1235 895 2289 945; baseline 0.003 -14"><span class='ocrx_word' id='word_1_391' title='bbox 1235 896 1383 931; x_wconf 88' lang='lat' dir='ltr'>Aristea</span> <span class='ocrx_word' id='word_1_392' title='bbox 1403 895 1545 944; x_wconf 88' lang='lat' dir='ltr'>Argivo</span> <span class='ocrx_word' id='word_1_393' title='bbox 1570 897 1759 945; x_wconf 87' lang='lat' dir='ltr'>scriptore</span> <span class='ocrx_word' id='word_1_394' title='bbox 1780 897 1876 932; x_wconf 89' lang='lat' dir='ltr'>nihil</span> <span class='ocrx_word' id='word_1_395' title='bbox 1901 905 2050 933; x_wconf 89' lang='lat' dir='ltr'>constat</span> <span class='ocrx_word' id='word_1_396' title='bbox 2063 925 2074 943; x_wconf 89' lang='lat'>,</span> <span class='ocrx_word' id='word_1_397' title='bbox 2094 899 2167 934; x_wconf 91' lang='lat' dir='ltr'>nisi</span> <span class='ocrx_word' id='word_1_398' title='bbox 2190 899 2289 935; x_wconf 86' lang='lat' dir='ltr'>forte</span> 
     </span>
     <span class='ocr_line' id='line_1_59' title="bbox 1234 954 2289 1004; baseline 0.004 -15"><span class='ocrx_word' id='word_1_399' title='bbox 1234 962 1344 1002; x_wconf 89' lang='lat' dir='ltr'>putes</span> <span class='ocrx_word' id='word_1_400' title='bbox 1357 954 1519 990; x_wconf 89' lang='lat' dir='ltr'>eundem</span> <span class='ocrx_word' id='word_1_401' title='bbox 1534 967 1611 991; x_wconf 90' lang='lat' dir='ltr'>esse</span> <span class='ocrx_word' id='word_1_402' title='bbox 1627 968 1714 991; x_wconf 90' lang='lat' dir='ltr'>cum</span> <span class='ocrx_word' id='word_1_403' title='bbox 1729 956 1878 992; x_wconf 86' lang='lat' dir='ltr'>Aristea</span> <span class='ocrx_word' id='word_1_404' title='bbox 1891 957 2034 1004; x_wconf 85' lang='lat' dir='ltr'>Argivo</span> <span class='ocrx_word' id='word_1_405' title='bbox 2046 984 2056 1002; x_wconf 89' lang='lat'>,</span> <span class='ocrx_word' id='word_1_406' title='bbox 2073 958 2140 1004; x_wconf 89' lang='lat' dir='ltr'>qui</span> <span class='ocrx_word' id='word_1_407' title='bbox 2155 965 2289 994; x_wconf 81' lang='lat' dir='ltr'>contra</span> 
     </span>
    </p>
   </div>
   <div class='ocr_carea' id='block_1_18' title="bbox 1233 1013 2288 1118">
    <p class='ocr_par' dir='ltr' id='par_1_21' title="bbox 1233 1013 2288 1118">
     <span class='ocr_line' id='line_1_60' title="bbox 1235 1013 2288 1062; baseline 0.003 -13"><span class='ocrx_word' id='word_1_408' title='bbox 1235 1014 1469 1061; x_wconf 81' lang='lat' dir='ltr'>Aristippum</span> <span class='ocrx_word' id='word_1_409' title='bbox 1492 1013 1719 1050; x_wconf 84' lang='lat' dir='ltr'>seditionem</span> <span class='ocrx_word' id='word_1_410' title='bbox 1741 1027 1920 1060; x_wconf 87' lang='lat' dir='ltr'>movens,</span> <span class='ocrx_word' id='word_1_411' title='bbox 1950 1016 2139 1062; x_wconf 87' lang='lat' dir='ltr'>Pyrrhum</span> <span class='ocrx_word' id='word_1_412' title='bbox 2160 1017 2199 1051; x_wconf 94' lang='lat' dir='ltr'>in</span> <span class='ocrx_word' id='word_1_413' title='bbox 2220 1030 2288 1052; x_wconf 89' lang='lat' dir='ltr'>ur-</span> 
     </span>
     <span class='ocr_line' id='line_1_61' title="bbox 1233 1065 2285 1118; baseline 0.005 -17"><span class='ocrx_word' id='word_1_414' title='bbox 1233 1066 1320 1102; x_wconf 90' lang='lat' dir='ltr'>bem</span> <span class='ocrx_word' id='word_1_415' title='bbox 1335 1066 1526 1102; x_wconf 85' lang='lat' dir='ltr'>arcessivit</span> <span class='ocrx_word' id='word_1_416' title='bbox 1547 1065 1763 1115; x_wconf 87' lang='lat' dir='ltr'>(Plutarch.</span> <span class='ocrx_word' id='word_1_417' title='bbox 1785 1068 1923 1115; x_wconf 87' lang='lat' dir='ltr'>Pyrrh.</span> <span class='ocrx_word' id='word_1_418' title='bbox 1942 1080 1974 1104; x_wconf 92' lang='lat' dir='ltr'>c.</span> <span class='ocrx_word' id='word_1_419' title='bbox 1993 1066 2089 1118; x_wconf 83' lang='lat'>30),</span> <span class='ocrx_word' id='word_1_420' title='bbox 2103 1081 2178 1115; x_wconf 83' lang='lat'>272</span> <span class='ocrx_word' id='word_1_421' title='bbox 2194 1081 2229 1106; x_wconf 90' lang='lat' dir='ltr'>a.</span> <span class='ocrx_word' id='word_1_422' title='bbox 2244 1070 2285 1106; x_wconf 93' lang='lat' dir='ltr'>C.</span> 
     </span>
    </p>
   </div>
   <div class='ocr_carea' id='block_1_19' title="bbox 1234 1124 2288 1231">
    <p class='ocr_par' dir='ltr' id='par_1_22' title="bbox 1234 1124 2288 1231">
     <span class='ocr_line' id='line_1_62' title="bbox 1234 1124 2288 1176; baseline 0.005 -17"><span class='ocrx_word' id='word_1_423' title='bbox 1234 1144 1286 1151; x_wconf 97' lang='lat'>—</span> <span class='ocrx_word' id='word_1_424' title='bbox 1305 1125 1362 1159; x_wconf 93' lang='lat' dir='ltr'>De</span> <span class='ocrx_word' id='word_1_425' title='bbox 1379 1124 1562 1173; x_wconf 73' lang='lat' dir='ltr'>Sal-apide</span> <span class='ocrx_word' id='word_1_426' title='bbox 1582 1125 1725 1160; x_wconf 86' lang='lat' dir='ltr'>librum</span> <span class='ocrx_word' id='word_1_427' title='bbox 1743 1126 1896 1174; x_wconf 81' lang='lat' dir='ltr'>scripsit</span> <span class='ocrx_word' id='word_1_428' title='bbox 1919 1127 2122 1163; x_wconf 79' lang='lat' dir='ltr'>Aristocles</span> <span class='ocrx_word' id='word_1_429' title='bbox 2139 1129 2288 1176; x_wconf 83' lang='lat' dir='ltr'>peripa-</span> 
     </span>
     <span class='ocr_line' id='line_1_63' title="bbox 1234 1182 1862 1231; baseline 0.008 -15"><span class='ocrx_word' id='word_1_430' title='bbox 1234 1182 1369 1217; x_wconf 86' lang='lat' dir='ltr'>teticus</span> <span class='ocrx_word' id='word_1_431' title='bbox 1385 1183 1603 1218; x_wconf 89' lang='lat' dir='ltr'>Messenius.</span> <span class='ocrx_word' id='word_1_432' title='bbox 1626 1183 1807 1231; x_wconf 60' lang='lat' dir='ltr'>Suidass.</span> <span class='ocrx_word' id='word_1_433' title='bbox 1826 1196 1862 1221; x_wconf 91' lang='lat' dir='ltr'>v.</span> 
     </span>
    </p>
   </div>
   <div class='ocr_carea' id='block_1_20' title="bbox 1288 1266 1780 1367">
    <p class='ocr_par' dir='ltr' id='par_1_23' title="bbox 1288 1266 1780 1358">
     <span class='ocr_line' id='line_1_64' title="bbox 1743 1266 1780 1289; baseline 0 0"><span class='ocrx_word' id='word_1_434' title='bbox 1743 1266 1780 1289; x_wconf 88' lang='grc'>2.</span> 
     </span>
     <span class='ocr_line' id='line_1_65' title="bbox 1288 1320 1739 1367; baseline 0.007 -12"><span class='ocrx_word' id='word_1_435' title='bbox 1288 1320 1418 1358; x_wconf 90' lang='lat' dir='ltr'>Schol.</span> <span class='ocrx_word' id='word_1_436' title='bbox 1441 1320 1695 1367; x_wconf 86' lang='lat' dir='ltr'>Theocrit.1,</span> <span class='ocrx_word' id='word_1_437' title='bbox 1719 1322 1739 1358; x_wconf 83' lang='grc'>3</span> 
     </span>
    </p>
   </div>
   <div class='ocr_carea' id='block_1_21' title="bbox 1237 1320 2285 1434">
    <p class='ocr_par' dir='ltr' id='par_1_24' title="bbox 1240 1320 2275 1434">
     <span class='ocr_line' id='line_1_66' title="bbox 1777 1320 2275 1373; baseline 0.008 -14"><span class='ocrx_word' id='word_1_438' title='bbox 1777 1335 1785 1358; x_wconf 90' lang='lat'><strong>:</strong></span> <span class='ocrx_word' id='word_1_439' title='bbox 1817 1320 2039 1373; x_wconf 87' lang='grc' dir='ltr'><strong>Ἀρίστιππος</strong></span> <span class='ocrx_word' id='word_1_440' title='bbox 2062 1322 2135 1361; x_wconf 84' lang='grc' dir='ltr'>δὲ’</span> <span class='ocrx_word' id='word_1_441' title='bbox 2119 1340 2153 1361; x_wconf 89' lang='grc' dir='ltr'><strong>εν</strong></span> <span class='ocrx_word' id='word_1_442' title='bbox 2175 1326 2224 1362; x_wconf 86' lang='grc' dir='ltr'>τῶ</span> <span class='ocrx_word' id='word_1_443' title='bbox 2254 1340 2275 1362; x_wconf 92' lang='grc' dir='ltr'><strong>α</strong></span> 
     </span>
     <span class='ocr_line' id='line_1_67' title="bbox 1237 1376 2285 1434; baseline 0.006 -19.018"><span class='ocrx_word' id='word_1_444' title='bbox 1237 1376 1450 1429; x_wconf 82' lang='grc' dir='ltr'><strong>Ἀρκαδικῶν</strong></span> <span class='ocrx_word' id='word_1_445' title='bbox 1472 1378 1612 1428; x_wconf 87' lang='lat' dir='ltr'>(codd</span> <span class='ocrx_word' id='word_1_446' title='bbox 1645 1380 1680 1416; x_wconf 80' lang='grc' dir='ltr'>ἐν</span> <span class='ocrx_word' id='word_1_447' title='bbox 1698 1395 1749 1416; x_wconf 85' lang='grc' dir='ltr'>τι)</span> <span class='ocrx_word' id='word_1_448' title='bbox 1778 1379 1996 1434; x_wconf 85' lang='grc' dir='ltr'><strong>Ἀρκαδικῶ)</strong></span> <span class='ocrx_word' id='word_1_449' title='bbox 2019 1381 2099 1426; x_wconf 83' lang='grc' dir='ltr'><strong>Διὸς</strong></span> <span class='ocrx_word' id='word_1_450' title='bbox 2119 1383 2177 1421; x_wconf 82' lang='grc' dir='ltr'><strong>καὶ</strong></span> <span class='ocrx_word' id='word_1_451' title='bbox 2199 1383 2285 1434; x_wconf 80' lang='grc' dir='ltr'><strong>νύμ-</strong></span> 
     </span>
    </p>
   </div>
   <div class='ocr_carea' id='block_1_22' title="bbox 1238 1430 1900 1490">
    <p class='ocr_par' dir='ltr' id='par_1_25' title="bbox 1238 1430 1900 1490">
     <span class='ocr_line' id='line_1_68' title="bbox 1238 1430 1900 1490; baseline 0 -14"><span class='ocrx_word' id='word_1_452' title='bbox 1238 1450 1304 1488; x_wconf 84' lang='grc' dir='ltr'>φης</span> <span class='ocrx_word' id='word_1_453' title='bbox 1325 1434 1488 1483; x_wconf 78' lang='grc' dir='ltr'><strong>Οἷνηίδος</strong></span> <span class='ocrx_word' id='word_1_454' title='bbox 1511 1438 1639 1488; x_wconf 84' lang='grc' dir='ltr'><strong>(Πᾶνα</strong></span> <span class='ocrx_word' id='word_1_455' title='bbox 1657 1430 1746 1475; x_wconf 89' lang='grc' dir='ltr'><strong>εἰναι</strong></span> <span class='ocrx_word' id='word_1_456' title='bbox 1766 1437 1900 1490; x_wconf 79' lang='grc' dir='ltr'><strong>λέγει).</strong></span> 
     </span>
    </p>
   </div>
   <div class='ocr_carea' id='block_1_23' title="bbox 1232 1542 2286 1883">
    <p class='ocr_par' dir='ltr' id='par_1_26' title="bbox 1232 1542 2286 1877">
     <span class='ocr_line' id='line_1_69' title="bbox 1514 1542 2004 1583; baseline 0.006 -3"><span class='ocrx_word' id='word_1_457' title='bbox 1514 1542 1545 1580; x_wconf 89' lang='grc' dir='ltr'>Ε</span> <span class='ocrx_word' id='word_1_458' title='bbox 1572 1544 1734 1580; x_wconf 87' lang='lat' dir='ltr'>LIBRIS</span> <span class='ocrx_word' id='word_1_459' title='bbox 1764 1544 2004 1583; x_wconf 80' lang='lat' dir='ltr'>INCERTIS.</span> 
     </span>
     <span class='ocr_line' id='line_1_70' title="bbox 1741 1631 1777 1669; baseline 0.056 -2"><span class='ocrx_word' id='word_1_460' title='bbox 1741 1631 1777 1669; x_wconf 82' lang='lat'>3.</span> 
     </span>
     <span class='ocr_line' id='line_1_71' title="bbox 1287 1706 2286 1759; baseline 0.005 -17"><span class='ocrx_word' id='word_1_461' title='bbox 1287 1706 1414 1744; x_wconf 91' lang='lat' dir='ltr'>Schol.</span> <span class='ocrx_word' id='word_1_462' title='bbox 1435 1706 1563 1755; x_wconf 86' lang='lat' dir='ltr'>Apoll.</span> <span class='ocrx_word' id='word_1_463' title='bbox 1583 1707 1655 1742; x_wconf 89' lang='lat' dir='ltr'>Rh.</span> <span class='ocrx_word' id='word_1_464' title='bbox 1675 1708 1754 1752; x_wconf 89' lang='grc' dir='ltr'>ΙΙΙ,</span> <span class='ocrx_word' id='word_1_465' title='bbox 1781 1707 1878 1754; x_wconf 90' lang='lat'>1087</span> <span class='ocrx_word' id='word_1_466' title='bbox 1899 1721 1908 1744; x_wconf 81' lang='lat' dir='ltr'><strong><em>z</em></strong></span> <span class='ocrx_word' id='word_1_467' title='bbox 1931 1706 1999 1746; x_wconf 88' lang='grc' dir='ltr'>Ἐκ</span> <span class='ocrx_word' id='word_1_468' title='bbox 2018 1707 2109 1751; x_wconf 89' lang='grc' dir='ltr'><strong>τίνος</strong></span> <span class='ocrx_word' id='word_1_469' title='bbox 2126 1709 2286 1759; x_wconf 84' lang='grc' dir='ltr'><strong>γυναικὸς</strong></span> 
     </span>
     <span class='ocr_line' id='line_1_72' title="bbox 1232 1762 2285 1816; baseline 0.003 -14"><span class='ocrx_word' id='word_1_470' title='bbox 1232 1765 1250 1802; x_wconf 97' lang='lat'>6</span> <span class='ocrx_word' id='word_1_471' title='bbox 1271 1762 1508 1802; x_wconf 88' lang='grc' dir='ltr'><strong>Δευκαλίων</strong></span> <span class='ocrx_word' id='word_1_472' title='bbox 1493 1762 1627 1814; x_wconf 84' lang='grc' dir='ltr'><strong>εγένετο</strong></span> <span class='ocrx_word' id='word_1_473' title='bbox 1652 1765 1852 1816; x_wconf 87' lang='grc' dir='ltr'><strong>Προμηθεῖ,</strong></span> <span class='ocrx_word' id='word_1_474' title='bbox 1870 1764 2101 1813; x_wconf 83' lang='grc' dir='ltr'><strong>σεσιώπηται.</strong></span> <span class='ocrx_word' id='word_1_475' title='bbox 2122 1765 2229 1805; x_wconf 84' lang='grc' dir='ltr'><strong>Ἐστι</strong></span> <span class='ocrx_word' id='word_1_476' title='bbox 2249 1767 2285 1805; x_wconf 85' lang='grc' dir='ltr'><strong>δε</strong></span> 
     </span>
     <span class='ocr_line' id='line_1_73' title="bbox 1232 1821 2283 1883; baseline 0.003 -23"><span class='ocrx_word' id='word_1_477' title='bbox 1232 1838 1292 1860; x_wconf 89' lang='grc' dir='ltr'>και</span> <span class='ocrx_word' id='word_1_478' title='bbox 1310 1822 1423 1874; x_wconf 82' lang='grc' dir='ltr'><strong>ἔτερος</strong></span> <span class='ocrx_word' id='word_1_479' title='bbox 1443 1821 1662 1869; x_wconf 83' lang='grc' dir='ltr'><strong>Δευκαλίων,</strong></span> <span class='ocrx_word' id='word_1_480' title='bbox 1681 1824 1762 1883; x_wconf 82' lang='grc' dir='ltr'><strong>περὶ</strong></span> <span class='ocrx_word' id='word_1_481' title='bbox 1782 1826 1820 1861; x_wconf 80' lang='lat'>06</span> <span class='ocrx_word' id='word_1_482' title='bbox 1839 1823 2075 1868; x_wconf 69' lang='grc' dir='ltr'><strong>“Ελλάνικος“</strong></span> <span class='ocrx_word' id='word_1_483' title='bbox 2067 1840 2180 1877; x_wconf 85' lang='grc' dir='ltr'><strong>ιστορε</strong></span> <span class='ocrx_word' id='word_1_484' title='bbox 2182 1831 2207 1863; x_wconf 83' lang='grc' dir='ltr'>ἶ·</span> <span class='ocrx_word' id='word_1_485' title='bbox 2222 1841 2283 1863; x_wconf 87' lang='grc' dir='ltr'>και</span> 
     </span>
    </p>
   </div>
   <div class='ocr_carea' id='block_1_24' title="bbox 1231 1880 2283 1994">
    <p class='ocr_par' dir='ltr' id='par_1_27' title="bbox 1231 1880 2283 1994">
     <span class='ocr_line' id='line_1_74' title="bbox 1231 1880 2283 1935; baseline 0.004 -17"><span class='ocrx_word' id='word_1_486' title='bbox 1231 1880 1354 1928; x_wconf 81' lang='grc' dir='ltr'><strong>ἄλλος,</strong></span> <span class='ocrx_word' id='word_1_487' title='bbox 1379 1883 1396 1918; x_wconf 88' lang='lat'>6</span> <span class='ocrx_word' id='word_1_488' title='bbox 1416 1880 1576 1928; x_wconf 87' lang='grc' dir='ltr'><strong>Μίνωος,</strong></span> <span class='ocrx_word' id='word_1_489' title='bbox 1605 1880 1685 1932; x_wconf 69' lang='grc' dir='ltr'><strong>περὶ</strong></span> <span class='ocrx_word' id='word_1_490' title='bbox 1714 1884 1754 1920; x_wconf 74' lang='grc' dir='ltr'><strong>οὗ</strong></span> <span class='ocrx_word' id='word_1_491' title='bbox 1780 1884 1876 1934; x_wconf 90' lang='grc' dir='ltr'><strong>Φερε</strong></span> <span class='ocrx_word' id='word_1_492' title='bbox 1879 1882 2002 1930; x_wconf 83' lang='grc' dir='ltr'><strong>κύδης·</strong></span> <span class='ocrx_word' id='word_1_493' title='bbox 2023 1883 2083 1920; x_wconf 86' lang='grc' dir='ltr'><strong>καὶ</strong></span> <span class='ocrx_word' id='word_1_494' title='bbox 2102 1883 2283 1935; x_wconf 87' lang='grc' dir='ltr'><strong>τέταρτος,</strong></span> 
     </span>
     <span class='ocr_line' id='line_1_75' title="bbox 1232 1939 2278 1994; baseline 0.003 -16"><span class='ocrx_word' id='word_1_495' title='bbox 1232 1943 1250 1978; x_wconf 85' lang='grc' dir='ltr'>ὁ</span> <span class='ocrx_word' id='word_1_496' title='bbox 1262 1939 1449 1988; x_wconf 75' lang='grc' dir='ltr'><strong>Ἄδαντος,</strong></span> <span class='ocrx_word' id='word_1_497' title='bbox 1466 1943 1504 1978; x_wconf 78' lang='grc' dir='ltr'><strong>οὗ</strong></span> <span class='ocrx_word' id='word_1_498' title='bbox 1530 1940 1741 1991; x_wconf 79' lang='grc' dir='ltr'><strong>μνημονεύει</strong></span> <span class='ocrx_word' id='word_1_499' title='bbox 1756 1940 2009 1994; x_wconf 85' lang='grc' dir='ltr'><strong>Ἀρίστιππος’</strong></span> <span class='ocrx_word' id='word_1_500' title='bbox 1994 1957 2028 1980; x_wconf 92' lang='grc' dir='ltr'><strong>εν</strong></span> <span class='ocrx_word' id='word_1_501' title='bbox 2049 1941 2278 1994; x_wconf 84' lang='grc' dir='ltr'><strong>Ἀρκαδικοῖς.</strong></span> 
     </span>
    </p>
   </div>
   <div class='ocr_carea' id='block_1_25' title="bbox 1741 2021 1779 2060">
    <p class='ocr_par' dir='ltr' id='par_1_28' title="bbox 1741 2021 1779 2060">
     <span class='ocr_line' id='line_1_76' title="bbox 1741 2021 1779 2060; baseline -0.132 0"><span class='ocrx_word' id='word_1_502' title='bbox 1741 2021 1779 2060; x_wconf 80' lang='grc'><strong>4.</strong></span> 
     </span>
    </p>
   </div>
   <div class='ocr_carea' id='block_1_26' title="bbox 1228 2088 2282 2437">
    <p class='ocr_par' dir='ltr' id='par_1_29' title="bbox 1228 2088 2282 2437">
     <span class='ocr_line' id='line_1_77' title="bbox 1283 2088 2282 2136; baseline 0.004 -10"><span class='ocrx_word' id='word_1_503' title='bbox 1283 2088 1412 2128; x_wconf 86' lang='lat' dir='ltr'>Schol.</span> <span class='ocrx_word' id='word_1_504' title='bbox 1431 2098 1505 2127; x_wconf 89' lang='lat' dir='ltr'>vet.</span> <span class='ocrx_word' id='word_1_505' title='bbox 1523 2090 1633 2126; x_wconf 84' lang='lat' dir='ltr'>Pind.</span> <span class='ocrx_word' id='word_1_506' title='bbox 1657 2091 1719 2128; x_wconf 88' lang='lat' dir='ltr'>Ol.</span> <span class='ocrx_word' id='word_1_507' title='bbox 1751 2092 1810 2127; x_wconf 90' lang='lat' dir='ltr'>XI</span> <span class='ocrx_word' id='word_1_508' title='bbox 1822 2118 1832 2136; x_wconf 89' lang='lat'>,</span> <span class='ocrx_word' id='word_1_509' title='bbox 1853 2090 1918 2129; x_wconf 83' lang='lat'>83.</span> <span class='ocrx_word' id='word_1_510' title='bbox 1946 2092 2121 2128; x_wconf 84' lang='lat' dir='ltr'>Narravit</span> <span class='ocrx_word' id='word_1_511' title='bbox 2139 2093 2282 2130; x_wconf 83' lang='lat' dir='ltr'>Pinda-</span> 
     </span>
     <span class='ocr_line' id='line_1_78' title="bbox 1230 2150 2276 2200; baseline 0.003 -15"><span class='ocrx_word' id='word_1_512' title='bbox 1230 2162 1294 2186; x_wconf 84' lang='lat' dir='ltr'>rus</span> <span class='ocrx_word' id='word_1_513' title='bbox 1312 2150 1530 2198; x_wconf 87' lang='lat' dir='ltr'>Herculem,</span> <span class='ocrx_word' id='word_1_514' title='bbox 1542 2150 1649 2186; x_wconf 83' lang='lat' dir='ltr'>Elide</span> <span class='ocrx_word' id='word_1_515' title='bbox 1668 2158 1780 2199; x_wconf 86' lang='lat' dir='ltr'>capta</span> <span class='ocrx_word' id='word_1_516' title='bbox 1790 2178 1800 2196; x_wconf 94' lang='lat'>‚</span> <span class='ocrx_word' id='word_1_517' title='bbox 1816 2150 1927 2186; x_wconf 88' lang='lat' dir='ltr'>ludos</span> <span class='ocrx_word' id='word_1_518' title='bbox 1941 2151 2160 2200; x_wconf 85' lang='lat' dir='ltr'>Olympicos</span> <span class='ocrx_word' id='word_1_519' title='bbox 2176 2153 2276 2188; x_wconf 88' lang='lat' dir='ltr'>insti-</span> 
     </span>
     <span class='ocr_line' id='line_1_79' title="bbox 1230 2209 2281 2257; baseline 0.003 -13"><span class='ocrx_word' id='word_1_520' title='bbox 1230 2209 1365 2257; x_wconf 78' lang='lat' dir='ltr'>tuisse,</span> <span class='ocrx_word' id='word_1_521' title='bbox 1379 2209 1420 2244; x_wconf 90' lang='lat' dir='ltr'>in</span> <span class='ocrx_word' id='word_1_522' title='bbox 1438 2210 1559 2256; x_wconf 91' lang='lat' dir='ltr'>iisque</span> <span class='ocrx_word' id='word_1_523' title='bbox 1577 2210 1708 2257; x_wconf 88' lang='lat' dir='ltr'>primis</span> <span class='ocrx_word' id='word_1_524' title='bbox 1727 2209 1825 2245; x_wconf 90' lang='lat' dir='ltr'>ludis</span> <span class='ocrx_word' id='word_1_525' title='bbox 1842 2222 1958 2245; x_wconf 89' lang='lat' dir='ltr'>curru</span> <span class='ocrx_word' id='word_1_526' title='bbox 1975 2210 2108 2246; x_wconf 87' lang='lat' dir='ltr'>vicisse</span> <span class='ocrx_word' id='word_1_527' title='bbox 2128 2211 2281 2247; x_wconf 84' lang='lat' dir='ltr'>Semum</span> 
     </span>
     <span class='ocr_line' id='line_1_80' title="bbox 1230 2266 2277 2312; baseline 0.003 -8"><span class='ocrx_word' id='word_1_528' title='bbox 1230 2267 1538 2312; x_wconf 86' lang='lat' dir='ltr'>Mantineensem,</span> <span class='ocrx_word' id='word_1_529' title='bbox 1546 2266 1667 2303; x_wconf 87' lang='lat' dir='ltr'>filium</span> <span class='ocrx_word' id='word_1_530' title='bbox 1677 2268 1944 2306; x_wconf 85' lang='lat' dir='ltr'>Halirrhothii.</span> <span class='ocrx_word' id='word_1_531' title='bbox 1958 2270 2126 2304; x_wconf 90' lang='lat' dir='ltr'>Annotat</span> <span class='ocrx_word' id='word_1_532' title='bbox 2137 2270 2277 2307; x_wconf 90' lang='lat' dir='ltr'>Schol.:</span> 
     </span>
     <span class='ocr_line' id='line_1_81' title="bbox 1229 2319 2280 2377; baseline 0.002 -14"><span class='ocrx_word' id='word_1_533' title='bbox 1229 2323 1334 2364; x_wconf 85' lang='grc' dir='ltr'><strong>Μετὰ</strong></span> <span class='ocrx_word' id='word_1_534' title='bbox 1353 2324 1416 2371; x_wconf 77' lang='grc' dir='ltr'>τὴν</span> <span class='ocrx_word' id='word_1_535' title='bbox 1439 2327 1500 2371; x_wconf 78' lang='grc' dir='ltr'>τῆς</span> <span class='ocrx_word' id='word_1_536' title='bbox 1518 2322 1664 2368; x_wconf 84' lang='grc' dir='ltr'><strong>Ἤλιδος</strong></span> <span class='ocrx_word' id='word_1_537' title='bbox 1683 2324 1813 2363; x_wconf 86' lang='grc' dir='ltr'><strong>ἅλωσιν</strong></span> <span class='ocrx_word' id='word_1_538' title='bbox 1834 2319 1881 2368; x_wconf 69' lang='grc' dir='ltr'>εἷς</span> <span class='ocrx_word' id='word_1_539' title='bbox 1900 2319 1943 2372; x_wconf 68' lang='grc' dir='ltr'>ἦν</span> <span class='ocrx_word' id='word_1_540' title='bbox 1967 2327 2036 2363; x_wconf 87' lang='grc' dir='ltr'>τῶν</span> <span class='ocrx_word' id='word_1_541' title='bbox 2057 2326 2280 2377; x_wconf 82' lang='grc' dir='ltr'><strong>ἀγωνισαμέ-</strong></span> 
     </span>
     <span class='ocr_line' id='line_1_82' title="bbox 1228 2381 2279 2437; baseline 0.003 -17"><span class='ocrx_word' id='word_1_542' title='bbox 1228 2398 1295 2420; x_wconf 85' lang='grc' dir='ltr'>νων</span> <span class='ocrx_word' id='word_1_543' title='bbox 1313 2384 1330 2420; x_wconf 87' lang='grc' dir='ltr'><strong><em>ὃ</em></strong></span> <span class='ocrx_word' id='word_1_544' title='bbox 1346 2381 1503 2430; x_wconf 77' lang='grc' dir='ltr'><strong>Θησεὺς,</strong></span> <span class='ocrx_word' id='word_1_545' title='bbox 1521 2384 1587 2434; x_wconf 81' lang='grc' dir='ltr'><strong>οὐχ</strong></span> <span class='ocrx_word' id='word_1_546' title='bbox 1609 2382 1741 2434; x_wconf 85' lang='grc' dir='ltr'><strong>ἅρματι</strong></span> <span class='ocrx_word' id='word_1_547' title='bbox 1760 2383 1815 2432; x_wconf 85' lang='grc' dir='ltr'><strong>δὲ,</strong></span> <span class='ocrx_word' id='word_1_548' title='bbox 1837 2383 1929 2421; x_wconf 82' lang='grc' dir='ltr'><strong>ἀλλὰ</strong></span> <span class='ocrx_word' id='word_1_549' title='bbox 1945 2384 2163 2437; x_wconf 84' lang='grc' dir='ltr'><strong>παγκρατίῳ·</strong></span> <span class='ocrx_word' id='word_1_550' title='bbox 2183 2387 2279 2424; x_wconf 75' lang='grc' dir='ltr'><strong>ἱστο-</strong></span> 
     </span>
    </p>
   </div>
   <div class='ocr_carea' id='block_1_27' title="bbox 1188 2441 1924 2494">
    <p class='ocr_par' dir='ltr' id='par_1_30' title="bbox 1188 2441 1924 2494">
     <span class='ocr_line' id='line_1_83' title="bbox 1188 2441 1924 2494; baseline 0.005 -16"><span class='ocrx_word' id='word_1_551' title='bbox 1188 2463 1191 2467; x_wconf 61' lang='lat'><strong>&gt;</strong></span> <span class='ocrx_word' id='word_1_552' title='bbox 1230 2443 1282 2494; x_wconf 87' lang='grc' dir='ltr'>ρεῖ</span> <span class='ocrx_word' id='word_1_553' title='bbox 1296 2441 1518 2494; x_wconf 84' lang='grc' dir='ltr'><strong>Ἀρίστιππος</strong></span> <span class='ocrx_word' id='word_1_554' title='bbox 1541 2442 1653 2493; x_wconf 87' lang='lat' dir='ltr'>(cod.</span> <span class='ocrx_word' id='word_1_555' title='bbox 1679 2441 1924 2492; x_wconf 87' lang='grc' dir='ltr'><strong>Ἀρίσιππος).</strong></span> 
     </span>
    </p>
   </div>
   <div class='ocr_carea' id='block_1_28' title="bbox 1226 2499 2281 2670">
    <p class='ocr_par' dir='ltr' id='par_1_31' title="bbox 1226 2499 2281 2670">
     <span class='ocr_line' id='line_1_84' title="bbox 1281 2499 2281 2552; baseline 0.003 -15"><span class='ocrx_word' id='word_1_556' title='bbox 1281 2500 1346 2551; x_wconf 77' lang='grc' dir='ltr'><strong>οὐχ</strong></span> <span class='ocrx_word' id='word_1_557' title='bbox 1374 2499 1534 2552; x_wconf 87' lang='grc' dir='ltr'><strong>ἅρματι]</strong></span> <span class='ocrx_word' id='word_1_558' title='bbox 1563 2503 1654 2538; x_wconf 87' lang='lat' dir='ltr'>Haec</span> <span class='ocrx_word' id='word_1_559' title='bbox 1686 2503 1916 2551; x_wconf 85' lang='lat' dir='ltr'>interposuit</span> <span class='ocrx_word' id='word_1_560' title='bbox 1944 2503 2165 2549; x_wconf 88' lang='lat' dir='ltr'>scholiasta,</span> <span class='ocrx_word' id='word_1_561' title='bbox 2200 2518 2281 2540; x_wconf 83' lang='lat' dir='ltr'>non</span> 
     </span>
     <span class='ocr_line' id='line_1_85' title="bbox 1226 2560 2280 2609; baseline 0.002 -12"><span class='ocrx_word' id='word_1_562' title='bbox 1226 2561 1456 2609; x_wconf 78' lang='lat' dir='ltr'>Aristippus,</span> <span class='ocrx_word' id='word_1_563' title='bbox 1489 2561 1642 2598; x_wconf 87' lang='lat' dir='ltr'>Scilicet</span> <span class='ocrx_word' id='word_1_564' title='bbox 1668 2560 1760 2597; x_wconf 87' lang='lat' dir='ltr'>falsa</span> <span class='ocrx_word' id='word_1_565' title='bbox 1787 2562 1951 2598; x_wconf 88' lang='lat' dir='ltr'>lectione</span> <span class='ocrx_word' id='word_1_566' title='bbox 1981 2564 2077 2598; x_wconf 89' lang='lat' dir='ltr'>moti</span> <span class='ocrx_word' id='word_1_567' title='bbox 2105 2565 2280 2599; x_wconf 89' lang='lat' dir='ltr'>nonnulli</span> 
     </span>
     <span class='ocr_line' id='line_1_86' title="bbox 1226 2619 2280 2670; baseline 0.001 -14"><span class='ocrx_word' id='word_1_568' title='bbox 1226 2620 1560 2656; x_wconf 82' lang='lat' dir='ltr'>Halirrhothiuma</span> <span class='ocrx_word' id='word_1_569' title='bbox 1576 2619 1741 2656; x_wconf 83' lang='lat' dir='ltr'>Pindaro</span> <span class='ocrx_word' id='word_1_570' title='bbox 1756 2619 1956 2662; x_wconf 82' lang='grc' dir='ltr'><strong>ἐπιθετικῶς</strong></span> <span class='ocrx_word' id='word_1_571' title='bbox 1966 2621 2185 2670; x_wconf 89' lang='lat' dir='ltr'>Neptunum</span> <span class='ocrx_word' id='word_1_572' title='bbox 2203 2622 2280 2658; x_wconf 87' lang='lat' dir='ltr'>dici</span> 
     </span>
    </p>
   </div>
   <div class='ocr_carea' id='block_1_29' title="bbox 1220 2729 2278 3247">
    <p class='ocr_par' dir='ltr' id='par_1_32' title="bbox 1220 2729 2278 3247">
     <span class='ocr_line' id='line_1_87' title="bbox 1221 2729 2278 2771; baseline 0.003 -11"><span class='ocrx_word' id='word_1_573' title='bbox 1221 2738 1281 2769; x_wconf 91' lang='lat' dir='ltr'>pus</span> <span class='ocrx_word' id='word_1_574' title='bbox 1305 2729 1336 2760; x_wconf 92' lang='lat' dir='ltr'>in</span> <span class='ocrx_word' id='word_1_575' title='bbox 1361 2729 1467 2770; x_wconf 88' lang='lat' dir='ltr'>primo</span> <span class='ocrx_word' id='word_1_576' title='bbox 1491 2729 1734 2761; x_wconf 88' lang='lat' dir='ltr'>Arcadicorum.</span> <span class='ocrx_word' id='word_1_577' title='bbox 1759 2731 1854 2762; x_wconf 89' lang='lat' dir='ltr'>Hunc</span> <span class='ocrx_word' id='word_1_578' title='bbox 1878 2738 1957 2762; x_wconf 84' lang='lat' dir='ltr'>vero</span> <span class='ocrx_word' id='word_1_579' title='bbox 1981 2730 2120 2763; x_wconf 84' lang='lat' dir='ltr'>Aristeas</span> <span class='ocrx_word' id='word_1_580' title='bbox 2142 2732 2278 2771; x_wconf 84' lang='lat' dir='ltr'>Argivus</span> 
     </span>
     <span class='ocr_line' id='line_1_88' title="bbox 1221 2782 2278 2826; baseline 0.004 -13"><span class='ocrx_word' id='word_1_581' title='bbox 1221 2782 1483 2822; x_wconf 77' lang='lat' dir='ltr'>cognominatum</span> <span class='ocrx_word' id='word_1_582' title='bbox 1506 2791 1573 2815; x_wconf 83' lang='lat' dir='ltr'>esse</span> <span class='ocrx_word' id='word_1_583' title='bbox 1585 2782 1770 2823; x_wconf 77' lang='lat' dir='ltr'>sarapidem</span> <span class='ocrx_word' id='word_1_584' title='bbox 1793 2791 1895 2823; x_wconf 89' lang='lat' dir='ltr'>eoque</span> <span class='ocrx_word' id='word_1_585' title='bbox 1915 2783 2046 2816; x_wconf 90' lang='lat' dir='ltr'>nomine</span> <span class='ocrx_word' id='word_1_586' title='bbox 2067 2785 2109 2817; x_wconf 85' lang='lat' dir='ltr'>ab</span> <span class='ocrx_word' id='word_1_587' title='bbox 2124 2785 2278 2826; x_wconf 82' lang='lat' dir='ltr'>AEgyptiis</span> 
     </span>
     <span class='ocr_line' id='line_1_89' title="bbox 1220 2834 1384 2866; baseline 0.006 -1"><span class='ocrx_word' id='word_1_588' title='bbox 1220 2834 1282 2865; x_wconf 90' lang='lat' dir='ltr'>coli</span> <span class='ocrx_word' id='word_1_589' title='bbox 1296 2834 1384 2866; x_wconf 88' lang='lat' dir='ltr'>dicit.</span> 
     </span>
     <span class='ocr_line' id='line_1_90' title="bbox 1734 2889 1768 2921; baseline -0.029 0"><span class='ocrx_word' id='word_1_590' title='bbox 1734 2889 1768 2921; x_wconf 83' lang='lat'>2.</span> 
     </span>
     <span class='ocr_line' id='line_1_91' title="bbox 1263 2958 2276 3000; baseline 0.003 -9"><span class='ocrx_word' id='word_1_591' title='bbox 1263 2959 1442 3000; x_wconf 84' lang='lat' dir='ltr'>Aristippus</span> <span class='ocrx_word' id='word_1_592' title='bbox 1455 2958 1559 3000; x_wconf 84' lang='lat' dir='ltr'>primo</span> <span class='ocrx_word' id='word_1_593' title='bbox 1579 2958 1661 2990; x_wconf 88' lang='lat' dir='ltr'>libro</span> <span class='ocrx_word' id='word_1_594' title='bbox 1675 2958 1907 2992; x_wconf 84' lang='lat' dir='ltr'>Arcadicorum</span> <span class='ocrx_word' id='word_1_595' title='bbox 1918 2961 2037 2993; x_wconf 83' lang='lat' dir='ltr'>Panem</span> <span class='ocrx_word' id='word_1_596' title='bbox 2050 2969 2118 2994; x_wconf 89' lang='lat' dir='ltr'>esse</span> <span class='ocrx_word' id='word_1_597' title='bbox 2134 2962 2151 2994; x_wconf 85' lang='lat' dir='ltr'>J</span> <span class='ocrx_word' id='word_1_598' title='bbox 2156 2962 2225 2994; x_wconf 89' lang='lat' dir='ltr'>ovis</span> <span class='ocrx_word' id='word_1_599' title='bbox 2243 2963 2276 2994; x_wconf 88' lang='lat' dir='ltr'>et</span> 
     </span>
     <span class='ocr_line' id='line_1_92' title="bbox 1221 3010 1758 3052; baseline 0 -8"><span class='ocrx_word' id='word_1_600' title='bbox 1221 3012 1367 3044; x_wconf 90' lang='lat' dir='ltr'>OEneidis</span> <span class='ocrx_word' id='word_1_601' title='bbox 1381 3011 1532 3052; x_wconf 79' lang='lat' dir='ltr'>nymphae</span> <span class='ocrx_word' id='word_1_602' title='bbox 1548 3011 1651 3043; x_wconf 87' lang='lat' dir='ltr'>lilium</span> <span class='ocrx_word' id='word_1_603' title='bbox 1670 3010 1758 3044; x_wconf 84' lang='lat' dir='ltr'>dicit.</span> 
     </span>
     <span class='ocr_line' id='line_1_93' title="bbox 1730 3090 1764 3122; baseline 0 0"><span class='ocrx_word' id='word_1_604' title='bbox 1730 3090 1764 3122; x_wconf 71' lang='lat'>3.</span> 
     </span>
     <span class='ocr_line' id='line_1_94' title="bbox 1263 3154 2272 3196; baseline 0.002 -10"><span class='ocrx_word' id='word_1_605' title='bbox 1263 3155 1490 3187; x_wconf 83' lang='lat' dir='ltr'>Deucalionem</span> <span class='ocrx_word' id='word_1_606' title='bbox 1518 3154 1699 3195; x_wconf 84' lang='lat' dir='ltr'>quendam,</span> <span class='ocrx_word' id='word_1_607' title='bbox 1725 3154 1861 3188; x_wconf 81' lang='lat' dir='ltr'>Abantis</span> <span class='ocrx_word' id='word_1_608' title='bbox 1885 3155 2007 3196; x_wconf 76' lang='lat' dir='ltr'>filium,</span> <span class='ocrx_word' id='word_1_609' title='bbox 2041 3157 2272 3189; x_wconf 81' lang='lat' dir='ltr'>commemorat</span> 
     </span>
     <span class='ocr_line' id='line_1_95' title="bbox 1221 3206 1629 3247; baseline -0.005 -8"><span class='ocrx_word' id='word_1_610' title='bbox 1221 3207 1397 3247; x_wconf 86' lang='lat' dir='ltr'>Aristippus</span> <span class='ocrx_word' id='word_1_611' title='bbox 1414 3206 1446 3237; x_wconf 91' lang='lat' dir='ltr'>in</span> <span class='ocrx_word' id='word_1_612' title='bbox 1460 3206 1629 3239; x_wconf 83' lang='lat' dir='ltr'>Arcadicis.</span> 
     </span>
    </p>
   </div>
   <div class='ocr_carea' id='block_1_30' title="bbox 1727 3267 1762 3299">
    <p class='ocr_par' dir='ltr' id='par_1_33' title="bbox 1727 3267 1762 3299">
     <span class='ocr_line' id='line_1_96' title="bbox 1727 3267 1762 3299; baseline 0 0"><span class='ocrx_word' id='word_1_613' title='bbox 1727 3267 1762 3299; x_wconf 82' lang='lat'>4.</span> 
     </span>
    </p>
   </div>
   <div class='ocr_carea' id='block_1_31' title="bbox 1219 3337 2266 3431">
    <p class='ocr_par' dir='ltr' id='par_1_34' title="bbox 1219 3337 2266 3431">
     <span class='ocr_line' id='line_1_97' title="bbox 1260 3337 2266 3380; baseline -0.003 -9"><span class='ocrx_word' id='word_1_614' title='bbox 1260 3341 1296 3371; x_wconf 88' lang='lat' dir='ltr'>ln</span> <span class='ocrx_word' id='word_1_615' title='bbox 1309 3338 1393 3370; x_wconf 92' lang='lat' dir='ltr'>ludis</span> <span class='ocrx_word' id='word_1_616' title='bbox 1405 3339 1475 3379; x_wconf 87' lang='lat' dir='ltr'>post</span> <span class='ocrx_word' id='word_1_617' title='bbox 1486 3337 1609 3370; x_wconf 87' lang='lat' dir='ltr'>Elidem</span> <span class='ocrx_word' id='word_1_618' title='bbox 1623 3339 1748 3380; x_wconf 72' lang='lat' dir='ltr'>captam</span> <span class='ocrx_word' id='word_1_619' title='bbox 1761 3338 1802 3370; x_wconf 84' lang='lat' dir='ltr'>ab</span> <span class='ocrx_word' id='word_1_620' title='bbox 1815 3338 1951 3370; x_wconf 86' lang='lat' dir='ltr'>Hercule</span> <span class='ocrx_word' id='word_1_621' title='bbox 1962 3337 2125 3370; x_wconf 83' lang='lat' dir='ltr'>celebratis</span> <span class='ocrx_word' id='word_1_622' title='bbox 2137 3345 2266 3378; x_wconf 76' lang='lat' dir='ltr'>pancra-</span> 
     </span>
     <span class='ocr_line' id='line_1_98' title="bbox 1219 3390 1977 3431; baseline -0.003 -9"><span class='ocrx_word' id='word_1_623' title='bbox 1219 3392 1263 3422; x_wconf 88' lang='lat' dir='ltr'>tio</span> <span class='ocrx_word' id='word_1_624' title='bbox 1276 3391 1427 3431; x_wconf 76' lang='lat' dir='ltr'>pugnavit</span> <span class='ocrx_word' id='word_1_625' title='bbox 1450 3391 1607 3431; x_wconf 79' lang='lat' dir='ltr'>Theseus,</span> <span class='ocrx_word' id='word_1_626' title='bbox 1622 3392 1658 3424; x_wconf 87' lang='lat' dir='ltr'>ut</span> <span class='ocrx_word' id='word_1_627' title='bbox 1672 3391 1849 3431; x_wconf 86' lang='lat' dir='ltr'>Aristippus</span> <span class='ocrx_word' id='word_1_628' title='bbox 1862 3390 1977 3431; x_wconf 87' lang='lat' dir='ltr'>prodit.</span> 
     </span>
    </p>
   </div>
  </div>
 </body>
</html>
