2326 3724
0 534 2 541 -
0 376 15 512 νων-ψῃ»
0 274 14 362 «mn-³⁴:10,-
0 163 14 266 wicun-:v-

659 212 973 264 ANTENORIS,
1006 213 1255 253 ANTIGONI
1285 215 1614 257 FRAGMENTA.

51 299 223 337 Rhodius
254 300 317 336 ille
343 301 637 349 peripateticus,
666 303 734 350 qui
762 303 920 339 Sullanis
951 309 1101 352 tempo-

49 358 156 394 ribus
174 359 387 394 Aristotelis
405 359 548 408 scripta
562 359 797 407 publicavit?
817 360 932 410 Apud
951 362 1101 397 Plutar-

50 416 163 453 chum
177 419 233 453 De
250 418 362 465 Pyth.
381 418 493 455 Orac.
511 430 553 466 p.
574 418 671 466 403,
690 420 721 455 E
735 420 908 467 Αζγνίιιε,
927 420 1099 456 Herodo-

49 481 129 520 tus,
150 475 400 513 Philochorus
419 474 490 526 (fr.
517 474 590 512 165
609 476 618 527 )
640 483 678 513 et
697 478 793 514 Ister
810 478 927 514 multa
944 479 1100 514 oracula

49 534 243 583 collegisse
271 535 464 572 dicuntur.
499 536 585 583 Quo
605 535 693 572 loco
714 537 891 573 Reiskius
908 549 982 586 pro
999 535 1099 574 Ἀλυ·

49 590 121 642 ρίου
142 594 218 642 legi
233 591 395 632 Ἀλυπίου
407 622 417 641 ,
433 601 546 644 atque
565 594 827 632 Andronicum
841 596 1021 645 Alypium
1037 597 1099 632 in-

49 652 166 702 telligi
184 653 281 691 vult.

461 775 658 791 *oo——

382 893 752 951 ANTENOR.

98 1033 322 1070 Ptolemaeus
333 1034 522 1083 Hephaest.
536 1047 569 1071 c.
581 1032 627 1070 5:
642 1030 816 1084 Ἀντήνωρ
831 1030 867 1069 δὲ
872 1033 908 1079 ,ὁ
921 1031 981 1070 καὶ
998 1033 1096 1081 Κρη·

46 1089 144 1135 τικὰς
162 1090 328 1144 γροίψαςε
320 1091 491 1144 ιστορίας,
510 1090 626 1130 Δέλτα
649 1091 661 1142 (
678 1091 858 1142 ἐκαλεῖτο)
878 1090 934 1129 διὰ
948 1091 988 1130 τὸ
1008 1092 1097 1142 ἀγα-

46 1148 102 1192 θὸς
120 1143 209 1188 εἶναι
234 1165 294 1188 και
315 1149 511 1202 φιλόπολις·
533 1148 611 1193 τους
640 1148 707 1202 γὰρ
738 1151 881 1202 Κρῆτας
900 1149 939 1187 τὸ
969 1149 1097 1200 ἀγαθὸν

46 1206 196 1246 δέλτον
214 1208 318 1245 καλεῖ
305 1223 334 1246 ν
366 1208 482 1260 φασίν.
502 1208 579 1261 (De
596 1208 785 1256 ejusmodi
805 1210 1097 1259 cognominibus

44 1267 122 1306 vid.
141 1268 303 1307 Lehrs.
292 1281 332 1305 m
348 1270 420 1316 Qu.
438 1269 536 1318 epic.
553 1281 594 1318 p.
617 1279 667 1305 20
687 1279 743 1317 sq.
759 1267 773 1319 )

450 1390 692 1428 KPHTIKA.

554 1520 585 1544 1.

97 1604 269 1643 AElianus
286 1607 335 1644 H.
357 1604 431 1643 An.
450 1606 582 1652 XVII,
600 1603 648 1641 35
669 1619 678 1641 :
698 1603 759 1643 Ἐν
776 1603 889 1655 λόγοις
909 1603 1097 1657 Κρητικοῖς

44 1661 220 1716 Ἀντήνωρ
235 1661 329 1714 λέγει
348 1666 392 1716 τῇ
410 1678 478 1701 των
496 1662 721 1714 καλουμένων
742 1662 918 1702 Ῥαυκίων
938 1662 1076 1701 πόλει”
1058 1679 1097 1702 εκ

44 1735 133 1764 τινος
151 1720 330 1772 δαιμονίου
349 1721 580 1792 προσὸολῆς’
565 1736 788 1774 επιφοιτησαι
808 1722 979 1772 μελιττῶν
999 1724 1096 1775 σφῆ-

45 1795 118 1827 νος,
133 1774 291 1832 αἵπερῗ
251 1796 310 1819 ουν
326 1782 514 1819 καλουνται
529 1781 746 1833 χαλκοειδεῖς
755 1809 766 1828 ,
785 1780 1045 1833 ἐγχριπτούσας
1061 1780 1096 1819 δὲ

45 1837 114 1890 ἄρα
135 1837 243 1882 αὐτὰς
267 1837 312 1877 τὰ
334 1854 460 1892 κεντρα
492 1833 568 1877 εἶτα
601 1838 720 1888 μέντοι
745 1840 944 1891 πικρότατα
973 1841 1096 1878 λυπεῖν

47 1891 235 1950 οὕσπερ
195 1901 267 1937 οὖν.
295 1897 474 1942 Ἐκείνους
494 1897 530 1936 δὲ
550 1898 615 1945 τὴν
644 1899 845 1951 προσὸολὴν
866 1901 902 1937 οὐ
929 1915 1096 1952 φεροντας

47 1957 238 2003 ἀναστῆναι
256 1959 317 2003 τῆς
333 1957 520 2009 πατρίδος,
538 1957 600 1995 καὶ
620 1957 739 2008 μέντοι
758 1958 818 1996 καὶ
839 1959 886 2001 εἷς
903 1960 1018 2011 χῶρον
1038 1960 1095 1996 ἐλ-

45 2017 114 2053 θεῖν
139 2014 259 2063 ἄλλον,
282 2015 342 2054 καὶ
361 2015 491 2055 οἰκίσαι
511 2016 609 2069 φιλίᾳ
629 2019 691 2063 τ’ἧς
713 2017 897 2068 μητρίδος,
916 2017 973 2054 ἵνα
996 2020 1094 2070 Κρη-

44 2076 147 2118 τικῶς
158 2074 263 2122 εἴπω,
283 2074 412 2114 Ῥᾶκον
432 2077 466 2114 ἐν
485 2077 573 2129 αὐτῇ
592 2079 634 2128 τῇ
652 2075 774 2128 Κρήτῃ
786 2106 795 2124 ,
814 2077 843 2114 εἷ
862 2075 922 2113 καὶ
941 2079 999 2114 τοῦ
1019 2092 1094 2128 χω-

45 2133 118 2186 ρίου
147 2135 165 2170 ὁ
197 2133 330 2185 δαίμων
352 2133 502 2180 ἤλαυνεν
525 2135 753 2186 (ἀπήλαυνεν
773 2135 929 2185 Reisk.)
952 2134 1094 2187 αὐτοὺς,

45 2190 136 2230 ἀλλὰ
159 2195 240 2266 γοῦν
266 2191 406 2237 τελείως
437 2195 710 2240 ἀποσπασθῆναι
744 2196 806 2232 τοῦ
838 2192 1006 2242 ὀνόματος
1032 2197 1097 2247 οὐχ

45 2250 310 2301 υπομείναντας.
331 2250 437 2303 Λέγει
457 2250 494 2289 δὲ
513 2254 531 2290 ὃ
552 2250 725 2304 Αντήνωρ
747 2250 807 2289 καὶ
839 2250 890 2289 ἔτι
911 2250 1004 2289 κατὰ
1033 2252 1096 2299 τὴν

43 2307 144 2357 Ἴδην
174 2309 239 2357 τὴν
259 2312 430 2362 Κρησσαν
453 2309 586 2348 ἐκείνου
603 2326 664 2348 του
690 2308 809 2361 γένους
831 2311 900 2347 τῶν
925 2310 1096 2360 μελιττῶν

45 2361 132 2407 εἶναι
159 2368 377 2420 ἰνδάλματα,
409 2369 448 2407 οὐ
471 2368 589 2407 πολλὰ
610 2368 687 2420 μὲν,
710 2372 798 2406 εἰναι
817 2368 847 2406 δ’
875 2362 933 2406 ουν
955 2368 1015 2407 καὶ
1035 2385 1096 2407 πι-

45 2426 129 2479 κρὰς
146 2428 314 2480 εντυχεῖν,
335 2429 380 2471 ὡς
398 2428 529 2465 ἐκεῖναι
549 2430 654 2474 ἠσαν.

27 2503 34 2507 ’
97 2489 154 2524 De
170 2488 304 2537 apibus
325 2488 484 2525 Creticis
504 2500 539 2525 v.
560 2487 725 2525 Diodor.
751 2489 796 2533 V,
822 2499 890 2534 703
914 2487 960 2524 cf.
983 2488 1095 2524 Boet-

46 2546 154 2595 tiger.
177 2546 380 2582 Amalthea
402 2547 419 2582 Ι
434 2572 444 2591 ,
474 2559 514 2595 p.
539 2545 588 2581 62
619 2558 703 2594 sqq.
729 2566 782 2573 —-
802 2543 987 2596 μητρίδος]
1010 2546 1032 2590 ἡ
1061 2544 1097 2582 δὲ

46 2602 168 2654 πατρὶς
183 2602 244 2640 καὶ
260 2602 398 2655 μητρίς,
412 2603 458 2646 ὡς
474 2605 610 2655 Κρῆτες
626 2605 786 2650 καλοῦσι,
803 2604 994 2641 Plutarch.
1011 2605 1095 2640 Mo·

47 2663 167 2712 ral.p.
190 2675 287 2712 792,
304 2665 348 2699 E.
369 2662 426 2701 Cf.
444 2664 551 2699 Plato
570 2665 670 2712 Rep.
692 2664 770 2710 IX,
785 2676 826 2711 p.
852 2661 944 2709 575,
968 2665 1015 2700 D.

46 2773 204 2806 Tenedios
220 2774 252 2805 in
266 2774 392 2815 Periplo
410 2774 631 2815 Propontidis,
645 2774 765 2806 addens
778 2775 885 2805 locum
900 2774 992 2805 illum
1003 2777 1094 2813 Amy·

47 2833 122 2858 cnm
148 2826 303 2867 appellari
329 2828 362 2858 et
391 2835 478 2858 nunc
506 2827 604 2859 etiam
631 2826 722 2858 villas
747 2825 885 2865 habere,
908 2825 1046 2866 denique
1076 2833 1094 2856 a

46 2875 221 2917 Nymphaeo
236 2876 451 2909 Chalcedonio
467 2877 584 2910 distare
597 2877 706 2909 stadiis
721 2876 872 2917 quinque.

449 2971 683 3011 CRETICA.

550 3067 580 3099 1.

88 3133 228 3164 Antenor
243 3132 274 3164 in
290 3132 379 3164 libris
391 3134 513 3165 Rerum
530 3134 729 3166 Creticarum
754 3134 787 3165 in
805 3132 1023 3166 Rliauciorum
1042 3139 1093 3161 ur-

47 3183 120 3216 bem
141 3183 187 3215 ait
210 3183 320 3216 divino
344 3184 484 3224 quodam
518 3185 658 3225 impulsu
687 3194 804 3225 apum,
832 3193 906 3225 quae
935 3184 1094 3214 vocantur

46 3235 233 3284 Chalcoides
249 3235 370 3276 (aereae
381 3236 406 3275 )‚
430 3244 565 3268 examen
581 3237 749 3268 accessisse
762 3260 770 3276 ,
790 3237 822 3267 et
845 3234 960 3266 defixis
975 3233 1094 3265 aculeis

46 3286 157 3319 obvios
171 3287 378 3320 vehementer
392 3295 546 3320 vexasse:
562 3288 633 3320 illos
647 3296 756 3320 earum
775 3288 929 3327 impetum
946 3294 1010 3316 non
1026 3293 1092 3317 sus·

47 3338 182 3372 tinentes
206 3348 223 3371 e
236 3338 338 3379 patria
360 3339 527 3380 migrasse,
542 3341 574 3372 et
597 3341 629 3371 in
643 3340 743 3372 alium
765 3339 946 3380 pervenisse
962 3339 1069 3370 locum
1082 3361 1091 3377 ‚

47 3387 153 3431 ibique
176 3390 355 3423 condidisse
373 3391 545 3432 oppidum,
569 3392 656 3433 quod
681 3392 827 3424 similiter
851 3392 962 3432 patriae
984 3398 1092 3422 amore

189 3461 377 3486 FRAGMENTA
399 3465 478 3489 lus'r·
499 3466 554 3490 GR.
579 3475 613 3482 -
634 3468 757 3491 V01..{v.

2124 218 2196 250 305

1671 337 1705 360 2.

1216 413 1408 452 Plutarch.
1430 414 1486 452 De
1501 415 1655 464 malign.
1678 415 1862 454 Herodot.
1897 431 1929 455 c.
1958 418 2038 467 αα(
2052 419 2100 455 de
2119 420 2211 458 Cni-

1163 470 1315 507 diorum
1343 473 1446 520 apud
1471 474 1691 521 Corcyraeos
1716 475 1966 524 honoribus).
1990 478 2084 513 Vide
2115 479 2210 514 infra

1161 530 1336 584 Dionysii
1356 531 1608 568 Chalcidensis
1627 531 1674 570 fr.
1696 532 1753 569 13.

1580 656 1795 670 dun—-

1463 762 1913 820 ANTIGONUS.

1582 895 1806 933 lTAAlKA.

1213 996 1417 1044 Dionysius
1432 993 1514 1032 Hal.
1526 997 1631 1034 A.R.
1651 997 1684 1041 Ι,
1698 1009 1730 1034 e.
1744 995 1784 1044 6,
1796 1009 1834 1044 p.
1854 1009 1897 1042 17
1915 997 1977 1034 R.:
1992 997 2138 1033 Italicas
2152 1010 2213 1033 an-

1160 1054 1354 1102 tiquitates
1371 1055 1517 1103 primus
1534 1055 1754 1103 perstrinxit
1779 1055 2035 1102 Hieronymus
2060 1055 2211 1092 Cardia-

1158 1125 1250 1159 nus,
1269 1126 1340 1162 pos
1324 1121 1356 1149 st
1376 1114 1476 1149 hunc
1501 1114 1695 1149 Timaeus·
1715 1110 1791 1162 ἅμα
1811 1111 1847 1149 δὲ
1867 1111 2000 1155 τούτοις
2018 1111 2211 1164 Ἀντιγόνου

1159 1185 1197 1207 τε
1229 1171 1288 1209 καὶ
1309 1170 1488 1209 Πολυὸίου
1514 1186 1574 1208 και
1595 1171 1744 1217 Σιληνου
1767 1169 1828 1208 καὶ
1859 1170 1989 1222 μυρίων
2010 1170 2124 1208 ἄλλων
2144 1177 2212 1214 τοῖς

1161 1230 1277 1272 αὐτοῖς
1288 1229 1492 1281 πράγμασιν
1507 1245 1545 1268 ου
1547 1244 1573 1281 χ
1585 1228 1711 1280 ὁμοίως
1726 1228 1988 1267 ἐπιὸαλόντων·
2004 1232 2051 1266 ὧν
2068 1228 2212 1271 ἕκαστος

1160 1286 1259 1337 ὀλίγα
1285 1302 1345 1325 και
1375 1286 1453 1325 οὐδὲ
1489 1286 1579 1326 αὐτὰ
1614 1286 1938 1337 διεσπουδασμένο)ς
1965 1287 2094 1331 συνθεὶς
2128 1287 2210 1325 ἀνέ-

1159 1348 1303 1398 γραψεν.

1212 1406 1447 1455 Antigonum
1479 1408 1578 1442 hunc
1609 1406 1768 1454 Polybio
1790 1407 2042 1454 antiquiorem
2061 1419 2139 1442 esse
2165 1419 2210 1442 ex

1158 1465 1267 1510 serie,
1283 1477 1359 1513 qua
1369 1465 1525 1501 nomina
1536 1472 1735 1501 auctorum
1744 1477 1782 1501 se
1796 1465 2004 1514 excipiunt,
2018 1465 2210 1512 conjiciaS.

1158 1525 1353 1560 Putaveris
1369 1525 1484 1572 igitur
1499 1524 1787 1572 intelligendum
1801 1536 1879 1560 esse
1894 1525 2127 1573 Antigonum
2144 1524 2210 1560 Ca-

1158 1583 1339 1630 rystium,
1362 1583 1428 1631 qui
1445 1582 1637 1618 Ptolemaei
1654 1583 1691 1618 11
1709 1590 1747 1618 et
1766 1583 1823 1617 ΙΙΙ
1844 1583 2079 1631 temporibus
2099 1583 2208 1626 vixit,

1159 1652 1351 1689 quemque
1380 1639 1484 1683 Βίους
1515 1638 1726 1692 φιλοσόφων,
1751 1639 1943 1692 Παράδοξα
1964 1648 2002 1677 et
2032 1638 2122 1701 Περὶ
2153 1639 2209 1677 λε’-

1160 1697 1241 1743 ξεως
1260 1701 1452 1749 scripsisse
1471 1701 1610 1736 scimus
1636 1700 1696 1749 (v.
1726 1701 1832 1736 Voss.
1851 1713 1891 1749 p
1929 1705 2022 1746 1143
2044 1700 2207 1738 Clinton.

1159 1761 1238 1805 III,
1258 1772 1299 1808 p.
1326 1758 1442 1808 513).
1461 1758 1536 1795 Sed
1554 1748 1738 1806 ejusmodi
1757 1757 1987 1805 conjecturis
2004 1759 2099 1794 nihil
2118 1759 2210 1794 diii-

1157 1819 1287 1854 mitur.
1300 1818 1426 1854 Alium
1438 1830 1514 1854 esse
1526 1818 1752 1865 Carystium‚
1764 1819 1880 1853 alium
1892 1818 2058 1854 historiae
2070 1818 2209 1853 Italicae

1159 1884 1356 1913 auctorem
1374 1883 1499 1913 censet
1512 1876 1559 1914 Ο.
1574 1877 1755 1912 Miillerus
1769 1875 1818 1912 ad
1834 1877 1985 1913 Festum
1999 1889 2040 1925 p.
2060 1875 2151 1913 266.

1670 1971 1701 1996 1.

1214 2042 1343 2077 Festus
1361 2053 1400 2089 p.
1425 2039 1499 2075 266
1518 2039 1578 2076 ed.
1601 2039 1749 2076 Miiller.
1772 2050 1781 2073 ε
1802 2037 2025 2085 Antigonus,
2054 2039 2206 2073 Italicas

1158 2098 1326 2134 historice
1345 2101 1508 2146 scriptor,
1545 2100 1601 2132 ait
1630 2097 1810 2133 lemum
1843 2097 2027 2144 quendam
2056 2099 2206 2132 nomine

1158 2160 1246 2193 Jove
1258 2166 1469 2206 conceptum
1484 2155 1609 2192 urbem
1626 2157 1834 2192 condidisse
1847 2159 1884 2191 in
1897 2157 2062 2199 Palatio,
2078 2157 2207 2191 Romoe

1158 2221 1265 2265 eique
1283 2218 1427 2252 dedisse
1445 2228 1591 2252 nomen.

1668 2304 1702 2327 2.

1215 2369 1407 2407 Plutarch.
1437 2368 1591 2404 Romul.
1614 2380 1647 2404 c.
1674 2380 1734 2413 17,
1762 2380 1823 2412 11,
1843 2367 1891 2403 de
1910 2368 2072 2415 Tarpeia
2093 2367 2206 2415 Capi-

1160 2429 1294 2464 tolium
1311 2428 1458 2464 Sabinis
1473 2427 1662 2476 prodente
1679 2439 1687 2461 :
1707 2423 1885 2463 Ἀπίθανοι
1904 2423 1965 2474 μέν
1982 2426 2067 2462 εἰσιν
2084 2426 2114 2462 οἱ
2134 2427 2206 2461 Τα-

1159 2485 1232 2523 τίου
1250 2485 1423 2536 θυγατέρα
1437 2500 1497 2523 του
1514 2482 1682 2535 ἡγεμόνος
1695 2485 1763 2521 τῶν
1785 2482 1946 2521 Σαὸίνων
1964 2486 2069 2521 οὖσαν
2086 2481 2205 2528 αὐτὴν,

1160 2543 1336 2596 Ῥωμύλῳ
1357 2542 1392 2581 δὲ
1416 2542 1474 2596 βία
1495 2557 1720 2580 συνοικουσαν
1741 2543 1954 2593 ἱστορουντες
1973 2545 2084 2579 ταῦτα
2103 2543 2204 2586 ποιῆ·

1160 2617 1219 2640 σαι
1252 2601 1312 2640 καὶ
1335 2605 1458 2640 παθεῖν
1491 2600 1558 2639 υπὸ
1586 2617 1646 2639 του
1679 2599 1825 2654 πατρός·
1857 2603 1905 2638 ὧν
1928 2599 1988 2638 καὶ
2020 2598 2206 2649 Ἀντίγονός

1160 2662 1247 2701 ἐστι.

1158 2773 1326 2805 Rhaucum
1340 2773 1373 2805 in
1394 2773 1461 2814 ipsa
1475 2774 1570 2805 Creta
1584 2772 1812 2811 nominarunt3
1833 2772 1869 2803 ut
1888 2771 2036 2811 quamvis
2058 2771 2159 2811 patria
2173 2769 2203 2801 vi

1158 2825 1243 2856 fatali
1256 2826 1359 2857 essent
1372 2823 1494 2864 depulsi
1507 2847 1516 2862 ,
1532 2832 1649 2854 nomen
1666 2824 1773 2854 tamen
1787 2822 1872 2854 illius
1884 2822 2068 2855 retinerent.
2085 2822 2136 2854 Ait
2147 2829 2203 2852 au-

1112 2891 1117 2895 *
1156 2878 1221 2909 tem
1243 2878 1386 2909 Antenor
1408 2876 1439 2907 in
1458 2875 1513 2907 Ida
1533 2876 1640 2906 monte
1655 2875 1760 2907 Cretae
1774 2874 1951 2906 etiamnum
1966 2874 2082 2905 harum
2107 2881 2202 2913 apum

1158 2938 1277 2970 paucas
1291 2928 1445 2969 quasdam
1469 2935 1538 2959 esse
1565 2927 1730 2967 reliquias,
1756 2935 1829 2967 quae
1852 2926 1996 2959 similiter
2019 2927 2116 2966 atque
2141 2925 2203 2956 illae

1156 2981 1267 3013 obvios
1282 2981 1395 3013 acriter
1409 2980 1560 3021 pungant.

1571 3072 1790 3112 ITALICA.

1661 3163 1695 3195 2.

1196 3234 1331 3266 Absurdi
1344 3235 1419 3266 sunt
1429 3234 1483 3274 qui
1494 3233 1624 3265 tradunt
1634 3232 1802 3273 Tarpeiam
1813 3232 1902 3264 ducis
1912 3231 2103 3263 Sabinorum
2117 3229 2197 3261 Tatii

1158 3284 1254 3316 filiam
1272 3285 1382 3324 fuisse,
1403 3288 1435 3317 et
1448 3295 1548 3326 quum
1563 3285 1662 3316 invita
1679 3285 1760 3316 esset
1779 3292 1851 3315 cum
1869 3283 2025 3320 Romulo,
2045 3281 2106 3312 hoc
2125 3288 2196 3320 per-

1155 3338 1305 3377 petrasse,
1320 3336 1417 3375 atque
1429 3335 1473 3367 ita
1489 3345 1555 3369 esse
1567 3345 1585 3368 a
1599 3336 1687 3376 patre
1706 3335 1905 3367 mulctatam.
1923 3336 1969 3365 Ex
1982 3332 2029 3363 liis
2043 3333 2089 3363 est
2104 3330 2193 3363 Anti-

1153 3396 1264 3429 gonus.

2001 3469 2038 3494 20
