2372 3704
122 264 197 299 602

119 344 176 383 ἐπὶ
194 343 233 382 τὸ
253 339 501 392 αὐθαδέστερον
523 337 620 392 παρὰ
639 336 685 376 τὰ
705 334 946 384 καθεστηκότα
969 334 1162 385 Ῥωμαίοις

118 402 249 455 πάτρια
272 396 536 451 μετεσκεύασεν.

604 462 690 500 166.

172 542 272 579 lbid.
302 553 344 590 p.
367 539 442 586 837
470 551 479 577 ε
501 535 587 575 Ὅτι
614 535 816 586 Ἑρκούλιος
845 531 905 571 καὶ
936 532 1018 583 δίχα
1037 529 1166 573 παντὸς

120 598 418 652 προκαλύμματος
447 594 562 647 ἄγριός
580 610 617 632 τε
645 588 688 641 ῆν
710 592 771 639 καὶ
798 590 1020 644 τυραννικὸς,
1040 589 1080 627 τὸ
1103 591 1165 634 τῆς

121 657 250 701 οἰκείας
269 655 408 707 γνώμης
421 652 532 706 τραχὺ
549 655 599 707 τῷ
609 652 884 702 καταπληκτικῷ
900 652 961 688 τοῦ
975 646 1163 699 προσώπου

120 716 350 767 παραδηλῶν.
372 715 429 766 Τῇ
445 715 526 764 γοῦν
546 713 670 750 ἑαυτοῦ
698 711 797 763 φύσει
822 706 1046 746 παντάπασιν
1075 706 1165 744 ἔνδι-

123 772 200 816 δοὺς
215 802 226 820 ,
252 771 312 810 καὶ
342 773 393 823 τῷ
412 770 651 820 Διοκλητιανῷ
670 766 755 820 πρὸς
779 765 872 803 ἅπαν
902 763 1029 802 ἄτοπόν
1048 778 1086 801 τε
1105 762 1166 801 καὶ

123 828 272 882 σκληρὸν
294 826 470 881 βούλευμα
489 825 644 868 ἑκούσιος
664 826 834 875 ὑποῧργος
850 820 1054 860 καθίστατο.

603 914 689 959 167.

177 993 270 1029 Exc.
292 991 405 1028 Salm.
427 1002 467 1038 p.
491 987 565 1036 398
589 985 795 1038 ιΘρίαμὸος
805 983 992 1032 ὠνομάσθη
1013 981 1083 1020 ἀπὸ
1099 984 1167 1020 τῶν

125 1048 273 1101 πρώτων
293 1049 384 1085 ἐπῶν
408 1049 477 1084 τῶν
507 1047 553 1088 εἷς
581 1044 638 1082 τὸν
659 1043 836 1083 Διόνυσον·
857 1042 993 1094 θρίασιν
1018 1040 1085 1093 γὰρ
1104 1039 1168 1086 τὴν

127 1109 196 1144 τῶν
229 1108 380 1152 ποιητῶν
411 1103 537 1154 μανίαν
565 1102 680 1156 φασίν·
705 1101 728 1148 ἢ
757 1100 826 1139 ἀπὸ
859 1103 927 1139 τῶν
949 1099 1072 1153 θρίων,
1101 1101 1168 1137 τῶν

128 1164 286 1216 φύλλων,
311 1166 372 1210 τῆς
407 1165 512 1208 συκῆς
543 1160 770 1211 ἀνακειμένης
798 1159 966 1211 Διονύσῳ·
990 1157 1070 1210 πρὶν
1101 1156 1169 1209 γὰρ

129 1225 352 1268 ἐπινοηθῆναι
371 1219 415 1259 τὰ
441 1220 666 1272 προσωπεῖα,
690 1220 797 1264 συκῆς
817 1216 956 1269 φύλλοις
974 1215 1018 1255 τὰ
1038 1218 1170 1254 ἑαυτῶν

128 1280 320 1320 ἐκάλυπτον
361 1277 555 1330 πρόσωπα,
584 1277 643 1315 καὶ
682 1277 724 1315 δι’
755 1276 894 1327 ἰάμὸων
926 1275 1169 1314 ἀπέσκωπτον.

129 1338 290 1378 Ἐποίουν
307 1337 342 1375 δὲ
359 1341 458 1375 τοῦτο
471 1336 531 1375 καὶ
547 1338 578 1375 οἱ
592 1337 817 1388 στρατιῶται,
833 1334 892 1373 καὶ
904 1335 950 1378 εἷς
960 1332 1036 1377 τοὺς
1052 1336 1172 1386 θριαμ-

129 1397 291 1440 ὅεύοντας
311 1396 503 1435 ἔσκωπτον.

183 1469 213 1495 2.
242 1453 488 1501 Διοκλητιανὸς
507 1454 566 1492 καὶ
593 1451 810 1502 Μαξιμιανὸς
832 1449 880 1501 μὴ
899 1449 1095 1498 δυνηθέντες
1111 1466 1175 1488 πε-

135 1513 329 1567 ριγενέσθαι
351 1516 410 1550 τοῦ
433 1514 732 1565 Χριστιανισμοῧ,
750 1510 808 1548 καὶ
827 1511 1008 1560 μανέντες,
1027 1510 1089 1555 τὴν
1112 1513 1175 1561 βα-

134 1572 268 1611 σιλείαν
293 1570 490 1610 κατέθεντο.
514 1569 586 1608 Καὶ
613 1568 859 1615 Διοκλητιανὸς
879 1567 940 1618 μὲν
958 1567 1093 1606 δώδεκα
1115 1567 1175 1613 ἔτη

136 1631 340 1684 πρωτεύσας
364 1629 525 1668 ἀπέθανε·
557 1627 774 1679 Μαξιμιανὸς
807 1625 843 1664 δὲ
877 1626 1052 1678 βουληθεὶς
1071 1626 1176 1664 πάλιν

136 1689 373 1729 ἀναλαὸέσθαι
389 1688 451 1735 τὴν
471 1686 648 1740 βασιλείαν
661 1686 741 1736 ,καὶ
760 1685 963 1738 ἀποτυχὼν,
981 1684 1175 1736 ἀπήγξατο.

269 1783 633 1824 ΚΩΝΣΤΑΝΉΟΣ
657 1769 1044 1845 ’ΚΑῃΓΑΛΕΡιοΣ

619 1870 704 1908 168.

194 1950 277 1984 Exc.
300 1949 358 1984 De
374 1948 459 1984 virt.
478 1959 516 1995 p.
544 1945 617 1991 837
645 1958 653 1981 :
687 1941 775 1983 “Ort
796 1941 1036 1985 Κωνστάντιος
1065 1943 1083 1979 ὁ
1114 1940 1182 1978 ἀπὸ

142 2005 319 2057 Καίσαρος
342 2003 568 2057 βασιλεύσας,
585 2001 673 2054 μετὰ
694 2001 756 2050 τὴν
775 2001 1006 2055 διακλήρωσιν
1024 2002 1182 2053 ἀποχρῆν

140 2064 327 2115 ἡγούμενος
345 2064 408 2110 τήν
424 2079 460 2101 τε
473 2067 533 2101 τοῦ
552 2062 753 2114 Αὐγούστου
769 2062 829 2100 καὶ
846 2060 1097 2114 αὐτοκράτορος
1114 2060 1185 2098 ἐπί-

140 2125 277 2170 κλησιν,
295 2125 356 2169 τῆς
367 2138 404 2160 τε
421 2121 573 2164 Ἰταλίας
589 2121 649 2159 καὶ
663 2120 795 2168 Λιόύης
809 2119 972 2163 ἑκουσίως
990 2119 1126 2166 ἀπέστη
1135 2122 1184 2172 τῷ

141 2181 366 2232 συνάρχοντι,
385 2179 424 2218 τὸ
440 2179 602 2230 εὔδαιμον
622 2179 684 2216 οὐκ
704 2181 738 2216 ἐν
757 2178 892 2229 μεγέθει
907 2179 1033 2230 ἀρχῆς,
1053 2179 1130 2215 ἀλλ’
1151 2179 1185 2216 ἐν

142 2240 192 2291 τῷ
206 2238 328 2291 ἡσύχῳ
347 2254 384 2276 τε
397 2237 457 2276 καὶ
472 2237 670 2289 ἀπράγμονι
685 2235 837 2287 θέμενος.
861 2236 961 2288 Ἀνὴρ
977 2235 1114 2289 ἄριστος
1126 2236 1186 2274 καὶ

143 2296 327 2346 δημοτικὸς
355 2297 583 2349 διαφερόντως
607 2295 664 2333 τὸν
684 2296 826 2347 τρόπον,
852 2295 912 2333 καὶ
931 2294 1009 2337 τοὺς
1037 2295 1099 2346 μὲν
1118 2297 1186 2333 τῶν

144 2355 289 2392 ἰδιωτῶν
306 2353 416 2396 οἴκους
433 2353 605 2406 περιέπων
619 2383 629 2401 ,
646 2352 706 2396 τὰς
722 2353 756 2391 δὲ
771 2356 837 2391 τῶν
857 2353 1042 2405 βασιλείων
1063 2357 1192 2400 θησαυ-

911 245 1124 288 JOANNIS
1146 245 1474 286 vANTIOCHENI

1227 334 1294 384 ρῶν
1311 330 1467 377 αὐξήσεις
1481 331 1519 368 οὐ
1538 329 1668 384 σφόδρα
1683 330 1740 369 διὰ
1757 330 1909 376 σπουδῆς
1922 328 2030 379 ἄγων.
2042 327 2184 367 Βέλτιον
2199 327 2268 380 γάρ

1226 393 1257 428 οἱ
1272 384 1359 428 εἶναι
1380 390 1490 428 ἐδόκει
1503 388 1565 432 τὰς
1582 388 1750 440 δημοσίας
1764 388 1932 442 χορηγίας
1948 389 1983 426 ἐν
1996 393 2072 431 ταῖς
2090 389 2159 425 τῶν
2178 389 2268 433 ὑπη-

1227 448 1316 486 κόων
1337 446 1550 500 περιουσίαις
1569 446 1662 499 ἔχειν
1684 447 1724 485 τὸ
1745 447 1904 499 βέὸαιον,
1924 443 1948 492 ἢ
1975 444 2040 483 ὑπὸ
2059 444 2094 483 ἓν
2114 446 2269 497 κλεῖθρον

1226 506 1283 544 τὸν
1305 505 1468 543 ἁπάντων
1492 506 1781 543 κατακεκλεῖσθαι
1809 506 1970 544 πλοῦτον.
2006 503 2114 544 Οὕτω
2131 503 2167 542 δὲ
2199 503 2268 556 ἄρα

1229 562 1368 616 μέτριός
1391 579 1442 606 τις
1461 557 1502 610 ῆν
1523 561 1583 600 καὶ
1602 562 1695 607 λιτὸς
1715 563 1747 606 ἔς
1766 578 1804 600 τε
1819 562 1862 600 τὰ
1879 562 1970 600 ἄλλα
1992 563 2051 600 καὶ
2067 563 2100 606 ἐς
2117 561 2179 608 τὴν
2193 564 2271 600 καθ’

1227 620 1362 673 ἡμέραν
1381 624 1439 658 τοῦ
1473 620 1547 672 βίου
1567 619 1724 668 δίαιταν,
1756 622 1802 664 ὣς
1822 619 1910 670 μήτε
1938 620 2051 658 κοῖλον
2071 619 2220 673 ἄργυρον
2238 622 2272 665 ἐς

1227 680 1356 725 πλῆθος
1370 680 1581 728 κεκτῆσθαι,
1599 676 1689 728 μηδὲ
1706 677 1820 730 ἕτερόν
1833 693 1867 716 τι
1880 677 1965 730 πρὸς
1981 677 2111 730 τρυφὴν
2129 677 2271 729 βλέπον,

1228 735 1319 775 ἀλλὰ
1332 735 1430 788 παρὰ
1443 734 1503 780 τὰς
1518 735 1612 789 ἱερὰς
1626 735 1686 774 καὶ
1701 737 1900 786 δημοτελεῖς
1916 737 2125 789 εὐφροσύνας
2139 738 2189 789 τῷ
2204 739 2274 776 τῶν

1228 795 1372 833 ἰδιωτῶν
1393 793 1533 847 ἀργύρῳ
1555 793 1615 832 καὶ
1635 799 1832 846 στρωμναῖς
1857 799 2000 844 κοσμεῖν
2025 793 2069 832 τὰ
2090 793 2271 846 βασίλεια,

1228 852 1303 892 ὅθεν
1329 853 1389 892 καὶ
1408 855 1594 906 Παῦπερ
1613 852 1827 903 ὠνομάζετο.
1849 853 1984 892 Ἐποίει
2001 853 2069 907 γὰρ
2086 853 2127 901 δὴ
2142 854 2274 902 πολλὴν

1229 910 1292 958 τὴν
1314 912 1368 949 ἐπ’
1393 910 1496 949 αὐτὸν
1510 913 1578 948 τῶν
1600 910 1805 963 ἀρχομένων
1825 910 1958 951 εὔνοιαν
1973 910 1992 950 ὅ
2007 927 2043 950 τε
2059 913 2179 956 οἷκεῗος
2197 912 2275 966 τρό-

1230 985 1294 1014 πος
1313 968 1399 1022 πρὸς
1418 969 1458 1007 τὸ
1487 968 1666 1022 βέλτιστον
1683 969 1743 1007 καὶ
1765 969 2036 1021 ὠφελιμώτατον
2061 970 2275 1022 ἠσκημένος,

1230 1028 1290 1067 καὶ
1306 1029 1372 1080 οὐχ
1390 1027 1518 1075 ἥκιστα
1544 1030 1566 1074 ἡ
1587 1030 1656 1065 τῶν
1678 1027 1870 1080 ἔμπροσθεν
1895 1029 2128 1081 ἡγησαμένων
2154 1028 2276 1084 φύσις,

1232 1086 1392 1135 ἀσμένως
1415 1089 1482 1124 τῶν
1503 1088 1672 1126 Γαλατῶν
1692 1086 1782 1137 (τήν
1801 1103 1838 1125 τε
1856 1086 2006 1126 ὕποπτον
2027 1090 2277 1136 Διοκλητιανοῧ

1232 1145 1368 1183 σύνεσιν
1383 1144 1443 1182 καὶ
1456 1144 1518 1191 τὴν
1536 1144 1757 1195 Μαξιμιανοῧ
1774 1145 1940 1194 ὠμότητα
1955 1145 2158 1185 ἐννοούντων
2174 1148 2185 1198 )
2201 1145 2278 1190 τοὺς

1235 1202 1385 1256 αὐχένας
1401 1203 1660 1242 ὑποκλινάντων
1675 1206 1718 1256 τῆ
1736 1203 1857 1243 τούτου
1874 1204 2062 1257 πρᾳότητι.

1716 1288 1802 1338 169.

1287 1364 1378 1400 Exc.
1395 1365 1453 1399 De
1466 1363 1554 1399 virt.
1573 1375 1614 1412 p.
1638 1363 1684 1399 61
1708 1375 1718 1401 :
1739 1359 1826 1401 Ὅτι
1843 1363 1860 1400 ὁ
1881 1362 2047 1415 Γαλέριος
2071 1362 2190 1410 ἐπειδὴ
2211 1364 2280 1402 τῶν

1235 1418 1326 1456 κατὰ
1343 1417 1406 1466 τὴν
1433 1417 1580 1469 ‘Pthii-qv
1600 1419 1725 1471 ᾔσθετο
1744 1420 2033 1471 νεωτερισθέντων
2046 1451 2056 1469 ,
2082 1423 2118 1460 ἐν
2137 1422 2282 1474 μεγάλῳ

1236 1477 1275 1514 τὸ
1285 1477 1439 1529 πραχθὲν
1452 1477 1667 1528 ποιούμενος,
1682 1478 1739 1516 ἐπὶ
1752 1478 1941 1517 καταλύσει
1957 1482 2018 1526 τῆς
2033 1495 2070 1518 τε
2086 1482 2153 1518 τῶν
2167 1482 2281 1532 Πραι-

1237 1537 1415 1586 τωριανῶν
1449 1535 1605 1580 στάσεως
1618 1565 1628 1583 ,
1665 1534 1784 1580 οἵτινες
1818 1535 2040 1587 Μαξιμιανὸν
2077 1536 2283 1590 Ἑρκούλιον

1243 1594 1381 1631 ἀνεῖπον
1405 1595 1551 1644 βασιλέα
1566 1625 1576 1642 .,
1599 1594 1659 1632 καὶ
1679 1598 1740 1642 τῆς
1769 1594 1964 1640 Μαξεντίου
1997 1597 2107 1648 ἀρχῆς
2126 1595 2284 1648 Σεὸῆρον
2299 1594 2306 1599 ”

1243 1649 1303 1688 σὺν
1341 1650 1534 1703 ἀποχρώσῃ
1568 1657 1715 1704 στρατιᾷ
1751 1652 1976 1703 καταπέμπει
2004 1653 2062 1692 τὸν
2098 1654 2279 1706 Καίσαρα.

1241 1709 1310 1753 ’Ὃς
1330 1710 1536 1761 ἀφικόμενος
1566 1710 1647 1762 πρὸς
1666 1710 1726 1756 τὴν
1745 1709 1890 1761 Ῥώμην
1902 1741 1911 1758 ,
1928 1711 1972 1749 τὰ
1991 1711 2053 1762 μὲν
2075 1715 2199 1764 πρῶτα
2215 1728 2284 1750 πε-

1245 1767 1338 1820 ριιὼν
1360 1767 1554 1819 ἐπολιόρκει
1573 1768 1630 1805 τὸν
1654 1768 1859 1812 Μαξὲντιον.
1879 1769 2121 1822 Καταληφθεὶς
2147 1769 2181 1808 δὲ
2204 1772 2285 1809 ἀδο-

1243 1826 1356 1872 κήτως
1373 1826 1439 1864 ὑπὸ
1458 1829 1526 1864 τῶν
1542 1829 1603 1872 τῆς
1619 1829 1773 1871 ἐναντίας
1791 1828 1981 1878 γενομένων
2003 1830 2140 1882 μοίρας,
2155 1828 2284 1882 φεύγει,

1243 1884 1302 1922 καὶ
1334 1883 1436 1929 ἁλοὺς
1472 1886 1506 1923 ἐν
1538 1884 1712 1938 Ῥαὸέννῃ
1748 1887 1996 1939 διαφθείρεται.
2033 1886 2171 1934 Συνέὸη
2204 1891 2285 1939 γοῦν

1245 1943 1396 1980 ἐντεῦθεν
1415 1941 1476 1986 τὰς
1495 1946 1555 1980 τοῦ
1585 1943 1779 1989 Μαξεντίου
1806 1944 1994 1992 αὐξηθῆναι
2015 1945 2199 1996 δυνάμεις,
2226 1946 2286 1984 καὶ

1245 1999 1307 2048 τὴν
1327 1999 1439 2054 ἀρχὴν
1457 2002 1552 2054 αὐτῷ
1574 2003 1818 2055 βεὸαιωθῆναι.
1840 2004 1931 2043 Ἀλλ’
1945 2003 2038 2055 ὅμως
2050 2007 2068 2042 ὃ
2087 2003 2288 2056 Ἑρκούλιος

1247 2063 1402 2111 μανικῶς
1431 2063 1494 2108 τῆς
1526 2061 1728 2105 δυναστείας
1762 2064 1846 2115 ἐρῶν
1859 2093 1871 2112 ,
1904 2064 1942 2101 οὐ
1973 2064 2094 2117 πολλῷ
2123 2062 2287 2114 ὕστερον,

1248 2119 1452 2172 ἕγερθέντων
1481 2121 1528 2163 εἷς
1558 2119 1597 2158 τὸ
1617 2120 1701 2159 αὐτὸ
1720 2123 1788 2159 τῶν
1808 2121 2075 2174 στρατοπέδων,
2102 2121 2289 2174 ἀφελέσθαι
2326 2139 2331 2145 ·

1247 2178 1305 2216 τὸν
1324 2178 1433 2216 παῖδα
1463 2181 1524 2225 τῆς
1559 2179 1757 2231 ἇλουργίδος
1776 2180 1996 2232 ἐπεχείρησε.
2033 2183 2288 2219 Καταστασιαι-

1249 2235 1338 2279 σθεὶς
1354 2235 1390 2274 δὲ
1411 2236 1478 2274 ὕπὸ
1497 2239 1565 2275 τῶν
1581 2241 1802 2290 στρατιωτῶν
1814 2268 1824 2286 ,
1838 2238 1897 2276 καὶ
1915 2238 2133 2283 κινδυνεύσας
2153 2240 2290 2290 ἀναιρε-

1250 2298 1368 2343 θῆναι,
1400 2297 1554 2343 ἀπῆλθεν
1581 2298 1614 2341 ἐς
1631 2297 1694 2342 τὴν
1714 2297 1910 2346 Γαλατίαν,
1944 2297 2108 2342 ἐξεῶσθαι
2126 2296 2212 2350 πρὸς
2230 2299 2290 2335 τοῦ

1249 2356 1324 2392 υἱοῦ
1351 2357 1413 2401 τῆς
1439 2354 1591 2398 Ἰταλίας
1618 2355 1870 2406 πλαττόμενος,
1889 2359 1935 2400 ὡς
1960 2356 2001 2395 ἂν
2019 2356 2084 2394 ὑπὸ
2107 2359 2166 2394 τοῦ
2189 2358 2292 2395 Κων-

188 2466 241 2495 Fr.
268 2467 333 2495 166,
359 2463 478 2494 Eadem
492 2463 604 2495 suidas
619 2472 648 2495 v.
663 2464 851 2503 Ἑρκούλιος.
869 2466 1000 2502 Eutrop.
1018 2465 1080 2501 1X,
1098 2467 1134 2496 16
1153 2474 1159 2494 :
1177 2465 1361 2496 Herculius
1376 2468 1493 2497 autem
1507 2466 1690 2506 propalam
1699 2466 1802 2505 serus
1818 2469 1850 2498 et
1864 2467 2014 2499 incivilis
2031 2467 2161 2506 ingenii
2173 2490 2181 2502 ,
2198 2474 2291 2505 aspe-

146 2513 289 2544 ritatem
304 2519 403 2542 suam
422 2513 525 2542 etiam
541 2510 659 2542 vultus
676 2511 818 2542 horrore
839 2511 1050 2550 siqnificanS.
1071 2514 1138 2543 Hic
1154 2513 1293 2544 naturae
1310 2519 1382 2543 suae
1403 2511 1587 2552 indulyens
1609 2512 1821 2545 Diocletiano
1846 2515 1883 2545 in
1905 2513 2063 2545 omnibus
2079 2514 2184 2544 etiam
2202 2519 2292 2543 seve-

149 2557 299 2589 rioribus
313 2556 469 2588 consiliis
483 2557 660 2588 obsecutus
673 2559 734 2588 est.

190 2607 241 2637 Fr.
267 2607 321 2635 167
328 2607 341 2635 .·
355 2603 474 2635 Eadem
494 2604 606 2636 suidas
619 2613 651 2635 v.
668 2604 824 2644 θρίαμὸος.
843 2605 976 2643 Sumpta
994 2613 1035 2635 ex
1050 2613 1088 2636 eo
1106 2605 1195 2644 loco,
1215 2606 1269 2638 ubi
1287 2606 1328 2638 de
1342 2605 1506 2645 triumpho
1523 2604 1709 2637 Diocietiani
1725 2614 1830 2638 sermo
1846 2607 1926 2638 crat.
1944 2605 2097 2638 Similiter
2117 2605 2178 2636 hac
2196 2612 2291 2635 occa·

149 2652 236 2684 sione
248 2650 288 2682 de
301 2650 422 2690 origine
436 2650 589 2690 triumphi
600 2650 750 2690 quaedam
766 2650 971 2690 interponunt
984 2653 1121 2682 Zonaras
1137 2652 1194 2682 ΧΙΙ
1206 2675 1214 2689 ,
1231 2655 1282 2690 32,
1296 2653 1327 2683 et
1341 2659 1521 2690 anonymus
1534 2651 1644 2683 Diouis
1658 2650 1755 2682 cassii
1771 2651 1974 2683 continuator
1992 2652 2029 2683 fr.
2048 2655 2097 2689 13,
2114 2659 2145 2691 p.
2166 2653 2237 2682 198.
2250 2667 2292 2675 --

151 2699 187 2729 εἰ
198 2710 211 2734 ς
234 2709 252 2728 τ
263 2698 280 2727 ὸ
290 2708 306 2727 ν
326 2696 400 2728 Διό
410 2708 425 2727 ν
436 2708 454 2727 υ
465 2707 512 2728 σο
522 2708 538 2727 ν
551 2695 562 2736 ]
579 2698 621 2733 εἰς
644 2699 681 2728 Δ.
696 2697 918 2738 γεγραμμένων
932 2721 941 2736 ,
964 2697 994 2733 ἐξ
1013 2698 1121 2732 Ἰνδίας
1135 2697 1184 2728 ἐπὶ
1207 2697 1342 2738 ἅρματος
1357 2697 1486 2737 τίγρεων
1504 2697 1750 2739 ἐπανερχόμενον
1770 2698 1895 2730 Suidas.
1916 2718 1957 2724 -—
1972 2697 2061 2729 Idem
2077 2705 2155 2728 mox
2169 2708 2176 2728 ι
2191 2697 2212 2734 ἢ
2231 2697 2293 2728 ἀπὸ

151 2747 206 2775 τοῦ
223 2744 291 2784 θρῖα
302 2767 311 2782 ,
334 2743 374 2774 τὰ
397 2743 493 2783 φύλλα
504 2767 515 2782 ,
530 2747 584 2782 τῆς
599 2744 668 2775 etc.
692 2762 733 2770 --
747 2744 835 2784 πρὶν
859 2743 954 2784 γὰρ]
976 2744 1029 2775 καὶ
1046 2744 1092 2775 ὅτι
1107 2747 1228 2784 πρῶτον
1241 2745 1311 2784 πρὶν
1325 2744 1404 2775 ἐπιν.
1419 2754 1448 2775 τ.
1462 2755 1514 2785 πρ.
1529 2756 1561 2776 σ.
1578 2756 1610 2786 φ.
1628 2744 1799 2777 ἐκάλυπτον
1820 2744 1931 2781 πάντες
1953 2745 1992 2776 τὰ
2008 2745 2126 2776 ἑαυτῶν
2139 2743 2294 2784 πρόσωπα

152 2789 275 2823 suidas.
290 2809 330 2816 —
343 2789 379 2820 οἱ
401 2788 666 2830 στρατιῶται]
686 2789 774 2821 addit
791 2788 904 2821 suidas
922 2798 929 2820 ε
947 2790 1131 2830 μιμούμενοι
1145 2790 1214 2825 τοὺς
1227 2790 1277 2821 ἐπὶ
1290 2793 1418 2827 σκηνῆς.

195 2838 248 2868 Fr.
276 2838 344 2868 168.
366 2835 538 2875 Eutropius
553 2837 602 2875 X,
631 2840 643 2866 1
665 2848 673 2867 ε
692 2837 757 2867 His
782 2837 890 2875 igitur
907 2835 1112 2867 abeuntibus
1133 2837 1177 2868 ab
1194 2837 1500 2868 administratione
1526 2838 1635 2876 reip.,
1662 2837 1889 2868 Constantius
1911 2838 1946 2868 et
1965 2836 2125 2867 Galerius
2149 2835 2294 2874 Auqusti

153 2883 264 2915 creati
281 2883 365 2913 sunt
374 2890 387 2917 ,·
409 2880 610 2922 divisusque
627 2882 719 2912 inter
733 2889 786 2912 eos
802 2882 854 2912 ita
871 2883 1046 2912 Romanus
1061 2881 1151 2913 orbis
1163 2906 1172 2920 ,
1191 2885 1231 2914 ut
1255 2883 1427 2922 Galliam,
1442 2884 1603 2919 ltaliam,
1621 2883 1776 2923 Africam
1796 2884 2070 2918 Constantinus‚·
2087 2881 2293 2921 Illyricum,

156 2930 290 2964 Asiam,
319 2929 493 2959 Orientem
514 2928 674 2959 Galerius
697 2928 883 2967 oblineret,
900 2929 1047 2968 sumptis
1064 2927 1193 2960 duobus
1219 2923 1423 2960 Caesaribus.
1444 2931 1666 2961 Constantius
1687 2931 1800 2961 tamen
1813 2951 1822 2967 ‚
1843 2930 2024 2960 contentus
2042 2927 2212 2967 diqnitate
2230 2929 2295 2958 Au-

156 2977 268 3017 9usti,
288 2974 402 3006 Italiae
416 2976 522 3015 atque
535 2974 660 3014 Africae
677 2974 970 3006 administrandae
985 2973 1257 3007 sollicitudinem
1274 2977 1446 3007 recusavit
1462 2986 1473 3007 .·
1491 2977 1547 3007 vir
1562 2977 1714 3016 eqreqius
1730 2978 1764 3007 et
1780 2976 2080 3015 praestantissimae
2094 2973 2295 3012 civilitatis,

158 3022 289 3054 divitiis
313 3020 578 3060 provincialium
605 3029 647 3052 ac
674 3023 895 3060 privatorum
920 3020 1081 3060 studens,
1100 3020 1180 3060 fisci
1204 3021 1380 3053 commoda
1405 3030 1471 3054 non
1499 3021 1687 3054 admodum
1714 3021 1912 3061 assectans,
1938 3020 2132 3062 ducensque
2149 3021 2274 3052 melius
2286 3043 2295 3059 ‚

158 3068 318 3110 publicas
340 3075 417 3107 opes
434 3075 456 3097 a
468 3068 621 3106 privatis
635 3066 775 3105 haberi,
793 3075 899 3108 quam
912 3069 1010 3099 intra
1022 3075 1132 3099 unum
1148 3067 1344 3099 claustrum
1360 3070 1546 3100 reservari.
1562 3068 1650 3101 Adeo
1668 3070 1786 3100 autem
1797 3068 1912 3100 cultus
1927 3067 2072 3103 modici,
2092 3069 2132 3099 ut
2145 3067 2296 3107 seriatis

161 3114 299 3151 diebus,
316 3115 346 3144 si
363 3120 441 3144 cum
461 3114 582 3143 amicis
601 3113 894 3144 numerosioribus
910 3115 996 3145 esset
1012 3113 1226 3153 epulandum
1237 3134 1248 3150 ,
1273 3115 1494 3153 privatorum
1511 3116 1543 3145 ei
1565 3115 1710 3154 arqento
1732 3115 1887 3145 ostiatim
1899 3115 2011 3154 petito
2037 3112 2194 3144 triclinia
2209 3115 2296 3145 ster-

162 3163 338 3194 nerentur.
360 3162 422 3192 Hic
438 3168 504 3191 non
521 3159 618 3191 modo
632 3160 794 3192 amabilis
807 3181 817 3195 ‚
833 3160 892 3191 sed
906 3162 1014 3192 etiam
1030 3161 1234 3193 venerabilis
1253 3162 1366 3194 Gallis
1377 3160 1478 3200 fuit;
1495 3162 1667 3201 praecipue
1680 3159 1772 3202 quod
1786 3160 1992 3192 Diocletiani
2011 3161 2205 3201 suspectam
2215 3167 2298 3201 pru·

163 3208 317 3241 dentiam
331 3208 363 3238 et
377 3207 588 3238 Maximiani
601 3208 871 3246 sanquinariam
888 3209 1115 3239 temeritatem
1129 3209 1271 3248 imperio
1285 3208 1357 3247 ejus
1371 3209 1569 3239 evaserant.

204 3257 256 3286 Fr.
282 3257 351 3286 169.
370 3252 543 3292 Eutropius
559 3254 587 3284 X
599 3276 607 3290 ,
623 3257 640 3283 2
658 3266 665 3284 ;
681 3253 746 3283 Sed
759 3252 927 3284 advers-us
946 3255 1075 3286 motum
1087 3256 1380 3294 praetorianorum
1396 3255 1501 3294 atque
1515 3254 1685 3285 Maxentii
1703 3254 1846 3284 Severus
1872 3253 1988 3284 Caesar
2010 3254 2153 3284 Romam
2173 3254 2299 3284 missus

165 3311 187 3334 a
211 3301 351 3334 Galerio
364 3309 442 3332 cum
462 3301 614 3331 eoeercitu
631 3301 744 3334 venit,
766 3299 988 3340 obsidensque
1001 3301 1140 3337 urbem,
1160 3301 1314 3333 militum
1332 3308 1474 3332 suorum
1488 3300 1623 3341 (Joann.
1641 3308 1650 3330 z
1673 3302 1739 3337 τῆς
1756 3298 1928 3335 ἐναντίας
1946 3299 2084 3339 μοίρας
2096 3323 2104 3338 ,
2118 3308 2162 3331 sc.
2183 3299 2216 3330 in
2233 3300 2300 3340 ipso

165 3347 283 3381 Galerii
296 3347 437 3379 exercitu
451 3346 460 3383 )
479 3346 604 3377 scelere
616 3345 772 3377 desertus
791 3348 851 3378 est.
868 3349 983 3378 Auctae
1003 3349 1178 3380 Maxentio
1191 3356 1285 3390 opes,
1301 3347 1606 3388 confirmatumque
1619 3348 1813 3386 imperium.
1830 3345 2118 3385 Severussuyiens
2131 3349 2301 3378 Ravennae

167 3394 370 3433 interfectus
389 3394 451 3424 est.
477 3392 656 3424 Herculius
679 3394 791 3423 tamen
816 3394 1055 3426 Maximianus
1071 3397 1149 3434 post
1174 3394 1243 3426 lzaec
1261 3396 1297 3426 in
1322 3395 1475 3426 concione
1494 3395 1663 3426 exercitus
1673 3393 1792 3432 filium
1810 3394 2031 3424 Maxentium
2052 3391 2230 3423 denudare
2249 3401 2301 3423 co-

169 3443 271 3475 natus
285 3462 293 3478 ,
307 3438 507 3471 seditionem
523 3440 554 3469 el
572 3439 723 3470 convicia
740 3437 893 3470 militum
908 3439 1000 3470 tulit.
1018 3439 1102 3471 Inde
1116 3439 1163 3471 ad
1182 3437 1318 3471 Galtias
1328 3439 1503 3480 profectus
1516 3442 1566 3472 est
1577 3464 1586 3479 ‚
1602 3439 1680 3471 dolo
1693 3440 1873 3479 composito
1885 3461 1893 3477 ,
1911 3439 2081 3478 tanquam
2095 3447 2116 3470 a
2126 3438 2206 3478 filio
2218 3439 2302 3470 esset
