2326 3724
133 197 204 230 112

127 276 230 328 λόγου
245 279 344 314 τοῦτο
363 277 579 329 παραδηλοῖ·
598 279 636 315 οὗ
653 276 722 327 μὴν
738 276 828 315 ἀλλὰ
845 276 903 315 καὶ
918 276 1121 327 ἑπομένους,
1138 279 1167 315 εἷ

128 334 168 372 τὸ
185 337 244 380 ζῆν
262 338 394 385 προσῆν
410 337 459 388 τῷ
473 341 680 388 συγγραφεῖ,
699 338 745 379 ὡς
762 338 822 373 τοῦ
840 335 988 386 ἑὸδόμου
1007 336 1110 386 λόγου
1128 335 1168 372 τὸ

129 393 237 444 πέρας
257 393 477 434 ἐνδείκνυσιν.

183 449 286 489 Ἐστι
316 453 344 488 δ’
365 455 383 489 ὃ
405 451 619 504 συγγραφεὺς
649 451 910 503 Φιλαδελφεὺς,
933 451 962 489 εἴ
989 467 1039 494 τις
1066 450 1169 494 ἄλλος

129 509 220 547 κατὰ
232 509 433 562 συγγραφὴν
447 510 599 561 ἱστορίας
615 509 751 561 ἄριστος
764 525 771 533 ·
785 509 934 561 καθαρὸς
944 540 954 559 ‚
970 508 1166 560 ἀπέριττος,

131 567 286 619 εὖκρινὴς
309 570 424 616 (num
445 567 648 619 εἰλικρινὴςὲ)
668 570 713 607 Ν.
730 569 764 618 )‚
783 568 904 612 λέξεων
925 573 1005 616 ταῖς,
1023 569 1165 619 ἀνθηρο-

130 625 250 668 τάταις
268 625 326 663 καὶ
358 626 520 674 εὐσήμοις
539 626 599 663 καὶ
632 627 678 669 εἷς
711 625 810 676 ὄγκον
846 626 922 663 τινὰ
959 624 1169 675 ἀνηγμέναις

130 682 324 735 χρώμενος·
341 683 400 720 καὶ
418 683 493 721 οὐδὲ
511 685 546 721 αἱ
563 684 803 734 καινοπρεπεῒς
823 685 935 734 αὐτῷ,
953 681 1031 720 ὅσαι
1049 682 1087 720 τὸ
1108 684 1168 732 ἐμ-

131 741 275 793 φατιχὸν
295 741 355 778 καὶ
385 741 508 793 εὔηχον
535 740 594 778 καὶ
615 743 796 792 μεγαλεῖον
825 741 962 791 ἔχουσι,
988 740 1166 792 παραὸλέ·

131 814 275 844 πονται,
305 797 422 851 ὥσπερ
439 822 459 827 -
474 821 494 829 -
509 820 530 827 -
546 798 585 836 τὸ
606 821 747 828 -----
764 797 823 836 καὶ
847 798 976 836 τοιαῦτ’
995 798 1089 857 ἔνιαω·
1109 798 1168 836 καὶ

133 855 220 899 δ’λως
242 855 356 893 κανών
377 858 466 894 ἐστιν
484 858 658 906 ἱστορικοῦ
683 854 806 906 λόγου·
826 854 988 907 σοφιστὴς
1007 856 1036 892 δ’
1059 858 1101 901 ἠν
1131 855 1169 892 τὸ

132 914 369 964 ἐπιτήδευμα,
399 913 459 951 καὶ
493 916 673 966 ῥητορικῆς
695 915 742 956 εἷς
761 913 865 964 ἄκρον
890 912 1090 961 ἐληλακὼς,
1112 913 1172 950 καὶ

132 971 195 1018 τὴν
214 972 397 1024 θρησκείαν
418 973 480 1010 οὐκ
501 971 563 1015 ἔξω
582 975 642 1008 τοῦ
658 974 896 1022 χριστιανικοῦ
917 970 1050 1010 θιάσου.

463 1065 831 1102 ARGUMENTUM.

185 1154 248 1189 Fr.
277 1165 310 1188 1.
335 1154 561 1188 Amoreesus
591 1165 637 1188 ex
663 1153 788 1188 Persia
819 1151 1003 1200 profugus
1026 1158 1174 1200 partem

133 1212 279 1247 Arabiae
307 1212 453 1246 Petraeae
475 1218 512 1246 et
533 1211 694 1246 Jotaben
721 1211 882 1245 insulam
904 1211 976 1245 sibi
1005 1209 1170 1256 subjicit.

132 1269 269 1306 Foedus
296 1282 382 1304 cum
398 1270 576 1304 Romanis
603 1269 765 1304 initurus
787 1270 939 1304 Petrum
954 1269 1175 1316 episcopum

133 1329 409 1363 Saracenorum
430 1328 478 1363 ad
503 1329 670 1363 Leonem
689 1328 827 1373 mittit,
851 1327 988 1363 deinde
1018 1328 1098 1375 ipse
1127 1327 1174 1362 ad

132 1387 226 1434 imp.
242 1388 344 1421 venit
354 1413 364 1431 ,
380 1387 535 1433 votique
547 1399 704 1434 compos
717 1386 1005 1432 honoribusque
1019 1385 1175 1421 affectus

133 1446 346 1479 revertitur.
368 1446 448 1479 Hae
466 1445 504 1479 in
520 1457 560 1479 re
575 1446 653 1480 Leo
664 1452 777 1492 pacta
790 1445 947 1479 violavit
961 1457 1047 1479 cum
1057 1445 1176 1479 Persis

133 1504 226 1538 inita
247 1502 344 1550 (473
359 1515 399 1550 p.
421 1500 484 1551 C.)
504 1523 556 1528 —
572 1515 607 1537 2.
628 1503 704 1537 Leo
721 1503 910 1550 Pelagium
924 1503 1177 1538 Silentiarium

134 1561 183 1596 ad
213 1561 358 1596 Gothos
378 1561 417 1595 in
436 1561 634 1595 Thraciam
663 1561 826 1608 legatum
852 1562 982 1595 mittit.
1005 1561 1179 1596 Theode-

134 1620 260 1654 richus
274 1646 284 1663 ,
303 1619 437 1653 Triarii
457 1618 500 1663 f.,
520 1618 733 1654 Gothorum
750 1619 788 1652 in
802 1619 960 1654 Thracia
975 1619 1175 1668 prinecps,

133 1684 270 1724 praetcr
289 1677 361 1712 alia
381 1678 532 1724 Asparis
552 1677 797 1712 hereditatem
822 1677 893 1711 sibi
920 1677 1030 1712 reddi
1049 1684 1085 1712 et
1100 1689 1176 1712 ma-

134 1736 236 1782 gistri
255 1735 416 1769 militum
432 1747 567 1770 munus
583 1735 663 1770 dari
677 1735 857 1783 postulat.
871 1735 971 1770 Nihil
987 1735 1176 1781 obtinens,

134 1800 254 1827 vastat
274 1794 471 1828 Thraciam
495 1800 532 1828 et
557 1794 805 1841 Arcadiopoli
824 1794 984 1841 potitur.
1011 1794 1176 1829 Tandem

135 1863 270 1900 pacem
290 1853 358 1886 init
377 1864 463 1886 cum
483 1853 629 1896 Leone,
649 1853 714 1899 qui
730 1852 915 1887 tributum
927 1853 1129 1900 pollicetur
1144 1861 1180 1889 et

136 1910 271 1944 summi
289 1909 394 1945 ducis
409 1922 544 1944 munus
561 1911 594 1945 ei
611 1910 784 1945 concedit
803 1909 814 1958 (
830 1910 903 1955 473
916 1910 943 1959 ).
961 1931 1014 1937 ——›
1028 1923 1048 1945 2
1070 1924 1107 1948 a.
1124 1913 1180 1947 De

135 1966 262 2012 Leone
286 1969 376 2015 imp.
399 1967 598 2013 judicium.
621 1989 672 1995 -—-
694 1967 730 2003 3.
756 1969 933 2016 Severus,
962 1976 1113 2004 senator
1144 1977 1182 2005 et

135 2026 334 2073 patricius,
365 2038 386 2060 a
411 2027 563 2061 Zenone
594 2026 736 2073 legatus
766 2026 928 2061 mittitur
955 2026 1003 2061 ad
1031 2027 1180 2062 Vanda-

134 2083 259 2118 lorum
283 2095 410 2130 regem
434 2081 775 2132 (Genserichum),
804 2085 869 2131 qui
896 2085 987 2131 imp.
1018 2084 1066 2120 de
1087 2097 1181 2132 pace

135 2142 418 2190 propositiones
455 2142 633 2177 admittit.
681 2143 820 2177 Multos
863 2144 1032 2191 captivos
1069 2145 1183 2180 Seve-

135 2212 220 2247 rus,
239 2202 298 2235 vir
312 2201 589 2248 integerrimus,
604 2200 757 2236 redimit
777 2199 874 2248 (465
887 2202 915 2250 ).
933 2222 983 2227 -
1000 2205 1034 2242 4.
1058 2203 1181 2238 Hera-

137 2260 246 2304 clius,
264 2258 427 2294 Zenonis
448 2259 522 2294 dux
536 2286 546 2304 ,
566 2272 585 2293 a
607 2259 869 2295 Tlicudcricho
892 2261 930 2294 in
947 2259 1106 2295 Thracia
1126 2274 1183 2296 ca-

138 2325 226 2365 ptus
252 2317 469 2361 redimitur;
488 2318 527 2352 in
550 2318 675 2352 reditu
701 2330 721 2353 a
736 2317 862 2353 Gotho
884 2317 1051 2365 quodam
1079 2320 1180 2354 occi-

137 2376 240 2410 ditur
261 2372 399 2424 (475).
420 2397 469 2402 --
486 2374 521 2412 5.
542 2375 631 2426 Ijjjus
651 2376 810 2411 indoles.
831 2397 882 2402 —
899 2377 936 2414 6.
958 2377 1178 2423 Erythrius‚

135 2432 332 2481 praefectus
378 2434 559 2480 praetorio
573 2461 582 2477 ‚
615 2446 770 2469 munere
802 2446 840 2469 se
875 2434 1028 2469 abdicat
1063 2433 1179 2483 (475).

135 2510 189 2518 -
223 2504 259 2536 7.
299 2490 466 2527 Basilisci
504 2491 663 2526 indoles.
693 2491 781 2538 Ejus
818 2493 974 2527 avaritia
1004 2506 1182 2541 saevzrque

138 2549 356 2583 exactiones
369 2575 378 2592 ‚
397 2549 503 2594 dum,
525 2550 635 2597 pulso
653 2551 827 2596 Zenone,
850 2563 1009 2598 regnum
1032 2552 1180 2588 obtine-

135 2606 202 2640 bat
215 2606 402 2655 (475-477
415 2606 536 2653 ).-8.
556 2609 740 2643 Harmatii
755 2617 791 2644 et
805 2610 1004 2645 Zenonidis
1019 2622 1178 2647 amores.

138 2665 199 2701 Ad
218 2677 382 2701 summos
401 2666 564 2701 honores
575 2668 693 2702 evecti
720 2667 819 2703 fatua
836 2669 1045 2704 insolentia.
1069 2672 1099 2705 A
1115 2671 1182 2706 Ze-

137 2735 238 2758 none
264 2735 333 2770 per
359 2724 576 2771 Onulphum
601 2726 774 2771 Illyrium
804 2726 1027 2762 interficitur
1059 2727 1178 2776 (477).

139 2801 191 2806 —
212 2793 249 2828 9.
273 2782 374 2815 Zeno
393 2781 429 2815 in
447 2783 589 2816 Isauria
610 2783 713 2818 clade
734 2783 889 2819 affectus
916 2785 954 2819 in
975 2785 1182 2820 Constanti·

135 2839 307 2886 nopolim
323 2840 514 2874 castellum
530 2841 700 2888 confugit
717 2842 823 2886 (Jun.
839 2842 950 2890 476).
964 2845 1017 2879 De
1031 2845 1181 2880 Zenone

134 2895 338 2942 judicium.
359 2897 447 2942 Ejus
466 2897 585 2943 filius,
603 2899 754 2945 juvenis
771 2902 871 2935 vitiis
896 2901 1054 2936 obrutus
1067 2930 1075 2946 ‚
1103 2915 1182 2938 mo-

138 2955 247 2992 ritur.
260 2976 312 2980 ——
325 2968 382 2990 10.
398 2958 548 2991 Zenone
562 2957 644 3004 jam
662 2959 699 2993 in
717 2958 874 3007 regnum
889 2962 1060 2995 restituto
1081 2961 1177 3008 (Jul.

140 3011 258 3060 477),
279 3013 452 3049 Odoacer
477 3021 512 3049 et
530 3017 656 3064 Nepos
673 3019 915 3065 Augustulus,
928 3019 1180 3066 legationibus

138 3070 271 3105 eodem
290 3078 458 3118 tempore
474 3073 691 3119 Byzantium
703 3076 835 3118 missis,
849 3077 1052 3112 amicitiam
1063 3078 1180 3125 impe·

138 3129 273 3163 ratoris
293 3129 462 3164 ambiunt
483 3130 581 3177 (477
602 3132 660 3166 vel
674 3132 747 3177 478
767 3134 848 3170 init.
863 3134 886 3182 ).
906 3155 953 3160 ——-
978 3147 991 3169 1
1005 3148 1038 3172 1.
1057 3135 1180 3170 Theu-

847 190 1047 231 MALCHI
1077 190 1549 232 PHILADELPHENSlS

1234 280 1405 317 derit-hus
1421 283 1541 317 Trarii
1555 281 1653 317 filius
1664 309 1674 327 ,
1696 281 1859 319 Basilisci
1875 284 2020 332 tyranni
2033 285 2191 331 amicus,
2202 284 2269 334 qui

1228 347 1316 386 post
1324 341 1487 375 reditum
1500 343 1660 376 Zenonis
1674 343 1712 376 in
1722 343 1918 378 Thraciam
1926 356 2096 378 reversus
2108 351 2202 391 erat,
2214 345 2268 380 le-

1229 405 1336 444 gatos
1357 398 1402 433 de
1426 399 1736 436 reconciliatione
1763 401 1810 436 ad
1835 402 2101 449 imperatorem
2128 402 2265 446 mittit3

1228 455 1413 491 incassum
1441 456 1578 506 (478).
1600 479 1650 484 -
1668 471 1728 495 12.
1761 459 1931 494 Pecuniae
1960 471 2124 503 summa,
2155 470 2269 506 quam

1227 513 1423 560 praefectus
1442 515 1594 562 AEgypti
1618 517 1782 551 muneris
1802 516 1993 551 obtinendi
2017 527 2130 551 causa
2155 517 2273 551 solve-

1228 571 1307 605 bat.
1323 591 1376 598 —
1391 585 1404 606 1
1415 572 1448 608 3.
1470 574 1725 617 lionorichus,
1738 574 1953 610 Genserichi
1970 574 1995 609 f.
2013 581 2050 609 et
2065 586 2270 618 successor,

1227 629 1343 664 homo
1376 631 1553 678 ignavus,
1591 631 1636 666 de
1662 633 1827 667 amicitia
1857 640 1894 667 et
1927 633 2102 667 societate
2132 632 2273 680 legatos

1228 688 1342 723 mittit
1364 686 1500 738 (478).
1514 711 1566 716 —
1587 694 1646 732 14.
1663 691 1787 736 Quum
1803 691 2052 726 Theuderichi
2067 718 2077 735 ,
2094 690 2272 727 Valamiri

1230 745 1273 789 f.,
1302 747 1367 792 qui
1396 748 1659 782 Romanorum
1687 749 1811 783 socius
1837 756 1938 793 erat,
1958 750 2130 796 potentia
2152 747 2272 783 minui

1229 803 1437 852 videretur,
1450 805 1732 841 Theuderichus
1746 814 1885 850 autem,
1897 807 2031 841 Triarii
2045 806 2071 841 s.
2083 807 2274 854 hostisque

1231 862 1346 896 Rom.
1363 890 1373 907 ‚
1393 863 1527 897 multas
1553 870 1680 910 gentes
1711 863 1782 898 sibi
1803 865 2046 909 conciliaret,
2070 866 2172 900 Zeno
2200 865 2273 899 ini-

1230 920 1390 954 micitias
1403 932 1634 967 componere
1647 921 1784 956 studet.
1805 921 2096 957 Conditionihus
2110 921 2275 957 aTriarii

1231 976 1310 1011 filio
1329 977 1557 1026 repudiatis,
1575 978 1715 1014 bellum
1746 987 1870 1027 parat.
1897 1000 1949 1006 —
1985 979 2048 1016 15;
2069 979 2270 1015 Theuderi-

1233 1035 1346 1079 chus,
1374 1037 1553 1072 Valamiri
1580 1035 1624 1081 f.,
1646 1044 1776 1073 contra
1796 1037 2098 1074 Theuderichum
2111 1065 2120 1083 ‚
2141 1038 2276 1074 Triarii

1233 1093 1271 1136 f.,
1298 1094 1575 1142 Marcianopoli
1592 1094 1863 1142 proficiscitur,
1884 1102 2040 1142 rogante
2068 1097 2221 1131 Zenone
2239 1102 2277 1132 et

1233 1151 1430 1186 auxiliares
1457 1153 1586 1200 copias
1603 1154 1863 1200 promittente.
1886 1155 2025 1189 Verum
2038 1166 2129 1188 ‘non
2155 1161 2276 1190 stante

1232 1210 1423 1257 promissis
1451 1211 1621 1254 Zenone,
1654 1211 1937 1246 Theuderichus
1974 1211 2122 1247 auxiliis
2157 1212 2271 1247 Rom.

1235 1268 1452 1312 destitutus,
1466 1280 1602 1316 pacem
1622 1281 1664 1304 ac
1685 1269 1804 1304 foedus
1830 1281 1916 1303 cum
1935 1269 2072 1304 Triarii
2090 1267 2168 1305 filio
2193 1269 2273 1306 init.

1233 1346 1287 1354 ·—·
1311 1327 1371 1362 16.
1394 1327 1571 1363 Valamiri
1600 1326 1698 1362 filius
1727 1328 1855 1374 legatis
1879 1327 1928 1362 ad
1952 1329 2143 1363 Zenonem
2159 1327 2279 1363 missis

1235 1386 1389 1432 exponit
1403 1398 1470 1420 cur
1485 1398 1572 1420 eum
1585 1386 1719 1420 Triarii
1737 1385 1815 1420 filio
1833 1385 1952 1421 foedus
1969 1385 2120 1434 fecerit3
2138 1393 2276 1430 terras,

1235 1443 1419 1478 frumenta
1440 1451 1476 1479 et
1501 1445 1681 1490 pecunias
1699 1444 1837 1492 poscit.
1861 1444 2037 1479 Similiter
2064 1443 2278 1480 Theuderi-

1237 1503 1330 1537 chus
1346 1502 1479 1537 Triarii
1498 1501 1596 1537 filius
1615 1502 1757 1537 tributa
1776 1509 1813 1538 et
1835 1501 2003 1537 affinium
2018 1514 2174 1538 suorum
2197 1501 2279 1538 red-

1238 1559 1418 1595 ditionem
1443 1561 1570 1608 exigit.
1594 1562 1696 1596 Zeno
1715 1561 1844 1608 copias
1864 1560 2033 1608 undique
2062 1559 2277 1604 contrahit;

1237 1618 1316 1666 ipse
1335 1619 1491 1652 militem
1519 1619 1701 1653 ducturus
1730 1626 1806 1662 est;
1822 1631 1911 1653 mox
1937 1618 1986 1653 ad
2013 1618 2162 1654 insitam
2180 1618 2281 1666 igna-

1237 1677 1336 1710 viam
1355 1677 1522 1723 relapsus
1535 1703 1544 1720 ,
1571 1677 1620 1710 ob
1641 1677 1799 1711 militum
1823 1677 2044 1712 seditionem
2065 1683 2184 1712 castra
2213 1675 2281 1712 dis-

1238 1735 1382 1768 solvere
1403 1735 1550 1781 cogitur
1580 1733 1590 1784 (
1609 1738 1682 1782 479
1697 1734 1724 1782 ).
1747 1756 1799 1761 -—
1820 1747 1881 1780 17.
1917 1733 2182 1770 Theuderieho
2208 1736 2282 1771 Va-

1239 1792 1362 1826 lamiri
1397 1791 1421 1828 f.
1452 1792 1646 1827 'Ihraeiam
1677 1800 1864 1836 vastante,
1893 1795 1994 1829 Zeno
2033 1805 2167 1840 pacem
2194 1793 2283 1828 facit

1242 1862 1328 1884 eum
1353 1850 1614 1885 Theudericho
1635 1852 1767 1886 Triarii
1795 1851 1886 1886 filio.
1921 1852 2024 1887 Pacis
2047 1851 2282 1887 conditiones

1242 1906 1252 1958 (
1276 1908 1395 1956 479)
1417 1930 1467 1937 ——-
1497 1908 1557 1943 18.
1593 1910 1874 1945 Theuderichus
1904 1911 2081 1946 Valamiri
2112 1909 2135 1945 f.
2162 1911 2283 1958 gravi-

1238 1966 1309 2001 bus
1341 1967 1486 2001 damnis
1522 1978 1543 2002 a
1575 1968 1756 2003 Romanis
1793 1967 1969 2003 afficitur.
2009 1968 2154 2004 Deinde
2190 1981 2281 2004 vero

1241 2024 1379 2060 Stobos
1395 2025 1433 2059 in
1447 2024 1672 2059 Macedonia
1685 2032 1822 2068 vastat3
1837 2025 2137 2061 Thessalonicam
2157 2038 2282 2074 oppu-

1240 2094 1354 2129 gnare
1372 2090 1500 2131 parat3
1529 2083 1690 2118 Zenonis
1717 2083 1894 2131 precihus
1923 2091 2135 2119 commotus
2158 2085 2281 2119 Maee-

1242 2139 1363 2175 doniae
1395 2141 1639 2176 vastationem
1670 2141 1836 2185 inhibet3
1867 2142 2024 2189 Epirum
2063 2141 2233 2190 invadit3
2261 2153 2283 2176 a

1240 2198 1435 2245 Lychnide
1472 2200 1670 2247 repulsus,
1706 2200 1935 2247 Scampsiam
1967 2207 2006 2236 et
2033 2201 2281 2248 Epidamnum

1242 2257 1358 2304 capit.
1382 2256 1470 2302 Ejus
1499 2271 1586 2292 cum
1612 2258 1838 2293 Adamantio
1859 2259 2106 2306 colloquium.
2124 2260 2157 2294 A
2176 2258 2282 2294 Sabi-

1240 2315 1355 2350 niano
1379 2315 1474 2351 duce
1502 2316 1608 2351 clade
1636 2315 1799 2351 afficitur
1825 2315 1928 2364 (479
1945 2315 1971 2366 ).
1991 2338 2043 2343 ——
2067 2329 2128 2364 19.
2157 2317 2280 2352 Theu-

1244 2372 1418 2408 derichus
1458 2375 1593 2410 Triarii
1633 2374 1677 2418 f.,
1709 2374 1836 2410 audita
1862 2375 2043 2410 Marciani
2070 2375 2280 2420 seditione,

1242 2432 1461 2478 Byzantium
1496 2431 1766 2480 proficiscitur,
1800 2433 1918 2468 verbo
1951 2439 2058 2468 tenus
2093 2439 2136 2467 ut
2171 2445 2282 2481 opem

1240 2490 1383 2524 Zenoni
1405 2490 1538 2534 ferret,
1559 2503 1688 2539 reapse
1703 2498 1745 2525 ut
1761 2491 1855 2526 urbe
1870 2491 2072 2539 potiretur.
2094 2492 2164 2528 Vix
2178 2492 2280 2527 Zeno

1242 2547 1407 2592 obtinet,
1438 2556 1480 2583 ut
1509 2550 1635 2596 copias
1673 2561 1693 2584 a
1731 2550 1909 2596 Byzantio
1941 2549 2087 2584 Theud.
2123 2545 2282 2584 reducat

1242 2603 1252 2652 (
1271 2606 1384 2654 479).
1401 2627 1452 2633 -—-
1470 2619 1533 2641 20.
1554 2609 1609 2642 De
1623 2607 1848 2655 Pamprepio
1862 2608 2039 2656 AEgyptio
2062 2607 2154 2643 Hilli
2175 2606 2280 2642 fami·

1241 2663 1336 2701 liari.

1596 2754 1921 2793 ΒΥΖΑΝΤΙΑΚΑ

1554 2845 1597 2880 ἐν
1626 2843 1822 2894 {stelione
1845 2844 1969 2882 ἑπτά.

1440 2945 1473 2966 1.
1498 2930 1599 2978 (473
1617 2944 1656 2979 p.
1678 2930 1720 2968 C.
1740 2932 1876 2966 Leonis
1898 2943 1959 2966 an.
1986 2930 2074 2979 17.)

1292 3018 1382 3055 Exc.
1403 3019 1458 3052 De
1477 3018 1549 3065 leg.
1570 3024 1670 3064 gent.
1697 3029 1737 3065 p.
1762 3029 1825 3064 91.
1857 3029 1906 3064 92
1929 3017 2014 3051 Par.

2038 3029 2046 3051 z
2070 3013 2154 3054 “Ort
2177 3016 2210 3052 ἐν
2230 3017 2279 3067 τῷ

1239 3073 1523 3125 ἑπτακαιδεκάτῳ
1555 3073 1622 3110 ἔτει
1651 3076 1711 3119 τ’ἧς
1733 3073 1911 3124 βασιλείας
1944 3072 2092 3116 Λέοντος
2110 3077 2168 3111 τοῦ
2194 3075 2280 3112 Μα-

1239 3131 1384 3178 κέλλου,
1407 3130 1543 3168 πάντων
1578 3133 1795 3182 πανταχόθεν
1829 3130 2042 3182 τεταράχθαι
2073 3131 2277 3173 δοκούντων,

287 3238 581 3278 BYZANTINA
618 3241 783 3280 LIBRIS
811 3243 1024 3282 SEPTEM.

641 3322 670 3353 1.

179 3383 320 3425 Septimo
337 3383 462 3417 decimo
479 3385 601 3426 imperii
622 3387 735 3419 Leonis
750 3389 871 3421 Macelli
885 3397 987 3431 anno,
1006 3400 1105 3431 quum
1127 3393 1174 3424 in-

1242 3251 1317 3282 gens
1331 3242 1471 3282 undique
1482 3250 1588 3272 rerum
1600 3241 1795 3281 perturbatio
1806 3249 1872 3272 esse
1889 3241 2059 3279 videretur,
2069 3240 2198 3273 advenit
2209 3242 2277 3282 qui·

1239 3293 1313 3324 dam
1325 3293 1465 3325 Arabum
1478 3293 1676 3325 scenitarum
1687 3315 1696 3331 ,
1708 3301 1787 3332 quos
1799 3294 1915 3323 vocant
1927 3295 2099 3324 Saracenos
2109 3316 2118 3330 ‚
2131 3292 2277 3324 sacerdos

1238 3353 1366 3383 eorum,
1394 3344 1447 3384 qui
1467 3345 1541 3375 sunt
1554 3343 1638 3383 apud
1653 3352 1706 3374 eos
1719 3343 1907 3382 Christiani3
1933 3343 2001 3382 ejus
2024 3343 2062 3374 ad
2069 3345 2182 3374 ventus
2207 3343 2275 3374 haec

1238 3395 1298 3426 suit
1314 3403 1419 3427 causa.
1465 3397 1572 3433 Quum
1592 3396 1735 3435 tempore
1753 3394 1919 3426 Theodosii
1935 3396 2083 3426 exortum
2095 3395 2176 3427 esset
2191 3394 2272 3426 inter
