2326 3724
525 162 542 180 ἱ

62 264 163 313 ἡμῖν,
182 263 314 311 μᾶλλον
327 262 362 300 δὲ
377 262 536 316 τάδελφῷ
554 261 611 300 ἐπὶ
624 264 667 314 τῇ
687 263 800 315 ἀγαθῇ
816 261 1105 312 συναγωνίζεσθαι

63 319 199 372 πράξει.
221 321 407 360 Πείθεσθαι
428 319 463 359 δὲ
483 321 543 359 καὶ
564 322 656 374 αὐτῷ
675 320 734 359 τὸν
753 320 922 367 Ἀττήλαν
943 324 1105 371 μεμαθη-

63 378 160 417 κέναι
179 378 316 430 ἔλεγον·
336 380 399 417 οὐκ
419 381 454 417 ἐν
477 381 566 430 ἀκοῇ
587 378 622 417 δὲ
642 379 780 418 ἔσεσθαι
805 379 953 431 βεὸαίως
967 378 1012 418 τὰ
1024 382 1102 418 κατ’

63 436 179 484 αὐτὸν,
203 438 232 474 εἷ
253 436 302 487 μή
331 451 370 487 γε
389 436 493 491 πείρᾳ
524 437 588 484 τὴν
613 439 718 476 αὐτοῦ
747 437 910 490 γνοίημεν
943 437 1102 488 δύναμιν.

62 493 129 538 ε’ος
146 493 181 533 δὲ
201 494 386 534 ὖπολαὸὼν
407 495 532 544 μηκέτι
550 496 760 548 ἀμφιὸόλους
777 491 864 534 εἶναι
881 495 945 548 ἔφη
965 499 1025 534 τοῦ
1045 495 1104 533 καὶ

62 552 166 590 αὐτὸν
184 552 244 601 ἴσα
258 555 306 606 τῷ
321 554 457 606 ἀδελφῷ
472 553 569 606 παρὰ
583 554 733 606 Ἀττήλα
747 553 858 604 λέγειν
873 569 910 591 τε
924 552 984 592 καὶ
998 553 1106 606 πράτ-

61 626 146 650 τειν.
163 611 234 650 Καὶ
244 615 468 664 παραχρῆμα
480 612 536 650 τὸν
547 611 654 650 ῗππον
668 612 800 656 ἀναὸὰς
809 611 866 650 ἐπὶ
877 614 939 658 τὴν
951 612 1102 658 Ἀττήλα

61 668 206 715 διήλασε
233 670 379 718 σκηνήν.
411 670 504 722 Πρὸς
528 670 563 709 δὲ
591 670 649 709 τὸν
682 670 879 721 Μαξιμῐνον
907 670 1103 709 ἐπανελθὼν

61 727 209 766 ἀλύοντα
232 727 306 778 ἅμα
333 730 382 782 τῷ
404 729 529 781 Βιγίλᾳ
553 729 613 767 καὶ
644 729 919 781 διαπορούμενον
947 729 1005 767 ἐπὶ
1034 730 1104 774 τοῖς

59 789 272 824 καθεστῶσιν
287 786 404 838 ἔλεγον
421 788 443 826 ἅ
459 803 495 826 τε
508 790 556 840 τῷ
572 787 711 839 Σκόττᾳ
730 788 928 838 διείλεγμαι
941 787 1001 826 καὶ
1017 787 1104 841 ἅπερ

61 843 142 896 παρ’
158 846 263 883 αὐτοῦ
279 844 456 893 ἠκηκόειν,
473 845 533 884 καὶ
551 849 598 890 ὡς
612 848 662 884 δεῖ
680 846 725 884 τὰ
743 849 793 884 τῶ
816 846 984 900 βαρὸάρῳ
1004 847 1105 894 800⁷,-

61 902 191 953 σόμενα
210 904 487 957 παρασκευάζειν
508 906 603 957 δῶρα
622 921 683 943 και
713 904 757 943 τὰ
779 906 879 966 αὐτῷ
897 907 982 959 παρ’
1003 907 1104 955 ἡμων

62 960 283 1013 ῥηθησόμενα
311 963 584 1014 ἀναλογίζεσθαι.
618 963 821 1017 Ἀμφότεροι
841 967 898 1002 οὖν
919 963 1104 1012 ἀναπηδή-

61 1034 182 1064 σαντες
201 1021 278 1071 (ἐπι
291 1020 358 1074 γὰρ
375 1026 434 1060 τοῦ
453 1021 599 1072 ἐδάφους
615 1022 675 1061 καὶ
693 1026 754 1070 τῆς
766 1023 854 1067 πόας
867 1028 1003 1062 κεῖσθαι
1018 1029 1105 1075 σφᾶς

60 1078 295 1136 συνέὸαινεν).
310 1080 481 1132 ἐπῄνεσάν
513 1097 551 1119 τε
579 1081 643 1128 τὴν
673 1081 809 1134 πρᾶξιν,
840 1082 899 1120 καὶ
930 1082 1007 1126 τοὺς
1036 1082 1104 1129 ἤδη

61 1136 150 1186 μετὰ
164 1140 231 1176 τῶν
245 1138 436 1190 ὑποζυγίων
456 1138 715 1191 ἐξορμήσαντας
735 1139 939 1190 ἀνεκάλουν,
960 1139 1020 1177 καὶ
1037 1141 1105 1178 διε-

60 1195 233 1246 σκέψαντο
250 1198 342 1241 ὅπως
360 1213 397 1235 τε
419 1197 640 1249 προσείποιεν
659 1197 717 1236 τὸν
735 1196 916 1245 Ἀττήλαν,
937 1197 997 1235 καὶ
1014 1198 1106 1241 ὅπως

61 1255 156 1306 αὐτῷ
172 1255 215 1293 τά
231 1271 269 1293 τε
287 1255 455 1308 βασιλέως
471 1257 565 1308 δῶρα
583 1256 671 1294 δοῖεν
689 1255 749 1294 καὶ
767 1256 856 1308 ἅπερ
878 1258 972 1308 αὐτῷ
989 1259 1006 1294 ὁ
1024 1258 1105 1295 Μα-

61 1311 188 1362 ξιμῖνος
207 1313 376 1361 ἐκόμιζεν.
398 1314 502 1367 Ἀμφὶ
528 1313 563 1352 δὲ
589 1318 698 1352 ταῦτα
718 1314 956 1365 ’πονουμένους
973 1313 1029 1352 διὰ
1045 1319 1104 1353 τοῦ

60 1371 200 1410 Σκόττα
221 1373 239 1410 ὁ
269 1372 435 1419 Ἀττήλας
466 1371 735 1425 μετεπέμψατο,
763 1372 824 1410 καὶ
857 1373 946 1418 δῆτα
977 1374 1011 1416 ἐς
1039 1372 1104 1420 τὴν

59 1429 189 1468 ἐκείνου
206 1429 488 1483 παραγινόμεθα,
503 1430 570 1468 ὑπὸ
585 1429 801 1483 βαρὸαρικοῦ
819 1429 938 1483 κύκλῳ
954 1446 1104 1484 πεφρου-

60 1487 212 1539 ρημένην
240 1487 404 1534 πλήθους.
428 1487 493 1531 Ὡς
521 1488 556 1526 δὲ
583 1488 714 1527 εἰσόδου
748 1487 930 1540 ἐτύχομεν,
960 1488 1103 1542 εὕρομεν

59 1546 116 1584 ἐπὶ
126 1545 258 1591 ξυλίνου
257 1547 394 1620 δίφρου
406 1546 464 1585 τὸν
475 1546 645 1593 Ἀττήλαν
659 1546 867 1597 καθήμενον.
883 1546 1050 1587 Στάντων
1068 1547 1103 1586 δὲ

58 1607 158 1655 ἡμῶν
169 1605 292 1658 μικρὸν
302 1604 471 1658 ἀπωτέρω
481 1609 540 1644 τοῦ
554 1605 686 1659 θρόνου,
696 1604 896 1658 προσελθων
908 1608 925 1644 ὁ
941 1606 1098 1678 Μαξιμῑ-

58 1678 112 1707 νος
123 1663 305 1711 ἠσπάσατο
313 1664 370 1702 τὸν
379 1663 571 1717 βάρὸαρον,
589 1663 633 1726 τηά
643 1680 680 1702 τε
693 1663 789 1715 παρὰ
803 1664 973 1716 βασιλέως
983 1664 1102 1717 γράμ-

60 1738 156 1772 ματα
178 1721 254 1767 δους
273 1722 404 1774 ἔλεγεν,
427 1725 474 1767 ὡς
495 1726 564 1762 σῶν
586 1727 676 1762 εἶναι
705 1723 806 1761 αὐτὸν
836 1723 896 1762 καὶ
915 1723 994 1768 τους
1013 1726 1102 1777 ἀμφ’

60 1780 162 1819 αὐτὸν
186 1780 325 1833 εὔχεται
351 1780 525 1833 βασιλεύς.
558 1782 604 1820 ‘O
634 1780 670 1820 δὲ
703 1780 932 1833 ἀπεκρίνατο,
961 1782 1102 1821 ἔσεσθαι

60 1838 252 1888 Ῥωμαίοις
271 1838 361 1891 ἅπερ
378 1841 471 1893 αὐτῷ
493 1839 684 1891 βούλοιντο.
707 1839 780 1879 Καὶ
797 1839 853 1878 ἐπὶ
873 1840 931 1878 τὸν
955 1840 1101 1892 Βιγίλαν
1129 1867 1135 1877 .

970 173 1296 214 FRAGMENTA.
2160 186 2203 219 81

1167 260 1263 305 εὐθὺς
1283 260 1402 314 τρέπει
1416 260 1474 300 τὸν
1489 261 1603 311 λόγον,
1620 261 1735 314 θηρίον
1756 261 1891 307 ἀναιδὲς
1911 266 2110 314 ἀποκαλῶν,
2125 265 2208 304 ὅτου

1165 319 1269 372 χάριν
1288 321 1373 371 παρ’
1391 319 1492 358 αὐτὸν
1517 320 1626 358 ἐλθεῖν
1656 319 1824 366 ἠθέλησεν
1847 322 2075 372 ἐπιστάμενος
2104 324 2148 362 τά
2171 340 2208 362 τε

1167 379 1261 430 αὐτῷ
1277 378 1338 416 καὶ
1355 378 1543 429 Ἀνατολίῳ
1562 377 1620 416 ἐπὶ
1644 381 1686 430 τῇ
1707 378 1824 431 εἰρήνῃ
1843 379 2008 428 δόξαντα,
2025 385 2070 424 ὡς
2090 381 2210 434 εἴρητο

1168 436 1216 485 μὴ
1232 436 1398 489 πρότερον
1413 436 1577 490 πρέσὸεις
1592 439 1676 489 παρ’
1693 437 1792 475 αὐτὸν
1809 439 1933 487 ἐλθεῖν,
1949 439 2028 490 πρὶν
2045 438 2067 485 ἢ
2082 441 2210 483 πάντες

1165 496 1196 533 οἱ
1218 494 1367 547 φυγάδες
1387 496 1556 533 ἐκδοθεῒεν
1579 494 1779 547 βαρὸάροις.
1801 497 1873 533 Τοῦ
1894 495 1929 533 δὲ
1950 496 2138 545 φήσαντος,
2166 499 2211 540 ὡς

1166 554 1205 590 ἐκ
1216 555 1387 597 Σκυθικοῦ
1401 554 1518 604 γένους
1533 552 1631 606 παρὰ
1648 552 1837 602 Ῥωμαίοις
1850 554 1913 591 οὐκ
1926 553 1978 599 εἴη
1994 555 2100 606 φυγάς
2118 555 2208 605 (τοὺς

1164 611 1231 663 γὰρ
1247 611 1348 656 ὄντας
1378 612 1621 663 ἐκδεδόσθαι),
1649 611 1852 664 χαλεπήνας
1872 613 2005 662 μᾶλλον
2032 613 2092 650 καὶ
2119 615 2212 666 αὐτῷ

1164 671 1312 708 πλεῖστα
1341 670 1631 723 λοιδορησάμενος
1657 669 1745 720 μετὰ
1776 673 1856 723 βοῆς
1884 670 2013 721 ἔλεγεν,
2042 672 2087 714 ὡς
2109 671 2211 709 αὐτὸν

1168 728 1448 773 ἀνασκολοπίσας
1467 730 1550 781 πρὸς
1573 728 1676 781 βορὰν
1694 731 1825 772 οἰωνοῖς
1848 725 2006 775 ἐδεδώκει
2029 729 2085 780 ἂν,
2114 732 2142 767 εἰ
2160 730 2209 803 {m}

1166 802 1206 838 γε
1219 789 1269 824 τῶ
1283 802 1345 834 της
1360 787 1548 840 πρεσὸείας
1567 790 1685 840 θεσμῳ
1704 787 1933 838 λυμαίνεσθαι
1957 787 2066 826 ἐδόκει
2085 804 2134 825 τι)
2156 789 2213 826 ἐπὶ

1165 849 1208 899 τῇ
1221 845 1380 883 ἀναιδεία
1393 861 1454 884 και
1465 850 1508 900 τῇ
1521 848 1588 884 τῶν
1599 846 1735 896 λόγων’
1727 845 1911 895 ιταμότητι
1924 848 2119 884 ἐπιθεῖναι
2102 847 2211 894 οίκην·

1166 902 1319 954 φυγάδας
1332 902 1398 955 γὰρ
1415 919 1473 942 του
1490 903 1655 979 σφετέρου
1671 903 1785 946 ἔθνους
1798 904 1894 956 παρὰ
1910 902 2103 954 Ῥωμαίοις
2123 908 2212 941 εἶναι

1166 961 1331 1010 πολλους,
1351 967 1398 1001 ὠν
1420 964 1557 1001 ἐκέλευε
1573 963 1618 1001 τὰ
1637 962 1792 1013 ὀνόματα
1813 962 2078 1015 ἐγγεγραμμένα
2097 962 2210 1015 χάρτῃ

1165 1019 1242 1064 τοὺς
1258 1021 1478 1075 ὑπογραφέας
1493 1022 1754 1073 ἀναγινώσκειν.
1774 1021 1840 1066 ‘sse
1857 1021 1892 1060 δὲ
1907 1021 2080 1068 διεξῆλθον
2099 1021 2209 1060 ἅπαν-

1166 1095 1248 1129 τας,
1266 1080 1480 1133 προσέταττε
1501 1081 1609 1132 μηδὲν
1625 1080 1848 1130 μελλήσαντα
1867 1080 2023 1119 ἀπιέναι·
2043 1080 2212 1131 συμπέμ-

1166 1140 1241 1191 ψειν
1263 1139 1299 1177 δὲ
1327 1141 1420 1192 αὐτῷ
1439 1140 1499 1179 καὶ
1521 1140 1661 1180 Ἠσλαν
1682 1139 1874 1191 Ῥωμαίοις
1895 1139 2034 1184 λέξοντα
2048 1169 2059 1190 ,
2080 1140 2214 1183 πάντας

1166 1195 1244 1241 τοὺς
1271 1198 1370 1250 παρά
1401 1214 1498 1251 σφισι
1525 1198 1788 1250 καταφυγόντας
1823 1198 2019 1251 βαρὸάρους
2039 1197 2108 1236 ἀπὸ
2145 1201 2212 1236 τῶν

1167 1255 1406 1307 Καρπιλεόνος
1421 1255 1569 1308 χρόνων,
1584 1256 1618 1301 ὃς
1633 1256 1817 1309 ὡμήρευσε
1836 1257 1924 1310 παρ’
1942 1258 2038 1309 αὐτῷ
2059 1262 2142 1300 παῖς
2163 1255 2210 1294 ὢν

1166 1312 1296 1352 Ἀετίου
1315 1319 1375 1353 τοῦ
1396 1317 1430 1353 ἐν
1455 1319 1497 1369 τῇ
1524 1316 1654 1368 ἑσπέρᾳ
1682 1315 1873 1366 Ῥωμαίων
1903 1319 2099 1366 στρατηγοῦ
2115 1345 2125 1363 ,
2154 1318 2214 1353 ἐκ·

1166 1371 1306 1425 πέμψαι
1332 1376 1417 1425 παρ’
1447 1374 1563 1414 αὐτόν.
1590 1375 1661 1414 Καὶ
1681 1374 1747 1426 γὰρ
1767 1375 1837 1426 [οὐ]
1868 1374 2110 1427 συγχωρήσειν
2134 1374 2211 1418 τοὺς

1165 1431 1349 1484 σφετέρους
1377 1432 1591 1485 θεράποντας
1618 1433 1730 1471 ἀντίον
1758 1434 1862 1471 αὐτοῦ
1893 1435 1926 1476 ἐς
1951 1434 2070 1485 μάχην
2105 1433 2213 1477 ἷέναι,

1165 1488 1292 1543 καίπερ
1308 1490 1356 1541 μὴ
1374 1491 1584 1542 δυναμένους
1599 1493 1743 1545 ὠφελεῖν
1755 1491 1832 1536 τους
1843 1491 1906 1538 τὴν
1921 1493 2079 1545 φυλακὴν
2094 1493 2209 1534 αὐτοῖς

1165 1550 1226 1595 τ’ῆς
1246 1549 1374 1594 οἰκείας
1392 1551 1646 1604 ἐπιτρέψαντας
1665 1554 1742 1602 γ’ἧς.
1764 1550 1855 1590 Ἰίνα
1875 1550 1942 1604 γὰρ
1962 1550 2095 1589 πόλιν*
2077 1568 2098 1597 η
2114 1556 2211 1588 ποῖον

1165 1606 1326 1660 φρούριον
1347 1611 1541 1657 σεσῶσθαι,
1564 1609 1732 1660 ἔλεγεν,’
1720 1609 1778 1647 υπ’
1800 1609 1952 1656 ἐκείνων,
1981 1613 2088 1662 οὗπερ
2109 1609 2213 1652 αὐτος

1165 1681 1315 1713 ποιησαι
1335 1666 1398 1714 τὴν
1419 1667 1550 1720 αι’ρεσιν
1578 1666 1762 1720 ὥρμησεν,
1793 1666 2130 1719 Ἀπαγγείλαντας
2112 1684 2147 1706 οε
2170 1668 2214 1705 τὰ

1165 1725 1262 1777 αὐτῷ
1279 1725 1360 1778 περὶ
1387 1729 1455 1776 τῶν
1481 1727 1643 1779 φυγάδων
1664 1727 1854 1776 δεδογμένα
1869 1756 1879 1774 ,
1902 1722 1998 1770 αὖθις
2020 1726 2209 1772 ἐπανήκειν

1165 1782 1360 1833 μηνύοντας
1388 1785 1531 1837 πότερον
1558 1784 1682 1829 αὐτοὺς
1701 1785 1872 1823 ἐκδιδόναι
1906 1785 2087 1837 βούλονται
2113 1784 2134 1831 ἢ
2156 1785 2213 1823 τὸν

1165 1842 1251 1895 ὑπὲρ
1270 1844 1384 1881 αὐτῶν
1405 1843 1636 1896 ἀναδέχονται
1655 1844 1823 1895 πόλεμον.
1847 1844 2214 1897 Παρακελευσάμενος

59 1970 144 2003 unde
160 1971 285 2003 nonnisi
305 1971 486 2011 ingentibus
503 1971 595 2004 donis
619 1973 804 2004 cumulatus
825 1974 909 2005 esset
934 1973 1103 2005 rediturus.

60 2025 215 2064 oportere
226 2024 320 2065 igitur
329 2025 433 2063 illum,
444 2034 546 2066 quum
555 2026 729 2066 Onegesius
736 2034 799 2057 non
807 2025 902 2064 adsit,
912 2026 944 2057 in
952 2028 1018 2058 tam
1029 2035 1106 2066 proe·

60 2076 146 2108 clara
157 2075 282 2107 actione
293 2085 352 2108 nos
364 2078 421 2108 aut
439 2076 544 2116 potius
557 2077 687 2109 fratrem
704 2077 808 2118 ipsum
821 2077 986 2117 adjuvare.
998 2079 1038 2109 Et
1050 2078 1107 2118 ipsi

59 2135 190 2168 quoque
206 2128 336 2159 Attilam
351 2127 522 2168 plurimum
536 2128 634 2160 fidere
646 2128 713 2160 dixi
724 2137 780 2160 nos
790 2129 949 2169 accepisse
959 2140 967 2167 ;
978 2129 1031 2161 sed
1043 2138 1107 2161 non

59 2179 136 2211 satis
148 2179 241 2211 firma
255 2188 324 2211 esse
335 2179 445 2211 audita
455 2203 464 2217 ,
480 2179 542 2211 nisi
560 2188 595 2211 re
608 2179 675 2220 ipsa
687 2181 800 2212 notum
815 2180 933 2212 faceret
949 2182 1106 2220 quantum

59 2231 104 2263 illi
120 2232 214 2264 Attila
226 2232 392 2264 tribueret.
411 2233 514 2272 Atque
531 2232 583 2264 ille
602 2245 610 2264 ε
625 2245 640 2260 «
656 2235 702 2265 Ne
714 2233 852 2273 amplius
863 2257 871 2272 ‚
888 2234 1003 2273 inquit,
1017 2233 1106 2266 dubii

59 2284 138 2316 sitis.
183 2287 286 2325 AEque
298 2293 336 2316 ac
357 2284 455 2317 frater
467 2285 554 2326 apud
571 2286 701 2318 Attilam
714 2286 804 2318 valeo
820 2286 1028 2326 auctoritate,
1050 2296 1106 2319 seu

58 2335 182 2376 verbis,
215 2345 270 2368 seu
289 2336 372 2368 facto
391 2345 472 2378 opus
498 2339 556 2370 est.
579 2350 595 2366 »
613 2339 653 2370 et
671 2346 800 2370 ascenso
821 2346 923 2379 equo,
942 2338 982 2370 ad
1002 2339 1107 2371 Attilae

59 2388 234 2420 tentorium
260 2388 435 2421 contendit.
468 2391 532 2429 Ego
551 2397 628 2421 vero
653 2389 694 2421 ad
720 2389 932 2422 Maximinum
965 2390 1104 2430 rediens,

60 2439 115 2480 qui
130 2449 192 2471 una
220 2448 294 2471 cum
330 2440 426 2480 Bigila
455 2441 630 2480 angebatur
667 2441 793 2481 animo,
820 2443 853 2473 et
873 2441 1014 2473 incertus
1038 2444 1106 2474 erat

60 2490 137 2530 quid
178 2491 438 2523 constituendum
477 2495 580 2532 esset,
616 2493 743 2524 narravi
765 2501 927 2525 sermones
951 2502 1031 2534 quos
1048 2494 1105 2525 lia-

59 2542 193 2574 bueram
227 2552 302 2575 cum
329 2546 457 2582 scotta,
485 2546 517 2576 et
546 2553 620 2586 quae
642 2545 683 2577 ab
713 2545 780 2585 ipso
800 2545 962 2578 audieram
981 2557 990 2585 ;
1008 2548 1106 2587 atque

59 2594 140 2626 adeo
154 2595 242 2626 illum
262 2595 399 2627 excitavi
416 2595 457 2627 ad
481 2596 688 2636 praeparanda
708 2605 841 2628 munera
864 2606 937 2637 quae
969 2597 1106 2629 barbaro

59 2646 223 2678 offerenda
242 2648 360 2687 essent,
373 2648 406 2678 et
419 2647 706 2687 praemeditandum
721 2648 839 2688 quibus
852 2648 957 2680 verbis
972 2649 1105 2681 Attilam

60 2696 224 2729 affaretur.
243 2699 458 2730 surrexerunt
475 2699 571 2739 igitur
586 2699 797 2739 (ostenderam
814 2700 900 2732 enim
913 2701 984 2732 illos
996 2702 1027 2732 in
1038 2702 1106 2734 solo

61 2750 190 2782 herbido
202 2751 343 2791 jacentes
357 2752 388 2791 ),
405 2753 438 2783 et
448 2761 576 2793 operam
593 2761 612 2784 a
630 2761 680 2784 me
693 2753 816 2793 egregie
833 2755 982 2785 navatam
996 2754 1107 2785 lauda-

60 2804 153 2842 runt,
171 2804 203 2834 et
219 2811 290 2842 eos,
308 2803 364 2843 qui
382 2803 491 2844 sejam
509 2813 584 2835 cum
595 2804 749 2844 jumentis
765 2805 869 2837 itineri
882 2805 1103 2845 accinxerant,

59 2856 261 2886 revocarunt.
273 2857 357 2887 'rum
367 2855 464 2887 etiam
477 2865 540 2896 qua
550 2857 693 2888 oratione
703 2857 834 2889 Attilam
847 2857 1103 2898 aggrederentur,

61 2908 92 2938 et
104 2915 168 2947 quo
185 2907 280 2938 modo
290 2907 374 2939 dona
388 2908 599 2948 imperatoris,
611 2911 644 2940 et
653 2917 727 2948 quae
738 2907 929 2940 Maximinus
945 2908 1011 2948 ipse
1026 2909 1104 2941 affe·

60 2959 168 2998 rebat,
184 2959 363 3000 traderent,
378 2960 460 2992 inter
473 2969 505 2992 se
518 2961 689 3001 agitaruut.
733 2963 818 2992 Dum
831 2960 864 2991 in
872 2960 985 2991 harum
996 2969 1104 2992 rerum

61 3018 137 3042 cura
147 3011 366 3050 versabamur,
378 3011 491 3043 Attilas
502 3020 559 3043 nos
573 3021 630 3052 per
643 3013 786 3044 Scottam
799 3012 960 3043 arcessivit
973 3025 979 3042 ε
996 3012 1105 3052 itaque

61 3062 101 3094 ad
112 3064 180 3101 ejus
195 3064 367 3094 tentorium
382 3064 440 3095 iter
457 3064 633 3096 direximus
643 3088 651 3104 ,
663 3064 748 3104 quod
766 3063 975 3095 barbarorum
992 3063 1104 3097 multi-

61 3113 190 3158 tudiue,
209 3114 263 3153 qui
277 3113 309 3145 iu
323 3114 432 3146 orbem
443 3115 595 3146 excubias
607 3115 759 3155 agebant,
776 3116 844 3146 erat
857 3114 1102 3146 circumdatum.

63 3165 238 3196 introducti
253 3165 382 3196 Attilam
399 3165 583 3197 sedentem'
576 3175 608 3197 in
623 3166 701 3197 sella
715 3166 752 3197 li
738 3174 815 3205 gne-a
831 3166 1021 3197 invenimus.
1037 3168 1104 3197 Ste-

61 3216 160 3247 timus
176 3216 271 3256 paulo
296 3216 450 3248 remotius
465 3217 505 3248 ab
530 3217 599 3257 eJus
613 3217 718 3249 solio:
736 3226 814 3248 mox
831 3217 982 3256 processit
1001 3217 1103 3248 Maxi-

61 3248 169 3298 minus
178 3269 210 3298 et
222 3268 371 3299 salutavit
381 3268 564 3300 barbarum.
578 3270 616 3300 Et
624 3268 822 3308 imperatoris
832 3268 953 3299 litteras
965 3268 1103 3307 tradens,

63 3315 156 3358 dixit,
170 3320 295 3351 salvum
306 3321 338 3351 et
355 3320 550 3353 incolumem
566 3321 657 3352 illum
677 3329 814 3361 suosque
830 3321 950 3361 precari
967 3321 1103 3360 impera-

65 3372 179 3403 torem.
224 3372 264 3402 Et
280 3371 446 3412 barbarus,
470 3385 487 3400 «
502 3372 548 3404 Sit
562 3373 593 3403 (ι
617 3372 765 3404 Romanis
786 3371 1055 3412 quemadmodum
1072 3372 1104 3402 et

193 3434 381 3459 FRAGMENTA
402 3435 481 3459 utsT.
501 3436 556 3459 GR.
581 3444 615 3450 ¹—
636 3436 704 3459 vot..
728 3436 769 3459 Ν.

1168 1975 1247 2006 mihi
1275 1975 1427 2016 cupiunt,
1455 1988 1470 2003 υ
1497 1975 1614 2016 inquit.
1642 1976 1822 2016 Statimque
1837 1975 1878 2007 ad
1896 1975 2029 2015 Bigilam
2058 1976 2216 2007 convertit

1166 2027 1362 2066 orationem,
1381 2027 1545 2067 feramque
1568 2027 1785 2067 impudentem
1801 2035 1938 2066 vocans,
1965 2027 2132 2067 quaerebat
2150 2036 2216 2067 qua

1167 2086 1201 2109 re
1218 2078 1374 2118 impulsus
1387 2078 1426 2109 ad
1454 2078 1559 2118 ipsum
1575 2079 1729 2117 venisset,
1750 2087 1852 2118 quum
1868 2078 1927 2110 sibi
1946 2087 2076 2117 eorum,
2096 2087 2168 2118 quae
2183 2079 2216 2110 et

1168 2129 1232 2170 ipse
1255 2131 1287 2161 et
1307 2130 1470 2161 Anatolius
1498 2129 1538 2161 de
1554 2138 1633 2170 pace
1654 2130 1840 2169 sensissent,
1865 2129 2009 2161 conscius
2025 2131 2106 2161 esset
2124 2142 2131 2161 :
2149 2138 2215 2161 non

1166 2181 1250 2213 enim
1269 2181 1356 2222 prius
1371 2181 1412 2213 ad
1430 2190 1464 2213 se
1480 2181 1600 2222 legatos
1623 2182 1774 2213 accedere
1797 2181 1962 2220 debuisse,
1988 2190 2086 2222 quam
2105 2190 2215 2213 omnes

1165 2233 1308 2273 profugi,
1323 2233 1378 2273 qui
1392 2232 1477 2273 apud
1489 2235 1648 2266 Romanos
1658 2234 1839 2271 exstarent,
1854 2232 1969 2264 redditi
1985 2234 2100 2265 essent.
2117 2234 2215 2273 Bigila

1166 2293 1241 2316 vero
1265 2284 1493 2325 respondente,
1511 2284 1638 2316 nullum
1654 2284 1791 2324 amplius
1808 2284 1891 2324 apud
1910 2286 2070 2316 Romanos
2086 2285 2214 2325 reperiri

1164 2337 1360 2377 transfugam
1388 2337 1529 2378 Scythici
1555 2337 1695 2377 generis3
1723 2345 1834 2369 omnes
1859 2337 1942 2369 enim
1971 2337 2110 2369 redditos
2126 2346 2212 2377 esse;

1165 2388 1264 2429 magis
1279 2390 1483 2428 exasperatus
1499 2389 1630 2427 Attilas,
1648 2388 1680 2420 in
1693 2397 1767 2420 eum
1785 2389 1885 2420 multa
1900 2389 2015 2430 probra
2028 2390 2060 2421 et
2071 2389 2214 2420 convicia

1164 2440 1309 2481 ingessit,
1324 2442 1356 2472 et
1370 2449 1442 2472 cum
1457 2441 1597 2472 clamore
1616 2440 1715 2479 dixit,
1729 2448 1763 2471 se
1775 2439 1909 2471 illumin
1923 2449 2050 2472 crucem
2065 2442 2212 2472 acturum

1164 2495 1197 2526 et
1211 2493 1350 2534 praedam
1368 2493 1553 2525 vulturibus
1574 2493 1786 2533 praebiturum
1812 2493 1925 2533 fuisse,
1951 2493 2010 2525 nisi
2033 2494 2115 2534 leges
2131 2494 2232 2539 lega-b

1164 2545 1260 2577 tionis
1273 2545 1332 2576 liae
1347 2544 1540 2585 impudentis
1558 2545 1626 2584 ejus
1638 2544 1792 2576 orationis
1804 2545 1837 2576 et
1859 2544 2046 2577 temeritatis
2062 2553 2155 2585 poena
2168 2546 2214 2576 of-

1164 2596 1294 2628 fendere
1318 2597 1496 2628 vereretur.
1520 2596 1645 2627 Etenim
1671 2597 1790 2627 restare
1818 2595 1924 2627 adbuc
1943 2596 2026 2636 apud
2054 2598 2214 2628 Romanos

1164 2648 1271 2688 plures
1283 2648 1479 2687 transfugas,
1492 2656 1630 2687 quorum
1650 2647 1779 2678 nomina
1789 2670 1797 2685 ‚
1812 2649 1849 2679 ut
1862 2649 1954 2679 erant
1970 2648 2002 2678 in
2022 2647 2132 2679 charta
2155 2648 2212 2679 de-

1164 2700 1293 2741 scripta,
1305 2701 1399 2742 jussit
1412 2700 1532 2732 scribas
1546 2702 1687 2732 recitare.
1701 2700 1739 2732 Hi
1752 2700 1805 2731 ubi
1816 2701 1924 2731 onmia
1937 2700 2088 2739 legerant,
2101 2701 2214 2732 Attilas

1166 2753 1297 2794 Bigilam
1312 2762 1375 2784 una
1391 2762 1465 2784 cum
1490 2754 1563 2785 Esla
1581 2753 1649 2784 sine
1665 2761 1755 2784 mora
1780 2753 1935 2793 proficisci
1951 2752 2045 2792 jussit
2063 2754 2214 2784 Romanis

1164 2805 1406 2842 denuntiatum,
1444 2806 1482 2838 ut
1514 2812 1625 2835 omnes
1648 2804 1827 2844 transfugas
1860 2804 2020 2844 Scythicae
2056 2804 2211 2843 nationis,

1164 2858 1324 2897 quotquot
1351 2856 1383 2887 in
1410 2864 1521 2888 eorum
1551 2858 1707 2895 potestate
1726 2856 1851 2894 essent,
1881 2855 2069 2895 redderent,
2087 2864 2105 2886 a
2130 2857 2212 2887 tem-

1165 2917 1241 2949 pore
1268 2907 1474 2948 carpilionis,
1505 2907 1559 2939 filii
1583 2908 1682 2946 Aelii,
1710 2910 1928 2940 Romanorum
1956 2908 2211 2939 occidentalium

1163 2959 1253 2991 ducis
1265 2984 1274 2999 ,
1292 2959 1347 3000 qui
1364 2959 1455 2991 obses
1469 2958 1552 2999 apud
1566 2968 1640 2990 eum
1660 2960 1772 2990 fuerat.
1791 2961 1862 2991 Non
1876 2958 1960 2990 enim
1973 2967 2007 2990 se
2016 2967 2125 2990 servos
2139 2968 2214 2990 suos

1163 3019 1272 3042 secum
1297 3019 1411 3042 manus
1427 3019 1592 3042 conserere
1609 3019 1777 3050 passurum
1805 3019 1889 3047 esse,
1907 3019 2091 3050 quanquam
2117 3019 2157 3042 ne
2176 3010 2213 3040 iis

1163 3061 1307 3101 quidem,
1320 3061 1375 3101 qui
1389 3070 1454 3093 suae
1462 3061 1591 3093 ditionis
1604 3061 1781 3092 custodiam
1795 3061 1856 3092 illis
1869 3061 2098 3099 commiserint,
2115 3060 2210 3100 prod-

1164 3121 1231 3145 esse
1254 3113 1383 3153 possint.
1428 3114 1508 3149 Quae
1535 3113 1622 3144 enim
1655 3113 1746 3151 urbs,
1774 3112 1859 3152 quod
1890 3112 2054 3143 castellum
2083 3112 2123 3142 ab
2151 3112 2211 3143 illis

1163 3164 1262 3204 possit
1275 3163 1414 3200 defendi,
1429 3164 1517 3204 quod
1537 3166 1680 3195 evertere
1691 3166 1747 3195 aut
1760 3164 1886 3195 diruere
1907 3163 1990 3203 apud
2006 3172 2040 3194 se
2058 3163 2210 3194 constitu-

1164 3218 1233 3248 tum
1247 3215 1439 3247 habuerint?
1451 3217 1622 3256 Postquam
1637 3216 1842 3255 exposuerint
1855 3224 1872 3246 a
1883 3214 1964 3246 sede
1978 3214 2145 3252 transfugis
2159 3214 2210 3246 de-

1164 3268 1268 3306 creta,
1285 3267 1389 3298 redire
1400 3275 1453 3298 eos
1474 3267 1712 3306 quamprimum
1728 3267 1822 3305 jussit
1839 3266 2073 3303 renuntiatum,
2099 3267 2207 3295 utrum

1163 3319 1340 3359 transfugas
1355 3318 1500 3357 reddere,
1514 3327 1553 3349 au
1578 3318 1695 3349 bellum
1711 3327 1747 3349 eo
1764 3318 1892 3348 nomine
1910 3317 2019 3347 malint
2035 3316 2205 3355 suscipere.

1165 3372 1255 3403 Prius
1268 3378 1342 3401 vero
1356 3369 1567 3401 Maximinum
1586 3369 1716 3409 paulum
1732 3370 1913 3409 exspectare
1926 3368 2052 3407 jubenS,
2070 3366 2147 3397 dum
2166 3366 2204 3398 ad

2045 3427 2062 3451 6
