2326 3724
12 3296 25 3325 ξ

937 201 1269 243 FRAGMENTA.

2106 214 2180 247 285

7 311 159 335 versum
179 297 340 335 eandem
359 295 407 332 de
430 295 671 343 Assyriorum
693 292 931 342 temporibus
947 293 1063 328 chro—
1129 294 1323 341 Scriptum
1351 288 1440 342 Περὶ
1471 288 1605 336 Λιόύης
1629 302 1707 326 non
1728 289 1917 326 diversum
1944 290 2056 327 fuisse
2083 298 2180 340 puto

7 358 202 406 nologiam
226 357 397 404 sequitur
426 352 660 403 (Ctesianam
682 350 850 400 scilicet)
868 378 878 396 ‚
909 351 1064 386 minime
1129 352 1177 388 ab
1202 364 1270 398 eo,
1298 351 1405 399 quod
1421 363 1442 386 a
1460 350 1619 398 reliquis
1640 349 1818 384 laudatur
1838 347 1927 400 Περὶ
1948 347 2125 401 Κυρήνης.

9 423 134 453 tamen
153 416 373 451 adverbum
395 413 528 451 eadem
547 411 719 448 tradidit.
739 411 825 450 Vid.
844 410 992 449 Castor.
1013 408 1061 445 fr.

17 487 32 510 1
43 501 54 519 ,
71 488 112 523 p.
140 487 154 510 1
165 473 212 511 56
231 486 315 522 sqq.

510 572 572 599 12.

64 644 188 679 Moses
205 642 373 681 Choren.
394 643 428 687 1,
451 654 486 677 c.
511 646 550 686 4,
571 654 612 690 p.
640 641 686 678 13
714 652 722 675 :
746 640 876 688 Neque
894 646 952 674 est
971 638 1070 686 quod

10 705 89 750 quis
103 703 151 738 de
164 702 274 749 husus
291 704 346 737 rei
361 697 522 737 verita'te
534 700 697 745 dubitet,
713 712 823 747 quum
839 699 888 734 de
908 701 951 733 iis
965 698 1072 733 nobis

12 763 205 810 complura
229 761 357 796 tradat
372 760 591 807 Abydenus,
625 767 754 795 auctor
771 766 890 794 certus
897 786 906 802 ⁷
931 761 985 792 ita
1008 757 1071 792 di-

14 834 127 856 cens:
153 837 167 852 ιι
198 822 318 857 Ninus
337 827 436 855 ortus
453 820 608 862 Arbele,
644 818 821 854 Choealus
850 817 1008 860 Arbelo;
1039 819 1072 851 is

13 881 143 923 Anebi,
164 883 196 914 is
209 879 339 923 Babio,
366 881 396 913 is
412 879 518 915 Belo.
537 895 552 910 υ
570 878 822 924 Similiterque
839 879 991 923 stirpem
1005 887 1075 910 no—

13 947 127 975 stram
144 939 193 974 ab
207 939 322 973 Haico
334 938 389 973 ad
396 939 548 973 Aroeum
558 937 769 986 pulchrum,
791 947 897 983 quem
911 934 1075 969 Semira-

14 1001 86 1033 mis
96 995 288 1043 interfecit,
307 996 375 1031 hoc
385 998 516 1032 ordine
526 1003 734 1032 enumerat:
750 1011 765 1027 (ι
775 997 810 1030 A
812 1006 910 1029 roeus
910 1006 968 1042 pu
973 992 1076 1028 leber

15 1057 151 1092 Arami
160 1057 289 1104 filius,
310 1059 373 1104 qui
390 1057 564 1099 Harmoe,
589 1058 653 1102 qui
675 1055 853 1096 Gelcmu'i,
877 1056 942 1100 qui
959 1053 1075 1087 Ama·

17 1118 101 1159 sioe,
125 1118 189 1163 qui
205 1117 394 1150 Aramoeis
406 1143 416 1159 ‚
437 1117 501 1162 qui
517 1114 720 1149 Armenaci
730 1140 742 1156 ‚
767 1115 832 1160 qui
846 1113 938 1146 Belo
953 1111 1085 1146 adven,

21 1182 124 1209 satus
141 1177 263 1209 vitam
282 1176 423 1210 amisit.
447 1189 462 1205 »
481 1175 602 1220 Atque
623 1172 706 1208 hoec
722 1179 855 1207 narrat
879 1171 1078 1217 Abydenus

18 1237 56 1269 in
70 1236 198 1282 primo
215 1245 280 1268 suo
302 1233 503 1279 Originum
527 1233 637 1275 libro,
661 1243 767 1279 quem
778 1237 910 1278 postea
924 1230 1077 1277 quidam

21 1292 92 1328 huc
112 1293 328 1327 attulerunt.
359 1292 536 1338 Ejusdem
553 1294 608 1326 rei
636 1293 734 1326 testis
753 1297 809 1325 est
834 1287 1079 1336 Cephalimus

22 1350 78 1400 (v.
100 1350 234 1400 fragm.
258 1348 540 1400 Cephalionis).

278 1586 323 1643 A
335 1586 379 1644 C
399 1588 441 1643 E
455 1586 492 1643 S
505 1585 548 1642 A
559 1585 607 1643 N
618 1587 666 1642 D
680 1586 724 1642 E
742 1587 784 1642 R
800 1629 811 1641 .

346 1707 468 1747 ΠΕΡι
500 1707 757 1745 ΚΥΡΗΝΗΣ.

318 1815 349 1850 Ε
400 1813 551 1850 Lumo
603 1812 778 1850 PRIMO.

533 1927 566 1950 1.

85 2019 279 2056 Plutarch.
302 2019 377 2068 Qu.
398 2018 560 2058 conviv.
586 2021 633 2065 V,
661 2032 696 2065 2,
721 2032 763 2068 p.
783 2017 876 2065 675,
895 2019 923 2054 B
945 2031 952 2053 :
974 2009 1085 2055 Εἶπον

34 2076 86 2115 ὅτι
115 2076 175 2115 καὶ
197 2075 330 2116 Πελίαν
350 2076 493 2114 θάπτων
511 2074 682 2120 Ἄκαστος
707 2078 725 2114 ὁ
750 2075 821 2120 υἱὸς
841 2077 959 2126 ἀγῶνα
978 2074 1087 2122 ποιή-

31 2150 141 2186 ματος
158 2134 363 2188 παράσχοι,
384 2134 446 2172 >eat
466 2134 627 2174 Σίὸυλλα
647 2134 834 2181 νικήσειεν.
863 2132 1087 2186 Ἔπιφυομέ-

34 2210 100 2232 νων
121 2194 156 2232 δὲ
175 2195 329 2242 πολλῶν,
349 2192 410 2231 καὶ
433 2193 489 2231 τὸν
510 2191 708 2246 βεὸαιωτὴν
729 2194 777 2237 ὡς
806 2191 955 2231 ἀπίστου
978 2191 1086 2243 [καὶ]

33 2251 240 2304 παραλόγου
258 2254 321 2298 τῆς
348 2250 502 2305 ἱστορίας
525 2250 781 2302 ἀπαιτούντων,
807 2252 982 2303 ἐπιτυχῶς
1004 2251 1089 2287 ἀνα-

32 2310 195 2362 μνησθεὶς
224 2311 414 2362 ἀπέφαινον
438 2309 670 2363 Ἀκέσανδρον
688 2311 723 2348 ἓν
752 2312 802 2363 τῷ
833 2308 923 2362 Περὶ
958 2308 1090 2356 Λιὸύης

31 2373 143 2409 ταῦτα
159 2371 379 2421 ἱστοροῦντα.
398 2368 471 2408 Καὶ
487 2372 590 2408 τοῦτο
606 2368 683 2419 μὲν,
694 2364 802 2422 ἔφην,
821 2368 860 2407 τὸ
875 2367 1090 2419 ἀνάγνωσμα

32 2430 100 2467 τῶν
118 2429 181 2467 οὐκ
205 2429 240 2467 ἐν
261 2427 359 2481 μέσῳ
389 2427 480 2466 ἐστί·
500 2433 571 2472 τοῖς
602 2428 637 2466 δὲ
660 2426 871 2478 Πολέμωνος
902 2431 961 2466 τοῦ
991 2426 1091 2473 Ἀθη·

33 2487 128 2526 ναίου
146 2489 222 2527 κτλ.
244 2489 298 2538 (v.
319 2489 516 2526 Polemon.
540 2489 587 2526 fr.
610 2501 675 2535 27,
699 2496 792 2527 tom.
813 2490 894 2534 ΙΙΙ,
918 2501 958 2537 p.
982 2487 1086 2537 123).

400 2600 467 2639 DE
496 2600 717 2639 CYRENE.

548 2680 579 2711 1.

77 2733 151 2765 Dixi
163 2735 315 2766 Acastum
330 2736 447 2768 Peliam
461 2736 585 2776 patrem
601 2734 802 2766 funerantem
820 2735 1005 2775 poematum
1023 2743 1092 2767 cer-

37 2787 144 2818 tamen
159 2786 348 2827 instituisse,
365 2787 462 2829 idque
479 2788 634 2828 Sibyllam
650 2787 774 2820 vicisse.
798 2789 858 2819 llic
877 2797 980 2828 quum
1000 2788 1093 2820 multi

38 2845 91 2869 me
112 2838 398 2879 reprehenderent,
417 2840 450 2872 et
473 2839 666 2871 narrationis
681 2841 838 2880 tanquam
852 2839 1048 2872 incredibilis
1062 2841 1094 2872 et

38 2889 186 2922 absurdae
201 2892 314 2923 toetem
327 2892 466 2933 aliquem
480 2894 663 2933 poscerent;
688 2893 895 2924 commodum
909 2893 1095 2926 recordatus

39 2943 157 2975 asserui
180 2945 398 2976 Acesandrum
414 2946 445 2977 in
464 2954 560 2985 opere
574 2947 619 2977 De
636 2945 735 2986 Libya
749 2948 915 2977 auctorem
932 2945 1001 2985 ejus
1014 2954 1092 2978 esse.

40 2994 101 3026 Sed
122 2994 236 3035 hujus,
252 2996 396 3036 aiebam,
411 2997 506 3028 lectio
536 3006 601 3028 non
624 2998 673 3029 est
689 2997 840 3029 omnibus
866 2997 897 3029 in
911 2998 1062 3038 promptu
1086 3010 1093 3029 :

41 3047 221 3080 Polemonis
249 3049 358 3081 autem
374 3049 575 3082 Atheniensis
587 3051 649 3082 etc.

547 3105 583 3136 2.

85 3155 284 3197 Pherecydes
308 3157 427 3190 Naiade
446 3160 479 3190 et
505 3161 628 3198 Peneo,
654 3158 833 3191 Acesander
850 3167 926 3190 vero
956 3159 1096 3199 Phillyra

44 3207 149 3249 AEsopi
167 3208 231 3239 lilia
244 3210 277 3240 et
299 3211 404 3241 Peneo
415 3211 577 3251 Hypseum
593 3212 705 3242 natum
722 3218 790 3242 esse
805 3210 928 3242 dicunt.

88 3317 181 3347 Hunc
205 3317 394 3357 Apollonius
409 3316 505 3349 modo
525 3319 725 3359 Eurypylum
743 3318 839 3350 modo
859 3318 1024 3350 Tritonem
1040 3327 1098 3359 ap-

45 3368 154 3408 pellat.
170 3369 348 3402 Acosander
361 3379 438 3402 vero
452 3371 653 3411 Eurypylum
665 3371 794 3402 fratrem
812 3380 880 3403 esse
899 3371 1037 3403 Tritonis
1049 3371 1099 3402 di-

47 3418 107 3459 cit;
129 3420 226 3451 verba
245 3424 319 3452 sunt
336 3435 343 3452 ;
365 3434 378 3448 «
403 3422 583 3462 Eurypylus
599 3422 737 3463 Neptuni
760 3425 790 3454 ct
806 3423 954 3455 Celaenus
974 3423 1100 3456 Atlante

1639 448 1676 471 2.

1183 525 1312 561 Schol.
1349 523 1503 560 Pindar.
1538 522 1650 570 Pyth.
1681 522 1752 564 IX,
1782 532 1867 567 27:
1899 517 2029 564 Ναΐδος
2057 520 2093 558 δὲ
2123 521 2183 559 καὶ

1133 585 1286 630 Πηνειοῦ
1307 581 1363 619 τὸν
1381 580 1470 634 Ηέὶψ
1464 596 1494 617 ἀ
1516 578 1742 632 Φερεκύδης,
1759 577 1983 641 ἐΑκέσανδρος
2001 578 2035 616 δὲ
2049 578 2186 617 Φιλλύ-

1134 658 1194 696 ρας
1214 658 1275 689 της
1295 642 1459 680 Αἷσωπου
1475 639 1534 678 καὶ
1554 640 1705 686 Πηνειου
1724 639 1854 690 ἱστορε
1845 637 1928 675 ιτὸν
1949 636 2000 676 Ὑ·
1995 636 2077 689 ψέα.

1644 727 1680 763 3.

1186 824 1293 861 Idem
1311 823 1423 871 Pyth.
1441 823 1507 868 IV,
1529 820 1575 868 57
1597 832 1606 860 τ
1627 821 1763 859 Τοῦτον
1787 820 1858 871 (sc.
1885 818 1943 857 τὸν
1962 817 2186 871 Εὐρύπυλον,

1135 896 1249 932 quem
1269 883 1453 919 Pindarus
1481 882 1650 930 Neptuni
1668 879 1789 915 filium
1818 877 1929 929 dicit)
1952 876 1987 915 δὲ
2013 877 2194 916 Ἀπολλώ-

1135 956 1202 984 νιος
1219 939 1302 978 ποτὲ
1327 938 1369 990 μὲ
1355 955 1388 977 ν
1417 937 1624 991 Εὐρύπυλον
1649 936 1925 998 προσαγορεύει,
1947 934 2031 974 ποτὲ
2051 934 2087 973 δὲ
2110 934 2194 986 Τρί-

1137 1015 1243 1038 τωνα.
1265 998 1342 1037 'sAx
1328 998 1488 1050 έσανδρος
1517 996 1554 1035 δέ
1574 1011 1677 1049 φησιν
1708 995 1853 1049 ἀδελφον
1882 999 1970 1033 εἰναι
1994 994 2052 1032 τὸν
2074 994 2194 1046 Εὐρύ-

1136 1061 1244 1097 πυλον
1253 1057 1442 1109 Τρίτωνος,
1454 1056 1594 1109 γράφων
1605 1054 1726 1098 mimm-
1741 1053 1971 1107 «Εὐρύπυλος
1981 1054 2195 1096 Ποσειδωνος

1138 1133 1198 1155 και
1219 1117 1409 1159 Κελαινους
1427 1118 1488 1161 τῆς
1507 1112 1716 1160 Ἄτλαντος,
1742 1113 1918 1166 Ἰρίτωνος
1943 1112 2101 1165 ἀδελφός
2123 1106 2195 1151 Oi]-

1141 1191 1197 1220 τος
1213 1177 1322 1227 γαμεῖ
1350 1173 1534 1226 Στερόπην
1555 1172 1618 1219 τὴν
1644 1172 1789 1220 Tilion,
1811 1171 2004 1224 Πασιφάης
2030 1170 2196 1224 ἀδελφὴν,

1139 1235 1199 1273 καὶ
1232 1240 1338 1287 γεννᾷ
1369 1234 1498 1276 παῖδας
1534 1231 1593 1270 δύο
1625 1231 1791 1271 Λυκάονα
1829 1247 1888 1270 και
1920 1230 2137 1270 Λεύκιππον.
2177 1249 2192 1263 »

1139 1295 1282 1331 Eadem
1302 1295 1423 1330 Tzetz.
1442 1293 1492 1329 ad
1513 1295 1608 1340 Lyc.
1634 1291 1724 1330 886.

1651 1385 1688 1423 4.

1195 1464 1324 1502 Schol.
1346 1463 1474 1512 Apoll.
1493 1462 1565 1499 Rh.
1585 1464 1647 1507 IV,
1667 1460 1764 1497 1661
1792 1474 1800 1497 ε
1823 1459 2049 1512 Εὐρύπυλος,
2073 1460 2199 1497 Ποσει-

1145 1522 1250 1564 δῶνος
1271 1519 1342 1564 υἱὸς
1366 1519 1426 1557 καὶ
1448 1519 1640 1561 Κελαινοῦς
1659 1521 1718 1556 τοῦ
1737 1516 1949 1564 Ἄτλαντος,
1978 1515 2140 1568 βασιλεὺς
2161 1515 2199 1553 δὲ

1147 1578 1326 1632 Κυρήνης.
1350 1577 1542 1630 Φύλαρχος
1563 1575 1600 1615 δὲ
1619 1578 1652 1614 ἐν
1675 1576 1815 1629 ἑὸδόμῳ
1833 1575 1988 1629 Εὔρυτον
2010 1574 2113 1612 αὐτὸν
2134 1589 2201 1612 κα-

1142 1639 1215 1686 λεῖ,
1234 1637 1294 1676 καὶ
1312 1637 1459 1691 ἀδελφὸν
1482 1638 1587 1674 αὐτοῦ
1610 1635 1803 1689 ἀναγράφει
1822 1635 2005 1675 Λυκάονα.
2033 1632 2199 1671 Ἀκέσαν-

1145 1698 1224 1750 δρος
1243 1696 1280 1735 δὲ
1302 1698 1336 1735 ἐν
1353 1695 1483 1749 πρώτῳ
1509 1694 1600 1748 Περὶ
1625 1694 1789 1748 Κυρήνης
1815 1695 1890 1746 μετ’
1912 1692 2015 1732 αὐτὸν
2038 1694 2201 1745 βασιλεῦ’-

1145 1755 1205 1794 σαί
1232 1771 1317 1805 φησι
1343 1754 1478 1802 Λιὸύης
1509 1753 1675 1806 Κυρήνην
1694 1752 1757 1800 τὴν
1787 1752 1940 1806 Ὑψέως.
1974 1754 2029 1792 Cf.
2051 1754 2200 1791 Miiller.

1146 1818 1241 1853 Min.
1262 1829 1303 1865 p.
1329 1815 1422 1859 348,

1200 1960 1307 1996 Idem
1327 1959 1379 1995 ib.
1398 1960 1450 2005 ΙΙ,
1470 1958 1546 2007 498
1575 1972 1583 1994 :
1606 1956 1780 2009 Ἀκέστωρ
1806 1957 1901 2007 (leg.
1929 1957 2082 1993 videtur
2107 1954 2203 1994 Ἀκέ-

1150 2017 1317 2068 σανδρος)
1339 2015 1375 2054 δὲ
1395 2017 1430 2054 ἐν
1446 2018 1516 2059 τοῖς
1536 2014 1627 2068 Περὶ
1645 2014 1809 2067 Κυρήνης
1828 2015 1976 2067 ἱστορεῖ,
1993 2016 2039 2058 ὡς
2057 2015 2112 2052 ἐπ’
2131 2014 2202 2052 Εὐ-

1151 2075 1302 2130 ρυπύλου
1324 2074 1568 2126 βασιλεύοντος
1594 2073 1745 2121 Αιὸύης,
1767 2073 1834 2111 ὑπὸ
1851 2073 2066 2116 Ἀπόλλωνος
2085 2073 2203 2110 διακο·

1149 2133 1287 2186 μισθείη
1312 2135 1344 2177 ἐς
1364 2132 1501 2179 Λιὸύην
1531 2135 1553 2179 ἡ
1575 2131 1741 2184 Κυρήνη·
1770 2131 1906 2175 λέοντος
1935 2131 1971 2169 δὲ
1996 2130 2059 2177 τὴν
2081 2130 2202 2183 χώραν

1148 2191 1427 2244 λυμαινομένου,
1462 2190 1605 2244 προθείη
1636 2189 1698 2237 τὴν
1733 2190 1915 2243 βασιλείαν
1949 2193 1967 2228 ὁ
2000 2190 2206 2242 Εὐρύπυλος

1152 2246 1254 2291 ἆθλον
1277 2253 1327 2304 τῷ
1350 2252 1598 2289 ἀποκτενοῦντι
1614 2249 1672 2288 τὸν
1689 2249 1828 2289 λέοντα.
1854 2248 1931 2296 Τὴν
1949 2248 1985 2288 δὲ
2014 2247 2208 2300 διαχρήσα-

1151 2313 1230 2347 σθαι
1249 2308 1369 2359 αὐτὸν,
1389 2308 1450 2346 καὶ
1466 2307 1528 2354 τὴν
1547 2307 1728 2360 βασιλείαν
1744 2308 1879 2347 λαὸεῒν.
1892 2308 2031 2351 Παῖδας
2046 2307 2082 2345 δὲ
2099 2308 2206 2352 αὐτῆς

1150 2368 1311 2419 γενέσθαι
1329 2368 1509 2419 Αὐτοῧχον
1525 2366 1586 2405 καὶ
1607 2367 1818 2419 Ἀρισταῖον.
1834 2371 1934 2405 Num
1952 2375 2057 2405 recte
2077 2366 2205 2413 conje-

1152 2430 1269 2465 cerim
1287 2441 1360 2477 pro
1377 2425 1551 2478 Ἀκέστωρ
1571 2428 1836 2477 reponendum
1855 2440 1933 2464 esse
1950 2425 2178 2477 Ἀκέσανδρος
2193 2454 2204 2472 ,

1155 2496 1196 2523 tu
1211 2487 1352 2523 videas.
1376 2487 1548 2534 Cogitari
1564 2487 1679 2523 etiam
1697 2488 1818 2536 possit
1835 2486 1881 2523 de
1895 2485 2133 2523 Acestodoro
2149 2484 2209 2520 vel

1151 2597 1266 2638 genitae
1282 2597 1365 2629 filius
1375 2620 1383 2635 ,
1404 2597 1567 2637 fraterque
1583 2597 1722 2628 Tritonis
1738 2598 1795 2628 est.
1809 2598 1839 2629 Is
1852 2604 1987 2628 uxorem
2001 2594 2091 2626 ducit
2101 2595 2208 2626 Stero-

1152 2657 1232 2690 pen,
1252 2648 1334 2681 Solis
1351 2649 1449 2680 filiam
1460 2672 1469 2688 ‚
1489 2648 1659 2689 Pasiphaes
1675 2657 1818 2680 sororem
1829 2673 1838 2687 ‚
1856 2656 1895 2680 ex
1918 2655 2020 2688 eaque
2036 2645 2118 2678 duos
2135 2653 2208 2685 pre-

1154 2705 1241 2733 creat
1260 2701 1358 2738 filios,
1375 2703 1555 2741 Lycaonem
1565 2702 1597 2733 et
1613 2700 1824 2741 Leucippum.
1839 2713 1853 2727 »

1659 2790 1694 2821 4.

1196 2846 1376 2887 Eurypylus
1389 2869 1397 2884 ,
1411 2845 1549 2885 Neptuni
1565 2845 1584 2876 f.
1601 2846 1633 2876 et
1647 2845 1795 2876 celaenus
1815 2844 1942 2876 Atlante
1958 2844 2061 2883 natae,
2076 2851 2134 2874 rex
2150 2843 2212 2882 Cy-

1155 2906 1251 2930 renae.
1269 2897 1562 2939 Phylarchuslibro
1580 2896 1717 2936 septimo
1734 2898 1892 2936 Eurytum
1909 2896 2047 2936 appellat
2063 2895 2210 2926 fratrem-

1155 2960 1219 2992 que
1232 2951 1300 2991 ejus
1314 2953 1496 2991 Lycaonem
1523 2949 1644 2981 scribit.
1663 2949 1843 2981 Acesander
1856 2958 1933 2981 vero
1946 2949 2029 2980 libro
2045 2948 2148 2989 primo
2167 2948 2211 2978 De

1156 3005 1280 3043 Cyrene
1295 3002 1340 3034 ait
1354 3004 1424 3042 post
1436 3001 1635 3041 Eurypylum
1651 3010 1784 3040 regnum
1800 3001 1906 3041 Libyae
1918 3001 2058 3033 tenuisse
2067 3002 2212 3039 Cyrenen

1157 3053 1255 3085 filiam
1277 3053 1404 3094 Hypsei.

1201 3166 1331 3195 Acestor
1351 3163 1383 3194 in
1401 3162 1489 3194 libris
1516 3165 1561 3199 De
1579 3165 1705 3203 Cyrene
1726 3163 1853 3203 narrat,
1878 3162 2038 3202 Eurypylo
2063 3161 2095 3191 in
2114 3160 2211 3199 Libya

1163 3218 1334 3256 regnante,
1355 3217 1504 3255 Cyrenen
1521 3215 1562 3246 ab
1581 3215 1728 3256 Apolline
1751 3215 1783 3246 in
1810 3215 1942 3255 Libyam
1962 3213 2209 3253 transportatam

1159 3277 1236 3300 esse.
1251 3269 1290 3299 Et
1306 3276 1408 3307 quum
1421 3268 1541 3299 terram
1551 3267 1602 3299 leo
1619 3266 1802 3307 infestaret,
1819 3266 2019 3307 Eurypylum
2034 3265 2062 3297 ei
2079 3263 2134 3304 qui
2151 3264 2210 3295 leo-

1160 3329 1234 3351 nem
1262 3320 1488 3351 interfecturus
1509 3319 1609 3359 esset,
1635 3327 1770 3359 regnum
1800 3319 1969 3359 proemium
1996 3317 2206 3357 proposuisse.

1171 3371 1332 3403 occidisse
1346 3379 1420 3402 eum
1441 3372 1587 3410 Cyrenen
1600 3371 1697 3410 atque
1709 3369 1755 3401 sic
1772 3378 1904 3410 regnum
1928 3368 2095 3408 accepisse.
2114 3366 2209 3398 Filios

1161 3423 1229 3463 ejus
1249 3432 1316 3455 esse
1331 3423 1514 3456 Autuchum
1531 3424 1563 3454 et
1580 3422 1763 3455 Aristaeum.
