2372 3704
1004 188 1334 230 FRAGMENTA.
1350 161 1354 170 ’

570 270 653 312 ’16.

152 344 259 380 Idem
282 340 475 387 tmere«,
503 340 606 392 κώμη
626 343 660 380 ἐν
684 343 734 394 τῷ
763 341 931 394 μεσογείῳ
951 346 1012 391 τῆς
1030 344 1144 382 εὐδαί-

98 414 200 450 μονος
218 398 394 452 Ἀραὸίας.
416 399 586 451 Οὖρᾶνιος
604 399 797 452 Ἀραὸικῶν
813 400 929 453 τρίτῃ.

591 483 651 517 17.

149 538 256 575 Idem
270 549 280 576 ε
295 537 469 587 Θαμουδᾶ
480 566 490 585 ,
507 536 721 576 Ναὸαταίων
734 536 856 589 γείτων
872 539 940 576 τῶν
955 537 1139 590 Ἀραδίων.

97 593 266 647 Οὖροίνιος
286 593 479 646 Ἀραὸικῶν
502 593 616 647 τρίτῃ.
636 594 680 634 Ὁ
697 594 848 648 οἰκήτωρ
869 596 1112 647 Θαμουδηνός.

591 665 652 703 18.

147 734 255 771 Idem
277 747 286 770 :
310 732 543 783 Κεὸρανῑται,
563 732 655 778 ἔθνος
670 736 731 780 τῆς
746 733 946 784 εὐδαίμονος
962 734 1139 788 Ἀραὸίας.

92 791 263 844 Οὖράνιος
282 791 474 844 Ἀραὸικῶν
489 791 609 845 τρίτῳ.

589 870 649 906 19.

146 926 253 962 Idem
273 939 282 962 :
309 925 500 978 Τάρφαρα,
523 925 729 979 οὐδετέρως,
751 925 849 970 πόλις
864 927 925 972 τῆς
944 926 1143 977 εὐδαίμονος

93 982 270 1035 Ἀραὸίας.
292 982 497 1036 εΟ-ττολίτης
517 984 768 1037 Ταρφαρηνὸς,
787 986 834 1028 ὥς
861 984 980 1038 Ζόαρα
1000 988 1142 1036 Ζοαρη-

93 1040 168 1088 νὸς,
201 1040 330 1094 Αὔαρα
366 1042 562 1093 Αὖαρηνὸς,
601 1045 647 1086 ὡς
683 1042 853 1096 Οὖράνιος
881 1045 916 1081 ἐν
948 1043 1140 1095 Ἀραὸικῶν

91 1099 213 1152 τρίτῳ.

195 1205 198 1209 .
587 1167 651 1193 20.

144 1222 251 1258 Idem
279 1234 288 1258 :
312 1212 449 1273 Σῆρες
464 1220 556 1265 ἔθνος
581 1221 739 1269 Ἰνδικὸν,
767 1221 978 1274 ἀπροσμιγὲς
1009 1221 1141 1275 ἀνθρώ-

93 1292 186 1326 ποις,
204 1280 250 1322 ὥς
263 1278 485 1332 Οὐράνιος“ἐν
506 1279 612 1333 τρίτῳ
630 1279 840 1332 Ἀραὸικῶν.

558 1363 608 1387 2ο
638 1363 672 1390 a.

144 1419 292 1469 Tzetzes
322 1420 418 1458 Hist.
444 1421 530 1464 VII,
565 1420 640 1465 730
663 1431 672 1457 :

173 1498 322 1539 Οὐράνιος
335 1499 366 1531 ἐν
375 1499 469 1541 τρίτῳ
482 1500 514 1531 δὲ
527 1499 696 1541 Ἀραὸικῶν
709 1511 771 1532 που
787 1500 868 1541 λέγει

175 1545 252 1577 εἶναι
266 1544 416 1586 καλάμων
431 1546 510 1586 ἱερὸν
527 1546 620 1582 ἄλσος
634 1547 664 1578 ἐν
674 1546 799 1588 Ἀραὸίᾳ
810 1571 819 1586 ,

173 1591 204 1623 ἐν
215 1591 260 1628 οἷς
270 1591 421 1632 καλάμοις
438 1592 589 1624 θάπτουσι
609 1592 719 1633 μόνους
730 1593 799 1629 τοὺς
817 1593 962 1634 βασιλέας
974 1618 983 1634 ,

172 1638 322 1678 γυναῖκάς
331 1648 364 1670 τε
377 1639 431 1669 καὶ
450 1638 597 1680 ἀδελφοὺς
607 1640 659 1670 καὶ
673 1640 758 1676 υἱέας
774 1640 905 1680 τούτων,

173 1685 264 1717 ἄλλον
278 1685 346 1716 τινὰ
362 1685 394 1716 δὲ
411 1684 566 1726 οὐδαμῶς.
590 1686 628 1717 Ἡ
644 1686 677 1718 δὲ
686 1688 767 1726 ταφὴ
781 1685 900 1717 τοιάδε·

174 1731 205 1763 ἓν
217 1731 291 1772 γόνυ
302 1743 331 1763 τι
354 1732 549 1768 κοιλάναντες
570 1732 613 1764 ὧν
628 1733 741 1774 ἔφημεν
755 1733 917 1774 καλάμων,

172 1779 202 1815 ἐς
215 1781 306 1810 τοῦτο
322 1779 419 1815 θέντες
431 1779 484 1810 τὸν
499 1779 606 1820 νεκρὸν
619 1781 671 1811 καὶ
685 1780 847 1821 χρίσαντες
861 1781 892 1811 δὲ
907 1780 994 1822 μύρῳ
1005 1804 1014 1820 ,

174 1827 228 1856 τὸν
247 1825 388 1867 κάλαμον
406 1826 448 1866 μή
458 1825 627 1866 κόψαντες,
645 1826 735 1858 πάλιν
746 1827 820 1858 ἐῶσι
837 1827 931 1867 φύειν.

391 1904 421 1938 Ε
449 1903 599 1939 LIBRO
619 1904 836 1950 QUARTO.

586 1991 648 2016 21.

145 2047 253 2083 Idem
272 2058 281 2084 :
305 2045 468 2097 Ἀκχηνοὶ
480 2074 491 2092 ,
510 2045 602 2089 ἔθνος
618 2046 791 2098 Ἀράὸιον,
811 2048 856 2090 ὡς
871 2046 1040 2099 Οὖράνιός
1058 2063 1142 2100 φησι

91 2103 259 2156 τετάρτῃ,
276 2103 333 2142 ἐπὶ
353 2107 403 2156 τῷ
420 2103 539 2156 αὐχένι
558 2108 621 2151 τ’ῆς
641 2105 810 2157 Ἐρυθρᾶς
830 2106 1021 2152 θαλάσσης.

2171 207 2246 242 525

1694 297 1756 322 22.

1258 353 1364 389 Idem
1394 365 1403 391 ε
1436 352 1660 404 Ἐδουμαῒοι,
1687 356 1779 400 ἔθνος
1805 357 1978 410 Ἀράὸιον,
2004 363 2050 404 ὡς
2076 361 2247 413 Οὐράνιος

1207 409 1281 458 (sic
1296 412 1464 447 Holsten.
1483 425 1555 460 pro
1572 426 1634 462 vg.
1656 415 1702 457 ὡς
1728 413 1888 466 Σούνιος)
1916 418 1950 454 ἐν
1971 417 2162 469 Ἀραὸικῶν
2191 435 2249 458 τε·

1204 465 1332 519 τάρτῳ.
1347 467 1446 512 Τινὲς
1461 467 1496 507 δὲ
1516 469 1573 507 διὰ
1589 474 1649 508 τοῦ
1668 486 1678 508 ι
1694 471 1900 525 γράφουσιν,
1929 477 1975 519 ὡς
1993 476 2170 528 εἰρήσεταί
2190 493 2248 528 μοι

1204 526 1239 563 ἐν
1255 528 1304 578 τῷ
1324 541 1348 563 ι.

1692 589 1755 628 23.

1255 655 1363 692 Idem
1402 668 1411 695 :
1443 654 1601 706 Ὄὸοδα,
1644 658 1773 710 χωρίον
1807 659 2045 706 Ναὸαταίων,
2081 662 2248 712 Οὔράνιος

1203 709 1396 759 Ἀραὸικῶν
1411 715 1588 766 τετάρτῳ,
1609 714 1695 753 ὅπου
1714 715 1866 764 Ὀὅόδης
1885 720 1902 755 ὁ
1921 716 2083 769 βασιλεὺς
2095 748 2105 765 ,
2125 718 2162 756 ὃν
2176 723 2248 758 θεο-

1202 775 1357 821 ποιοῦσι,
1381 773 1561 812 τέθαπται.
1588 774 1640 814 Τὸ
1666 774 1795 813 ε’θνικὸν
1829 775 2038 824 Ὀὅοδηνὸς,
2061 778 2107 820 ὣς
2128 780 2250 829 Δαχα-

1204 829 1315 883 ρηνός.

1507 921 1537 958 Ε
1560 921 1710 961 LIBRO
1740 922 1928 969 QUINTO

1695 1013 1758 1052 24.

1255 1081 1363 1119 Idem
1385 1095 1393 1117 :
1415 1079 1553 1129 Μωθὼ,
1576 1081 1679 1131 κώμη
1700 1082 1879 1135 Ἀραὸίας,
1899 1084 1933 1121 ἐν
1953 1078 1978 1136 ᾗ
1997 1082 2113 1122 ἔθανεν
2130 1084 2245 1124 Ἀντί-

1203 1152 1300 1188 γονος
1334 1141 1352 1176 ὁ
1382 1139 1556 1178 Μακεδὼν
1592 1140 1659 1178 ὑπὸ
1688 1139 1857 1179 Ῥαὸίλου
1887 1145 1948 1179 τοῦ
1982 1142 2154 1193 βασιλέως
2180 1145 2248 1181 τῶν

1202 1194 1390 1247 Ἀραδίων,
1408 1199 1454 1240 ὡς
1472 1196 1643 1249 Οὖράνιος
1662 1199 1695 1235 ἐν
1711 1197 1880 1251 πέμπτῳ·
1896 1198 1917 1237 δ’
1933 1201 2006 1237 ἐστι
2026 1203 2068 1253 τῇ
2089 1200 2249 1252 Ἀρᾶὅων

1203 1257 1300 1307 φωνῇ
1320 1254 1424 1298 τόπος
1445 1256 1607 1295 θανάτου.
1632 1257 1678 1295 Οἱ
1700 1248 1867 1306 κωμῆται
1887 1258 2053 1304 Μωθηνοὶ
2074 1258 2165 1297 κατὰ
2190 1259 2248 1297 τὸν

1203 1311 1369 1364 ἐγχώριον
1397 1312 1519 1352 τύπον.
1554 1317 1743 1352 Hariolari
1769 1323 1902 1352 auctor
1933 1318 2095 1356 videtur.
2115 1318 2249 1367 Cogita

1203 1371 1251 1407 de
1270 1371 1488 1408 Alexandro
1517 1375 1626 1419 Bala,
1643 1375 1815 1410 aZabelo
1829 1375 1955 1411 Arabe
1968 1375 2186 1423 interfecto,
2204 1383 2249 1412 ut

1201 1438 1428 1467 monuerunt
1446 1432 1683 1481 interpretes,

1478 1552 1508 1586 E
1536 1552 1698 1588 LIBRIS
1726 1553 1965 1590 INCERTIS.

1692 1642 1756 1680 25.

1255 1718 1362 1755 Idem
1384 1730 1393 1756 :
1420 1717 1571 1770 Βραχία.
1591 1717 1715 1762 Οὕτως
1734 1721 1756 1765 ἡ
1769 1717 1939 1770 Ἀραὸικὴ
1955 1718 2114 1756 θάλασσα
2131 1719 2248 1757 καλεῖ-

1201 1791 1272 1815 ται.
1294 1775 1452 1823 Ἐκλήθη
1474 1776 1509 1813 δὲ
1531 1775 1587 1814 διὰ
1607 1776 1645 1815 τὸ
1669 1779 1704 1815 ἐν
1730 1777 1817 1829 αὐτῇ
1836 1776 1954 1829 βράχη
1973 1771 2061 1814 εἶναι
2083 1777 2246 1816 πλεῖστα.

1201 1831 1323 1872 Ἔστιν
1344 1828 1401 1872 οῧν
1430 1833 1529 1886 παρὰ
1549 1834 1589 1873 τὸ
1611 1835 1753 1887 βράχος.
1782 1834 1836 1874 Τὸ
1865 1834 2004 1873 τοπικὸν
2031 1835 2246 1888 Βραχιάτης.

1202 1893 1373 1945 Οὐράνιος
1392 1892 1427 1931 δὲ
1447 1893 1665 1946 Βραχιηνοὺς
1687 1893 1808 1938 αὐτοὺς
1822 1893 1900 1946 ἔφη.

1687 1976 1751 2013 26.

1254 2049 1361 2085 Idem
1397 2061 1406 2087 z
1434 2047 1620 2098 Κάρνανα,
1647 2048 1746 2091 πόλις
1773 2048 1933 2087 Μιναίων
1962 2048 2075 2091 ἔθνους
2098 2046 2247 2095 πλησίον

1202 2105 1375 2158 Ἐρυθρᾶς
1400 2106 1590 2152 θαλάσσης.
1614 2108 1661 2145 Οἱ
1688 2107 1828 2144 πολῖται
1849 2108 2092 2157 Καρνανᾶται.
2121 2104 2247 2158 Οὐρά-

114 2187 2231 2206 —————,.-—-——-————-.——-—-—-„—

587 2218 644 2251 16.

133 2272 251 2304 Zabida
262 2296 271 2312 ,
290 2273 381 2305 vicus
405 2273 438 2305 in
461 2273 700 2322 mediterraneis
715 2273 840 2306 Arabiae
858 2273 982 2306 Felicis.
999 2273 1138 2306 Uranius

89 2325 184 2357 tertio
196 2324 417 2358 Arabicorum.
589 2370 631 2403 ¹7

130 2429 296 2462 Thamuda
310 2454 319 2470 ,
341 2430 466 2471 (regio)
495 2430 655 2463 Nabataeis
681 2430 786 2462 vicina
811 2429 979 2463 Arabibus.
999 2430 1137 2462 Uranius

88 2481 184 2514 tertio
197 2482 417 2514 Arabicorum.
438 2483 544 2515 Incola
560 2483 799 2515 Thamudenus.

585 2544 642 2577 18.

131 2602 329 2645 Cebranitae,
357 2613 432 2645 gens
456 2604 580 2637 Arabiae
604 2604 727 2638 Felicis.
755 2605 892 2638 Uranius
925 2603 1135 2637 Arabicorum

88 2656 196 2688 tertio.

580 2701 623 2734 19
628 2726 636 2734 .

130 2755 294 2796 Tarphara
302 2780 311 2795 ‚
324 2757 439 2788 neutro
451 2765 576 2797 genere,
592 2757 670 2789 urbs
683 2757 808 2789 Arabiae
819 2756 943 2790 Felicis.
958 2756 1044 2789 Civis
1054 2758 1134 2789 Tar·

89 2806 259 2847 pharenus.
280 2808 417 2840 Uranius
428 2808 586 2841 Arabicon
598 2808 703 2840 tertio.

585 2871 645 2903 20.

132 2930 226 2961 Seres
234 2954 243 2968 ,
254 2929 446 2970 genslndica
454 2953 463 2970 ‚
472 2930 512 2962 ab
523 2926 659 2963 aliorum
672 2930 839 2963 hominum
847 2930 1005 2963 consortio
1016 2930 1136 2970 aliena,

90 2980 128 3012 ut
140 2980 276 3012 Uranius
287 2981 332 3013 ait
343 2981 425 3014 libro
438 2982 533 3014 tertio
550 2983 770 3015 Arabicorum.

561 3042 607 3074 20
627 3050 661 3075 a.

133 3099 271 3132 Uranius
281 3100 313 3132 in
326 3101 419 3133 tertio
429 3102 639 3134 Arabicorum
649 3102 851 3135 alicubidicit
864 3102 1058 3134 arundinum
1071 3111 1137 3134 esse

94 3151 130 3182 in
142 3151 256 3183 Arabia
266 3161 393 3184 sacrum
404 3154 527 3194 lucum,
540 3154 573 3185 in
582 3154 684 3195 iisque
696 3154 904 3186 arundinibus
917 3154 1001 3186 solos
1014 3154 1137 3194 sepeliri

91 3210 197 3242 reges,
211 3211 387 3244 eorumque
401 3213 518 3237 uxores
536 3206 568 3237 et
582 3206 712 3245 fratres,
727 3205 906 3245 horumque
922 3204 1020 3242 filios.
1037 3206 1137 3236 alium

94 3261 171 3284 vero
186 3254 359 3287 neminem.
377 3255 471 3287 Ratio
494 3256 663 3296 sepeliendi
679 3257 749 3288 haec
765 3258 821 3288 est.
840 3259 948 3288 Unum
970 3256 1136 3287 arundinis

92 3304 306 3337 internodium
324 3308 514 3339 excavantes
532 3307 565 3338 in
580 3307 613 3338 id
632 3307 768 3340 cadaver
797 3309 932 3339 unctum
950 3307 1136 3347 includunt,

91 3363 150 3387 nec
164 3357 291 3389 caedunt
308 3358 496 3391 arundinem
506 3382 515 3399 ‚
534 3359 588 3391 sed
605 3368 699 3401 perro
713 3368 854 3392 erescere
867 3359 989 3391 sinunt.

1696 2219 1755 2251 21.

1238 2283 1396 2323 Aeonem,
1414 2292 1490 2324 gens
1505 2283 1658 2324 Arabica,
1684 2285 1721 2316 ut
1738 2284 1874 2315 Uranius
1891 2283 1936 2316 ait
1950 2283 2033 2314 libro
2046 2282 2181 2323 quarto,
2205 2282 2247 2314 ad

1197 2336 1316 2368 collum
1336 2336 1433 2367 maris
1447 2335 1559 2367 Rubri.

1694 2386 1754 2418 22.

1241 2440 1388 2472 Edumaei
1397 2466 1406 2481 ,
1421 2450 1495 2482 gens
1504 2441 1635 2473 Arabica
1644 2465 1652 2480 ‚
1661 2443 1697 2472 ut
1706 2440 1842 2473 Uranius
1856 2440 1887 2471 in
1897 2439 2105 2472 Arabicorum
2116 2439 2241 2479 quarto.

1197 2492 1348 2525 Nonnulli
1358 2501 1414 2534 per
1428 2495 1440 2525 i
1456 2493 1599 2525 scribunt
1613 2492 1745 2524 Idumaei
1760 2516 1769 2532 ,
1782 2493 1816 2523 ut
1830 2491 1863 2522 in
1875 2491 1966 2522 litera
1978 2492 1990 2522 1
2008 2489 2201 2522 notabimus.

1690 2554 1748 2586 23.

1238 2614 1350 2646 Oboda
1362 2639 1372 2655 ‚
1389 2615 1480 2647 locus
1490 2614 1725 2646 Nabataeorum.
1738 2613 1878 2646 Uranius
1892 2611 2100 2644 Arabicorum
2114 2610 2243 2650 quarto.

1196 2666 1243 2698 lbi
1257 2665 1369 2698 Oboda
1385 2675 1439 2698 rex
1453 2690 1463 2706 ,
1480 2674 1576 2706 quem
1594 2674 1651 2706 pro
1664 2664 1723 2696 deo
1737 2664 1865 2704 colunt,
1888 2662 2031 2704 sepultus
2047 2663 2105 2694 est.
2121 2662 2246 2693 Gentiie

1196 2718 1382 2751 Obodenus.

1692 2762 1750 2794 24.

1239 2824 1348 2856 Motho
1359 2847 1367 2862 ‚
1381 2823 1470 2855 vicus
1481 2822 1606 2855 Arabiae
1615 2846 1623 2862 ,
1638 2822 1670 2853 in
1686 2830 1750 2862 qua
1763 2821 1910 2852 mortuus
1922 2822 1970 2852 est
1983 2819 2160 2860 Antigonus
2178 2820 2243 2850 Ma-

1197 2875 1276 2907 cedo
1299 2875 1517 2915 (Alexander
1541 2874 1679 2912 Balap)
1705 2881 1724 2904 a
1741 2872 1879 2912 Rabilo(
1896 2871 2075 2910 Zabelop)
2100 2870 2239 2902 Arabum

1197 2935 1270 2967 rege
1300 2926 1504 2965 interfectus,
1531 2926 1567 2956 ut
1597 2923 1734 2956 Uranius
1759 2923 1842 2954 libro
1869 2922 1995 2962 quinto.
2022 2923 2145 2954 Nomen
2165 2923 2243 2951 Ara-

1197 2980 1274 3011 bum
1290 2979 1396 3019 lingua
1406 2977 1561 3019 signifieat
1573 2977 1679 3015 locum
1693 2976 1815 3007 mortis.
1830 2975 1947 3015 Pagani
1964 2973 2104 3006 Motheni
2115 2982 2152 3005 ex
2168 2974 2243 3013 typo

1197 3030 1354 3071 indigena.

1689 3070 1747 3103 25.

1241 3133 1374 3166 Brachia
1390 3133 1522 3164 vocatur
1538 3132 1710 3164 Arabicum
1723 3139 1829 3169 mare,
1846 3129 1933 3171 quod
1945 3129 2047 3160 multa
2062 3127 2158 3159 habet
2172 3126 2242 3158 bre-

1198 3187 1266 3218 via.
1291 3185 1389 3225 Igitur
1413 3184 1596 3215 nominatur
1610 3192 1630 3214 a
1646 3191 1725 3214 voce
1742 3182 1869 3223 βράχοε,
1891 3181 2001 3212 breve.
2017 3179 2149 3217 Locale‚
2167 3179 2240 3209 Bra·

1198 3238 1329 3270 chiates.
1352 3237 1485 3269 Uranius
1501 3245 1578 3269 vero
1590 3236 1716 3268 accolas
1729 3234 1921 3267 Brachienos
1933 3233 2038 3265 vocat.

1695 3296 1753 3328 26.

1241 3359 1403 3397 Carnam,
1430 3356 1508 3389 urbs
1523 3356 1711 3389 Minaeorum
1729 3354 1830 3396 gentis
1853 3360 1951 3394 prope
1966 3350 2110 3384 Rubrum
2137 3355 2235 3379 mare.
