2326 3724
107 269 180 304 140

102 365 165 390 an.
207 351 276 397 481
313 350 503 402 (Placidio
541 351 622 386 solo
653 349 775 399 conS.)
805 364 812 386 :
844 349 1130 392 Theodoriclms,

106 410 246 447 Triarii
260 409 318 458 s.‚
346 423 414 446 rex
438 409 654 454 Gothorum,
689 411 842 445 adscitis
860 412 934 444 suis
953 421 1065 456 usque
1089 408 1142 443 ad

102 471 311 517 Aaaplum,
341 475 471 516 quarto
505 468 605 503 urbis
639 469 816 503 milliario
846 468 1016 510 advenic5
1049 467 1142 501 nulli

103 535 227 563 tamen
252 529 500 563 Romanorum
528 529 659 562 noxius
682 529 853 562 continuo
884 537 1044 560 reversus
1073 532 1139 562 est.

103 587 219 622 Porro
238 589 275 621 in
299 586 494 632 Ιίζγνίεωη
508 597 733 632 [ὶνο])εναη.,ς
762 585 850 619 dum
878 587 973 619 inter
996 595 1141 618 suorum

104 647 285 680 macentia
295 645 472 692 plaustra
482 655 584 691 prog
562 643 734 686 reditur,
749 644 911 688 sacentis
933 653 1044 689 super
1060 653 1142 675 car·

99 711 252 751 pentum
270 703 335 738 teli
353 704 524 736 acumine
541 709 579 735 et
589 704 820 748 patescentis
837 703 922 748 equi
937 703 993 734 sui
1015 700 1144 746 impul-

102 765 203 798 sione
220 762 330 810 fixus
361 761 740 809 transverberatas-que
770 762 917 797 Interiit.
947 758 1004 798 Cf.
1030 759 1143 794 Tille-

103 827 224 859 mont.
243 821 318 864 VI,
342 831 384 868 p.
413 822 502 867 499.
527 817 616 855 505.

158 877 253 926 Cap.
282 876 347 916 26.
373 874 476 914 Μετὰ
493 873 528 911 δὲ
549 876 660 911 ταῦτα
686 873 868 925 διενεχθεὶς
885 872 969 925 πρὸς
998 871 1143 919 Ζήνωνα

106 933 330 987 Μαρκιανὸς,
349 933 432 976 παῖς
458 931 520 982 μὲν
540 930 717 981 Ἀνθεμίου
736 934 795 968 τοῦ
813 929 956 979 Ῥώμης
984 929 1144 982 βασιλεύ-

106 1008 247 1039 σαντος,
262 992 365 1038 κῆδος
381 990 415 1028 δὲ
431 990 516 1042 πρὸς
536 989 667 1028 Λέοντα
689 988 747 1026 τὸν
765 988 1039 1040 βεὸασιλευκότα
1056 988 1145 1040 πρό-

105 1066 202 1103 τερον
236 1047 416 1102 ἐσχηκὼς,
447 1047 524 1086 ἐπεὶ
551 1046 613 1093 τὴν
642 1046 811 1098 νεωτέραν
841 1047 945 1084 αὐτοῦ
975 1045 1145 1099 θυγατέρα

106 1107 274 1147 Λεοντίαν
298 1105 507 1158 ἐσῳκίσατο,
535 1110 712 1157 τυραννεῖν
741 1106 919 1156 ἐπειρᾶτο·
949 1104 1008 1142 καὶ
1032 1104 1147 1156 μάχης

107 1167 252 1217 ἰσχυρᾶς
280 1164 360 1217 περὶ
389 1163 433 1202 τὰ
466 1163 625 1215 βασίλεια
655 1163 884 1215 συρραγείσης
915 1161 975 1201 καὶ
1009 1163 1145 1200 πολλῶν

107 1222 319 1275 ἑκατέρωθεν
333 1221 582 1269 πεπτωκότων,
600 1220 718 1274 τρέπει
731 1220 809 1264 τοὺς
829 1219 1000 1264 ἐναντίους
1013 1223 1031 1259 6
1044 1223 1147 1274 Μαρ-

106 1281 240 1330 κιανὸς,
258 1279 401 1319 καὶτῶν
424 1279 609 1332 βασιλείων
630 1278 799 1332 ἐγκρατὴς
817 1279 954 1331 γέγονεν
979 1278 1032 1327 ἂν,
1050 1282 1079 1318 εἷ
1100 1279 1148 1330 μὴ

106 1339 165 1378 τὸν
181 1339 300 1392 καιρὸν
325 1341 499 1392 παρῆκεν,
526 1340 559 1383 ἐς
585 1337 702 1390 αὔριον
722 1337 785 1385 τὴν
804 1338 927 1391 πρᾶξιν
953 1339 1150 1377 ἀναὸαλλό-

108 1411 227 1449 μενος·
256 1396 422 1443 ὅξυπετὴς
441 1396 507 1449 γὰρ
535 1399 553 1434 6
581 1395 716 1448 καιρὸς,
741 1395 800 1434 καὶ
824 1396 922 1449 παρὰ
949 1396 1057 1440 πόδας
1087 1396 1148 1448 μὲν

107 1456 167 1495 ἷὼν
188 1456 269 1500 ἴσως
288 1455 486 1494 ἁλίσκεται·
504 1453 591 1493 ἐπὰν
611 1454 647 1492 δὲ
663 1455 726 1501 τὴν
744 1454 857 1502 λαὸἡν
874 1455 1071 1508 διαδράσοι,
1087 1470 1148 1505 με·

106 1515 333 1568 τεωροπορεῒ,
361 1515 447 1567 γελᾶ
476 1529 514 1551 τε
543 1513 620 1556 τοὺς
651 1513 890 1562 διώκοντας,’
875 1513 1010 1566 εφικτὸς
1037 1516 1150 1557 αὐτοῖς

106 1574 226 1612 λοιπὸν
246 1574 308 1611 οὐκ
327 1572 535 1624 ἀνεχόμενος
555 1575 662 1609 εἶναι·
691 1571 765 1609 ὅθεν
799 1571 920 1622 ἀμέλει
945 1573 976 1610 οἱ
996 1571 1151 1610 πλάσται

106 1647 167 1669 και
195 1630 370 1683 ζωγράφοι
398 1629 509 1679 κόμην
539 1628 731 1682 ἔμπροσθεν
758 1629 898 1668 καθέντε
886 1646 918 1673 ες
946 1631 1040 1682 αὐτῷ
1054 1629 1149 1680 ,τὴν

107 1689 261 1743 κεφαλὴν
287 1689 426 1727 ὄπισθεν
447 1689 480 1726 ἐν
500 1691 575 1741 χρῷ
596 1687 752 1741 ξυρῶσιν·
781 1683 819 1726 ⁵3
846 1689 943 1739 μάλα
963 1692 1075 1742 σοφῶς
1096 1691 1150 1727 αἷ-

107 1747 298 1798 νιττόμενοι
318 1750 363 1790 ὡς
383 1746 589 1790 ὀπισθόπους
607 1746 669 1797 μὲν
694 1747 874 1798 τυγχάνων
891 1749 940 1799 τῷ
957 1746 1150 1800 καθειμένῳ

108 1809 170 1854 τῆς
186 1806 296 1858 κόμης
318 1806 400 1849 ἴσως
422 1806 619 1858 κρατεῖται,
637 1805 898 1858 ἔμπροσθόπους
920 1805 953 1843 δὲ
971 1806 1155 1856 γενόμενος

107 1865 223 1914 τέλεον
242 1864 434 1918 διαφεύγει,
446 1865 508 1901 οὔκ
526 1863 615 1915 ἔχων
627 1861 695 1916 ὅτῳ
709 1863 896 1916 κρατηθείη
913 1866 962 1915 τῷ
974 1863 1151 1904 διώκοντι.

108 1922 228 1976 Ὅπερ
243 1923 304 1962 καὶ
320 1923 377 1961 ἐπὶ
394 1924 588 1975 Μαρκιανῷ
605 1921 741 1973 γέγονε,
759 1922 816 1961 τὸν
835 1921 898 1973 μὲν
914 1922 1048 1961 εὔθετον
1060 1924 1154 1976 αὐτῷ

110 1982 230 2035 καιρὸν
249 1981 482 2055 ἀπολέραντι,
499 1980 645 2033 ἐξευρεῖν
663 1980 700 2019 δὲ
719 1985 837 2019 τοῦτον
853 1980 972 2019 λοιπὸν
993 1982 1031 2020 οὖ
1053 1982 1155 2028 δυνη-

108 2041 212 2082 θέντι.
235 2039 345 2081 Ἀνὰ
333 2039 401 2093 (ὰρ
420 2038 485 2086 τὴν
505 2038 582 2086 ἑξῆς
599 2038 683 2092 πρὸς
699 2055 767 2078 των
787 2040 920 2079 οἰκείων
940 2041 1156 2092 καταπροδο-

111 2100 198 2148 θεις,
227 2099 287 2138 καὶ
308 2099 409 2162 μόνος
439 2098 650 2151 ἀποληφθεὶς
672 2098 841 2151 πέφευγεν
863 2098 929 2136 ἀνὰ
956 2098 995 2136 τὸ
1016 2098 1156 2148 τέμενος

109 2160 177 2196 τῶν
199 2158 305 2210 ἁγίων
315 2148 548 2195 ἀποστόλων·
578 2156 703 2195 ἐκεῖθέν
731 2173 768 2195 τε
796 2156 880 2209 πρὸς
901 2156 978 2209 βίας
1007 2158 1071 2210 ἀφε
1058 2159 1157 2195 ελκυ·

153 2270 232 2302 Post
246 2269 317 2300 haec
333 2268 526 2306 Marcianus,
542 2268 626 2300 silius
639 2268 800 2300 Anthemii
824 2268 892 2308 ejus
911 2268 967 2309 qui
979 2268 1157 2300 Romaeim·

111 2320 253 2361 peravit,
270 2319 374 2351 affinis
388 2320 496 2350 autem
511 2319 637 2359 Leonis,
654 2319 795 2360 quiante
811 2322 971 2352 Zenonem
985 2320 1155 2360 imperium

111 2372 238 2403 rexerat
248 2395 258 2410 ‚
274 2369 365 2410 cnjus
388 2370 485 2402 etiam
499 2370 597 2402 filiam
613 2372 690 2402 natu
704 2372 861 2403 minorem
875 2395 884 2411 ‚
907 2372 1074 2403 Leontiam
1095 2380 1155 2403 no·

114 2423 221 2462 mine,
240 2430 374 2453 uxorem
400 2421 557 2461 duxerat,
586 2430 605 2453 a
623 2424 750 2454 Zenone
771 2422 937 2462 dissidens,
954 2422 1158 2463 tyrannidem

112 2474 253 2514 arripere
266 2474 400 2504 conatus
413 2473 472 2504 est.
487 2472 732 2513 Commissaque
754 2473 844 2514 gravi
859 2482 966 2514 pugna
980 2475 1064 2505 circa
1077 2474 1159 2514 pala-

111 2524 213 2564 tium,
232 2524 431 2566 etplurimis
451 2524 644 2563 ex0utraque
657 2525 746 2564 parte
768 2525 875 2563 caesis,
903 2525 1088 2557 Marcianus
1102 2525 1160 2556 ad-

113 2577 273 2608 versarios
285 2575 318 2608 in
337 2576 446 2616 fugam
461 2575 570 2607 vertit.
589 2575 775 2615 Eodemque
793 2576 916 2615 impetu
938 2576 1092 2616 palatium
1108 2585 1160 2608 oc-

115 2628 313 2669 cupavisset,
331 2619 405 2666 nisi,
423 2635 458 2658 re
471 2627 505 2658 in
519 2626 694 2658 crastinum
707 2627 791 2658 diem
808 2627 923 2667 dilata,
941 2628 1159 2668 opportunita-

113 2682 216 2724 temqe
234 2679 382 2711 manibus
398 2678 482 2710 elabi
494 2678 631 2710 sivisset.
674 2678 824 2710 volucris
844 2678 928 2710 enim
953 2680 1002 2710 est
1023 2680 1158 2711 occasio.

115 2733 157 2764 Et
170 2731 249 2763 dum
266 2730 306 2762 ad
325 2729 422 2772 pedes
433 2729 563 2769 quidem
581 2728 727 2769 advolat,
749 2729 879 2761 forsitan
896 2730 1088 2770 apprehendi
1101 2739 1159 2771 po-

114 2785 198 2825 test;
216 2783 272 2815 ubi
284 2791 360 2815 vero
373 2790 489 2814 manus
510 2782 674 2822 effugerit,
688 2782 722 2813 in
733 2781 868 2814 sublime
877 2783 1002 2822 avolat,
1017 2782 1161 2823 ridetque

117 2845 171 2868 eos
186 2834 240 2875 qui
263 2834 364 2875 ipsam
390 2833 616 2873 insequuntur,
639 2841 699 2865 nec
717 2833 855 2874 amplius
880 2833 920 2865 ad
936 2842 990 2866 eos
1011 2833 1160 2865 advolare

116 2885 264 2918 sustinet.
283 2886 397 2924 ltaque
410 2883 548 2924 pictores
563 2883 596 2915 et
613 2883 761 2914 statuarii
777 2891 903 2914 comam
915 2883 944 2914 ei
957 2891 975 2914 a
991 2882 1095 2915 fronte
1110 2882 1159 2914 di·

118 2936 272 2977 mittunt,
285 2938 318 2970 et
335 2934 519 2977 occipitium
533 2936 574 2967 ad
584 2937 691 2968 cutem
705 2944 808 2977 usque
823 2935 942 2968 radunt
957 2948 965 2968 z
986 2935 1161 2977 prudenter

119 2989 296 3022 admodum
324 2987 579 3026 subindicantes,
611 2987 811 3019 occasionem
850 2987 1004 3028 quamdiu
1030 2987 1160 3028 quidem

120 3050 140 3074 a
160 3043 250 3080 tergo
271 3039 436 3079 Imminet,
454 3039 545 3070 coma
560 3039 696 3071 demissa
719 3039 811 3071 facile
837 3038 1031 3080 apprehendi
1051 3048 1160 3080 posse;

120 3091 249 3135 quando
273 3093 383 3123 autem
396 3091 568 3132 praecedit,
582 3092 710 3132 penitus
726 3092 883 3132 effugere,
897 3092 1019 3124 nullam
1037 3100 1160 3133 ansam,

120 3155 186 3187 qua
213 3144 372 3186 capiatur,
397 3144 593 3184 praebentem
616 3144 867 3185 insequentibus.
911 3144 1006 3182 Quod
1029 3145 1161 3186 quidem

121 3201 200 3231 tunc
215 3196 331 3229 accidit
341 3196 504 3229 Marciano
519 3205 528 3228 ι
545 3196 601 3237 qui
616 3205 717 3238 quum
730 3196 930 3229 occasionem
948 3196 1007 3237 ipsi
1022 3197 1162 3230 oblatam

123 3249 207 3283 elabi
222 3248 355 3284 sivisset,
369 3244 503 3280 eandem
516 3249 628 3288 postea
642 3257 834 3288 recuperare
856 3257 920 3281 non
936 3248 1051 3288 potuit.
1107 3251 1163 3281 Po-

122 3303 208 3334 stero
221 3300 307 3333 enirn
322 3298 375 3332 die
386 3308 406 3331 a
417 3299 482 3331 suis
506 3299 670 3340 proditus,
693 3301 726 3331 et
741 3301 827 3332 solus
843 3301 971 3332 relictus
981 3323 991 3339 ,
1022 3300 1164 3341 confugit

124 3352 164 3384 ad
189 3351 355 3384 basilicam
377 3351 562 3383 sanctorum
586 3350 815 3391 apostolorum.
836 3351 925 3383 Unde
948 3359 1003 3391 per
1026 3351 1092 3383 vim
1110 3361 1163 3384 ex·

123 3405 247 3436 tractus
275 3405 455 3435 Caesaream
482 3402 693 3443 Cappadociae
720 3403 888 3444 relegatur.
932 3402 980 3435 lbi
1008 3412 1107 3444 quum
1130 3413 1163 3437 se

126 3455 290 3488 monacbis
299 3454 489 3496 quibusdam
507 3454 752 3496 Qgrcgavisset,
766 3455 875 3496 postea
896 3455 1002 3496 sugam
1018 3455 1163 3489 meditari

820 259 1051 300 EUSTATH
1058 260 1094 298 11
1123 257 1273 297 EPIPH
1281 256 1514 298 ANIENSIS

1201 343 1301 392 σθεὶς,
1309 345 1354 388 εἷς
1362 345 1578 398 Καισάρειαν
1586 343 1686 383 πόλιν
1699 344 1757 395 (εἰς
1765 342 1803 383 τὸ
1815 344 2017 396 Παπουρίου
2027 344 2239 383 Καστέλλιον

1201 405 1394 455 Theoph.)
1413 406 1480 443 τῶν
1500 404 1748 442 Καππαδοκῶν
1766 402 1975 448 ἔξοικίζεται.
1997 402 2067 442 Καί
2085 418 2154 441 τισι
2173 419 2240 454 μο-

1201 469 1320 514 ναχοῖς
1338 463 1672 514 συναγελαζόμενος,
1697 461 1837 513 ὕστερον
1855 462 2016 514 ἐφωράθη
2036 462 2152 499 λαθεῖν
2169 461 2241 500 ἐθέ·

1203 521 1285 557 λων.
1311 522 1382 558 Καὶ
1400 519 1485 572 πρὸς
1505 523 1564 557 τοῦ
1587 518 1754 571 βασιλέως
1773 520 1820 562 εἷς
1839 518 1980 572 Ταρσὸν
2002 522 2063 566 τῆς
2085 518 2244 563 Κιλικίας

1203 577 1429 630 ἐκπεμφθεὶς,
1457 577 1518 616 καὶ
1548 576 1611 623 τὴν
1641 577 1753 628 κόμην
1783 577 1990 627 ἀποθέμενος
2015 577 2246 630 πρεσὸύτερος

1204 640 1464 688 χειροτονεῖται.
1486 633 1689 686 Γέγραπται
1706 637 1817 672 ταῦτα
1833 637 1975 688 κομψῶς
1996 635 2180 688 Εὗσταθίῳ
2195 637 2245 688 τῷ

1204 693 1322 746 Σύρῳ.
1358 695 1416 733 Cf.
1450 695 1698 743 Theophanes
1721 706 1758 742 p.
1793 693 1864 742 196
1900 706 1982 743 sq.;
2015 696 2083 743 qui
2110 696 2247 731 eodem

1204 753 1322 790 modo
1345 753 1424 791 haec
1449 760 1577 790 narrat
1601 759 1690 803 post
1709 759 1957 790 memoratam
1973 765 2105 791 necem
2128 755 2249 791 Theo-

1206 811 1365 850 derichi.

1708 903 1743 942 4.

1260 991 1370 1028 Idem
1387 991 1443 1030 ib.
1463 1004 1500 1029 c.
1521 1004 1570 1038 27
1590 1004 1599 1028 ι
1616 989 1661 1030 Ὁ
1684 991 1786 1033 αὐτὸς
1803 989 1927 1044 γράφει
1944 989 2001 1029 τὸν
2022 990 2169 1037 Ζήνωνα
2189 991 2250 1029 καὶ

1208 1048 1342 1101 Βηρίνῃ
1373 1052 1418 1101 τῇ
1443 1051 1592 1101 πενθερᾷ
1618 1047 1744 1102 μυρίας
1763 1048 1950 1091 ἐπιδουλὰς
1969 1048 2093 1102 ῥάψαι·
2111 1048 2199 1098 μετὰ
2215 1049 2251 1087 δὲ

1208 1111 1318 1146 ταῦτα
1331 1107 1485 1160 καὶπρὸς
1498 1106 1560 1154 τὴν
1574 1107 1728 1146 Κιλίκων
1743 1107 1921 1160 ἐκπέμψαι
1933 1109 2066 1160 χώραν.
2080 1106 2251 1160 ε’Υστερον

1210 1165 1246 1204 δὲ
1282 1166 1479 1215 μεταὸἧναι
1509 1165 1640 1212 ταύτην
1670 1165 1753 1218 πρὸς
1790 1166 1829 1204 τὸ
1860 1166 2037 1218 Παπιρίου
2068 1165 2252 1216 λεγόμενον

1209 1224 1382 1278 φρούριον,
1407 1223 1528 1264 Ἰλλου
1558 1225 1854 1276 τυραννήσαντος,
1884 1225 2000 1262 αὐτόθι
2027 1240 2064 1262 τε
2088 1224 2146 1263 τὸν
2180 1224 2252 1276 βίον

1212 1284 1379 1324 ἐκλιπεῖν.
1400 1283 1472 1323 Καὶ
1491 1282 1535 1321 τὰ
1555 1282 1647 1321 κατὰ
1666 1281 1806 1322 Ἴλλουν
1824 1281 1859 1320 δὲ
1876 1282 2000 1335 γράφει
2017 1283 2114 1334 μάλα
2132 1282 2255 1334 λογίως

1211 1344 1229 1379 6
1259 1341 1472 1392 Εὗστοίθιος,
1501 1340 1595 1386 ὅπως
1623 1341 1707 1394 πρὸς
1734 1345 1793 1380 τοῦ
1825 1341 1985 1387 Ζήνωνος
2018 1340 2255 1388 ἐπιδουληθεὶε

1211 1398 1368 1452 διέφυγε,
1399 1400 1459 1438 καὶ
1494 1400 1586 1443 ὅπως
1614 1402 1632 1438 ὃ
1661 1399 1782 1446 Ζήνων
1812 1399 1869 1437 τὸν
1902 1400 2101 1452 ἀποσφάξαι
2135 1402 2254 1438 τοῦτον

1211 1458 1453 1510 προσαχθέντα
1470 1460 1503 1502 ἐς
1520 1458 1665 1496 θάνατον
1687 1458 1874 1506 ἐκδέδωκε,
1901 1458 2022 1508 μισθὸν
2041 1462 2102 1506 τῆς
2121 1460 2255 1496 oiri-oru-

1212 1517 1292 1569 χίας
1307 1517 1369 1563 τὴν
1389 1519 1449 1564 τῆς
1468 1519 1621 1569 κεφαλῆς
1638 1515 1788 1567 ἐκτομὴν
1809 1518 1904 1569 αὐτῷ
1922 1517 2130 1570 παρασχών·
2144 1516 2182 1555 ὃν
2195 1516 2255 1555 καὶ

1213 1575 1405 1628 στρατηγὸν
1434 1578 1452 1614 6
1478 1575 1598 1622 Ζήνων
1617 1578 1685 1614 τῶν
1706 1573 1800 1612 ἑώων
1822 1574 2042 1612 ἀποδείκνυσι
2064 1574 2255 1625 δυνάμεων,

1212 1634 1251 1673 τὸ
1267 1636 1383 1672 λαθεῖν
1403 1634 1745 1695 πραγματευόμενος.
1765 1633 1810 1673 ‘O
1830 1633 1883 1681 δὲ,
1898 1633 2058 1673 Λεόντιον
2073 1649 2256 1687 προσεται-

1215 1692 1419 1745 ρισάμενος,
1440 1693 1589 1745 Μάρσον
1609 1709 1645 1731 τε
1665 1696 1736 1740 οὖν,
1757 1692 1864 1744 ἄνδρα
1886 1692 2038 1742 δόκιμον,
2063 1692 2123 1730 καὶ
2149 1694 2256 1742 Παμ-

1213 1752 1371 1803 πρέπιον,
1404 1751 1470 1790 ἀνὰ
1501 1750 1546 1789 τα
1574 1754 1634 1798 τ’ἧς
1663 1750 1751 1804 ἑώας
1781 1751 1899 1803 γέγονε
1912 1751 2039 1821 Νμέρη.
2075 1746 2163 1790 Εἶτα
2194 1730 2257 1796 τιῆν

1215 1810 1414 1848 Λεοντίου
1396 1809 1586 1862 ανάρρησιν
1605 1809 1667 1855 τὴν
1685 1811 1717 1853 ἐς
1732 1809 1871 1860 Ταρσὸν
1891 1825 1951 1856 της
1937 1807 2139 1852 ςΚιλικίας
2160 1823 2259 1858 γενο-

1217 1866 1334 1917 μένην·
1355 1866 1448 1911 ὅπως
1474 1883 1512 1905 τε
1539 1867 1600 1905 καὶ
1627 1870 1721 1906 οὗτοι
1746 1869 1807 1913 τ’ἧς
1833 1866 2028 1919 τυραννίδος
2049 1865 2256 1914 ἀπωναντο,

1215 1926 1428 1978 Θευδερίχου
1455 1925 1531 1964 κατ’
1557 1928 1670 1964 αὐτων
1691 1925 1966 1977 ἐκπεμφθέντος,
1989 1924 2110 1998 ἀνδρὸς
2130 1926 2158 1962 Γ
2159 1923 2258 1962 οτθου

1215 1983 1254 2022 τὸ
1271 1983 1365 2034 γένος
1384 1983 1623 2036 ὑπάρχοντος,
1640 1983 1736 2036 παρὰ
1752 1982 1940 2034 Ῥωμαίοις
1952 1997 1989 2021 τε
2007 1977 2051 2020 αυ
2065 1981 2256 2032 ἐπισήμου,

1218 2043 1292 2092 μεθ’
1304 2043 1489 2092 ἡμεδαπῆς
1501 2057 1539 2079 τε
1549 2041 1834 2084 καιάλλοδαποῧς
1848 2040 2034 2090 δυνάμεως.
2053 2039 2258 2093 Ἀναγράφει

1219 2099 1316 2150 μάλα
1333 2102 1445 2152 σοφῶς
1465 2102 1482 2138 6
1499 2099 1599 2143 αὐτὸς
1625 2100 1813 2143 Εὐστάθιος
1829 2098 1981 2145 καὶτοὺς
1998 2098 2155 2142 δειλαίως
2174 2101 2259 2150 ἀνῃ·

1220 2157 1386 2210 ρημένους
1405 2158 1490 2211 πρὸς
1509 2158 1666 2205 Ζήνωνος
1684 2158 1759 2196 ἀντὶ
1784 2161 1845 2204 τῆς
1862 2159 1894 2202 ἐς
1911 2157 2011 2195 αὐτὸν
2031 2157 2180 2201 εὐνοίας·
2199 2156 2260 2194 καὶ

1219 2268 1435 2308 deprehensus
1456 2270 1516 2301 est,
1535 2271 1640 2307 Quam
1657 2269 1699 2300 ob
1713 2277 1842 2300 causam
1862 2268 1902 2300 ab
1919 2268 2110 2308 imperatore
2123 2268 2258 2299 Tarsum

1219 2320 1338 2352 Ciliciae
1357 2320 1563 2361 deportatus,
1580 2321 1711 2353 detonsa
1727 2321 1819 2351 coma
1843 2319 2006 2360 presbyter
2019 2319 2066 2350 est
2078 2318 2255 2350 ordinatus.

1220 2373 1326 2412 Atque
1354 2372 1422 2405 haec
1453 2372 1585 2413 quidem
1612 2372 1653 2404 ab
1680 2371 1850 2404 Eustathio
1865 2373 1944 2411 Syro
1965 2370 2084 2412 scripta
2109 2370 2186 2402 sunt
2201 2369 2260 2402 ele·

1220 2424 1340 2463 gauter.

1262 2531 1351 2563 Idem
1369 2531 1554 2563 Eustatbius
1566 2531 1676 2563 scribit
1689 2533 1848 2563 Zenonem
1859 2530 2043 2563 innumeras
2054 2529 2186 2562 insidias
2199 2527 2259 2562 ad-

1221 2591 1329 2614 versus
1350 2583 1501 2615 Verinam
1518 2586 1753 2622 socrumjsuam
1778 2583 1951 2622 struxisse,
1969 2581 2164 2622 tandemque
2189 2589 2260 2614 eam

1219 2633 1252 2664 in
1269 2633 1414 2666 Ciliciam
1430 2634 1594 2673 relegasse.
1613 2635 1728 2666 Postea
1744 2642 1839 2672 vero,
1850 2642 1951 2673 quum
1967 2633 2045 2666 lllus
2058 2632 2261 2674 tyrannidem

1220 2686 1426 2724 occupasset,
1444 2686 1562 2716 verina
1578 2684 1611 2716 in
1628 2684 1790 2725 Papirium
1808 2686 1949 2716 castrum
1969 2684 2136 2725 migravit,
2153 2683 2262 2724 ibique

1219 2735 1357 2767 excessit
1370 2744 1388 2767 e
1400 2735 1478 2767 vita.
1520 2737 1585 2768 Res
1603 2737 1760 2775 praeterea
1775 2735 1824 2767 llli
1841 2735 1882 2767 ab
1894 2735 2008 2767 eodem
2031 2734 2186 2775 scriptore
2201 2733 2262 2767 ele·

1219 2787 1402 2828 gantissime
1422 2789 1639 2828 exponuntur,
1670 2787 1956 2828 quemadmodum,
1972 2796 2076 2828 quum
2094 2795 2115 2819 a
2137 2789 2263 2819 Zenone

1219 2838 1339 2870 insidiis
1354 2838 1513 2878 appetitus
1530 2838 1659 2877 fuisset,
1676 2839 1841 2878 effugerit3
1856 2839 1953 2879 atque
1969 2841 2052 2870 Zeno
2071 2847 2146 2870 eum
2162 2847 2260 2878 quem

1220 2890 1261 2922 ad
1278 2889 1533 2922 interficiendum
1560 2890 1658 2921 Illum
1681 2889 1891 2928 submiserat,
1913 2889 1974 2921 Illo
2002 2889 2182 2921 necandum
2198 2890 2262 2921 tra-

1220 2941 1354 2980 diderit,
1374 2940 1486 2981 capitis
1501 2940 1750 2981 amputationem
1767 2940 1921 2972 mercedis
1933 2940 2005 2972 loco
2018 2939 2046 2971 ei
2067 2939 2260 2980 rependens,

1220 3001 1258 3024 eo
1289 2992 1375 3033 quod
1406 2993 1523 3023 conatu
1560 2991 1739 3024 excidisset.
1796 2991 1890 3023 lllum
1915 2999 2046 3032 quoque
2072 2990 2261 3030 magistrum

1221 3044 1391 3077 orientalis
1425 3044 1549 3076 militiae
1573 3043 1788 3084 renuntiavit,
1820 3043 1952 3075 studens
1977 3044 2014 3074 ut
2041 3043 2178 3075 occultae
2206 3051 2258 3075 es-

1220 3096 1291 3128 sent
1304 3095 1428 3128 insidiae
1443 3103 1523 3135 quas
1538 3094 1583 3126 illi
1597 3095 1848 3135 comparaverat.
1875 3094 1953 3126 lllus
1979 3102 2066 3133 vero,
2084 3094 2207 3126 adscito
2218 3092 2262 3126 'in

1221 3147 1408 3180 societatem
1430 3146 1563 3179 Leontio
1576 3147 1608 3179 et
1624 3148 1746 3184 Marso,
1760 3146 1829 3177 viro
1843 3145 1986 3186 egregio,
2006 3153 2044 3176 ac
2059 3145 2261 3185 Pamprepio,

1221 3198 1262 3231 ad
1272 3198 1414 3230 Orientis
1426 3198 1532 3238 partes
1541 3197 1693 3238 perrexit.
1712 3197 1820 3229 Refert
1833 3196 1947 3228 deinde
1963 3196 2047 3228 idem
2061 3196 2262 3235 Eustatbius,

1222 3249 1382 3291 quomodo
1399 3249 1551 3282 Leontius
1560 3248 1646 3288 apud
1662 3249 1797 3280 Tarsum
1814 3247 1934 3279 Ciliciae
1956 3247 2130 3287 imperator
2142 3255 2262 3278 nuncu·

1221 3302 1316 3343 patus
1330 3301 1388 3340 sit';
1400 3301 1433 3333 et
1445 3309 1540 3340 quem
1553 3299 1606 3332 isti
1621 3299 1796 3340 tyrannidis
1808 3308 1875 3331 suae
1885 3299 2026 3330 fructum
2043 3298 2262 3339 perceperint,

1221 3362 1323 3394 quum
1343 3351 1582 3384 Theudericlius
1593 3373 1602 3390 ,
1616 3350 1666 3382 vir
1678 3350 1810 3389 natione>
1818 3350 1953 3388 Gothus,
1971 3350 2003 3381 et
2020 3349 2075 3390 qui
2100 3349 2185 3389 apud
2199 3350 2261 3380 Ro-

1223 3413 1333 3436 manos
1344 3403 1411 3436 crat
1421 3402 1563 3441 illustris,
1580 3401 1731 3433 adversus
1741 3410 1794 3433 eos
1807 3400 1921 3432 missus
1936 3401 2016 3433 essct
2032 3409 2106 3432 cum
2116 3398 2257 3431 exercitu

1222 3458 1440 3489 Romanorum
1457 3453 1550 3487 simul
1571 3462 1609 3486 ac
1630 3453 1850 3486 barbarorum.
1879 3451 1968 3484 Idem
1996 3450 2178 3484 Eustatbius
2195 3449 2257 3480 ele—
