2314 3756
564 195 1029 286 MAGNUS
1086 192 1796 285 CARRHENUS.

413 325 1251 462 EUTYCHIANUS
1330 325 1955 457 CAPPADOX.

165 765 342 813 Magnus,
364 777 410 800 ex
428 765 576 801 Carrhis
594 765 875 813 Mesopotamiae
902 763 996 799 urbe
1017 763 1146 798 oriun-

114 823 196 868 dus,
215 831 252 859 et
268 824 520 872 Eutychianus
535 823 743 872 Cappadox
758 825 778 858 J
781 823 896 858 uliani
912 822 1149 870 imperatoris

113 882 389 929 expeditionem
409 883 616 927 Persicam,
642 883 703 917 cui
727 889 888 929 uterque
908 880 1146 924 interfuerat,

112 940 228 976 literis
242 941 488 976 tradiderunt.
508 942 551 976 Et
562 941 816 987 Eutychianus
830 940 983 987 quidem
999 940 1037 973 in
1049 939 1148 973 bello

112 998 182 1033 isto
214 999 289 1034 dux
312 1000 577 1034 Armeniorum
603 999 694 1043 fuit,
724 1005 880 1033 testante
900 999 1044 1033 Joanne
1072 997 1149 1031 Ma-

110 1057 196 1092 lala.
209 1058 365 1106 Magnus
377 1065 516 1101 autem,
532 1058 571 1092 ni
586 1057 709 1101 fallor,
728 1057 829 1092 idem
843 1063 896 1092 est
913 1069 998 1091 cum
1012 1056 1149 1102 Magno

112 1115 287 1160 tribuno,
310 1114 417 1160 cujus
436 1116 606 1151 Zosimus
626 1114 728 1164 (111,
751 1127 798 1150 22
813 1141 822 1158 ,
846 1113 891 1162 8)
924 1121 962 1148 et
980 1113 1149 1149 Ammia-

110 1186 180 1208 nus
207 1174 445 1209 Marcellinus
466 1172 626 1224 (XXIV,
655 1176 698 1217 4,
733 1170 804 1222 24)
825 1172 870 1208 de
898 1171 1150 1219 Ctesiphontis

110 1232 215 1267 urbis
247 1233 529 1280 oppugnatione
557 1238 707 1279 agentes
726 1231 959 1266 mentionem
989 1229 1146 1265 faciunt.

62 1329 66 1332 ⁴
110 1292 165 1325 De
177 1291 248 1325 alio
263 1290 429 1337 quodam
438 1291 590 1337 Magno,
606 1289 786 1324 Nisibeno
802 1301 847 1324 ex
860 1289 1147 1336 Mesopotamia,

107 1347 388 1396 iatrosophista,
405 1349 470 1395 qui
485 1349 658 1383 historici
672 1348 791 1382 nostri
810 1347 885 1382 fere
897 1347 1050 1394 aequalis
1062 1347 1146 1392 fuit,

108 1407 194 1442 vide
216 1407 427 1454 Eunapium
447 1407 485 1441 in
506 1407 580 1442 Vit.
609 1406 774 1454 Sophist.
797 1418 838 1453 p.
872 1404 942 1440 103
964 1405 1024 1440 ed.
1044 1406 1150 1440 Bois-

108 1477 190 1499 son.
216 1472 252 1500 et
272 1465 522 1513 Theophilum
543 1467 599 1500 De
618 1465 718 1499 urin.
745 1477 909 1512 prooem.
937 1465 1148 1512 Eutychia-

107 1536 199 1568 nus,
222 1523 348 1558 nescio
370 1535 460 1557 num
477 1522 577 1557 idem
597 1535 683 1557 cnm
703 1529 833 1556 nostro
855 1534 902 1557 an
918 1523 1086 1570 diversus
1103 1522 1149 1557 ab

109 1593 175 1626 eo,
206 1581 382 1616 laudatur
409 1581 511 1628 apud
531 1580 718 1616 Codinnm
740 1582 796 1615 De
823 1581 920 1628 orig.
944 1581 1152 1617 Constanti-

104 1652 200 1688 nop.
222 1652 262 1687 p.
291 1639 335 1674 18
354 1639 414 1676 ed.
431 1641 548 1675 Bonn.
565 1665 575 1683 ,
592 1639 659 1673 ubi
680 1651 761 1686 quae
779 1638 825 1674 de
850 1637 1016 1686 Byzantii
1034 1639 1151 1674 muris

106 1698 422 1733 Constantinianis
440 1705 476 1733 et
497 1697 542 1733 de
563 1698 736 1732 encaeniis
760 1697 868 1732 urbis
895 1697 1085 1744 leguntur,
1108 1709 1152 1733 ea

107 1754 158 1789 ita
177 1765 216 1789 se
245 1765 414 1788 narrasse
442 1760 576 1788 auctor
599 1753 713 1798 dicit,
744 1750 857 1795 καθὼς
885 1752 1060 1803 ἱστοροῦσι
1084 1752 1158 1790 Εὐ-

107 1810 306 1862 τυχιανὸς
334 1809 702 1863 πρωτοσηκρήτης
732 1812 749 1847 ὁ
777 1810 1089 1862 γραμματικὸς
1114 1810 1160 1862 (⁴‘)

108 1869 167 1906 καὶ
203 1871 394 1921 Εὐτρόπιος
413 1873 431 1908 ὁ
452 1870 632 1920 σοφιστὴς,
652 1873 669 1907 ὁ
689 1872 738 1922 τῷ
757 1870 946 1922 παραὸάτῃ
973 1870 1151 1922 Ἰουλιανῷ

109 1927 300 1980 συμπαρὼν
315 1929 350 1965 ἐν
371 1928 525 1980 Περσίδι,
540 1927 599 1966 καὶ
618 1928 910 1982 ἐπιστολογροὶφος
933 1930 1151 1967 Κωνσταντί-

108 2001 164 2023 νου
180 1987 248 2038 (sic
267 1989 354 2026 cod.
370 1991 471 2033 Vnt-3
491 1990 508 2025 ὁ
526 1988 582 2024 ἐπ.
605 1989 862 2031 Κωνσταντῖνος
882 1987 979 2039 vgo)
1005 1988 1150 2027 Ἐλεύ-

109 2044 196 2087 σιός
211 2060 253 2082 τε
271 2044 462 2088 διάκονος
478 2048 495 2083 ὁ
513 2045 753 2098 φιλόσοφος,
767 2047 952 2098 Τρωίλος
969 2049 985 2084 ὃ
1001 2047 1150 2100 ῥήτωρ,

111 2105 129 2140 ὁ
145 2102 275 2146 πολλὰς
290 2101 397 2155 ἀρχὰς
413 2103 499 2151 μετὰ
515 2103 611 2150 δόξης
621 2104 759 2151 ἀνύσας,
771 2105 831 2142 καὶ
842 2104 886 2144 Ἥ
897 2104 1041 2157 σύχιος
1057 2109 1073 2144 ὃ
1087 2122 1104 2144 τ
1115 2123 1152 2144 α-

109 2175 133 2212 χ
142 2176 161 2198 υ
173 2176 194 2212 γ
206 2177 223 2213 ρ
235 2161 256 2198 ά
268 2177 290 2212 φ
301 2177 354 2205 ος.
367 2157 472 2200 Οῧτοι
486 2162 612 2205 πάντες
629 2162 798 2200 αὐτόπται
812 2163 987 2214 γενόμενοι
1008 2167 1076 2202 τῶν
1091 2181 1150 2212 τη-

109 2222 255 2256 νικαῦτα
272 2220 496 2271 πραχθέντων
517 2221 667 2272 ἀκριὸῶς
688 2220 787 2258 ταυτὶ
809 2221 1081 2275 συνεγράψαντο.
1103 2247 1148 2253 -

109 2280 182 2325 Qui
195 2279 364 2314 hocloco
381 2288 515 2328 praeter
529 2281 802 2328 Eutychianum
816 2289 852 2316 et
864 2283 1090 2330 Eutropium
1101 2284 1151 2319 ci-

110 2345 236 2372 tantur
265 2339 431 2373 Eleusius
445 2365 455 2383 ,
486 2340 634 2375 Troilus
663 2347 699 2374 et
727 2340 934 2387 Hesychius
957 2342 1149 2387 notarius,

109 2408 200 2430 num
221 2396 394 2432 historias
413 2398 654 2445 scripserint,
669 2409 806 2445 parum
828 2398 960 2445 liquet.
980 2401 1149 2446 Troilus,

110 2466 222 2500 quem
238 2454 386 2489 aliunde
406 2456 601 2499 novimus,
625 2455 670 2490 de
702 2457 1031 2505 Constantinopoli
1058 2459 1152 2495 urbe

111 2523 132 2546 a
159 2512 402 2548 Constantino
423 2521 602 2548 exornata
621 2515 660 2548 in
682 2515 919 2551 Orationibus
939 2517 1153 2553 disseruisse

110 2570 273 2605 videtur.
294 2571 424 2606 Suidas
443 2583 451 2608 ζ
470 2570 684 2621 Τρωίλος,
705 2572 886 2623 σοφιστὴς,
906 2574 1098 2617 παιδεύσας
1118 2577 1152 2612 ἐν

115 2628 376 2666 Κωνσταντίνου
397 2628 507 2666 πόλει.
532 2628 661 2678 Λόγους
690 2632 908 2682 πολιτικοὺς,
934 2631 1151 2671 Ἐπιστολῶν

152 2744 192 2783 (*)
213 2743 257 2775 Ab
271 2745 332 2775 hoc
345 2745 499 2784 Eutychio
513 2755 609 2785 genus
622 2746 749 2779 duxerit
766 2748 951 2789 Εὐτυχιανὸς
966 2751 982 2781 ὁ
996 2750 1080 2789 νέος,
1097 2750 1151 2790 qui

114 2791 253 2829 Agathim
269 2794 381 2822 auctor
397 2801 571 2832 suasorque
588 2795 645 2826 suit
660 2795 834 2826 scribendae
851 2796 1008 2836 historice,
1024 2798 1098 2837 ἀνὴρ
1114 2798 1152 2828 τὰ

112 2841 220 2878 πρῶτα
230 2839 323 2869 τελῶν
338 2839 367 2870 ἐν
380 2842 442 2874 Τοῖς
455 2844 514 2870 τῶν
547 2843 697 2882 βασιλέων
717 2844 925 2883 ὑπογραφεῠσι
936 2867 944 2881 ,
959 2845 1010 2875 καὶ
1024 2845 1062 2875 τὰ
1078 2846 1154 2876 ἄλλοι

116 2885 229 2923 ἀγαθὸς
244 2886 295 2915 καὶ
311 2886 563 2926 ἁγχινούστοιτος,
579 2889 718 2925 παιδείας
729 2901 761 2920 τε
776 2890 982 2930 ἀποχρώντως
997 2890 1088 2931 ἔχων,
1102 2893 1154 2922 καὶ

116 2934 171 2962 τοῦ
194 2935 255 2962 τῶν
270 2933 437 2973 Φλωριόῶν
461 2935 565 2972 γένους
583 2935 705 2975 ἄριστον
728 2937 971 2978 ἐγκοιλλώπισμοι
987 2939 1153 2978 γεγενημέ-

114 2989 163 3014 νος
185 2979 355 3018 (Agathias
368 2989 498 3020 prowm.
512 2990 540 3020 p.
557 2985 587 3020 7,
606 2985 640 3014 18
661 2982 710 3013 ed.
731 2985 829 3014 Bonn.
846 2984 869 3023 ).

1213 758 1330 811 βιὸλία
1347 758 1388 804 ζ’.
1406 761 1524 796 Troili
1538 761 1809 809 Prolegomena
1823 761 1863 796 in
1879 762 2158 810 Hermogenem
2173 763 2255 800 edi-

1211 819 1266 855 dit
1286 820 1403 855 Walz.
1424 820 1462 854 in
1476 819 1605 855 Rhett.
1625 819 1692 854 Gr.
1715 827 1809 855 tom.
1831 821 1895 856 VI.
1915 820 2089 856 Ceterum
2106 821 2256 858 Troilus

1211 877 1353 913 Sidetes
1372 875 1381 928 (
1397 878 1542 913 Socrat.
1569 878 1616 912 H.
1642 877 1746 912 Eccl.
1765 879 1836 914 VII
1850 905 1860 923 ‚
1883 890 1930 924 27
1947 874 1958 926 J
1977 891 2056 914 non
2074 879 2255 915 Constan-

1215 936 1283 970 tini
1314 936 1443 983 Magni
1470 934 1624 982 aequalis
1661 935 1732 970 fuit
1742 962 1753 980 ,
1789 937 1845 971 uti
1874 936 2058 985 Georgius
2089 936 2258 974 Codinus

1213 995 1326 1038 dicit,
1350 994 1416 1029 sed
1435 994 1543 1029 initio
1564 993 1687 1029 saeculi
1719 994 1865 1041 quinti,
1894 993 1964 1031 sub
1983 995 2198 1032 Theodosio
2219 997 2258 1033 11

1211 1051 1355 1088 floruit.
1377 1054 1473 1088 Nam
1487 1053 1629 1088 amicus
1645 1052 1715 1088 fuit
1731 1054 1943 1100 Anthemii,
1963 1055 2029 1103 qui
2041 1067 2114 1104 pro
2130 1056 2259 1092 Theo-

1213 1112 1321 1147 dosio
1350 1112 1389 1146 II
1423 1123 1544 1160 puero
1582 1112 1748 1147 Orientis
1787 1124 1946 1161 regnum
1977 1113 2257 1151 administravit

1215 1170 1302 1217 (an.
1321 1169 1397 1213 408
1414 1182 1498 1217 sqq.
1513 1170 1609 1206 Vide
1623 1170 1795 1206 Socrates
1805 1172 1892 1216 V11,
1915 1184 1930 1207 1
1946 1173 1986 1208 et'
2000 1185 2047 1219 27
2060 1185 2071 1218 ;
2083 1173 2260 1221 Synesius

1213 1229 1332 1276 Epist.
1357 1227 1402 1274 73
1419 1241 1429 1272 3
1453 1228 1655 1263 Tillemont
1670 1229 1765 1264 Hist.
1786 1230 1852 1264 des
1867 1242 1965 1278 emp.
1979 1231 2054 1276 VI,
2074 1243 2116 1280 p.
2138 1235 2175 1274 4.
2195 1230 2255 1282 9).

1214 1287 1382 1323 Eandem
1407 1287 1572 1322 rhetoris
1591 1294 1739 1322 aetatem
1767 1287 1856 1323 inde
1879 1289 2026 1337 colligis
2045 1289 2152 1336 quod
2180 1290 2259 1326 So-

1214 1354 1334 1382 crates
1355 1348 1426 1391 VI,
1450 1345 1472 1381 6
1492 1345 1562 1395 (ex
1578 1358 1701 1394 eoque
1719 1346 1957 1395 Nicephorus
1973 1348 2114 1384 Callist.
2136 1349 2236 1385 XIII
2244 1375 2256 1395 ,

1216 1405 1261 1454 6)
1275 1406 1494 1449 Eusebium,
1511 1417 1587 1452 quo
1604 1411 1774 1453 tempore
1789 1418 1942 1441 carmen
1953 1406 1999 1442 de
2008 1407 2122 1443 rebus
2131 1408 2258 1444 Gainae

1213 1464 1427 1501 Gothorum
1446 1463 1553 1499 ducis
1575 1462 1669 1512 (qui
1696 1471 1868 1500 mortuus
1891 1472 1946 1500 est
1961 1473 2051 1514 post
2069 1477 2132 1502 an.
2157 1466 2255 1516 40⁰)

1213 1523 1405 1571 scripserit
1415 1549 1424 1567 ,
1440 1522 1611 1557 Troilum
1626 1522 1832 1570 sophistam
1848 1523 2008 1559 audiisse
2023 1523 2152 1560 refert.
2171 1526 2193 1560 J
2195 1537 2258 1562 am

1214 1592 1331 1627 quum
1347 1580 1393 1616 de
1410 1580 1528 1615 Troili
1547 1587 1655 1615 aetate
1675 1592 1816 1616 errasse
1831 1581 2019 1617 Codinum
2031 1588 2174 1630 pateat,
2187 1581 2260 1618 for·

1214 1645 1308 1675 tasse
1325 1639 1438 1675 etiam
1458 1638 1504 1674 de
1522 1638 1711 1686 Hesychio
1729 1639 1900 1675 similiter
1914 1640 2040 1688 lapsus
2059 1647 2115 1676 est
2151 1641 2260 1677 Certe

1215 1705 1360 1733 constat
1375 1698 1556 1746 pleraque
1566 1723 1575 1741 ,
1590 1709 1671 1744 quae
1685 1697 1730 1733 de
1745 1698 2176 1746 Constantinopolitanis
2189 1700 2260 1735 ori·

1213 1756 1363 1804 ginibus
1376 1756 1542 1792 Codinus
1557 1751 1686 1800 tradit,
1700 1768 1746 1791 ex
1758 1757 1939 1804 Hesychii
1952 1757 2088 1792 Milesii
2100 1757 2260 1793 Illustris

1215 1815 1494 1853 Chronicorum
1508 1815 1607 1850 libro
1629 1821 1734 1850 sexto
1761 1827 1839 1850 esse
1868 1815 2078 1864 descripta,
2101 1815 2197 1851 adeo
2216 1823 2260 1852 ut

1213 1874 1393 1922 proclivis
1416 1874 1463 1908 sit
1493 1871 1713 1918 conjectura
1742 1873 1844 1909 hunc
1874 1874 2000 1922 ipsum
2026 1874 2258 1921 Hesychium

1213 1931 1400 1966 Milesium
1413 1957 1423 1975 ,
1446 1931 1512 1978 qui
1532 1932 1718 1967 Anastasii
1737 1939 1774 1966 et
1792 1931 1994 1966 Justiniani
2022 1932 2258 1980 temporibus

1213 1990 1322 2034 vixit,
1336 2001 1358 2025 a
1367 1989 1513 2026 Codino
1525 1989 1685 2025 laudari.
1697 1990 1872 2026 Ceterum
1887 1990 1917 2025 si
1929 1989 2023 2026 duos
2034 1990 2258 2038 Hesychios,

1214 2049 1374 2084 alterum
1385 2049 1592 2092 notarium,
1611 2049 1771 2084 alterum
1780 2049 1978 2094 illustrem,
1992 2048 2172 2098 distingui
2183 2061 2260 2086 ma-

1213 2107 1346 2152 lueris,
1364 2119 1434 2155 per
1449 2119 1509 2142 me
1527 2107 1671 2142 licebit.

1350 2188 1439 2239 (DE
1468 2178 1665 2226 JI'JLIANI
1694 2190 1854 2227 BELLo
1882 2188 2124 2239 PERSICO.)

1269 2277 1424 2313 Malalas
1439 2277 1581 2312 Chron.
1600 2289 1641 2325 p.
1663 2275 1755 2321 328,
1776 2288 1824 2312 20
1842 2275 1903 2312 ed.
1923 2277 2045 2314 Bonn.
2069 2288 2077 2312 :
2101 2273 2174 2313 Καὶ
2192 2289 2258 2312 κα-

1214 2332 1297 2372 τιὼν
1316 2335 1334 2371 ὃ
1354 2332 1455 2376 αὐτὸς
1477 2332 1638 2384 βασιλεὺς
1657 2332 1847 2375 Ἰουλιανὸς
1864 2331 1955 2370 κατὰ
1976 2331 2260 2384 Σαδδουραρσᾶ-

1215 2407 1294 2438 κου,
1315 2389 1482 2443 βασιλέως
1502 2392 1661 2442 Περσῶν,
1683 2389 1897 2442 κατέφθασεν
1916 2392 1950 2428 ἐν
1966 2388 2259 2442 Ἱεραπόλειυκαὶ

1215 2449 1357 2501 πέμψας
1376 2448 1614 2487 κατεσκεύασε
1640 2449 1745 2486 πλοῖα
1766 2449 1800 2486 ἓν
1823 2446 2062 2498 Σαμοσάτοις,
2081 2447 2180 2485 πόλει
2199 2449 2260 2493 τῆς

1217 2505 1482 2559 Εὖφρατησίας,
1501 2505 1545 2544 τὰ
1566 2505 1628 2556 μὲν
1644 2505 1700 2543 διὰ
1720 2504 1844 2555 ξύλων,
1862 2505 1907 2543 τὰ
1924 2504 1959 2543 δὲ
1977 2504 2033 2543 διὰ
2051 2506 2200 2558 βυρσῶν,
2213 2505 2260 2548 ὥς

1216 2563 1658 2617 ὅσοιρώτατοςΜάγνοςὸ
1674 2562 1996 2617 χρονογράφοςὸ
2013 2561 2257 2616 Καρρηνὸς,

1216 2626 1233 2661 ὃ
1254 2623 1363 2661 συνὼν
1387 2625 1479 2675 αὐτῷ
1506 2621 1685 2674 Ἰουλιανῷ
1708 2623 1864 2672 βασιλεῖ,
1893 2621 2146 2674 συνεγράψατο.
2174 2620 2259 2660 Ἀπὸ

1217 2681 1252 2720 δὲ
1284 2681 1515 2734 Ἱεραπόλεως
1545 2680 1688 2725 ἐξελθὼν
1708 2675 1811 2728 ἦλθεν
1833 2682 1866 2718 ἐν
1892 2680 2046 2733 Κάρραις
2075 2683 2118 2733 τῇ
2138 2678 2258 2718 mil-ec·

1217 2741 1372 2778 κάκεῖθεν
1389 2735 1466 2792 εἶρε
1485 2739 1544 2777 δύο
1561 2738 1674 2786 ὁδοὺς,
1691 2739 1773 2788 μίαν
1788 2738 1992 2790 ἀπάγουσαν
2011 2739 2058 2782 εἷς
2073 2739 2135 2784 τὴν
2156 2737 2258 2778 Νίσι-

1218 2798 1271 2836 &iv
1301 2798 1415 2845 πόλιν,
1445 2791 1550 2836 οὖσάν
1574 2813 1658 2835 ποτε
1689 2797 1889 2847 Ῥωμαίων,
1921 2796 1980 2835 καὶ
2001 2797 2111 2843 ἄλλην
2140 2796 2197 2835 ἐπὶ
2219 2796 2260 2835 τὸ

1218 2856 1418 2906 Ῥωμαϊκὸν
1438 2856 1587 2909 κάστρον
1614 2855 1653 2893 τὸ
1669 2856 1853 2906 λεγόμενον
1875 2858 1904 2895 Κ
1912 2855 2081 2908 ιρκήσιον,
2101 2855 2258 2905 κείμενον

1218 2918 1263 2959 εἷς
1285 2915 1323 2953 τὸ
1345 2915 1449 2965 μέσον
1471 2917 1538 2953 τῶν
1557 2914 1617 2952 δύο
1636 2909 1803 2964 ποταμῶν
1831 2918 1892 2952 τοῦ
1918 2913 2101 2966 Εὐφράτου
2121 2913 2257 2951 καὶτοῦ

1219 2974 1368 3026 Ἀδορρᾶ
1385 2990 1392 2997 ·
1423 2973 1508 3027 ὅπερ
1539 2973 1653 3011 ἔκτισε
1673 2971 1936 3021 Διοκλητιανὸς,
1968 2971 2128 3024 βασιλεὺς
2153 2971 2257 3011 ‘Pm-

158 3079 332 3117 lmperator
361 3079 506 3110 Julianus
541 3082 652 3112 contra
686 3082 939 3115 Sabburarsacen
974 3085 1153 3125 (Saporem

117 3130 298 3168 Arsacen),
309 3133 474 3161 Persarum
492 3140 609 3170 regem,
624 3133 800 3164 exercitum
815 3134 945 3174 ducens,
962 3136 1153 3176 Hierapolim

116 3179 224 3219 venit,
248 3181 349 3212 missis
363 3181 392 3212 in
409 3184 571 3213 Samosata
589 3185 800 3223 Euphratesize
815 3185 924 3216 urbem
939 3210 946 3224 ,
965 3187 1018 3226 qui
1032 3188 1155 3228 navigia

117 3230 324 3270 fabricarent,
339 3233 453 3272 parlim
475 3233 575 3272 lignea
601 3235 716 3274 partim
737 3236 898 3275 coriacea,
922 3238 968 3268 uti
991 3239 1088 3269 tradit
1104 3248 1154 3270 sa-

118 3283 330 3323 pientissimus
353 3285 484 3322 Magnus
511 3285 693 3317 Car-rhenus
712 3287 989 3328 chronographus,
1015 3289 1070 3329 qui
1096 3290 1156 3321 hoc

118 3335 202 3367 bello
217 3336 276 3367 sub
298 3337 424 3368 Juliano
447 3338 604 3369 militavit.
622 3339 778 3378 Hierapoli
804 3340 968 3372 discedens
986 3341 1157 3381 imperator

117 3387 254 3420 Carrhas
270 3389 354 3419 venit
363 3399 372 3427 ς
393 3389 465 3420 hinc
488 3389 536 3420 via
550 3398 616 3421 sese
630 3390 661 3420 in
677 3390 755 3422 duas
773 3393 878 3431 partes
896 3392 1004 3431 findit,
1017 3402 1154 3433 quarum

1217 3095 1279 3117 una
1301 3086 1333 3117 in
1357 3086 1476 3118 Nisibin
1504 3085 1618 3124 duxit,
1644 3085 1755 3116 urbem
1781 3084 1932 3116 Romanis
1958 3083 2034 3115 olim
2058 3082 2256 3122 subjectam;

1216 3138 1315 3168 altera
1331 3138 1362 3168 in
1378 3137 1551 3169 Circesium
1568 3135 1687 3175 tendit,
1706 3136 1846 3167 castrum
1864 3137 2064 3174 Romanum,
2087 3133 2174 3175 quod
2193 3135 2258 3165 Eu-

1217 3188 1362 3229 phratem
1379 3190 1462 3220 inter
1480 3190 1512 3220 ct
1535 3187 1689 3220 Aborram
1712 3186 1826 3218 ssuvios
1844 3186 2003 3226 medinm,
2023 3194 2042 3217 a
2062 3184 2258 3217 Diocletiano

1217 3243 1417 3273 exstructum
1435 3242 1493 3272 est.
1512 3240 1658 3272 Julianus
1687 3240 1795 3280 itaque
1813 3239 1914 3271 diviso
1930 3238 2090 3277 exercitu,
2116 3238 2257 3269 armato-

1218 3302 1287 3324 rum
1299 3293 1435 3324 sedecim
1458 3293 1554 3324 miliia
1567 3291 1686 3324 Nisibin
1699 3299 1809 3322 versus
1821 3290 1993 3330 expedivit,
2010 3289 2070 3322 sub
2082 3288 2257 3321 sebastiani

1217 3346 1248 3376 et
1267 3345 1407 3385 Procopii
1425 3345 1544 3384 ductu,
1560 3344 1624 3384 ipse
1637 3343 1743 3374 autem
1764 3341 1802 3373 ad
1821 3341 1994 3373 Circesium
2014 3342 2153 3373 castrum
2169 3339 2258 3371 ducit

1217 3396 1287 3428 iter.
1314 3396 1376 3428 Ubi
1398 3395 1535 3428 miiitum
1559 3394 1816 3427 stationariorum
1840 3401 1896 3425 sex
1918 3392 2075 3432 millibus,
2106 3400 2187 3433 quos
2213 3390 2257 3423 ibi
