2372 3704
426 252 607 292 LYCEAE
637 248 1003 298 NAUCRATITAE,
1036 247 1272 287 LYSANlAE
1302 248 1559 287 MALLOTIS
1592 249 1924 291 FRAGMENTA.

95 340 231 387 ματίζει
253 338 437 392 Νικάνωρ,
468 337 557 377 καθὰ
590 336 739 380 Λούσιος
772 334 956 384 (Λούκιος,
991 334 1146 374 Λούκιλ«

94 401 211 449 λοςὲ).
241 401 409 436 Nicanor
432 410 572 434 nomen
595 397 791 446 scriptoris
820 395 943 432 fuerit.
974 395 1020 431 Id
1045 396 1146 431 enim

94 461 256 495 aliorum
283 471 344 508 ap.
370 456 501 506 Steph.
527 458 701 492 locorum
723 468 810 491 cum
839 461 970 490 nostro
991 467 1147 502 compa—

93 518 303 554 randorum
318 517 448 553 suadet
463 516 647 564 analogia.

147 577 322 612 Ceterum
338 576 416 611 haec
433 587 526 610 num
544 586 590 609 ex
606 573 706 608 libro
727 574 783 608 De
802 572 1064 607 Thessalonice
1087 571 1146 606 vel

95 646 141 670 ex
158 635 233 671 alio
248 646 363 682 opere
376 634 497 682 petita
513 632 668 680 fuerint,
688 632 726 666 in
742 630 869 666 medio
884 630 1144 677 relinquimus.

161 874 444 932 LYCEAS
484 871 961 937 NAUCRATITA
1002 866 1080 935 C).

455 1019 788 1060 ΑΙΓΥΠΤΙΑΚΑ.

481 1102 498 1115 G

604 1134 638 1157 1.

149 1193 290 1229 Plinius
309 1194 357 1228 H.
380 1194 424 1229 N.
442 1193 623 1236 XXXVI,
645 1205 677 1229 c.
701 1191 761 1238 13,
778 1198 870 1228 sect.
895 1204 955 1239 19,
975 1191 1022 1227 de
1040 1191 1148 1239 laby-

95 1252 240 1288 rintho.
255 1254 298 1289 V.
317 1252 467 1299 Fragm.
484 1250 705 1288 Demotelis.

606 1350 644 1375 2.

407 1420 437 1454 E
468 1419 614 1455 LIBRO
643 1418 838 1454 TERTIO.

150 1512 351 1548 Athenaeus
380 1511 478 1547 XIII
493 1539 503 1557 ,
531 1523 572 1559 p.
610 1509 701 1559 560,
722 1511 766 1559 Ε,
788 1510 977 1545 Dinonem
1002 1517 1150 1546 secutus

102 1571 305 1609 Nitetidem
328 1570 375 1606 ab
391 1570 520 1606 Amasi
535 1570 586 1606 ad
606 1570 742 1617 Cyrum
755 1570 910 1604 missum
925 1581 1018 1614 esse,
1041 1570 1151 1617 eique

100 1630 320 1679 Cambysem
338 1630 528 1679 peperisse
543 1636 687 1665 narrat.
707 1630 752 1666 V.
772 1629 932 1665 Dinonis
950 1627 996 1666 fr.
1021 1641 1035 1664 1
1048 1641 1078 1665 1.

610 1717 647 1754 3.

150 1794 349 1831 Athenaeus
363 1794 468 1839 XIV,
482 1806 524 1842 p.
545 1793 636 1840 616,
650 1794 683 1829 D
704 1805 712 1830 :
731 1790 860 1843 Ταχὼς
874 1791 903 1828 δ’
921 1793 938 1829 ὁ
954 1789 1152 1842 Αἰγυπτίων

140 1885 182 1926 (*)
203 1885 289 1918 Alius
304 1885 355 1917 est
371 1887 492 1925 Lyceus
507 1887 653 1925 Arqivus
663 1906 673 1920 ‚
692 1885 747 1924 qui
763 1884 875 1924 patriae
894 1883 1067 1924 periegesin
1081 1893 1150 1916 ver·

98 1933 186 1965 sibus
198 1933 333 1973 scripsit.
350 1933 472 1972 Saepius
487 1932 557 1972 ejus
573 1932 718 1963 meminit
738 1934 926 1970 Pausanias,
943 1932 978 1962 ut
994 1934 1027 1971 1,
1047 1935 1094 1969 13,
1109 1934 1150 1963 7.

99 1982 206 2012 Ταῦτα
227 1980 257 2016 ἐς
282 1980 337 2016 τὴν
362 1980 484 2020 Πύρρου
512 1980 654 2016 τελευτὴν
671 1979 758 2009 αὐτοὶ
784 1979 926 2018 λέγουσιν
946 1977 1072 2018 Ἀργεῖοι
1100 1978 1152 2009 καὶ

98 2029 116 2060 ὁ
140 2030 202 2059 τῶν
218 2026 395 2067 ἐπιχωρίων
421 2027 568 2066 ἐξηγητὴς
591 2027 712 2062 Λυκέας
731 2026 821 2066 (libri
849 2026 879 2056 h.
898 2025 920 2057 i.
942 2025 1100 2064 Λευκέας)
1123 2026 1154 2056 ἐν

100 2074 204 2106 ἔπεσιν
221 2073 351 2114 εἴρηκεν.
371 2075 417 2111 11,
435 2077 470 2105 19
480 2097 488 2112 ,
503 2073 535 2112 4,
549 2073 590 2104 de
605 2073 719 2105 Bitone
734 2082 741 2103 t
755 2074 797 2108 ὡς
813 2073 845 2103 δὲ
859 2073 981 2108 Λυκέας
995 2072 1152 2111 ἐποίησεν,

100 2122 131 2158 ἐς
147 2122 270 2162 Νεμέαν
288 2120 430 2161 Ἀργείων
451 2121 591 2160 ἀγόντων
607 2120 715 2151 θυσίαν
734 2123 778 2159 τῷ
796 2120 844 2151 Διὶ
866 2121 882 2151 ὁ
907 2120 1006 2151 Βίτων
1020 2120 1081 2151 ὑπὸ
1098 2120 1155 2160 ῥώ-

101 2179 159 2210 μης
172 2179 205 2200 τε
221 2168 273 2198 καὶ
287 2167 395 2207 ἰσχύος
411 2170 522 2207 ταῦρον
538 2166 688 2207 ἀράμενος
705 2167 842 2206 ἤνεγκεν.
861 2168 887 2197 ll
898 2190 907 2206 ,
923 2170 961 2197 22
973 2190 981 2205 ,
996 2169 1027 2205 3,
1041 2165 1081 2198 de
1098 2175 1155 2197 an-

101 2215 194 2255 tiquo
205 2213 377 2246 simulacro
391 2213 480 2245 Jovis
493 2214 630 2249 εΑυκέας
642 2214 695 2254 μὲν
707 2213 759 2245 οὖν
771 2214 801 2244 ἐν
813 2216 875 2249 τοῖς
891 2214 996 2244 ἔπεσιν
1011 2213 1156 2250 ἐποίησεν

101 2263 276 2305 Μηχανέως
289 2262 325 2293 τὸ
339 2261 464 2301 ἄγαλμα
479 2261 556 2292 εἶναι
571 2262 642 2297 Διὸς
655 2262 720 2292 κτλ.
738 2263 764 2293 ll
778 2285 786 2300 ,
802 2265 840 2292 23
850 2285 859 2300 ‚
874 2264 906 2298 8,
920 2260 960 2292 de
974 2261 1094 2300 templo
1110 2260 1155 2292 Li-

101 2310 168 2342 beri
181 2309 280 2342 Cresii
297 2322 303 2340 :
322 2309 445 2344 Λυκέας
461 2309 494 2340 δὲ
506 2309 587 2348 λέγει
606 2308 919 2348 κατασκευαζομένου
941 2308 1081 2348 δεύτερον
1102 2311 1156 2339 τοῦ

103 2359 181 2388 ναοῦ
195 2355 350 2396 κεραμέαν
363 2355 520 2396 εὑρεθῆναι
535 2357 666 2397 σορὸν...
680 2356 733 2386 καὶ
750 2354 843 2386 αὐτόν
856 2365 889 2385 τε
902 2355 955 2386 καὶ
973 2355 1082 2391 ἄλλους
1095 2359 1157 2387 τῶν

103 2403 246 2445 Ἀργείων
259 2403 333 2434 ἰδεῖν
348 2402 405 2442 ἔφη
418 2403 472 2439 τὴν
486 2403 591 2443 σορόν.
605 2402 654 2433 Cf.
663 2401 795 2433 Preller.
808 2400 849 2432 ad
863 2401 1024 2432 Polemon.
1036 2410 1067 2442 p.
1089 2405 1155 2434 168.

103 2450 255 2481 ceterum
268 2449 352 2481 idem
367 2451 426 2489 est,
442 2449 500 2481 nisi
513 2450 616 2489 fallor,
637 2449 780 2481 Cicilius
792 2450 885 2488 poeta
899 2448 1046 2488 Argivus,
1061 2457 1157 2489 quem

103 2497 287 2537 περιήγησιν
303 2496 445 2532 Ἑλλάδος
465 2497 626 2536 scripsisse
640 2497 684 2527 ait
703 2495 844 2527 Eudocia
861 2496 944 2527 Viol.
964 2504 996 2536 p.
1016 2499 1088 2528 270.
1108 2496 1156 2527 Ni·

105 2542 148 2574 hil
162 2542 202 2575 de
215 2544 262 2575 liis
278 2543 375 2575 habet
389 2543 502 2575 Suidas
513 2552 544 2575 v.
559 2543 688 2580 κικίλιος
699 2567 707 2581 ,
725 2544 780 2583 qui
798 2543 909 2575 Cicilio
924 2543 1039 2583 Argivo
1057 2545 1159 2583 poetae

105 2589 183 2621 nihil
198 2590 258 2622 nisi
271 2591 436 2622 Ἁλιευτικὰ
452 2591 516 2629 (ex
528 2591 642 2622 Athen.
661 2599 693 2630 p.
710 2594 745 2622 13
756 2614 765 2630 ‚
778 2592 815 2622 C.
831 2590 842 2630 )
859 2590 984 2622 tribuit.
999 2609 1039 2616 -—
1053 2590 1158 2622 Alium

106 2638 245 2677 Lyceam
259 2637 291 2668 in
304 2637 399 2668 inser.
420 2638 485 2669 Att.
503 2646 534 2668 v,
549 2646 599 2677 ap.
618 2637 758 2669 Boeckh.
780 2639 817 2669 C.
835 2639 860 2669 1.
883 2639 915 2676 l,
934 2646 964 2677 p.
986 2642 1064 2677 298,
1083 2639 1136 2669 42.

303 2758 371 2798 DE
400 2759 568 2798 REBUS
598 2729 972 2798 AEGanoRnM.

151 2833 168 2862 3
175 2853 182 2859 .
194 2828 319 2861 Tachos
327 2852 336 2869 ,
351 2837 409 2860 rex
419 2828 643 2870 AEgyptiorum
653 2852 663 2868 ,
676 2828 860 2861 ludificatus
869 2829 1050 2870 Agesilaum
1060 2831 1159 2862 Lace-

109 2879 343 2912 daemoniorum
358 2889 465 2920 regem
474 2904 484 2920 ‚
502 2889 605 2921 quum
619 2880 799 2912 advenisset
809 2881 971 2921 suppetias
984 2881 1012 2913 ei
1025 2882 1159 2921 laturus,

108 2934 254 2973 essetque
272 2933 363 2965 brevi
384 2934 524 2972 statura,
542 2942 640 2974 regno
661 2933 801 2973 excidit,
819 2933 987 2966 deficiente
1012 2934 1054 2966 ab
1074 2935 1161 2967 illius

109 2985 259 3017 societate
274 2986 427 3026 Agesilao.
447 2987 524 3018 Erat
537 2982 645 3018 autem
658 2986 828 3018 dicterium
846 2985 915 3025 ejus
929 2986 991 3018 hoc
1007 2996 1014 3017 :

144 3058 317 3087 Parturibat
329 3066 431 3094 mons,
441 3059 623 3096 timebatque
631 3058 772 3096 Juppiter
781 3068 788 3086 =
798 3060 828 3087 at
842 3058 890 3087 ille
902 3059 1020 3095 peperit
1033 3067 1158 3089 murem.

111 3122 184 3158 Quo
211 3122 321 3154 audito
345 3123 446 3155 iratus
458 3124 620 3164 Agesilaus
633 3124 697 3156 ait:
709 3136 725 3151 «
740 3126 806 3163 Ego
820 3132 896 3155 vero
913 3123 972 3155 tibi
987 3124 1161 3164 aliquando

111 3173 242 3206 videbor
255 3183 322 3207 esse
340 3175 402 3207 leo.
422 3188 438 3203 u
457 3176 579 3208 Dein'de
606 3176 828 3208 deficientibus
849 3176 890 3207 ab
906 3176 962 3208 illo
987 3177 1160 3217 AEgyptiis,

110 3228 148 3259 ut
162 3228 387 3269 Theopompus
402 3230 511 3261 narrat
524 3231 556 3261 et
572 3231 690 3270 Lyceas
701 3230 886 3262 Naucratita
906 3230 938 3261 in
949 3230 1141 3270 AEgyptiacis
1150 3254 1159 3270 ‚

110 3279 232 3311 nullam
243 3280 272 3311 ei
284 3288 378 3320 opem
390 3280 492 3313 serens
502 3281 665 3322 Agesilaus
674 3290 712 3314 eo
722 3281 845 3322 adegit,
856 3283 893 3313 ut
903 3291 1001 3322 regno
1012 3282 1162 3314 excidens

111 3330 150 3363 ad
166 3333 276 3364 Persas
292 3333 488 3373 confugeret.

473 3394 540 3432 DE
566 3394 802 3433 ERETRIA.

155 3460 354 3502 Herodotus,
381 3462 534 3494 Sardibus
565 3464 651 3503 gesta
681 3472 832 3504 narrans,
864 3464 1022 3504 quantum
1055 3464 1162 3504 potuit

2179 258 2250 295 441

1209 334 1372 386 βασιλευς
1388 335 1595 385 Ἀγησίλαον
1619 334 1781 388 σκώψας,
1801 337 1858 375 τὸν
1880 341 2167 391 Λακεδαιμονίων
2193 346 2260 394 βω

1208 393 1325 440 σιλέα,
1349 392 1398 431 ὅτ’
1418 389 1520 441 ἠλθεν
1542 395 1637 446 αὐτῷ
1668 395 1915 468 συμμαχήσων
1938 392 2003 447 (ἠν
2037 399 2108 472 γὰρ
2127 402 2259 453 βραχὺς

1207 452 1245 489 τὸ
1273 453 1418 502 σωμα),
1448 451 1585 499 ἰδιώτης
1612 453 1766 504 ἐγένετο,
1798 455 2012 500 ἀποστάντος
2039 459 2168 498 ἐκείνου
2197 463 2258 507 τῆς

1208 510 1426 562 συμμαχίας.
1450 510 1503 550 Τὸ
1524 509 1560 548 δὲ
1580 513 1736 561 σκῶμμα
1756 513 1847 550 τοῦτ’
1866 529 1908 559 ην

1291 598 1414 630 Ὤδινεν
1431 598 1517 640 ὄρος,
1531 599 1604 635 Ζεὺς
1617 598 1643 630 δ’
1661 599 1818 639 ἐφοὸεἴτο,
1836 601 1872 632 τὸ
1886 600 1911 632 δ’
1925 600 2026 633 ἔτεκεν
2045 606 2114 643 μῦν.

1206 666 1327 720 ‘'O-step
1341 668 1492 712 ἀκούσας
1508 671 1526 707 ὃ
1543 668 1760 720 Ἀγησίλαος,
1778 668 1838 707 καὶ
1855 671 2023 722 ὀργισθεὶς
2040 671 2120 724 ἔφη,
2138 691 2153 707 «
2171 676 2257 713 ψα-

1208 726 1360 776 νήσομαί
1374 743 1427 766 σοι
1447 726 1531 765 ποτὲ
1548 727 1608 766 καὶ
1623 727 1726 768 λέων.
1746 745 1761 762 w
1776 726 1947 781 ‘'Yetepov
1965 729 2032 782 γὰρ
2054 732 2254 783 ἀφισταμέ-

1208 802 1275 824 νων
1302 788 1370 824 τῶν
1388 786 1605 837 Αἰγυπτίων,
1625 786 1671 830 ὥς
1698 802 1782 839 φησι
1802 786 2016 838 Θεόπομπος
2046 789 2106 826 καὶ
2126 789 2263 833 Λυκέας

1209 846 1226 881 ὁ
1247 844 1494 896 Ναυκρατίτης
1513 846 1547 883 ἐν
1564 850 1634 888 τοῖς
1655 846 1922 896 Αἰγυπτιακοῖς,
1942 846 2039 884 οὐδὲν
2059 848 2153 898 αὐτῷ
2174 863 2261 897 συμ-

1208 902 1343 953 πράξας
1385 902 1547 950 ἐποίησεν
1583 903 1776 942 ἐκπεσόντα
1809 907 1871 951 τῆς
1906 906 2018 957 ἀρχῆς
2059 912 2178 958 φυγεῖν
2217 908 2264 950 εἰς

1211 960 1366 1013 Πέρσας.

1626 1075 1842 1090 ——QOQ—

1330 1196 1684 1255 LYSANIAS
1723 1198 2137 1258 MALLOTES.

1534 1343 1656 1381 ΠΕΡΙ
1688 1343 1950 1383 ΕΡΕΤΡΙΑΣ.

1266 1455 1456 1490 Plutarch.
1476 1456 1533 1490 De
1550 1456 1705 1504 malign.
1728 1456 1872 1494 Herod.
1899 1470 1930 1492 c.
1949 1462 1996 1500 24
2026 1471 2034 1493 :
2059 1457 2121 1496 Ἐν
2138 1457 2174 1496 δὲ
2195 1461 2267 1502 τοῖς

1212 1510 1333 1562 ἐφεξῆς
1352 1509 1396 1548 τὰ
1416 1526 1496 1563 περι
1518 1511 1666 1563 Σάρδεις
1685 1511 1910 1564 διηγούμενος
1939 1515 1950 1564 (
1963 1514 2194 1568 “Ηρο’δοτος),
2221 1520 2267 1561 ὡς

1213 1570 1291 1615 ἐνῆν
1327 1569 1481 1619 μάλιστα
1512 1570 1646 1609 διέλυσε
1676 1570 1737 1608 καὶ
1770 1571 2004 1621 διελυμήνατο
2034 1574 2097 1621 τὴν
2129 1575 2267 1629 πρᾶξιν*

1214 1630 1254 1671 ἃς
1275 1627 1337 1677 μὲν
1356 1628 1530 1675 Ἀθηναῖοι
1546 1633 1628 1672 ναῦς
1646 1628 1846 1683 ἐξέπεμψαν
1861 1629 1960 1670 Ἴωσι
1977 1633 2161 1685 τιμωροὺς,
2180 1636 2268 1673 ἀπο·

1214 1701 1317 1725 στασι
1338 1686 1525 1738 βασιλέως,
1547 1687 1765 1740 ἀρχεκάκους
1785 1689 1968 1739 τολμήσας
1987 1698 2199 1742 προσειπεῖν,
2216 1693 2268 1731 ὅτι

1213 1745 1385 1789 τοσαύτας
1402 1744 1520 1788 πόλεις
1531 1745 1592 1783 καὶ
1608 1747 1824 1793 τηλικαύτας
1843 1747 2053 1795 Ἑλληνίδας
2070 1751 2267 1800 ἐλευθεροῦν

1215 1803 1445 1855 ἐπεχείρησαν
1466 1803 1534 1841 ἀπὸ
1549 1820 1617 1841 των
1634 1804 1837 1857 βαρὸάρων,
1858 1805 2064 1860 Ἐρετριέων
2086 1807 2121 1846 δὲ
2139 1810 2267 1861 κομιδῇ

1215 1862 1410 1911 μνησθεὶς’
1396 1877 1432 1899 εν
1451 1878 1541 1913 παρε
1534 1862 1638 1915 ’ργω,
1658 1863 1717 1901 καὶ
1738 1864 2025 1916 παρασιωπήσας
2042 1866 2132 1918 μέγα
2147 1867 2270 1920 κατόρ-

1214 1924 1314 1971 θωμα
1342 1937 1402 1959 και
1422 1921 1593 1970 ἀοίδιμον.
1615 1919 1710 1969 ’Ἤδη
1730 1923 1836 1975 γὰρ“
1818 1923 1895 1966 mg*
1899 1924 2003 1970 *τὴν
2020 1924 2157 1963 Ἰωνίαν
2176 1942 2268 1977 συγ-

1214 1980 1429 2030 κεχυμένην,
1446 1979 1505 2017 καὶ
1521 1979 1643 2018 στόλου
1660 1982 1844 2031 βασιλικου
1861 1982 2137 2035 προσπλέοντος,
2154 1986 2267 2023 ἀπαν-

1215 2037 1384 2084 ’πή-σαντες
1419 2038 1483 2083 ἔξω
1519 2038 1697 2090 Κυπρίους
1732 2055 1767 2077 εν
1803 2056 1853 2077 τι)
1889 2042 2088 2095 Παμφυλίῳ
2122 2044 2269 2094 πελάγει

1218 2097 1562 2149 κατεναυμάχησαν·
1588 2092 1648 2135 εἰτ’
1671 2099 1982 2152 ἀναστρέψαντες’
1967 2101 2102 2149 οπίσω,
2125 2102 2186 2140 καὶ
2207 2103 2269 2147 τὰς

1215 2171 1297 2199 ναυς
1324 2157 1359 2193 ἐν
1383 2155 1523 2209 Ἐφέσῳ
1546 2157 1817 2205 καταλιπόντες,
1835 2157 1997 2197 ἔπέθεντο
2017 2159 2185 2212 Σάρδεσι,
2207 2177 2268 2200 και

1216 2214 1449 2267 Ἀρταφέρνην
1477 2215 1715 2268 ἐπολιόρκουν,
1736 2218 1781 2260 εἰς
1805 2217 1867 2264 τὴν
1898 2218 2086 2270 ἀκρόπολιν
2105 2236 2263 2274 καταφυ-

1216 2273 1343 2324 γόντα,
1367 2273 1571 2325 βουλόμενοι
1587 2274 1649 2322 τὴν
1671 2275 1831 2322 Μιλήτου
1851 2277 1956 2314 λῦσαι
1975 2278 2190 2331 πολιορκίαν·
2207 2279 2268 2316 καὶ

1219 2336 1318 2371 τοῦτο
1333 2332 1394 2382 μὲν
1411 2332 1578 2386 ἔπραξαν,
1597 2334 1657 2372 καὶ
1670 2350 1748 2378 τους
1763 2336 1848 2373 πολε
1835 2335 1950 2384 εμίους
1968 2334 2163 2384 ἀνέστησαν
2177 2338 2268 2375 εκεῖ-

1219 2394 1288 2440 Οεν,
1311 2392 1345 2429 ἐν
1366 2391 1463 2444 φόὸῳ
1480 2394 1672 2444 θαυμαστῳ
1691 2393 1912 2444 γενομένους·
1929 2393 2081 2440 πλήθους
2101 2395 2130 2432 δ’
2147 2396 2271 2447 ἐπιχυυ

1219 2449 1332 2493 θέντος
1359 2451 1492 2497 αὐτοῖς,
1514 2450 1768 2502 ἀπεχώρησαν.
1831 2453 1954 2490 Ταῦτα
1980 2453 2010 2489 δ’
2034 2453 2134 2491 ἄλλοι
2153 2469 2189 2491 τε
2210 2454 2270 2491 καὶ

1220 2506 1397 2551 Λυσανίας
1417 2510 1435 2546 ὃ
1455 2509 1656 2556 Μαλλώτης
1676 2510 1711 2546 ἐν
1734 2515 1804 2553 τοῖς
1826 2510 1914 2562 Περὶ
1935 2510 2115 2563 Ἐρετρίας
2136 2511 2265 2563 εἴρηκε,

1272 2570 1434 2605 Aliunde
1451 2569 1499 2605 de
1512 2571 1585 2606 hoc
1598 2572 1754 2617 Lysania
1767 2583 1845 2606 non
1859 2579 2019 2610 constat.
2032 2574 2088 2608 De
2105 2574 2270 2620 Lysania

1220 2628 1397 2675 Cyrenaeo
1418 2641 1454 2666 v.
1485 2636 1566 2664 not.
1600 2629 1648 2665 ad
1667 2629 1714 2668 fr.
1746 2643 1790 2665 21
1819 2631 2045 2678 Lysimachi.
2074 2633 2131 2667 De
2154 2644 2195 2667 re
2218 2631 2267 2667 cf.

1222 2745 1288 2768 rem
1306 2737 1486 2769 debilitavit
1510 2739 1608 2779 atque
1623 2740 1792 2779 corrupit:
1819 2748 1936 2780 naves,
1959 2749 2038 2781 quas
2066 2741 2272 2773 Athenienses

1222 2790 1353 2822 Ionibus
1378 2791 1432 2831 qui
1458 2800 1477 2822 a
1500 2800 1572 2832 rege
1596 2791 1780 2824 defecerant
1807 2793 1949 2826 tutandis
1974 2794 2150 2833 miserunt,
2175 2802 2273 2825 ausus

1220 2842 1394 2874 malorum
1416 2851 1532 2874 vocare
1545 2845 1702 2879 initium,
1720 2843 1805 2884 quod
1819 2846 1867 2876 tot
1884 2846 2051 2886 tantasque
2068 2846 2199 2877 Graecas
2216 2854 2270 2875 ur-

1220 2886 1278 2925 bes*
1292 2902 1311 2925 a
1333 2894 1477 2925 barbaris
1502 2894 1637 2925 liberare
1665 2897 1883 2928 conarentur:
1912 2897 2141 2928 Eretriensium
2164 2897 2271 2928 autem

1220 2946 1323 2978 obiter
1335 2946 1510 2977 admodum
1524 2946 1642 2978 faciens
1658 2947 1853 2979 mentionem
1863 2973 1872 2988 ‚
1885 2957 2102 2990 magnumque
2116 2958 2228 2981 eorum
2240 2951 2272 2980 et

1221 2999 1409 3039 praeclarum
1428 2999 1549 3030 facinus
1562 2999 1697 3031 reticens
1713 3008 1750 3031 ac
1770 3001 1986 3033 memorabile.
2005 3004 2077 3034 Jam
2101 3002 2186 3034 enim
2200 3002 2269 3032 tur-

1221 3050 1303 3082 batis
1327 3050 1426 3082 ioniae
1458 3050 1572 3090 rebus,
1603 3050 1702 3082 classe
1736 3051 1820 3091 regia
1843 3052 2076 3093 adnavigante,
2102 3053 2187 3084 foras
2211 3052 2270 3083 ob-

1222 3102 1305 3132 viam
1316 3103 1440 3141 euntes,
1455 3102 1588 3142 Cyprios
1601 3102 1634 3133 in
1644 3103 1723 3134 mari
1738 3103 1924 3144 Pamphylio
1937 3113 2043 3144 pugna
2059 3103 2164 3135 navali
2178 3103 2271 3135 ‹ievi-

1221 3154 1345 3184 cerunt.
1375 3155 1450 3185 Post
1471 3153 1542 3184 haee
1554 3155 1640 3185 retro
1657 3154 1820 3194 conversi,
1840 3156 1977 3187 navibus
1999 3155 2084 3196 apud
2110 3155 2269 3195 Ephesum

1222 3204 1355 3244 relictis,
1373 3205 1486 3237 Sardes
1506 3205 1610 3237 adorti
1624 3207 1718 3246 sunt,
1734 3208 1767 3238 et
1782 3207 2011 3247 Artaphernem
2022 3231 2031 3247 ,
2046 3207 2101 3247 qui
2116 3206 2147 3237 in
2163 3214 2269 3237 arcem

1221 3256 1423 3296 confugerat,
1441 3256 1653 3298 obsederunt,
1677 3259 1714 3289 ut
1729 3258 1874 3290 Miletum
1891 3258 2057 3290 obsidione
2073 3258 2243 3289 liberarent
2259 3269 2266 3287 :

1221 3308 1308 3348 quod
1323 3311 1357 3340 et
1374 3309 1536 3340 consecuti
1552 3310 1645 3350 sunt,
1665 3310 1834 3351 hostesque
1849 3310 1987 3342 mirabili
2006 3312 2128 3342 terrore
2143 3309 2267 3349 percul-

1221 3369 1272 3392 sos
1290 3360 1362 3392 inde
1374 3363 1564 3393 amoverunt
1590 3372 1597 3393 :
1617 3363 1694 3403 ipsi,
1712 3363 1917 3395 multitudine
1933 3363 2085 3395 obrutum
2107 3370 2140 3393 se
2165 3361 2203 3392 iri
2218 3360 2266 3391 vi-

1221 3411 1348 3452 dentes,
1364 3414 1573 3445 recesserunt.
1599 3415 1675 3446 Haec
1692 3423 1795 3454 quum
1808 3414 1882 3453 alii,
1903 3416 1972 3446 tum
1991 3413 2141 3453 Lysanias
2150 3412 2264 3444 Mallo-

1223 3466 1270 3496 tes
1284 3465 1315 3497 in
1329 3474 1423 3506 opere
1437 3468 1483 3499 De
1497 3467 1619 3499 Eretria
1632 3467 1837 3507 scripserunt.
