2372 3704
101 243 177 276 ⁴50
236 219 249 233 ⁴

101 324 288 375 γράμμασί
302 337 406 376 φασιν
421 321 545 365 οὕτως·
559 341 572 355 α
585 318 693 360 ’Ἐστι
711 321 747 360 δὲ
767 321 828 360 καὶ
849 322 955 372 δῆμος
972 324 1146 375 Κεραμει-

101 383 175 426 κός·
187 382 255 420 εἶσὶ
275 381 310 420 δὲ
330 381 423 420 ἔνθεν
441 380 501 420 καὶ
521 380 614 419 ἔνθεν
630 381 756 427 στῆλαι
773 380 830 418 ἐπὶ
849 383 918 425 τοῖς
930 380 1082 432 δημοσίᾳ
1095 396 1149 418 τε·

102 440 301 491 θαμμένοις,
313 440 457 492 ἔχουσαι
475 439 680 492 ἐπιγραφὰς,
700 442 766 477 ποῦ
778 437 923 483 ἕκαστος
934 438 1118 478 ἀπέθανεν.
1131 456 1146 472 ν

155 501 411 549 Harpocratio
442 513 449 535 :
476 497 743 550 Κεραμεικός...
765 497 817 535 ὅτι
836 496 866 549 β’
888 496 954 535 εἰσὶ
975 499 1151 549 Κεραμει-

102 557 157 595 κοὶ
170 585 180 603 ,
203 559 247 600 ὡς
264 556 324 595 καὶ
343 559 360 595 6
381 557 497 610 ῥήτωρ
518 555 723 608 (Ἀντιφῶν)
743 555 860 608 φησὶν,
874 558 891 594 6
905 555 968 606 μὲν
986 554 1081 594 ἔνδον
1092 557 1153 602 τῆς

102 615 250 664 πόλεως,
269 617 287 653 6
304 613 339 653 δὲ
353 613 466 668 ἕτερος
476 614 552 662 ἔξω,
572 614 651 653 ἔνθα
671 615 732 652 καὶ
745 613 822 657 τοὺς
833 615 866 651 ἐν
884 613 1030 666 πολέμῳ
1041 616 1151 652 τελευ-

102 674 277 720 τήσαντας
294 674 440 712 ἔθαπτον
461 673 612 726 δημοσίᾳ
625 673 684 712 καὶ
704 672 781 717 τοὺς
800 673 1002 725 ἐπιταφίους
1019 673 1151 724 ἔλεγον,

105 734 204 781 δηλοῖ
228 733 475 785 Καλλικράτης
491 732 514 779 ἢ
549 733 730 779 Μενεκλῆς
746 733 780 770 ἓν
803 734 854 784 τῷ
876 731 964 781 Περὶ
984 731 1151 779 Ἀθηνῶν.

155 793 271 842 Apud
287 794 405 829 schol.
426 794 540 830 Arist.
564 791 815 842 Καλλικράτης
834 791 949 828 codd.
967 794 1098 830 Venet.
1120 800 1156 827 et

103 853 324 898 Ravennas3
344 849 606 901 Καλλίστρατος
619 851 745 887 Aldin.
760 850 873 898 Apud
889 849 1043 886 Suidam
1062 850 1157 887 Καλ-

103 908 292 960 λιστράτης
309 910 421 947 codd.
436 912 482 946 A.
501 912 543 949 B.
561 911 604 947 E.
623 911 675 955 V;
694 906 958 958 Καλλίστρατος
973 907 1024 945 V*
1040 909 1157 945 Bern-

104 969 254 1016 hardyi.
285 968 425 1004 Eadem
449 967 649 1004 fluctuatio
685 967 787 1015 apud
827 966 1053 1014 Harpocrat.
1090 967 1158 1003 ubi

106 1027 183 1063 duo
210 1026 324 1065 codd.
348 1024 610 1078 Καλλικράτης.
646 1026 886 1063 Callicratem
913 1037 1047 1060 verum
1081 1037 1159 1061 esse

105 1096 246 1121 nomen
276 1097 323 1121 eo
356 1086 482 1120 minus
512 1084 678 1120 dubitari
711 1091 858 1132 potest,
895 1095 972 1131 quo
1011 1083 1159 1119 facilius

104 1145 257 1191 ignotus
278 1142 354 1179 fere
373 1143 565 1191 periegeta
586 1155 673 1182 cum
691 1142 886 1178 notissimo
909 1142 1159 1190 grammatico

106 1208 358 1251 permutatur.
379 1222 433 1227 -
452 1202 526 1236 Pro
552 1197 612 1236 καὶ
634 1199 750 1240 Καλλ.
768 1212 829 1249 ap.
852 1200 973 1236 schol.
995 1207 1032 1236 et
1051 1200 1157 1238 Suid.

105 1267 300 1309 praestaret
326 1260 493 1295 scribere
520 1256 542 1303 ἢ
575 1258 687 1296 Καλλ.
717 1280 770 1286 --
800 1259 835 1294 ἐν
865 1263 936 1300 τοῖς
964 1266 1051 1295 ante
1073 1255 1162 1309 Περι

107 1316 258 1362 Ἀθηνῶν
279 1330 340 1366 ap.
362 1318 482 1355 schol.
508 1317 653 1366 praebet
673 1317 760 1355 cod.
779 1316 959 1354 Marcian.
981 1317 1027 1362 G;
1048 1318 1163 1353 ceteri

109 1384 146 1413 et
173 1376 306 1412 Suidas
333 1377 526 1411 omittunt.
554 1397 608 1402 -
635 1376 755 1412 Uncis
783 1388 845 1424 ap.
870 1375 987 1410 schol.
1019 1376 1163 1412 inclusa

105 1437 269 1483 glossam
285 1436 493 1471 scholiastae
509 1446 586 1471 esse
602 1441 733 1470 monet
748 1433 983 1471 Dindorfius.

163 1596 1039 1647 501101.Αῐ·15ῐ.Ραο.145;,Καλλικράτης
1060 1597 1163 1649 φησὶν

110 1658 132 1702 ἢ
152 1657 362 1702 Μενεκλῆς’
347 1671 382 1693 εν
392 1671 442 1692 τω
463 1654 550 1707 Περὶ
565 1655 715 1700 Ἀθηνων
730 1654 872 1728 γράφων
888 1653 1014 1698 οὕτως·
1031 1672 1046 1689 «
1060 1653 1164 1706 Ἔχει

113 1714 149 1752 δὲ
169 1717 187 1752 ὁ
208 1713 390 1766 Πειραιευς
414 1694 557 1764 λιμένας
577 1714 688 1765 τρεῖς,
716 1713 851 1756 πάντας
878 1713 1070 1757 κλειστους.
1103 1707 1166 1756 Εἷς

111 1772 176 1822 μέν
196 1774 270 1810 ἐστι
289 1775 307 1810 6
327 1772 510 1833 Κανθάρου
530 1771 637 1822 λιμὴν
658 1770 928 1822 καλούμενος,’
913 1787 948 1809 εν
969 1775 998 1824 ῳ
1017 1770 1062 1810 τὰ
1082 1771 1165 1809 νεώ-

113 1847 169 1884 ρια
191 1831 378 1879 ἑξήκοντα,
408 1834 484 1868 εἶτα
506 1830 734 1883 Ἀφροδίσιον,
751 1824 864 1868 εἶτα*
885 1830 1005 1884 κύκλῳ
1024 1846 1083 1868 του
1111 1832 1166 1868 λι-

114 1889 217 1939 μένος
237 1888 336 1927 στοαὶ
357 1904 399 1926 πε
394 1888 474 1927 ’ντε.
500 1906 514 1921 n

166 1946 436 1999 Καλλικράτης]
461 1949 514 1984 sic
538 1949 576 1986 h.
594 1949 619 1987 l.
642 1961 771 1984 omnes
791 1948 896 1986 libri.
915 1969 968 1976 —
985 1946 1167 1998 ἑξηκοντα]

112 2005 283 2053 ἐξήσκητο
300 2008 361 2043 vel
385 2005 626 2058 ἐξῳκοδόμητο
650 2007 751 2054 conj.
784 2008 966 2046 Dindorf.
1000 2011 1097 2044 Ante
1131 2021 1166 2044 v,

112 2065 231 2118 κύκλῳ
253 2067 434 2103 excidisse
458 2067 610 2103 videtur
629 2068 773 2102 mentio
789 2069 908 2116 partis
931 2069 1062 2113 tertiae,
1086 2081 1168 2116 quae

113 2134 194 2163 erat
224 2139 403 2175 magnum
430 2124 613 2177 ἐμπόριον,
634 2128 705 2162 nisi
731 2127 810 2162 haec
831 2140 917 2176 pars
943 2126 1019 2164 κατ’
1045 2126 1167 2178 ἐξοχὴν

115 2182 222 2232 λιμὴν
253 2185 329 2220 sive
358 2182 540 2235 Πειραιεὺς
561 2186 838 2234 appellabatur.
867 2189 909 2224 V.
931 2187 1100 2231 Ulrichs,
1122 2187 1169 2224 Οἱ

117 2241 253 2292 λιμένες
270 2241 329 2279 καὶ
356 2241 400 2279 τὰ
433 2244 551 2293 μακρὰ
583 2242 685 2294 τείχη
716 2244 784 2280 τῶν
823 2242 993 2291 Ἀθηνῶν,
1029 2246 1166 2281 Athen.

115 2301 233 2348 1843,
247 2315 285 2350 p.
302 2301 339 2347 8,
357 2314 470 2349 quem
484 2303 626 2338 librum
639 2303 825 2350 inspicere
842 2304 1024 2339 mihinon
1040 2305 1166 2349 licuit3

116 2361 318 2408 Forbiger.
345 2361 476 2407 Geogr.
495 2362 566 2406 ΙΙΙ,
588 2374 629 2410 p.
648 2366 738 2409 944.

617 2448 653 2486 5.

96 2573 102 2576 Α
172 2524 429 2571 Harpocratio
459 2534 469 2561 ε
494 2521 644 2575 Ἑρμαῖ.
678 2525 858 2570 Μενεκλῆς
873 2523 896 2570 ἢ
925 2524 1172 2577 Καλλικράτης

119 2583 154 2619 ἐν
171 2582 220 2634 τῷ
238 2580 328 2633 Περὶ
343 2580 493 2627 Ἀθηνῶν
510 2581 636 2634 γράφει
655 2582 762 2620 τουτί·
782 2599 800 2618 α
815 2582 900 2621 Ἀπὸ
920 2582 987 2635 γὰρ
1001 2586 1064 2630 τῆς
1082 2586 1171 2623 Ποι-

119 2693 225 2724 verbis
238 2692 343 2724 hisce:
360 2692 556 2725 «Omnishic
570 2693 660 2726 locus
670 2694 847 2734 appellatur
867 2695 1064 2727 Ceramicus.
1084 2695 1173 2728 Idem

120 2745 206 2777 enim
219 2745 332 2777 demus
344 2747 401 2778 est.
416 2745 663 2778 Ambulantibus
680 2746 733 2778 liic
748 2747 812 2779 illic
828 2747 1069 2787 conspiciuntur
1090 2748 1173 2788 cippi

121 2797 159 2829 iis
178 2797 289 2838 positi,
313 2798 371 2838 qui
398 2797 536 2829 civitatis
563 2797 746 2839 sumptibus
767 2799 966 2840 sepulturam
984 2799 1068 2831 nacti
1084 2801 1170 2832 sunt.

121 2848 279 2888 Inscripta
292 2848 379 2880 stelis
394 2849 525 2880 nomina
539 2849 682 2881 locorum
693 2873 702 2890 ,
722 2849 777 2882 ubi
794 2850 931 2892 quisque
946 2851 1071 2883 obierit.
1094 2863 1109 2879 »ι

632 2906 666 2936 4.

165 2962 350 2994 Callicrates
368 2963 418 2994 vel
440 2964 598 2996 Menecles
614 2965 645 2996 in
663 2964 743 2997 libro
760 2967 807 2998 Dc
825 2965 956 2998 Athenis
971 2965 1016 2997 ita
1043 2966 1172 2998 scribit:

123 3014 264 3045 Piraeeus
278 3015 387 3054 portus
403 3015 499 3046 habet
512 3016 594 3054 tres,
610 3016 666 3056 qui
680 3025 790 3049 omnes
800 3017 905 3048 claudi
924 3019 1066 3058 possunt.
1086 3020 1175 3050 Unus

124 3074 237 3097 eorum
255 3066 302 3097 est
318 3065 470 3098 canthari
496 3067 626 3106 portus,
653 3077 749 3108 quem
778 3068 909 3109 dicunt;
930 3069 960 3100 in
986 3078 1024 3101 eo
1048 3069 1175 3101 navalia

124 3119 199 3149 sunt
213 3116 377 3156 sexaginta
391 3116 520 3149 navium
532 3119 801 3158 capacia;deiu‹le
815 3120 1175 3161 Aphrodisiumssleinde

125 3178 279 3210 magnum
294 3170 473 3210 emporium
483 3193 491 3208 ,
505 3171 536 3202 et
550 3171 635 3203 circa
651 3172 683 3204 id
699 3173 841 3214 porticus
856 3174 1007 3214 quinque.

634 3224 667 3255 5.

168 3279 326 3311 Menecles
338 3281 404 3312 sive
416 3280 605 3313 Callicrates
619 3282 649 3313 in
661 3291 755 3323 opere
765 3285 810 3315 De
825 3285 954 3316 Athenis
964 3284 1074 3317 scribit
1085 3285 1154 3317 liaec
1168 3298 1175 3317 ι

129 3344 143 3358 u
166 3335 186 3362 Α
208 3331 322 3363 Poecile
337 3333 370 3363 et
390 3340 407 3362 a
425 3333 549 3372 porticu
570 3334 655 3373 regia
682 3336 757 3366 sunt
776 3337 900 3366 llcrmre
926 3336 979 3376 qui
1006 3336 1158 3368 dicuntur

128 3391 229 3422 quum
244 3382 328 3413 euim
344 3383 436 3414 multi
453 3383 516 3415 sint
529 3385 560 3415 et
571 3393 588 3415 a
601 3385 730 3424 privatis
743 3387 774 3417 et
788 3395 806 3416 a
824 3387 1058 3426 magistratibus
1071 3388 1176 3428 positi,

129 3435 190 3467 lioc
202 3435 288 3467 nacti
304 3437 378 3468 sunt
393 3445 518 3468 nomeu.
541 3439 574 3469 ln
597 3446 660 3468 uuo
675 3446 785 3469 eorum
813 3439 998 3479 inscriptum
1016 3442 1062 3472 est
1081 3440 1178 3473 literis

922 233 1178 275 umacus
1205 233 1437 284 BARCAEI,

1211 321 1310 368 κίλης
1329 321 1388 360 καὶ
1405 314 1465 368 τῆς
1486 323 1544 359 τοῦ
1564 319 1733 374 βασιλέως
1753 325 1857 364 στοᾶς
1878 320 1965 360 εἰσὶν
1987 322 2018 360 οἱ
2041 319 2172 374 Ἑρμαῖ
2195 336 2263 359 κα·
2307 334 2311 338 ·

1210 378 1390 430 λούμενοι·
1411 379 1468 417 διὰ
1484 379 1550 431 γὰρ
1565 379 1604 417 τὸ
1624 377 1773 422 πολλοὺς
1789 382 1924 417 κεῖσθαι
1944 379 2004 418 καὶ
2024 379 2092 418 ὑπὸ
2113 380 2264 418 ἰδιωτῶν

1212 437 1272 475 καὶ
1289 437 1467 490 ἀρχόντων
1488 437 1618 483 ταύτην
1635 436 1698 484 τὴν
1718 437 1954 490 προσηγορίαν
1977 437 2155 491 εἰληφέναι
2174 453 2266 487 συμ-

1213 495 1381 542 ὅέὸηκεν.
1407 495 1485 548 Ἐφ’
1512 495 1582 539 ἑνὸς
1602 495 1638 534 δὲ
1656 497 1770 534 αὐτῶν
1790 496 2268 549 ἐπιγέγραπταιγράμμασιν

1214 554 1384 606 ἀρχαίοις·
1399 553 1487 593 Ἀπ’
1501 552 1696 606 εὐεργεσίης
1711 553 1954 605 Ἀγαμέμνονα
1966 555 2074 601 δῆσαν
2087 554 2231 606 Ἀχαιοί.
2253 573 2268 589 υ

1268 613 1409 651 Eadem
1436 615 1594 650 Photius
1619 621 1656 650 et
1681 614 1822 651 suidas.
1853 613 1970 663 Apud
2001 615 2182 650 Photium
2213 621 2270 652 est

1217 670 1485 723 Καλλικράτης;
1507 684 1567 720 ap.
1597 673 1830 720 Harpocrat.
1857 670 2084 722 Ἀλλικράτης
2111 673 2198 711 cod.
2219 675 2268 718 D,

1218 729 1486 781 Καλλιστράτης
1503 733 1550 780 A,
1567 728 1804 777 καλλιστάτης
1817 730 1866 778 Β;
1880 732 2008 769 omisit
2021 733 2067 768 N.
2081 731 2272 768 Bekkerus

1215 790 1359 837 ubique
1379 790 1547 826 exhibuit
1572 787 1849 840 Καλλίστρατος.
1871 791 1944 839 Ap.
1976 790 2133 827 Suidam
2152 790 2267 827 codd.

1217 850 1263 886 A.
1290 849 1335 886 V.
1363 849 1408 885 E.
1440 855 1474 884 et
1501 847 1609 884 editt.
1637 855 1723 883 ante
1749 849 1957 884 Kiisterum
1987 846 2271 900 Καλλιστράτης.

1217 906 1452 954 Bernhardy.
1466 903 1739 957 Καλλίστρατος,
1748 906 1861 942 fidem
1869 907 2012 945 habens
2022 907 2147 944 Aldin.
2155 907 2272 945 schol.

1218 965 1413 1013 Aristoph.
1429 966 1497 1001 Av.
1509 963 1598 1013 395.
1613 963 1764 1015 -Περὶ
1782 963 1955 1016 Ἀθηνῶν]
1974 963 2065 1016 Περὶ
2084 963 2273 1012 Ἀθηναίων

1219 1023 1321 1059 libri.
1342 1045 1393 1050 —
1411 1022 1606 1073 βασιλέως]
1624 1022 1802 1074 βασιλείου
1818 1024 1970 1063 mallem
1986 1037 2073 1061 cum
2091 1025 2270 1062 Kiistero.

1729 1112 1768 1149 6.

1277 1186 1529 1234 Harpocratio
1546 1197 1556 1224 t
1575 1183 1839 1232 Ἑκατόμπεδον
1851 1213 1860 1221 .
1881 1214 1890 1223 .
1910 1216 1918 1224 .
1936 1184 1982 1224 Ὁ
1997 1184 2186 1238 Παρθενὼν
2206 1184 2275 1224 ὑπό

1222 1258 1324 1281 τινων
1334 1243 1596 1293 Ἑκατόμπεδος
1615 1245 1774 1282 ἐκαλεῖτο
1786 1243 1842 1282 δια
1858 1244 1984 1288 κάλλος
1996 1244 2056 1282 και
2068 1243 2272 1298 εὐρυθμίαν,

1223 1303 1262 1339 οὗ
1277 1301 1334 1340 διὰ
1349 1302 1502 1354 μέγεθος,
1516 1305 1562 1346 ὣς
1579 1302 1791 1349 Μενεκλῆςῆ
1811 1302 2086 1355 Καλλικράτης’
2071 1318 2105 1342 εν
2120 1305 2169 1355 τῶ
2182 1302 2274 1355 Περι

1223 1359 1389 1407 Ἀθηνῶν.
1438 1362 1594 1398 Plurimi
1633 1363 1748 1399 codd.
1784 1362 2074 1413 Καλλιστράτης;
2104 1356 2272 1400 Bekker.

1226 1418 1501 1471 Καλλίστρατος.

1607 1507 1707 1547 ΣΥΝ
1710 1508 1740 1546 Α
1746 1507 1896 1547 ΓΩΓΗ.

1546 1604 1576 1639 Ε
1603 1603 1755 1639 LIBRO
1782 1602 1955 1640 PRIMO.

1735 1697 1772 1730 7.

1281 1761 1481 1797 Athenaeus
1500 1761 1570 1807 IX,
1589 1773 1630 1809 p.
1654 1761 1781 1809 39o‚B
1795 1772 1803 1798 :
1817 1760 1996 1806 Μενεκλῆς
2007 1758 2036 1797 δ’
2047 1760 2080 1798 ε’ν
2101 1762 2144 1811 τῇ
2155 1758 2277 1812 πρώτῃ

1229 1820 1290 1864 τῆς
1309 1819 1522 1869 Συναγωγῆς
1540 1836 1553 1851 «
1577 1819 1624 1858 Οἱ
1643 1820 1822 1868 Πυγμαῖοι
1843 1818 1964 1871 (φησὶ)
1982 1818 2049 1862 τοῖς
2067 1818 2200 1871 πέρδιξι
2218 1821 2279 1858 καὶ

1230 1882 1297 1919 τοῖς
1312 1876 1468 1928 γεράνοις
1487 1878 1693 1927 πολεμοῦσι.
1717 1895 1731 1910 »ι
1752 1880 1807 1914 Ex
1825 1879 2004 1914 Athenaeo
2021 1889 2091 1917 sua
2106 1880 2275 1915 Eustath.

1229 1938 1267 1972 in
1284 1937 1327 1974 Il.
1352 1937 1391 1988 ψ,
1409 1936 1500 1982 653,
1518 1950 1559 1986 p.
1589 1936 1707 1975 1322.
1729 1941 1789 1983 47.
1812 1937 1958 1973 Titulus
1981 1937 2071 1973 libri
2099 1937 2278 1974 decurta-

1231 2001 1310 2039 tus,
1338 2002 1381 2030 ut
1409 1995 1572 2030 videtur.
1603 1995 1661 2034 Cf,
1698 1996 1783 2031 Istri
1804 1993 2021 2045 Συναγωγὴν
2050 1995 2120 2032 τῶν
2138 1996 2278 2047 Κρητι-

1230 2053 1300 2089 κῶν
1329 2053 1470 2102 θυσιῶν;
1494 2053 1711 2091 Philochori
1733 2052 1927 2104 Συναγωγὴ
1945 2048 2116 2105 ἡρωΐδων.

1715 2135 1790 2170 7ae

1552 2198 1955 2238 ΓΛΩΣΣΟΚΟΜΟΝ.

1286 2291 1418 2328 Suidas
1443 2305 1450 2327 :
1472 2289 1634 2329 Διακόν
1649 2305 1727 2330 ιον.
1753 2292 1798 2329 Οἵ
1826 2289 1888 2341 μὲν
1908 2289 1971 2336 τὴν
1991 2292 2052 2328 τοῦ
2071 2291 2283 2334 πλακοῦντος

1233 2350 1400 2401 κρηπῖδα.
1419 2351 1600 2396 Μενεκλῆς
1617 2348 1653 2386 δὲ
1670 2350 1704 2387 ἐν
1718 2350 1767 2401 τῷ
1780 2351 1808 2388 Γ
1810 2348 2027 2402 λωσσοκόμῳ
2037 2352 2147 2387 ταῦτα
2163 2348 2280 2401 εἴρηκε

1234 2408 1314 2459 περὶ
1335 2409 1439 2446 αὐτοῦ
1453 2423 1461 2431 ·
1483 2426 1498 2443 α
1521 2408 1695 2455 Ἀθηναῖοι
1711 2410 1761 2461 τῷ
1776 2406 1968 2446 Ἀπόλλωνι
1985 2407 2048 2454 τὴν
2062 2407 2281 2459 καλουμένην

1235 2469 1320 2520 Εἰρε
1305 2467 1450 2515 εσιώνην
1479 2467 1562 2505 ὅταν
1595 2469 1744 2514 ποιῶσι,
1777 2466 1987 2510 πλάττοντες
2014 2465 2121 2519 λύραν
2152 2481 2190 2504 τε
2220 2466 2281 2504 καὶ

1237 2526 1386 2573 κοτύλην
1399 2542 1459 2564 και
1475 2527 1596 2575 κλῆμα
1612 2526 1671 2564 και
1686 2497 1799 2564 ἄλλ’
1777 2540 1865 2563 αττα
1881 2527 2074 2577 κυκλοτερῆ
2093 2525 2276 2594 πέμματα,

1237 2601 1349 2622 ταυτα
1370 2587 1517 2623 καλοῦσι
1534 2584 1750 2624 διακόνιον.»

1233 2696 1372 2736 antiquis
1388 2709 1395 2727 ;
1413 2709 1426 2723 «

1234 2747 1356 2779 Aclilw'.
1377 2761 1392 2774 υ

1448 2699 1508 2728 Pro
1522 2697 1638 2728 collato
1654 2695 1811 2728 beneficio
1825 2698 2095 2736 Agamemnonem
2109 2699 2284 2737 posuerunt

1614 2814 1903 2854 COLLECTlO.
1916 2825 1922 2834 ·

1739 2904 1774 2935 7.

1274 2962 1433 2995 Menecles
1444 2962 1525 2995 libro
1538 2963 1642 3003 primo
1659 2963 1875 3002 collectioniS,
1894 2975 1908 2990 α
1923 2963 2074 3004 Pygmaei,
2091 2963 2149 3002 ait,
2171 2964 2282 2996 contra

1235 3014 1378 3055 perdices
1390 3015 1421 3047 et
1435 3023 1529 3054 grues
1545 3014 1665 3047 bellum
1682 3016 1806 3055 gerunt.
1827 3027 1841 3042 υ

1562 3093 1962 3134 GLOSSOCOMUM.

1728 3173 1802 3205 7a.

1279 3233 1498 3264 Diae-onium.
1516 3231 1655 3269 Quidam
1679 3231 1725 3262 sic
1738 3231 1854 3263 vocant
1870 3230 2026 3272 placentae
2046 3230 2199 3264 infusum.
2216 3234 2283 3264 Me-

1236 3284 1342 3316 necles
1354 3292 1429 3315 vero
1448 3283 1482 3315 in
1501 3283 1706 3315 Glossocomo
1718 3283 1758 3315 de
1769 3291 1848 3314 voce
1863 3283 1923 3314 ista
1934 3283 1979 3315 sic
1994 3283 2103 3315 scribit
2127 3296 2134 3315 :
2153 3296 2167 3310 ιι
2186 3284 2281 3316 Athe-

1166 3348 1175 3375 ;
1199 3362 1202 3366 .
1237 3336 1360 3368 nienses
1377 3336 1536 3368 [resionen
1549 3337 1595 3368 sic
1611 3335 1730 3367 dictam
1746 3336 1881 3376 Apollini
1906 3337 2070 3376 parantes,
2093 3336 2206 3376 lyram,
2226 3344 2283 3367 co-

1238 3389 1335 3429 tylam
1347 3412 1356 3425 ,
1373 3389 1560 3429 pampinum
1585 3389 1728 3429 aliasque
1746 3389 1908 3429 placentas
1924 3388 2075 3421 rotundas
2090 3388 2282 3427 conficiunt,

1238 3449 1355 3481 easque
1372 3440 1552 3472 diaconium
1568 3441 1691 3472 vocant.
1711 3453 1726 3468 υ
