2326 3724
103 167 122 197 7
132 167 151 197 2
963 167 1130 208 PRISCI
1158 170 1363 211 PANITAE

90 260 186 294 μενοι
202 245 260 283 καὶ
279 246 439 298 ἄρξαντες
458 246 521 295 τὴν
536 248 667 288 ὕπατον
681 250 778 303 παρὰ
794 251 985 303 Ῥωμαίοις
999 254 1123 306 ἀρχήν.

90 302 234 350 Ἐπειδὴ
249 304 285 342 δὲ
302 304 412 343 ἐδόκει
426 303 565 345 ’ΊΙσλαν
577 307 674 360 παρὰ
689 308 746 346 τὸν
764 307 891 348 Ῥούαν
909 312 1126 363 ἀφικνεῖσθαι

89 361 253 414 πρότερον
265 364 326 409 τ’ἧς
337 365 668 415 ἐκπεμφθησομένης
679 366 877 420 πρεσὸείας,
889 369 1125 419 συνεκπέμπει

90 418 243 463 Πλίνθας
270 421 514 473 Σηγγίλαχον,
544 423 651 475 ἄνδρα
670 427 738 463 τῶν
763 426 979 474 ἐπιτηδείων,
1008 433 1126 466 πεῖσαι

87 476 144 514 τὸν
170 477 300 516 Ῥούαν
327 481 422 532 αὐτῷ
440 481 499 518 καὶ
520 481 569 531 μὴ
595 482 720 534 ἑτέροις
744 483 930 535 Ῥωμαίων
957 487 989 529 ἐς
1006 485 1128 538 λόγους

87 536 211 576 ἐλθεῖν.
245 539 527 584 Τελευτήσαντος
550 539 584 576 δὲ
615 539 722 578 Ῥούα
746 541 806 579 καὶ
833 543 1047 594 περιστάσης
1066 547 1127 590 τῆς

90 593 233 632 Οὔννων
251 597 428 646 βασιλείας
442 598 474 640 ἐς
489 597 655 644 Ἀττήλαν
675 599 758 650 [καὶ
775 599 914 646 Βλήδαν
932 602 1020 638 add.
1036 604 1084 640 N.
1096 602 1126 652 ],

87 653 197 691 ἐδόκει
229 657 273 706 τῇ
307 654 497 705 Ῥωμαίων
532 657 641 708 βουλῇ
682 657 836 696 Πλίνθαν
872 659 1125 711 πρεσὸεύεσθαι

85 713 169 761 παρ’
186 712 322 756 αὐτούς.
349 713 418 751 Καὶ
433 713 643 765 κυρωθείσης
659 715 714 752 ἐπ’
731 718 825 767 αὐτῷ
836 715 933 768 παρὰ
954 717 1126 769 βασιλέως

84 768 200 821 ψήφου
212 798 222 816 ,
252 769 413 809 ἐὸούλετο
445 771 505 808 καὶ
532 771 715 823 Ἐπιγένην
746 775 764 810 ὁ
794 773 944 818 Πλίνθας
969 790 1125 828 συμπρε-

85 827 219 864 σὸεύειν
230 830 324 881 αὐτῷ
339 831 383 872 ὡς
401 829 566 881 μεγίστην
584 830 640 868 ἐπὶ
655 830 758 884 σοφίᾳ
772 831 870 876 δόξαν
882 833 1124 885 ἐπιφερόμενον

83 885 143 923 καὶ
159 885 222 932 τὴν
241 886 351 938 ἀρχὴν
370 886 494 938 ἔχοντα
516 892 575 926 τοῦ
595 889 822 942 κοιαίστορος.
842 892 1068 943 Χειροτονίας
1088 892 1124 930 δὲ

83 943 143 981 καὶ
171 946 225 982 ἐπ’
246 948 340 997 αὐτῷ
374 946 579 996 γενομένης,
614 947 720 1000 ἄμφω
752 948 809 986 ἐπὶ
838 949 900 996 τὴν
934 950 1123 1003 πρεσὸείαν

82 1000 299 1054 ἐξώρμησαν,
315 1003 375 1041 καὶ
395 1004 645 1056 παραγίνονται
665 1007 697 1048 ἐς
715 1007 876 1058 Μοίργον.
900 1005 948 1045 ‘H
970 1006 1006 1044 δὲ
1020 1007 1120 1051 πόλις

81 1061 148 1096 τῶν
169 1063 202 1098 ἐν
222 1060 377 1114 Ἰλλυρία
398 1064 530 1100 Μυσῶν
550 1062 634 1115 πρὸς
661 1065 711 1115 τῷ
731 1062 859 1116 Ἴστρῳ
887 1064 1029 1114 κειμένη
1060 1081 1123 1103 πο-

81 1120 184 1171 ταμῷ
202 1118 341 1171 ἄντικρυ
366 1118 608 1164 Κωνσταντίας
627 1121 787 1174 φρουρίου
804 1121 894 1160 κατὰ
912 1123 974 1169 τὴν
996 1122 1116 1175 ἑτέραν

79 1176 187 1227 ὄχθην
208 1177 424 1228 διακειμένου
437 1208 447 1226 ,
480 1181 526 1222 εἷς
545 1179 587 1226 ἣν
616 1179 676 1218 καὶ
696 1182 726 1218 οἱ
758 1180 928 1232 βασίλειοι
948 1183 1121 1233 συνῄεσαν

79 1235 228 1274 Σκύθαι.
253 1237 324 1274 Καὶ
343 1235 406 1283 τὴν
432 1237 570 1275 σύνοδον
605 1237 669 1282 ἔξω
687 1241 749 1285 τῆς
768 1238 902 1283 πόλεως
920 1241 1119 1289 ἐποιοῦντο,

78 1293 323 1340 ἐπιὸεὸηκότες
350 1293 466 1332 ἵππων
480 1310 488 1319 ⁴
518 1297 554 1334 οὗ
589 1294 655 1348 γὰρ
685 1296 795 1335 ἐδόκει
832 1300 902 1346 τοῖς
932 1298 1120 1351 βαρὸάροις

78 1352 234 1389 ἀποὸᾶσι
252 1353 530 1404 λογοποιεῖσθαι,
547 1353 638 1392 ὥστε
656 1355 715 1393 καὶ
731 1355 809 1399 τοὺς
829 1355 1016 1407 Ῥωμαίων
1033 1356 1120 1408 πρέ-

77 1409 171 1453 σὸεις
198 1413 259 1456 τῆς
284 1413 377 1463 σφῶν
401 1413 515 1450 αὐτῶν
546 1411 642 1457 ἀξίας
669 1414 943 1467 προνοουμένους
962 1414 1031 1453 ἀπὸ
1058 1418 1119 1461 τῆς

78 1469 183 1514 αὐτῆς
199 1471 432 1521 προαιρέσεως
448 1471 480 1514 ἐς
498 1471 621 1509 ταύτὸν
639 1477 710 1516 τοῖς
729 1472 879 1516 Σκύθαις
895 1474 1015 1521 ἐλθεῖν,
1035 1473 1119 1524 πρὸς

78 1527 118 1564 τὸ
149 1526 199 1577 μὴ
228 1526 305 1570 τοὺς
326 1527 388 1579 μὲν
411 1529 468 1581 ἀφ’
487 1527 618 1578 ἵππων,
648 1530 725 1574 τοὺς
745 1530 780 1569 δὲ
811 1531 932 1576 πεζοὺς
962 1531 1118 1584 διαλέγε-

75 1590 153 1624 σθαι
172 1616 335 1627 ......
363 1587 447 1638 (*’“
463 1587 662 1639 Ῥωμαίους
682 1590 720 1627 οὐ
741 1588 843 1640 μόνον
861 1591 906 1633 εἷς
923 1589 961 1628 τὸ
990 1589 1116 1641 μέλλον

74 1643 123 1693 μὴ
144 1645 304 1697 δέχεσθαι
324 1649 450 1697 suppl.
466 1648 539 1699 N.)
558 1648 636 1691 τοὺς
651 1647 720 1686 ἀπὸ
738 1651 800 1696 τῆς
816 1650 989 1696 Σκυθικῆς
1005 1665 1114 1687 κατα-

73 1702 278 1755 φεύγοντας,
311 1703 401 1742 ἀλλὰ
425 1704 485 1743 καὶ
517 1704 593 1749 τοὺς
620 1705 687 1752 ἤδη
708 1706 939 1758 πεφευγότας,
960 1707 1020 1745 σὺν
1054 1707 1115 1746 καὶ

71 1766 141 1805 τοῖς
174 1762 412 1813 αἰχμαλώτοις
432 1763 621 1814 Ῥωμαίοις
644 1765 714 1808 τοῖς
742 1764 823 1803 ἄνευ
849 1765 982 1818 λύτρων
1012 1767 1046 1808 ἐς
1069 1765 1114 1804 τὰ

72 1821 223 1873 σφέτερα
243 1822 444 1874 ἀφιγμένοις
459 1823 671 1871 ἐκδίδοσθαι,
691 1825 720 1861 εἷ
738 1823 787 1873 μή
805 1839 843 1875 γε
857 1823 947 1877 ὑπὲρ
964 1823 1112 1862 ἑκάστου

70 1878 278 1931 πεφευγότος
303 1881 372 1923 τοῖς
396 1880 487 1919 κατὰ
506 1882 658 1932 πόλεμον
686 1882 917 1933 κτησαμένοις
936 1881 1027 1921 ὀκτὼ
1054 1884 1115 1921 δο-

69 1940 157 1975 θεῖεν
188 1943 332 1990 χρυσοῖ’
354 1938 440 1977 ἔθνει
463 1939 497 1978 δὲ
529 1940 698 1993 βαρόοίρῳ
719 1939 767 1990 μὴ
788 1943 989 1993 συμμαχεῖν
1020 1940 1114 1980 Ῥω-

70 1996 192 2046 μαίους
215 1996 300 2048 πρὸς
316 1997 468 2042 Οὔννους
488 1999 688 2052 αἰρομένους
711 2000 904 2053 (αἷρομένῳ
921 2001 990 2050 Ν.)
1009 2000 1112 2038 πόλε-

66 2118 163 2150 quam
175 2108 261 2140 Eslas
275 2108 315 2140 ad
330 2111 430 2141 Ruam
446 2110 606 2151 rediisset,
622 2111 765 2143 Plintbas
774 2121 838 2143 una
853 2120 928 2143 curn
940 2112 1013 2144 Esla
1026 2111 1111 2143 misit

66 2160 278 2201 Singilachum
291 2185 299 2200 ,
319 2170 420 2193 unum
443 2171 483 2194 ex
500 2163 564 2194 suis
588 2163 790 2204 necessariis,
807 2164 862 2204 qui
882 2165 961 2195 Ruae
977 2172 1107 2204 persua-

65 2213 155 2245 deret
167 2222 241 2244 cum
259 2213 347 2245 nullo
362 2213 424 2244 alio
440 2216 672 2254 Romanorum,
691 2224 789 2256 quam
811 2224 886 2246 cum
904 2215 990 2255 ipso,
1009 2215 1108 2246 collo-

65 2265 178 2306 quium
191 2265 280 2296 inire.
327 2268 434 2304 Quum
450 2268 555 2298 autem
568 2291 577 2306 ,
591 2269 659 2299 Rua
678 2269 823 2307 mortuo,
849 2269 1039 2299 Hunnorum
1058 2276 1107 2299 re-

63 2325 161 2357 gnum
182 2316 223 2348 ad
248 2316 379 2348 Attilam
398 2318 609 2358 pervenisset,
631 2321 761 2351 senatus
784 2319 926 2351 decrevit
950 2320 1107 2351 Plintham

63 2367 254 2408 legationem
267 2367 306 2398 ad
320 2368 450 2399 Attilam
463 2370 604 2409 exsequi.
649 2372 720 2408 Quo
732 2373 763 2403 S.
780 2372 816 2402 C.
831 2371 1032 2411 Imperatoris
1044 2372 1108 2402 sus-

63 2419 163 2460 fragio
188 2419 414 2459 comprobato,
433 2420 589 2452 Plintliam
616 2422 730 2462 cupido
756 2423 899 2462 incessit,
914 2423 1084 2463 Epigenem
1097 2447 1105 2462 ,

63 2472 118 2512 qui
142 2470 306 2510 sapientiae
320 2470 414 2502 laude
439 2471 570 2503 celebris
585 2475 653 2504 erat
677 2475 709 2504 et
726 2476 897 2514 quaesturae
920 2474 1104 2514 dignitatem

62 2523 244 2562 obtinebat,
267 2521 388 2553 socium
407 2522 569 2562 legationis
596 2524 654 2555 sibi
677 2525 861 2557 adsciscere.
907 2527 978 2563 Qua
1002 2526 1042 2558 de
1071 2535 1106 2558 re

60 2575 126 2607 lato
139 2582 267 2614 quoque
280 2573 431 2613 suffragio
441 2574 535 2605 ambo
546 2575 575 2605 in
588 2584 657 2607 eam
672 2576 860 2616 legationem
871 2577 1003 2617 profecti
1016 2579 1102 2618 sunt,

60 2630 92 2660 et
105 2631 249 2668 Margum
265 2629 489 2667 pervenerunt.
505 2630 559 2660 Est
571 2632 679 2661 autem
699 2632 824 2671 Margus
839 2631 916 2663 urbs
928 2631 961 2663 in
978 2632 1103 2672 illyrico

60 2683 223 2721 Mysorum
249 2679 289 2711 ad
306 2680 423 2711 Istrum
441 2681 512 2720 sita,
527 2690 567 2712 ex
583 2681 717 2714 adverso
734 2680 930 2715 constantiae
950 2684 1043 2724 arcis,
1061 2684 1100 2716 ad

59 2733 191 2764 alteram
206 2731 344 2763 fluminis
362 2732 464 2771 ripam
481 2733 661 2773 collocatae,
678 2743 742 2774 quo
755 2736 787 2766 et
801 2735 874 2772 regii
888 2735 1015 2775 Scythae
1028 2744 1099 2767 con·

60 2784 223 2814 venerant.
236 2783 336 2814 Extra
350 2782 513 2814 civitatem
527 2784 616 2823 equis
629 2784 800 2817 insidentes
811 2786 1101 2826 utriquecongressi

29 2851 34 2855 -
57 2835 147 2869 sunt.
162 2836 226 2866 Nec
239 2834 323 2866 enim
339 2833 484 2865 barbaris
503 2834 543 2866 de
562 2836 656 2875 plano
671 2836 769 2868 verba
793 2837 896 2869 facere
912 2838 1051 2878 placuit,
1068 2841 1100 2871 et

56 2886 150 2927 legati
165 2885 298 2918 Romani
314 2894 380 2916 suae
405 2886 567 2926 dignitatis
580 2895 739 2919 memores
755 2888 866 2920 eodem
889 2898 1019 2930 quoque
1042 2899 1098 2931 ap-

56 2940 169 2979 paratu
183 2938 215 2970 in
229 2938 419 2978 scytharum
434 2941 641 2979 conspectum
659 2941 766 2972 venire
778 2943 971 2981 statuerunt,
985 2952 1025 2975 ne
1039 2943 1098 2975 sibi

9 3025 11 3028 Α
55 2990 216 3031 peditibus
230 2998 304 3021 eum
321 2990 480 3030 equitibus
505 2990 723 3022 disserendum
744 2992 836 3024 soret.
882 2995 1003 3034 ltaque
1017 2995 1095 3035 pla-

55 3044 142 3078 cuit,
161 3050 180 3073 a
198 3041 348 3073 Romanis
370 3050 432 3072 non
447 3041 543 3072 modo
561 3042 593 3073 in
618 3043 762 3074 futurum
788 3053 851 3075 non
865 3045 967 3085 excipi
983 3054 1000 3077 e
1021 3047 1096 3087 Scy-

55 3093 141 3124 thica
155 3093 315 3133 profugos,
335 3092 390 3123 sed
407 3092 502 3123 eliam
526 3102 580 3124 eos
593 3094 647 3133 qui
664 3094 766 3125 multo
783 3098 856 3126 ante
882 3097 1095 3138 profugerant,

54 3155 119 3177 una
126 3154 200 3177 cum
208 3145 341 3184 captivis
348 3146 510 3185 Romanis,
519 3146 645 3185 quinon
653 3146 756 3178 soluto
764 3148 987 3188 redemptionis
995 3151 1095 3188 pretio

53 3197 95 3229 ad
119 3205 177 3228 sua
204 3196 375 3235 redierant,
398 3196 482 3235 dedi,
506 3199 563 3229 aut
592 3207 649 3238 pro
669 3207 862 3238 unoquoque
887 3200 1012 3238 captivo
1034 3202 1095 3232 Ro-

54 3258 151 3280 mano
163 3248 224 3288 his,
237 3249 292 3288 qui
308 3257 382 3279 eum
404 3248 487 3280 bello
506 3252 664 3288 ceperant,
687 3252 759 3281 octo
787 3258 897 3281 aureos
914 3251 980 3282 dari
992 3262 1002 3290 ;
1031 3254 1093 3283 Ro-

53 3309 166 3332 manos
189 3300 264 3332 belli
279 3300 463 3331 societatem
485 3309 559 3331 cum
582 3300 716 3332 barbara
741 3303 850 3341 gente,
871 3311 946 3342 quae
974 3303 1093 3335 bellum

53 3361 127 3385 eum
146 3351 266 3384 Hunuis
285 3352 383 3392 gerat,
400 3360 461 3383 non
480 3352 598 3391 facere5
614 3355 790 3385 conventus
805 3353 844 3384 ad
858 3355 1016 3386 mercatus
1036 3364 1092 3396 pa-

1188 272 1252 307 μον
1263 273 1272 281 ·
1288 251 1376 296 εἶναι
1389 257 1426 296 δὲ
1441 258 1501 297 καὶ
1515 258 1577 303 τὰς
1592 259 1802 313 πανηγύρεις
1817 261 1997 314 ἰσονόμους
2012 264 2073 304 καὶ
2091 265 2227 305 ἀκινδύ-

1186 330 1260 358 νους
1291 315 1477 366 Ῥωμαίοις
1503 333 1542 355 τε
1571 317 1631 356 καὶ
1657 317 1821 363 Οὕννοις·
1849 321 2082 374 φυλάττεσθαι
2101 324 2138 362 δὲ
2164 324 2225 363 καὶ

1187 372 1358 423 διαμένειν
1385 373 1446 418 τὰς
1473 375 1644 422 συνθήκας
1674 377 1889 416 ἑπτακοσίων
1921 380 2048 433 λιτρῶν
2081 381 2226 434 χρυσίου

1187 429 1280 475 ἔτους
1298 431 1443 471 ἑκάστου
1463 433 1678 484 τελουμένων
1699 435 1797 487 παρὰ
1817 435 2003 487 Ῥωμαίων
2025 444 2096 483 τοῖς
2123 442 2222 492 βασι-

1186 488 1274 532 λείος
1292 489 1440 534 Σκύθαις
1460 491 1643 544 (πρότερον
1660 492 1696 532 δὲ
1711 493 1928 541 πεντήκοντα
1945 495 2005 534 καὶ
2029 497 2225 550 τριακόσιαι

1187 548 1223 584 αἱ
1249 550 1308 584 τοῦ
1327 547 1446 592 τέλους
1471 548 1658 601 ἐτύγχανον
1682 545 1815 603 οὖσαι).
1839 551 1924 592 Ἐπὶ
1946 553 2080 603 γτούτοις
2102 554 2224 593 ἐσπέν-

1187 605 1283 642 δοντο
1303 605 1475 657 Ῥωμαῖοί
1494 623 1530 645 τε
1546 607 1606 646 καὶ
1626 603 1769 657 Οῧννοι,
1790 609 1850 648 καὶ
1863 610 2007 663 πάτριον
2023 610 2122 664 ὅρκον
2139 611 2224 662 ὀμό-

1187 679 1308 707 σαντες
1328 665 1361 707 ἐς
1379 665 1422 702 τὰ
1439 665 1619 719 ἀμφότερα
1640 668 1690 717 (ἐς
1706 667 1750 705 τὰ
1771 668 1918 722 σφέτερα
1934 670 2147 723 ἀμφότεροιῗ
2164 673 2222 717 Β.)

1186 722 1400 774 ἐπανῄεσαν.
1437 725 1482 763 Οἱ
1502 725 1538 762 δὲ
1554 724 1652 778 παρὰ
1671 725 1867 777 Ῥωμαίους
1885 728 2139 781 καταφυγόντες
2159 728 2226 774 ἐξε-

1187 779 1338 828 δόθησαν
1377 782 1583 835 βαρὸάροις,
1618 786 1653 821 ἐν
1686 778 1734 828 οἷς
1763 785 1823 824 καὶ
1859 787 1979 831 παῖδες
2004 787 2125 838 ’Μᾶμα
2162 787 2222 826 καὶ

1189 838 1349 890 Ἀτακὰμ
1362 844 1420 879 τοῦ
1440 841 1615 892 βασιλείου
1633 841 1771 893 γένους,
1790 843 1845 888 οὓς
1866 845 1899 882 ἐν
1920 847 2053 898 Καρσῷ
2073 845 2225 900 φρουρίῳ

1186 898 1334 951 Θρᾳκίῳ
1361 901 1392 937 οἱ
1421 900 1672 952 παρειληφότες
1703 901 1943 955 ἐσταύρωσαν,
1974 903 2071 948 δίκας
2099 904 2223 948 αὐτοὺς

1185 957 1416 1007 πραττόμενοι
1450 961 1511 1004 τῆς
1551 961 1671 1011 φυγῆς.
1710 962 1756 999 Οἱ
1786 960 1822 998 δὲ
1851 962 1931 1014 περὶ
1957 961 2125 1009 Ἀττήλαν
2160 962 2222 1000 καὶ

1186 1014 1330 1061 Βλήδαν
1351 1015 1415 1063 τὴν
1436 1015 1575 1068 εἰρήνην
1606 1017 1691 1069 πρὸς
1709 1017 1907 1069 Ῥωμαίους
1931 1019 2066 1071 θέμενοι
2092 1020 2223 1073 διεξῄε-

1183 1087 1247 1110 σαν
1268 1072 1312 1110 τὰ
1330 1074 1364 1111 ἐν
1377 1077 1426 1125 -τῇ
1453 1076 1609 1128 Σκυθικῇ
1635 1075 1714 1123 ἔθνη
1735 1077 1969 1130 χειρούμενοι,
1989 1079 2049 1118 καὶ
2069 1079 2223 1130 πόλεμον

1181 1129 1266 1183 πρὸς
1284 1131 1475 1184 Σορόσγους
1494 1133 1758 1180 συνεστήσαντο.

1235 1191 1290 1227 Cf.
1316 1192 1527 1228 Jornandes
1546 1195 1602 1229 De
1621 1194 1702 1232 reb.
1723 1195 1807 1232 Get.
1838 1208 1871 1231 c.
1897 1195 1970 1241 353
2003 1197 2220 1242 Tillemont,

1182 1250 1279 1287 Hist.
1299 1251 1363 1286 (les
1387 1263 1604 1299 empereurs,
1630 1259 1720 1288 tom.
1739 1254 1804 1298 VI,
1822 1266 1863 1301 p.
1886 1252 1935 1302 95
1953 1266 2028 1302 sq.;
2056 1254 2221 1300 Gibbon,

1179 1309 1273 1344 Hist.
1306 1307 1358 1354 os
1377 1309 1439 1345 the
1457 1310 1603 1346 decline
1629 1313 1709 1346 and
1727 1306 1811 1356 fhll
1826 1310 1876 1358 of
1903 1313 1967 1348 tlze
1995 1315 2100 1349 Rom.
2125 1327 2220 1362 emp.

1179 1366 1292 1415 chap.
1314 1368 1496 1413 XXXIV,
1515 1375 1605 1404 tom.
1626 1370 1691 1418 VI,
1714 1382 1753 1417 p.
1777 1369 1825 1406 32
1845 1364 1928 1419 sqq.
1954 1371 2033 1421 (ed.
2053 1373 2164 1408 Basil.
2183 1379 2222 1409 et

1179 1425 1294 1461 Paris.
1321 1423 1454 1475 1789).

1418 1521 1454 1546 2.
1478 1509 1581 1558 (442.
1604 1509 1791 1546 Theodos.
1812 1522 1875 1546 an.
1901 1509 1980 1561 35.)

1231 1591 1323 1626 Exc.
1342 1592 1398 1626 De
1420 1591 1494 1639 leg.
1515 1597 1614 1639 gent.
1630 1603 1671 1639 p.
1694 1589 1757 1627 33.
1782 1590 1829 1634 34
1853 1603 1863 1629 τ
1885 1589 1969 1629 ’Ότι
1982 1592 2051 1629 τῶν
2071 1592 2218 1630 Σκυθῶν

1177 1646 1270 1685 κατὰ
1293 1646 1351 1685 τὸν
1373 1650 1435 1693 τῆς
1461 1646 1688 1700 πανηγύρεως
1707 1647 1826 1700 καιρὸν
1855 1650 2219 1701 καταστρατηγησοὶν-

1176 1721 1244 1744 των
1272 1705 1469 1755 Ῥωμαίους
1494 1705 1554 1744 καὶ
1575 1705 1723 1749 πολλοὺς
1750 1706 1954 1755 ἀνελόντων,
1983 1709 2014 1746 οἱ
2043 1707 2217 1760 Ῥωμαῖοι

1175 1761 1379 1803 ἐπέστελλον
1397 1763 1481 1817 πρὸς
1499 1763 1578 1807 τοὺς
1598 1763 1756 1811 Σκύθας,
1774 1766 1809 1802 ἐν
1828 1764 1922 1818 αἰτίᾳ
1936 1765 2133 1817 ποιούμενοι
2152 1771 2216 1815 τῆς

1174 1826 1233 1860 τοῦ
1262 1821 1424 1875 φρουρίου
1452 1821 1616 1874 αἱρέσεως
1643 1821 1757 1860 ἕνεκεν
1787 1823 1847 1861 καὶ
1876 1826 1939 1870 τῆς
1957 1826 2026 1862 τῶν
2060 1826 2216 1863 σπονδῶν

1174 1881 1369 1934 ὀλιγωρίας.
1393 1882 1439 1920 Οἱ
1460 1879 1496 1919 δὲ
1517 1879 1761 1933 ἀπεκρίναντο,
1781 1883 1826 1925 ὡς
1842 1883 1902 1920 οὐκ
1917 1881 2118 1934 ἀρξάμενοι,
2135 1885 2215 1923 ἀλλ’

1175 1940 1382 1991 ἀμυνόμενοι
1397 1942 1509 1977 ταῦτα
1532 1939 1712 1992 δράσειαν·
1729 1938 1785 1977 τὸν
1802 1938 1869 1993 γὰρ
1892 1942 1955 1987 τῆς
1971 1941 2117 1993 Μοίργου
2135 1942 2215 1981 ἐπί-

1174 2014 1300 2037 σκοπον
1315 1999 1361 2041 εἷς
1374 2000 1504 2036 ἑαυτῶν
1519 1997 1763 2046 ἀναὸεὸηκότα
1779 2001 1844 2049 γῆν
1855 1998 1915 2036 καὶ
1931 1999 2205 2051 διερευνησάμε-

1170 2111 1258 2142 ribus
1274 2110 1394 2150 legibus
1412 2109 1578 2149 celebrari,
1592 2111 1624 2142 et
1636 2109 1668 2141 in
1681 2111 1753 2141 tuto
1764 2111 1924 2142 Romanos
1936 2111 1968 2142 et
1978 2112 2113 2144 Hunnos
2125 2120 2213 2152 esse;

1170 2162 1290 2194 soedera
1312 2163 1381 2193 rata
1400 2169 1530 2193 manere
1545 2162 1576 2193 et
1594 2161 1777 2202 observari,
1795 2161 1823 2193 si
1837 2170 1967 2202 quoque
1989 2170 2074 2194 anno
2092 2163 2212 2203 septin-

1168 2215 1272 2254 gentae
1285 2213 1356 2245 auri
1384 2213 1475 2245 librae
1490 2212 1603 2245 tributi
1624 2213 1754 2245 nomine
1770 2213 1895 2253 Scythis
1914 2213 2007 2254 regiis
2030 2223 2050 2246 a
2063 2215 2212 2247 Romanis

1168 2265 1395 2306 penderentur,
1408 2274 1509 2306 quum
1521 2266 1614 2297 antea
1628 2265 1784 2297 tributum
1797 2274 1942 2298 annuum
1954 2275 2019 2298 non
2029 2266 2139 2300 suisset
2151 2267 2210 2300 nisi

1166 2320 1387 2351 trecentarum
1402 2317 1634 2359 quinquaginta
1651 2317 1816 2350 librarum.
1837 2318 1895 2350 His
1906 2318 2140 2352 conditionibus
2152 2328 2210 2360 pa-

1167 2379 1238 2403 cem
1253 2371 1389 2403 Romani
1403 2372 1434 2402 et
1449 2370 1557 2402 Hunni
1574 2370 1778 2410 pepigerunt,
1800 2379 1865 2411 qua
1883 2370 2092 2411 iureiurando
2107 2372 2210 2412 patrio

1166 2422 1229 2455 ritu
1243 2422 1403 2462 utrimque
1420 2421 1562 2462 praestito
1582 2422 1726 2462 firmata,
1743 2422 1871 2462 utrique
1893 2421 1933 2454 ad
1949 2430 2006 2453 sua
2033 2422 2208 2456 redierunt.

1165 2477 1276 2516 ltaque
1285 2475 1339 2516 qui
1351 2484 1392 2507 ex
1405 2474 1546 2507 barbaris
1561 2474 1601 2506 ad
1611 2476 1773 2507 Romanos
1788 2474 1977 2507 transierant
1987 2474 2102 2507 redditi
2114 2477 2207 2516 sunt3

1164 2527 1205 2559 de
1220 2535 1360 2567 quorum
1376 2534 1512 2557 numero
1538 2527 1628 2557 eraut
1643 2525 1699 2557 filii
1725 2528 1831 2558 Mama
1847 2527 1879 2558 et
1899 2527 2043 2558 Attacam
2057 2535 2098 2558 ex
2121 2528 2207 2568 regio

1164 2586 1295 2618 genere,
1311 2586 1394 2618 quos
1416 2577 1543 2618 Scythae
1562 2577 1706 2617 receptos
1719 2577 1752 2609 in
1768 2579 1883 2617 carso,
1904 2577 2048 2610 Thraciae
2063 2579 2204 2620 castello,

1163 2631 1266 2662 crucis
1292 2629 1446 2670 supplicio
1462 2629 1657 2669 affecerunt,
1685 2631 1716 2661 et
1738 2629 1821 2661 hanc
1837 2629 1877 2661 ab
1902 2630 1951 2661 his
1972 2630 2055 2670 fugae
2078 2638 2205 2670 poenam

1162 2681 1345 2722 exegerunt.
1390 2683 1470 2713 Pace
1490 2689 1564 2711 cum
1578 2681 1728 2712 Romanis
1744 2681 1846 2720 facta,
1867 2681 1981 2713 Attilas
1995 2682 2029 2713 et
2051 2681 2148 2714 Bleda
2163 2683 2205 2715 ad

1163 2732 1353 2774 subigendas
1365 2735 1474 2773 gentes
1487 2731 1652 2772 Scythicas
1664 2732 1797 2772 profecti
1814 2733 1888 2764 sunt
1897 2756 1906 2772 ,
1920 2734 1952 2765 et
1965 2733 2077 2765 contra
2093 2735 2204 2767 Soros-

1159 2794 1216 2826 gos
1227 2785 1348 2817 bellum
1361 2784 1542 2815 moverunt.
1665 2827 1686 2859 2

1200 2885 1328 2925 Scythae
1340 2908 1349 2924 ‚
1369 2892 1434 2924 quo
1449 2884 1594 2924 tempore
1615 2885 1775 2915 mercatus
1787 2882 1977 2923 Scytharum
1997 2884 2029 2914 et
2042 2885 2201 2916 Romano·

1157 2946 1230 2968 rum
1258 2935 1416 2976 frequenti
1447 2934 1653 2967 multitudine
1682 2933 1914 2974 celebrabatur,
1943 2936 2102 2966 Romanos
2126 2944 2201 2968 cum

1156 2988 1299 3021 exercitu
1311 2989 1386 3020 sunt
1395 2987 1510 3028 adorti,
1527 2988 1558 3019 et
1571 2987 1691 3018 multos
1703 2985 1901 3018 occiderunt.
1917 2986 2050 3017 Romani
2064 2986 2103 3018 ad
2121 2989 2200 3028 Scy-

1158 3042 1229 3074 thas
1252 3043 1426 3080 miserunt,
1449 3040 1505 3080 qui
1521 3039 1560 3072 de
1577 3039 1715 3080 praesidii
1739 3038 1972 3079 expugnatione
1987 3040 2020 3071 et
2043 3039 2199 3072 foederum

1156 3092 1342 3132 contemptu
1358 3099 1432 3122 cum
1445 3091 1490 3123 eis
1503 3090 1749 3130 expostularent.
1769 3091 1808 3121 Hi
1821 3098 1897 3121 vero
1911 3098 1945 3121 se
1957 3098 2021 3121 non
2034 3090 2118 3122 ultro
2132 3090 2200 3124 bel-

1157 3146 1225 3177 lum
1241 3145 1428 3183 inferentes,
1445 3143 1499 3176 sed
1518 3144 1616 3175 tactas
1631 3142 1761 3182 injurias
1776 3142 1981 3182 ulciscentes,
2002 3142 2072 3174 haec
2089 3143 2199 3176 secisse

1155 3197 1399 3238 responderunt.
1425 3195 1522 3235 Margi
1545 3195 1629 3226 enim
1654 3194 1838 3234 episcopum
1854 3194 1886 3225 in
1901 3203 1976 3225 suos
2003 3194 2082 3226 fines
2096 3196 2199 3227 trans-

1153 3259 1293 3290 gressum
1304 3273 1312 3288 ,
1330 3249 1442 3280 fiscum
1458 3249 1576 3288 regium
1594 3249 1626 3279 et
1645 3246 1823 3278 reconditos
1835 3246 2001 3278 thesauros
2013 3246 2196 3287 indagatum

1154 3303 1317 3343 expilasse.
1361 3302 1452 3333 Hunc
1465 3300 1523 3331 nisi
1540 3299 1690 3331 dederent
1706 3306 1770 3329 una
1787 3306 1861 3329 cum
1876 3298 2067 3338 transfugis,
2086 3301 2121 3330 ut
2136 3299 2195 3330 sm-

1154 3355 1281 3388 deribus
1294 3354 1478 3387 convenerit
1497 3353 1584 3394 (esse
1605 3352 1690 3385 enim
1703 3351 1788 3393 apud
1803 3359 1858 3383 eos
1869 3351 2009 3410 plures),
2021 3351 2140 3384 bellum
2155 3352 2194 3384 il-
