2326 3724
968 171 1302 211 FRAGMENTA.
2158 183 2206 216 95

3 303 17 311 ..
67 261 234 300 ἐπανόδου
255 261 433 313 εἰχόμεθα.
458 259 523 304 (Ως
539 259 574 298 δὲ
591 262 623 303 ἐς
643 259 703 305 τὴν
721 258 983 298 Κωνσταντίνου
997 275 1106 311 παρε-

66 319 253 371 γενόμεθα,
272 320 554 370 μεταὸεὸλῆσθαι
573 318 635 367 μὲν
650 318 789 371 ᾠόμεθα
805 316 862 355 τὸν
883 317 1027 370 Βέριχον
1046 321 1107 364 τ’ἧς

65 381 188 431 ὀργῆς·
203 379 238 422 ὃς
257 378 293 416 δὲ
309 382 370 426 τ’ῆς
392 379 513 430 ἀγρίας
537 379 599 415 οὐκ
625 377 836 424 ἐπελέληστο
853 375 986 428 φύσεως
998 406 1007 424 ,
1028 377 1106 414 ἀλλ’

3 436 26 448 ’“
65 439 98 480 ἐς
127 436 290 491 διαφορὰς
322 437 464 488 ἐχώρει,
493 436 552 474 καὶ
583 437 617 473 ἐν
649 434 840 487 κατηγορίᾳ
869 435 1018 472 ἐποιεῖτο
1049 434 1106 472 τὸν

21 522 24 527 .
65 494 274 546 Μαξιμῖνον,
303 498 348 539 ὡς
381 495 506 548 ἔφησεν
539 495 585 537 εἷς
614 493 676 539 τὴν
703 493 879 540 Σκυθικὴν
900 493 1023 537 &meac
1047 493 1105 531 τὸν

10 565 25 592 “,
64 553 274 606 Ἀρεόὸινδον
293 553 353 591 καὶ
369 553 426 591 τὸν
441 552 623 605 Ἀσπαρα,
642 552 767 604 ἄνδρας
781 551 1017 604 στρατηγοὺς,
1037 567 1105 601 μη·

19 651 21 653 ,
63 611 185 661 δεμίαν
205 611 301 663 παρὰ
319 613 458 663 βασιλεῖ
472 609 563 662 ἔχειν
581 610 720 662 μοῖραν,
737 609 796 648 καὶ
820 612 866 654 ὡς
886 611 920 647 ἐν
940 608 1105 660 ὀλιγωρίᾳ

9 710 19 717 fl
62 669 107 707 τὰ
135 671 213 708 κατ’
235 669 357 714 αὐτοὺς
389 669 595 717 ἐποιήσατο,
621 669 683 715 τὴν
718 667 935 721 βαρὸαρικὴν
966 667 1105 718 ἐλέγξας

0 722 17 747 '²'
63 728 270 781 κουφότητα.

0 787 7 799 ρ

460 810 623 848 ΛΟΓΟΣ
650 808 705 847 Δ’.

113 896 360 942 Ἀναζεύξαντα
378 896 413 935 δὲ
433 896 488 935 τὸν
508 895 651 947 Βιγίλαν
669 895 728 934 καὶ
748 897 782 934 ἐν
799 889 847 939 οἷς
863 895 920 934 τὸν
935 894 1103 941 Ἀττήλαν

60 955 176 1000 τόποις
208 955 395 1008 διατρίὸειν
422 954 619 994 συνέὸαινεν
643 954 851 1006 ἀφικόμενον
882 954 1104 1006 περιστάντες

60 1009 154 1068 εἶχον
185 1016 368 1068 (συνεῖχον
400 1018 447 1053 Ν.
468 1015 478 1067 )
508 1017 538 1053 οἱ
560 1015 644 1067 πρὸς
662 1018 762 1053 τοῦτο
781 1013 1102 1067 παρεσκευασμένοι

62 1073 254 1128 βάρὸαροι,
281 1075 340 1113 καὶ
363 1075 407 1113 τὰ
435 1074 621 1127 χρήματα,
643 1073 733 1126 ἅπερ
753 1076 801 1125 τῷ
826 1073 992 1116 Ἐδέκωνι
1021 1073 1102 1111 ἐκό-

60 1135 168 1182 μιζεν,
190 1133 380 1187 ἀφείλοντο.
402 1133 468 1176 Ὡς
487 1133 595 1171 δὲκαὶ
615 1132 717 1170 αὐτὸν
742 1131 838 1184 παρὰ
854 1132 912 1170 τὸν
932 1132 1100 1178 Ἆττήλαν

58 1186 157 1243 ἦγον,
178 1191 239 1230 καὶ
267 1193 470 1243 ἀνηρωτᾶτο
495 1190 574 1230 δ’του
592 1191 695 1244 χάριν
715 1194 876 1229 τοσοῦτον
897 1190 992 1244 φέροι
1010 1206 1100 1243 χρυ-

58 1250 146 1298 σίον,
165 1251 230 1304 ἔφη
262 1251 388 1294 οἰκείας
419 1266 456 1288 τε
483 1250 543 1288 καὶ
570 1253 638 1288 τῶν
659 1249 912 1302 παρεπομένων
941 1249 1102 1302 προνοίας

48 1307 175 1357 ἕνεκα,
195 1308 284 1347 ὥστε
301 1308 350 1358 μὴ
369 1307 479 1360 ἐνδείᾳ
500 1311 633 1361 τροφῶν
656 1308 679 1355 ἢ
698 1308 813 1346 ἵππων
835 1307 978 1358 σπάνει,
998 1307 1020 1354 ἢ
1041 1307 1099 1346 καὶ

57 1370 124 1405 τῶν
145 1370 326 1419 φορτηγῶν
346 1366 539 1418 ὑποζυγίων
570 1366 636 1405 ὑπὸ
661 1369 723 1413 τῆς
743 1371 878 1418 μακρᾶς
898 1367 1100 1412 ἐκδαπανη-

57 1425 181 1464 θέντων
201 1427 298 1471 ὁδοῦ,
319 1426 522 1478 διαμαρτεῖν
538 1428 600 1471 τῆς
618 1425 696 1477 περὶ
710 1428 771 1471 τῆς
786 1423 973 1477 πρεσὸείας
989 1439 1099 1462 σπου-

43 1485 132 1533 δῆς·
148 1484 430 1537 παρεσκευάσθαι
448 1483 483 1522 δὲ
499 1485 592 1536 αὐτῷ
609 1484 669 1522 καὶ
686 1486 719 1528 ἐς
735 1483 971 1536 αἰχμαλώτων
991 1482 1096 1533 ὠνὴν,

55 1544 192 1581 πολλῶν
223 1543 315 1581 κατὰ
338 1542 401 1590 τὴν
431 1543 618 1594 Ῥωμαίων
648 1543 835 1590 δεηθέντων
865 1543 990 1589 αὐτοῦ,
1020 1542 1098 1585 τούς

55 1618 150 1655 σφισι
172 1602 412 1654 προσήκοντας
442 1601 633 1640 λύσασθαι·
661 1602 720 1640 καὶ
749 1605 767 1640 ὁ
795 1601 959 1647 Ἀττήλας
983 1619 999 1635 «ι
1021 1601 1097 1639 ἀλλ’

53 1659 166 1712 οὔτοι,
188 1678 203 1695 »
224 1660 310 1714 ἔφη,
333 1679 348 1695 «
370 1660 411 1699 σὺ
435 1660 584 1712 πονηρὸν
606 1661 734 1713 θηρίον,
752 1679 767 1695 υ
787 1661 844 1699 τὸν
867 1660 1010 1711 Βιγίλαν
1039 1659 1096 1699 λέ-

53 1734 135 1769 γων,
157 1738 171 1754 ιι
191 1718 252 1766 τὴν
281 1719 379 1766 δίκην
411 1718 633 1772 σοφιζόμενος
660 1720 798 1768 λήσεις,
817 1719 893 1758 οὐδὲ
918 1718 1017 1758 ἔσται
1042 1734 1096 1757 σοι

54 1778 220 1831 πρόφασις
239 1778 340 1825 ἱκανὴ
361 1781 407 1822 εἰς
425 1778 463 1816 τὸ
483 1778 544 1824 τὴν
565 1778 708 1822 κόλασιν
730 1779 922 1830 διαφυγεῖν,
944 1778 1096 1829 μείζονος

54 1836 116 1886 μὲν
135 1841 194 1884 τῆς
214 1840 276 1884 σῆς
296 1837 452 1884 δαπάνης
465 1841 689 1891 παρασκευῆς
708 1853 761 1876 σοι
778 1837 970 1890 χρημάτων
985 1839 1094 1890 ὑπαρ-

51 1896 201 1947 χούσης,
223 1896 281 1935 καὶ
306 1899 373 1934 τῶν
401 1897 467 1935 ὑπὸ
496 1901 556 1935 σοῦ
572 1896 690 1935 ἵππων
710 1896 770 1935 καὶ
787 1896 979 1946 ὑποζυγίων
999 1898 1095 1944 ὠνη-

51 1956 265 2005 θησομένων,
283 1955 341 1993 καὶ
361 1958 421 2002 τῆς
440 1958 507 1994 τῶν
528 1956 764 2007 αἰχμαλώτων
790 1955 920 1998 λύσεως
934 1985 943 2002 ,
960 1955 1002 2002 ἢν
1031 1954 1093 1993 σὺν

53 2013 239 2066 Μαξιμίνῳ
266 2015 348 2067 παρ’
372 2013 434 2064 ἐμὲ
459 2014 659 2067 ἀφικομένῳ
688 2020 797 2052 ποιεῖν
819 2013 1057 2066 ἀπηγόρευσα.
1078 2032 1093 2047 ι»

51 2074 174 2111 Ταῦτα
206 2071 312 2110 εἰπὼν
342 2072 400 2110 τὸν
433 2072 504 2110 υἱὸν
539 2068 604 2123 (ἦν
627 2072 662 2110 δὲ
694 2073 753 2110 καὶ
779 2075 828 2125 τῷ
858 2073 984 2124 Βιγίλᾳ
1017 2071 1094 2110 τότε

50 2132 186 2182 πρῶτον
212 2133 245 2175 ἐς
268 2130 330 2177 τὴν
358 2131 542 2183 βαρὸάρων
569 2129 813 2178 ἠκολουθηκὼς
840 2130 984 2183 χώραν)
1008 2129 1094 2180 ξίφει

50 2243 255 2275 tinuavimus.
268 2243 312 2275 Ut
328 2243 635 2283 Constantinopolim
653 2243 816 2282 venimus,
839 2242 1009 2274 Berichum
1027 2241 1095 2274 exi-

49 2293 257 2327 stimabamus
271 2295 352 2326 iram
367 2294 517 2334 abjecisse
529 2319 538 2334 ,
551 2294 606 2326 sed
619 2295 749 2334 agrestis
761 2296 793 2326 et
805 2294 879 2326 ferne
889 2302 956 2326 suae
971 2295 1096 2325 naturoe

50 2345 180 2378 minime
197 2348 244 2378 est
256 2347 384 2379 oblitus.
429 2349 509 2379 Nam
523 2347 732 2378 Maximinum
747 2346 942 2378 insimulavit
960 2346 1095 2386 dixisse,

50 2407 150 2438 quum
163 2398 196 2430 in
215 2399 380 2440 Scythiam
393 2399 584 2437 transiisset,
599 2399 771 2431 Areobiudi
784 2401 817 2431 et
836 2399 982 2440 Asparis‚
1001 2407 1094 2430 exer-

50 2449 170 2481 cituum
196 2450 315 2482 ducum
326 2475 334 2490 ,
363 2451 587 2483 auctoritatem
617 2451 702 2492 apud
727 2452 951 2492 imperatorem
976 2451 1095 2482 nullius

50 2510 116 2535 esse
133 2503 296 2544 ponderis,
308 2506 340 2535 et
353 2513 453 2544 quum
466 2504 675 2536 barbarorum
688 2505 851 2537 levitatem
868 2506 901 2536 et
915 2505 1093 2536 inconstan-

50 2555 124 2586 tiam
135 2557 287 2595 notasset,
301 2565 412 2588 eorum
425 2559 511 2596 gesta
525 2556 558 2588 in
571 2557 659 2588 nullo
672 2557 773 2597 pretio
789 2556 947 2589 habuisse.

340 2630 370 2667 E
397 2629 549 2668 LIBRO
577 2630 798 2677 QUARTO.

89 2705 264 2736 Reversum
273 2704 404 2744 Bigilam
417 2729 426 2743 ,
443 2714 544 2745 quum
558 2705 590 2736 in
604 2705 640 2737 iis
654 2706 730 2737 locis
742 2706 940 2746 advenisset,
955 2707 1009 2738 ubi
1022 2709 1092 2739 tum

49 2756 160 2788 attilas
176 2756 447 2796 commorebatur,
468 2757 711 2790 circumstantes
739 2757 867 2790 barbari
894 2759 935 2790 ad
958 2759 989 2790 id
1008 2768 1091 2799 pra:-

48 2807 148 2847 parati
183 2808 510 2848 comprehenderunt,
549 2810 581 2841 et
616 2818 733 2841 manus
765 2811 798 2841 in
827 2811 991 2851 pecunias,
1013 2821 1092 2852 quas

49 2859 186 2892 Edeooni
209 2860 381 2901 asserebat,
399 2861 588 2901 iniecerunt.
635 2864 745 2899 Quum
769 2862 873 2903 ipsum
894 2863 935 2895 ad
959 2865 1090 2896 Attilam

49 2911 272 2951 adduxissent,
298 2912 324 2944 is
345 2921 385 2944 ex
406 2922 444 2944 eo
469 2913 634 2953 quaesivit,
657 2914 749 2954 quus
771 2909 817 2946 rei
839 2915 939 2955 gratia
962 2917 1090 2948 tantum

49 2962 116 2994 nuri
143 2965 344 3004 asportasset.
364 2963 420 2995 llle
434 2964 614 3004 respondit,
642 2966 680 2997 ut
697 2966 763 2997 suis
792 2967 825 2998 et
845 2967 1000 2999 comitum
1013 2977 1088 3000 suo-

50 3023 118 3046 rum
143 3015 385 3047 necessitatibus
414 3015 612 3055 provideret,
644 3026 684 3048 ne
708 3026 816 3049 rerum
840 3020 1088 3051 necessariarum

46 3065 171 3106 inopia,
199 3068 255 3098 aut
284 3075 462 3106 equorum,
490 3069 546 3099 aut
573 3068 708 3100 aliorum
738 3069 924 3102 animalium
947 3073 1088 3104 vecturae

47 3119 194 3158 aptorum
207 3119 349 3159 penuria,
361 3129 433 3160 quae
444 3129 498 3160 per
508 3121 599 3161 longa
609 3122 720 3154 itinera
729 3122 943 3163 deperiissent,
955 3133 973 3156 a
983 3125 1089 3157 studio

49 3170 266 3202 obeundarum
299 3172 490 3212 legationum
513 3176 712 3206 avocaretur.
729 3177 884 3207 Praeterea
902 3177 941 3207 ad
963 3177 1086 3209 redem-

49 3223 186 3262 ptionem
207 3224 407 3265 captivorum
424 3227 591 3266 pecuniam
609 3229 751 3267 paratam
773 3237 850 3260 esse.
873 3230 990 3262 Multos
1002 3231 1087 3262 enini

47 3282 87 3305 ex
107 3276 256 3307 Romanis
269 3285 287 3306 a
308 3285 341 3307 se
364 3286 552 3317 magnopere
576 3279 719 3319 petiisse,
738 3281 775 3310 ut
795 3281 992 3321 propinquos
1013 3291 1088 3314 suos
1110 3294 1112 3297 ·

51 3325 228 3358 redimeret.
244 3327 304 3358 Cui
328 3328 441 3360 Attilas
462 3342 468 3360 :
489 3341 503 3355 «
522 3330 583 3360 Sed
605 3339 708 3370 neque
721 3331 807 3370 Jam,
829 3342 848 3362 ο
867 3333 968 3372 turpis
988 3333 1087 3365 bestia

50 3378 198 3418 (Bigilam
218 3380 417 3420 appellans),
437 3381 539 3412 ullum
555 3382 612 3414 tibi
625 3383 688 3415 tuis
704 3383 960 3416 cavillationibus
974 3386 1084 3425 judicii

1168 257 1432 304 καταὸληθῆναι
1451 257 1751 310 παρεκελεύσατο,
1767 261 1795 297 εἰ
1811 259 1860 310 μὴ
1882 260 2013 313 φθάσας
2032 262 2120 302 εἴποι
2140 263 2208 317 ὅτῳ

1168 315 1211 354 τὰ
1231 316 1400 368 χρήματα
1420 316 1479 354 καὶ
1499 317 1542 354 δι’
1558 316 1600 363 ἣν
1621 316 1735 354 αἰτίαν
1757 318 1901 367 κομίζει.
1929 319 1973 358 ‘O
1990 320 2026 358 δὲ
2046 324 2092 365 ὡς
2111 324 2206 361 ἐθεά-

1169 390 1254 413 σατο
1285 375 1343 413 τὸν
1371 375 1480 413 παῖδα
1502 374 1559 412 ἐπὶ
1579 374 1723 414 θάνατον
1744 376 1946 427 στείχοντα,
1967 380 2000 421 ἐς
2020 379 2152 431 δάκρυά
2171 398 2208 420 τε
2243 416 2246 419 .

1168 433 1226 471 καὶ
1247 432 1463 486 ὀλοφυρμοὺς
1483 433 1636 485 ἐτράπη,
1652 433 1712 472 καὶ
1732 434 1858 472 ἀνεὸόα
1874 434 1940 484 ,τὴν
1961 436 2058 483 δίκην
2076 439 2130 476 ἐπ’
2144 442 2209 477 αὐ-

1167 491 1226 530 τὸν
1256 492 1370 544 φέρειν
1395 491 1433 529 τὸ
1454 491 1565 543 ξίφος,
1585 493 1647 530 οὐκ
1677 492 1734 530 ἐπὶ
1753 493 1810 531 τὸν
1838 493 1912 531 νέον
1939 494 1997 532 τὸν
2026 496 2209 536 ἀδικοῦντα

1167 548 1277 589 οὐδέν.
1305 549 1378 588 Καὶ
1398 549 1506 600 μηδὲν
1536 549 1713 600 μελλήσας
1729 550 1774 588 τά
1791 566 1828 589 τε
1850 553 1944 604 αὐτῷ
1963 553 2023 590 καὶ
2043 554 2208 595 Ἐδέκωνι

1167 608 1226 646 καὶ
1237 611 1286 661 τῷ
1297 608 1451 662 εὐνούχῳ
1467 608 1527 646 καὶ
1541 611 1590 660 τῷ
1609 610 1747 662 βασιλεῖ
1758 610 1990 660 μελετηθέντα
2001 612 2097 664 ἔλεγε
2107 645 2116 661 ,
2128 629 2210 652 συν-

1167 670 1255 718 εχῶς
1275 667 1311 706 δὲ
1330 669 1363 711 ἐς
1381 668 1513 706 ἱκεσίαν
1542 668 1770 720 τρεπόμενος,
1789 669 1879 707 ὥστε
1900 670 2004 709 αὐτὸν
2026 671 2090 721 μὲν
2111 675 2208 711 ἀναι-

1167 728 1324 777 ρεθῆναι,
1345 727 1546 776 διαφεθῆναι
1566 725 1602 764 δὲ
1618 726 1676 764 τὸν
1696 728 1819 765 παῖδα.
1839 727 1945 772 Γνοὺς
1959 728 1994 767 δὲ
2012 733 2029 768 ὁ
2044 729 2208 777 Ἀττήλας

1167 783 1236 822 ἀπὸ
1251 787 1318 822 τῶν
1333 784 1499 824 Ἐδέκωνι
1516 785 1705 837 εἰρημένων
1723 785 1829 835 μηδὲν
1851 787 2048 839 διεψεῦσθαι
2064 787 2121 825 τὸν
2143 792 2207 828 Βι-

1165 843 1281 894 γίλαν,
1298 845 1332 882 ἐν
1347 845 1485 895 δεσμοῖς
1496 838 1583 882 εἶναι
1596 844 1843 897 προσέταττεν,
1857 847 1895 884 οὖ
1910 845 2075 899 πρότερον
2091 847 2207 886 λύσειν

1165 901 1357 948 ἀπειλήσας
1385 902 1467 955 πρὶν
1491 902 1513 949 ἢ
1542 902 1600 941 τὸν
1626 905 1736 941 παῖδα
1758 903 1939 956 ἐκπέμψας
1967 905 2084 958 ἑτέρας
2112 908 2207 960 αὐτῷ

1164 960 1381 1007 πεντήκοντα
1398 961 1543 1013 χρυσίου
1559 962 1678 1014 λίτρας
1692 961 1778 1015 ὑπὲρ
1792 964 1860 1000 τῶν
1878 962 2052 1016 σφετέρων
2069 965 2208 1015 κομίσοι

1163 1018 1311 1071 λύτρων.
1330 1019 1402 1058 Καὶ
1417 1023 1434 1058 ὁ
1449 1019 1510 1070 μὲν
1529 1020 1682 1067 ἐδέδετο,
1702 1023 1720 1058 ὃ
1734 1021 1769 1059 δὲ
1783 1023 1816 1064 ἐς
1832 1019 1894 1067 τὴν
1914 1021 2103 1073 Ῥωμαίων
2118 1025 2206 1062 ἐπα-

1163 1078 1250 1127 νῄει.
1270 1076 1436 1129 Ἔπεμπε
1457 1077 1492 1116 δὲ
1512 1080 1571 1117 καὶ
1588 1079 1761 1131 Ὀρέστην
1777 1079 1838 1118 καὶ
1851 1078 1990 1119 ἼΙσλαν
2006 1084 2024 1120 ὁ
2042 1081 2208 1129 'Atrium

1163 1138 1195 1180 ἐς
1213 1136 1276 1184 τὴν
1297 1137 1575 1182 Κωνσταντίνου.

1663 1228 1701 1264 9.

1213 1309 1236 1344 J
1239 1308 1424 1345 ornandes
1440 1310 1497 1344 De
1515 1308 1598 1344 reb.
1619 1309 1703 1346 Get.
1728 1322 1762 1345 c.
1787 1308 1834 1351 34
1854 1322 1863 1345 :
1885 1311 1950 1345 Ad
1964 1323 2070 1358 quem
2089 1313 2125 1346 in
2146 1313 2206 1347 le·—

1159 1371 1349 1414 gationem
1365 1371 1534 1403 remissus
1545 1380 1571 1402 α
1587 1368 1790 1404 Theodosio
1794 1371 1943 1415 juniore
1960 1370 2121 1414 Priscus,
2136 1373 2204 1406 tali

1160 1439 1252 1462 voce
1274 1430 1370 1462 inter
1385 1428 1467 1462 alia
1485 1425 1611 1472 refert.
1629 1429 1806 1475 Ingentia
1823 1429 1999 1476 siquidem
2019 1429 2179 1471 flumina
2190 1458 2201 1476 ‚

1161 1486 1204 1520 id
1217 1493 1274 1520 est
1292 1486 1439 1532 Zysiam
1459 1485 1700 1534 Tibisiamque
1718 1494 1756 1521 ct
1772 1487 1945 1522 Driccam
1961 1494 2197 1532 transeuntes,

1159 1547 1331 1578 venimus
1351 1546 1388 1578 in
1409 1545 1526 1579 locum
1541 1545 1662 1588 illum,
1687 1545 1748 1580 ubi
1762 1545 1902 1580 dudum
1923 1547 1960 1579 V
1957 1546 2114 1591 ι’(ίίσιιῖα,
2135 1549 2205 1584 Go-

1159 1602 1303 1638 thorum
1307 1600 1535 1648 fortissimus¹
1541 1630 1549 1646 ,
1573 1604 1786 1639 Sarmatam
1800 1604 1886 1640 dolo
1899 1605 2078 1642 occubuit.
2097 1607 2206 1642 Inde·

1158 1673 1229 1708 que
1255 1674 1326 1696 non
1347 1662 1454 1709 longe
1473 1661 1527 1696 ad
1543 1664 1669 1696 vicum
1701 1665 1738 1696 in
1755 1675 1825 1710 quo
1844 1675 1913 1698 rex
1930 1663 2052 1698 Attila
2078 1676 2204 1699 mora-

1161 1720 1282 1765 batur,
1305 1723 1522 1755 accessimus
1537 1733 1548 1754 :
1563 1723 1702 1765 vicum,
1721 1723 1869 1769 inquam
1878 1749 1886 1766 ,
1913 1723 1972 1769 cul,
1983 1725 2102 1757 imitar
2119 1726 2204 1758 civi-

1158 1782 1245 1814 tatis
1262 1780 1528 1827 atriplissimoe,
1547 1782 1584 1814 in
1599 1792 1670 1827 quo
1690 1781 1815 1827 lignea
1836 1784 1977 1816 moenia
1995 1794 2045 1816 cx
2069 1782 2204 1817 tabulis

1157 1836 1357 1874 nitentibus
1374 1836 1572 1884 fabricata
1594 1842 1817 1886 reperimus,
1847 1852 2002 1887 quarum
2022 1853 2204 1888 compago

1158 1900 1209 1932 ita
1231 1897 1387 1933 solidum
1408 1897 1663 1941 mentiebatur,
1685 1905 1727 1932 ut
1748 1900 1818 1932 viz·
1842 1898 1891 1932 ab
1918 1901 2056 1934 intento
2075 1907 2201 1946 posset

1155 1960 1327 2000 [unctura
1343 1956 1551 1991 tabularum
1568 1955 1843 2003 comprehendi.
1868 1958 2019 1992 Videres
2035 1959 2202 1993 triclinia

1156 2016 1298 2050 ambitu
1310 2016 1512 2063 prolixiore
1529 2015 1708 2058 distenta,
1730 2018 1961 2063 porticusque
1976 2019 2013 2050 in
2029 2019 2127 2051 omni
2141 2017 2202 2052 de-

1156 2087 1237 2110 core
1249 2075 1458 2122 dispositas.
1473 2075 1574 2108 Area
1589 2086 1681 2109 vero
1694 2077 1804 2109 curtis
1817 2077 1960 2122 ingenti
1972 2074 2112 2110 ambitu
2128 2078 2201 2110 cin-

1155 2133 1319 2181 gebatur,
1344 2140 1386 2168 ut
1401 2133 1608 2180 amplitudo
1623 2135 1703 2180 ipsa
1721 2136 1865 2180 regiam
1884 2134 2012 2169 aulam
2029 2135 2202 2170 ostende—

1155 2240 1313 2273 subeundi
1333 2240 1456 2281 patebit
1479 2240 1633 2280 effugium
1650 2249 1659 2271 :
1681 2249 1786 2280 neque
1804 2241 1871 2272 ulla
1885 2241 1960 2273 satis
1981 2241 2095 2274 idonea
2107 2250 2203 2274 causa

1156 2292 1236 2333 erit,
1256 2301 1320 2333 qua
1337 2291 1486 2323 meritum
1510 2291 1700 2332 supplicium
1717 2291 1837 2324 evitare
1859 2292 1965 2333 possis.
1989 2295 2096 2334 Longe
2117 2295 2203 2326 enim

1156 2343 1258 2384 major
1278 2352 1402 2376 summa
1417 2344 1475 2383 est,
1495 2351 1591 2383 quam
1606 2352 1669 2384 qua
1682 2342 1739 2375 tibi
1753 2343 1794 2375 sit
1811 2352 1892 2384 opus
1907 2343 1947 2376 ad
1963 2345 2203 2377 sustentandam

1156 2396 1322 2433 familiam,
1345 2396 1396 2427 vel
1411 2395 1507 2427 etiam
1521 2403 1619 2436 quam
1641 2394 1805 2435 impendas
1826 2395 1860 2427 in
1889 2397 2082 2436 emptionem
2107 2406 2203 2438 equo·

1155 2457 1227 2479 rum
1237 2472 1246 2488 ,
1261 2447 1541 2487 veljumentorum
1552 2471 1561 2486 ,
1578 2447 1630 2478 vel
1644 2447 1866 2480 liberationem
1879 2447 2090 2488 captivorum,
2104 2458 2203 2489 quarn

1154 2501 1343 2541 iamdudum
1371 2499 1565 2536 Maximino,
1592 2507 1694 2540 quum
1722 2499 1786 2530 huc
1815 2501 1966 2540 venerat,
1995 2500 2158 2533 interdixi.
2184 2514 2200 2530 n

1154 2555 1231 2584 Haec
1244 2552 1370 2591 dicens,
1394 2552 1493 2583 {ilium
1508 2550 1616 2591 Bigilae
1632 2551 1642 2591 (
1659 2551 1686 2582 is
1696 2553 1767 2582 tum
1780 2551 1918 2591 primum
1930 2553 2053 2591 patrem
2073 2555 2202 2585 secutus

1154 2604 1185 2635 in
1200 2604 1366 2635 barbaram
1379 2603 1538 2643 regionem
1546 2603 1699 2643 venerat)
1712 2611 1786 2634 ense
1802 2602 1903 2634 occidi
1915 2603 2017 2643 jubet,
2027 2604 2086 2636 nisi
2099 2607 2201 2645 pater,

1153 2666 1249 2697 quem
1264 2658 1296 2688 in
1307 2665 1402 2688 usum
1417 2657 1448 2687 et
1460 2664 1560 2696 quam
1581 2655 1623 2687 ob
1642 2664 1769 2687 causam
1786 2656 1913 2687 tantum
1927 2657 1995 2688 auri
2009 2656 2199 2698 advexisset,

1152 2710 1301 2751 aperiret.
1347 2709 1403 2741 llle
1417 2711 1454 2741 ut
1471 2709 1553 2740 vidit
1570 2708 1671 2740 filium
1687 2708 1783 2740 morti
1800 2708 1982 2749 addictum,
1999 2709 2040 2741 ad
2056 2711 2201 2743 lacrimas

1152 2771 1323 2794 conversus
1334 2786 1343 2801 ,
1354 2762 1406 2802 jus
1419 2761 1593 2801 implorare
1603 2785 1612 2800 ,
1626 2762 1658 2792 et
1671 2769 1778 2792 ensem
1795 2761 1827 2792 in
1843 2769 1876 2792 se
1889 2761 1973 2793 mitti
1989 2762 2116 2801 debere,
2134 2772 2199 2794 non

1153 2815 1184 2846 in
1204 2815 1303 2847 filium
1317 2839 1325 2854 ,
1341 2815 1395 2855 qui
1419 2814 1499 2845 nihil
1523 2813 1777 2845 commeruisset.
1822 2815 1888 2845 Nec
1905 2815 2076 2846 cunctatus
2088 2816 2197 2847 omnia

1152 2867 1346 2899 clandestina
1362 2867 1511 2906 consilia,
1526 2875 1599 2906 qum
1621 2875 1640 2897 a
1666 2875 1718 2906 se,
1744 2866 1784 2898 ab
1806 2866 1954 2898 Edecone
1966 2891 1975 2907 ‚
1989 2867 2030 2898 ab
2049 2869 2198 2899 eunucho

1151 2922 1182 2952 et
1198 2921 1390 2960 imperatore
1407 2920 1439 2951 in
1453 2919 1585 2951 Attilam
1599 2918 1774 2959 composita
1791 2919 1934 2958 fuerant,
1952 2920 2093 2960 aperuit,
2110 2922 2142 2952 et
2157 2921 2197 2952 ad

1150 2981 1259 3012 preces
1269 2972 1445 3012 prolapsus,
1456 2980 1548 3002 orare
1562 2972 1594 3002 et
1603 2970 1768 3010 obtestari,
1779 2971 1816 3002 ut
1824 2979 1857 3002 se
1866 2970 2025 3003 occideret
2036 2995 2045 3011 ‚
2056 2975 2085 3003 et
2095 2971 2196 3003 filium

1149 3024 1227 3055 niliil
1237 3024 1444 3064 promeritum
1458 3023 1617 3054 liberaret.
1626 3025 1734 3060 Quum
1748 3024 1854 3054 autem
1868 3023 1982 3055 Attilas
1997 3023 2109 3063 exuis,
2124 3033 2196 3064 quae

1151 3075 1276 3107 Edecon
1290 3076 1349 3106 sibi
1365 3075 1550 3114 detexerat,
1565 3074 1698 3114 Bigilam
1711 3074 1789 3105 nihil
1800 3074 1970 3106 mentitum
1988 3076 2194 3115 perspiceret,

1149 3128 1180 3159 in
1196 3128 1324 3159 vincula
1340 3127 1413 3159 duci
1425 3127 1595 3168 praecepit,
1611 3136 1629 3159 e
1641 3127 1759 3167 quibus
1769 3135 1832 3158 nou
1846 3127 1933 3167 prius
1945 3136 2018 3159 eum
2031 3128 2194 3159 exsolutu-

1149 3189 1221 3212 rum
1241 3181 1380 3212 minatus
1393 3182 1451 3218 est,
1461 3189 1557 3220 quam
1571 3180 1640 3220 ejus
1652 3180 1735 3211 tilius
1748 3179 1780 3211 in
1794 3188 1866 3212 eam
1880 3189 1947 3211 rem
1963 3180 2109 3211 dimissus
2118 3180 2194 3212 alias

1148 3232 1379 3272 quinquaginta
1400 3232 1469 3263 auri
1491 3231 1589 3263 libras
1613 3240 1671 3271 pro
1697 3230 1884 3262 liberatione
1907 3240 1964 3262 sua
1994 3231 2190 3262 exsolvisset.

1148 3285 1188 3315 Et
1204 3283 1318 3324 Bigilas
1334 3284 1464 3324 quidem
1478 3283 1510 3314 in
1528 3283 1655 3315 vincula
1667 3283 1715 3314 est
1730 3282 1894 3322 conjectus
1906 3305 1915 3322 ,
1933 3282 2015 3314 filius
2028 3283 2134 3313 autem
2150 3282 2190 3313 ad

1146 3336 1307 3366 Romanos
1328 3335 1432 3367 rediit.
1456 3335 1539 3367 Misit
1552 3335 1648 3366 etiam
1659 3334 1772 3367 Attilas
1782 3334 1926 3366 Orestem
1942 3335 1974 3365 et
1987 3333 2091 3364 Eslam
2110 3334 2189 3365 Con·

1144 3387 1391 3427 stantinopolim.
2135 3378 2140 3383 ’
