2326 3724
89 255 161 288 ¹98

82 350 191 372 mum
208 349 254 372 m·
281 348 442 373 cossam
463 349 675 373 onnnumo
701 349 846 372 lunum
866 347 1043 372 nummus
1063 347 1126 372 sn—

78 407 227 432 cunnus
243 408 330 432 mus
349 409 380 432 ιτ.
399 412 414 428 »
438 394 530 432 Mu.
546 416 599 423 —
625 394 649 443 5
674 395 711 430 3.
741 409 757 426 α
774 396 830 431 De
852 395 1057 431 Aureliano
1078 395 1127 430 ad

78 455 309 490 Placentiam
335 455 502 503 primum
529 455 632 490 victo
661 466 683 490 a
710 454 1010 498 Marcomannis,
1037 465 1126 488 mox

79 512 288 548 eorundem
306 513 452 548 victore
474 511 594 562 (270)
608 539 618 557 ‚
636 513 768 561 legesis
783 512 986 560 Vopiscum
1003 523 1038 546 c.
1059 523 1125 559 21,

77 572 207 608 Aurei.
225 571 418 608 Victorem
435 572 535 620 Epit.
550 584 584 606 c.
600 569 664 607 35.
685 586 701 603 υ
720 569 814 605 Mn.
830 590 875 597 -
893 569 914 618 S
931 573 967 611 l..
986 569 1127 604 Eadem

77 637 206 666 narrat
219 632 404 679 Vopiscus
420 631 460 666 in
476 630 605 666 Aurel.
625 643 659 665 c.
681 642 728 665 22
751 629 847 678 (272
862 641 903 677 p.
921 627 1004 676 C.).

360 749 374 771 1
389 749 417 772 1.
448 733 666 773 ΠΡΟΒΟΣ.
701 733 838 783 (282.)

130 827 217 868 ςὈτι
235 828 321 880 πρὸς
350 826 540 880 ἀνταρσίαν
568 826 723 870 ἐλθόντος
753 825 874 877 Κάρου
895 824 1127 863 ἔὸουλεύσατο

77 889 95 924 ὁ
115 886 256 939 Πρόὸος
274 886 307 925 τί
324 887 376 925 δεῖ
400 889 546 932 ποιῆσαι
567 885 683 924 αὐτόν.
707 883 791 925 Καὶ
801 884 943 922 πάντων
964 883 1125 921 σιωπών-

76 961 160 992 των,
176 945 412 999 Μαρτινιανός
419 961 468 989 τις
476 943 658 996 χιλίαρχος
669 943 1000 996 παρρησιασάμενος
1011 941 1126 980 πολλὰ

77 1003 233 1041 ἐνεκάλει
262 1005 357 1056 αὐτῷ
370 1033 380 1050 ,
400 1006 445 1047 ὡς
466 1002 523 1040 διὰ
542 1002 599 1040 τὸν
621 1001 718 1040 ὄκνον
741 1004 845 1039 αὐτοῦ
865 1003 933 1038 τῶν
955 999 1123 1052 πραγμά-

77 1077 147 1099 των
171 1062 442 1112 ἀπολλυμένων·
462 1061 522 1099 καὶ
541 1059 753 1112 προέτρεπεν
774 1058 877 1097 αὐτὸν
902 1061 1125 1110 παραχρῆμα

75 1123 217 1167 κινῆσαι
234 1119 294 1158 καὶ
311 1120 455 1165 ἐξελθεῖν
473 1121 520 1163 εἷς
538 1119 690 1170 πόλεμον
705 1119 764 1156 καὶ
778 1120 982 1164 ἀπαντῆσαι
1001 1119 1050 1170 τῷ
1064 1133 1123 1154 τυ-

77 1179 201 1232 ροίννῳ.

128 1241 230 1276 Nihil
243 1240 290 1276 de
304 1241 400 1276 Caro
414 1239 622 1275 rebellante
634 1238 819 1287 Vopiscus
835 1238 875 1272 in
890 1238 976 1273 Vita
991 1236 1123 1275 Probi.

74 1298 182 1334 Idem
202 1306 327 1334 tamen
346 1299 384 1333 in
406 1299 488 1334 Vita
509 1299 614 1342 Cari,
642 1310 676 1332 c.
703 1297 725 1332 6
753 1308 761 1333 z
785 1298 852 1331 Hic:
879 1295 1031 1345 (Carus)
1054 1299 1123 1344 igi-

75 1365 175 1393 tur...
189 1355 392 1404 proefectus
401 1359 570 1404 praetorii
582 1369 607 1390 α
624 1353 880 1400 Probosactus
897 1362 1041 1389 tantum
1053 1355 1125 1390 sibi

74 1416 181 1462 apud
207 1417 343 1450 milites
371 1418 508 1451 amoris
529 1416 676 1456 locavit,
714 1422 754 1449 ut
781 1411 974 1458 interfecto
1003 1414 1125 1450 Probo

75 1481 179 1509 tanto
203 1477 395 1535 principe,
418 1475 517 1509 solus
539 1474 606 1519 dig
584 1475 776 1507 «missimus
795 1472 984 1506 videretur
1005 1475 1124 1519 impe·

75 1535 144 1569 rio.
165 1535 251 1568 Non
269 1532 327 1568 me
346 1536 518 1581 proetetit
535 1535 739 1579 suspicatos
763 1543 841 1566 esve
852 1531 1068 1578 plerosque,
1090 1539 1126 1566 et

74 1603 135 1625 eos
166 1594 202 1625 irc
223 1589 350 1636 fastos
380 1592 546 1626 retulisse
581 1590 670 1625 Cari
688 1587 862 1634 factione
892 1592 1123 1624 interemtum

73 1650 256 1692 Ριοόιιηι,·
278 1651 347 1685 sed
369 1661 486 1697 neque
516 1652 681 1684 meritum
708 1649 818 1683 Probe·
845 1660 905 1693 ert,
891 1660 938 1682 “a
960 1647 1115 1691 Carum,

76 1715 193 1750 neque
215 1704 303 1738 Cari
322 1715 441 1738 mores
465 1703 505 1737 id
521 1703 622 1737 credi
637 1704 835 1750 patiuntur
859 1712 872 1736 .·
884 1674 1012 1735 ἰ,είιηιιί
1036 1705 1124 1748 quia

74 1760 187 1796 Probi
204 1770 356 1797 mortem
377 1770 413 1797 et
436 1764 615 1796 aceri-inm
634 1769 673 1796 et
688 1762 981 1795 constantissime
996 1761 1123 1795 vindi-

74 1823 184 1857 cavit.
202 1821 346 1856 Unicus
363 1821 464 1855 testis
475 1820 539 1867 qui
556 1819 730 1854 disertius
749 1818 843 1866 quid
857 1817 905 1853 de
917 1818 974 1853 his
992 1818 1121 1863 tradit,

74 1880 242 1914 Zonaras
258 1887 313 1915 est
329 1879 396 1914 lib.
414 1881 507 1924 XII,
522 1878 583 1923 30,
597 1891 638 1926 p.
656 1877 732 1913 610
753 1890 761 1912 ε
779 1874 902 1925 Γέγονε
915 1874 949 1911 δὲ
964 1880 1042 1912 κατ’
1061 1876 1123 1912 αὗ-

72 1938 133 1973 τοῧ
156 1935 342 1988 (Πρόὸου)
361 1935 420 1973 καὶ
439 1934 528 1981 ἄλλη
547 1950 598 1978 τις
623 1933 871 1976 ἐπανάστασις.
896 1933 1031 1984 Μέρους
1056 1932 1123 1986 γὰρ

74 1997 136 2041 τῆς
151 1994 324 2047 Εὐρώπης
338 1997 356 2032 ὁ
374 1994 489 2046 Κάρος
503 1994 623 2046 ἄρχων
638 1993 725 2044 ἔγνω
739 1991 817 2036 τοὺς
831 1991 887 2029 ὑπ’
903 1991 1006 2029 αὐτὸν
1020 2007 1125 2044 στρα-

75 2052 203 2097 τιώτας
221 2052 490 2105 βουλευομένους
507 2053 659 2090 ἀνειπεῖν
675 2050 778 2089 αὐτὸν
797 2050 1049 2103 αὐτοκράτορα,
1063 2050 1123 2088 καὶ

75 2114 176 2150 τοῦτο
205 2113 255 2164 τῷ
276 2111 408 2164 Πρόὸῳ
437 2111 612 2158 ἐδήλωσε,
632 2109 792 2160 δεόμενος
813 2110 940 2147 ἐκεῖθεν
965 2111 1123 2157 ἀνακλη-

74 2174 191 2217 θῆναι.
215 2170 263 2210 ‘O
285 2170 320 2209 δὲ
346 2172 408 2208 οὐκ
429 2170 550 2217 ἤθελεν
573 2169 761 2222 ἀφελέσθαι
785 2169 888 2206 αὐτὸν
908 2168 969 2214 τὴν
991 2168 1118 2221 ἀρχήν.

75 2229 307 2282 Περιστάντες
327 2223 384 2267 οῧν
405 2231 435 2267 οἱ
462 2231 673 2281 στρατιῶται
699 2227 757 2266 τὸν
779 2227 896 2279 Κάρον
915 2227 974 2265 καὶ
992 2228 1122 2265 ἄκοντα

75 2288 334 2332 καταδέξασθαι
347 2287 410 2333 τὴν
423 2289 490 2324 τῶν
512 2286 701 2338 Ῥωμαίων
719 2285 832 2339 ἀρχὴν
848 2286 1046 2332 ἐὸιάσαντο,
1062 2285 1122 2323 καὶ

75 2347 200 2385 αὐτίκα
215 2346 275 2384 σὺν
290 2348 384 2399 αὐτῷ
401 2346 612 2389 εἷςἸταλίαν
627 2345 854 2397 ὡρμήκεσαν.
872 2344 944 2383 Καὶ
956 2347 972 2382 ὁ
985 2343 1122 2396 Πρόὸος
1171 2346 1180 2356 “

74 2409 177 2443 τοῦτο
201 2404 320 2455 μαθὼν
339 2404 541 2455 στράτευμα
560 2403 694 2456 ἔπεμψε
712 2403 773 2441 σὺν
791 2403 933 2454 ἄρχοντι
954 2404 1119 2448 ἀντιστῆ-

74 2480 131 2502 ναι
163 2466 269 2516 αὔτῷ.
299 2461 396 2509 ’Ἤδη
427 2463 462 2501 δὲ
486 2463 745 2509 πλησιάσαντες
776 2464 806 2500 οἱ
831 2461 1043 2514 πεμφθέντες
1070 2463 1120 2513 τῷ

76 2524 189 2576 Κάρῳ
200 2553 211 2573 ,
230 2522 469 2572 δεσμήσαντες
486 2522 544 2560 τὸν
559 2522 712 2574 ἄρχοντα
729 2523 873 2566 ἑαυτῶν,
890 2522 1047 2558 κάκεῖνον
1061 2521 1120 2557 καὶ

1037 247 1106 285 AN
1111 246 1279 286 ONYMI

1189 331 1330 376 ἓαυτους
1347 335 1398 386 τῷ
1419 333 1528 387 Κᾶρῳ
1548 335 1850 387 παραδεδώκασιν.
1868 336 1914 376 Ὁ
1938 337 1972 376 δὲ
2004 338 2142 391 Πρόὸος
2165 339 2234 378 υπὸ

1193 393 1261 429 τῶν
1281 391 1415 430 οἰκείων
1441 392 1636 463 δορυφόρων
1669 394 1841 447 ἀνῃρητο,
1865 395 2058 456 μαθόντων
2074 396 2138 445 τὴν
2166 401 2235 437 τῶν

1189 451 1410 502 στρατιωτῶν
1430 451 1516 503 πρὸς
1533 451 1651 503 Κάρον
1670 453 1934 507 προσχώρησιν.

1431 591 1491 616 12.
1523 579 1708 619 ΚΑΡΟΣ.
1745 579 1901 631 (2831).
1925 582 1991 631 C.)

1239 672 1324 710 Ὅτι
1374 673 1449 724 ἅμα
1492 677 1536 726 τῇ
1583 676 1807 729 ἀναγορεύσει
1845 677 2002 728 λέγουσιν
2054 679 2230 732 εἰρηκέναι

1188 730 1246 768 τὸν
1270 731 1387 784 Κάρον
1417 732 1503 772 &2²
1489 733 1546 772 επὶ
1570 737 1670 773 κακῶ
1702 737 1849 789 Περσῶν
1879 738 1926 781 εἷς
1962 737 2026 786 τὴν
2052 738 2232 790 βασιλείαν

1189 785 1307 837 ἦλθεν.

1457 910 1472 933 1
1481 897 1516 935 3.
1549 898 1950 938 ΔΙΟΚΛΗΤΙΑΝΟΣ.

1241 1013 1266 1037 1.
1281 996 1366 1039 “On
1387 1001 1420 1037 ἓν
1438 1003 1481 1053 τῇ
1497 1000 1606 1053 οἰκείᾳ
1626 1001 1850 1055 ἄναγορεῦσει
1869 1006 1887 1042 ὃ
1907 1005 2170 1052 Διοκλητιανὸς,
2185 1007 2229 1044 τὰ

1185 1057 1263 1096 τότε
1287 1057 1460 1108 σεὸόμενα
1485 1062 1559 1096 θεῖα
1586 1061 1864 1113 μαρτυρόμενος,
1888 1062 2002 1114 ἔλεγεν
2021 1062 2070 1114 μὴ
2091 1063 2148 1102 διὰ
2167 1068 2230 1112 τῆς

1187 1117 1366 1168 βασιλείας
1383 1116 1537 1170 ἐφίεσθαι
1553 1119 1704 1171 Καρῖνον
1725 1121 1872 1168 ἀνελεῖν,
1892 1121 1983 1159 ἀλλὰ
1997 1121 2054 1160 διὰ
2067 1123 2106 1161 τὸ
2119 1125 2226 1162 ἐλεεῖν

1185 1175 1248 1247 τὴν
1264 1175 1456 1214 πολιτείαν.

1302 1231 1388 1273 “On
1402 1234 1442 1272 τὸ
1458 1234 1572 1273 πολλὰ
1588 1236 1752 1287 πράττειν
1770 1237 2072 1292 ἀντικλιματηρων
2087 1255 2147 1278 και
2160 1256 2231 1279 xiv·

1186 1291 1296 1388 δύν3ων
1315 1294 1453 1331 πολλῶν
1472 1293 1579 1332 αἴτιον
1600 1294 1745 1344 γίνεται.

1301 1350 1387 1391 ςὈτι
1408 1355 1430 1398 ἡ
1459 1352 1657 1403 ἀνθρωπίνη
1678 1353 1776 1406 φύσις
1803 1354 1969 1393 τάναντία
1991 1357 2123 1405 μᾶλλον
2152 1356 2232 1395 ἐπί-

1189 1425 1313 1447 σταται
1345 1410 1459 1464 φέρειν
1474 1441 1484 1459 ,
1516 1409 1539 1457 ἢ
1572 1410 1696 1464 μέτρον
1729 1414 1763 1450 ἐν
1788 1417 1864 1456 ταῖς
1885 1413 2061 1466 εὐτυχίαις
2092 1415 2229 1468 φυλάτ-

1185 1483 1273 1505 τειν.

1237 1539 1268 1564 4.
1298 1524 1384 1564 ’Ότι
1407 1526 1467 1564 καὶ
1488 1526 1545 1564 διὰ
1563 1527 1602 1566 τὸ
1627 1527 1706 1575 [διὰ
1726 1531 1873 1577 τοῦτ-οἷ’]
1896 1533 2000 1581 τιμῆς
2019 1531 2122 1570 αὐτὸν
2141 1534 2228 1571 ἇθα·

1184 1584 1288 1622 νάτου
1318 1584 1401 1655 (τε)
1426 1586 1644 1638 τετυχηκότα
1663 1603 1792 1639 χρηναι
1823 1591 2021 1638 μεμνῆσθαι
2040 1589 2092 1628 ὅτι
2111 1591 2231 1638 θνητός

1185 1643 1257 1680 ἐστι
1277 1658 1336 1680 και
1356 1645 1423 1680 τῶν
1441 1644 1664 1696 ἀνθρωπίνων
1686 1649 1871 1698 συμρορῶν
1894 1648 1958 1685 οὐκ
1981 1648 2173 1701 ἀλλότριος.

1300 1700 1387 1739 “Ort
1407 1702 1552 1746 Λουκιος
1572 1702 1760 1747 Ὀκτάὸιος
1777 1706 1823 1748 εἷς
1841 1705 1976 1743 δεῖπνον
1997 1707 2135 1754 κληθεις
2159 1712 2231 1761 θρι-

1185 1759 1319 1808 άμὸου,
1335 1774 1395 1797 και
1415 1762 1624 1807 ἀποκληθεις
1642 1762 1887 1814 ἀπήγγειλεν“
1873 1763 1994 1802 εαυτὸν
2014 1766 2061 1808 εἷς
2077 1766 2116 1804 τὸ
2136 1782 2232 1817 συμ-

1185 1818 1306 1856 πόσιον
1333 1817 1425 1865 ἥξειν
1452 1821 1482 1857 εἰ
1510 1819 1558 1870 μὴ
1585 1823 1630 1865 ὼς
1665 1821 1775 1860 οἷόντε
1812 1822 1984 1861 κάλλιστα
2016 1824 2105 1877 μέρη
2135 1827 2230 1878 αὐτῷ

1183 1875 1372 1929 πεμφθείη.

1296 1933 1379 1973 (Ότι
1396 1936 1659 1985 Διοκλητιανος,
1677 1936 1787 1990 ὄψεώς
1806 1953 1895 1982 τινος
1912 1939 1946 1976 ἐν
1961 1938 2078 1984 ὕπνοις
2094 1941 2230 1980 πολλοί-

1183 2008 1235 2036 κις
1254 1991 1357 2030 αὐτὸν
1378 1993 1647 2045 ἐνοχλούσης,”
1623 2011 1714 2033 ωστε
1732 1995 1843 2048 ἀρχὴν
1861 1997 2064 2049 ἓγγειρῆσαί
2082 2015 2169 2051 τινι,
2190 1999 2228 2038 ὄν

1183 2067 1223 2103 γε
1243 2051 1410 2101 ὀνομαστι
1425 2055 1445 2099 ἡ
1461 2052 1568 2105 ὄψις
1553 2069 1738 2104 εσημανεν,
1759 2054 1954 2102 υπονοήσας
1968 2050 2055 2094 εἶναι
2074 2061 2176 2096 τοῦτο
2190 2060 2231 2098 ἐκ

1184 2110 1362 2162 γοητείας,
1379 2110 1413 2148 ἔν
1430 2127 1497 2149 τινι
1517 2111 1634 2165 ἡμέρα
1655 2114 1982 2164 μετακαλεσαμενος
1998 2131 2116 2165 αυτον,
2126 2132 2229 2156 τουτο

1186 2170 1289 2219 μόνον
1311 2169 1374 2222 ἔφη
1395 2170 1480 2222 πρὸς
1497 2170 1600 2208 αὐτόν
1612 2187 1620 2195 ·
1637 2190 1652 2205 κ
1666 2171 1769 2217 Δέξαι
1790 2172 1900 2226 ἀρχὴν
1919 2174 1962 2221 ἣν
1982 2176 2062 2212 καθ’
2077 2175 2227 2223 ἑκάστην

1186 2228 1291 2266 νύκτα
1313 2230 1420 2272 αἰτεῖς
1448 2231 1533 2281 παρ’
1560 2231 1665 2280 ἐμοῦ,
1686 2231 1746 2268 καὶ
1763 2230 1813 2278 μὴ
1836 2232 2008 2284 φθονήσῃς
2025 2236 2074 2287 τῷ
2093 2237 2233 2286 βασιλεῖ

1181 2290 1242 2333 τῆς
1264 2289 1302 2324 ἐκ
1320 2290 1379 2324 τοῦ
1398 2288 1586 2339 ἡσυχάζειν
1603 2289 1798 2340 θεραπείας.
1816 2307 1831 2323 n

1234 2347 1255 2395 S
1279 2359 1304 2384 1.
1326 2344 1389 2383 Τὰ
1414 2345 1513 2383 τότε
1533 2345 1747 2395 σεὸόμενα
1769 2346 1886 2397 θεῖα]
1916 2365 1932 2381 «
1956 2351 2054 2386 Hinc
2075 2364 2228 2400 cogno-

1181 2406 1319 2441 scimus
1342 2405 1567 2441 historicum
1586 2407 1850 2444 Christianum.
1878 2423 1893 2440 >³
1916 2408 2011 2446 MAl.
2032 2430 2086 2436 -—
2100 2409 2230 2459 Καρῒ·

1182 2478 1252 2500 νον
1275 2464 1463 2509 ἀνελεῖν]
1487 2467 1653 2501 Zonaras
1671 2467 1748 2501 XII
1763 2492 1773 2511 ,
1799 2465 1863 2511 30,
1884 2479 1926 2515 p.
1949 2466 2051 2504 612:
2072 2466 2228 2520 Θάτερος

1184 2520 1302 2570 μέντοι
1328 2523 1396 2558 τῶν
1419 2521 1538 2573 Κάρου
1559 2523 1641 2559 υἱῶν
1661 2524 1678 2559 ὁ
1704 2523 1853 2575 Καρῒνος
1871 2524 1917 2566 εἷς
1933 2522 2079 2574 Ῥώμην
2098 2525 2228 2576 διάγων

456 2654 512 2686 11.
531 2650 740 2687 PROBUS.

115 2737 198 2768 Caro
207 2735 380 2767 rebellante
389 2732 587 2765 deliberabat
597 2733 628 2764 in
638 2732 773 2764 concilio
783 2732 903 2764 Probus
914 2730 991 2771 quid
1002 2731 1118 2769 ageret.

74 2787 208 2820 cunctis
236 2786 421 2825 silentibus,
445 2785 655 2817 Martinianus
685 2784 817 2824 quidam
847 2783 997 2815 tribunus
1025 2782 1123 2813 libera

73 2840 190 2871 fiducia
217 2839 314 2880 eoepit
340 2839 446 2871 Probo
475 2838 614 2878 graviter
635 2837 851 2878 exprobrare,
880 2835 966 2875 qnod
997 2835 1038 2866 ob
1055 2835 1124 2874 ejus

73 2892 238 2930 segnitiem
262 2890 441 2931 respublica
464 2890 607 2921 interiret
627 2902 634 2920 :
660 2889 852 2929 impulitque
866 2896 940 2918 euni
962 2888 998 2918 ut
1014 2887 1123 2917 confe-

77 2943 151 2974 stim
168 2951 257 2974 arma
274 2943 436 2982 moveret,
453 2941 573 2973 bellum
587 2941 777 2982 susciperet,
791 2943 993 2980 tyr-annoque
1011 2939 1043 2970 in
1056 2939 1123 2970 acie

73 2996 266 3028 occurreret.

476 3059 530 3091 12.
549 3056 722 3092 CARUS.

117 3142 226 3178 Quum
241 3145 416 3178 purpuram
431 3137 545 3168 sumsit
561 3138 662 3168 Carus
678 3136 795 3169 dixisse
823 3137 923 3168 fertur
949 3137 1070 3169 sactum
1091 3145 1125 3169 se

75 3191 302 3233 imperatorem
316 3188 356 3220 ad
371 3191 540 3220 Persarum
564 3189 708 3220 exitium.

378 3273 432 3304 13.
452 3269 822 3306 DIOCLETIANUS.

121 3355 149 3383 1.
165 3349 339 3391 Imperium
353 3357 519 3389 capessens
540 3348 755 3382 Diocletianus
770 3350 846 3382 deos
863 3352 943 3382 tunc
962 3352 1065 3384 cultos
1081 3354 1125 3384 te-

79 3404 165 3435 stans
179 3427 188 3443 ‚
202 3411 266 3434 non
281 3401 366 3441 regni
382 3400 549 3432 obtinendi
566 3409 661 3432 causa
675 3409 708 3432 se
722 3401 804 3434 dixit
819 3405 929 3443 optare
942 3412 1052 3436 necem
1067 3407 1125 3437 Ca-

82 3455 142 3486 rini
155 3478 163 3494 ‚
178 3453 231 3486 sed
243 3453 328 3494 quod
339 3453 541 3484 misereretur
561 3451 755 3492 reipublicae.

1223 2634 1252 2661 2.
1268 2631 1442 2662 Multorum
1468 2633 1668 2671 negotiorum
1694 2635 1853 2675 susceptio
1881 2644 1976 2667 causa
1992 2635 2029 2668 fit
2052 2636 2227 2669 infelicium

1182 2682 1453 2714 climatericorum
1465 2687 1563 2724 atque
1578 2685 1808 2725 periculorum.

1222 2736 1253 2765 3.
1270 2735 1426 2765 Humanae
1443 2737 1568 2766 naturae
1581 2737 1628 2767 est
1646 2737 1778 2768 adversa
1797 2737 1920 2769 facilius
1936 2738 2018 2770 serre
2037 2747 2134 2779 quam
2157 2749 2228 2772 mo·

1182 2783 1316 2816 destiam
1331 2794 1457 2817 servare
1472 2785 1505 2816 in
1526 2787 1621 2818 rebus
1631 2788 1799 2828 prosperis.

1232 2839 1262 2868 4.
1276 2838 1447 2877 Propterea
1457 2847 1529 2868 eum
1541 2863 1548 2876 ,
1565 2840 1622 2870 etsi
1637 2840 1834 2871 immortales
1855 2843 2062 2873 consecutum
2078 2842 2227 2883 honores,

1182 2888 1361 2920 meminisse
1382 2890 1489 2920 tamen
1503 2889 1619 2921 debere
1641 2899 1674 2921 se
1691 2891 1860 2922 mortalem
1877 2900 1944 2923 esse
1966 2894 1998 2924 et
2017 2893 2058 2924 ab
2077 2893 2228 2927 humanis

1183 2939 1308 2970 casibus
1322 2948 1387 2970 non
1406 2940 1557 2971 alienum.

1226 2996 1255 3023 5.
1273 2993 1306 3023 L.
1325 2992 1478 3024 octavius
1491 2993 1530 3023 ad
1546 2993 1771 3033 triumphalem
1787 3002 1912 3025 coenam
1926 2994 2094 3032 invitatus,
2109 2997 2223 3030 deinde

1185 3045 1315 3083 rogatus
1334 3044 1490 3083 utvenire
1506 3045 1727 3084 supersedeat,
1739 3045 1898 3077 nuntiavit
1913 3054 1948 3077 se
1961 3047 2109 3079 convivio
2125 3049 2222 3081 inter·

1185 3096 1349 3136 futurum,
1370 3095 1431 3128 nisi
1445 3096 1681 3136 honoratiores,
1704 3099 1741 3129 ut
1759 3107 1817 3138 par
1833 3100 1932 3139 esset,
1949 3103 2056 3140 partes
2077 3101 2137 3133 sibi
2154 3103 2228 3134 mit-

1183 3150 1338 3180 terentur.

1226 3204 1256 3232 6.
1274 3199 1508 3240 Diocletianus,
1522 3202 1647 3241 spectro
1666 3200 1806 3241 quodam
1826 3201 1857 3233 in
1867 3203 1987 3235 somnis
2009 3212 2082 3236 eum
2104 3207 2226 3245 pertur-

1184 3253 1297 3291 bante,
1326 3254 1362 3284 ut
1385 3253 1555 3293 imperium
1580 3254 1707 3285 cuidam
1730 3254 1887 3293 traderet,
1920 3256 1974 3296 qui
2000 3258 2187 3290 nominatim
2206 3268 2226 3291 a

1183 3305 1308 3343 spectro
1319 3304 1544 3343 designabatur
1558 3317 1565 3336 z
1581 3305 1759 3345 suspicatus
1776 3306 1836 3337 boc
1848 3307 1991 3339 accidere
2007 3316 2046 3339 ex
2057 3310 2226 3350 praestigio,

1183 3355 1322 3394 quadam
1347 3355 1399 3387 die
1415 3358 1526 3387 vocato
1542 3355 1582 3387 ad
1603 3365 1636 3387 se
1652 3356 1704 3387 illo
1730 3356 1876 3397 bomine,
1897 3358 1957 3389 lioc
1974 3360 2098 3390 tantuin
2115 3361 2197 3393 dixit
2215 3371 2223 3393 :

1187 3419 1202 3433 «
1219 3406 1335 3446 Accipe
1345 3406 1526 3446 imperium,
1538 3407 1624 3447 quod
1639 3416 1689 3439 me
1701 3408 1831 3448 singulis
1841 3410 1988 3442 noctibus
1998 3411 2111 3452 poscis,
2121 3420 2226 3453 neque

1185 3457 1325 3490 invideas
1342 3458 1523 3499 imperatori
1537 3458 1653 3499 quictis
1669 3460 1813 3499 gratiani.
1834 3474 1849 3488 »
