2372 3704
918 239 1484 379 APPENDIX

758 527 874 592 AD
920 523 1277 592 LIBRUM
1301 522 1648 591 NONUM.

563 891 606 966 J
614 885 1022 964 OANNES
1076 877 1844 963 ANTIOCHENUS.

190 1096 293 1131 Inter
320 1100 493 1130 auctores
518 1091 759 1139 deperditos,
791 1101 956 1137 quorum
991 1089 1176 1136 Excerpta

136 1154 443 1190 Constantiniana
467 1157 613 1186 servata
632 1157 738 1194 sunt,
758 1161 875 1183 unum
895 1160 964 1182 nos
984 1148 1176 1182 omisimus

135 1214 321 1248 Joanneln
351 1210 650 1253 Anfiochenum,
683 1209 771 1256 quia
800 1220 841 1243 ex
874 1207 1033 1241 instituti
1059 1205 1177 1240 nostri

135 1272 284 1306 ratione
304 1268 535 1305 omittendus
558 1275 652 1303 erat.
674 1266 748 1302 Sed
774 1278 891 1313 quum
921 1266 1020 1299 inter
1039 1275 1176 1299 mona—

136 1329 228 1364 chos
246 1329 316 1376 qui*
330 1328 508 1363 chronica
527 1338 594 1361 sua
611 1326 659 1360 ab
678 1325 823 1360 Adamo
840 1323 1094 1370 auspicantur,
1115 1323 1178 1357 vix

135 1388 234 1423 ullus
263 1388 488 1435 reperiatur,
523 1386 584 1420 cui
616 1391 722 1419 tanta
747 1396 831 1418 cum
859 1381 1180 1430 praestantioribus

137 1447 318 1481 Romanae
337 1445 503 1479 historiae
533 1442 782 1490 scriptoribus
799 1440 1037 1476 necessitudo
1061 1441 1178 1475 inter·

137 1503 264 1548 cedat,
284 1509 426 1550 quanta
444 1502 639 1537 Chronicis
663 1500 889 1536 Antiocheni
910 1500 1028 1534 nostri
1052 1512 1060 1533 z
1083 1499 1180 1533 reli-

138 1562 245 1609 quias
273 1573 405 1596 eorum
432 1567 611 1606 tanquam
638 1556 808 1608 πάρεργον
833 1557 882 1592 ad
904 1557 1045 1592 calcem
1069 1555 1182 1602 hujus

137 1620 341 1656 voluminis
360 1618 537 1654 exhibere
554 1617 712 1666 placuit.

190 1680 248 1714 De
279 1678 358 1713 vita
392 1678 412 1712 J
417 1676 547 1712 oannis
572 1675 783 1711 accuratius
816 1674 909 1709 nihil
947 1681 1183 1722 compertum

138 1735 332 1772 habemus.
351 1735 629 1771 Chronicorum
649 1746 741 1769 vero
771 1734 955 1780 Excerpta
981 1733 1152 1780 praebent
1173 1744 1181 1767 :

146 1808 162 1831 1
174 1825 182 1832 .
197 1795 326 1830 Codex
342 1795 573 1837 Turonensis,
590 1793 648 1827 cui
662 1792 945 1842 insuntEclogae
961 1788 1049 1841 Περὶ
1062 1790 1185 1840 ἀρετῆς

139 1850 200 1889 καὶ
238 1850 363 1893 κακίας
396 1851 479 1899 (sol.
513 1849 690 1898 85-102)
705 1877 716 1897 ,
749 1861 841 1896 quas
870 1850 989 1885 edidit
1022 1850 1186 1886 Valesius

142 1911 253 1959 (Em.
283 1910 531 1953 Peiresciana‚
563 1909 682 1944 Paris.
718 1908 887 1952 1634,4.
908 1921 946 1956 p.
967 1906 1183 1957 778—852).

140 1970 286 2005 Titulus
302 1969 342 2003 in
358 1967 491 2003 codice
509 1965 716 2015 praefigitur
737 1979 745 2001 :
766 1964 834 2002 Ἐκ
853 1967 914 2010 τῆς
932 1964 1092 2003 Ἰωάννου
1112 1965 1184 2003 Ἀν-

142 2025 285 2077 τιοχέως
318 2023 470 2076 ἱστορίας
499 2026 662 2076 χρονικῆς
694 2022 764 2061 ἀπὸ
792 2023 919 2073 Ἀδάμ.
956 2026 1184 2073 Fragmento

142 2086 278 2121 ultimo
298 2084 529 2133 adscriptum
550 2084 689 2131 legitur
706 2095 714 2120 :
731 2080 840 2124 Τέλος
856 2080 1186 2133 ἱστορίαςἸωάννου

146 2145 317 2194 μοναχοῦ.

199 2215 237 2238 2.
257 2202 388 2238 Codex
406 2201 602 2236 Parisinus
626 2199 723 2234 1666
736 2226 746 2244 ,
768 2200 904 2246 inquo
917 2206 1006 2247 post
1025 2200 1187 2236 Diodori

144 2261 262 2296 libros
277 2260 463 2297 xv-XI'X
484 2260 662 2307 leguntur
689 2265 863 2305 excerpta
880 2258 1060 2294 historica
1073 2285 1083 2303 ‚
1106 2258 1187 2306 quae

148 2319 253 2354 omni
272 2318 520 2366 inscriptione
542 2323 683 2353 carent.
702 2317 790 2351 Esse
810 2328 900 2351 vero
919 2317 939 2350 J
944 2317 1075 2351 oannis
1095 2320 1185 2355 Ant.

145 2385 186 2414 et
201 2377 391 2426 pertinere
407 2376 454 2411 ad
471 2376 815 2411 Constantinianum
837 2374 986 2408 titulum
1007 2373 1095 2426 Περὶ
1113 2375 1188 2410 ἐπι-

146 2434 299 2481 δουλῶν,
320 2447 340 2470 e
358 2435 515 2471 Labbeo
536 2434 654 2483 (Bibl.
675 2435 772 2470 Nov.
792 2433 878 2469 Mss.
902 2446 943 2480 p.
975 2432 1067 2481 385)
1087 2441 1189 2469 recte

147 2494 301 2541 collegit
311 2494 519 2536 Cramerus,
532 2493 598 2539 qui
611 2492 754 2539 primus
765 2504 807 2526 ea
823 2491 942 2527 edidit
953 2492 990 2526 in
1003 2492 1188 2529 Anecdot.

147 2552 215 2588 Gr.
246 2551 362 2588 Paris.
391 2551 469 2586 vol.
514 2551 573 2597 II,
604 2563 642 2598 p.
694 2549 800 2585 1-86·.
841 2550 982 2585 Eadem
1014 2559 1191 2599 excerpta

148 2610 293 2657 praebet
321 2608 444 2644 codex
471 2609 739 2643 Escorialensis
766 2607 821 2652 Ω,
851 2609 889 2652 1,
925 2609 972 2644 N.
1012 2621 1078 2653 11,
1107 2616 1191 2657 post

149 2668 296 2715 eclogas
319 2667 469 2703 Nicolai
492 2667 718 2702 Damasceni
740 2664 826 2711 (fol.
856 2664 1068 2717 107-1·69)‚
1099 2679 1190 2715 prae·

150 2726 226 2761 fixo
259 2726 368 2761 titulo
400 2739 408 2761 z
443 2723 507 2761 Ἐκ
526 2726 586 2769 τῆς
616 2723 769 2775 ἱστορίας
788 2722 952 2762 Ἰωάννου
978 2723 1190 2775 Ἀντιοχέως.

150 2784 388 2832 Subscriptio
417 2795 426 2821 :
456 2781 566 2825 Τέλος
587 2784 649 2828 τ’ῆς
674 2781 828 2834 ἱστορίας
847 2780 1012 2819 Ἰωάννου
1031 2785 1090 2820 τοῦ
1114 2782 1191 2821 ἐπί-

149 2842 236 2887 κλην
254 2840 418 2879 Μαλέλα.
437 2843 654 2889 Sequuntur
668 2842 845 2890 deinceps
861 2843 952 2878 Exc.
969 2854 1013 2877 ex
1027 2843 1192 2890 Georgio

150 2901 387 2938 Hamartolo.
412 2901 522 2936 Hunc
551 2900 724 2935 codicem
742 2913 828 2935 cum
857 2900 1024 2936 editione
1043 2901 1193 2937 Crame-

151 2960 275 3004 riana,
304 2971 419 3007 quam
443 2960 482 2994 in
509 2960 726 3007 Hispaniam
745 2972 826 2994 non
844 2960 1063 3005 attuleram,
1091 2973 1194 2996 com-

152 3030 287 3066 parare
308 3018 400 3052 mihi
419 3030 497 3053 non
515 3018 634 3055 licuit.
661 3018 775 3065 Quod
792 3025 894 3053 tanto
912 3020 1030 3066 magis
1054 3018 1166 3054 doleo
1181 3046 1193 3067 ,

153 3088 271 3123 quum
290 3076 411 3112 codex
431 3076 637 3121 Parisinus,
658 3084 702 3111 ut
727 3089 812 3112 sero
832 3077 931 3121 vidi,
955 3078 994 3112 in
1015 3076 1089 3112 fine
1108 3090 1195 3112 mu-

151 3133 238 3168 tilus
256 3134 316 3171 sit.
342 3135 437 3169 Nam
459 3135 596 3182 eclogae
618 3134 760 3170 codicis
780 3136 894 3171 Paris.
923 3136 962 3170 in
986 3148 1104 3183 regno
1125 3136 1196 3172 Ze-

153 3192 263 3227 nonis
287 3192 516 3237 subsistunt;
542 3193 580 3227 in
604 3193 692 3229 cod.
714 3194 843 3228 Escor.
866 3206 986 3240 usque
1006 3193 1055 3228 ad
1082 3195 1195 3228 Justi-

152 3250 306 3285 nianum
317 3251 519 3298 pertinent.
533 3251 705 3287 Ceterum
716 3251 792 3286 duo
805 3252 1009 3300 fragmenta
1024 3252 1071 3287 de
1084 3252 1197 3287 rebus

153 3309 351 3343 justiniani
373 3309 628 3357 suppeditavit
648 3310 740 3345 mihi
761 3311 959 3346 Alemanni
973 3318 1199 3346 commenta-

154 3366 232 3401 rius
245 3367 284 3401 in
301 3367 396 3402 Proc
408 3368 486 3414 opii
504 3369 704 3403 Historiam
718 3380 908 3405 arcanam.
925 3369 998 3403 Nisi
1016 3368 1138 3413 fallor,
1153 3380 1197 3403 ex

154 3425 235 3472 ipso
257 3425 330 3477 hoc
353 3423 438 3475 Περὶ
467 3423 658 3462 ἐπιδουλῶν
678 3427 787 3462 titulo
808 3427 1003 3474 desumpta
1023 3434 1120 3462 sunt.
1147 3428 1198 3462 Ex

1239 1100 1406 1135 quonam
1422 1099 1512 1122 vero
1530 1086 1662 1122 codice
1684 1085 1888 1135 (Vaticano
1912 1084 2025 1136 puta)
2054 1087 2281 1123 Alcmannus

1239 1159 1282 1181 ea
1303 1147 1562 1195 descripserit,
1584 1146 1726 1181 nescio.
1750 1165 1803 1172 —
1818 1146 2002 1180 Praeterea
2020 1147 2130 1180 etiam
2152 1147 2287 1182 titulus.

1246 1206 1332 1256 Περὶ
1356 1205 1535 1257 πρὲσὸεων
1567 1207 1721 1241 Joannis
1744 1206 1901 1253 Ecrogas
1924 1207 2151 1243 continuisse
2176 1210 2283 1245 vide-

1241 1274 1315 1303 tur.
1329 1266 1374 1302 Id
1385 1267 1484 1301 enim
1497 1267 1635 1314 colligo
1647 1278 1667 1300 e
1681 1265 1812 1300 codice
1825 1266 2058 1311 Monacensi‚
2071 1268 2138 1303 uhi
2149 1268 2212 1306 fol.
2235 1282 2247 1304 1
2263 1283 2276 1304 ι

1242 1325 1378 1372 legitur
1407 1337 1416 1360 :
1448 1322 1537 1372 Περὶ
1555 1322 1733 1373 πρέσὲεων
1752 1321 1938 1370 Ῥωμαίων
1966 1322 2049 1373 πρὸς
2076 1324 2223 1368 ἐθνικοὺς
2243 1327 2282 1364 ἐκ

1242 1384 1314 1426 τῆς
1347 1382 1558 1433 Χρονικῆς
1595 1380 1791 1419 Ἰωάννου
1831 1379 2038 1432 ἱστορίας.
2073 1384 2147 1419 Sed
2177 1386 2283 1432 quod

1244 1440 1420 1488 deinceps
1435 1439 1635 1486 subjicitur
1650 1441 1899 1487 Excerptum‚
1928 1453 2008 1475 non
2027 1448 2080 1476 est
2105 1443 2281 1488 Joannis,

1244 1498 1310 1533 sed
1335 1499 1510 1545 Dionysii
1538 1499 1656 1535 Halic.
1672 1497 1730 1546 (p.
1748 1497 1919 1543 738-744
1950 1499 2009 1535 ed.
2037 1499 2215 1549 Sylburg.
2236 1504 2280 1541 V.

1244 1558 1336 1592 Exc.
1359 1557 1407 1593 de
1429 1558 1527 1605 legg.
1550 1557 1609 1594 ed.
1626 1557 1751 1592 Ursini
1771 1570 1808 1604 p.
1827 1554 1901 1604 295
1920 1558 2046 1605 sqq.)‚
2071 1560 2126 1594 uti
2154 1560 2287 1596 docuit

1246 1617 1290 1652 E.
1327 1615 1422 1652 Gros
1448 1615 1553 1663 praef.
1584 1616 1622 1650 in
1653 1616 1765 1650 Dion.
1796 1615 1894 1650 Cass..
1930 1627 1970 1662 p.
2003 1628 2123 1651 XLvu.
2154 1619 2288 1666 Neque

1248 1682 1370 1710 tamen
1402 1674 1449 1709 de
1490 1687 1558 1709 suo
1596 1675 1823 1722 excogitavit
1865 1674 2147 1722 inscriptionem
2186 1679 2287 1713 illam

1247 1734 1438 1779 librarius,
1459 1733 1523 1769 sed
1544 1745 1564 1768 e
1584 1732 1716 1768 codice
1737 1733 1986 1780 transcripsit,
2014 1743 2192 1783 excerpta
2210 1738 2288 1785 ipsa

1248 1792 1385 1828 omisit.

1303 1850 1338 1885 3.
1364 1850 1493 1886 Codex
1514 1851 1710 1885 Parisinus
1737 1849 1851 1895 1763,
1871 1851 2040 1886 Salmasii
2062 1864 2176 1888 manu
2196 1867 2288 1890 exa-

1248 1915 1362 1954 ratus,
1381 1910 1550 1944 continet
1566 1915 1744 1957 excerpta
1763 1910 1930 1953 Joannis,
1945 1910 2082 1956 quibus
2100 1914 2289 1959 praemissa
2305 1952 2313 1958 ,

1248 1967 1445 2015 inscriptio
1468 1980 1475 2002 :
1496 1964 1736 2017 Ἀρχαιολογία
1752 1964 1915 2003 Ἰωάννου
1930 1965 2147 2018 Ἀντιοχέως,
2159 1968 2288 2019 ἔχουσα

1248 2023 1308 2074 καὶ
1327 2023 1533 2075 διασάέρησιν
1547 2026 1613 2060 τῶν
1629 2023 1882 2072 μυθευομένων.
1901 2026 2011 2062 Unde
2028 2028 2193 2063 hauserit
2207 2030 2287 2065 haec

1249 2085 1447 2120 Salmasius
1470 2097 1549 2119 non
1567 2085 1698 2131 liquet.
1719 2084 1865 2119 Primus
1883 2085 2001 2120 edidit
2024 2087 2188 2125 Cramer.
2213 2089 2243 2125 l-
2260 2090 2286 2124 l.

1248 2156 1287 2191 p.
1313 2143 1385 2178 383
1414 2156 1496 2190 sqq.
1521 2143 1696 2180 Ceterum
1724 2143 1857 2178 eadem
1886 2152 2063 2192 excerpta
2089 2149 2290 2193 (quantum

1250 2213 1295 2236 ex
1312 2201 1554 2249 inscriptione
1579 2201 1705 2248 colligi
1720 2200 1864 2250 potest)
1887 2202 2036 2237 exhibet
2059 2205 2176 2238 codex
2187 2206 2292 2240 Nea-

1246 2261 1432 2307 politanus
1452 2260 1544 2295 bibl.
1580 2260 1799 2294 Borbonicae
1820 2261 1856 2307 1,
1881 2261 1928 2304 E‘,
1952 2273 2021 2307 22,
2044 2263 2097 2296 uti
2120 2262 2224 2298 disco
2245 2276 2293 2299 ex

1250 2319 1481 2353 Bachmanni
1505 2318 1608 2353 Praef.
1638 2318 1677 2352 in
1698 2316 1939 2366 Lycophron.
1970 2319 2145 2359 Cassand.
2168 2335 2206 2369 p.
2222 2334 2288 2360 xx.

1305 2380 1339 2417 ἰ..
1360 2376 1487 2411 Codex
1507 2377 1697 2411 Parisinus
1715 2375 1812 2411 1630
1829 2376 1894 2414 fol.
1912 2377 1993 2420 234,
2007 2391 2091 2426 sqq.
2115 2388 2294 2428 excerpta

1251 2436 1406 2470 Joannis
1437 2435 1624 2482 continet,
1653 2446 1735 2481 quae
1765 2435 1844 2482 ipse
1873 2437 2119 2473 exscribenda
2147 2440 2290 2477 curavi.

1251 2493 1519 2541 Exscripsisset·
1531 2492 1633 2527 haud
1649 2492 1764 2527 dubie
1781 2493 1995 2538 Cramerus,
2011 2496 2078 2530 nisi
2094 2509 2294 2544 perperam

1251 2558 1417 2599 putasset
1454 2552 1515 2586 vir
1553 2551 1791 2586 doctissimus
1830 2551 1979 2599 eclogas
2012 2554 2092 2588 illas
2133 2568 2211 2590 non
2247 2556 2297 2591 ad

1252 2607 1423 2644 nostrum
1442 2611 1628 2645 Joannem
1644 2610 1918 2645 Antiochenum
1934 2639 1943 2656 ‚
1962 2611 2025 2646 sed
2043 2612 2091 2647 ad
2111 2614 2131 2648 J
2135 2626 2296 2649 oannem

1253 2669 1429 2706 Malalam
1442 2696 1453 2716 ,
1472 2667 1578 2713 cujus
1597 2668 1778 2703 chronica
1794 2668 1916 2703 adhuc
1937 2669 2118 2706 habemus
2142 2672 2217 2708 fere
2233 2674 2295 2707 in-

1255 2734 1378 2776 tegra,
1396 2739 1472 2762 esse
1489 2727 1703 2761 referendas
1722 2727 1788 2774 (V.
1813 2734 1892 2763 not.
1916 2727 1965 2761 ad
1983 2726 2031 2763 fr.
2057 2728 2118 2776 2).

1308 2786 1491 2821 Praeterea
1517 2786 1671 2819 Joannis
1698 2785 1815 2819 nostri
1835 2786 1977 2821 mentio
2006 2786 2175 2832 injicitur
2195 2788 2297 2836 apud

1256 2843 1411 2878 Suidam
1429 2842 1494 2890 (fr.
1516 2842 1609 2890 2⁷2),
1627 2844 1783 2877 Tzetzen
1805 2842 1868 2890 (fr.
1898 2855 1910 2877 1
1927 2871 1936 2887 ,
1958 2844 2082 2882 10.s1·.
2103 2858 2139 2890 7.
2166 2845 2232 2889 13,
2258 2844 2293 2882 5.

1258 2910 1303 2944 24
1318 2929 1327 2946 ,
1350 2914 1386 2947 7.
1409 2914 1455 2946 72
1477 2905 1519 2948 a)
1541 2901 1781 2936 et‘Codi‘num
1800 2901 1810 2949 (
1827 2901 1872 2938 sr.
1906 2914 1972 2947 171
1994 2903 2053 2950 α).
2079 2905 2168 2950 Quae
2195 2904 2296 2951 apud

1256 2961 1423 2994 Tzetzem
1441 2971 1486 2993 ex
1502 2959 1647 2994 J'oanne
1663 2960 1902 2994 Antiocheno
1922 2960 2144 3006 afferuntur,
2168 2962 2297 2996 eadem

1256 3030 1344 3053 sane
1364 3018 1539 3064 leguntur
1560 3018 1672 3051 etiam
1693 3017 1796 3065 apud
1815 3018 1988 3052 Malalam
2001 3046 2010 3063 ‚
2035 3020 2101 3066 qui
2120 3021 2156 3053 in
2177 3020 2296 3067 prima

1258 3076 1383 3123 operis
1399 3075 1455 3109 sui
1472 3081 1581 3122 parte
1598 3075 1777 3110 Nostrum
1797 3076 2010 3112 exscribere
2026 3078 2133 3112 solet.
2160 3078 2232 3113 Sed
2253 3090 2297 3112 ne

1257 3134 1430 3168 Malalam
1451 3133 1550 3167 hunc
1566 3140 1675 3181 putes
1699 3146 1721 3169 a
1737 3135 1866 3169 Tzetze
1884 3135 2050 3179 laudari,
2068 3147 2112 3170 eo
2133 3135 2297 3183 impedi-

1257 3204 1343 3226 mur
1359 3191 1464 3238 quod
1476 3192 1561 3226 loco
1574 3193 1688 3227 unico
1707 3193 1821 3241 (Cliil.
1834 3194 1887 3238 V,
1902 3192 1996 3242 832)
2012 3221 2021 3238 ‚
2037 3206 2112 3240 quo
2127 3205 2297 3241 expresse

1258 3251 1412 3285 Malala
1429 3251 1578 3296 citatur,
1595 3252 1720 3286 verbis
1740 3249 1905 3296 Ἰωάννης
1924 3265 1986 3293 τις
2017 3249 2183 3294 Μαλέλης
2209 3264 2294 3300 χρο-

1258 3307 1425 3359 νογράφος
1449 3308 1495 3343 ab
1517 3309 1635 3345 altero
1654 3311 1735 3355 il'l'o,
1755 3323 1866 3357 quem
1886 3311 2017 3358 saepius
2035 3309 2241 3344 introducit
2260 3315 2296 3343 et

1258 3366 1401 3414 ubique
1410 3364 1467 3402 τὸν
1480 3365 1656 3416 Ἀντιοχέα
1670 3376 1793 3411 vocat,
1804 3369 2055 3416 distinguitur.
2069 3367 2121 3403 Cf.
2137 3367 2298 3413 Hodyus

1259 3425 1297 3459 in
1313 3426 1487 3475 Prolegg.
1508 3426 1555 3461 ad
1577 3428 1711 3464 Joann.
1736 3428 1822 3463 Mal.
1844 3440 1883 3474 p.
1904 3438 1992 3461 xx1v
2010 3437 2065 3472 sq.

1233 3498 1270 3522 35.
