2326 3724
0 1594 7 1612 h

0 1649 13 1750 ξ

0 1750 8 1774 l

65 2115 70 2124 ·
89 2111 214 2143 minum
231 2112 388 2144 memoria
413 2112 634 2154 imprudentes
657 2122 807 2146 coercere
829 2114 974 2146 officium
999 2116 1145 2147 nostrum

1010 200 1343 241 FRAGMENTA.

94 282 331 335 Οὔσδίὸαδον,
360 284 462 334 ἡμεῖς
490 283 526 322 δὲ
555 284 615 322 καὶ
643 284 722 329 τοὺς
752 287 781 325 Γ
782 285 936 334 ήπαιδας
957 289 1049 339 ὑμᾶς
1067 287 1147 332 τοὺς

46 338 52 346 “’
93 341 234 387 λοιπους
250 342 510 396 εἷσπράξοιμεν.
531 343 703 395 Ῥωμαῖοι
722 344 790 398 γὰρ
809 345 939 384 ἄνωθέν
967 362 1005 385 τε
1024 347 1085 385 καὶ
1113 346 1148 392 ἐξ

93 403 205 455 ἀρχῆς
210 401 462 477 σωφρονίζειν’
447 401 589 454 ετάχθη
584 418 646 440 υ.εν
657 403 695 441 τὸ
707 404 864 452 ἀνόητον,
877 405 914 443 06
928 403 995 455 μὴν
1009 404 1148 452 ἀνόητοί

91 476 181 504 τινες
196 453 286 499 ειναι
305 460 517 511 νομίζεσθαι.
541 460 647 500 Ἀλλὰ
666 461 706 500 τὸ
723 462 870 516 Σίρμιον
894 464 1147 517 ἐγχειρίσωμεν

42 526 43 529 ’
94 519 306 574 βαρὸάροις;
336 521 398 559 οὐκ
417 519 555 573 ἀρκέσει
582 519 651 573 γὰρ
673 523 755 572 ὑμῖν
773 521 814 561 τὸ
832 529 1004 576 περιεῖναι
1025 523 1148 585 μέχρις

91 577 184 617 ὅπλα
218 584 325 617 κινεῖν
355 580 394 617 οὗ
428 578 606 631 βούλοιντο
637 579 828 632 Ῥωμαῖοι.
860 581 956 621 ”Λλλ
983 585 1091 636 ἐρεῖς,
1119 586 1148 622 ὠ

91 637 278 691 Ἰαργῒτα,
305 637 357 676 ὅτι
385 637 590 685 διαδησεται
615 636 753 693 Ἴστρον
774 642 792 678 ὁ
811 641 1046 693 Χαγάνος,”
1028 659 1078 680 ετι
1108 659 1148 695 γε

92 695 162 748 μὴν
178 697 239 735 καὶ
259 697 316 735 τὸν
335 695 482 750 ’Ἐὸροψ
499 697 559 745 καὶ
579 696 632 736 ὅτι
650 697 712 742 τὰς
733 699 792 737 ἐπὶ
814 699 960 754 Θρᾴκης
989 701 1148 741 αὖτοὸοεὶ

90 755 359 808 παραστήσεται
378 756 506 800 πόλεις.
528 756 635 796 Ἀλλὰ
650 758 910 811 προφθάσουσιν
933 762 969 798 αἱ
987 759 1147 812 Ῥωμαϊ-

91 814 152 855 ml
174 815 353 866 δυνάμεις,
372 814 432 854 καὶ
447 819 508 863 τ’ἧς
523 816 661 861 ἐλπίδος
678 817 782 857 αὐτὸν
798 819 1072 872 ἀφαιρήσονται,
1086 820 1147 859 καὶ

91 875 226 925 μᾶλλον
250 875 348 913 αὐτοὶ
377 875 689 927 σκευαγωγήσουσι
720 876 764 915 τὰ
793 877 966 931 Ἀδάρων.
1000 879 1072 918 Καὶ
1108 881 1146 918 οὐ

91 933 300 983 παυσόμεθα
319 934 601 979 καταὸάλλοντές
619 951 657 974 τε
680 935 740 975 καὶ
759 936 1001 990 χειρούμενοι,
1023 937 1086 983 ἕως
1106 938 1147 977 ἂν

89 992 260 1047 ἕφυὸρίσῃ
280 992 319 1031 τὸ
341 993 532 1046 βάρὸαρον.
554 994 787 1042 Λυσιτελήσει
807 997 842 1034 δὲ
862 996 1054 1048 Ῥωμαίοις
1071 997 1148 1036 ἀντὶ

90 1054 153 1099 τῆς
176 1052 313 1105 εἰρήνης
329 1055 347 1090 ὃ
366 1052 533 1104 πόλεμος.
556 1053 714 1107 Ἀὅάρων
740 1054 809 1107 γὰρ
829 1058 897 1094 τῶν
920 1057 1081 1106 νομάδων
1109 1074 1147 1096 τε

90 1110 151 1150 καὶ
166 1111 350 1158 ἐπηλύδων
369 1113 582 1151 καθεστάναι
599 1113 717 1166 φίλους
733 1118 793 1161 τῆς
813 1117 860 1159 ὡς
875 1115 1000 1160 αὐτοὺς
1018 1118 1146 1167 δυσμε-

89 1170 183 1215 νείας
204 1170 407 1224 βαρύτερον,
435 1171 551 1216 ἄλλως
578 1188 616 1211 τε
636 1173 697 1211 καὶ
717 1174 833 1226 φιλίας
860 1174 1013 1214 ὑπούλου
1042 1180 1147 1215 καθε-

90 1230 241 1278 στώσης.
265 1233 472 1284 Κρεῒσσον’
457 1247 492 1269 εν
512 1237 582 1276 τοῖς
600 1231 742 1282 σώμασι
756 1233 817 1272 καὶ
831 1234 910 1292 οὐχὶ
924 1238 1000 1278 ταῖς
1017 1236 1147 1289 ψυχαῖς

89 1288 206 1343 φέρειν·
236 1288 281 1328 τὰ
315 1289 517 1342 τραύματα.
554 1291 649 1344 Πρὸς
672 1295 808 1341 ταῦτα,
834 1294 863 1330 ὠ
884 1295 1065 1346 Ταργῖτα,
1086 1294 1146 1332 καὶ

89 1347 171 1393 τόξα
191 1348 252 1386 καὶ
278 1346 380 1386 ἵπποι
399 1349 460 1387 καὶ
482 1348 604 1401 μυρίαι
624 1349 787 1400 δυνάμεις
805 1353 957 1390 δπλιτων
986 1352 1145 1391 ἔστωσαν

90 1409 125 1446 ἓν
142 1410 368 1460 παρασκευῇ·
385 1410 423 1446 οὔ
443 1407 510 1461 γὰρ
526 1408 659 1461 ἡσυχία
678 1413 739 1447 τοῦ
761 1409 977 1456 συνοίσοντος
998 1411 1146 1463 αἱρετώ-

89 1481 198 1519 τερον.
211 1485 228 1500 r
242 1468 411 1506 Τοσαῦτα
427 1466 534 1505 εἰπὼν
550 1469 569 1505 ὁ
588 1468 837 1522 αὐτοκράτωρ,
853 1470 1095 1524 μεγαληγορίᾳ
1110 1487 1147 1510 τε

87 1524 310 1578 χρησάμενος
327 1525 460 1579 πολλῇ,
476 1528 545 1576 τῶν
564 1526 722 1580 Ἀὅάρων
741 1529 855 1581 ἀφῆκε
874 1529 952 1573 τοὺς
971 1530 1147 1583 πρέσὸεις,

89 1584 256 1638 πρότερον
288 1583 398 1638 Βώνῳ
428 1587 478 1639 τῷ
501 1588 687 1639 στρατηγῷ
717 1588 752 1624 ἐν
782 1587 971 1640 γράμμασι
998 1589 1147 1628 πλεῖστα

89 1643 396 1697 ἐπιμεμψάμενος,
413 1643 465 1683 ὅτι
485 1660 524 1696 γε
540 1643 629 1689 ὅλως
647 1649 694 1689 ὥς
714 1646 818 1685 αὐτὸν
838 1647 956 1685 τοιάδε
977 1653 1146 1701 προϊσχο-

90 1701 212 1753 μένους
246 1703 398 1742 ἔστειλεν
425 1706 459 1749 ἐς
483 1704 687 1749 Βυζάντιον·
715 1705 801 1758 πρός
827 1722 867 1758 γε
895 1706 956 1745 καὶ
986 1707 1149 1758 σημήνας

90 1759 191 1814 ἔργου
225 1761 367 1814 ἔχεσθαι
396 1762 458 1801 καὶ
491 1764 610 1802 πάντα
643 1763 688 1802 τὰ
722 1765 980 1818 πολεμιστήρια
1014 1766 1145 1819 ὄργανα

90 1822 344 1870 ἐπισκευάζειν,
363 1824 483 1876 σαφῶς
501 1823 748 1875 ἐπιστάμενον,
765 1827 811 1868 ὡς
828 1824 1147 1878 ξυγκροτηθήσεται

92 1883 110 1920 ὁ
129 1881 212 1933 πρὸς
237 1881 404 1934 Ἀὅάρους
432 1882 584 1934 πόλεμος
611 1899 672 1922 και
702 1883 798 1933 μάλα
832 1885 972 1926 αὐτίκα.
1006 1884 1079 1924 Και
1104 1885 1145 1933 δὴ

89 1943 108 1978 ὁ
128 1943 244 1985 Βῶνος
256 1971 266 1989 ,
282 1940 359 1979 ἐπει
375 1940 414 1979 τὸ
431 1941 606 1989 βασίλειον
624 1942 810 1987 ἀνελέξατο
823 1942 994 1996 γράμμα,
1007 1943 1052 1982 τὰ
1061 1943 1148 1998 πρὸς

89 1997 147 2037 τὸν
166 1998 319 2050 πόλεμον
340 1999 536 2052 ἐξηρτύετο.

2181 216 2257 250 235

1490 304 1553 340 ²9·
1591 291 1684 342 (an.
1709 291 1830 332 568s.
1857 294 1976 345 569.)

1266 381 1357 419 Exc.
1378 381 1435 416 De
1450 380 1524 430 leg
1545 388 1648 430 gent.
1663 394 1705 430 p.
1726 386 1827 424 114:
1844 378 1932 420 ’Ότι
1951 376 2047 426 αὖθις
2066 378 2148 430 ἠλθε
2169 387 2269 438 Ταρ-

1211 436 1319 487 γίτιος
1344 437 1555 490 βουλόμενος
1572 438 1898 492 πρεσὸεύσασθοιις
1880 457 1926 484 ως
1956 441 2129 492 βασιλέα,
2153 446 2267 484 ἐκεῖνά

1211 511 1249 534 τε
1278 495 1343 549 ἔφη
1375 499 1426 549 τῷ
1459 499 1601 549 βασιλεῖ
1629 513 1690 535 και
1718 497 1847 544 ἤκουσε
1867 498 1952 551 πρὸς
1976 501 2079 538 αὐτοῦ
2101 500 2190 555 ἅπερ
2210 519 2269 542 και

1212 553 1352 594 ἄλλοτε.
1375 555 1453 603 Την
1473 571 1511 594 τε
1531 555 1599 610 γὰρ
1630 556 1733 595 πόλιν
1757 556 1797 596 τὸ
1824 557 1973 611 Σίρμιον
2002 558 2165 599 εὸούλετο
2185 562 2269 614 πρὸς

1211 613 1402 665 Ῥωμαίων
1434 614 1668 665 κομίσασθαι,
1700 615 1762 654 ἅτε
1799 618 1924 655 οἰκεῖον
1956 615 1993 656 ὂν
2024 619 2120 656 αὐτῶ
2148 623 2269 672 κτῆμα

1215 671 1308 718 ἐξότε
1341 673 1387 712 τὰ
1418 675 1487 711 τῶν
1518 673 1710 720 Ιηπαίδων
1746 676 1805 712 ὑπ’
1832 676 1938 713 αὐτοῦ
1967 675 2148 729 διέφθαρτο
2175 677 2268 730 πρά-

1211 747 1344 783 γματα·
1361 748 1412 770 ετι
1425 748 1462 770 τε
1482 732 1543 771 καὶ
1558 731 1741 786 χρήματα,
1757 732 1846 788 ἅπερ
1857 733 2105 787 Ἰουστῖνος(1.
2124 735 2269 776 Ιουστι-

1211 791 1344 852 νιανος)
1364 794 1434 836 τοῖς
1454 791 1599 836 Οὔννοις
1620 793 1673 845 ἐφ’
1694 792 1834 846 ἑκάστῳ
1865 794 2012 848 ε’νιαυτῳ
2033 794 2167 832 ἐδίδου·
2187 811 2263 843 και,

1210 853 1267 888 οἱα
1303 849 1411 901 μηδὲν
1452 850 1644 904 εἰληφότων
1678 852 1793 890 αὐτῶν
1825 853 1865 890 ἐκ
1897 868 1966 891 των
2003 853 2268 906 παροιχομένων

1212 911 1313 960 ἐτῶν,
1331 909 1473 948 ἅπαντα
1496 911 1584 960 ὁμοῦ
1602 911 1635 950 Γ
1639 926 1792 962 αργιτιος
1810 911 2030 964 εἰσπράττειν
2049 911 2164 960 ἠξίου,
2179 913 2268 952 οὕτω

1210 984 1247 1006 τε
1267 968 1388 1007 λοιπὸν
1408 968 1470 1012 τὰς
1484 969 1699 1014 ἐνιαυσιαίας
1715 969 1925 1015 συντάξεις
1910 987 2045 1024 ερρωμε
2031 970 2107 1015 ἕνας
2123 988 2267 1011 κατατι-

1211 1027 1306 1066 Οέναι
1325 1027 1530 1079 Ῥωμαίοις.
1559 1029 1654 1082 Πρός
1674 1044 1714 1081 γε
1734 1029 1798 1068 καὶ
1818 1029 1876 1068 τὸν
1900 1030 2132 1078 Οὐσδήὸαδον
2156 1031 2268 1083 εξῇτει

1211 1090 1266 1126 οἱα
1283 1102 1507 1140 προσηκοντοι
1524 1089 1574 1126 τῶ
1594 1090 1662 1126 τῶν
1684 1087 1913 1141 δορυλήπτων
1934 1091 2029 1143 αὖτῳ
2043 1093 2174 1144 θεσμῶ.
2195 1092 2269 1131 Καὶ

1211 1145 1312 1199 ἕτερα
1336 1146 1373 1185 δέ
1401 1162 1480 1185 τινα
1509 1146 1750 1200 προεὸάλλετο
1770 1150 1788 1186 ὁ
1808 1148 1999 1201 Ἰαργίτιος
2031 1153 2094 1188 ὓπε
2081 1150 2269 1202 ρηφανίας

1212 1206 1396 1254 ἀνάπλεα,
1415 1209 1464 1244 ὧν
1481 1205 1607 1244 οὐδένα
1625 1205 1765 1258 λόγον’
1750 1212 1899 1245 εποιεῖτο
1925 1210 1942 1245 ὃ
1965 1208 2150 1260 βασιλευς,
2177 1208 2268 1247 ἀλλὰ

1209 1263 1277 1325 γὰρ
1296 1264 1340 1302 τά
1359 1280 1397 1302 τε
1414 1264 1587 1316 λεγόμενα
1605 1265 1690 1318 πρὸς
1710 1266 1816 1304 αὐτου
1844 1265 2103 1319 ἀπεφλαύριζε,
2125 1267 2185 1306 καὶ
2205 1266 2268 1318 μὲν

1211 1326 1268 1361 οὖν
1291 1325 1481 1375 βασιλικῶς
1511 1325 1640 1376 ἐχρητο
1659 1323 1729 1367 τοῖς
1757 1323 1925 1378 ῥήμασιν.
1954 1325 2041 1365 Ἐπὶ
2059 1327 2190 1370 τούτοις
2209 1330 2268 1365 οὐν

1212 1380 1367 1434 διάφοροι
1398 1380 1586 1433 πρεσὸειαι
1625 1380 1857 1435 φοιτήσασαι,
1888 1400 1933 1427 ως
1967 1385 2132 1433 διηνύσθη
2163 1386 2267 1424 πλέον

1211 1439 1323 1491 οὐδὲν,
1342 1441 1489 1494 διαφῆκε
1503 1439 1562 1478 τὸν
1579 1442 1766 1493 Ταργίτιον
1782 1441 1973 1494 ὁβασιλεὺς
1984 1473 1995 1491 ,
2013 1442 2158 1496 εἰρηκὼς
2173 1445 2268 1496 αὐτῷ

1211 1498 1368 1537 στέλλειν
1387 1500 1501 1537 ἐκεῖσε
1519 1501 1552 1538 Τ
1557 1498 1685 1552 ιὸέριον
1703 1500 1944 1555 αὐτοκράτορα
1962 1502 2172 1554 στρατηγὸν,
2187 1503 2267 1556 περὶ

1210 1562 1271 1596 τοῦ
1302 1560 1432 1602 παντὸς
1474 1559 1791 1612 διαλεχθησόμενον
1836 1559 1897 1598 καὶ
1947 1561 2185 1615 βεὸαιώσοντα
2221 1563 2267 1600 τὰ

1211 1616 1359 1658 ἕκαστα.

1709 1679 1772 1717 30.

1263 1768 1357 1804 Exc.
1385 1767 1442 1802 De
1468 1773 1563 1802 sent.
1597 1779 1639 1815 p.
1672 1765 1764 1814 357.
1794 1766 1871 1805 358
1899 1763 2015 1805 ;”Οτι
2044 1767 2079 1803 ἐν
2113 1767 2187 1810 ταῖς
2211 1768 2267 1805 εὐ-

1209 1823 1453 1877 πραγίαιςζτῶν
1465 1825 1644 1876 δυσμενῶν
1656 1825 1945 1870 διπλασιάζεσθαι
1956 1824 2089 1878 πέφυκε
2103 1825 2143 1864 τὸ
2154 1826 2266 1879 ἔχθος.

1263 1882 1350 1922 ’Ότι
1370 1882 1409 1920 τὸ
1427 1884 1585 1936 εὐτυχεῖν
1602 1882 1658 1927 ους
1674 1885 1737 1922 οὐκ
1751 1884 1858 1936 εχρῆν
1872 1884 2031 1927 υπόθεσις
2050 1884 2183 1935 γίνεται
2203 1890 2263 1923 τοῦ

1210 1942 1259 1993 μὴ
1278 1941 1322 1980 τὰ
1344 1940 1466 1980 δέοντα
1484 1947 1618 1995 φρονεῖν
1638 1947 1709 1986 τοῖς
1726 1942 1775 1994 μὴ
1797 1945 1957 1996 λογισμῳ
1979 1943 2146 2020 βεὸηκότι
2164 1959 2262 1997 χρω·

1211 2001 1323 2052 μένοις
1342 2004 1385 2054 τῇ
1404 2017 1444 2039 τυ
1447 2017 1509 2053 χη

89 2162 259 2203 duximus,
270 2172 334 2195 non
347 2164 407 2205 ipsi
420 2165 640 2205 imprudentes
651 2166 859 2198 habebamur.
871 2169 978 2200 Nosne
990 2167 1145 2199 Sirmium

90 2215 234 2248 barbaris
244 2217 430 2250 trademus?
439 2220 511 2250 Non
524 2218 620 2258 igitur
632 2219 710 2251 satis
724 2220 814 2252 vobis
824 2229 988 2261 superesse
1003 2221 1144 2261 videtur,

88 2277 258 2310 quousque
275 2270 430 2302 Romanis
442 2270 586 2302 nondum
601 2280 692 2303 arma
705 2271 788 2304 ferre
809 2272 952 2312 placuit?
968 2272 1031 2305 Sed
1043 2273 1090 2305 ais
1102 2297 1111 2313 ‚
1125 2282 1146 2305 o

90 2321 231 2361 Targita,
247 2321 435 2362 Chaganum
447 2324 566 2354 Istrum
580 2323 792 2363 trajecturum
800 2326 833 2356 et
846 2325 989 2357 Hebrum
1001 2334 1145 2366 quoque,

89 2374 121 2406 et
138 2373 283 2406 Thraciae
299 2374 395 2406 urbes
422 2375 527 2415 primo
550 2375 674 2416 impetu
687 2378 936 2416 occupaturum.
952 2379 993 2410 At
1019 2386 1145 2418 praeve·

91 2425 181 2457 nient
196 2426 230 2458 et
253 2428 424 2458 occurrent
440 2430 660 2460 Romanorum
686 2429 803 2469 copiae,
822 2430 854 2460 et
870 2438 946 2461 eum
967 2438 1022 2470 spe
1035 2430 1145 2471 depel-

90 2477 156 2509 lent
171 2486 249 2517 sua,
267 2478 334 2510 imo
352 2480 447 2519 agent
468 2481 500 2511 et
520 2480 649 2520 rapient·
672 2489 746 2521 quae
764 2484 905 2513 Avarum
921 2484 1008 2514 sunt.
1030 2484 1146 2523 Neque

89 2530 224 2570 grassari
240 2531 272 2562 et
289 2531 415 2571 praedas
432 2540 525 2572 agere
548 2532 742 2564 cessabimus
754 2557 762 2572 ‚
779 2532 857 2564 dum
880 2533 1010 2566 barbari
1032 2543 1145 2575 super-

90 2581 197 2622 bient;
221 2583 254 2614 et
277 2584 364 2615 certe
389 2583 483 2624 longe
506 2585 661 2616 Romanis
679 2585 790 2616 utilius
806 2585 927 2617 bellum
944 2595 1042 2627 quam
1068 2596 1143 2627 pax.

90 2635 216 2666 Etenim
230 2644 306 2667 cum
326 2636 484 2668 Avaribus
506 2637 540 2669 et
559 2637 757 2670 Nomadibus
771 2640 803 2670 et
815 2638 947 2671 advenis
969 2639 1145 2672 amicitiam

89 2690 199 2721 tenere
210 2690 341 2729 gravius
358 2691 391 2722 et
403 2690 550 2722 acerbius
566 2691 632 2729 est,
647 2700 747 2731 quam
772 2701 828 2724 eos
842 2692 983 2724 hostium
1010 2701 1145 2725 numero

90 2741 218 2773 babere.
231 2743 312 2773 Nam
324 2742 461 2774 subdola
468 2744 516 2775 est
527 2751 641 2775 eorum
655 2743 797 2776 amicitia
806 2768 815 2784 ,
828 2745 860 2776 et
872 2746 1003 2784 praestat
1011 2745 1146 2777 vulnera

89 2803 242 2835 corpore,
259 2804 358 2836 quam
376 2795 503 2836 animo,
521 2805 643 2837 gerere
666 2797 908 2838 Quamobrem,
923 2807 943 2830 o
960 2798 1098 2838 Tan-gita‚
1113 2801 1146 2831 et

89 2854 184 2878 arcus
198 2848 232 2879 et
259 2848 333 2888 equi
362 2849 395 2880 et
410 2847 546 2880 infinitae
569 2848 669 2889 copiae
701 2851 844 2882 armatoi
847 2859 902 2882 um
927 2850 961 2882 in
987 2852 1144 2891 apparatu

90 2900 196 2931 erunt.
213 2901 278 2931 Nee
289 2899 374 2931 enim
387 2900 478 2941 quies
487 2901 626 2932 utilitate
638 2902 756 2942 potior
774 2916 790 2930 »
806 2904 885 2934 Haec
893 2911 996 2943 quum
1007 2903 1145 2944 impera-

91 2951 144 2982 tor
159 2950 226 2982 alto
242 2951 354 2991 spiritu
374 2951 525 2990 dixisset,
541 2955 686 2985 Avarum
700 2954 820 2993 legatos
833 2954 964 2988 dimisit.
985 2955 1076 2987 Prius
1097 2957 1145 2987 ta-

91 3012 167 3036 men
192 3005 318 3036 Bonum
346 3005 463 3037 ducem
498 3014 555 3046 per
590 3006 699 3038 literas
728 3016 921 3048 magnopere
949 3008 1126 3049 increpavit

90 3055 177 3096 quod
196 3056 236 3088 ad
250 3065 284 3088 se
297 3057 369 3088 illos
384 3058 523 3098 legatos,
537 3058 594 3098 qui
612 3059 690 3091 talia
703 3061 936 3100 proponerent,
954 3061 1145 3101 Byzantium

92 3107 239 3141 misisset.
263 3108 311 3141 Ad
335 3109 406 3141 haec
426 3109 520 3142 illum
540 3111 686 3150 monuit,
705 3111 780 3152 quia
793 3113 903 3144 certus
928 3114 1015 3151 erat,
1030 3122 1145 3153 quam·

92 3159 231 3200 primum
254 3159 374 3192 bellum
391 3163 503 3193 contra
528 3164 648 3194 Avares
666 3164 859 3203 erupturum
887 3172 972 3202 esse,
1005 3166 1042 3195 ut
1058 3164 1147 3195 omni

91 3220 188 3251 opera
204 3212 237 3243 et
263 3212 369 3244 studio
393 3213 523 3245 bellicas
545 3214 710 3246 machinas
738 3216 943 3255 praepararet.
963 3217 1002 3247 Et
1019 3217 1145 3255 Bonus,

94 3263 186 3295 lectis
200 3263 401 3303 imperatoris
423 3264 540 3305 literis,
555 3266 682 3306 omnia,
702 3275 777 3307 quae
803 3266 843 3298 ad
864 3266 986 3299 bellum
1004 3267 1144 3307 pertine-

93 3313 189 3355 bant,
203 3314 369 3356 diligenter
382 3317 519 3349 curavit.

591 3374 649 3406 29.

136 3425 232 3458 Venit
257 3426 362 3459 denuo
390 3427 568 3468 Tar-gilius,
596 3429 631 3460 ut
659 3428 816 3469 legatione
844 3429 1028 3470 fungeretur
1059 3429 1145 3470 apud

1210 2115 1451 2155 imperatorem.
1476 2113 1597 2147 Eadem
1615 2123 1692 2146 vero
1711 2113 1794 2146 dixit
1813 2114 2016 2155 imperatori,
2033 2116 2066 2147 et
2084 2115 2209 2148 audivit
2223 2116 2265 2147 ab

1208 2167 1420 2208 imperatore,
1447 2176 1523 2208 quae
1549 2169 1582 2199 et
1600 2168 1705 2200 antea.
1728 2167 1861 2200 Petebat
1879 2168 1965 2200 enim
1989 2177 2008 2200 a
2026 2169 2179 2202 Romanis
2204 2169 2265 2201 sibi

1207 2219 1291 2251 tradi
1305 2219 1460 2252 Sirmium
1473 2219 1647 2260 oppidum,
1665 2221 1822 2260 tanquam
1838 2221 1923 2252 esset
1940 2229 1999 2252 sua
2016 2221 2139 2261 privata
2161 2222 2192 2253 et
2204 2221 2264 2253 do-

1207 2270 1340 2303 mestica
1372 2272 1528 2312 possessio
1542 2295 1551 2311 ‚
1583 2271 1660 2312 quia
1687 2271 1729 2303 ab
1761 2271 1830 2312 ipso
1859 2271 2054 2312 Gepidarum
2083 2281 2134 2304 res
2160 2274 2266 2305 essent

1207 2332 1346 2364 eversae3
1360 2326 1430 2357 tum
1445 2325 1542 2357 etiam
1553 2324 1720 2365 pecunias,
1735 2333 1817 2365 quas
1835 2326 1854 2356 J
1859 2324 2005 2365 ustinus(
2016 2327 2263 2365 lastinianus)

1209 2378 1335 2409 Hunnis
1347 2377 1523 2418 quotannis
1538 2377 1696 2418 pendebat
1709 2402 1718 2418 ,
1733 2377 1936 2418 postulabat,
1948 2378 1981 2409 et
1994 2378 2084 2418 qnasi
2096 2378 2265 2418 superiori-

1207 2429 1268 2462 bus
1280 2429 1371 2461 annis
1386 2429 1465 2461 nihil
1479 2429 1693 2470 accepissent,
1711 2438 1822 2460 omnes
1837 2429 1933 2461 simul
1949 2429 2107 2470 Targitius
2119 2430 2180 2462 sibi
2196 2439 2264 2471 per-

1207 2481 1287 2514 solvi
1306 2482 1452 2522 volebat,
1467 2483 1499 2514 et
1514 2481 1558 2513 ita
1579 2481 1612 2512 in
1629 2482 1794 2522 posterum
1814 2490 1923 2513 annua
1936 2490 2011 2513 cum
2034 2483 2187 2514 Romanis
2204 2483 2262 2515 soe-

1206 2535 1284 2567 dera
1296 2544 1331 2568 se
1343 2536 1413 2567 rata
1426 2535 1614 2567 habiturum
1627 2534 1718 2566 dixit.
1735 2534 1936 2566 Usdibadum
1951 2544 2081 2576 quoque
2095 2536 2263 2576 poscebat,

1207 2590 1362 2629 tanquam
1378 2588 1433 2629 qui
1451 2598 1530 2621 suus
1549 2588 1742 2630 captivitatis
1761 2588 1835 2628 jure
1850 2588 1883 2620 et
1910 2588 1979 2628 lege
2000 2589 2092 2621 esset.
2124 2588 2264 2621 Plurima

1207 2641 1269 2673 alia
1284 2641 1381 2673 etiam
1408 2641 1442 2673 in
1468 2640 1610 2673 medium
1628 2640 1811 2681 proferebat
1833 2639 2014 2680 Targitius‚
2035 2640 2212 2672 insolentiae
2232 2643 2264 2673 et

1206 2693 1363 2734 superbiae
1381 2693 1495 2734 plena,
1512 2701 1653 2734 quorum
1671 2692 1818 2724 omnium
1833 2693 2007 2733 imperator
2028 2693 2148 2724 nullam
2162 2693 2262 2725 ratio-

1207 2754 1281 2777 nem
1295 2745 1427 2784 habuit,
1451 2745 1506 2777 sed
1522 2744 1617 2777 elusit
1629 2746 1663 2777 et
1685 2744 1896 2785 contempsit,
1919 2745 1952 2776 et
1969 2744 2076 2777 verbis
2094 2745 2263 2786 imperato-

1207 2800 1287 2831 riam
1301 2799 1502 2839 majestatem
1515 2798 1706 2830 decentibus
1717 2799 1765 2829 est
1774 2806 1862 2830 usus.
1880 2798 2024 2838 Denique
2031 2806 2133 2838 quum
2151 2807 2205 2839 per
2218 2799 2261 2830 di·

1207 2859 1316 2883 versas
1334 2852 1367 2882 et
1389 2850 1511 2882 multas
1542 2850 1714 2890 legationes
1737 2857 1833 2889 super
1861 2848 1910 2880 his
1940 2851 2159 2882 commeantes
2184 2850 2261 2882 nihil

1207 2903 1382 2944 quicquain
1400 2903 1554 2936 effectum
1580 2904 1683 2942 esset,
1701 2902 1876 2942 Targitium
1894 2902 2015 2934 dimisit
2029 2903 2213 2942 imperator,
2231 2906 2262 2935 et

1207 2955 1253 2987 illi
1269 2955 1369 2995 dixit,
1392 2964 1426 2987 se
1450 2955 1527 2986 illuc
1555 2955 1728 2987 missurum
1751 2954 1937 2994 Tiberium,
1958 2954 2014 2995 qui
2039 2963 2203 2986 summum
2229 2955 2261 2986 iu

1207 3007 1350 3039 exercitu
1362 3007 1501 3039 habebat
1516 3007 1686 3048 imperium
1699 3031 1708 3047 ,
1726 3007 1783 3048 qui
1799 3006 1840 3040 de
1861 3006 2013 3039 omnibus
2026 3006 2123 3040 rebus
2141 3009 2260 3048 ageret,

1207 3060 1239 3092 et
1254 3059 1380 3101 singula
1393 3060 1524 3100 pacaret
1539 3061 1571 3092 et
1588 3059 1742 3092 firmaret.

1706 3142 1765 3176 30.

1249 3220 1357 3252 Sicubi
1373 3229 1424 3254 res
1438 3229 1588 3262 prospere
1611 3220 1786 3262 eveniunt,
1806 3222 1887 3253 tuno
1900 3221 2135 3253 malevolorum
2148 3220 2259 3252 odium

1206 3272 1362 3312 duplicari
1377 3273 1469 3305 solet.

1248 3324 1452 3364 Indignorum
1468 3324 1635 3356 hominum
1648 3325 1780 3357 felicitas
1793 3324 1826 3356 in
1843 3332 1938 3355 causa
1951 3324 2011 3363 est,
2025 3323 2197 3363 quominus
2213 3323 2257 3354 illi

1206 3385 1364 3416 congruos
1379 3376 1509 3416 spiritus
1528 3379 1636 3409 mente
1652 3376 1789 3417 agitent,
1808 3376 1861 3416 qui
1876 3383 1940 3407 non
1953 3375 2028 3407 satis
2042 3374 2134 3406 firmo
2150 3374 2257 3406 animo

1207 3429 1367 3462 fortunam
1384 3438 1476 3462 suam
1488 3429 1592 3461 serunt
1602 3453 1610 3462 .
