2372 3704
989 257 1323 299 FRAGMENTA.

86 348 145 395 τὰς
163 349 375 404 πανηγύρεις
393 347 454 387 καὶ
474 347 594 401 ἑορτὰς
610 345 695 399 πρὸς
707 347 768 393 τῆς
782 343 977 396 συγκλήτου
1004 345 1130 397 βουλῆς

84 408 345 461 ὕπαντώμενος,
368 411 408 448 ἐκ
426 407 566 447 πάντων
584 407 647 458 μὲν
665 407 783 450 κακῶς
802 404 1015 453 διεὸάλλετο,
1040 402 1130 441 ὥστε

85 468 148 509 καὶ
165 473 229 517 τήν
250 467 430 522 Μαρκίαν,
449 467 493 515 ἣν
515 461 588 519 εἶχε
607 468 676 504 τῶν
693 465 886 503 παλλακῶν
902 461 1131 514 τιμιωτάτην,

85 531 307 581 καταγνῶναι
319 528 424 566 αὐτοῦ
440 525 501 565 καὶ
517 528 759 578 ἀπαγορεῦσαι
778 527 850 567 τοῖς
864 521 1130 577 πραττομένοις.

87 587 221 629 Πολλοὶ
239 586 276 625 δὲ
296 586 357 625 καὶ
374 585 474 625 ἄλλοι
493 583 645 624 ἱκέτευον
669 583 772 623 αὐτὸν
791 583 898 634 μηδὲν
917 581 1054 627 ἀνάξιον
1070 584 1132 629 τῆς

87 646 265 700 βασιλείας
283 645 405 685 ποιεῖν.

569 711 656 737 121.

139 780 232 816 Exc.
251 779 308 814 De
325 778 396 814 ins.
417 790 460 826 p.
485 775 533 819 34
559 788 567 812 :
588 772 675 814 ’Ότι
696 772 786 825 μετὰ
805 775 907 812 τοῦτο
933 773 952 810 6
977 770 1135 822 Κόμοδος

87 835 145 874 ἐπὶ
164 835 235 879 τοῖς
249 833 386 878 οἰκείοις
403 833 607 886 ἀσχάλλων,
627 831 706 877 τοὺς
726 830 787 883 μὲν
803 829 1051 883 ἀπεπέμψατο,
1068 830 1133 868 αὖ·

86 894 143 937 τὸς
157 893 193 932 δὲ
213 892 410 931 ἐπανελθὼν
426 894 458 936 ἐς
471 891 511 930 τὸ
531 891 718 941 δωμάτιον,
730 893 776 935 ὡς
787 891 888 938 δῆθεν
899 888 1134 935 καθευδήσων,

85 951 207 991 λαὸὼν
227 951 362 1002 δέλτον,
382 950 507 1004 γράφει
520 949 619 994 ὅσους
627 948 697 1002 χρὴ
711 953 916 1003 φονευθῆναι
934 942 1001 1000 (ὧν
1011 946 1134 999 πρώτη

89 1010 152 1061 μὲν
171 1006 214 1059 ἦν
234 1010 399 1064 Μαρκία,
417 1009 553 1048 εἵποντο
571 1007 606 1047 δὲ
626 1011 755 1052 Δαῖτος
773 1008 834 1047 καὶ
851 1007 1061 1050 Ἔκλεκτος·
1079 1005 1137 1044 ἐπὶ

87 1068 126 1108 δὲ
143 1069 276 1113 τούτοις
294 1068 383 1107 πολὺ
403 1069 533 1116 πλῆθος
552 1069 619 1106 τῶν
645 1069 707 1113 τῆς
728 1066 925 1118 συγκλήτου
940 1063 1138 1118 πρωτευόν-

88 1129 192 1180 των),
210 1126 257 1172 ὥς
276 1143 358 1166 ποτε
387 1126 449 1171 τὰς
463 1126 717 1179 Στυμφαλίδας
741 1124 850 1178 ὄρνεις
883 1123 1138 1168 κατατοξεῦσαι

89 1187 229 1231 τούτους
248 1187 282 1224 ἐν
298 1188 349 1240 τῷ
371 1185 506 1239 θεάτρῳ
531 1182 741 1238 βουλόμενος
753 1212 764 1231 ,
786 1182 863 1227 τοὺς
885 1183 948 1234 μὲν
964 1182 1076 1234 (γὰρ)
1093 1184 1139 1226 ὡς

91 1244 291 1297 πρεσὸύτας
310 1244 370 1283 καὶ
398 1243 586 1297 πατρῴους
609 1242 729 1296 φίλους
752 1241 955 1290 αἰδούμενος
974 1241 1065 1294 ἔχειν
1084 1242 1138 1278 αἷ-

91 1307 201 1356 σχροῦ
220 1303 295 1356 βίου
312 1302 459 1355 σεμνοὺς
478 1303 651 1350 ἐπόπτας,
668 1303 737 1340 τῶν
751 1301 787 1339 δὲ
803 1300 980 1339 πλουσίων
1000 1300 1061 1344 τὰς
1080 1301 1139 1337 οὖ-

91 1363 168 1406 σίας
185 1361 400 1415 χαρίσασθαι
416 1360 622 1414 βουλόμενος
634 1360 861 1412 μονομάχοις.
875 1358 951 1406 Τὴν
969 1357 1005 1396 δὲ
1020 1357 1140 1397 δέλτον

90 1421 224 1469 τίθησιν
252 1420 311 1459 ἐπὶ
330 1424 390 1459 τοῦ
416 1419 620 1470 σκίμποδος,
649 1418 729 1457 ἔνθα
759 1418 879 1469 μηδεὶς
898 1417 1020 1470 εἰσῄει.
1044 1419 1140 1456 Παι-

91 1480 162 1520 δίον
183 1479 221 1519 δέ
242 1495 276 1518 τι
297 1479 432 1532 μικρὸν,
461 1478 546 1532 ὅπερ
563 1478 686 1531 ἠγάπα
702 1480 720 1517 6
739 1478 900 1529 Κόμοδος
915 1478 979 1516 καὶ·
997 1477 1141 1529 ἓπετέρ-

92 1553 197 1589 πετο,
227 1536 470 1588 Φιλοκόμοδόν
502 1552 540 1575 τε
578 1537 754 1589 ὠνόμασε,
788 1540 908 1575 τοῦτον
932 1535 1050 1574 λαὸὼν
1077 1534 1142 1582 τὴν

94 1596 224 1644 δέλτον,
244 1595 384 1641 ἔπαιζεν
410 1595 468 1634 ἐπὶ
486 1599 547 1634 τοῦ
568 1595 775 1647 σκίμποδος.
803 1595 983 1649 Αἷφνιδίου
1012 1593 1049 1633 δὲ
1080 1597 1142 1633 τοῦ

93 1655 256 1706 Κομόδου
276 1655 514 1708 προελθόντος,
532 1654 645 1706 ἔμεινε
659 1653 757 1709 παρὰ
773 1657 822 1708 τῷ
834 1654 963 1707 παιδίῳ
974 1653 1013 1692 τὸ
1027 1669 1141 1708 γραμ-

95 1719 256 1765 ματεῖον·
276 1713 361 1765 ὅπερ
383 1712 574 1764 ἀνελομένη
591 1717 613 1761 ἡ
633 1713 800 1766 Μαρκία,
832 1713 1005 1752 δεδοικυῖα
1027 1713 1077 1763 μή
1111 1730 1145 1752 τι

95 1775 163 1812 τῶν
186 1772 388 1825 ἀναγκαίων
410 1772 477 1812 ὑπὸ
497 1773 705 1821 νηπιότητος
725 1772 923 1826 διαφθείρῃ,
942 1771 1144 1825 γνωρίσασα

95 1832 159 1880 τὴν
176 1835 236 1871 τοῦ
257 1831 420 1883 Κομόδου
442 1837 545 1885 χεῖρα
557 1862 568 1880 ,
587 1831 742 1879 διεξῆλθε
755 1862 765 1879 ,
788 1831 849 1870 καὶ
865 1826 961 1884 {Spa
982 1831 1067 1870 αὐτὸ
1085 1834 1145 1870 θα-

96 1890 306 1944 νατηφόρον,
346 1890 407 1929 καὶ
445 1891 515 1942 πρὸ
546 1890 685 1929 πάντων
718 1891 807 1942 αὐτῇ
819 1905 827 1914 ·
853 1889 1077 1940 ἀνοιμώξασα
1109 1889 1146 1928 δὲ

96 1953 175 1989 καθ’
193 1948 334 1998 ἑαυτὴν,
349 1949 407 1988 τὸν
425 1946 620 1989 Ἔκλεκτον
633 1948 919 2000 μεταπέμπεται·
937 1950 1042 1987 δδῦσα
1061 1947 1097 1987 δὲ
1107 1948 1146 1987 τὸ

95 2014 351 2063 γραμματεῖον,
368 2027 382 2043 n
398 2007 510 2061 εὈρα,
521 2008 601 2062 ἔφη,
618 2009 721 2047 ποίαν
741 2007 913 2059 μέλλομεν
925 2007 1146 2060 παννυχίζειν

97 2067 231 2122 ἓορτήν.
256 2085 272 2102 »
304 2066 349 2107 ‘O
376 2065 412 2105 δὲ
436 2066 604 2119 ἀναγνοὺς
624 2066 847 2117 κατεπλάγη,
872 2067 931 2105 καὶ
961 2070 1063 2105 τοῦτο
1091 2067 1146 2105 διά

97 2142 187 2171 τινος
206 2125 416 2164 πιστοτάτου
439 2125 672 2179 παραπέμπει
693 2128 916 2178 παραχρῆμα
943 2127 994 2178 τῷ
1012 2124 1145 2177 Λαίτῳ.

98 2184 297 2239 Ταραχθεὶς
313 2183 350 2223 δὲ
365 2185 522 2229 κάκεῖνος
536 2184 824 2238 ἀφικνεῖταιπρὸς
837 2183 1018 2237 Μαρκίαν,
1040 2187 1086 2228 ὡς
1105 2184 1147 2232 δὴ

101 2244 359 2298 συσκεψόμενος
373 2244 508 2287 αὐτοῖς·
536 2242 615 2281 οὐδὲ
635 2243 702 2295 γὰρ
728 2237 770 2290 ἦν
787 2242 904 2296 καιρὸς
930 2242 1144 2292 μελλήσεως.

100 2303 259 2357 Ἀρέσκει
293 2300 329 2340 δὲ
359 2302 478 2341 δοῦναι
501 2301 687 2355 φάρμακον
708 2305 758 2355 τῷ
784 2302 955 2354 Κομόδῳ·
976 2302 1150 2354 ὑπέσχετο

101 2363 138 2402 δὲ
164 2365 277 2416 ῥᾷστα
305 2361 427 2399 δώσειν
447 2363 470 2408 ἡ
495 2360 663 2414 Μαρκία·
693 2359 805 2399 εἰώθει
823 2359 891 2412 γὰρ
918 2359 1007 2407 αὐτὴ
1027 2366 1148 2412 κιρνᾶν

101 2424 198 2474 αὐτῷ
218 2422 253 2459 ἐν
281 2421 332 2473 τῷ
357 2418 485 2473 δείπνῳ
518 2419 580 2467 τὴν
609 2419 751 2472 πρώτην
778 2418 886 2457 δόσιν.
919 2418 1079 2457 Ἐλθόντι
1114 2418 1149 2456 δὲ

102 2482 199 2533 αὐτῷ
220 2480 291 2518 ἀπὸ
312 2480 456 2531 λουτροῦ
475 2478 595 2516 δίδωσι
620 2481 736 2522 καλῶς
755 2477 955 2530 κεράσασα·
972 2480 989 2515 6
1006 2476 1042 2515 δὲ
1061 2475 1150 2515 πιὼν

104 2537 341 2585 ἀναισθήτως,
371 2536 496 2575 αὐτίκα
517 2535 639 2574 ἔπεσεν
666 2537 713 2580 εἷς
736 2535 856 2582 ὕπνον,
877 2534 946 2573 ὑπό
964 2551 1001 2573 τε
1018 2539 1076 2574 τοῦ
1093 2534 1152 2574 κό-

103 2612 171 2635 που
190 2596 327 2642 καὶτῆς
347 2594 616 2642 ἀλλεπαλλήλου
640 2596 765 2642 ἡδονῆς
781 2593 985 2644 ἑλκόμενος·
1004 2594 1064 2632 καὶ
1089 2610 1151 2645 μι-

104 2654 185 2708 κρόν
216 2669 249 2692 τι
267 2653 450 2706 ἡσυχάσας
477 2653 607 2707 ἤρξατο
635 2654 730 2705 ἐμεῖν
752 2652 813 2691 σὺν
830 2656 873 2707 τῇ
900 2653 1151 2706 προεγκειμένῃ

103 2716 214 2767 τροφῇ
231 2713 291 2751 καὶ
320 2712 361 2751 τὸ
390 2712 576 2766 φάρμακον
589 2729 597 2737 ·
614 2716 636 2760 ἡ
662 2713 697 2751 δὲ
718 2711 864 2766 Μαρκία
891 2712 1082 2764 φοὸηθὲῒσα
1103 2712 1151 2763 μὴ

111 2774 194 2824 (εἷς)
216 2778 287 2810 πᾶν
302 2770 497 2824 ε’ξεμεθῇ,ἢ
515 2771 571 2810 διὰ
592 2771 654 2820 τὴν
671 2771 816 2822 πλήμην
835 2775 896 2819 τῆς
912 2774 1040 2824 τροφῆς
1058 2770 1080 2818 ἢ
1098 2771 1153 2809 διὰ

104 2831 144 2870 τὸ
168 2829 506 2884 προλαμὸανόμενον
527 2831 594 2869 ὑπὸ
621 2833 691 2869 τῶν
720 2829 892 2883 βασιλέων
914 2829 1154 2883 ἀλεξιφάρμα-

105 2903 180 2940 κον,
201 2889 262 2928 καὶ
275 2890 403 2934 πάντες
432 2888 655 2938 ἀπόλωνται,
677 2891 929 2940 μετακαλεῖται
947 2889 1082 2942 νύκτωρ
1095 2888 1154 2928 τὸν

2152 264 2227 298 585

1191 347 1321 384 Λαῖτον
1341 342 1401 383 καὶ
1415 343 1472 382 τὸν
1490 342 1696 383 Ἔκλεκτον.
1723 345 1770 383 Οἱ
1785 342 1820 382 δὲ
1837 346 1882 387 ὡς
1908 346 2016 382 ταῦτα
2038 343 2203 383 ἐπύθοντο
2216 374 2228 395 ,

1192 407 1357 457 θαρροῦσι
1372 406 1475 442 τοῦτο
1499 401 1694 455 Ναρκίσσῳ
1714 403 1780 441 τινὶ
1800 403 2029 457 ἀκμαιοτάτῳ
2048 403 2234 449 ἀποπνίξαι

1193 461 1251 501 τὸν
1271 461 1443 512 Κόμοδον,
1499 459 1545 500 Ὁ
1560 459 1594 498 δὲ
1610 459 1807 512 εἰσδραμὼν
1822 460 1883 498 καὶ
1898 461 2108 513 παρειμένον
2127 460 2234 514 εὑρὼν

1194 520 1260 559 ὑπὸ
1279 523 1339 559 τοῦ
1358 519 1545 573 φαρμάκου
1558 518 1617 556 καὶ
1632 521 1694 565 τῆς
1708 518 1814 569 μέθης
1825 548 1834 566 ,
1850 519 2063 572 ἀποσφίγξας
2075 520 2132 558 τὸν
2149 521 2237 572 τρά-

1192 581 1315 632 χηλον,
1335 578 1484 632 φονεύει.
1542 576 1699 630 Τοιούτῳ
1720 577 1781 628 μὲν
1807 578 1900 616 τέλει
1925 578 2000 630 βίου
2020 581 2038 616 6
2068 578 2238 629 Κόμοδος,

1197 637 1407 691 βασιλεύσας
1427 638 1517 677 ἔτεσι
1548 636 1592 689 ιγ’
1614 636 1703 688 μετὰ
1731 636 1795 684 τὴν
1820 639 1880 675 τοῦ
1906 636 2036 690 πατρὸς
2058 637 2240 684 τελευτὴν,

1195 696 1385 751 ἐχρήσατο.

1679 762 1766 788 122.

1586 851 1864 892 ΠΕΡΤΙΝΑΞ.

1250 951 1351 991 Ibid.
1376 965 1417 1001 p.
1442 950 1490 988 35
1515 950 1584 989 :05
1604 948 1641 988 δὲ
1658 949 1968 993 ἐπιδουλεύσαντες
1986 948 2245 1002 αὗτῷ,κρύψαι

1197 1008 1237 1047 τὸ
1254 1008 1437 1060 γενόμενον
1459 1007 1747 1060 βουλευσάμενοι,
1762 1010 1810 1051 εἰς
1830 1006 2018 1061 στρωμνήν
2031 1023 2107 1045 τινα
2125 1009 2247 1054 εὐτελῆ

1199 1067 1432 1112 ὖποὸαλόντες
1452 1067 1491 1106 τὸ
1512 1067 1702 1117 σωμάτιον,
1719 1067 1779 1106 καὶ
1799 1066 2087 1119 καταρράψαντες
2099 1095 2109 1114 ,
2133 1066 2179 1104 δι’
2198 1068 2250 1104 οἷ-

1199 1129 1321 1182 κετῶν,
1341 1127 1475 1171 πάντας
1492 1126 1675 1175 λαθόντες,
1703 1129 1765 1174 τῆς
1794 1126 1972 1178 βασιλείου
1998 1128 2108 1172 αὐλῆς
2129 1126 2249 1180 ἐξεφό-

1202 1201 1311 1237 ρησαν
1324 1202 1332 1210 ·
1349 1185 1445 1224 αὐτοὶ
1463 1187 1499 1224 δὲ
1513 1185 1553 1224 τὸ
1563 1185 1736 1239 πρακτέον
1749 1185 1987 1235 ἐδουλεύοντο,
2005 1185 2128 1236 φήμην
2145 1188 2248 1236 ἐγκα-

1200 1244 1470 1298 τασπείραντες,
1487 1244 1539 1283 ὅτι
1560 1246 1595 1283 ἐν
1613 1246 1664 1297 τῷ
1687 1244 1895 1298 μονομαχίῳ
1912 1244 2111 1296 ἀποπληξίᾳ
2142 1247 2160 1283 6
2179 1244 2250 1284 Κό-

1203 1305 1305 1355 μοδος
1343 1303 1580 1351 ἐτελεύτησεν.
1636 1302 1780 1347 Ἐδοξεν
1813 1303 1849 1341 δὲ
1881 1304 1998 1346 αὐτοῖς
2028 1302 2252 1348 ἐπιλέξασθαι

1204 1362 1312 1414 ἄνδρα
1333 1361 1531 1414 πρεσὸύτην
1553 1360 1648 1410 τινὰ,
1677 1361 1735 1399 τὸν
1754 1361 1992 1412 διαδεξόμενον
2019 1361 2083 1408 τὴν
2120 1361 2247 1415 ἀρχὴν,

1203 1421 1296 1465 ὅπως
1311 1420 1380 1458 ἀπὸ
1401 1422 1463 1467 τῆς
1479 1427 1606 1473 πικρᾶς
1620 1421 1680 1459 καὶ
1695 1419 1890 1459 ἀκολάστου
1911 1420 2110 1473 τυραννίδος
2130 1419 2254 1464 πάντες

1208 1478 1469 1518 ἀναπνεύσειεν.

1259 1552 1293 1579 2.
1326 1540 1418 1577 Καθ’
1434 1536 1575 1580 ἑαυτοὺς
1595 1536 1630 1575 δὲ
1643 1535 1878 1588 λογιζόμενοι,
1897 1535 2019 1575 οὐδένα
2045 1537 2151 1580 οὕτως
2177 1539 2256 1575 ἐπι-

1207 1597 1344 1645 τήδειον
1361 1595 1518 1649 εὕρισκον
1536 1598 1581 1639 ὡς
1603 1594 1824 1648 Περτίνακα,
1845 1594 1884 1632 τὸ
1905 1594 1968 1645 μὲν
1983 1594 2079 1645 γένος
2095 1594 2255 1634 Ἰταλιώ-

1210 1672 1287 1705 την,
1316 1658 1351 1694 ἐν
1373 1654 1458 1707 [δὲ]
1480 1654 1628 1697 πολλαῖς
1661 1652 1808 1705 πράξεσι
1832 1659 2099 1706 στρατιωτικαῖς
2124 1655 2259 1692 εὐδοκι-

1208 1715 1396 1767 μήσαντα,
1435 1713 1540 1766 μόνον
1574 1715 1644 1751 τῶν
1672 1713 1822 1766 Μάρκου
1845 1712 1953 1766 φίλων
1979 1713 2257 1766 περιλειφθέντα’

1206 1774 1291 1827 πρὸς
1311 1773 1347 1812 ὃν
1365 1775 1427 1820 τῆς
1440 1771 1559 1816 νυκτὸς
1574 1771 1798 1822 ἀκμαζούσης
1817 1771 2087 1823 παραγίνονται,
2110 1772 2208 1811 αὐτοί
2222 1788 2258 1811 τε

1208 1833 1267 1872 καί
1287 1848 1375 1875 τινες
1396 1831 1506 1882 ὀλίγοι
1527 1832 1596 1868 τῶν
1617 1833 1840 1881 συνωμοτῶν.
1869 1829 2098 1874 Ἔπιστάντες
2123 1830 2159 1868 δὲ
2180 1832 2256 1875 ταῖς

1209 1891 1328 1944 θύραις
1348 1890 1551 1942 διεγείρουσι
1562 1889 1619 1927 τὸν
1638 1888 1791 1942 φύλακα.
1815 1888 1968 1933 Ἀνοίξας
1986 1889 2021 1926 δὲ
2043 1890 2184 1937 ἐκεῖνος,
2197 1890 2258 1928 καὶ

1209 1950 1420 1999 θεασάμενος
1442 1947 1657 2000 στρατιώτας
1679 1947 1739 1986 καὶ
1758 1948 1817 1986 τὸν
1838 1948 2007 2001 ἔπαρχον,
2030 1948 2191 1999 ἀγγέλλει
2207 1951 2257 2003 τῷ

1210 2008 1376 2060 δεσπότῃ.
1402 2007 1447 2047 ‘O
1470 2007 1506 2045 δὲ
1535 2006 1631 2054 ἥκειν
1651 2006 1774 2051 αὐτοὺς
1792 2006 1948 2054 κελεύει,
1965 2008 2166 2058 προσδοκῶν
2185 2024 2259 2046 πα-

1215 2070 1385 2120 ραχρῆμα
1403 2066 1672 2116 ἀποτέμνεσθαι.
1699 2065 1931 2109 Εἰσελθόντας
1952 2065 1987 2103 δὲ
2005 2066 2128 2109 αὐτοὺς
2143 2067 2260 2112 ἠσπά-

1211 2141 1314 2173 σατο,
1331 2124 1390 2163 καὶ
1407 2124 1446 2162 τὸ
1466 2123 1646 2163 κελευσθὲν
1675 2125 1830 2175 γίνεσθαι
1856 2123 2060 2175 προέτρεπε.
2092 2142 2107 2158 «
2139 2126 2256 2163 Τοῦτο

1211 2183 1291 2238 γὰρ,
1308 2183 1397 2236 ἔφη,
1416 2183 1472 2222 διὰ
1491 2183 1619 2227 παντὸς
1639 2180 1803 2228 ἐνενόουν,
1823 2182 1923 2233 μόνος
1941 2182 2169 2235 περιλειφθεὶς
2188 2186 2258 2222 τῶν

1212 2242 1387 2297 πατρῴων
1409 2244 1512 2280 αὐτοῦ
1549 2242 1672 2295 φίλων.
1693 2259 1708 2276 »
1731 2241 1916 2294 Προέτεινέ
1943 2257 1980 2279 τε
2009 2242 2177 2285 πολλάκις
2202 2242 2261 2281 τὸν

1211 2302 1387 2356 τράχηλον
1417 2300 1562 2339 ἀπὸτοῦ
1586 2301 1787 2352 σκίμποδος.
1819 2300 1914 2353 Πρὸς
1939 2303 2051 2338 ταῦτα
2071 2303 2089 2338 6
2116 2304 2258 2345 Δαῖτος·

1212 2379 1228 2395 «
1244 2363 1409 2408 Παῦσαι,
1441 2378 1456 2394 n
1474 2359 1579 2412 φησὶν
1614 2378 1629 2393 «
1657 2358 1778 2404 ἀνάξια
1799 2362 1928 2396 σαυτοῦ
1957 2358 2017 2397 καὶ
2038 2361 2107 2397 τῶν
2127 2359 2260 2412 προδε-

1219 2418 1403 2470 ὅιωμένων
1425 2434 1479 2456 σοι
1499 2417 1623 2469 λέγων.
1645 2419 1697 2457 Οὖ
1719 2416 1787 2470 γὰρ
1807 2418 1862 2455 ἐπ’
1883 2415 2014 2470 ὀλέθρῳ
2029 2420 2079 2470 τῷ
2102 2420 2153 2471 σῷ
2179 2418 2263 2465 ἥκο-

1214 2494 1290 2529 μεν,
1306 2478 1386 2516 ἀλλ’
1402 2477 1460 2516 ἐπὶ
1477 2476 1635 2530 σωτηρίᾳ
1655 2480 1698 2529 τῇ
1717 2492 1754 2515 τε
1772 2479 1873 2526 ἡμῶν
1888 2478 2002 2514 αὐτῶν
2015 2477 2074 2514 καὶ
2091 2480 2152 2524 τῆς
2171 2476 2263 2517 Ῥώ-

1216 2553 1307 2588 μης·
1336 2538 1449 2575 κεῖται
1477 2536 1539 2586 μὲν
1570 2536 1683 2588 [γὰρ]
1711 2538 1729 2574 6
1756 2536 1939 2588 τύραννος,
1963 2535 2060 2583 δίκην
2095 2536 2171 2580 δοὺς
2200 2535 2263 2583 τὴν

1214 2594 1472 2647 προσήκουσαν,
1497 2586 1601 2647 [καί]
1618 2594 1707 2647 ἅπερ
1730 2594 1831 2637 αὐτὸς
1850 2598 1944 2644 ἡμᾶς
1959 2593 2086 2646 δράσαι
2103 2595 2265 2633 διενοεῖτο

1217 2654 1357 2705 [ταῦτα
1377 2653 1460 2705 πρὸς
1480 2655 1581 2703 ἡμῶν
1605 2653 1762 2704 παθών].
1790 2652 1913 2702 Ἡμεῖς
1945 2651 1980 2689 δὲ
2010 2651 2141 2701 ἥκομεν
2163 2652 2263 2703 [σοὶ]

1215 2712 1279 2759 τὴν
1299 2712 1481 2765 βασιλείαν
1514 2713 1786 2764 ἐγχειριοῦντες,
1822 2710 1858 2748 ὃν
1886 2710 1987 2760 ἴσμεν
2014 2710 2212 2762 προῦχοντα
2228 2713 2262 2749 ἐν

1217 2774 1259 2824 τῇ
1278 2770 1463 2823 συγκλήτῳ
1483 2773 1591 2823 βουλῇ
1626 2770 1714 2823 βίῳ,
1737 2769 1886 2821 μεγέθει,
1910 2768 2106 2820 ἀξιώματι,
2125 2769 2262 2822 ἡλικία,

1218 2830 1404 2881 σεμνότητι
1416 2860 1426 2877 ,
1443 2830 1539 2882 πόθῳ
1555 2845 1592 2867 τε
1611 2833 1669 2867 τοῦ
1682 2828 1808 2879 δήμου.
1834 2846 1850 2862 n

1272 2902 1302 2928 3.
1331 2888 1377 2928 ‘O
1409 2888 1444 2926 δὲ
1473 2887 1662 2940 Περτίναξ·
1686 2905 1702 2921 α
1727 2886 1919 2926 Παύσασθε
1932 2886 2157 2939 χλευάζοντες
2175 2901 2263 2938 πρε-

2190 2962 2262 2969 .-

106 3019 147 3028 -—
158 3001 224 3032 καὶ
253 3000 408 3042 ἑορτὰς]
434 3009 498 3032 om.
530 3001 619 3033 suid.
644 3018 686 3024 -—
713 3004 787 3032 τῶν
812 3012 834 3032 π
846 3000 1045 3041 αλλακῶν]
1071 3003 1133 3031 τῶν
1156 3008 1219 3031 om.
1249 2999 1337 3032 Suid.
1363 3018 1404 3025 -
1424 3002 1504 3035 τοῖς
1533 2998 1840 3040 πραττομένοις]
1871 2998 1911 3029 τὰ
1943 2997 2140 3038 πραττόμενα
2171 2995 2259 3029 Suid.

149 3049 202 3079 Fr.
228 3051 295 3079 121.
314 3050 393 3079 Haee
409 3056 450 3079 ex
466 3048 647 3079 Herodiano
664 3049 717 3087 (Ι,
739 3048 797 3088 17)
815 3048 915 3088 petita
931 3047 1118 3079 continuam
1135 3056 1210 3078 eum
1228 3046 1447 3086 superioribus
1462 3046 1678 3078 narrationem
1695 3045 1852 3077 efficiunt.
1866 3065 1906 3071 --
1921 3044 2059 3085 δῆθεν]
2079 3045 2116 3081 δὴ
2133 3045 2208 3075 Her.
2223 3058 2264 3065 —

107 3094 239 3135 πρώτη
255 3093 343 3134 μὲν]
360 3096 456 3134 Her.;
473 3098 596 3135 πρῶτον
614 3094 685 3126 cod.
701 3112 742 3117 -
755 3095 803 3131 ὥς
825 3104 958 3126 ποτε...
974 3094 1011 3125 ἐν
1026 3095 1077 3133 τῷ
1100 3093 1248 3133 θεάτρῳ
1266 3091 1527 3134 βουλόμενος]
1547 3093 1672 3123 Haecin
1687 3091 1867 3123 Herodiano
1883 3100 1948 3123 non
1963 3092 2127 3131 leguntur.
2141 3109 2182 3116 -
2194 3090 2263 3125 τοὺς

109 3142 164 3182 μὲν
178 3141 257 3183 γὰρ]
271 3142 329 3182 γὰρ
345 3142 476 3182 inclusi;
491 3143 690 3182 excerptoris
704 3145 751 3174 est
764 3141 960 3182 negligentis.
980 3143 1028 3172 lta
1045 3141 1249 3172 Herodianus
1270 3149 1279 3171 ε
1301 3141 1372 3177 τοὺς
1386 3141 1440 3181 μὲν
1455 3140 1512 3180 γὰρ
1527 3140 1753 3181 πρεσὸυτέρους
1765 3140 1818 3171 καὶ
1841 3140 1967 3175 λοιποὺς
1981 3138 2146 3179 πατρῴους
2160 3138 2262 3178 φίλους

111 3189 392 3221 ἀποσκευάσασθαι
406 3189 521 3226 πάντας
544 3190 662 3229 ἤθελεν,
698 3191 879 3231 αἰδούμενος
896 3189 976 3230 ἔχειν
990 3190 1057 3220 κτλ.
1074 3205 1112 3213 ν-
1126 3190 1215 3221 ἔνθα
1235 3188 1368 3229 μηδεὶς
1390 3186 1540 3228 εἰσῄει]
1556 3188 1667 3225 οἰηθεὶς
1686 3187 1800 3228 μηδένα
1826 3187 1926 3218 ἐκεῖσε
1942 3186 2169 3218 εἰσελεύσεσθαι
2186 3187 2261 3216 Her.

113 3253 154 3259 —
169 3236 476 3278 μετακαλεῖται]
496 3238 667 3278 μεγακαλεῖ
681 3239 733 3269 καὶ
748 3237 818 3269 cod.

152 3285 205 3315 Fr.
229 3288 299 3316 122.
321 3286 360 3316 V.
386 3284 558 3316 Herodian.
591 3287 638 3324 11,
675 3289 742 3317 1-2.
761 3303 802 3308 —
822 3284 841 3326 §
864 3290 894 3317 2.
917 3285 1096 3326 γίνεσθαι
1123 3281 1365 3323 προέτρεπε]
1382 3282 1523 3323 γένεσθαι
1546 3293 1598 3324 πρ.
1625 3280 1696 3313 cod.
1720 3279 1975 3320 -ἐνενόουν]
1998 3278 2123 3310 ἐνεννόει
2146 3276 2258 3308 codex.

109 3329 309 3363 Herodianus
325 3343 332 3362 τ
348 3331 451 3362 Πάλαι
469 3331 523 3372 μὲν
537 3333 590 3363 καὶ
613 3331 714 3369 πάσης
728 3332 837 3368 νυκτὸς
859 3332 928 3363 τόδε
954 3332 990 3363 τὸ
1002 3331 1087 3366 τέλος
1100 3333 1155 3361 τοῦ
1179 3329 1248 3370 βίου
1265 3330 1350 3370 εἶχον
1371 3330 1410 3361 δι’
1434 3329 1572 3365 ἐλπίδος·
1596 3328 1687 3370 μόνος
1704 3339 1737 3360 τε
1760 3331 1822 3359 τῶν
1845 3328 1999 3368 πατρῴων
2013 3324 2259 3366 περιλειπόμενος

110 3378 205 3417 φίλων
218 3377 282 3416 ἔτι,
297 3378 468 3423 ἐθαύμαζον
485 3379 534 3410 ἐπ’
556 3379 624 3419 ἐμοὶ
640 3379 805 3420 Κόμμοδον
824 3380 1025 3421 βραδύνοντα.
1040 3398 1079 3404 -
1093 3377 1202 3418 [καὶ]
1220 3375 1333 3417 ἅπερ]
1348 3376 1426 3417 ἥπερ
1442 3375 1555 3407 codex.
1573 3375 1700 3407 inclusa
1721 3383 1761 3406 ex
1780 3374 1896 3406 Herod.
1920 3371 2077 3412 supplevi.
2099 3387 2141 3393 —
2167 3369 2257 3411 βίῳ,

111 3436 150 3466 με
164 3425 268 3465 γέθει
287 3425 365 3456 κτλ.
380 3424 391 3466 ]
406 3426 605 3458 Herodianus
619 3428 660 3466 Ι-Ι,
676 3431 704 3465 1,
718 3427 763 3458 ita
777 3427 873 3458 hahet
886 3436 893 3456 :
909 3426 942 3457 ὃν
956 3426 1045 3465 ἱσμεν
1060 3425 1235 3466 προῦχοντα
1248 3425 1279 3455 ἐν
1292 3428 1329 3464 τῇ
1340 3424 1505 3465 συγκλήτῳ
1520 3424 1616 3465 βουλῇ
1627 3422 1809 3464 σωφροσύνῃ
1822 3421 1901 3461 βίου,
1917 3420 2034 3461 μεγέθει
2045 3429 2076 3449 τε
2087 3417 2257 3457 ἀξιώματος

111 3475 162 3504 καὶ
177 3473 296 3511 ἡλικίας
320 3473 503 3514 σεμνότητι,
527 3474 716 3515 ποθούμενόν
738 3485 770 3505 τε
787 3475 838 3506 καὶ
862 3475 1034 3514 τιμώμενον
1057 3474 1117 3505 ὑπὸ
1141 3476 1194 3504 τοῦ
1208 3473 1316 3513 δήμου.
