2326 3724
994 195 1327 238 FRAGMENTA.
1335 197 1338 200 “

62 283 106 337 Ῐ’,
126 283 216 325 ὥστε
234 282 284 337 μὴ
304 282 545 331 πολυπληθίαν
563 285 711 335 στρατοῦ
737 283 771 326 ἐς
792 281 831 320 τὸ
853 281 970 336 Δάρας
991 283 1108 328 ἐνιζά-

62 359 148 396 νειν,
171 344 264 392 πλὴν
289 342 353 391 δ’ση
379 359 418 396 γε
444 343 583 396 ἀρκέσει
601 342 688 394 πρὸς
705 340 862 396 φυλακὴν
889 345 950 380 τοῦ
969 341 1126 387 ἄστεος·

61 402 151 454 μήτε
169 401 204 440 δὲ
214 402 273 440 τὸν
285 405 346 449 τῆς
365 401 411 439 ἕω
425 400 620 453 στρατηγὸν
635 400 727 439 κατὰ
747 399 876 447 ταύτην
892 400 1086 452 ἕνιδρῦσθαι
1098 429 1108 447 ,

60 464 120 499 τοῦ
134 460 183 512 μὴ
201 462 240 499 ἐκ
249 464 308 499 τοῦ
323 461 454 498 τοιοῦδε
466 458 654 512 ἐπιδρομὰς
668 458 691 505 ἢ
705 458 839 510 βλάὸας
852 458 1007 510 γίνεσθαι
1017 457 1110 496 κατὰ

61 520 225 571 Περσῶν.
242 520 286 558 Εἰ
297 517 334 557 δέ
343 533 382 570 γε
398 518 466 570 ἄρα
476 533 509 556 τι
522 521 675 556 τοιοῦτον
689 515 1108 569 ξυνενεχθείη,ἐπαγιιῖ)θη

59 577 120 616 τὸν
150 577 305 631 ἄρχοντα
329 581 391 616 τοῦ
414 577 533 630 Δάρας
560 575 749 616 διατιθέναι
772 577 812 615 τὸ
837 576 1106 628 πλημμεληθέν.

61 635 138 676 Μία
152 637 237 689 πρὸς
251 637 294 690 τῇ
312 635 439 688 δεκάτῃ
453 638 523 674 τῶν
540 637 698 674 σπονδῶν
716 635 902 687 βεὸαίωσις
914 664 926 686 ,
945 635 1035 674 ὥστε
1046 665 1057 683 ,
1076 637 1106 673 εἰ

60 693 161 739 πόλις
176 693 298 748 ἑτέραν
317 694 490 746 ζημιώσει
509 693 611 733 πόλιν
628 692 651 740 ἢ
676 696 837 732 ὁπωσοῦν
865 693 1052 746 διαφθείρει
1078 708 1111 730 τι

60 755 130 793 τῶν
147 755 272 802 αὐτῆς,
288 753 339 805 μὴ
358 756 409 807 τῷ
417 754 515 806 νόμῳ
528 756 588 791 τοῦ
603 752 759 803 πολέμου
774 752 862 803 μήτε
879 753 949 803 μὴν
966 751 1112 803 δυνάμει

61 815 317 866 στρατιωτικῇ,
343 812 457 856 ἄλλως
483 811 520 850 δὲ
544 811 634 865 δόλῳ
657 811 725 850 τινὶ
750 812 810 850 καὶ
829 812 944 864 κλοπῇ
967 833 1020 840 -—
1045 810 1112 850 εἰσὶ

60 869 130 924 γὰρ
148 871 274 910 τοιοίδε
297 870 386 915 τινὲς
401 871 619 924 ἀνοσιουργοὶ
638 873 669 909 οἵ
689 874 800 908 ταῦτα
817 870 1050 923 πράσσοντες,
1067 873 1114 914 ὡς

61 928 105 967 ἂν
125 929 281 980 πολέμου
297 929 411 968 ἔσοιτο
429 929 620 982 πρόφασις·
645 927 842 976 ἐὸεὸαιώθη
863 932 1046 980 τοιγαροῦν
1068 927 1112 966 τὰ

60 988 309 1041 τοιουτότροπα
330 990 512 1036 ἀναζητεῖν
532 989 565 1032 ἐς
584 987 624 1026 τὸ
642 987 803 1040 ἀκριὸὲς,
825 987 885 1026 καὶ
903 989 1113 1040 ἐπανορθοῦ-

61 1049 144 1085 σθαι
158 1047 236 1092 τοὺς
255 1047 420 1092 δικαστὰς
436 1046 513 1091 τοὺς
527 1049 562 1086 ἐν
580 1047 651 1091 τοῖς
665 1046 813 1099 πέρασιν
834 1046 1001 1099 ἑκατέρας
1016 1047 1114 1085 πολι-

61 1105 156 1149 τείας
178 1105 396 1158 ἱδρυμένους.
423 1107 469 1145 Εἰ
494 1105 531 1144 δέ
553 1120 594 1156 γε
620 1105 718 1143 αὐτοὶ
741 1105 805 1143 οὐκ
834 1103 974 1143 ἔσονται
1001 1105 1114 1144 ἱκανοὶ

63 1164 289 1204 ἀναστέλλειν
302 1165 364 1209 τὰς
378 1164 465 1218 πρὸς
484 1164 657 1212 ἀλλήλους
675 1166 744 1202 τῶν
765 1163 1014 1214 ἀστυγειτόνων
1031 1168 1113 1217 :ptio-

63 1222 147 1276 ρὰς,
166 1223 357 1277 ἐστέρχθη,
378 1223 470 1262 ὥστε
498 1223 561 1270 τὴν
591 1223 812 1261 διαδικασίαν
843 1221 1115 1272 ἀναπέμπεσθαι

62 1284 111 1325 ὡς
128 1281 186 1320 τὸν
200 1284 261 1329 τῆς
279 1281 326 1320 ἕω
347 1281 558 1333 στρατηγὸν,
578 1284 646 1332 ὡς,
667 1281 752 1332 εἴγε
769 1280 854 1319 εἴσω
870 1283 989 1330 μηνῶν
1011 1280 1046 1326 ἓξ
1065 1281 1114 1332 μὴ

61 1339 210 1390 τμηθείη
235 1340 281 1379 τὰ
299 1342 361 1387 τῆς
380 1339 531 1391 ἁμίλλης
554 1339 615 1378 καὶ
634 1342 653 1378 ὁ
681 1338 866 1389 ζημιωθεὶς
894 1338 944 1390 μὴ
963 1339 1115 1393 λήψεται

60 1398 102 1437 τὸ
121 1399 324 1450 ἀπολωλὸς,
343 1399 402 1438 τὸν
430 1398 651 1447 ἀδικήσαντα
677 1398 800 1437 λοιπὸν
820 1397 879 1436 ἐπὶ
900 1401 1003 1450 ποινῇ
1024 1401 1058 1443 ἐς
1076 1399 1115 1438 τὸ

63 1457 247 1497 διπλάσιον
267 1460 318 1512 τῷ
337 1456 539 1511 ἠδικημένῳ
568 1450 656 1495 εἶναι
685 1456 885 1496 ὑπεύθυνον.
912 1456 997 1505 Ὡς,
1027 1457 1060 1496 εἴ
1075 1474 1115 1510 γε

62 1515 153 1566 μηδὲ
178 1516 270 1555 οὕτω
299 1516 410 1570 πέρας
435 1515 522 1564 ἕξοι,
552 1515 747 1564 διετυπώθη
782 1515 823 1554 τὸ
853 1519 981 1554 πονοῦν
1012 1516 1115 1569 μέρος

61 1574 253 1648 πρεσὸείαν
285 1574 479 1614 στέλλεινε
461 1590 508 1618 ως
531 1573 590 1612 τὸν
623 1574 771 1626 βασιλέα
802 1578 863 1613 τοῦ
883 1575 1113 1649 ἠδικηκότος.

62 1634 154 1673 Εἶτα
174 1634 204 1672 εἷ
227 1631 358 1683 μηδὲε
344 1633 413 1671 υπὸ
431 1636 494 1672 τοῦ
513 1633 684 1683 βασιλέως
705 1632 892 1683 γενήσεταί
914 1635 945 1672 οι
964 1633 1003 1672 τὸ
1023 1635 1114 1673 ἀπο-

60 1693 157 1744 χρῶν
176 1691 237 1731 καὶ
254 1693 396 1731 διπλοῦν
409 1707 450 1731 το
464 1691 613 1744 ὀφληθὲν
630 1692 851 1746 ἀναλήψεται
865 1691 955 1731 κατὰ
974 1692 1012 1731 τὸ
1030 1695 1115 1746 ὡρι-

61 1749 189 1801 σμένον
219 1750 312 1795 ἕντὸς
339 1752 495 1789 ἐνιαυτοῦ
508 1781 519 1802 ,
547 1750 627 1789 ὅσον
657 1751 711 1789 ἐπ’
739 1750 857 1804 ἐκείνῳ
885 1753 935 1803 τῷ
965 1751 1115 1803 δόγματι

61 1808 276 1849 διαλελύσθω
295 1808 339 1848 τὰ
352 1812 420 1848 τῶν
439 1810 611 1849 σπονδῶν.
637 1809 812 1862 Δευτέραν
824 1809 908 1862 πρὸς
924 1812 968 1862 τῇ
984 1810 1112 1862 δεκάτῃ

62 1870 187 1921 μοῖραν
201 1870 270 1907 τῶν
280 1869 438 1908 σπονδῶν
447 1867 676 1915 κατανοήσεις
689 1868 751 1912 τὰς
763 1868 848 1920 πρὸς
863 1868 964 1907 oebv‘
956 1869 1114 1917 ικετείας,

61 1925 114 1964 ἔτι
131 1942 169 1965 τε
186 1927 246 1965 καὶ
262 1927 323 1972 τὰς
341 1926 446 1979 ἀρὰς,
466 1931 536 1965 οἱον
551 1943 601 1979 τῳ
617 1928 680 1977 μὲν
698 1926 876 1980 στέργοντι
893 1926 955 1973 τὴν
973 1927 1113 1979 εἰρήνην

62 1988 151 2023 εἶναι
166 1985 224 2024 τὸν
243 1986 317 2024 θεον
342 1984 447 2024 ι’λεών
466 2000 504 2024 τε
538 1986 599 2023 καὶ
619 1985 806 2038 ξύμμαχον
825 1985 882 2023 διὰ
899 1986 1045 2034 παντὸς,
1063 2002 1114 2023 τω

2141 209 2214 244 213

1169 284 1206 323 δὲ
1226 285 1399 338 ἀπατηλω
1418 300 1485 323 των
1506 300 1543 324 τε
1573 286 1839 336 εμπεδωθέντων
1860 290 2061 342 νεοχμῶσαί
2081 307 2114 330 τι
2135 295 2226 344 βου-

1169 343 1305 395 λομένῳ
1330 343 1388 382 τὸν
1417 343 1490 382 θεὸν
1514 343 1654 383 ἔσεσθαι
1678 345 1869 385 ἀντίπαλόν
1895 364 1933 386 τε
1960 365 2019 387 και
2035 349 2216 400 πολέμιον.

1169 402 1282 454 Τρίτη
1300 402 1386 454 πρὸς
1405 405 1448 453 τῇ
1467 403 1596 455 δεκάτῃ
1616 406 1685 442 τῶν
1703 405 1964 455 νομισθέντων’
1955 406 2054 458 ισχυς
2066 438 2075 455 ,
2092 424 2221 483 πεντη-

1170 460 1390 504 κοντούτιδας
1403 465 1492 499 εἰναι
1505 460 1566 505 τὰς
1580 461 1743 510 σπονδὰς,
1757 464 1929 515 ἐρρῶσθαί
1942 481 1979 502 τε
1993 465 2037 503 τὰ
2053 470 2113 513 τῆς
2124 468 2220 520 εἰρή-

1169 534 1230 565 νης
1241 518 1518 566 ἕπὶπεντήκοντα
1527 520 1717 572 ἐνιαυτούς,
1730 522 1985 572 ἀριθμουμένου
1997 527 2057 561 τοῦ
2066 526 2221 564 ἐνιαυτοῦ

1171 577 1305 616 κατὰ
1274 593 1313 616 το
1325 579 1471 631 ἀρχαῖον
1484 578 1568 628 ἔθος,
1583 578 1766 618 endem*
1747 595 1841 624 ετους
1855 583 1898 632 τῇ
1909 586 2154 635 τριακοσιοστῇ
2162 583 2223 621 καὶ

1171 635 1341 690 ἑξηκοστῇ
1355 637 1416 675 καὶ
1431 637 1578 690 πέμπτῃ
1593 638 1709 692 ἡμέρᾳ
1722 638 1998 691 περατουμένου.
2014 640 2175 693 Ἰσχῦσαι
2186 640 2224 679 δὲ

1171 694 1232 733 καὶ
1250 699 1375 746 τοῦτο,
1394 695 1521 734 καθὰ”
1502 711 1604 749 εφην,
1625 696 1716 735 ὥστε
1737 697 1772 742 ἐξ
1789 699 1918 751 ἀμφοῖν
1944 700 2223 749 ἀποκομισθῆναι

1172 752 1379 798 συλλαὸὰς’
1363 759 1495 802 εκεῖσε,
1510 753 1716 802 δηλούσας“
1698 772 1744 799 ως
1755 756 1856 795 nott*
1834 772 1941 810 αμφω
1956 757 2094 810 στέρξαι
2111 762 2223 797 ταῦτα

1173 812 1226 865 ἐφ’
1242 816 1291 857 οἷς
1304 812 1523 851 ἐὸεὸαίωσαν
1538 815 1569 851 οἱ
1580 813 1758 866 πρέσὸεις.
1771 813 1890 867 Περας
1899 831 1937 853 τε
1949 816 1983 854 δ
1970 815 2143 865 ξαμένων
2154 819 2224 855 τῶν

1174 873 1365 919 συνθηκῶν,
1376 871 1610 919 ἀντεδόθησαν
1623 873 1660 910 αἱ
1673 872 1860 924 λεγόμεναι
1874 873 2015 927 σάκραι.
2029 874 2174 914 Τούτων
2189 873 2225 913 δὲ

1175 930 1346 975 δοξάντων
1361 929 1421 968 καὶ
1435 931 1773 984 ἷσχυροποιηθέντων
1787 932 1885 976 ἐκτὸς
1902 933 2066 984 ἐνομίσθη
2085 932 2128 971 τὰ
2144 933 2224 985 περὶ

1173 991 1242 1027 τῶν
1263 990 1299 1027 ἐν
1320 988 1467 1041 Περσίδι
1482 990 1725 1043 Χριστιανῶν,
1746 991 1838 1029 ὥστε
1851 991 1911 1030 καὶ
1927 991 2011 1036 νεὼς
2030 993 2224 1043 οἰκοδομεῖν

1174 1047 1235 1086 καὶ
1264 1048 1472 1093 ἐπιθειάζειν
1498 1055 1588 1101 σφᾶς
1613 1049 1747 1101 ἀδεῶς,
1781 1050 1842 1089 καὶ
1872 1050 1951 1096 τοὺς
1979 1050 2227 1104 χαριστηρίους

1175 1106 1327 1158 ὕμνους,
1355 1106 1446 1145 καθὰ
1472 1106 1672 1158 νενόμισται
1699 1112 1798 1159 ἡμῖν,
1827 1108 2015 1154 ἀκωλύτως
2039 1111 2224 1160 ἐπιτελεῖν,

1176 1164 1268 1203 ἀλλὰ
1299 1164 1369 1217 γὰρ
1407 1165 1497 1213 μήτε
1528 1167 1855 1218 καταναγκάζεσθαι
1887 1167 2040 1219 μαγικήν
2072 1167 2227 1218 μετιέναι

1175 1224 1375 1276 θρησκείαν,
1406 1224 1495 1275 μήτε
1516 1224 1587 1275 μὴν
1611 1227 1806 1264 θεοκλυτεῖν
1827 1226 1996 1271 ἀκουσίως
2023 1226 2102 1271 τοὺς
2129 1227 2228 1279 παρὰ

1176 1283 1312 1330 Μήδοις
1343 1284 1610 1335 νενομισμένους
1639 1284 1750 1328 θεούς.
1775 1284 1848 1324 Καὶ
1879 1287 1910 1324 οἱ
1940 1286 2147 1338 Χριστιανοὶ
2167 1286 2226 1335 δὲ,

1176 1341 1269 1380 ὥστε
1294 1342 1423 1389 ἥκιστα
1446 1344 1507 1381 καὶ
1527 1342 1597 1381 οἵδε
1618 1345 1776 1396 τολμῷεν
1800 1344 2020 1395 μετατιθέναι
2043 1345 2175 1397 μάγους
2194 1347 2229 1390 ἐς

1175 1399 1239 1448 τὴν
1254 1404 1331 1439 καθ’
1348 1403 1443 1452 ἡμᾶς
1457 1400 1571 1446 δόξαν.
1589 1401 1824 1455 Ἐκράτησε
1807 1402 1843 1441 οὲ
1859 1402 1951 1442 ὥστε
1966 1404 2027 1442 καὶ
2045 1404 2125 1448 τους
2141 1403 2228 1451 θνή-

1176 1475 1323 1504 σκοντας
1338 1465 1409 1504 τοῖς
1426 1461 1681 1513 Χριστιανοῗς’
1666 1463 1722 1499 επ’
1741 1461 1898 1506 ἐξουσίας
1914 1457 2002 1500 εἶναι
2023 1464 2167 1502 θάπτειν
2187 1464 2225 1500 ἐν

1175 1518 1317 1572 τάφοις,
1336 1523 1358 1571 ᾑ
1381 1519 1583 1570 νενόμισται
1605 1522 1690 1573 παρ’
1712 1523 1810 1570 ἡμῖν.
1832 1521 1975 1560 Τούτων
1995 1521 2086 1560 οὕτω
2102 1537 2187 1575 προε
2173 1523 2230 1560 ε)-

1175 1577 1302 1616 θόντων
1320 1578 1380 1616 καὶ
1399 1579 1435 1616 ἓν
1458 1577 1584 1632 κόσμω
1601 1579 1662 1617 καὶ
1675 1578 1770 1624 τάξει
1786 1579 1997 1630 γενομένων,
2020 1580 2095 1618 ἕπει
2113 1579 2231 1618 ἀνεδέ-

1176 1634 1279 1680 ξαντο
1292 1635 1375 1686 οἵγε
1395 1638 1429 1680 ἐς
1442 1640 1544 1676 τοῦτο
1558 1637 1764 1689 τεταγμένοι
1780 1637 1842 1682 τὰς
1855 1637 2034 1682 συλλαὸὰς
2047 1644 2119 1677 τοῖν
2137 1640 2229 1677 δυοῖν

1179 1693 1342 1747 βιὸλίοιν,
1359 1694 1419 1733 καὶ
1440 1695 1696 1749 ἀπηκρίὸωσαν
1715 1698 1765 1750 τῷ
1786 1697 1961 1750 ἰσορρόπῳ
1980 1713 2016 1735 τε
2037 1699 2097 1736 καὶ
2116 1699 2231 1737 ἰσοδυ-

1176 1752 1278 1804 νάμῳ
1295 1754 1365 1790 τῶν
1387 1755 1557 1806 ῥημάτων
1574 1753 1618 1792 τὰ
1639 1754 1891 1806 ἐνθυμήματα,
1906 1755 2030 1794 αὐτίκα
2062 1755 2134 1807 οἵγε
2157 1756 2231 1795 ἶσό-

1174 1826 1292 1864 γραφα
1306 1810 1408 1865 ἔτερα
1428 1812 1623 1852 ἐπετέλουν.
1634 1812 1707 1853 Και
1723 1813 1767 1851 τὰ
1784 1814 1847 1864 μὲν
1864 1813 2056 1867 κυριώτερα
2074 1814 2228 1862 ξυνειλη-

1175 1870 1278 1909 θέντα
1295 1886 1333 1909 τε
1353 1872 1413 1909 καὶ
1431 1871 1797 1926 κατασφαλισθέντα’
1782 1874 1979 1924 εκμαγείοις
1997 1889 2033 1912 τε
2051 1874 2223 1948 κῃρίνοις,

1174 1928 1301 1982 ἑτέροις
1319 1945 1356 1968 τε
1373 1934 1422 1973 οἷς
1449 1929 1592 1969 εἷωθασι
1618 1930 1756 1984 Πέρσαι
1781 1935 1956 1984 χρησθαι,
1987 1933 2047 1971 καὶ
2069 1933 2227 1971 ἐκτυπώ-

1176 2002 1265 2037 μασι
1283 1988 1479 2027 δακτυλίων
1496 1989 1562 2027 ὑπὸ
1578 1991 1647 2027 τῶν
1667 1989 1899 2042 πρέσὸεων,”
1882 2006 1931 2029 ετι
1951 1991 2020 2042 μὴν
2040 2008 2100 2030 και
2121 1994 2229 2044 ἑρμη·

62 2096 225 2130 lacessitos
237 2097 350 2130 eodem
365 2099 449 2130 statu
467 2105 598 2130 manere
608 2122 617 2138 ‚
630 2098 668 2130 ut
686 2097 748 2130 illis
760 2107 890 2141 quoque
903 2106 982 2139 pace
995 2098 1057 2130 frui
1077 2098 1120 2131 li·-

62 2150 153 2190 ceat;
178 2150 303 2183 decimo
330 2151 402 2183 loco
418 2151 551 2183 cautum
568 2151 617 2183 est
643 2159 685 2183 ne
708 2159 823 2191 magna
844 2151 981 2183 militum
999 2158 1120 2183 manus

64 2204 166 2234 Daras
178 2202 265 2234 ultra
285 2210 384 2241 quam
398 2201 608 2235 custodiendo
627 2202 746 2243 oppido
767 2203 843 2235 satis
858 2202 919 2243 sit,
931 2204 1118 2244 conveniat,

62 2263 168 2296 neque
177 2254 245 2287 dux
261 2255 402 2287 Orientis
413 2255 498 2288 circa
512 2263 550 2288 ea
563 2255 636 2287 loca
649 2258 881 2296 commoretur,
898 2264 939 2288 ne
949 2256 1028 2288 fiant
1044 2256 1119 2290 inde

62 2307 269 2340 excursiones
285 2309 328 2340 -in
352 2310 464 2342 Persas
491 2309 525 2341 et
551 2308 668 2342 damna
694 2308 757 2342 illis
784 2309 974 2342 inserantur.
998 2310 1119 2349 Quodsi

63 2360 145 2402 quid
156 2360 220 2393 tale
235 2360 421 2402 contigerit,
435 2362 594 2394 statutum
619 2362 668 2394 est
689 2363 726 2394 ut
746 2362 916 2402 praefectus
934 2364 1036 2395 Daras
1059 2372 1118 2404 op·

65 2412 129 2453 pidi
141 2412 296 2444 damnum
309 2413 471 2454 rependat.
483 2412 661 2446 Undecima
678 2413 806 2446 foederis
816 2413 958 2446 conditio
969 2414 1039 2447 haec
1049 2416 1097 2447 est
1109 2424 1117 2446 :

66 2464 175 2498 Sinna
188 2465 301 2497 civitas
310 2465 403 2498 alteri
415 2465 609 2498 detrimento
623 2466 732 2506 suerit,
742 2467 776 2498 et
788 2475 997 2508 quocumque
1008 2467 1119 2507 modo,

64 2523 130 2548 non
145 2516 286 2557 legitimo
310 2516 396 2549 bello
407 2540 416 2556 ,
432 2525 537 2558 neque
549 2517 709 2549 exercitus
721 2517 773 2558 vi,
787 2517 844 2550 sed
857 2517 932 2550 dolo
945 2520 977 2551 et
990 2518 1119 2552 clande-

64 2567 148 2600 stina
161 2568 325 2601 invasione
337 2568 492 2600 damnum
507 2569 652 2601 intulerit
664 2570 760 2609 (sunt
770 2570 858 2602 enim
870 2570 964 2602 multi
976 2571 1120 2604 homines

65 2619 107 2652 ad
115 2619 299 2660 hujusmodi
310 2620 448 2654 facinora
458 2621 670 2663 perpetranda
680 2622 856 2656 admodum
870 2624 1040 2665 proclives,
1052 2634 1120 2666 qno

66 2671 141 2705 belli
153 2672 227 2706 inde
240 2674 365 2706 occasio
377 2674 543 2715 oriatur),
557 2675 715 2708 statutum
727 2676 777 2708 est
796 2676 832 2708 nt
850 2676 883 2709 in
899 2677 1056 2717 ejusmodi
1077 2677 1121 2710 in-

64 2725 166 2766 iurias
193 2726 359 2767 diligenter
380 2726 573 2768 inquiratur,
590 2729 624 2760 et
644 2727 790 2769 judices,
819 2730 875 2770 qui
902 2729 935 2762 in
951 2730 1121 2771 utriusque

66 2777 154 2818 tegni
170 2777 313 2810 confiniis
325 2778 390 2818 juri
411 2778 553 2811 dicundo
569 2781 644 2812 sunt
659 2780 833 2821 praepositi,
854 2781 888 2813 in
902 2789 957 2814 eos
977 2782 1120 2814 animad-

65 2829 205 2861 vertant.
213 2830 275 2868 Qui
283 2830 309 2863 si
317 2830 500 2864 coercendis
508 2830 719 2864 finitimorum
729 2832 866 2866 dissidiis
873 2842 938 2866 non
945 2842 981 2866 sn
987 2834 999 2866 s
999 2834 1120 2876 sicient,

67 2880 209 2913 sancitur
223 2882 262 2914 ut
276 2882 466 2924 disceptatio
485 2883 528 2916 ad
554 2884 742 2925 praesectum
765 2885 905 2918 Orientis
919 2886 1119 2919 transmitta-

66 2932 139 2972 tur;
153 2931 208 2973 qui
223 2932 251 2966 si
274 2934 357 2966 intra
374 2942 434 2967 sex
448 2943 574 2968 menses
595 2936 850 2969 concertationes
864 2937 935 2970 illas
951 2946 1016 2970 non
1038 2946 1120 2971 rese-

68 2984 190 3023 cuerit,
218 2984 251 3017 et
277 2984 396 3018 damno
413 2986 549 3019 affectus
570 2990 648 3023 non:
670 2988 826 3028 receperit
847 2988 935 3029 quod
962 2989 1120 3030 perdidit,

68 3042 143 3067 eum
159 3035 215 3076 qui
231 3035 381 3076 injuriam
391 3037 519 3078 intulit,
532 3037 711 3070 obnoxium
725 3039 793 3072 sore
806 3039 899 3073 alteri
915 3040 947 3071 in
964 3039 1099 3081 duplum
1109 3065 1118 3074 .

71 3085 104 3118 Si
122 3094 163 3118 ne
177 3087 223 3119 sic
238 3087 368 3128 quidem
382 3097 433 3122 res
451 3089 548 3122 tinem
572 3090 749 3131 acceperit,
780 3099 856 3132 pars
879 3099 954 3132 qnae
969 3100 1120 3133 oppressa

70 3137 166 3170 suerit
184 3138 374 3179 legationem
397 3133 510 3173 mittat
528 3140 569 3173 ad
586 3150 692 3183 regem
708 3142 778 3182 ejus
795 3143 850 3183 qui
873 3142 940 3175 vim
960 3143 1082 3184 fecerit,
1098 3152 1118 3176 a

70 3196 137 3229 quo
157 3198 229 3230 rege
241 3190 396 3223 damnum
414 3192 440 3224 si
461 3200 527 3224 non
545 3192 751 3234 rependatur,
768 3201 875 3235 neque
890 3193 1052 3235 duplicem
1070 3195 1118 3228 in·

69 3239 162 3280 iuriae
181 3243 415 3276 restitutionem
432 3245 528 3278 laesus
545 3245 631 3278 intra
651 3246 877 3287 praescriptum
896 3247 972 3279 anni
989 3247 1120 3288 tempus

72 3292 226 3334 accipiat,
242 3294 346 3327 foedus
366 3295 430 3328 hoc
446 3296 577 3337 quidem
591 3297 695 3338 eapite
709 3297 867 3330 violatum
891 3298 964 3331 erit.
987 3300 1026 3331 In
1041 3298 1119 3331 duo·

73 3342 197 3377 decima
210 3345 366 3380 foederum
379 3351 470 3389 parte
486 3349 608 3382 videbis
622 3349 663 3382 ad
674 3349 771 3382 deum
786 3359 912 3391 preces,
931 3352 964 3384 et
976 3359 1119 3384 exsecra·

73 3394 174 3430 tiones
185 3406 332 3440 quoque,
349 3400 472 3434 scilicet
491 3401 527 3434 ut
541 3401 621 3435 deus
633 3409 747 3442 pacem
771 3402 889 3435 colenti
904 3403 945 3435 sit
964 3403 1120 3444 propitius

1179 2100 1213 2132 et
1229 2101 1404 2141 perpetuus
1419 2100 1548 2141 adjutor
1566 2103 1698 2134 :contra
1714 2101 1883 2143 decipienti
1900 2104 1932 2136 et
1945 2102 2065 2144 aliquid
2080 2104 2112 2136 in
2126 2104 2234 2136 condi-

1179 2151 1323 2184 tionibus
1339 2161 1460 2185 novare
1477 2153 1618 2194 cupienti
1642 2154 1743 2187 hostis
1758 2155 1791 2187 et
1812 2154 1973 2187 inimicus,
2002 2155 2111 2188 Tertio
2123 2158 2155 2188 et
2178 2156 2232 2188 de-

1179 2202 1265 2235 cimo
1278 2204 1382 2244 capite
1397 2204 1537 2244 additur,
1563 2204 1852 2247 quinquagenarias
1867 2215 1935 2239 esse
1957 2207 2136 2248 pactiones,
2151 2210 2184 2240 et
2200 2208 2234 2240 in

1179 2254 1412 2296 quinquaginta
1428 2264 1529 2288 annos
1546 2256 1663 2289 durare
1687 2265 1800 2298 pacem
1816 2270 1827 2290 a
1849 2266 1971 2290 annum
1997 2259 2234 2292 numerandum

1179 2317 1247 2341 esse
1256 2333 1265 2349 ,
1277 2309 1453 2341 secundum
1468 2318 1591 2342 morem
1605 2310 1775 2352 antiquum
1785 2335 1795 2351 ,
1807 2311 1862 2352 qui
1875 2311 2068 2344 terminatur
2078 2313 2234 2345 trecente-

1178 2360 1261 2394 simo
1286 2362 1486 2402 sexagesimo
1513 2362 1627 2403 quinto
1652 2362 1715 2396 dle.
1744 2362 1829 2395 lllud
1855 2372 1987 2406 quoque
2011 2363 2158 2398 obtinere
2169 2390 2179 2406 ,
2195 2366 2235 2398 ut

1182 2414 1348 2455 utrimque
1358 2440 1368 2456 ,
1383 2414 1478 2447 sicuti
1492 2414 1616 2447 dietum
1631 2415 1717 2455 erat,
1732 2415 1926 2448 afferrentur
1941 2417 2056 2450 litterae
2066 2442 2076 2459 ‚
2093 2427 2167 2459 quae
2183 2419 2235 2451 de-

1178 2466 1358 2507 clararent,
1382 2466 1558 2508 utrumque
1579 2475 1686 2509 regem
1708 2468 1886 2509 approbare
1910 2477 1950 2502 ea
1973 2478 2047 2510 quae
2075 2479 2094 2502 a
2124 2470 2236 2511 legatis

1178 2519 1266 2560 gesta
1277 2519 1504 2560 transactaque
1520 2521 1634 2552 essent.
1658 2520 1850 2553 constitutis
1865 2521 1961 2562 igitur
1974 2523 2062 2563 pacis
2080 2523 2234 2556 conditio-

1178 2570 1292 2611 nibus,
1318 2571 1434 2603 mutno
1456 2571 1533 2603 sunt
1553 2571 1683 2604 traditae
1699 2580 1774 2612 quae
1796 2574 1954 2606 vocantur
1970 2582 2090 2609 sacrae.r
2111 2575 2168 2608 liis
2190 2576 2236 2609 ita

1178 2622 1314 2656 decretis
1325 2624 1358 2656 et
1367 2623 1566 2657 confirmatis
1575 2649 1586 2664 ,
1602 2625 1776 2665 separatim
1798 2626 1892 2667 pacta
1908 2627 1984 2659 sunt
1995 2627 2181 2669 interposita
2194 2628 2235 2661 de

1178 2674 1368 2708 Christianis
1399 2675 1456 2716 qui
1478 2676 1512 2707 in
1535 2676 1665 2709 Perside
1681 2677 1808 2717 vivunt,
1834 2678 1873 2710 ut
1895 2677 1960 2710 illis
1977 2678 2089 2712 liceret
2109 2681 2233 2721 templa

1179 2727 1365 2760 construere
1374 2751 1383 2767 ,
1398 2728 1431 2760 et
1441 2727 1509 2759 sine
1522 2727 1589 2759 ullo
1601 2727 1718 2761 timore
1727 2737 1818 2761 sacra
1829 2737 1979 2770 peragere
1987 2755 1998 2771 ,
2010 2731 2044 2763 et
2058 2732 2235 2772 gratiarum

1178 2783 1319 2815 actiones
1335 2791 1392 2823 per
1408 2782 1545 2823 hymnos
1556 2783 1617 2816 deo
1626 2808 1635 2824 ,
1655 2783 1738 2816 sicut
1747 2783 1833 2825 apud
1845 2791 1905 2816 nos
1919 2783 1988 2816 fieri
1998 2783 2091 2824 solet,
2106 2792 2233 2825 canere,

1178 2843 1261 2868 neve
1275 2835 1468 2876 cogerentur
1486 2836 1618 2877 magicis
1639 2836 1828 2869 ceremoniis
1843 2836 2017 2877 interesse,
2040 2838 2097 2869 ant
2119 2837 2235 2869 invitos

1179 2887 1286 2920 colere
1297 2889 1330 2920 et
1341 2888 1499 2928 venerari,
1518 2888 1575 2929 qui
1591 2888 1676 2929 apud
1692 2889 1804 2922 Medos
1816 2889 1952 2922 deorum
1968 2898 2105 2923 numero
2117 2890 2235 2923 liaben-

1179 2941 1245 2973 tur.
1260 2943 1372 2982 Neque
1386 2942 1497 2973 tamen
1518 2941 1591 2973 ideo
1604 2941 1775 2974 Christiani
1797 2941 1955 2975 auderent
1979 2943 2090 2975 conari
2112 2945 2236 2984 magica

1179 2993 1338 3024 sectantes
1355 2993 1386 3024 in
1408 2993 1553 3025 nostram
1566 2992 1752 3034 religionem
1769 2994 1965 3035 pertrahere.
1979 2994 2130 3026 Obtinuit
2152 3003 2234 3036 quo-

1179 3052 1243 3084 que
1258 3044 1295 3075 ut
1304 3043 1493 3076 Christianis
1508 3044 1649 3085 potestas
1660 3045 1742 3077 esset
1758 3045 1904 3077 mortuos
1918 3045 2071 3086 sepulcris
2081 3046 2215 3078 condere
2224 3070 2234 3086 ‚

1179 3094 1274 3127 sicuti
1295 3103 1365 3127 mos
1380 3095 1467 3136 apud
1482 3104 1542 3127 nos
1556 3095 1693 3128 obtinet.
1719 3098 1799 3129 Haec
1813 3105 1915 3138 quum
1931 3097 1977 3129 ita
1992 3097 2053 3129 rite
2071 3098 2104 3129 et
2123 3097 2236 3130 ordine

1178 3147 1266 3187 gesta
1281 3147 1567 3188 administrataque
1582 3148 1735 3188 fuissene,
1752 3148 1876 3181 litteras
1891 3149 1923 3181 lii
1934 3173 1946 3189 ,
1962 3149 2081 3190 quibus
2097 3149 2167 3189 ejus
2189 3151 2236 3182 rei

1180 3206 1258 3230 cura
1273 3198 1465 3231 demandata
1480 3199 1567 3239 erat,
1585 3198 1712 3232 duobus
1727 3199 1841 3232 libellis
1853 3201 2001 3233 exaratas
2012 3202 2232 3241 susceperunt,

1180 3250 1213 3282 et
1231 3258 1342 3282 earum
1365 3250 1432 3282 vim
1457 3251 1492 3283 et
1517 3259 1647 3283 sensum
1672 3251 1823 3283 accurate
1844 3251 1928 3283 inter
1945 3259 1981 3284 se
2008 3251 2232 3291 contulerunt,

1179 3309 1317 3341 quarum
1338 3301 1448 3333 statim
1463 3301 1565 3334 altera
1589 3302 1737 3342 exempla
1753 3301 1972 3334 confecerunt.
1988 3302 2030 3334 Et
2042 3301 2172 3342 quidem
2186 3310 2232 3333 eae

1178 3352 1315 3392 tabulae,
1325 3353 1442 3393 quibus
1454 3352 1577 3394 plenior
1595 3352 1672 3385 fides
1689 3352 1872 3393 haberetur,
1884 3352 2051 3392 diligenter
2066 3352 2231 3392 involutae,

1180 3406 1212 3438 et
1224 3405 1405 3438 securitatis
1421 3413 1518 3438 causa
1545 3413 1627 3439 cera.
1644 3404 1682 3438 et
1695 3404 1765 3438 aliis
1786 3403 1881 3438 rebus
1913 3411 1987 3446 quae
2007 3402 2093 3446 apud
2120 3404 2238 3437 Persas
