2326 3724
1013 195 1075 235 FR
1084 195 1342 236 AGMENTA.

82 282 136 322 ὅτι
154 298 193 334 γε
208 284 226 321 6
239 280 449 334 Θευδέριχος
465 282 527 327 τ’ἥς
541 279 727 325 ἐπιδουλῆς
744 277 900 324 Ζήνωνος
914 276 1129 328 αἰσθόμενος,

83 343 140 379 ἐπὶ
154 341 218 388 τὴν
239 340 475 394 πρεσὸυτέραν
497 339 641 389 Ῥώμην
663 339 854 389 ἀναχωρεῖ·
870 334 957 379 τινὲς
974 335 1010 373 δέ
1026 350 1129 389 φασιν

81 402 128 443 ὡς
147 400 206 438 καὶ
228 398 383 450 ὑποθήκῃ
412 397 582 445 Ζήνωνος.
607 395 678 436 Καὶ
706 394 895 447 Ὀδόακρον
917 393 1015 446 μάχῃ
1044 409 1129 445 κρα-

84 457 209 504 τήσας,
239 457 292 509 ὑφ’
314 456 434 494 ἑαυτὸν
455 455 517 501 τὴν
548 454 693 504 Ῥώμην
715 453 883 500 ποιεῖται,
904 454 993 505 ῥῆγα
1023 466 1130 503 προσ·

86 514 259 565 ονομάσας
290 513 425 553 ἑαυτόν.
457 514 512 553 Cf.
541 515 697 551 uberem
726 513 982 548 narrationem
1008 512 1129 547 Theo-

81 575 216 623 phanis
241 587 280 623 p.
312 586 382 622 197
415 586 500 621 sqq.
531 573 643 609 Plura
673 570 778 621 apud
805 571 1020 608 Tillemont.
1057 570 1126 615 VI,

81 646 122 681 p.
146 632 220 681 509
239 645 321 681 sqq.
342 631 418 681 519
435 644 518 680 sqq.

585 717 623 755 5.

137 807 242 844 Idem
264 808 347 852 ΙΙΙ,
372 818 422 854 29
448 820 458 842 ι
484 806 557 844 Τοῦ
580 802 738 850 Ζήνωνος
764 801 876 839 τοίνυν
904 801 1051 845 ἄπαιδος
1069 817 1128 839 τε-

88 864 316 909 λευτήσαντος
329 862 512 916 ἐπιληψίας
525 862 614 914 νόσῳ
634 860 723 912 μετὰ
746 860 891 910 ἕὸδομον
908 860 967 899 καὶ
983 859 1125 898 δέκατον

87 921 159 965 ἔτος
174 925 234 969 τῆς
251 923 355 959 αὐτοῦ
371 921 548 973 βασιλείας
558 950 568 969 ,
579 920 708 967 ἤλπισε
721 920 782 968 μὲν
796 921 962 970 Λογγῖνος
974 921 991 957 6
1004 919 1124 957 τούτου

87 979 230 1032 ἀδελφὸς
255 981 302 1023 εἷς
319 979 409 1030 μέγα
429 978 606 1029 δυνάμεως
621 977 918 1031 προκεχωρηκὼς,
939 977 1002 1024 τὴν
1024 981 1124 1030 βασι-

89 1038 185 1076 λείαν
200 1039 311 1090 ἑαυτῷ
326 1037 533 1090 περιθήσειν·
547 1038 585 1075 οὐ
601 1036 670 1087 μὴν
686 1039 752 1075 τῶν
768 1035 978 1083 δοκηθέντων
993 1036 1126 1088 ἔτυχεν.

91 1095 137 1134 ‘H
160 1095 228 1148 γὰρ
243 1095 404 1149 Ἀριάδνη
417 1095 631 1148 Ἀναστασίῳ
644 1094 702 1132 τὸν
719 1094 886 1148 στέφανον
900 1094 1128 1149 περιτίθησιν,

91 1152 187 1191 οὔπω
208 1152 269 1204 μὲν
287 1153 403 1200 ἥκοντι
419 1155 451 1197 ἐς
467 1153 659 1206 γερουσίαν,
681 1154 715 1191 ἐν
741 1152 777 1191 δὲ
800 1156 843 1204 τῇ
860 1153 1028 1204 λεγομένῃ
1060 1156 1127 1191 τῶν

90 1212 327 1263 σιλεντιαρίων
363 1213 474 1264 σχολῇ
505 1211 787 1264 καταλεγομένῳ.
820 1211 967 1263 Ἱστορεῖ
1001 1212 1036 1250 δὲ
1070 1206 1128 1250 οῧν

92 1271 110 1307 6
130 1270 319 1314 Εὖστάθιος
339 1269 428 1321 μετὰ
453 1270 514 1316 τὴν
535 1269 646 1323 ἀρχὴν
665 1273 726 1316 τῆς
744 1271 992 1317 Διοκλητιανοῧ
1023 1273 1129 1322 βασι-

90 1326 184 1371 λείας
215 1329 249 1372 ἐς
278 1328 341 1374 τὴν
374 1327 532 1374 Ζήνωνος
559 1328 722 1375 τελευτὴν
752 1328 811 1366 καὶ
845 1328 908 1374 τὴν
941 1328 1128 1380 ἀνάρρησιν

94 1385 320 1424 Ἀναστασίου
347 1385 407 1432 ἔτη
438 1386 580 1424 διελθεῖν
606 1385 694 1424 ἑπτὰ
712 1385 772 1424 καὶ
793 1386 969 1424 διακόσια·
996 1386 1065 1424 ἀπὸ
1094 1387 1130 1424 δὲ

92 1446 153 1490 τῆς
166 1443 365 1494 Αὐγούστου
378 1444 568 1496 μοναρχίας
579 1443 638 1492 ἔτη
652 1443 711 1483 δύο
722 1444 781 1483 καὶ
798 1445 829 1483 λ’
846 1444 904 1483 καὶ
919 1445 1131 1484 πεντακόσια

91 1502 175 1555 πρὸς
192 1501 297 1553 μησὶν
317 1501 421 1540 ἑπτά·
443 1503 511 1541 ἀπὸ
532 1502 567 1541 δὲ
588 1506 649 1550 τῆς
670 1502 890 1555 Ἀλεξάνδρου
922 1506 982 1540 τοῦ
1006 1505 1129 1542 Μακε-

93 1560 186 1604 δόνος
217 1562 328 1613 ἀρχῆς
358 1560 418 1608 ἔτη
454 1562 514 1600 δύο
544 1561 603 1600 καὶ
637 1561 823 1614 τριάκοντα
854 1561 914 1600 καὶ
942 1562 1130 1601 ὀκτακόσια

93 1618 219 1668 ὁμοίως
235 1619 320 1672 πρὸς
337 1619 441 1670 μησὶν
459 1619 560 1658 ἑπτά·
582 1622 621 1658 ἐκ
641 1620 676 1658 δὲ
696 1623 756 1667 τῆς
775 1622 842 1659 τῶν
863 1620 1050 1670 Ῥωμαίων
1071 1620 1131 1659 καὶ

91 1677 278 1727 Ῥωμύλου
309 1678 487 1729 βασιλείας
514 1678 573 1726 ἔτη
603 1678 663 1717 δύο
691 1678 751 1717 καὶ
778 1678 994 1725 πεντήκοντα
1022 1680 1129 1726 [add.

92 1735 151 1774 καὶ
170 1735 342 1783 διακόσια]
364 1736 423 1774 καὶ
439 1736 536 1788 χίλια
564 1736 624 1775 καὶ
643 1736 727 1789 πρός
742 1753 781 1788 γε
802 1740 913 1786 μ’ἧνας
932 1736 1038 1775 ἑπτά·
1064 1736 1133 1775 ἀπὸ

93 1794 128 1832 δὲ
147 1797 209 1841 τ’ῆς
225 1794 386 1839 ἁλώσεως
399 1795 528 1847 Τροίας
544 1795 605 1842 ἔτη
623 1795 657 1840 ἓξ
672 1795 731 1833 καὶ
748 1795 958 1845 ὀγδοήκοντα
978 1795 1038 1833 καὶ
1058 1795 1134 1842 ἑξη-

92 1853 194 1891 κόσια
212 1853 273 1892 καὶ
288 1853 385 1905 χίλια
402 1854 486 1906 πρὸς
506 1855 611 1904 μησὶν
631 1854 733 1893 ἑπτά.
753 1848 864 1898 Οὗτος
877 1857 894 1892 6
911 1854 1133 1897 Ἀναστάσιος

92 1910 244 1962 πατρίδα
254 1910 318 1958 τὴν
331 1911 546 1962 Ἐπίδαμνον
562 1911 663 1963 ἔχων,
678 1911 733 1963 [ἢ]
746 1911 941 1964 Δυρράχιον
954 1915 1013 1948 νῦν
1025 1926 1131 1962 προσ-

92 1967 297 2021 ηγόρευται,
327 1969 390 2016 τήν
419 1986 456 2008 τε
495 1969 653 2016 Ζήνωνος
685 1969 860 2021 βασιλείαν
894 1969 952 2007 καὶ
976 1968 1132 2020 γαμετὴν

92 2031 151 2065 τοῦ
183 2029 286 2066 αὐτοῦ
315 2028 495 2075 Ζήνωνος,
527 2028 589 2075 τὴν
619 2029 798 2080 Ἀριάδνην
818 2028 1037 2072 ἐσοικίζεται·
1073 2029 1132 2065 καὶ

94 2140 179 2180 ganti
189 2139 364 2172 admodum
377 2141 460 2182 stylo
478 2141 599 2173 caedem
623 2150 735 2173 eorum
752 2141 923 2179 describit,
943 2149 1025 2180 quos
1050 2142 1136 2172 Zeno

94 2191 263 2224 crudeliter
269 2192 485 2232 necarijussit,
493 2193 576 2224 hanc
587 2193 624 2224 iis
632 2192 811 2225 mercedem
822 2190 996 2231 rependens
1002 2191 1136 2223 benevo-

94 2242 200 2274 lentim
212 2251 276 2283 qua
286 2243 388 2284 ipsum
401 2244 559 2284 complexi
575 2244 699 2276 fuerant
713 2255 720 2275 ι
735 2244 766 2275 et
777 2242 940 2283 quomodo
962 2243 1136 2275 Tlieuderi-

99 2293 178 2325 chus
188 2317 198 2333 ‚
215 2303 318 2334 quum
329 2295 466 2327 Zenonis
478 2294 630 2327 adversus
652 2294 757 2335 ipsum
774 2294 903 2326 insidias
917 2295 1135 2335 comperisset,

95 2347 231 2378 Romam
244 2355 278 2379 se
290 2347 438 2380 contulit.
463 2348 525 2380 Alii
543 2347 656 2380 dicunt
677 2347 813 2379 Zenonis
830 2355 926 2378 suasu
942 2346 974 2378 id
996 2355 1015 2378 a
1033 2347 1136 2379 Theu-

95 2397 225 2430 dericho
236 2398 357 2430 sactum
366 2399 471 2445 fuisses
486 2399 548 2437 Qui
559 2400 704 2431 conserto
717 2398 828 2438 proelio
841 2407 940 2438 quum
955 2398 1137 2430 odoacrum

97 2454 296 2490 superasset,
314 2453 449 2483 Romam
473 2451 534 2483 sub
557 2451 748 2493 potestatem
771 2458 864 2482 suam
891 2450 1028 2491 redegit,
1057 2451 1139 2492 regis

97 2502 226 2534 nomine
237 2502 296 2534 sibi
308 2505 484 2544 assumpto.

140 2612 247 2648 Quum
261 2614 346 2643 Zeno
366 2612 436 2652 post
449 2612 620 2653 septimum
635 2612 794 2644 decimum
808 2611 931 2653 imperii
949 2611 999 2644 sui
1019 2620 1139 2644 annum

99 2671 141 2695 ex
153 2665 304 2697 comitiali
318 2665 431 2697 morbo
443 2665 562 2705 absque
574 2664 682 2697 liberis
693 2664 888 2705 decessisset,
902 2665 1060 2705 Longinus
1069 2664 1141 2705 qui·

100 2714 173 2746 dem
187 2716 256 2756 ejus
269 2717 378 2756 frater,
395 2717 452 2757 qui
466 2716 506 2748 ad
522 2725 670 2756 magnam
691 2716 867 2757 potentiam
886 2717 1094 2757 pervenerat,
1107 2716 1140 2747 in

101 2774 190 2806 spem
205 2768 293 2799 venit
306 2776 339 2799 se
352 2767 521 2808 imperium
545 2768 636 2799 facile
654 2770 885 2809 occupaturum
910 2776 988 2800 esse.
1006 2767 1070 2815 Sed
1091 2768 1140 2799 ta-

102 2826 176 2850 men
201 2818 267 2850 voti
291 2819 340 2851 sui
365 2819 613 2860 haudquaquam
635 2828 767 2861 compos
791 2820 895 2851 sactus
913 2820 972 2851 est.
1017 2819 1142 2851 Etenim

102 2870 237 2903 Ariadne
246 2880 396 2904 coronam
410 2872 561 2913 imposuit
579 2870 830 2912 Anastasimqui,
845 2872 987 2904 nondum
997 2872 1029 2904 in
1045 2881 1138 2904 sena-

101 2923 221 2955 torium
239 2923 382 2956 ordinem
403 2924 568 2964 adlectus,
592 2925 625 2956 in
641 2925 890 2957 silentiariorum
903 2926 1010 2957 adhuc
1034 2925 1143 2957 schola

103 2973 269 3006 militabat.
313 2977 413 3007 Porro
448 2976 634 3008 Eustathius
663 2977 774 3008 scribit
797 2976 838 3008 ab
858 2977 990 3008 exordio
1020 2976 1143 3017 imperii

105 3025 289 3058 Diocletiani
305 3026 344 3058 ad
357 3027 492 3059 Zenonis
504 3027 629 3059 obitum
655 3029 687 3059 et
706 3027 975 3068 nuncupationem
990 3028 1144 3060 Anastasii

107 3083 207 3109 annos
219 3076 348 3110 fluxisse
360 3081 435 3118 2073
454 3087 473 3110 a
486 3078 664 3119 principatu
678 3080 785 3111 autem
812 3079 944 3119 Augusti
958 3088 1058 3111 annos
1084 3083 1143 3112 532

106 3135 292 3169 mensesque
314 3131 435 3170 septem
445 3140 455 3169 3
481 3130 522 3161 ab
539 3130 708 3162 Alexandri
728 3131 835 3161 autem
853 3130 1033 3162 Macedonis
1049 3140 1144 3170 regno

106 3185 205 3210 annos
218 3182 279 3211 832
294 3181 325 3211 et
339 3189 463 3212 menses
473 3182 613 3221 septem;
628 3189 645 3212 a
659 3183 877 3212 Romanorum
894 3182 925 3213 et
943 3182 1072 3213 Romuli
1095 3191 1143 3213 re·

107 3237 168 3268 gno
181 3238 281 3262 annos
300 3235 377 3263 1252
392 3240 580 3272 mensesque
595 3234 738 3272 septem;
761 3241 781 3264 a
805 3231 908 3271 Trojae
927 3232 1064 3273 denique
1089 3241 1145 3264 ex·

109 3281 299 3320 pugnatione
311 3290 411 3314 anuos
432 3286 511 3315 1686
524 3292 599 3314 cum
609 3285 729 3323 septem
749 3283 922 3316 mensibus.
937 3284 997 3315 Hic
1013 3286 1146 3315 Anasta-

109 3331 186 3370 sius,
199 3333 288 3363 ortus
300 3341 340 3364 ex
355 3333 435 3365 urbe
448 3334 632 3374 Epidamno,
644 3343 717 3375 quac
729 3343 815 3366 nune
828 3335 1060 3375 Dyrrhachium
1071 3335 1147 3366 dici-

109 3383 173 3422 tur,
193 3383 360 3425 imperium
373 3385 510 3419 simulet
524 3381 659 3420 Zenonis
683 3396 818 3420 uxorem
833 3387 991 3420 Ariadnen
1014 3388 1146 3429 accepit.

2140 201 2209 236 141

1189 279 1311 329 πρῶτα
1331 275 1392 326 μὲν
1410 276 1577 326 Λογγῖνον
1595 276 1753 323 Ζήνωνος
1769 276 1928 330 ἀδελφὸν,
1942 277 2004 324 τὴν
2033 280 2092 316 τοῦ
2119 279 2228 330 μαγί-

1192 351 1294 387 στρου
1329 333 1442 386 ἀρχὴν
1471 333 1654 384 διέποντα,
1680 334 1716 372 ὃν
1746 334 1899 385 ἡγεμόνα
1925 338 1992 373 τῶν
2014 336 2048 373 ἐν
2067 339 2110 387 τῇ
2139 339 2229 388 αὐλῇ

1190 392 1318 437 τάξεων
1338 395 1368 430 οἱ
1394 392 1541 444 πρόσθεν
1563 392 1720 439 ἐκάλουν,
1739 391 1806 429 ἀνὰ
1831 391 1893 438 τὴν
1913 393 2143 443 ἐνεγκαμένην
2172 396 2230 433 ἐκ·

1189 451 1339 501 πέμπει·
1358 445 1432 490 εἶτα
1453 452 1489 489 δὲ
1516 451 1576 489 καὶ
1591 449 1737 494 πολλοὺς
1757 450 1891 502 ἑτέρους
1907 451 2103 504 Ἷσαύρους,
2130 457 2232 491 τοῦτο

1191 511 1288 556 δῆθεν
1307 509 1532 557 αἷτήσαντας.
1554 513 1656 547 Zeno
1677 518 1849 547 mortuus
1872 518 1927 547 est
1948 524 2005 548 an.
2028 515 2116 560 491.
2131 514 2231 549 Anni

1190 570 1421 618 epocharum
1432 596 1442 615 ‚
1459 582 1553 619 quas
1566 570 1750 618 Euagrius
1765 569 1874 605 affert·
1883 597 1893 614 ,
1907 581 2043 618 parum
2057 578 2232 607 accurate

1189 629 1322 666 notati.
1335 631 1392 665 De
1407 629 1580 677 Longino
1605 636 1690 673 etc.‚
1713 641 1749 665 v.
1770 628 1990 676 Theophan.
2005 641 2045 676 p.
2074 640 2149 664 210
2173 641 2230 676 sq.

1189 687 1404 725 Tillemont.
1421 688 1492 732 VI,
1507 699 1548 736 p.
1567 685 1642 723 533
1659 699 1738 734 seq.
1758 685 1832 729 542
1848 699 1906 735 sq.
1926 685 2003 730 648
2020 698 2079 735 sq.

1691 773 1728 812 6.

1242 861 1349 898 Idem
1364 863 1420 898 ΙΙΙ
1429 888 1440 907 ,
1458 860 1505 898 35
1521 873 1530 899 ε
1544 861 1622 899 Οὖκ
1638 858 1706 898 ἀπὸ
1721 859 1755 898 δὲ
1770 858 1898 911 τρόπου
1915 858 2083 910 (τόπουΡ)
2099 857 2176 897 καθ’
2189 857 2233 905 ἣν

1191 917 1359 970 ἐτύχομεν
1379 917 1752 970 προκαταὸεὸληκότες
1771 918 1975 970 ὑπόσχεσιν,
1992 916 2051 955 καὶ
2064 916 2108 955 τὰ
2128 915 2227 968 ἕτερα

1190 976 1294 1027 λόγου
1323 976 1402 1021 ἄξια
1430 976 1496 1014 ὑπὸ
1523 977 1594 1020 τοῖς
1621 975 1846 1014 Ἀναστασίου
1864 975 1999 1028 χρόνοις
2019 974 2231 1026 γεγενημένα

1191 1035 1341 1088 συνάψαι
1372 1038 1415 1088 τῇ
1447 1035 1596 1087 ἱστορία.
1634 1036 1818 1086 Λογγῖνος,
1847 1036 1864 1071 6
1881 1033 2039 1080 Ζήνωνος
2058 1032 2229 1083 ὅμαιμος,

1189 1093 1252 1140 τὴν
1265 1092 1566 1145 ἐνεγκαμένην,ὡς
1580 1093 1840 1145 προδεδήλωται
1856 1091 2124 1145 (προδεδήγηται
2138 1092 2231 1141 vg),

1192 1151 1426 1204 κατειληφὼς,
1446 1151 1505 1189 τὸν
1523 1151 1609 1203 πρὸς
1627 1150 1685 1189 τὸν
1705 1151 1944 1203 αὐτοκράτορα
1967 1150 2120 1200 πόλεμον
2149 1151 2230 1187 ἀνα-

1191 1210 1319 1264 φανδὸν
1348 1208 1597 1255 ἀναζώννυται.
1620 1209 1692 1249 Καὶ
1722 1211 1859 1248 πολλῶν
1892 1209 1984 1248 ἔνθεν
2008 1224 2047 1247 τε
2074 1209 2233 1246 κάκεῖθεν

1191 1268 1502 1321 συναθροισθέντων
1532 1268 1726 1319 δυνάμεων,
1750 1270 1826 1319 μεθ’
1845 1272 1892 1306 ὧν
1912 1267 1971 1306 καὶ
1992 1266 2112 1306 Κόνων
2133 1265 2232 1317 ἐτύγ·

1189 1343 1295 1379 χανεν
1326 1326 1387 1374 ὢν,
1419 1327 1604 1370 ἐπίσκοπος
1632 1330 1693 1372 τῆς
1726 1328 1760 1364 ἐν
1796 1326 1969 1378 Ἀπαμείᾳ
2003 1328 2070 1363 τῶν
2109 1325 2232 1378 Σύρων

1190 1385 1361 1437 ἐπαρχίας
1381 1384 1547 1437 γεγονὼς,
1574 1385 1643 1428 τοῖς
1670 1384 1839 1436 Ἰσαύροις
1869 1387 1916 1428 ὡς
1943 1383 2106 1436 Ἴσαυρος
2135 1398 2234 1421 συνε-

1192 1443 1402 1495 στράτευσε,
1434 1444 1529 1486 τέλος
1568 1443 1756 1481 ἐπιτίθεται
1789 1446 1840 1496 τῷ
1873 1443 2038 1495 πολέμῳ,
2071 1444 2140 1480 τῶν
2172 1441 2234 1492 μὲν
2277 1473 2279 1475 ,

1191 1501 1219 1539 Ἰ
1225 1499 1362 1552 σαύρων
1371 1504 1438 1539 τῶν
1448 1502 1776 1553 συστρατευσάντων
1787 1504 1836 1553 τῷ
1848 1501 2006 1554 Λογγίνῳ
2014 1499 2234 1552 πανωλεθρίᾳ

1191 1560 1405 1612 φθαρέντων,
1425 1562 1493 1597 τῶν
1522 1559 1558 1598 δὲ
1585 1561 1744 1612 κεφαλῶν
1769 1559 1939 1610 Λογγίνου
1965 1559 2024 1598 καὶ
2050 1557 2235 1610 Θεοδώρου

1192 1618 1278 1668 πρὸς
1299 1618 1461 1657 Ἰωάννου
1490 1622 1549 1656 τοῦ
1571 1617 1706 1657 Σκύθου
1728 1619 1920 1656 σταλεισῶν
1949 1617 2014 1655 ἀνὰ
2039 1616 2102 1664 τὴν
2135 1620 2236 1669 βασι-

1193 1677 1278 1721 λέως
1295 1677 1412 1715 πόλιν·
1434 1675 1473 1720 ἃς
1494 1676 1553 1715 καὶ
1574 1678 1608 1714 ἐν
1629 1676 1760 1720 κόντοις
1779 1675 2014 1729 περιαρτήσας
2033 1679 2051 1714 6
2076 1674 2236 1728 βασιλεὺς

1192 1737 1227 1773 ἐν
1245 1741 1322 1779 ταῖς
1340 1733 1572 1785 καλουμέναις
1594 1737 1725 1778 Συκαῖς
1751 1734 1937 1788 ἀντιπέραν
1959 1738 2019 1780 τ’ἧς
2044 1737 2236 1774 Κωνσταν-

1194 1794 1287 1832 τίνου
1306 1792 1482 1843 κειμέναις
1499 1793 1715 1845 ἐπῃώρησεν,
1733 1793 1797 1840 ἡδὺ
1815 1796 1930 1844 θέαμα
1949 1799 2019 1837 τοῖς
2040 1792 2238 1837 Βυζαντίοις

1196 1853 1270 1889 ἀνθ’
1293 1845 1340 1889 ὧν
1360 1854 1474 1895 κακῶς
1500 1852 1586 1903 πρὸς
1606 1851 1764 1898 Ζήνωνος
1785 1851 1844 1890 καὶ
1863 1854 1930 1890 τῶν
1957 1851 2123 1904 Ἰσαύρων
2152 1852 2237 1894 ἐπε-

1194 1910 1378 1950 πόνθεσαν.
1398 1910 1468 1949 Καὶ
1485 1912 1503 1947 6
1523 1909 1636 1962 ἕτερος
1655 1911 1690 1948 δὲ
1708 1911 1872 1961 Λογγῖνος
1889 1909 1926 1947 τὸ
1942 1910 2030 1948 πολὺ
2046 1913 2106 1955 τῆς
2118 1924 2239 1961 τυραν-

1193 1969 1284 2013 νίδος
1303 1968 1456 2021 συνέχων
1475 1971 1492 2006 6
1511 1968 1658 2015 ἐπίκλην
1685 1968 1936 2015 Σελινούντιος,
1961 1968 2021 2006 καὶ
2041 1966 2157 2014 Ἴνδης
2176 1966 2237 2005 σὺν

1197 2029 1312 2080 αὐτῷ,
1339 2028 1424 2079 πρὸς
1445 2027 1608 2066 Ἰωάννου
1634 2031 1695 2065 τοῦ
1716 2026 1861 2074 ἐπίκλην
1888 2030 2013 2079 κυρτοῦ
2040 2025 2239 2065 στέλλονται

1198 2143 1242 2172 Ac
1268 2140 1407 2180 primum
1424 2140 1555 2180 quidem
1577 2140 1774 2180 Longinum,
1789 2139 1923 2171 Zenonis
1939 2140 2068 2171 fratrem
2079 2163 2087 2178 ,
2102 2138 2156 2180 qui
2173 2147 2239 2170 ma-

1198 2191 1286 2231 gistri
1299 2191 1483 2231 dignitatem
1500 2191 1650 2231 gerebat,
1666 2200 1764 2231 quem
1776 2191 1898 2231 antiqui
1913 2192 2097 2232 praefectum
2120 2190 2239 2222 officio-

1197 2252 1269 2274 rum
1279 2243 1387 2283 palatii
1400 2243 1613 2284 appellabant,
1629 2243 1661 2274 in
1672 2243 1808 2284 patriam
1828 2243 2024 2274 amandavit.
2042 2242 2152 2274 Multis
2162 2242 2240 2274 item

1198 2294 1268 2326 aliis
1282 2295 1400 2326 Isauris
1409 2319 1418 2335 ,
1431 2295 1486 2336 qui
1499 2294 1540 2326 ab
1556 2294 1624 2335 ipso
1640 2294 1671 2326 id
1691 2294 1862 2335 petebant,
1877 2293 1918 2326 ad
1929 2303 2004 2326 suos
2017 2293 2170 2326 redeundi
2183 2302 2242 2326 co-

1198 2346 1283 2387 piam
1294 2346 1380 2378 fecit.

1694 2401 1730 2434 6.

1239 2456 1309 2487 Non
1328 2454 1369 2487 ab
1382 2463 1417 2487 re
1438 2454 1553 2494 fuerit,
1573 2455 1598 2486 si
1614 2463 1664 2487 res
1682 2463 1810 2496 quoque
1833 2455 1972 2495 ceteras,
1995 2462 2068 2495 quae
2087 2454 2242 2487 Anastasii

1197 2508 1395 2548 temporibus
1417 2508 1623 2548 acciderunt,
1639 2509 1732 2549 Juxta
1752 2508 1783 2540 id
1802 2509 1887 2549 quod
1911 2509 2005 2541 antea
2027 2508 2158 2550 polliciti
2185 2517 2242 2540 su-

1198 2568 1289 2599 mus,
1304 2560 1523 2592 subtexamus.
1544 2560 1724 2600 Longinus,
1743 2560 1876 2592 Zenonis
1891 2560 1999 2600 frater‚
2015 2569 2117 2601 quum
2137 2560 2169 2591 in
2186 2568 2241 2600 pa-

1198 2611 1292 2642 triam
1305 2620 1395 2643 suam
1406 2636 1415 2651 ,
1430 2611 1512 2644 sicut
1524 2613 1618 2643 autea
1634 2613 1845 2644 memoratum
1861 2613 1921 2652 est,
1932 2611 2122 2651 advenisset,
2138 2612 2242 2652 palam

1199 2662 1352 2695 adversus
1375 2663 1602 2703 imperatorem
1627 2663 1749 2694 bellum
1773 2663 1923 2704 suscepit.
1969 2663 2119 2695 Plurimis
2146 2663 2243 2702 igitur

1200 2715 1341 2747 collectis
1358 2717 1522 2756 utrimque
1550 2715 1666 2756 copiis,
1693 2716 1726 2747 in
1744 2716 1862 2756 quibus
1886 2717 1955 2748 erat
1978 2716 2075 2748 etiam
2108 2717 2242 2755 Conon,

1200 2769 1350 2808 Apameae
1362 2767 1396 2799 in
1409 2767 1500 2807 Syria
1514 2767 1591 2798 olim
1608 2767 1792 2807 episcopus,
1806 2767 1862 2807 qui
1876 2776 1940 2799 una
1953 2776 2029 2799 cum
2045 2767 2178 2806 isauris,
2189 2770 2242 2799 ut-

1201 2820 1275 2859 pote
1290 2820 1435 2858 isaurus,
1451 2818 1625 2858 militabat,
1649 2818 1770 2850 bellum
1797 2818 1924 2850 tandem
1947 2819 2129 2859 huJusmodi
2154 2820 2243 2850 exitu

1201 2870 1410 2902 terminatum
1430 2871 1488 2901 est.
1504 2869 1605 2900 Isauri
1618 2869 1674 2909 qui
1685 2878 1748 2901 una
1762 2878 1836 2901 cum
1852 2870 1994 2910 Longino
2015 2870 2242 2909 militaverant,

1201 2931 1312 2954 omnes
1337 2921 1378 2953 ad
1401 2921 1648 2953 internecionem
1663 2921 1755 2961 caesi;
1779 2922 1911 2961 Longini
1932 2930 2008 2953 vero
2025 2930 2063 2953 ac
2084 2922 2244 2953 Theodori

1203 2974 1306 3014 capita
1323 2973 1363 3005 ab
1377 2975 1500 3006 Joanne
1514 2973 1635 3013 Scytha
1645 2973 1941 3014 Constantinopolin
1958 2974 2148 3006 missasunt.
2164 2975 2245 3011 Qum

1203 3025 1374 3066 imperator
1395 3024 1498 3056 contis
1519 3024 1635 3056 suffixa
1651 3024 1847 3056 circumferri
1864 3026 1896 3056 et
1920 3025 1955 3056 in
1972 3024 2157 3057 suburbano
2180 3027 2242 3065 Sy-

1204 3076 1300 3115 censi,
1314 3076 1400 3116 quod
1418 3085 1457 3107 ex
1470 3075 1604 3107 adverso
1615 3076 1757 3116 Byzantii
1771 3076 1869 3108 situm
1882 3076 1951 3116 est,
1966 3076 2115 3116 suspendi
2128 3076 2239 3116 iussit:

1204 3127 1290 3168 quod
1316 3127 1534 3168 spectaculum
1558 3127 1923 3167 constantinopolitanis
1938 3128 2148 3168 gratissimum
2163 3127 2242 3167 suit,

1204 3180 1245 3212 ob
1261 3180 1345 3211 mala
1361 3188 1432 3220 quac
1445 3188 1464 3211 a
1482 3181 1608 3212 Zenone
1621 3181 1653 3211 et
1665 3180 1707 3212 ab
1718 3180 1834 3212 Isauris
1849 3180 1987 3221 perpessi
2002 3181 2140 3212 fuerant.
2157 3180 2244 3211 Alter

1206 3241 1280 3263 vero
1296 3232 1465 3272 Longinus,
1482 3233 1693 3273 cognomento
1704 3233 1918 3272 Selinuntius,
1935 3233 2132 3273 pra‘cipuum
2147 3232 2245 3263 robur

1205 3284 1380 3324 tyrannicae
1394 3284 1560 3323 factionis,
1579 3285 1612 3315 et
1632 3292 1707 3314 cum
1723 3283 1777 3314 illo
1800 3283 1905 3323 indes,
1922 3283 1962 3314 ab
1974 3285 2115 3321 Joanne,
2133 3290 2245 3321 cogno-

1207 3337 1314 3367 mento
1330 3335 1454 3374 Gibbo,
1475 3335 1540 3366 vivi
1559 3335 1643 3376 capti
1665 3336 1760 3373 sunt,
1774 3334 1859 3366 etad
1872 3335 2095 3375 imperatorem
2115 3334 2245 3365 Anasta-

1207 3389 1288 3421 sium
1304 3389 1402 3421 missi.
1447 3390 1527 3427 Quoe
1543 3397 1591 3420 res
1603 3389 1635 3420 et
1650 3388 1872 3429 imperatorem
1886 3388 1918 3419 et
1929 3387 2080 3428 populum
2092 3386 2246 3418 Constan-
