2372 3704
147 225 224 258 512

146 329 774 391 THEMISTAGORAS
821 335 1190 394 EPHESIUS.
1240 353 1286 421 πμ

445 451 652 491 ΧΡΥΣΕΗ
681 452 797 491 ΒΙΒΛ
804 452 886 492 ΟΣ.

655 559 686 583 1.

202 622 327 670 Etym.
362 622 415 660 M.
438 635 475 661 v,
494 619 736 659 Ἀστυπάλαια
757 634 766 660 :
789 622 998 673 Πατροκλῆς
1012 621 1071 659 καὶ
1092 623 1194 672 Τεμ-

146 677 252 730 Ερίων
273 679 437 717 ἀποικίαν
457 680 653 723 στείλαντες
680 681 727 723 εἷς
745 680 979 732 Σάμον,πρὸς
998 679 1076 724 τοὺς
1108 682 1194 718 ἐνοι-

145 740 290 780 κοῦντας
310 739 433 790 Κᾶρας
462 738 644 777 κοινωνίαν
665 738 819 789 θέμενοι,
845 738 988 789 ᾤκησαν
1009 737 1106 790 παρὰ
1136 738 1193 776 τὸν

145 794 301 847 Σχήσιον
321 795 479 846 ποταμὸν
497 796 557 834 καὶ
578 798 626 840 εἷς
647 796 707 834 δύο
734 795 844 849 φυλὰς
864 796 927 843 τὴν
945 797 1046 835 πόλιν
1073 796 1193 835 διένει-

147 867 232 903 μαν,
254 848 301 892 ὧν
316 854 378 900 τὴν
395 854 456 904 μὲν
475 854 635 906 Σχησίαν
656 853 845 903 ὠνόμασαν
866 854 936 892 ἀπὸ
956 858 1017 892 τοῦ
1036 855 1195 907 Σχησίου

146 915 309 962 ποταμοῦ
323 913 581 964 παρακειμένου
602 916 644 964 τῇ
664 912 781 960 πόλει,
801 912 863 959 τὴν
880 912 916 951 δὲ
932 913 1195 952 Ἀστυπάλαιαν

147 971 217 1010 ἀπὸ
240 974 299 1009 τοῦ
326 973 478 1010 παλαιοῦ
500 972 611 1010 ἐκεῖσε
628 971 763 1016 ἄστεος.
784 971 907 1016 Οὕτως
926 973 1197 1026 Θεμισταγόρας

145 1031 181 1068 ἐν
207 1033 250 1080 τῇ
264 1031 389 1082 Χρυσῇ
411 1029 536 1083 βίὸλῳ.

655 1097 692 1123 2.

196 1160 397 1196 Athenaeus
417 1161 507 1206 XV,
537 1173 578 1210 p.
608 1160 680 1197 681
696 1187 707 1206 ‚
738 1162 770 1198 A
791 1173 800 1199 τ
835 1159 1108 1213 Θεμισταγόρας
1128 1161 1157 1199 δ’
1177 1163 1195 1199 ὃ

144 1222 303 1276 Ἐφέσιος
327 1224 362 1260 ἐν
383 1225 425 1275 τῇ
449 1222 715 1276 ἐπιγραφομένῃ
745 1223 890 1276 Χρυσέῃ
911 1224 1024 1276 βίὸλῳ
1041 1224 1111 1262 ἀπὸ
1131 1228 1196 1271 τῆς

143 1281 285 1334 πρώτης
304 1282 523 1334 δρεψαμένης
538 1282 673 1335 νύμφης
702 1282 915 1336 Ἑλιχρύσης
943 1282 1053 1334 ὄνομα
1073 1284 1112 1322 τὸ
1135 1284 1197 1322 ἄν-

144 1343 200 1384 θος
219 1342 288 1392 (sc.
306 1340 345 1378 τὸ
363 1341 565 1393 ἑλίχρυσον)
582 1342 819 1392 ὀνομασθῆναι
834 1341 1002 1395 (φησίν).

197 1494 364 1532 Cramer.
382 1494 527 1531 Anecd.
546 1495 589 1543 1,
606 1507 647 1544 p.
673 1493 722 1530 80
749 1506 757 1531 :
785 1493 1056 1545 Θεμισταγόρας
1074 1492 1109 1531 δὲ
1138 1493 1199 1531 καὶ

145 1552 181 1589 ἓν
204 1554 247 1604 τῇ
262 1553 386 1603 Χρυσῇ
401 1550 513 1604 βίὸλῳ
528 1551 644 1604 φησίν·
666 1570 681 1585 «
701 1549 789 1591 “On
809 1553 845 1590 αἱ
862 1551 954 1590 κατὰ
966 1551 1029 1599 τὴν
1046 1547 1197 1598 Ἀλόπην

144 1609 208 1654 τὴν
228 1614 286 1647 νῦν
303 1609 523 1660 καλουμένην
541 1609 694 1658 Λυκίαν,
715 1610 777 1657 τὴν
792 1611 877 1663 πρὸς
900 1614 943 1662 τῇ
959 1610 1118 1664 Ἐφέσῳ,
1136 1627 1199 1662 γυ-

149 1674 264 1712 ναῖκες
285 1674 349 1721 μιᾷ
378 1668 561 1720 συμὸουλῇ
584 1668 629 1707 τὰ
662 1670 792 1717 συνήθη
819 1673 895 1713 ταῖς
929 1670 1080 1722 γυναιξὶν
1113 1670 1198 1722 ἔργα

146 1728 453 1780 ἄπαρνησάμεναι,
473 1727 533 1766 καὶ
545 1727 668 1773 ζώναις
683 1728 907 1781 χρησάμεναι
925 1728 986 1766 καὶ
1000 1729 1198 1778 ὁπλισμοῖς,

145 1787 189 1825 τὰ
202 1789 271 1824 τῶν
285 1788 419 1839 ἀνδρῶν
439 1786 555 1825 πάντα
576 1787 782 1833 ἐπετήδευον
794 1803 802 1811 ·
824 1788 908 1839 πρὸς
925 1786 960 1825 δὲ
975 1787 1018 1825 τὰ
1031 1787 1122 1825 ἄλλα
1139 1787 1199 1826 καὶ

143 1845 246 1896 ἤμων
273 1844 334 1883 σὺν
351 1847 471 1889 αὐταῖς
494 1845 617 1891 ζώναις
640 1847 681 1897 (ὅ
701 1848 794 1884 ἐστιν
810 1846 1003 1898 ἐθέριζον>·
1024 1845 1080 1884 διὰ
1096 1850 1199 1884 τοῦτο

144 1903 205 1942 καὶ
223 1903 414 1955 Ἀμαζόνας
426 1905 618 1951 κεκλῆσθαι
632 1903 694 1949 τὰς
707 1903 768 1943 σὺν
785 1907 864 1950 ταῖς
877 1904 998 1951 ζώναις
1009 1905 1167 1956 ἀμώσας.
1184 1922 1200 1939 »

564 2029 782 2045 ψ

463 2109 870 2172 THEOCLES.

666 2231 679 2253 1
692 2247 698 2253 .

446 2301 476 2335 E
505 2300 654 2337 LIBRO
679 2301 898 2347 QUARTO.

199 2393 367 2429 AElianus
385 2395 435 2429 H.
456 2406 517 2429 an.
537 2395 659 2440 XVII,
677 2395 699 2430 6
719 2407 728 2430 ι
752 2394 910 2439 Θεοκλῆς
943 2391 978 2430 δὲ
1007 2393 1041 2430 ἐν
1075 2394 1117 2444 τῇ
1137 2407 1198 2429 τε-

471 221 891 262 THEMISTAGORAE
919 223 1145 274 EPHESII,
1175 225 1444 278 THEOCLIS,
1473 227 1739 267 THEODORI
1770 228 1973 278 RHODlI‚

1251 566 1368 608 Juxta
1384 564 1412 599 S
1405 567 1522 610 yrtitn
1553 576 1731 611 magnam
1763 565 1908 600 hortum
1930 567 2174 614 Hesperidum
2206 583 2301 616 esse,
2350 590 2354 611 z

1259 312 1369 366 τάρτῃ
1392 313 1478 376 περὶ
1497 313 1559 360 τὴν
1589 313 1716 366 Σύρτιν
1749 314 1840 366 λέγει
1859 315 2012 367 γίνεσθαι
2029 317 2120 366 κήτη
2153 318 2304 374 τριήρων
2363 352 2365 356 .

1289 371 1415 416 είζονα.

1741 427 1824 478 (2.)

1311 504 1453 540 minius
1472 506 1520 542 H.
1537 506 1587 543 N.
1607 506 1820 550 xxxva,
1842 518 1873 543 s.
1894 507 1992 556 mg
2014 521 2028 543 1
2052 522 2059 543 ;
2082 509 2309 549 Theomenes
2352 503 2372 542 s:

1258 633 1308 655 ea:
1323 634 1393 668 quo
1411 625 1449 656 in
1471 630 1643 670 stagnum
1663 623 1778 657 cadat
1794 622 2034 674 (electrum),
2062 628 2190 675 colligi
2218 642 2309 666 vet-0

1258 692 1283 713 α
1302 680 1506 726 virginibus
1524 682 1783 728 Hesperidum.
1806 681 1980 717 Eundem
2008 684 2235 733 scriptorem
2259 688 2308 725 ab

1258 738 1408 773 AEliano
1430 746 1467 774 et
1485 739 1607 774 Plinio
1624 740 1730 775 citari
1752 751 1902 775 censeo.
1920 741 2124 779 Theoclem
2142 745 2308 794 aliquem

1257 804 1412 844 poetam
1436 796 1471 832 ἐν
1489 794 1701 848 Ἰθυφάλλοις
1721 798 1811 834 citat
1827 798 2027 836 Athenaeus
2039 813 2080 849 p.
2099 805 2190 850 497,
2211 803 2254 843 C.

1680 917 1892 932 *m*-

1582 1002 1932 1059 THEODOR
1943 1005 1979 1058 I.

1313 1109 1369 1143 Ex
1395 1108 1531 1156 viginti
1560 1109 1771 1145 Theudoris
1784 1137 1794 1154 ‚
1829 1123 1926 1158 quos
1958 1113 2144 1162 Diogenes
2174 1115 2216 1155 L.
2251 1117 2310 1166 II,

1265 1167 1336 1203 103
1358 1175 1547 1215 recenset,
1565 1169 1803 1204 memorandi
1823 1170 1934 1206 nobis
1953 1179 2041 1207 sunt
2060 1183 2071 1210 τ

1315 1225 1485 1274 Πέμπτος
1505 1227 1522 1262 ὁ
1544 1225 1651 1277 Περὶ
1691 1228 1775 1263 τῶν
1795 1230 2054 1276 νομοποιῶν
2091 1245 2311 1284 πεπραγμα-

1260 1283 1436 1333 τευμένος,
1455 1282 1645 1336 ἀρξάμενος
1683 1284 1753 1322 ἀπὸ
1782 1286 2025 1339 Θερπάνδρου.
2046 1311 2097 1318 --
2125 1289 2307 1342 Ἵῧὸδομος
2351 1330 2353 1334 ,

1261 1344 1279 1380 ὃ
1301 1342 1346 1379 τὰ
1365 1345 1398 1381 Π
1411 1358 1426 1380 ε
1441 1342 1479 1394 ρὶ
1505 1341 1554 1381 ‘P
1564 1358 1592 1380 ω
1604 1359 1629 1393 μ
1642 1359 1663 1380 α
1677 1342 1748 1381 ίων
1769 1348 2140 1396 πεπραγματευμένος.
2154 1370 2208 1378 --
2222 1348 2310 1389 ‘Ex-
2340 1320 2372 1539 1

2359 1541 2372 1611 Ξ

1261 1401 1477 1448 καιδέκατος,
1498 1403 1516 1439 ὁ
1535 1401 1716 1455 γεγραφὼς
1746 1403 1855 1455 Περὶ
1879 1408 2083 1451 ποιητῶν.

1369 1600 1816 1659 THEODORUS
1863 1602 2201 1662 RHODIUS.
2222 1660 2226 1666 .

1593 1712 1971 1752 ΥΠΟΜΝΗΜΑΊἈ.

1315 1806 1449 1843 Suidas
1468 1818 1477 1844 ε
1494 1806 1673 1858 Πανικῷ
1694 1805 1882 1855 δείματι.
1900 1808 2015 1846 Τοῦτο
2025 1807 2156 1857 γίνεται
2169 1809 2226 1847 ἐπὶ
2247 1811 2312 1848 τῶν
2354 1796 2372 1853 Ξ

1262 1863 1520 1914 στρατοπέδων,
1535 1863 1640 1910 ἡνίκα
1653 1864 1820 1916 αἰφνίδιον
1833 1863 1866 1902 οἵ
1878 1881 1914 1902 τε
1929 1864 2031 1903 ἵπποι
2045 1866 2105 1903 καὶ
2121 1868 2153 1905 οἱ
2173 1867 2310 1919 ἄνθρω-
2352 1854 2372 1912 ξ

1262 1938 1321 1960 ποι
1339 1924 1583 1974 ἐκταραχθῶσι
1595 1952 1606 1971 ,
1626 1923 1799 1972 μηδεμιᾶς
1813 1923 1926 1967 αἰτίας
1944 1924 2221 1976 προφανείσης...
2237 1930 2312 1965 Δο-
2351 1915 2372 1971 3

1264 1981 1401 2026 ξάζεται
1420 1981 1486 2034 γὰρ
1500 1981 1676 2031 πολεμίων
1694 1981 1811 2034 ἔφοδος
1832 1976 1940 2032 εἶναι,
1966 1983 2026 2021 καὶ
2041 1984 2312 2035 ἀναλαμὸάνον-
2350 1974 2372 2020 ἶ

1263 2056 1318 2084 τες
1337 2040 1429 2078 ὅπλα
1450 2041 1517 2079 ὑπὸ
1542 2043 1700 2094 ταραχῆς
1726 2040 1968 2092 ἀνθιστάμενοι
1989 2042 2153 2089 ἀλλήλοις
2171 2043 2310 2096 μάχον-
2351 2038 2372 2088 ff

1262 2115 1369 2136 ται....
1391 2101 1506 2138 Τοῦτο
1527 2098 1657 2150 γίνεται
1674 2098 1753 2151 περὶ
1767 2098 1844 2143 τοὺς
1861 2099 2034 2149 πολέμους
2043 2101 2101 2147 ⁴³⁴²,
2121 2101 2309 2155 Θεοδώρου
2356 2125 2372 2155 ’ς

1262 2162 1324 2195 τοῦ
1345 2157 1490 2196 Ῥοδίων
1508 2161 1707 2209 στρατηγοῦ
1728 2160 1762 2196 ἐν
1780 2157 2036 2208 (Υπομνήμασι
2061 2158 2232 2210 λέγοντος,
2256 2160 2310 2199 ὅτι
2360 2160 2372 2189 ’-

1263 2215 1449 2266 κράτιστόν
1468 2218 1542 2254 ἐστι
1560 2217 1594 2254 ἐν
1609 2222 1679 2260 τοῖς
1695 2216 1860 2259 τοιούτοις
1879 2220 2012 2269 καιροῖς
2029 2217 2143 2268 μείἵειν
2163 2218 2220 2257 ἐπὶ
2239 2221 2308 2259 τῶν
2350 2217 2372 2247 ’Ξ

1262 2273 1377 2312 ὅπλων
1398 2274 1458 2312 καὶ
1478 2274 1541 2322 τὴν
1557 2274 1708 2327 ἡσυχίαν
1719 2274 1831 2327 ἔχειν·
1855 2276 1956 2319 αὐτός
1973 2291 2010 2313 τε
2025 2275 2191 2328 περιθέων
2211 2277 2310 2327 ε’ὅόα,
2362 2314 2366 2323 Α

1261 2333 1320 2372 καὶ
1338 2334 1395 2372 διὰ
1418 2337 1486 2372 τῶν
1502 2337 1684 2386 ὑπηρετῶν
1704 2333 1920 2385 παρήγγειλε
1937 2334 2052 2385 με’νειν
2070 2337 2104 2372 ἐν
2122 2341 2198 2380 ταῖς
2214 2351 2320 2385 exn-¹
2360 2334 2372 2385 7}

1261 2395 1335 2435 ναῖς
1357 2393 1666 2442 καθωπλισμένους
1680 2391 1851 2435 ἅπαντας.

474 2505 626 2543 LIBER
648 2504 866 2545 AUREUS.

657 2592 688 2624 1.

188 2657 350 2690 Patrocles
366 2650 398 2689 et
420 2657 592 2689 Tembrion
619 2658 777 2690 coloniam
801 2658 832 2690 in
850 2660 980 2690 Samum
1002 2658 1198 2691 deducentes

145 2712 178 2743 et
192 2719 266 2742 cum
281 2710 431 2750 Caribus,
442 2711 498 2751 qui
515 2711 652 2742 insulam
668 2711 868 2750 incolebant,
883 2712 1068 2743 societatem
1082 2712 1198 2743 ineun-

145 2764 212 2802 tes,
229 2762 319 2794 sedes
337 2762 474 2794 fixerunt
499 2763 538 2794 ad
557 2764 721 2796 sebesium
748 2764 881 2796 fluvium
903 2766 935 2796 et
951 2764 983 2796 in
999 2764 1078 2796 duas
1094 2765 1199 2796 tribus

145 2814 308 2846 civitatem
331 2814 528 2855 diviserunt,
544 2824 681 2856 quarum
698 2816 832 2848 alteram
857 2816 1019 2848 Schesiam
1035 2825 1054 2847 a
1068 2817 1198 2848 Schesio

144 2868 245 2907 fluvio
257 2868 370 2899 urbem
384 2868 630 2908 praeterlabente
643 2869 818 2909 vocabant,
830 2870 964 2901 alteram
975 2878 1052 2901 vero
1063 2872 1197 2910 Astypa-

145 2919 239 2951 laeam
263 2919 304 2950 ab
317 2920 449 2960 antiqua
468 2929 542 2961 quae
555 2920 598 2952 ibi
621 2922 689 2953 erat
710 2921 800 2953 urbe.
820 2921 873 2953 Sic
893 2922 1149 2962 Themistagoras
1166 2922 1197 2953 in

146 2971 241 3004 Libro
254 2979 364 3003 aureo.
655 3017 676 3049 2

188 3081 442 3122 Themistagoras
457 3082 611 3122 Ephesius
633 3083 665 3115 in
685 3083 780 3116 Libro
799 3093 915 3124 aureo,
933 3084 987 3125 qui
1001 3084 1197 3126 inscribitur,

149 3135 366 3175 helichrysum
382 3134 598 3176 (auriolam)
615 3135 725 3168 florem
743 3146 860 3169 nomen
880 3137 998 3170 habere
1013 3137 1058 3170 ait
1077 3146 1095 3169 a
1108 3146 1197 3177 nym-

150 3186 215 3227 pha
230 3186 435 3226 Helichryse,
450 3195 523 3227 quae
534 3186 637 3227 prima
650 3197 724 3220 eum
738 3189 943 3230 decerpserit.

659 3261 692 3294 3.

189 3327 446 3368 Themistagoras
468 3327 501 3359 in
520 3330 624 3360 Aureo
637 3329 721 3361 libro
740 3330 805 3361 ait:
829 3343 844 3358 α
866 3331 1015 3364 Mulieres
1033 3330 1066 3363 in
1087 3332 1197 3372 Alope,

150 3389 225 3422 quae
239 3389 327 3412 nunc
339 3379 436 3421 Lycia
452 3382 596 3421 vocatur,
614 3382 654 3413 ad
671 3383 833 3423 Ephesum
843 3384 920 3424 sita,
938 3385 1102 3416 communi
1121 3394 1199 3417 con-

151 3433 221 3465 silio
239 3434 330 3466 sueta
346 3433 535 3467 mulieribus
547 3443 643 3476 opera
666 3435 769 3468 facere
792 3439 997 3478 recusarunt,
1015 3439 1048 3470 et
1058 3438 1200 3479 cingulis

1261 2504 1422 2545 armisque
1438 2506 1564 2536 utentes
1577 2505 1614 2537 iis
1639 2505 1734 2537 rebus
1747 2514 1820 2546 quae
1841 2505 1918 2537 viris
1941 2507 2156 2547 conveniunt,
2179 2515 2309 2548 operam
2353 2495 2372 2537 ,2⁴

1260 2556 1398 2597 dabant,
1422 2558 1454 2589 et
1472 2558 1588 2598 practer
1604 2558 1711 2589 cetera
1735 2557 1832 2590 etiam
1857 2559 2211 2601 metebantffluoevfin
2236 2560 2312 2602 ipsis
2355 2550 2369 2594 ζ’

1260 2608 1373 2641 balteis
1396 2610 1564 2649 (ζώναις).
1584 2611 1696 2650 itaque
1722 2610 1872 2642 mulieres
1894 2611 2026 2652 ἀμώσας
2045 2611 2102 2643 σὺν
2123 2614 2189 2649 ταῖς
2201 2612 2311 2649 ζώναις
2328 2615 2333 2621 ’
2353 2600 2372 2659 ᾗ

1261 2663 1440 2693 Amazonas
1453 2670 1520 2693 esse
1532 2661 1718 2702 appellatas.
1735 2674 1751 2689 u

1301 2766 1457 2798 Theocles
1469 2766 1550 2798 libro
1565 2768 1681 2807 quarto
1695 2767 1739 2799 ait
1753 2767 1793 2798 ad
1807 2767 1915 2807 Syrtin
1929 2776 1996 2800 esse
2012 2768 2153 2801 baloenas
2168 2769 2309 2802 triremi·

1259 2815 1318 2863 bus
1330 2818 1522 2858 grandiores.

1595 2886 1973 2925 COMMENTARH.

1764 2959 1797 2991 1.

1302 3020 1436 3051 Panicus
1448 3021 1552 3051 terror
1571 3020 1686 3051 accidit
1706 3019 1736 3050 in
1758 3019 1862 3057 bello,
1888 3028 1990 3060 quum
2017 3020 2123 3052 subito
2144 3022 2212 3053 tam
2235 3019 2308 3062 equi

1258 3080 1354 3112 quam
1373 3071 1517 3103 homines
1534 3073 1621 3103 metu
1636 3071 1897 3109 consternuntur,
1913 3071 2001 3102 nulla
2014 3074 2187 3113 apparente
2199 3081 2307 3104 causa.

1260 3124 1375 3156 Milites
1382 3132 1459 3154 vero
1472 3132 1573 3163 quum
1588 3122 1705 3155 Panico
1718 3125 1840 3154 terrore
1848 3122 2077 3163 corripiuntur,
2091 3124 2310 3157 existimantes
2351 3152 2356 3170 5

1258 3177 1299 3208 ab
1312 3177 1457 3208 hostibus
1469 3185 1502 3208 se
1516 3176 1635 3216 invadi,
1650 3185 1739 3208 arma
1754 3176 1786 3207 in
1799 3185 1833 3208 se
1847 3178 1961 3208 mutuo
1970 3179 2110 3210 vertunt.
2123 3176 2325 3210 Thecflorus‘
2334 3173 2372 3212 ,1,

1259 3228 1455 3262 Rhodiorum
1469 3228 1535 3259 dux
1550 3228 1581 3260 in
1594 3228 1839 3260 Commentariis
1851 3227 1931 3260 dicit
1941 3229 2099 3269 optimum
2113 3237 2182 3262 esse
2192 3252 2202 3269 ,
2215 3228 2243 3260 εἰ
2254 3226 2310 3260 mi·
2337 3219 2372 3264 ἦ·

1259 3281 1331 3313 lites
1349 3281 1526 3312 istiusmodi
1546 3281 1745 3322 temporibus
1763 3281 1795 3312 in
1814 3281 1911 3313 armis
1926 3282 2104 3321 quiescant.
2123 3284 2192 3322 lpse
2212 3281 2308 3314 etiam
2346 3280 2360 3319 ῐῗ,

1259 3343 1316 3375 per
1340 3334 1518 3366 exercitum
1534 3333 1716 3371 discurrens
1728 3334 1911 3374 clamabat,
1932 3337 1964 3365 et
1982 3342 2040 3374 per
2068 3334 2232 3366 ministros
2245 3331 2306 3365 mi·

1260 3385 1371 3418 litibus
1387 3384 1616 3426 denuntiabat,
1634 3387 1670 3418 ut
1685 3394 1797 3418 omnes
1808 3385 1892 3417 intra
1910 3386 2046 3417 tentoria
2061 3385 2175 3418 armati
2190 3391 2308 3418 secon-
2351 3379 2359 3410 ’ἶ

1259 3437 1410 3471 tinerent.

2344 2929 2372 3132 ⁸¹‡35(“&“5=2302Q3
2342 2686 2372 2920 1²21Q.·}·'T⁴‘2
2356 2663 2372 2674 ἔξ
