2372 3704
1007 214 1336 257 FRAGMENTA.

97 301 192 353 αὐτῷ
211 298 296 352 παρ’
309 298 435 338 ἐλπίδα
451 297 624 348 ἀξιώματι
636 328 645 345 ,
661 297 722 336 καὶ
735 298 890 349 γίνεσθαι
903 301 971 337 τῶν
987 298 1142 351 Ῥωμαῖ-

96 361 166 397 κῶν
186 360 290 396 ἐθνῶν
311 356 404 400 ἐντὸς
432 358 479 401 εἷς
504 355 665 400 ἐπίδειξιν
685 358 747 403 τ’ἤς
767 354 894 408 τύχης·
917 356 979 395 καὶ
995 357 1145 404 ἤλαυνεν

97 417 155 456 ἐπὶ
172 415 303 467 Συρίαν
325 415 415 465 μετὰ
435 419 494 454 τοῦ
509 418 659 467 στρατοῦ
679 414 823 459 παντός.
840 416 887 454 Οἱ
905 415 941 454 δὲ
961 415 1147 468 Ἀντιοχεῖς

96 477 162 527 οὐχ
173 475 282 520 ἡδέως
296 474 461 512 διέκειντο
470 473 554 525 πρὸς
567 473 682 520 αὑτὸν,
698 472 778 511 ἀλλ’
791 473 1024 513 ἀπέσκωπτον
1042 473 1146 512 αὐτὸν

95 535 201 587 ᾠδαῖς
223 532 284 572 καὶ
300 532 495 585 παρῳδίαις
514 532 574 570 καὶ
590 539 660 575 τοῖς
677 531 903 582 καλουμένοις
923 531 1146 584 φαμώσσοις,

96 591 251 643 μάλιστα
280 590 343 641 μὲν
373 590 430 629 διὰ
455 590 519 638 τὴν
551 593 613 638 τῆς
641 590 801 634 Νισίὸιος
830 590 1043 643 προδοσίαν,
1079 592 1145 643 οὐχ

98 650 223 698 ἥκιστα
240 649 352 689 δὲκαὶ
370 649 449 703 περὶ
471 651 565 702 σφῶν
587 650 700 688 αὐτῶν
720 648 888 698 δεδιότες,
909 648 959 699 μή
982 665 1068 688 ποτε
1087 649 1147 688 καὶ

96 708 218 752 αὐτοὺς
247 708 411 761 πρόοιτο,
447 707 636 758 ἀγαπήσας
662 707 723 746 καὶ
758 709 792 745 ἐν
825 707 932 761 ὀλίγῳ
965 707 1063 760 μέρει
1085 710 1147 754 τῆς

96 767 306 818 Ῥωμαϊκῆς
327 765 531 816 οἰκουμένης
546 768 699 819 κρατεῖν·
720 765 979 816 καθαπτόμενοι
999 765 1059 804 καὶ
1085 769 1147 813 τῆς

95 825 255 877 γυναικὸς
275 827 380 864 αὐτοῦ
398 825 455 863 διὰ
470 825 534 872 τὴν
548 827 607 863 τοῦ
620 826 714 877 ἱεροῦ
733 823 992 876 καταστροφήν.
1011 824 1147 876 Ἀδρια-

95 884 150 928 νὸς
167 884 230 934 μὲν
252 883 319 936 γὰρ
349 886 367 921 ὁ
397 882 560 935 βασιλεὺς
579 884 626 926 εἷς
646 881 842 920 ἀποθέωσιν
870 882 931 920 καὶ
951 882 1057 932 τιμὴν
1086 886 1146 921 τοῦ

95 941 228 995 πατρὸς
251 943 432 994 Τραϊανοῦ
454 940 566 979 ἔκτισε
589 939 711 992 μικρόν
737 956 814 978 τινα
835 939 896 978 καὶ
914 939 1146 992 χαριέστατον

95 999 199 1047 ναὸν,
227 998 264 1038 ὃν
297 999 485 1042 Ἰουλιανὸς
513 997 761 1051 ὃπαραὸοίτης
790 998 1019 1049 βιὸλιοθήκην
1044 1014 1147 1037 κατε·

96 1058 277 1096 σκεύασεν·
292 1057 328 1096 ὃν
344 1057 406 1095 σὺν
420 1057 491 1100 τοῖς
503 1055 649 1109 βιὸλίοις
661 1055 831 1100 Ἰοὸιανὸς
844 1055 1054 1096 κατέκαυσε.
1075 1054 1147 1095 Ka}

95 1116 210 1154 πολλὰ
237 1118 285 1161 εἷς
304 1115 407 1154 αὐτὸν
437 1114 604 1154 εἰπόντων
621 1117 690 1152 τῶν
713 1114 936 1167 Ἀντιοχέων,
960 1114 1146 1167 [ἐπράχθη

97 1175 139 1214 ἂν
161 1174 274 1214 ἄτοπα
287 1175 327 1226 ,]
358 1176 388 1213 εἷ
408 1174 456 1225 μὴ
486 1173 699 1217 Σαλούστιος
721 1172 997 1226 παραγενόμενος
1016 1172 1148 1211 ἔπαυσε

96 1232 159 1280 τὴν
174 1232 294 1272 στοίσιν
311 1232 370 1271 καὶ
387 1232 445 1271 τὸν
465 1231 636 1271 Ἰοὸιανὸν
656 1230 705 1282 μὴ
725 1231 935 1283 βουλόμενον
951 1230 1147 1283 παρώρμη-

97 1307 156 1331 σεν
174 1293 421 1345 ὁδοιπορῆσαι,
438 1291 499 1329 καὶ
517 1294 629 1330 ταῦτα
648 1292 820 1342 χειμῶνος
839 1289 953 1338 ὄντος,
971 1289 1029 1328 ἐπὶ
1047 1291 1147 1329 Κιλι-

97 1350 176 1388 κίαν
194 1350 253 1389 καὶ
274 1349 471 1390 Γαλατίαν.
493 1348 564 1388 Καὶ
581 1348 749 1392 Ἰοὸιανὸς
768 1347 832 1399 μὲν
854 1349 890 1386 ἐν
906 1348 1148 1392 Δαδαστᾶνοις

99 1409 244 1458 ἀφίκετό
256 1409 319 1455 τὴν
339 1412 398 1447 τοῦ
419 1410 575 1462 Χριστοῦ
596 1407 696 1452 δόξαν
713 1407 975 1459 ἀνακηρύττων.

148 1466 234 1507 ’Ότι
266 1466 435 1510 Ἰοὸιανὸς
464 1465 556 1504 κατὰ
584 1464 647 1513 τὴν
673 1465 863 1517 ἡγεμονίαν
882 1465 994 1509 κοινός
1024 1481 1060 1504 τε
1088 1465 1148 1504 καὶ

95 1524 283 1579 ἐλευθέριος
298 1524 408 1570 ἔδοξεν
428 1518 529 1564 εἶναι.

227 1631 329 1670 om
337 1631 644 1670 ΕΝΤΙΝΙΑΝΟΣ
674 1631 762 1670 ΚΑΙ
790 1630 1012 1670 ΟΥΑΛΗΣ.

579 1729 666 1768 182.

149 1802 243 1838 Exc.
268 1802 326 1837 De
341 1801 427 1839 virt.
451 1813 490 1850 p.
514 1800 590 1843 846
615 1814 624 1837 ι
646 1798 733 1839 εὈτι
757 1798 1045 1842 Οὖαλεντινιανὸς
1064 1814 1146 1851 χρι-

97 1858 232 1901 στιανὸς
251 1857 298 1895 ὢν
318 1857 379 1895 καὶ
398 1857 442 1895 τὰ
471 1861 530 1895 τοῦ
561 1857 745 1908 ὁμοουσίου
763 1859 896 1910 φρονῶν
910 1888 920 1906 ‚
952 1856 1049 1896 οὐδὲν
1067 1857 1144 1901 τοὺς

96 1917 268 1960 ἐναντίους
287 1916 413 1963 ἠδίκει.
445 1916 608 1966 Ἐγένετο
628 1916 663 1954 δὲ
691 1916 749 1953 καὶ
781 1915 866 1968 πρὸς
884 1915 923 1953 τὸ
949 1917 1146 1966 νομοθετεῖν

97 1975 319 2024 ἑτοιμότατος
331 2005 341 2025 ‚
364 1974 551 2027 φροντίζων
572 1975 631 2013 καὶ
649 1978 710 2021 τ’ἧς
723 1977 790 2013 τῶν
811 1977 995 2026 θησαυρῶν
1012 1974 1146 2018 δικαίας

2174 231 2250 266 607

1209 302 1395 354 ὑποδοχῆς,
1410 302 1496 355 πρὸς
1522 302 1557 342 δὲ
1578 309 1654 348 ταῖς
1669 306 1736 342 τῶν
1753 306 1929 358 ἀρχόντων
1953 307 2125 361 αἱρέσεσιν
2150 311 2254 363 ἀκρι-

1209 358 1272 406 ὅὴς
1299 359 1360 398 καὶ
1387 360 1538 413 τιμωρὸς
1557 364 1626 399 τῶν
1646 363 1877 402 ἀπειθούντων
1905 367 2163 420 ἀπαραίτητος,
2197 367 2254 407 ἐπὶ

1209 417 1245 454 δὲ
1264 422 1336 461 τοῖς
1364 418 1528 469 πολέμοις
1555 418 1707 472 ἄριστος.
1736 420 1781 460 Ὁ
1812 420 1847 460 δὲ
1873 424 2014 471 Οὐάλης
2042 428 2103 472 τῆς
2125 426 2255 477 Ἀρείου

1209 473 1308 522 δόξης
1339 475 1633 527 μεταποιούμενος
1657 477 1818 528 μέγιστον
1835 479 1938 518 ἐκίνει
1963 481 2053 520 κατὰ
2073 485 2141 522 τῶν
2162 487 2254 536 Χρι·

1209 535 1359 571 στιανῶν
1375 534 1528 586 διωγμὸν
1543 564 1552 581 ,
1574 537 1618 579 ὥς
1639 535 1787 580 πολλοὺς
1804 536 1866 587 μὲν
1884 539 1918 576 ἓν
1938 545 2009 582 τοῖς
2023 541 2256 594 δικαστηρίοις

1209 592 1444 643 ἀναιρεῖσθαι,
1477 592 1626 636 πολλοὺς
1647 593 1683 632 δὲ
1712 594 1771 632 καὶ
1801 594 1946 647 ἓξορίαις
1976 598 2255 651 ὓποὸάλλεσθαι,

1209 648 1269 687 καὶ
1289 649 1411 693 αὐτοὺς
1425 648 1461 688 δὲ
1477 649 1554 695 τοὺς
1566 650 1659 689 κατὰ
1679 650 1741 699 τὴν
1760 652 1888 704 ἔρημον
1905 654 2168 705 ἐμφωλεύοντας
2186 660 2255 695 τῶν

1209 707 1304 745 ἰδίων
1319 710 1436 755 σηκῶν
1450 709 1719 750 ἀπελαύνεσθαι.
1752 713 1841 750 Καθ’
1861 710 1898 749 ὃν
1916 711 2039 764 χρόνον
2057 716 2118 760 τῆς
2138 713 2201 763 μὲν
2222 717 2256 753 ἐν

1210 764 1338 818 εΡώμῃ
1369 767 1558 814 ἐκκλησίας
1588 768 1749 819 Λιὸέριος
1782 769 2024 821 προειστήκει,
2062 774 2123 817 τῆς
2155 772 2191 810 δὲ
2223 774 2258 810 ἐν

1211 822 1451 878 Ἀλεξανδρείᾳ
1470 825 1671 869 Ἀθανάσιος
1683 858 1691 874 ,
1708 826 1767 865 καὶ
1785 830 1845 874 τῆς
1862 828 1896 865 ἐν
1916 829 2180 868 Κωνσταντίνου
2194 830 2256 868 πό-

1210 881 1264 919 λει
1280 882 1442 928 Εὗδόξιος
1460 887 1523 931 τῆς
1542 883 1671 937 Ἀρείου
1691 885 1876 938 θρησκείας
1894 885 2115 931 διδάσκαλος.

1688 972 1774 1011 183.

1265 1046 1352 1081 Exc.
1371 1046 1485 1085 Salm.
1499 1060 1540 1096 p.
1557 1048 1632 1096 399
1652 1059 1661 1085 τ
1682 1047 1970 1091 Οὖαλεντινιανὸς
1984 1049 2001 1085 ὁ
2016 1047 2136 1099 μέγας,
2158 1049 2257 1088 Οὐα-

1209 1102 1409 1156 λεντινιανῷ
1431 1105 1606 1156 προσῆλθε
1622 1104 1707 1156 γυνὴ
1723 1104 1836 1156 χήρα,
1852 1108 1914 1152 τῆς
1930 1105 2048 1149 οὐσίας
2068 1108 2175 1154 αὐτῆς
2192 1107 2260 1146 ὑπὸ

1211 1160 1383 1200 Ῥοδανοῦ
1400 1163 1633 1213 πραιποσίτου
1651 1164 1880 1215 ἁρπαγείσης·
1905 1167 1923 1202 ὃ
1941 1163 1976 1203 δὲ
1996 1165 2161 1218 ἐπέτρεψε
2182 1168 2258 1205 Σα-

1210 1220 1360 1273 λουστίῳ
1380 1226 1495 1272 κρῖναι
1514 1221 1621 1268 αὐτὴν
1634 1252 1644 1268 ,
1667 1221 1726 1260 καὶ
1745 1222 1933 1274 κατεκρίθη
1951 1226 1968 1261 ὃ
1990 1223 2153 1267 Ῥοδανὸς
2171 1226 2258 1263 ἀπο’

1210 1278 1328 1316 δοῦναι
1348 1278 1392 1316 τὰ
1410 1279 1625 1331 ἁρπαγέντα.
1644 1280 1705 1324 Ὡς
1725 1281 1752 1318 δ’
1772 1282 1834 1319 οὐκ
1856 1281 2029 1329 ἐπείθετο,
2050 1282 2110 1320 καὶ
2129 1286 2150 1329 ἡ
2171 1282 2257 1334 γυνὴ

1209 1335 1340 1389 ὤχλει,
1357 1336 1501 1376 ἔκαυσεν
1521 1338 1623 1377 αὐτὸν
1646 1340 1680 1377 ἐν
1699 1341 1749 1391 τῷ
1765 1340 1974 1392 ἱπποδρόμῳ
1994 1342 2011 1378 ὁ
2030 1341 2204 1392 βασιλεύς.

1691 1427 1778 1472 184.

1264 1508 1354 1543 Exc.
1373 1509 1430 1544 De
1458 1507 1572 1543 insid.
1594 1521 1634 1556 p.
1657 1508 1706 1544 63
1739 1520 1747 1546 :
1781 1507 1868 1546 ”Οτι
1890 1506 1946 1545 ἐπὶ
1976 1508 2176 1552 Οὐάλεντος
2197 1512 2258 1547 τοῦ

1211 1564 1475 1616 ἀρειανόφρονος
1496 1564 1556 1603 καὶ
1578 1567 1791 1617 Γρατιανοῧ,
1814 1565 2010 1617 Προκόπιος
2034 1569 2095 1612 τῆς
2128 1569 2259 1618 σχολῆς

1211 1622 1489 1673 ἐπιλαὸόμενος,
1521 1624 1752 1662 ἐπανίσταται
1775 1628 1817 1677 τῇ
1846 1624 2111 1664 Κωνσταντίνου
2135 1626 2258 1676 πόλει,

1211 1681 1366 1734 ε’θορύὸει
1396 1697 1433 1720 τε
1456 1681 1499 1719 τὰ
1529 1683 1562 1719 ἐν
1587 1683 1675 1735 αὐτῇ
1700 1682 1861 1734 βασίλεια
1893 1684 2041 1730 ἱκανῶς,
2064 1685 2201 1722 πολλῶν
2221 1698 2258 1721 τε

1210 1739 1341 1791 γίνεται
1362 1739 1472 1789 φόνων
1489 1740 1549 1778 καὶ
1569 1743 1756 1793 συμφορῶν
1775 1740 1894 1784 αἴτιος.
1911 1740 1982 1780 Καὶ
1998 1741 2100 1794 μέχρι
2118 1742 2180 1791 μὲν
2201 1735 2258 1779 οὖν

1209 1798 1299 1842 τινὸς
1319 1802 1381 1845 τῆς
1401 1798 1510 1851 τύχης
1536 1799 1708 1851 διαφόρως
1727 1801 1822 1852 αὐτῷ
1843 1815 1879 1837 τε
1900 1799 1959 1837 καὶ
1980 1800 2151 1839 Οὐάλεντι
2172 1803 2258 1852 βρα-

1212 1856 1399 1904 ὃευούσης,
1422 1857 1541 1907 ἔμενεν
1567 1860 1584 1895 ὁ
1614 1857 1778 1909 τύραννος
1801 1857 1955 1904 ἀκλινής·
1975 1858 2094 1903 ἐπειδὴ
2126 1857 2161 1896 δὲ
2193 1857 2259 1895 ὑπὸ

1210 1919 1276 1954 τῶν
1295 1916 1389 1954 ἰδίων
1408 1916 1589 1966 ἐγυμνώθη
1604 1945 1614 1962 ,
1643 1916 1781 1965 δέσμιος
1805 1918 1839 1953 ἐν
1857 1916 2033 1969 Νακολείᾳ
2050 1917 2149 1955 πόλει
2166 1917 2258 1956 Οὐά-

1210 1976 1301 2012 λεντι
1320 1974 1517 2027 προσήχθη·
1538 1975 1611 2012 ἐκεῖ
1628 1989 1664 2012 τε
1686 1974 1756 2012 δύω
1776 1974 1922 2027 δένδρων
1943 1975 2088 2017 ἐκδεθεὶς
2109 1976 2258 2012 διεσπα-

105 2087 226 2128 guntur
238 2095 290 2127 ap.
306 2086 432 2118 suidam
442 2110 451 2126 ,
470 2087 524 2127 qui
538 2087 582 2118 ita
596 2087 697 2128 pergit
711 2096 719 2118 τ
739 2087 837 2122 Οὗτος
852 2086 929 2127 μετὰ
943 2087 1126 2124 Ἰουλιανὸν,
1141 2088 1182 2122 ὡς
1195 2086 1325 2127 ε’ίρηται,
1338 2090 1391 2124 τῆς
1405 2086 1572 2126 Ῥωμαίων
1588 2086 1748 2126 βασιλείας
1772 2086 1920 2127 ἐγκρατὴς
1933 2085 2095 2126 γενόμενος
2109 2109 2117 2124 ,
2132 2086 2257 2117 πάντων

105 2135 341 2175 καταφρονήσας
353 2134 524 2170 ἐσπούδαζε
535 2137 590 2165 τοῦ
605 2134 778 2174 συμὸάντος
792 2134 878 2174 αὐτῷ
893 2133 1066 2172 ἀξιώματος
1079 2133 1257 2164 ἀπολαῦσαι
1270 2158 1279 2173 ,
1293 2135 1346 2165 καὶ
1358 2134 1477 2175 φεύγων
1488 2134 1523 2165 ἐκ
1539 2134 1686 2173 Περσίδος
1699 2134 1828 2166 ἔσπευδε
1840 2134 1981 2171 γενέσθαι
1995 2136 2056 2164 τῶν
2070 2134 2256 2172 Ῥωμαϊκῶν

105 2182 198 2214 ἐθνῶν
217 2181 302 2218 ἐντὸς
323 2182 366 2218 εἰς
380 2181 520 2217 ἐπίδειξιν
541 2184 594 2219 τῆς
609 2181 704 2222 τύχης
719 2204 728 2220 ,
743 2182 795 2212 καὶ
812 2181 866 2218 τὴν
881 2180 1005 2212 Νίσιὸιν
1018 2180 1106 2211 πόλιν
1120 2182 1183 2215 τοῖς
1201 2180 1334 2220 Πέρσαις
1348 2203 1356 2218 ,
1378 2180 1474 2211 πάλαι
1488 2180 1655 2220 Ῥωμαίοις
1670 2179 1765 2211 οὖσαν
1785 2180 1942 2218 κατήκοον
1956 2204 1964 2219 ,
1979 2180 2152 2211 ἐκδίδωσιν.
2171 2179 2258 2212 Ἀπέ-

100 2240 247 2261 σκωπτον
267 2229 321 2260 οὖν
338 2229 433 2261 αὐτὸν
457 2230 550 2270 ᾠδαῖς
572 2230 626 2261 καὶ
650 2229 820 2271 παρῳδίαις
842 2230 895 2260 καὶ
911 2232 974 2265 τοῖς
996 2228 1196 2269 καλουμένοις
1209 2228 1392 2269 φαμώσσοις
1411 2227 1471 2267 (cs.
1491 2227 1582 2259 suid.
1600 2235 1630 2259 v.
1655 2226 1846 2267 Φάμωσσα)
1859 2251 1867 2266 ,
1885 2227 1936 2262 διὰ
1949 2228 2003 2265 τήν
2027 2231 2080 2265 τῆς
2104 2226 2258 2263 Νισίὸεως

100 2270 280 2317 Ιπροδοσίαν.
296 2276 334 2307 Ὁ
355 2276 388 2307 δὲ
412 2275 560 2312 Ἰοὸιανὸς
586 2276 622 2307 ἐκ
643 2280 697 2314 τῆς
719 2270 865 2316 γύναικὸς
879 2275 975 2307 αὐτοῦ
988 2277 1119 2312 κινηθεὶς
1132 2276 1184 2307 τὸν
1207 2276 1269 2307 ὑπὸ
1294 2275 1448 2315 Ἀδριανοῦ
1464 2277 1520 2306 τοῦ
1546 2275 1699 2316 βασιλέως
1722 2275 1884 2306 κτισθέντα
1909 2275 1983 2306 ναὸν
2005 2275 2207 2316 χαριέστατον
2230 2276 2259 2312 ἐς

98 2322 274 2354 ἀποθέωσιν
287 2325 342 2354 τοῦ
355 2323 469 2364 πατρὸς
489 2325 663 2364 Τραϊανοῦ,
678 2323 763 2364 παρὰ
785 2323 817 2354 δὲ
838 2325 894 2354 τοῦ
916 2322 1089 2353 Ἰουλιανοῦ
1115 2322 1350 2353 κατασταθέντα
1373 2322 1572 2362 βιὸλιοθήκην
1594 2322 1734 2363 εὐνούχῳ
1746 2323 1805 2354 τινὶ
1830 2321 1972 2362 Θεοφίλῳ
1986 2345 1996 2361 ,
2018 2322 2179 2359 κατέφλεξε
2203 2322 2260 2352 σὺν

99 2372 196 2401 πᾶσιν
210 2370 255 2406 οἷς
269 2370 335 2411 εἶχε
349 2370 478 2411 βιὸλίοις
489 2394 497 2407 ,
512 2371 615 2401 αὐτῶν
630 2374 691 2401 τῶν
705 2370 905 2401 παλλακίδων
921 2370 1131 2409 ὑφαπτουσῶν
1146 2368 1223 2409 μετὰ
1236 2369 1371 2408 γέλωτος
1383 2368 1438 2405 τὴν
1451 2367 1561 2407 πυράν.
1585 2369 1624 2399 Οἱ
1638 2369 1670 2399 δὲ
1693 2368 1854 2408 Ἀντιοχεῖς
1868 2367 2092 2407 ἠγανάκτησαν
2106 2367 2187 2398 κατὰ
2203 2370 2259 2398 τοῦ

101 2417 272 2458 βασιλέως,
285 2418 338 2448 καὶ
352 2417 392 2448 τὰ
406 2418 459 2457 μὲν
473 2417 657 2457 ἀπέρριπτον
671 2417 722 2447 διὰ
739 2416 866 2456 βιῧλίων
888 2416 918 2452 ἐς
941 2415 977 2447 τὸ
1000 2415 1109 2455 ἔδαφος
1122 2439 1131 2454 ,
1156 2415 1237 2447 ὥστε
1259 2415 1438 2456 ἀναίρεσθαι
1451 2415 1504 2447 τὸν
1527 2415 1715 2456 βουλόμενον
1740 2416 1793 2447 καὶ
1818 2414 2044 2455 ἀναγινώσκειν
2055 2423 2063 2431 ·
2090 2414 2130 2445 τὰ
2147 2413 2179 2445 δὲ
2194 2416 2257 2449 τοῖς

98 2465 216 2507 τοίχοις
227 2465 494 2506 προσεκόλλησαν.
509 2464 570 2497 Ἦν
584 2465 616 2496 δὲ
628 2467 758 2495 τοιαῦτα
771 2473 778 2480 ·

265 2524 394 2563 Ἤλυθες
408 2525 444 2556 ἐκ
457 2524 595 2564 πολέμου
604 2548 613 2564 ,
628 2525 670 2560 ὡς
684 2523 796 2564 ὤφελες
810 2522 913 2555 αὐτόθ’
927 2522 1065 2555 ὀλέσθαι·

101 2578 154 2609 καὶ
166 2600 175 2616 ,

269 2635 411 2676 Δύσπαρι
424 2659 434 2675 ,
451 2635 531 2671 εἶδος
545 2635 651 2676 ἄριστε
663 2660 673 2675 ,

101 2693 154 2724 καὶ
173 2692 213 2725 τὰ.
234 2693 320 2731 ἑξῆς·
343 2693 396 2724 καὶ
408 2716 418 2732 ,

270 2753 307 2783 Et
330 2751 372 2791 μὴ
396 2751 459 2791 ἐγώ
482 2761 518 2783 σε
541 2751 645 2782 λαὸὼν
668 2751 729 2783 ἀπὸ
754 2750 809 2791 μὲν
832 2750 905 2791 φίλα
927 2751 1042 2792 εἵματα
1063 2751 1173 2790 δύσω,

269 2798 398 2840 χλαῖνάν
414 2798 444 2829 τ’
461 2798 518 2836 ἠδὲ
536 2801 676 2839 χιτῶνα,
691 2797 732 2829 τά
752 2797 781 2829 τ’
803 2799 882 2829 αἰδῶ
906 2798 1134 2838 ἀμφικαλύπτει
1146 2807 1156 2816 ·

269 2846 362 2878 αὐτὸν
378 2845 411 2877 δὲ
429 2844 578 2876 κλαίοντα
599 2845 676 2881 θοῶς
696 2845 746 2876 ἐπὶ
770 2845 891 2886 Πέρσας
913 2845 1038 2886 ἀφήσω.

104 2906 201 2945 Γραῦς
219 2904 252 2935 δέ
267 2915 312 2940 τις
327 2906 422 2944 μέγαν
438 2904 492 2935 καὶ
507 2903 604 2935 καλὸν
624 2903 717 2934 αὐτὸν
734 2903 911 2944 θεασαμένη
921 2926 930 2942 ,
950 2903 1094 2944 μαθοῦσά
1115 2914 1149 2935 τε
1166 2902 1296 2938 ἀνόητον
1313 2900 1390 2933 εἶναι
1402 2923 1411 2940 ,
1433 2899 1596 2939 ἐφθέγξατο
1607 2910 1615 2918 ·
1631 2911 1648 2927 (ι
1662 2899 1762 2932 ‘'Oe-ov
1778 2902 1875 2940 μῆκος
1891 2898 1944 2930 καὶ
1967 2897 2060 2939 βάθος
2072 2897 2092 2934 ἡ
2107 2894 2220 2936 μωρία.
2243 2906 2258 2920 »⁷

105 2952 169 2983 Καὶ
186 2951 278 2988 ἄλλος
299 2952 331 2982 δὲ
350 2951 475 2988 ἰδιώτης
494 2950 716 2992 ἀποτολμήσας
737 2951 855 2992 μεγάλῃ
881 2954 918 2992 τῇ
937 2954 1022 2991 φωνῇ
1046 2952 1159 2992 βοῆσαι
1186 2951 1216 2983 ἐν
1241 2952 1286 2990 τῷ
1305 2941 1502 2987 ἱπποδρομίῳ
1516 2970 1526 2985 ,
1552 2947 1673 2986 γέλωτα
1693 2947 1832 2987 παρέσχε
1849 2949 1946 2978 πᾶσιν
1959 2968 1968 2984 ,
1996 2944 2092 2976 εἰπὼν
2110 2942 2185 2973 κενὰ
2208 2942 2259 2972 καὶ

106 3000 211 3040 ψυχρὰ
227 3003 265 3040 τῇ
280 2998 386 3039 ἡλικίᾳ
399 2998 506 3030 αὐτοῦ.
519 2999 581 3030 Καὶ
598 2998 736 3039 ἐπράχθη
751 2999 788 3030 ἂν
803 2999 906 3030 ἄτοπα
919 3023 928 3038 ,
943 3000 969 3029 εἷ
987 3000 1029 3040 μὴ
1047 2997 1232 3033 Σαλούστιός
1246 3007 1290 3031 τις
1304 2995 1422 3026 ἔπαυσε
1434 2994 1489 3030 τήν
1503 2994 1627 3026 στάσιν.
1642 2994 1680 3026 Ὁ
1692 2994 1724 3026 δὲ
1737 2994 1886 3029 Ἰοὸιανὸς
1905 2994 2058 3033 χειμῶνος
2071 2989 2157 3024 ὄντος
2171 2989 2259 3020 ὡδοι-

104 3046 191 3087 πόρει
208 3046 257 3077 ἐπὶ
273 3045 414 3077 Κιλικίαν
427 3046 480 3077 καὶ
494 3045 664 3084 Γαλατίαν,
678 3046 731 3076 καὶ
747 3045 778 3076 ἐν
792 3045 1004 3082 Δαδαστάνοις
1023 3046 1156 3077 ἀπέθανε
1167 3068 1176 3083 ,
1194 3044 1317 3084 μύκητα
1332 3041 1590 3081 πεφαρμαγμένον
1611 3041 1727 3081 φαγών.
1747 3041 1836 3072 Κατὰ
1850 3040 1883 3071 δὲ
1901 3040 1957 3077 τὴν
1973 3035 2140 3078 ἡγεμονίαν
2160 3035 2260 3069 κοινὸς

106 3093 159 3123 καὶ
175 3093 342 3132 ἐλευθέριος
357 3092 455 3128 ἔδοξεν
474 3092 567 3123 εἶναι.
587 3093 670 3123 Cum
685 3091 854 3131 postremis
867 3092 907 3123 cs.
924 3094 1058 3132 Eutrop.
1071 3092 1092 3123 1.
1110 3093 1131 3123 Ι.
1146 3105 1153 3123 ·.
1171 3094 1216 3123 Ac
1230 3088 1440 3127 beniqnitaee
1449 3089 1660 3127 principum,
1680 3088 1740 3128 qui
1755 3088 1786 3118 ei
1799 3085 2048 3123 successerunt,
2065 3083 2156 3113 inter
2170 3081 2261 3112 divos

107 3140 244 3171 relatus
262 3142 324 3171 est.
341 3141 433 3171 Nam
447 3141 480 3171 et
496 3139 667 3171 civilitate
680 3140 836 3179 propior,
857 3140 891 3170 et
907 3141 1038 3171 natura
1057 3138 1246 3170 admodum
1260 3133 1514 3173 liberalisfuit.
1535 3134 1686 3165 Ceterum
1705 3142 1734 3165 v.
1749 3133 1929 3165 Tillemont.
1947 3133 2002 3170 lv,
2020 3139 2051 3170 p.
2070 3130 2126 3160 584
2143 3129 2174 3159 et
2187 3130 2258 3160 702.

151 3190 203 3219 Fr·
231 3190 300 3219 182·
323 3186 440 3218 Eadem
455 3186 568 3219 SUidaS
581 3194 613 3216 V·
629 3185 892 3220 Οὒαλεντινιανὸς.
907 3186 1026 3217 -ἐπὶ
1043 3185 1081 3216 δὲ
1097 3183 1199 3224 τοῖς]
1215 3182 1264 3214 ἐπί
1283 3193 1315 3213 τε
1331 3182 1394 3216 τοῖς
1410 3180 1516 3211 Suidae
1529 3180 1601 3211 cod.
1618 3183 1656 3212 Α.
1670 3198 1711 3203 -
1725 3178 2064 3221 μεταποιούμενος
2083 3175 2160 3206 κτλ.
2174 3174 2184 3215 ]
2204 3184 2259 3228 με·

108 3233 331 3274 ταποιούμενος
343 3234 475 3270 πολλοὺς
486 3233 614 3274 ἐξορίαις
627 3233 774 3264 ὑπέὸαλε.
791 3232 868 3265 Καθ’
886 3232 920 3263 ὃν
934 3232 1043 3274 χρόνον
1060 3232 1126 3263 κτλ.
1145 3230 1267 3262 suidas.
1282 3248 1322 3252 —
1335 3226 1481 3267 ἐκίνει]
1497 3226 1589 3258 ἐνίκει
1606 3227 1680 3259 cod.
1694 3245 1734 3250 -
1747 3230 1811 3265 τῆς
1830 3228 1870 3258 Κ.
1886 3225 2034 3259 πόλεως
2047 3222 2058 3264 ]
2077 3222 2108 3253 ἐν
2120 3222 2158 3252 Κ.
2173 3221 2260 3252 πολει

108 3280 232 3312 διιῖάειο.

151 3327 203 3356 Fr.
223 3327 293 3356 183.
314 3323 458 3356 Eandem
471 3333 542 3358 rem
557 3326 666 3357 narrat
679 3325 792 3357 suidas
807 3334 836 3357 v.
854 3325 1040 3363 Σαλούστιος
1059 3324 1154 3365 (vide
1173 3323 1309 3364 Eunapii
1324 3323 1359 3355 fr.
1376 3321 1458 3363 30),
1474 3321 1595 3354 Chr-on.
1615 3321 1729 3354 Pasch.
1754 3329 1786 3361 p.
1811 3323 1889 3359 558,
1907 3317 2070 3351 cedrenus
2084 3317 2117 3354 1,
2140 3322 2172 3354 p.
2197 3311 2258 3345 544

111 3371 184 3403 edd.
201 3372 301 3402 Bonn.
326 3372 358 3402 et
377 3374 513 3411 Symeon
528 3371 689 3410 logotheta
705 3372 736 3403 in
757 3372 876 3404 chron.
897 3381 959 3404 ms.

153 3420 203 3449 Fr.
225 3419 292 3450 184.
313 3418 340 3449 N
350 3428 370 3449 α
380 3428 400 3448 κ
409 3418 451 3449 ολ
460 3429 474 3449 ε
486 3418 495 3449 ί
505 3417 546 3458 ᾳ]
565 3418 731 3460 Νακωλεία
744 3418 817 3450 cod.
