2326 3724
141 242 212 277 108

134 327 197 374 γῆς
216 325 276 370 τῆς
295 320 460 375 σφετέρας
479 324 627 373 φρουρᾶς
648 319 906 370 ἐπιμελεῖσθαι,
933 317 1036 356 πάλιν
1058 317 1176 369 ἄπρα-

136 397 210 420 κτοι
230 379 471 425 ἐπανέξευξαν.

627 448 688 484 38.

187 540 336 576 Ibidem
363 552 405 587 p.
440 543 503 582 44.
540 536 587 580 45
620 549 628 572 :
654 534 738 573 ςὈτι
762 533 927 586 Δεγγιζὶχ
945 533 1097 584 πόλεμον
1121 534 1178 572 ἐπὶ

136 595 333 647 Ῥωμαίους
355 594 592 645 ἐπενεγκόντος
611 593 670 631 καὶ
690 596 732 644 τῇ
762 597 820 631 τοῦ
837 591 977 644 Ἴστρου
997 608 1178 646 προσκαρ-

134 659 310 708 τεροῧντος
332 654 383 705 (f.
406 668 489 692 exc.
511 652 596 704 ὄχθῃ
616 654 725 690 Nieb.
742 652 753 702 )
770 681 780 698 ‚
799 655 899 689 τοῦτο
919 650 1038 701 μαθὼν
1055 653 1073 688 ὁ
1092 651 1177 703 Ὀρ-

141 713 317 763 νιγίσκλου
337 711 462 764 (αὐτὸς
486 709 551 762 γὰρ
572 703 643 761 εἶχε
667 708 729 755 τὴν
746 708 830 758 πρὸς
851 711 901 761 τῷ
918 707 1063 761 Θρᾳκίῳ
1083 707 1179 760 μέρει

135 775 195 810 τοῦ
215 773 375 820 ποταμοῦ
398 768 554 821 φυλακήν
569 769 596 818 ),
617 770 655 806 ἐκ
679 770 747 805 τῶν
765 767 854 819 ἀμφ’
874 766 976 805 αὐτὸν
1000 766 1180 818 ἐκπέμψας

137 829 344 868 ἐπυνθάνετο
374 826 395 865 ὅ
418 843 451 864 τι
473 825 675 878 βουλόμενοι
701 824 785 877 πρὸς
806 824 925 876 μάχην
953 824 1181 876 παρασκευά-

137 889 267 932 ζονται.
291 886 336 925 ‘0
357 885 392 923 δὲ
412 883 576 935 Δεγγιζὶχ
591 887 651 921 τοῦ
669 882 879 931 Ἀναγάστου
896 881 1181 932 κατολιγωρήσας

137 945 215 988 τοὺς
234 947 291 982 ὑπ’
311 945 416 981 αὐτοῦ
440 941 656 994 πεμφθέντας
678 940 874 992 ἀπράκτους
893 940 1008 990 ἠφίει,
1029 938 1125 991 παρὰ
1145 939 1179 976 δὲ

137 1003 195 1040 τὸν
211 1000 356 1054 βασιλέα
371 1000 447 1043 τοὺς
465 999 724 1050 διαλεξομένους
740 998 911 1046 ἔστελλεν,
928 1001 992 1045 ὡς,
1009 1000 1037 1036 εἷ
1053 997 1101 1048 μὴ
1116 1001 1181 1048 γῆν

138 1061 198 1098 καὶ
225 1059 394 1112 χρήματα
416 1060 508 1110 αὐτῷ
530 1058 617 1109 [καὶ
646 1058 720 1109 τῷ]
740 1056 898 1109 ἑπομένῳ
919 1055 990 1109 δῴη
1020 1060 1178 1110 στρατῷ,

137 1119 290 1168 πόλεμον
311 1117 441 1162 ἐπάξει.
465 1119 545 1156 Τῶν
564 1116 600 1154 δὲ
620 1118 704 1167 παρ’
733 1116 863 1154 ἐκείνου
880 1115 1059 1168 πρέσὸεων
1085 1117 1118 1159 ἐς
1139 1114 1182 1153 τὰ

140 1177 301 1229 βασίλεια
321 1176 537 1228 ἀφικομένων
558 1174 617 1212 καὶ
642 1175 686 1212 τὰ
705 1175 819 1218 αὐτοῖς
840 1173 1045 1211 ἐνταλθέντα
1066 1175 1182 1224 ἀπαγ-

136 1235 340 1286 γειλάντων,
364 1233 574 1286 ἀπεκρίνατο
596 1231 760 1284 βασιλεὺς
782 1232 927 1281 ἑτοίμως
947 1232 1038 1284 ἔχειν
1065 1231 1181 1270 πάντα

136 1298 260 1339 ποιεῖν,
280 1291 349 1343 εἴγε
371 1292 647 1340 ὑπακουσόμενοι
672 1291 767 1341 αὐτῷ
786 1290 1071 1343 παραγένωνται·
1095 1290 1182 1343 χαί-

139 1366 207 1403 ρειν
229 1349 297 1404 γὰρ
317 1357 386 1394 τοῖς
408 1350 478 1388 ἀπὸ
497 1352 564 1387 τῶν
584 1351 715 1402 ἐχθρῶν
733 1349 791 1387 ἐπὶ
811 1348 997 1402 συμμαχίᾳ
1019 1350 1184 1402 ἀφικνου-

175 1409 183 1420 1

140 1425 264 1460 μενοις.

352 1498 413 1548 39.
436 1499 494 1549 (c.
515 1499 612 1546 467,
633 1501 749 1535 Leon.
770 1511 830 1535 an.
859 1498 944 1547 11.)

193 1592 293 1627 lbid.
316 1605 356 1640 p.
382 1591 444 1635 45.
465 1592 513 1635 46
533 1604 541 1629 t
559 1589 643 1630 ’Ότι
663 1589 878 1641 Ἂναγάστου
896 1589 955 1628 καὶ
973 1589 1182 1629 Βασιλίσκου

139 1648 199 1686 καὶ
220 1647 394 1699 Ὀστρύου
415 1649 472 1687 καὶ
493 1649 608 1687 ἄλλων
628 1652 730 1687 τινῶν
760 1651 964 1701 στρατηγῶν
995 1648 1183 1699 Ῥωμαίων

139 1705 215 1749 τοὺς
236 1706 381 1749 Γότθους
400 1705 433 1750 ἔς
459 1722 534 1744 τινα
560 1708 674 1744 κοῖλον
694 1709 808 1758 χῶρον
828 1706 1107 1757 συγκλεισάντων
1125 1708 1184 1744 καὶ

140 1764 427 1816 πολιορκούντων,
448 1766 541 1818 λιμῷ
559 1780 594 1802 τε
611 1764 823 1812 πιεζομένων
840 1767 907 1802 τῶν
929 1766 1072 1803 Σκυθῶν
1094 1764 1183 1802 σπά-

138 1837 189 1859 νει
217 1825 285 1860 τῶν
306 1822 524 1870 ἐπιτηδείων,
553 1821 743 1874 πρεσὸείαν
764 1821 860 1875 παρὰ
881 1822 958 1866 τοὺς
987 1822 1185 1873 Ῥωμαίους

141 1880 377 1928 ποιήσασθαι,
407 1880 496 1918 ὥστε
529 1880 651 1924 αὖτοὺς
683 1880 854 1920 ἐνδιδόασι
882 1881 1089 1932 νεμομένους
1122 1885 1185 1933 γῆν

139 1939 323 1977 ὑπακούειν
344 1940 457 1976 αὐτῶν
477 1939 511 1982 ἐς
529 1937 550 1975 ὅ
565 1955 597 1976 τι
618 1939 659 1976 ἂν
676 1938 820 1979 θέλοιεν.
842 1941 922 1978 Τῶν
946 1939 980 1977 δὲ
1001 1939 1058 1977 ἐπὶ
1081 1943 1185 1991 βασι-

137 1995 200 2034 λέα
222 1996 284 2043 τὴν
301 1997 439 2034 ἐκείνων
456 1997 569 2049 φέρειν
598 1996 885 2049 ἀποκριναμένων
903 1997 1112 2049 πρεσὸείαν,
1127 1997 1186 2036 καὶ

137 2110 200 2142 qne
224 2110 281 2133 sua
300 2102 382 2133 tueri
401 2105 433 2134 et
451 2102 640 2142 defendere,
665 2104 698 2134 et
719 2103 759 2134 de
781 2103 845 2135 suis
869 2103 995 2135 arcibus
1012 2103 1186 2135 sollicitum

137 2163 223 2195 esse,
235 2164 343 2187 rursus
356 2164 390 2188 re
406 2164 472 2187 non
485 2155 615 2187 obtenta
625 2180 634 2196 ,
650 2156 742 2196 legati
756 2156 797 2188 ad
812 2165 887 2189 suos
902 2156 1020 2189 reversi
1037 2158 1121 2189 sunt.

631 2211 689 2243 38.

180 2263 348 2304 Dengisicb
374 2264 494 2296 bellum
523 2265 675 2297 Romanis
696 2265 834 2298 inferens
857 2266 929 2298 istri
955 2265 1031 2306 ripae
1059 2266 1185 2299 institit.

139 2317 234 2355 Quod
255 2317 308 2348 uhi
334 2317 503 2357 Ornigiscli
522 2317 845 2358 iilius(Anc19asees)
866 2319 1023 2359 comperit
1043 2319 1088 2359 (is
1102 2319 1134 2350 in
1151 2327 1188 2351 ea

141 2372 230 2410 parte
251 2369 394 2401 Thraciae
417 2379 490 2410 quae
512 2371 551 2402 ad
578 2372 694 2403 Istrum
716 2373 782 2410 est,
815 2372 968 2403 custodiae
986 2371 1064 2412 ripae
1082 2371 1188 2403 flumi-

140 2422 190 2452 nis
205 2421 373 2461 praefectus
386 2422 455 2452 erat
465 2422 490 2460 )‚
502 2430 558 2461 per
567 2431 642 2454 suos
654 2431 695 2454 ex
711 2431 748 2454 eo
761 2423 922 2463 quaesivit,
935 2432 1031 2463 quem
1045 2423 1077 2454 in
1092 2423 1187 2455 tinem

141 2472 209 2504 acie
222 2472 385 2503 decertare
395 2472 501 2504 vellet.
514 2474 574 2504 Sed
584 2473 751 2513 Dengisich
762 2476 954 2513 Anagastum
966 2475 1186 2514 contemnens,

140 2525 181 2556 ab
198 2534 236 2556 eo
257 2525 369 2556 missos
388 2534 421 2556 re
442 2524 559 2556 insecta
574 2525 712 2565 dimisit,
729 2528 761 2558 et
781 2536 835 2566 per
858 2527 979 2567 legatos
999 2527 1184 2567 imperatori

140 2576 353 2615 denuntiavit,
368 2584 401 2607 se
417 2576 536 2607 Delium
547 2576 723 2616 illaturum,
739 2578 797 2609 nisi
814 2578 872 2609 sibi
884 2578 1012 2618 suisque
1023 2580 1142 2610 terram
1156 2579 1188 2610 et

142 2627 294 2668 pecunias
311 2627 578 2659 subministraret.
603 2629 727 2668 Legatis
748 2629 780 2660 in
800 2629 918 2669 regiam
938 2629 1130 2662 introductis
1155 2631 1187 2662 et

143 2678 295 2710 mandata
312 2679 547 2718 exponentibus
560 2679 733 2719 imperator
745 2681 917 2720 respondit,
932 2690 966 2712 se
976 2682 1084 2713 omnia
1097 2690 1188 2722 para-

142 2733 212 2763 tum
232 2740 299 2763 esse
313 2732 434 2770 facere,
450 2731 476 2762 si
491 2741 548 2763 suo
564 2732 699 2772 imperio
715 2733 846 2774 obsequi
869 2734 990 2765 vellent
1005 2744 1011 2765 τ
1026 2734 1086 2766 sibi
1102 2734 1187 2766 enim

143 2785 325 2824 pergratum
346 2785 378 2814 et
392 2783 573 2822 jucundum
593 2793 678 2824 esse,
696 2785 722 2817 si
744 2785 874 2826 quando
898 2785 1018 2817 inimici
1033 2786 1066 2818 in
1086 2786 1189 2819 soedus

142 2834 393 2873 societatemque
407 2834 587 2866 transirent.

632 2888 688 2922 39.

185 2943 368 2981 Anagastes,
382 2941 550 2973 Basiliscus
563 2943 594 2974 et
611 2944 742 2983 Ostryes
758 2945 790 2976 et
802 2944 855 2976 alii
871 2945 1000 2985 qnidam
1013 2945 1112 2977 duces
1127 2947 1189 2977 Ro-

145 2993 231 3025 mani
249 2993 280 3024 in
295 2993 399 3023 locum
420 2992 593 3033 abruptum
609 2996 640 3025 et
653 3003 831 3027 concavum
845 2997 968 3028 Gothos
979 2997 1117 3028 inclusos
1133 2997 1190 3028 ob·

144 3044 306 3076 sederunt.
329 3043 374 3075 lbi
392 3044 531 3084 Scythae,
549 3045 694 3076 victuum
706 3046 810 3087 inopia
822 3047 1014 3087 laborantes,
1030 3050 1190 3080 Romanos

146 3095 250 3127 missis
265 3094 376 3135 legatis
391 3095 542 3126 certiores
558 3096 711 3135 fecerunt,
731 3106 776 3137 se,
794 3099 876 3129 sacta
891 3099 1069 3139 deditione,
1082 3100 1188 3131 omni-

145 3147 208 3179 bus
225 3154 299 3186 quae
319 3146 488 3177 statuerint
506 3147 680 3187 parituros,
697 3148 794 3180 modo
818 3149 878 3180 sibi
900 3151 1020 3181 terram
1045 3150 1085 3181 ad
1103 3151 1190 3183 inha-

122 3220 127 3224 -
147 3198 314 3231 bitandum
331 3198 518 3231 concedant.
534 3201 668 3232 Romani
683 3203 934 3242 responderunt,
949 3212 983 3235 se
995 3203 1035 3235 ad
1050 3204 1184 3245 impera-

147 3253 252 3283 torem
260 3258 370 3281 eorum
379 3250 536 3290 postulata
544 3251 715 3284 delaturos.
728 3254 769 3284 At
779 3254 908 3292 Scythae
919 3255 1048 3295 propter
1059 3255 1189 3295 samem,

149 3309 222 3343 quae
238 3310 292 3333 eos
306 3301 487 3343 premebat,
504 3303 677 3343 transigere
701 3305 782 3336 velle
807 3305 976 3346 dixerunt,
999 3316 1102 3348 neque
1118 3309 1189 3340 lon-

147 3355 250 3395 giores
267 3363 373 3386 moras
389 3354 470 3387 ferre
485 3364 587 3395 posse.
610 3358 693 3388 Tum
714 3358 865 3390 Romanis
877 3359 1042 3390 ordinibus
1064 3369 1189 3401 praepo-

149 3405 222 3446 siti,
238 3405 346 3438 habito
371 3407 513 3447 consilio,
539 3408 694 3449 tantisper
713 3408 790 3441 dum
815 3410 987 3450 imperator
1013 3411 1104 3444 aliter
1121 3414 1185 3444 sta-

999 227 1161 268 Pmscl
1189 226 1395 266 PANITAE

1238 317 1306 353 τῶν
1329 312 1514 366 βαρίῗάρων
1534 315 1592 350 τοῦ
1612 313 1716 362 λιμοῦ
1737 309 1815 363 πέρι
1834 315 1921 362 σφᾶς
1939 307 2054 347 &geom
2073 309 2196 348 ἐθέλειν
2218 309 2278 352 τὰς

1239 371 1429 422 συμὸάσεις
1448 370 1621 423 φαμένων,
1639 369 1698 407 καὶ
1719 368 1768 419 μὴ
1787 367 1875 411 οἵους
1893 383 1930 404 τε
1947 362 2034 405 εἶναι
2053 366 2187 419 μακρὰς
2201 382 2278 404 ποι·
2323 367 2326 370 ’

1241 432 1351 468 εῖσθαι
1369 427 1553 480 ἀνακωχὰς
1566 459 1575 476 ,
1601 428 1842 480 βουλευόμενοι
1863 427 1893 464 οῖ
1919 425 1980 468 τὰς
1994 425 2204 482 Ῥωμαϊκὰς
2223 426 2280 463 τά·
2324 439 2326 453 ³

1239 487 1305 532 ξεις
1335 487 1526 533 διέποντες,
1556 485 1682 538 τροφὰς
1710 483 1918 536 ’χορηγήσειν
1944 485 2058 525 αὐτοῖς
2089 482 2281 534 ὑπέσχοντο

1240 546 1323 598 ἄχρι
1335 549 1396 591 τῆς
1413 544 1582 596 βασιλέως
1597 546 1803 596 ἐπιτροπῆς,
1820 542 1887 594 εἴγε
1903 548 1990 594 σφᾶς
2004 540 2125 584 αὐτοὺς
2142 542 2282 578 διέλοιεν

1238 604 1355 655 ὥσπερ
1372 603 1430 640 καὶ
1449 603 1488 640 τὸ
1507 602 1708 652 Ῥωμαϊκὸν
1725 601 1938 652 διακέκριται
1963 602 2104 646 πλῆθος·
2117 614 2124 622 ·
2145 597 2283 637 ἔσεσθαι

1240 662 1308 713 γὰρ
1329 662 1441 698 αὐτῶν
1470 659 1595 712 ῥᾳδίως
1616 659 1721 702 οὕτως
1741 658 1954 708 ἐπιμέλειαν,
1974 660 2007 702 ἐς
2035 657 2111 700 τοὺς
2131 659 2282 710 κληρου-

1243 719 1363 770 μένους
1385 718 1444 756 καὶ
1461 719 1523 755 οὒκ
1543 719 1590 760 εἷς
1609 717 1740 760 πάντας
1757 716 2024 754 ἀποὸλεπόντων
2043 719 2111 754 τῶν
2133 730 2286 768 στρατη-

1241 779 1325 828 γῶν,
1345 776 1442 828 οἵπερ
1462 778 1495 818 ἐς
1510 775 1707 828 φιλοτιμίαν
1725 778 1868 827 δρῶντες
1885 774 1970 826 πρὸς
1988 774 2050 820 τὴν
2065 775 2178 812 αὐτῶν
2194 772 2286 811 πάν-

1243 850 1310 877 τως
1329 833 1626 884 ἇμιλληθήσονται
1648 833 1948 882 (ἀμεληθήσονται
1967 833 2068 880 conj.
2094 833 2284 882 Cantocl.)

1240 892 1400 941 κομιδήν.
1424 894 1506 931 Τῶν
1525 891 1560 929 δὲ
1580 894 1723 930 Σκυθῶν
1743 890 1824 935 τοὺς
1844 890 2123 941 ἀπαγγελθέντας
2140 889 2197 928 διὰ
2215 892 2284 928 τῶν

1242 950 1422 1002 πρέσὸεων
1442 949 1728 1002 προσδεξαμένων
1749 949 1869 1000 λόγους
1885 949 1944 987 καὶ
1961 951 1993 992 ἐς
2012 948 2181 991 τοσαύτας
2198 954 2286 1000 σφᾶς

1244 1008 1367 1052 αὐτοὺς
1395 1007 1571 1052 ταξάντων
1592 1007 1733 1059 μοίρας,
1754 1009 1787 1050 ἐς
1806 1008 1962 1058 ὅσασπερ
1981 1007 2040 1044 καὶ
2060 1008 2091 1044 οἱ
2111 1005 2285 1055 Ῥωμαῖοι

1245 1066 1453 1120 διεκέκριντο
1463 1097 1472 1114 ,
1491 1066 1652 1118 Χελχὰλ,
1665 1069 1723 1103 τοῦ
1738 1065 1880 1104 Οὔννων
1897 1065 2012 1116 γένους
2026 1064 2114 1116 ἀνὴρ
2126 1064 2187 1105 καὶ
2202 1066 2286 1102 ὑπο-

1247 1125 1438 1177 στράτηγος
1456 1127 1523 1162 τῶν
1540 1124 1724 1162 διεπόντων
1743 1123 1786 1160 τὰ
1800 1121 1975 1174 Ἄσπαρος
1991 1122 2173 1173 τάγματα,
2190 1120 2287 1173 παρὰ

1245 1183 1307 1229 τὴν
1326 1185 1564 1235 ἐπιλαχοῧσαν
1583 1184 1697 1225 αὐτοῖς
1716 1180 1933 1232 βαρὸαρικὴν
1952 1181 2075 1231 μοῖραν
2089 1179 2208 1227 ἐλθὼν,
2229 1179 2288 1218 καὶ

1243 1245 1311 1280 τῶν
1331 1241 1469 1281 Γότθων
1491 1240 1663 1294 (πλείονες
1692 1239 1727 1277 δὲ
1747 1242 1814 1278 τῶν
1834 1240 1950 1278 ἄλλων
1976 1239 2152 1292 ὑπῆρχον)
2175 1254 2287 1289 μετα-

1243 1302 1469 1353 πεμψάμενος
1499 1299 1577 1343 τοὺς
1605 1299 1755 1350 λογάδας
1784 1299 1924 1336 τοιῶνδε
1957 1299 2145 1343 ἐποιήσατο
2174 1297 2287 1349 λόγων

1245 1359 1372 1410 ἀρχὴν,
1391 1361 1436 1401 ὡς
1462 1357 1565 1395 δώσει
1586 1356 1648 1408 μὲν
1676 1359 1792 1400 αὐτοῖς
1817 1359 1882 1407 γ’ἧν
1910 1358 1927 1393 ὃ
1949 1354 2130 1408 βασιλεὺς,
2158 1357 2220 1394 οὐκ
2241 1357 2288 1399 εἷς

1245 1415 1412 1469 σφετέραν
1428 1416 1462 1454 δὲ
1478 1418 1590 1454 αὐτῶν
1604 1415 1736 1465 ὄνησιν,
1757 1414 1847 1453 ἀλλὰ
1863 1420 1933 1458 τοῖς
1944 1414 1978 1452 ἔν
1993 1430 2106 1468 σφισιν
2126 1414 2284 1457 Οὔννοις.

1247 1475 1400 1518 Τούτους
1420 1474 1487 1526 γὰρ
1507 1474 1681 1527 ὀλιγώρως
1695 1473 1881 1524 γεηπονίας
1899 1472 2041 1526 ἔχοντας
2059 1472 2155 1519 δίκην
2171 1471 2286 1511 λύκων

1245 1531 1307 1576 τὰς
1325 1534 1438 1570 αὐτῶν
1458 1533 1619 1576 ἐπιόντας
1639 1532 1890 1585 διαρπάζεσθαι
1909 1531 2054 1583 τροφὰς,
2075 1530 2166 1569 ὥστε
2184 1534 2287 1583 θερα-

1245 1590 1381 1628 πόντων
1408 1590 1501 1635 τάξιν
1521 1590 1710 1643 ἐπέχοντας
1729 1594 1788 1637 τῆς
1817 1589 1955 1628 ἐκείνων
1976 1589 2077 1628 ἕνεκα
2101 1590 2287 1628 ταλαιπω-

1248 1653 1379 1702 ρεῖσθαι
1407 1653 1550 1702 τροφῆς,
1571 1648 1698 1702 καίπερ
1719 1650 1751 1691 ἐς
1779 1647 1833 1685 ἀεί
1860 1664 1943 1686 ποτε
1963 1649 2032 1692 τοῖς
2062 1646 2205 1691 Οὔννοις
2227 1651 2288 1685 τοῦ

1249 1707 1386 1747 Γότθων
1411 1709 1528 1758 γένους
1549 1707 1720 1746 ἀσπόνδου
1742 1707 1995 1757 διαμείναντος,
2015 1706 2074 1744 καὶ
2103 1709 2141 1744 ἐκ
2161 1705 2290 1759 προγό-

1248 1764 1316 1804 νων
1348 1765 1410 1813 τὴν
1444 1767 1558 1804 αὐτῶν
1592 1767 1780 1817 ἀποφυγεῖν
1812 1765 2008 1817 ὁμαιχμίαν
2042 1764 2286 1814 ὀμοσαμένων,

1246 1825 1297 1878 ἐφ’
1311 1819 1340 1878 ᾧ
1359 1825 1418 1863 καὶ
1434 1823 1544 1877 δ’ρκων
1562 1825 1717 1877 πατρίων
1731 1823 1815 1876 πρὸς
1832 1828 1874 1876 τῇ
1892 1826 1960 1862 τῶν
1977 1824 2111 1861 οἰκείων
2127 1823 2287 1875 στερήσει

1246 1886 1486 1935 καταφρονεῖν.
1509 1882 1622 1921 Αὖτὸν
1640 1881 1694 1928 δὲ,
1715 1883 1744 1920 εἷ
1763 1881 1822 1920 καὶ
1838 1883 1877 1920 τὸ
1897 1881 2039 1921 Οὔννων
2059 1882 2161 1933 αὐχεῖ
2179 1881 2289 1932 γένος,

1247 1940 1466 1988 δικαιοσύνης
1482 1941 1578 1994 πόθῳ
1597 1941 1680 1979 τάδε
1701 1940 1786 1992 πρὸς
1803 1939 1926 1983 αὖτοὺς
1945 1939 2085 1978 εἰπόντα
2103 1939 2289 1977 δεδωκέναι

1249 1999 1329 2051 περὶ
1345 2003 1404 2037 τοῦ
1421 1999 1597 2052 πρακτέου
1619 1999 1763 2051 βουλήν.
1782 1997 1868 2038 Ἐπὶ
1885 1998 2014 2042 τούτοις
2027 2000 2058 2036 οἳ
2076 1997 2196 2038 Γότθοι
2213 1999 2290 2035 δια-

1246 2106 1370 2145 tueret,
1401 2106 1552 2138 alimenta
1578 2115 1612 2137 se
1635 2106 1828 2146 praebituros
1845 2105 1978 2145 polliciti
2004 2105 2097 2143 sunt,
2112 2105 2139 2136 si
2163 2104 2288 2144 Scythae

1246 2159 1464 2190 Romanorum
1478 2167 1567 2190 inore
1589 2158 1750 2190 exercitus
1771 2158 1804 2189 in
1819 2158 1923 2198 partes
1944 2157 2074 2198 seipsos
2098 2156 2288 2188 dividerent.

1246 2210 1298 2241 Sic
1310 2209 1395 2241 enim
1409 2209 1533 2242 facilius
1552 2218 1606 2242 eos
1618 2233 1627 2249 ,
1656 2218 1757 2250 quum
1772 2209 1884 2249 singuli
1899 2208 2026 2240 ordines
2038 2232 2047 2248 ,
2062 2217 2127 2240 non
2151 2207 2291 2240 universi

1245 2261 1340 2292 simul
1354 2261 1539 2301 respiciendi
1552 2262 1668 2300 essent,
1683 2269 1702 2292 a
1715 2260 1852 2292 ducibus
1867 2260 1971 2291 curari
1985 2269 2076 2301 posse
2088 2283 2096 2299 ,
2108 2260 2224 2300 quippe
2233 2259 2289 2300 qui

1250 2321 1327 2344 cura
1349 2314 1382 2344 et
1402 2312 1564 2353 diligentia
1579 2312 1661 2345 inter
1677 2321 1711 2344 se
1735 2312 1798 2344 sint
1814 2310 1977 2343 certaturi.
2022 2311 2134 2351 ltaque
2163 2311 2289 2351 Scythae

1251 2365 1311 2403 bis,
1326 2374 1400 2405 quae
1415 2365 1508 2405 legati
1522 2365 1763 2404 renuntiarunt,
1779 2366 1972 2406 paruerunt,
1989 2372 2086 2404 seque
2105 2364 2135 2395 in
2155 2363 2289 2396 totidem

1250 2416 1379 2448 ordines
1403 2416 1655 2457 distribuerunt,
1687 2417 1720 2448 in
1739 2426 1820 2457 quos
1843 2417 1975 2449 Romani
1999 2417 2090 2448 erant
2115 2415 2289 2448 distributi.

1247 2471 1319 2507 Quo
1348 2470 1433 2501 sacto
1456 2470 1608 2521 Chelcbpl
1619 2494 1628 2509 ‚
1661 2478 1775 2510 genere
1803 2471 1958 2509 liumus,
1988 2469 2042 2510 qui
2059 2468 2235 2501 secundum
2251 2468 2292 2500 ab

1247 2525 1366 2563 Aspare
1376 2522 1499 2562 imperii
1513 2522 1647 2562 gradum
1663 2523 1696 2554 in
1709 2531 1775 2562 eos,
1792 2523 1848 2563 qui
1860 2522 1920 2554 sub
1933 2531 1971 2554 eo
1984 2521 2110 2554 ordines
2118 2521 2290 2562 ducebant,

1246 2574 1391 2612 tenebat,
1404 2573 1627 2614 barbarorum,
1638 2583 1713 2614 qnae
1727 2575 1792 2606 suis
1804 2574 1969 2605 ordinibus
1982 2574 2170 2612 accesserat,
2181 2572 2293 2604 cohor·

1246 2626 1312 2657 tem
1328 2625 1457 2665 obiens,
1475 2625 1507 2656 in
1525 2634 1588 2665 qua
1607 2627 1699 2657 erant
1720 2626 1827 2666 plures
1839 2634 1973 2658 numero
1992 2625 2110 2664 Gothi,
2131 2633 2228 2666 quam
2240 2634 2291 2656 re-

1246 2677 1343 2716 liqui,
1357 2677 1466 2708 accitis
1484 2677 1678 2716 primoribus
1696 2677 1882 2716 hujusmodi
1899 2677 2076 2708 orationem
2098 2676 2215 2708 habere
2227 2685 2291 2708 coe·

1247 2730 1304 2770 pit.
1314 2720 1444 2761 Terram
1453 2729 1582 2769 quidem
1591 2729 1817 2769 imperatorem
1826 2730 1865 2761 ad
1874 2725 2116 2762 inhabitandum
2125 2723 2289 2769 daturum,

1247 2789 1319 2820 quae
1332 2789 1395 2812 non
1412 2781 1473 2812 illis
1491 2781 1609 2812 fructui
1624 2782 1656 2812 et
1678 2780 1849 2811 commodo
1873 2781 1980 2812 futura
2011 2781 2104 2819 esset,
2130 2780 2186 2812 sed
2201 2781 2291 2820 cujus

1247 2831 1365 2863 utilitas
1374 2831 1414 2863 ad
1425 2832 1510 2863 solos
1522 2833 1654 2863 Hunnos
1666 2831 1870 2863 redundaret.
1886 2833 1952 2863 Hos
1965 2832 2050 2863 enim
2061 2833 2156 2863 terrae
2169 2831 2292 2864 cultum

1247 2883 1419 2923 negligere,
1437 2886 1469 2915 et
1480 2883 1629 2923 luporum
1644 2891 1732 2914 more
1746 2883 1830 2914 bona
1852 2883 2032 2914 Gothorum
2049 2882 2233 2915 invadentes
2245 2883 2293 2915 di-

1247 2934 1368 2974 ripere,
1390 2935 1445 2974 qui
1458 2934 1515 2975 ipsi
1529 2943 1694 2966 servorum
1720 2934 1900 2965 conditione
1925 2933 2024 2965 habiti
2040 2933 2080 2964 ad
2093 2934 2216 2966 victum
2231 2934 2293 2967 illis

1248 2987 1498 3027 comparandum
1517 2987 1662 3018 laborare
1673 2987 1774 3018 coacti
1788 2987 1892 3026 essent
1907 2996 1915 3017 ε
1930 2986 2080 3026 quamvis
2095 2986 2221 3017 nullum
2234 2995 2292 3018 un·

1248 3047 1344 3078 quam
1359 3038 1461 3070 foedus
1471 3038 1554 3070 inter
1567 3039 1736 3078 utramque
1745 3039 1871 3077 gentem
1887 3037 2044 3068 sancitum
2053 3037 2104 3075 sit,
2116 3038 2149 3068 et
2156 3037 2293 3077 maJores

1245 3089 1454 3129 J'urejurando
1481 3098 1536 3121 eos
1559 3089 1787 3121 obstrinxerint
1800 3112 1810 3128 ,
1826 3089 1864 3120 ut
1891 3090 2082 3120 Hunnorum
2106 3088 2291 3121 societatem

1250 3143 1404 3182 sugerent.
1450 3144 1557 3180 Quare
1578 3151 1643 3173 non
1658 3142 1785 3173 tantum
1799 3141 1864 3172 suis
1888 3146 1942 3172 eos
1961 3140 2099 3181 privari,
2123 3140 2179 3172 sed
2191 3141 2290 3174 etiam

1248 3193 1349 3232 patria
1370 3193 1573 3224 sacramenta
1596 3192 1760 3232 negligere.
1779 3194 1820 3223 Se
1846 3191 1977 3231 quidem
1995 3200 2109 3231 genere
2124 3193 2289 3231 Humum,

1249 3254 1314 3286 quo
1328 3245 1467 3277 maxime
1477 3246 1642 3285 glorietur,
1653 3245 1709 3276 sed
1720 3244 1871 3284 aequitate
1883 3245 2008 3275 'motum
2018 3244 2088 3275 haec
2102 3244 2161 3275 illis
2173 3243 2289 3285 dicere,

1249 3298 1303 3337 ut,
1327 3305 1400 3337 quae
1423 3296 1567 3328 facienda
1587 3297 1708 3335 essent,
1734 3295 1888 3327 viderent.
1906 3296 1961 3327 llis
1981 3295 2074 3327 dictis
2090 3295 2187 3327 Gothi
2203 3303 2289 3327 com-

1249 3355 1327 3387 moti
1337 3379 1346 3395 ,
1360 3355 1392 3387 et
1409 3354 1478 3386 haec
1491 3355 1696 3388 Chelcbalem
1713 3363 1770 3395 pro
1786 3353 2024 3392 benevolentia,
2036 3361 2100 3392 qua
2119 3353 2201 3393 ipsos
2216 3361 2288 3393 pro-

1249 3414 1447 3454 sequeretur,
1465 3413 1651 3454 suggessisse
1674 3412 1752 3451 rati,
1772 3414 1904 3444 Hunnos
1931 3411 1990 3443 sibi
2013 3411 2175 3443 immixtos
2190 3411 2288 3443 truci-
