2326 3724
1018 194 1348 236 FRAGMENTA.

93 299 190 339 τερον
211 283 274 332 τὴν
293 283 426 338 ψυχὴν,
445 283 523 336 περὶ
541 277 580 331 ἧς
605 282 818 337 φοὸούμενον
838 283 941 322 αὐτὸν
967 282 1026 322 καὶ
1046 284 1135 321 ἀνα-

93 343 311 396 λογιζόμενον
328 346 374 387 eb<
387 343 430 382 τὰ
449 341 564 381 πολλὰ
582 344 650 380 τῶν
670 344 718 386 εἷς
730 341 788 380 τὸν
810 341 989 395 φθάσαντα
1009 342 1135 395 χρόνον

92 403 170 441 κατ’
186 402 319 449 ἐκείνην
341 401 451 448 δήπου
470 400 533 448 τὴν
542 399 662 453 χώραν
675 399 888 439 ἐπελθόντων
905 402 1009 439 ἐθνῶν
1026 400 1136 439 τοιού-

92 475 162 503 τοις
182 459 303 512 δώροις
327 459 500 510 “Ρωμαῖοι
519 458 815 512 προκαλέσαντες,
835 459 930 503 τέλος
954 461 986 504 ἐς
1016 460 1135 512 καιρὸν

93 518 291 569 ἐπιθέμενοι
307 517 531 571 πανωλεθρίᾳ
552 517 761 571 διέφθειραν,
791 519 854 556 οὐκ
874 517 1136 564 ἀποστήσεσθαι

94 578 158 623 τῆς
176 576 451 630 ἐπιχειρήσεως,
474 577 512 614 06
542 575 687 630 δώροις,
710 577 773 614 οὐκ
805 575 1048 627 ἐπαγγελίαις,
1073 577 1137 628 οὔχ

93 635 202 688 ἑτέρῳ
217 635 284 674 τινὶ
303 638 371 674 τῶν
389 635 548 686 πάντων,
569 635 649 687 πρὶν
670 634 712 673 ἂν
729 635 792 682 τὴν
808 634 909 674 πόλιν
935 634 973 672 τὸ
990 634 1136 687 Σίρμιον

92 694 352 748 χειρωσάμενος
364 693 427 741 τὴν
449 692 645 746 Σιρμιανὴν
672 693 813 732 ἅπασαν
832 693 1056 741 οἷκειώσηται
1075 697 1137 741 νῆ-

93 767 166 802 σον,
187 752 230 800 ἣν
248 752 451 790 δικαιότατα
463 767 522 790 και
533 752 722 805 προσήκειν
735 754 829 804 αὐτῷ
842 752 1030 799 Γηπαίδων
1046 752 1136 802 πρό-

91 815 189 864 τερον
212 814 332 862 κτῆμα
347 810 549 862 γενομένην,
571 811 686 849 αὐτων
708 810 745 849 δὲ
771 810 838 849 ὑπὸ
855 810 1013 863 Ἀὅάρων
1033 811 1137 849 πολε-

93 869 270 921 μηθέντων
291 871 445 920 (καταπ.
466 872 512 907 N.
524 871 550 920 ),
570 872 616 912 ὡς
645 871 798 908 ἐντεῦθεν
818 869 878 908 καὶ
900 868 944 907 τὰ
971 869 1136 919 κτήματα

91 928 183 967 κατὰ
213 927 253 967 τὸ
273 928 360 972 εἰκὸς
388 929 483 981 αὗτῳ
504 929 638 979 μᾶλλον
658 944 718 966 και
738 929 775 965 06
798 926 990 978 Ῥωμαίοις
1021 927 1137 981 ἁρμό-

92 988 175 1032 ζειν.
194 989 318 1026 Ταῦτα
339 987 485 1040 ἐτάραξε
503 987 579 1038 μὲν,
600 1003 660 1026 και
679 986 742 1033 τὴν
760 986 915 1025 διάνοιαν
935 987 1084 1030 δεινῶςε
1072 986 1139 1024 υπό

92 1061 131 1084 τε
152 1048 256 1099 ὀργῆς
289 1045 350 1084 καὶ
382 1046 493 1093 λύπης
521 1045 662 1098 συνέχεε
685 1049 745 1084 τοῦ
767 1045 1038 1098 αὐτοκράτορος·
1069 1048 1139 1089 τοῖς

93 1104 202 1144 εἷκόσι
223 1105 280 1152 δὲ,
300 1107 345 1149 ὥς
359 1107 452 1153 ἐνῆν,
465 1104 579 1157 λόγοις
597 1104 656 1142 καὶ
678 1103 780 1147 αὐτὸς
798 1104 1020 1157 χρησάμενος
1038 1103 1137 1142 ἀντέ·

91 1163 186 1208 λεξεν
206 1158 294 1202 ὧδε·
311 1182 325 1197 «
347 1166 394 1207 ὡς
413 1163 491 1202 οὔτε
512 1163 656 1213 δυνάμει
682 1163 742 1201 καὶ
761 1162 900 1215 ἀνδρείᾳ
920 1162 1035 1215 χειρὸς
1059 1161 1137 1200 οὔτε

93 1221 198 1275 σοφία
213 1223 398 1275 περιῆλθεν
416 1225 510 1273 ἡμᾶς
531 1225 549 1260 ὁ
563 1222 726 1274 Χαγάνος
738 1252 747 1270 ,
768 1221 858 1259 ἀλλὰ
875 1220 1013 1273 εἶρήνας
1028 1236 1065 1259 τε
1078 1220 1139 1259 καὶ

94 1281 266 1327 συνθήκας
288 1281 347 1319 καὶ
374 1281 449 1319 θεὸν
481 1281 540 1319 τὸν
571 1282 742 1332 ὁμοθέντα
769 1279 1001 1332 καθυὸρίσας,
1034 1279 1140 1318 παντί

92 1355 160 1378 που
180 1342 298 1387 δηλον.
323 1339 437 1379 Πλέον
470 1339 507 1378 δὲ
535 1339 629 1391 ὅμως
651 1338 728 1378 οὐδὲ
758 1341 852 1376 αὐτῶ
880 1338 943 1385 τὴν
975 1337 1139 1377 ἀπιστίαν

93 1392 192 1449 οἶμαι
209 1398 389 1452 παρέξειν·
413 1401 536 1437 θᾶττον
556 1398 625 1451 γὰρ
646 1397 686 1436 ἂν
705 1398 800 1450 αὐτῷ
831 1396 915 1447 μίαν
940 1399 1009 1434 τῶν
1029 1400 1139 1447 θυγα-

94 1457 204 1510 τέρων
225 1457 481 1509 κατεγγυήσω,
503 1458 596 1496 δυοῖν
626 1457 870 1509 ὑπαρχουσῶν,
889 1457 912 1502 ἢ
933 1454 971 1493 τὸ
991 1456 1139 1526 Σίρμιον

97 1516 163 1563 τὴν
177 1516 277 1555 πόλιν
299 1515 387 1554 ἑκὼν
417 1516 632 1569 παραδώσω.
652 1517 696 1554 Εἰ
717 1514 753 1553 δέ
773 1530 812 1566 γε
836 1514 980 1565 δυνάμει
996 1529 1056 1552 και
1079 1514 1168 1566 βία

95 1574 224 1623 ταύτην
257 1574 382 1622 ἐξέλοι
407 1574 468 1613 καὶ
493 1590 584 1612 ουτω
602 1573 662 1612 τὸν
681 1572 893 1626 ὑδρισμένον
922 1572 1006 1625 παρ’
1034 1574 1139 1611 αὐτοῦ

93 1634 167 1673 θεὸν
193 1634 327 1672 ἔκδικον
350 1632 533 1684 ἀναμένων
555 1632 657 1676 αὐτὸς
675 1632 804 1679 ἥκιστά
823 1647 857 1670 τι
876 1631 1140 1683 καταπροέσθαι

92 1708 153 1740 της
169 1692 360 1744 “Ρωμαίων
378 1691 554 1736 πολιτείας
573 1691 770 1739 ἐννοηθείην
790 1688 888 1732 ποτέ.
914 1708 931 1724 1»
956 1689 1042 1729 Ἐπὶ
1060 1690 1141 1729 τού-

91 1766 160 1795 τοις
179 1750 237 1790 τὸν
258 1750 476 1804 πρεσὸευτὴν
509 1749 834 1803 ἀποπεμψάμενος,
860 1749 1139 1802 παρεσκευάζετο

92 1811 131 1848 ἐκ
160 1813 230 1849 τῶν
252 1809 397 1848 ἐνόντων
417 1813 460 1862 τῇ
490 1808 592 1847 πόλει
616 1807 772 1859 ἀμύνειν,
791 1807 959 1860 στρατιὰν
988 1807 1065 1859 μὲν,
1093 1811 1140 1853 ὡς

91 1868 197 1918 ἔφθην
222 1867 386 1920 εἰρηκὼς,
406 1867 483 1906 οὐδὲ
509 1867 677 1920 βραχεῖάν
703 1883 781 1904 τινα
801 1866 908 1918 ἔχων,
927 1866 1142 1920 στρατηγους

91 1927 127 1965 δὲ
153 1927 214 1966 καὶ
232 1927 403 1979 ἡγεμόνας
424 1942 484 1965 και
503 1925 676 1978 λοχαγοὺς
697 1925 867 1973 στέλλων,
892 1925 970 1969 τους
989 1925 1051 1976 μὲν
1084 1926 1140 1964 διὰ

91 1989 151 2033 τῆς
171 1986 364 2038 Ἰλλυριῶν,
384 1984 462 2029 τους
478 1985 514 2023 δὲ
535 1986 592 2023 διὰ
612 1985 839 2035 Δαλματίας,
854 1987 901 2028 ὡς
920 1983 961 2022 ἂν
982 1985 1046 2032 τὴν
1070 1984 1139 2023 πό-

94 2045 148 2082 λιν
168 2044 224 2082 διὰ
242 2050 391 2098 φρουρᾶς
408 2044 535 2096 ἔχοιεν.

90 2150 220 2189 gentum
235 2150 267 2181 et
279 2149 414 2180 sericam
437 2150 578 2188 vestem,
601 2148 657 2180 sed
673 2147 874 2179 carissimum
898 2149 931 2179 et
947 2148 1138 2188 pretiosissi—

92 2210 183 2233 mum
200 2201 343 2233 omnium
358 2202 515 2234 bonorum
532 2209 600 2233 esse
615 2201 735 2241 vitam,
753 2201 806 2232 cui
823 2210 925 2241 quum
941 2202 1090 2239 timeret,
1107 2203 1140 2234 et

93 2254 201 2285 animo
218 2255 395 2294 repeteret,
410 2255 572 2285 Romanos
591 2252 711 2284 multas
726 2253 856 2293 gentes*
849 2262 880 2285 111
895 2253 944 2285 his
957 2253 1034 2285 loeis
1050 2253 1141 2285 donis

93 2307 126 2337 et
150 2305 339 2338 muneribus
355 2305 396 2336 ad
420 2314 454 2337 se
473 2305 626 2336 accivisse
645 2305 676 2336 et
692 2305 903 2345 pertraxisse,
929 2314 1010 2345 quas
1025 2304 1140 2337 deinde

92 2359 238 2398 tempore
263 2357 459 2398 procedente
487 2356 671 2396 subegerint
706 2357 738 2388 et
771 2356 915 2388 funditus
949 2357 1139 2397 everterint,

92 2418 197 2449 neque
210 2408 314 2448 donis,
330 2417 435 2448 neque
449 2409 627 2449 promissis,
644 2418 750 2450 neque
767 2409 833 2440 ulla
846 2408 908 2439 alia
923 2417 957 2440 re
968 2408 1061 2440 illum
1074 2418 1141 2440 mo-

91 2461 158 2492 veri
172 2469 281 2501 posse,
296 2461 333 2492 ut
354 2460 485 2492 desistat
498 2460 538 2492 ab
554 2461 700 2501 incepto,
722 2469 827 2501 neque
840 2460 1025 2500 quieturum
1038 2461 1140 2493 donec

93 2515 207 2545 urbem
218 2513 350 2554 ceperit,
361 2515 392 2545 et
408 2522 538 2545 omnem
553 2514 743 2546 Sirmianam
755 2513 893 2544 insulam
905 2513 1066 2553 propriam
1079 2513 1139 2545 sibi

95 2567 216 2599 fecerit.
235 2569 340 2607 Seque
359 2566 432 2607 J'ure
451 2566 482 2598 id
503 2567 625 2604 facere,
649 2566 725 2607 quia
744 2566 938 2606 Gepidarum
963 2566 1051 2607 prius
1072 2567 1142 2598 haec

93 2619 199 2650 insula
213 2618 310 2650 suerit
322 2642 332 2658 ,
346 2627 486 2659 quorum
501 2627 551 2650 res
570 2620 602 2650 et
619 2619 714 2650 urbes
730 2618 848 2658 Justius
861 2621 980 2650 Avares
996 2618 1055 2650 sibi
1075 2619 1142 2650 vin-

92 2670 200 2702 dicare
211 2671 350 2710 possent,
362 2671 417 2710 qui
427 2679 481 2702 eos
493 2669 681 2710 devicerint,
694 2679 791 2710 quam
802 2670 977 2702 Romani.»
993 2669 1092 2702 Haec
1083 2679 1140 2701 nn·

93 2723 276 2762 peratorem
289 2721 382 2753 valde
392 2722 639 2762 perturbarunt,
654 2724 687 2753 et
706 2722 844 2762 graviter
857 2721 926 2761 eJus
941 2724 1082 2754 mentem
1096 2722 1142 2754 ira

93 2775 126 2806 et
138 2774 250 2805 dolore
267 2773 493 2814 perculerunt,
508 2775 617 2806 tamen
634 2774 747 2806 idonea
762 2776 794 2806 et
810 2774 894 2815 ipse,
912 2776 1069 2814 quantum
1085 2784 1141 2815 po-

95 2827 178 2867 tuit,
195 2827 340 2858 oratione
352 2836 430 2859 usus
446 2827 492 2859 ita
508 2827 671 2868 respondit
695 2837 703 2859 ε
729 2840 744 2855 «
764 2829 874 2868 Neque
896 2828 1016 2868 copiis,
1038 2837 1142 2868 neque

96 2878 281 2910 fortitudine
294 2887 408 2910 manus
417 2903 426 2919 ‚
440 2887 546 2919 neque
565 2879 733 2920 prudentia
750 2888 808 2911 nos
821 2880 992 2918 chaganus
1005 2879 1142 2911 circum·

95 2931 199 2971 venit,
212 2931 268 2963 sed
280 2940 354 2963 eum
369 2940 479 2972 pacem
499 2934 532 2964 et
550 2933 664 2973 deum,
689 2942 746 2973 per
764 2941 861 2973 quem
882 2932 1024 2972 juravit,
1049 2932 1140 2964 delu-

93 2983 187 3022 sisse,
204 2983 353 3015 omnibus
370 2984 574 3015 manifestum
601 2985 659 3016 est.
678 2985 891 3016 Nihilominus
911 2984 955 3016 illi
975 2984 1141 3024 perfidiam

94 3043 209 3075 parum
221 3034 422 3075 profuturam
435 3044 501 3067 esse
511 3045 615 3076 spero.
631 3036 692 3069 Sed
710 3037 816 3077 potius
829 3045 927 3067 unam
943 3045 981 3068 ex
997 3036 1139 3075 filiabus,

94 3094 176 3126 quas
184 3086 264 3118 duas
275 3086 390 3127 habeo,
402 3087 446 3118 illi
457 3087 702 3128 desponderem,
715 3097 812 3128 quam
823 3088 975 3120 Sirmium
987 3089 1139 3128 oppidum

93 3137 203 3169 volens
212 3137 382 3170 traderem.
395 3139 489 3176 Quod
503 3140 529 3171 si
545 3140 575 3171 vi
588 3140 796 3181 expugnarit,
811 3149 869 3180 ego
890 3140 989 3172 deum
1003 3141 1140 3172 ultorem

93 3191 301 3229 exspectans,
333 3189 427 3230 cujus
448 3199 569 3223 numen
589 3191 740 3230 violavit,
759 3192 893 3232 imperio
919 3194 1063 3224 Romano
1088 3201 1141 3225 me

95 3248 160 3271 non
173 3239 310 3272 defuisse
324 3241 526 3274 existimabo.
547 3255 563 3270 υ
586 3245 669 3275 Tum
693 3243 824 3275 dImisso
838 3243 959 3282 legato,
977 3243 1049 3275 urbi
1063 3252 1140 3284 sup-

95 3291 196 3331 petias
214 3291 314 3329 serre‚
338 3292 445 3332 quoad
459 3294 582 3335 potuit,
606 3295 742 3335 paravit.
769 3294 914 3334 Etenim,
939 3296 976 3326 ut
997 3295 1141 3335 superius

93 3341 180 3382 dixi,
196 3343 301 3375 nullas
314 3343 452 3377 habebat
467 3345 574 3386 copias
590 3358 597 3377 :
612 3346 721 3386 itaque
734 3346 938 3378 exercituum
954 3347 1139 3386 praefectos,

96 3393 194 3427 duces
207 3396 238 3428 et
263 3396 443 3430 turmarum
460 3398 626 3439 ductores,
652 3400 709 3431 hos
730 3408 784 3440 per
807 3399 971 3439 illyrium,
988 3400 1067 3431 alios
1083 3409 1139 3440 per

1199 1520 1300 1555 τοῦτο
1320 1518 1354 1555 δε
1379 1517 1439 1556 καὶ
1458 1521 1519 1565 τῆς
1538 1520 1606 1556 τῶν
1635 1518 1792 1571 Ἀὅοίρων
1816 1519 1993 1570 δυνάμεως
2020 1523 2070 1558 τῶ
2099 1520 2245 1573 πολέμῳ

2160 210 2234 245 267

1683 304 1747 344 65.

1249 407 1398 446 Ibidem
1413 407 1795 457 p.131.132:‘¹0u
1813 408 1957 460 Θεόγνις
1976 411 2078 449 ἐπεἫ
2066 427 2100 450 εν
2121 413 2237 452 Κασία

1195 463 1255 502 καὶ
1276 463 1515 517 Καρὸωναρία
1531 480 1606 508 ταις
1629 464 1744 512 νήσοις
1766 465 1921 517 ἐγένετο,
1940 467 2053 518 λόγων
2074 472 2169 509 αὐτι)
2184 487 2238 510 κι-

1196 522 1278 569 νηθέ
1280 539 1369 560 ντων
1389 523 1469 575 περὶ
1485 524 1655 571 σπονδῶν,
1675 523 1920 576 προσεδέξατο.
1943 527 2238 580 Παραγενομένου

1196 596 1233 619 τε
1249 596 1308 619 του
1325 583 1478 620 Batavo&
1498 581 1557 620 καὶ
1575 598 1634 620 του
1654 580 1762 620 ἵππου
1785 582 2064 657 ἀποὸεῗηκότος,
2086 588 2240 635 τεθείσης

1197 641 1229 678 οἱ
1251 640 1421 693 καθέδρας
1438 644 1571 692 χρυσῆς
1594 641 1738 686 ἐνιζάνει
1762 642 1888 691 αὐτου,
1911 644 1950 680 ἐκ
1969 644 2162 682 διαλίθων(
2149 662 2241 698 υφα-

1198 698 1342 745 σμάτων
1375 699 1624 747 σκευασθείσης
1664 701 1759 738 αὐτῶ
1793 699 1911 753 ὥσπερ
1947 701 2104 749 καλύὸης
2135 704 2237 748 τινός.

1200 756 1306 795 Ἀλλὰ
1323 756 1391 810 γὰρ
1411 756 1519 795 καὶ“’
1495 759 1615 810 ὡσπερ
1635 759 1711 796 ἀντ’
1731 758 1901 810 ἐρύματος
1918 759 1986 811 πρὸ
2004 762 2072 798 τῶν
2093 761 2241 814 στέρνων

1199 817 1293 854 αὐτῶ
1311 815 1371 854 καὶ
1390 831 1449 854 του
1467 816 1656 867 προσώπου
1673 816 1936 869 προύὅάλλοντο
1950 817 2107 870 θυρεους,
2129 819 2185 856 διὰ
2204 835 2243 858 το

1198 872 1247 924 μὴ
1267 857 1466 919 ἐκτοξευσαι
1485 873 1685 925 Ῥωμαίους
1695 873 1800 925 τυχὸν
1820 890 1910 912 ουτω
1930 874 1972 921 δὴ
1991 876 2148 928 ἀθρόον’
2132 893 2165 920 ες
2177 879 2242 915 αὖ-

1196 931 1266 971 τόν.
1288 932 1391 985 Ἀτὰρ
1417 932 1506 983 οἵγε
1526 932 1613 983 ἀμφι
1637 933 1710 972 Θε’
1674 949 1784 984 -ογνιν
1806 933 2105 985 παραγενόμενοι,
2129 934 2243 988 βραχύ

1198 1006 1230 1029 τι
1252 993 1448 1042 ἀφεστῶτες
1464 1007 1525 1030 του
1543 1007 1692 1043 χωριου,
1708 991 1765 1030 ἵνα
1779 994 1796 1029 ὃ
1808 993 1956 1036 Βαϊανὸς
1975 993 2206 1045 ἐφεζόμενος’
2189 1010 2243 1041 ην,

1199 1049 1371 1101 διελέγετο
1403 1051 1466 1101 (δι’
1496 1052 1617 1088 Bekk
1630 1051 1641 1102 )
1664 1051 1843 1102 ἑρμηνέων
1865 1050 2008 1091 Οὔννων
2026 1052 2086 1095 τὰς
2112 1051 2245 1096 πίστεις

1200 1109 1478 1162 διεσαφηνίζοντο
1510 1109 1589 1161 περὶ
1629 1110 1799 1147 σπονδων.
1839 1109 1910 1149 Καὶ
1948 1113 1966 1148 ὁ
1997 1126 2059 1160 μεν
2096 1111 2245 1155 Βαϊανὸς

1200 1165 1330 1219 ἔφασκε
1351 1168 1452 1205 δεῖνξ
1440 1167 1594 1206 υπείκειν
1624 1169 1655 1206 οἱ
1675 1166 1873 1217 Ῥωμαίους
1889 1169 2050 1221 ἀμαχητὶ
2069 1173 2129 1207 τοῦ
2157 1171 2242 1221 Σιρ-

1202 1224 1306 1276 μίου,
1327 1228 1383 1264 οἱα
1410 1223 1451 1273 δὴ
1472 1241 1510 1264 το
1530 1226 1650 1264 λοιπὸν
1671 1227 1843 1276 μηδεμιας
1867 1227 2162 1278 ὑπολελειμμένης
2182 1243 2246 1278 μη·

1198 1287 1308 1336 χανῆς
1325 1285 1357 1328 ἐς
1376 1283 1416 1323 τὸ
1434 1284 1482 1334 μὴ
1505 1285 1639 1322 ἁλῶναι
1655 1284 1694 1323 τὸ
1715 1284 1816 1325 ἄστυ.
1836 1285 1929 1337 Πρὸς
1945 1288 1994 1324 τῶ
2014 1286 2074 1324 καὶ
2097 1286 2243 1338 [σπάνει

1198 1357 1310 1393 supp.
1330 1345 1440 1381 Nieb.
1455 1344 1469 1395 ]
1489 1345 1558 1381 τῶν
1574 1343 1772 1394 ἀναγκαίων
1794 1347 1917 1383 θᾶττον
1933 1344 2241 1392 υποὸληθήσεσθαι

1199 1401 1567 1452 (ἀποκλεισθήσεσθαι
1589 1403 1688 1451 conj.
1719 1405 1838 1442 Bekk.
1849 1404 1883 1453 ),
1903 1419 2005 1442 τουτο
2026 1403 2087 1453 μὲν
2116 1403 2151 1449 ἐξ
2174 1405 2243 1454 ἀμ-

1199 1460 1276 1512 φοῒν
1292 1460 1363 1498 τοῖν
1386 1462 1503 1513 μεροῖν
1525 1459 1771 1510 κεκωλυμένης
1788 1462 1876 1513 αὐτῇ
1897 1477 1958 1508 της
1987 1462 2242 1513 σιτοπομπίας,

1200 1574 1517 1627 μὴῦποχαλώσης,
1547 1575 1645 1628 ἄχρις
1666 1581 1705 1615 οὑ
1732 1577 1929 1631 ὑποχείριον
1949 1578 2149 1626 ποιήσοιντο
2181 1578 2243 1625 τὴν

1199 1633 1313 1673 πόλιν.
1346 1634 1597 1687 Προῦὅάλλετο
1632 1635 1668 1674 δὲ
1689 1635 1749 1674 καί
1766 1652 1843 1674 τινα
1873 1637 2097 1689 εὐπρόσωπον
2131 1637 2245 1675 αἰτίαν

1198 1708 1258 1730 του
1283 1691 1427 1745 ἱμείρειν
1444 1693 1612 1731 δεσπόσαι
1628 1698 1688 1733 τοῦ
1710 1694 1860 1742 ἄστεως,
1881 1694 1938 1732 διὰ
1963 1694 2002 1733 τὸ
2031 1694 2080 1746 μὴ
2086 1695 2247 1768 ἀὐτομό-

1198 1751 1308 1795 λους’
1294 1767 1333 1789 εκ
1350 1754 1409 1798 τῆς
1429 1751 1616 1805 Ἀὸαρικῆς
1645 1758 1827 1803 στρατιᾶς,
1856 1754 2042 1805 ἀγχιθύρου
2064 1753 2167 1801 οὔσης
2186 1770 2247 1801 της

1198 1809 1353 1861 πόλεως,
1375 1810 1517 1854 ἑαυτοὺς
1538 1810 1706 1849 ἐνδιδόναι
1721 1810 1926 1862 Ῥωμαίοις.
1949 1812 2094 1852 Ἱούτων
2115 1813 2185 1851 οἱ
2167 1828 2246 1851 οια-

1198 1868 1410 1920 λεγομένων,
1427 1871 1567 1908 ἀντεῖπε
1588 1869 1790 1921 Θεόγνις,ς
1771 1886 1819 1914 ως
1834 1873 1971 1922 πρῶτον
1995 1871 2058 1921 μὲν
2084 1872 2160 1910 οὐδὲ
2181 1873 2244 1909 αὖ·

1198 1926 1256 1971 τὸς
1283 1927 1423 1966 ἐνδώσει
1439 1930 1488 1981 τῷ
1509 1928 1653 1981 πολέμῳ
1669 1928 1835 1980 πρότερον
1868 1927 1890 1975 ἢ
1919 1929 1959 1966 τὸ
1979 1928 2162 1981 ’Λὸαρικὸν
2191 1930 2246 1967 ἐν·

1200 1986 1334 2024 δοῦναι·
1349 1986 1467 2031 ἄλλως
1483 2002 1520 2025 τε
1539 1985 1588 2037 μὴ
1605 1986 1753 2031 ἐλπίζειν
1767 1986 1824 2024 τὸν
1841 1986 1993 2025 Βαϊανὸν
2003 1987 2175 2031 τοιούτους
2191 1989 2247 2024 εὖ·

1201 2043 1317 2097 ρήσειν
1336 2044 1549 2096 Ῥωμαίους,
1571 2045 1708 2089 ὁποίους
1724 2045 1784 2083 και
1800 2045 1974 2096 βούλεται.
1988 2048 2112 2085 Ταυτα
2133 2047 2245 2084 αὐτῶν

1200 2150 1392 2183 Dalmatiam
1410 2151 1527 2191 mittit,
1551 2152 1589 2184 ut
1612 2151 1746 2192 urbem,
1766 2151 1875 2192 quoad
1900 2151 1967 2183 fieri
1995 2152 2112 2192 posset,
2138 2154 2246 2184 custo-

1199 2201 1316 2235 dirent.

1691 2252 1750 2285 65.

1243 2307 1404 2348 Theognis
1416 2307 1493 2339 ubi
1485 2316 1517 2339 in
1532 2306 1658 2340 casiam
1669 2306 1702 2339 et
1712 2305 1940 2339 carbonariam
1950 2305 2069 2338 insulas
2079 2307 2244 2348 pervenit,

1199 2367 1362 2392 sermones
1374 2359 1415 2391 ad
1428 2368 1480 2398 se,
1494 2361 1531 2392 ut
1552 2359 1673 2391 l‘oedera
1692 2359 1826 2399 fierent,
1840 2359 1964 2390 delatos
1976 2358 2122 2400 excepit:
2136 2359 2245 2400 itaque

1200 2412 1338 2443 Baianus
1360 2411 1511 2452 advenit,
1538 2412 1570 2443 et
1591 2411 1632 2443 de
1646 2419 1730 2452 equo
1746 2409 1961 2450 descendens,
1987 2410 2020 2441 in
2045 2410 2123 2442 sella
2147 2419 2246 2442 aurea

1200 2462 1362 2502 consedit,
1377 2471 1450 2504 quae
1464 2463 1613 2503 stragulis
1624 2462 1758 2503 gemmis
1771 2462 1892 2494 ornatis
1910 2461 1944 2492 in
1963 2461 2098 2493 formam
2115 2462 2245 2494 tentorii

1201 2517 1387 2556 comparata
1403 2516 1483 2547 erat.
1502 2517 1585 2547 Ante
1598 2516 1711 2555 pectus
1726 2514 1809 2546 illius
1823 2515 1856 2545 et
1869 2512 1996 2544 vultum
2016 2513 2246 2553 propugnaculi

1201 2566 1297 2598 modo
1319 2568 1387 2598 erat
1403 2566 1566 2606 objectum
1583 2567 1733 2606 scutum,
1751 2574 1791 2597 ne
1807 2574 1825 2596 a
1843 2565 1993 2597 Romanis
2009 2565 2092 2596 forte
2118 2565 2150 2596 in
2169 2574 2244 2596 eum

1200 2619 1264 2651 tela
1287 2619 1505 2659 jaculantibus
1529 2620 1744 2660 appeteretur.
1771 2618 1898 2650 Etenim
1923 2619 1979 2658 qui
2004 2626 2079 2649 cum
2105 2617 2245 2658 Theogni

1201 2674 1306 2711 erant,
1323 2681 1388 2704 non
1405 2673 1500 2713 longo
1522 2672 1691 2704 intervallo
1715 2671 1876 2703 distabant
1898 2680 1918 2702 a
1939 2671 2011 2702 loco
2035 2670 2089 2702 uhi
2108 2671 2246 2703 Baianus

1171 2707 1175 2761 Ι
1200 2724 1357 2756 sedebat.
1377 2725 1487 2764 itaque
1503 2724 1613 2756 Hunni
1627 2724 1817 2764 interpretes
1830 2723 1916 2754 clara
1934 2731 2014 2754 voce
2028 2722 2122 2754 fidem
2136 2722 2245 2754 datam

1201 2776 1240 2808 de
1263 2776 1398 2808 induciis
1427 2776 1686 2816 pronuntiarunt.
1711 2777 1794 2807 Tum
1813 2774 1951 2807 Baianus
1970 2773 2071 2814 dixit,
2094 2776 2244 2814 oportere

1203 2830 1366 2860 Romanos
1379 2828 1423 2860 illi
1437 2829 1507 2860 sine
1532 2837 1638 2869 pugna
1651 2827 1804 2860 Sirmium
1830 2827 1964 2866 cedere,
1988 2826 2064 2867 quia
2086 2826 2165 2858 nihil
2185 2826 2246 2858 illis

1200 2881 1343 2921 opisjam
1358 2879 1470 2920 reliqui
1486 2881 1584 2918 esset,
1597 2879 1770 2920 quominus
1779 2878 1931 2919 oppidum
1945 2879 2122 2918 caperetur.
2143 2880 2243 2918 Nam,

1201 2935 1415 2974 praeterquam
1430 2933 1515 2972 quod
1530 2932 1643 2964 urbem
1658 2941 1708 2964 res
1722 2931 1909 2964 necessariae
1927 2930 2120 2970 deficerent,
2143 2930 2245 2970 impe-

1201 2985 1268 3017 dita
1281 2985 1322 3016 ab
1346 2986 1483 3025 utraque
1496 2985 1586 3024 parte
1602 2983 1754 3015 frumenti
1774 2983 1972 3021 invectione,
1989 2982 2085 3014 etiam
2103 2984 2243 3014 Avarum

1202 3036 1444 3069 multitudinem
1461 3035 1559 3067 nullis
1575 3035 1738 3067 laboribus
1751 3034 1962 3073 defatigatum
1983 3032 2038 3069 iri,
2053 3040 2153 3072 usque
2165 3030 2244 3062 dum

1201 3141 1406 3173 verisimilem
1439 3148 1591 3180 causam,
1626 3148 1684 3171 cur
1715 3138 1911 3170 desideraret
1939 3136 2029 3167 urbis
2064 3134 2242 3166 dominium

1200 3192 1349 3233 adipisci,
1380 3200 1422 3223 ne
1447 3191 1622 3231 transfuga}
1646 3199 1688 3222 ex
1715 3189 1850 3222 Avarico
1878 3187 2038 3225 exercitu,
2065 3185 2139 3225 quia
2165 3184 2242 3216 urbs

1201 3247 1283 3279 esset
1308 3246 1370 3278 illis
1397 3245 1614 3282 contermina,
1636 3244 1677 3276 ad
1702 3245 1863 3275 Romanos
1888 3241 2051 3280 receptum
2074 3237 2238 3269 haberent.

1202 3300 1309 3335 Quum
1322 3297 1391 3329 hacc
1401 3296 1441 3328 ad
1455 3296 1542 3327 hunc
1555 3295 1685 3327 modum
1700 3294 1800 3326 locuti
1812 3293 1917 3325 essent
1928 3314 1937 3330 ,
1952 3291 2062 3322 contra
2079 3287 2240 3327 respondit

1201 3349 1376 3389 Theognis,
1391 3356 1425 3380 se
1438 3356 1502 3379 non
1518 3347 1606 3388 prius
1619 3355 1637 3378 a
1650 3346 1733 3378 bello
1746 3351 1944 3377 recessurum
1957 3365 1965 3380 ‚
1979 3349 2074 3380 quam
2089 3338 2240 3370 Avaricus

1201 3401 1359 3432 exercitus
1377 3399 1523 3438 cesserit,
1542 3407 1645 3438 neque
1663 3398 1723 3429 alia
1745 3395 1925 3428 conditione
1941 3392 2093 3425 Baianum
2112 3397 2238 3429 sperare

1202 3089 1314 3121 urbem
1331 3097 1399 3121 suae
1421 3088 1572 3129 potestati
1591 3087 1772 3127 subjiciant.
1794 3085 1964 3126 Proposuit
1983 3085 2077 3116 etiam
2102 3083 2243 3123 aliquam
