2372 3704
1029 225 1360 267 FRAGMENTA.

117 327 220 364 μενον
236 311 322 366 πρός
341 327 377 350 τε
394 311 581 365 ἐμφυλίους
595 311 818 362 καὶκόθνείους
828 311 1015 361 πολέμους.
1036 312 1076 364 (a)
1093 311 1168 359 Τὴν

117 370 181 422 μὲν
200 370 268 423 γὰρ
288 369 499 418 Πλακιδίαν,
509 370 583 418 ἥτις
597 373 656 408 τοῦ
681 371 948 410 Βαλεντινιανοῧ
969 370 1088 423 μήτηρ
1107 367 1166 420 ἦν,

117 429 177 469 καὶ
198 429 257 468 τὸν
273 430 382 467 παῖδα
396 459 406 476 ,
432 428 508 468 νέον
539 428 617 467 ’ὄντα
629 458 639 476 ,
674 429 907 482 ἐπετρόπευσε
921 460 931 479 ,
951 429 1007 467 διὰ
1024 432 1084 476 τῆς
1100 433 1168 468 τῶν

119 488 309 542 βαρὸάρων
332 487 559 540 συμμαχίας·
580 488 637 526 τὸν
658 487 694 526 δὲ
715 488 941 542 Βονιφάτιον,
973 487 1034 526 σὺν
1056 490 1169 541 πολλῇ

116 546 289 586 διαὸάντα
322 545 415 600 χειρὶ
450 547 521 585 ἀπὸ
547 549 607 593 τῆς
634 546 793 597 Λιὸύης,
826 546 1168 599 κατεστρατήγησεν,

116 604 207 645 ὥστε
228 606 356 645 ἐκεῖνον
375 606 438 656 μὲν
451 605 518 644 ὑπὸ
535 606 725 659 φροντίδων
751 605 842 657 νόσῳ
859 607 1083 654 τελευτῆσαι,
1107 607 1169 644 αὐ·

116 664 174 704 τὸν
195 664 231 704 δὲ
261 668 322 712 τῆς
345 666 451 703 αὐτοῦ
471 668 629 716 γαμετῆς
648 664 710 703 καὶ
728 668 791 712 τῆς
818 664 1022 717 περιουσίας
1053 663 1170 716 κύριον

115 723 287 775 γενέσθαι.
305 724 436 763 Ἀνεῖλε
459 723 494 762 δὲ
510 723 570 762 καὶ
592 723 740 771 Φήλικα
761 724 870 777 δόλῳ,
889 722 952 769 τὴν
981 738 1170 775 στρατηγι-

116 782 181 830 κὴν
203 783 266 822 σὺν
287 785 383 837 αὐτῷ
412 782 569 835 λαχόντα
593 781 718 835 ἀρχὴν,
748 784 794 826 ὡς
815 781 904 834 ἔγνω
933 781 1091 833 ὑποθήκῃ
1110 784 1172 829 τῆς

116 842 315 886 Πλακιδίας
342 843 374 886 ἐς
396 841 459 888 τὴν
480 843 585 880 αὐτοῦ
606 841 784 893 ἀναίρεσιν
803 839 1171 892 παρασκευαζόμενον.

115 901 396 952 Κατηγωνίσατο
411 900 447 939 δὲ
467 899 527 938 καὶ
544 901 693 943 Γότθους
708 900 787 944 τοὺς
801 901 836 938 ἐν
850 898 1012 950 Γαλατίᾳ
1026 902 1069 951 τῇ
1085 899 1171 951 πρὸς

114 959 265 1011 ἑσπέραν
300 962 368 998 τῶν
391 959 582 1010 Ῥωμαίων
602 958 890 1009 ἐμὸατεύσαντας
907 957 1062 1010 χωρίοις.
1087 959 1171 997 Πα-

115 1019 309 1072 ρεστήσατο
328 1018 388 1057 καὶ
400 1017 673 1070 Αἷμοριχιανοὺς
693 1016 953 1069 ἀφηνιάσαντας
964 1016 1168 1066 Ῥωμαίων·

114 1081 161 1123 ὡς
178 1077 215 1117 δὲ
243 1077 431 1116 συνελόντα
450 1078 575 1125 εἰπεῖν,
599 1076 768 1128 μεγίστην
796 1075 1038 1122 κατεστήσατο
1070 1073 1169 1113 δύνα-

115 1153 195 1188 μιν,
226 1134 318 1174 ὥστε
339 1135 389 1186 μὴ
420 1135 523 1186 μόνον
548 1136 724 1188 βασιλεῖς,
745 1134 837 1172 ἀλλὰ
857 1133 916 1173 καὶ
936 1137 1171 1188 παροικοῦντα

115 1197 196 1244 ἔθνη
213 1202 284 1240 τοῖς
307 1195 438 1234 ἐκείνου
455 1194 554 1243 ἥκειν
576 1194 829 1246 ἐπιτάγμασιν,

167 1268 198 1294 4.
231 1253 335 1293 Μετὰ
361 1253 397 1292 δὲ
418 1253 477 1292 τὸν
508 1253 639 1292 Ἀετίου
659 1253 761 1307 φόνον
783 1253 843 1291 καὶ
865 1252 1011 1299 Βοήθιον
1042 1255 1059 1290 6
1099 1254 1171 1291 Βα-

113 1314 345 1364 λεντινιανὸς,
365 1312 525 1366 ὕπαρχον
547 1312 649 1359 ὄντα,
668 1313 817 1359 ἀνεῖλεν,
837 1311 955 1364 ἐκείνῳ
976 1313 1024 1356 εἷς
1040 1310 1084 1350 τὰ
1104 1311 1172 1362 μά-

113 1373 216 1410 λιστα
235 1372 503 1424 κεχαρισμένον.
538 1370 605 1415 Ὡς
626 1370 661 1409 δὲ
693 1370 847 1423 ἀτάφους
877 1369 1000 1414 αὐτοὺς
1026 1370 1083 1408 ἐπὶ
1110 1369 1172 1417 τὴν

115 1430 248 1485 ἀγορὰν
265 1430 473 1483 προῦθηκεν,
492 1431 615 1474 εὐθέως
636 1429 700 1477 τὴν
718 1429 902 1480 γερουσίαν
925 1430 1171 1480 μετακαλεσά-

113 1504 240 1541 μενος,
261 1488 394 1533 πολλὰς
420 1490 488 1526 τῶν
521 1490 655 1541 ἀνδρῶν
679 1489 829 1527 ἐποιεῖτο
849 1488 1083 1540 κατηγορίας,
1114 1489 1172 1526 εὖ-

112 1547 346 1599 λαὸούμενος,
368 1547 418 1598 μή
437 1563 511 1591 πως
531 1547 588 1585 διὰ
607 1547 667 1586 τὸν
685 1547 813 1585 Ἀέτιον
828 1547 1064 1585 ἐπανάστασιν
1082 1550 1170 1585 ὑπο-

114 1606 237 1657 μείνοι.
307 1605 352 1645 ‘O
375 1605 411 1644 δὲ
436 1605 597 1655 Μάξιμος
632 1605 723 1656 μετὰ
749 1605 814 1652 τὴν
840 1605 972 1644 Ἀετίου
995 1605 1170 1658 ἀναίρεσιν

112 1665 210 1718 παρὰ
229 1665 287 1704 τὸν
308 1665 575 1704 Βαλεντινιανὸν
594 1665 735 1718 ἐφοίτα,
754 1666 801 1709 ὡς
822 1663 863 1703 ἂν
880 1665 938 1703 ἐπὶ
954 1663 1017 1712 τὴν
1036 1664 1170 1703 ὕπατον

113 1723 227 1778 ἀρχὴν
248 1723 442 1778 προαχθείη
455 1740 464 1748 ·
485 1723 615 1771 ταύτης
634 1724 669 1762 δὲ
687 1723 893 1777 διαμαρτὼν
910 1726 970 1770 τῆς
987 1723 1171 1777 πατρικιό-

112 1800 214 1832 τητος
231 1785 350 1836 τυχεῖν
378 1782 558 1823 ἐδούλετο·
577 1783 653 1821 ἀλλ’
671 1783 748 1822 οὐδὲ
770 1783 901 1831 ταύτης
920 1786 937 1821 6
965 1783 1171 1835 Ἡράκλειος

111 1847 172 1891 τ’ἧς
190 1842 345 1888 ἐξουσίας
365 1842 572 1895 συνεχώρει·
591 1844 630 1881 ἐκ
649 1845 710 1889 τῆς
731 1843 837 1889 αὐτῆς
855 1841 921 1895 γὰρ
945 1841 1147 1895 ὁρμώμενος
1159 1871 1169 1889 ,

111 1903 174 1946 τὰς
183 1905 245 1941 τοῦ
261 1901 428 1952 Μαξίμου
447 1901 633 1940 ἀνέκοπτεν
645 1900 768 1954 ὁρμὰς,
779 1902 1009 1954 παραπείθων
1026 1901 1083 1939 τὸν
1096 1903 1171 1939 Βα-

111 1960 335 2010 λεντινιανὸν,
358 1960 630 2011 ἀπηλλαγμένον
646 1964 707 2007 τῆς
725 1959 856 1999 Ἀετίου
880 1959 1088 2012 βαρύτητος,
1117 1960 1166 2010 μὴ

111 2023 239 2073 χρῆναι
261 2018 323 2067 τὴν
336 2019 466 2058 ἐκείνου
486 2019 592 2058 πάλιν
608 2021 654 2064 εἷς
675 2019 823 2062 ἐκείνους
839 2020 1046 2072 μεταφέρειν
1062 2018 1165 2057 δύνα-

113 2095 188 2130 μιν.
211 2079 423 2118 Ἔντεῧθενδ
441 2078 606 2130 Μάξιμος
629 2078 836 2131 ἀμφοτέρων
861 2076 1064 2129 διαμαρτὼν
1088 2079 1167 2129 ἐχα-

111 2139 290 2190 λέπαινεν,
303 2138 364 2177 καὶ
377 2138 435 2177 τὸν
451 2138 635 2186 Ὀπτήλαν
653 2138 714 2176 καὶ
728 2136 967 2190 Θραυστήλαν
983 2152 1166 2186 μεταπεμ-

111 2198 284 2251 ψάμενος,
305 2198 432 2250 ἄνδρας
450 2197 588 2241 Σκύθας
607 2198 666 2236 καὶ
692 2196 784 2235 κατὰ
805 2197 958 2246 πόλεμον
984 2194 1164 2248 ἀρίστους,

112 2256 175 2295 σὺν
207 2257 328 2310 Ἀετίῳ
361 2257 396 2295 δὲ
428 2256 768 2316 στρατευσαμένους,
805 2256 864 2294 καὶ
902 2256 1165 2307 Βαλεντινιανῷ

111 2315 458 2369 προσοικειωθέντας,
487 2318 522 2358 ἐς
541 2315 663 2367 λόγους
697 2316 804 2362 ἠλθε,
833 2314 893 2352 καὶ
927 2313 1061 2356 πίστεις
1088 2312 1165 2356 δοὺς

111 2375 171 2413 καὶ
189 2375 323 2422 λαὸὼν,
346 2374 403 2413 τὸν
438 2374 587 2427 βασιλέα
620 2375 655 2411 ἐν
689 2373 785 2425 αἰτία
815 2372 944 2410 ἐτίθετο
971 2375 1029 2409 τοῦ
1061 2371 1163 2423 φόνου

112 2438 174 2473 τοῦ
192 2434 324 2473 Ἀετίου
343 2432 444 2472 ἕνεκα
457 2463 467 2481 ,
487 2433 548 2472 καὶ
579 2432 733 2482 μετιέναι
751 2432 853 2470 αὐτὸν
876 2431 1017 2481 ἄμεινον
1040 2430 1159 2468 ἐδίδα-

112 2502 215 2532 σκεν·
247 2492 387 2531 ἔσεσθαι
409 2492 477 2544 γὰρ
498 2494 615 2535 αὐτοῖς
639 2491 684 2530 τὰ
700 2491 851 2542 μέγιστα
883 2488 998 2542 ἀγαθὰ
1018 2492 1052 2529 ἐν
1081 2490 1161 2542 δίκῃ

112 2554 164 2605 τῷ
180 2551 323 2590 πεσόντι
344 2554 572 2602 τιμωροῦσιν.

165 2624 196 2650 5.
228 2609 395 2662 Ἧμερῶν
416 2608 451 2647 δὲ
478 2608 732 2660 διαγενομένων
752 2609 789 2646 οὗ
808 2606 1099 2657 πολλῶν,,ἐδόκει
1116 2608 1165 2659 τῷ

113 2672 369 2721 Βαλεντινιανῷ
385 2670 603 2715 ἱππασθῆναι
631 2667 723 2706 κατᾶ
739 2668 777 2705 τὸ
796 2665 916 2719 Ἄρεος
938 2666 1071 2714 πεδίον,
1093 2666 1163 2704 ὀλί’

111 2744 182 2779 γοις
212 2727 286 2778 ἅμα
317 2728 535 2780 δορυφόροις,
556 2727 616 2765 καὶ
633 2732 703 2770 τοῖς
726 2726 805 2778 περὶ
822 2726 879 2764 τὸν
899 2725 1084 2771 Ὀπτήλαν
1105 2724 1165 2763 καὶ

111 2789 366 2834 Θραυστήλαν.
391 2786 457 2831 “Ως
492 2786 527 2824 δὲ
556 2786 692 2830 ἀποὸὰς
709 2789 767 2823 τοῦ
788 2783 919 2832 ἵππου,
940 2783 996 2822 ἐπὶ
1026 2783 1089 2831 τὴν
1105 2799 1164 2821 το-

2191 240 2270 275 615

1232 313 1323 358 ξείαν
1337 315 1484 367 ἐχώρει,
1501 317 1580 354 ἔνθα
1599 318 1640 364 δὴ
1656 318 1814 358 ἐπέθεντο
1834 320 2014 367 Ὀπτήλας
2047 321 2109 359 καὶ
2134 324 2165 360 οἱ
2194 323 2275 375 περὶ

1233 373 1351 411 αὐτόν.
1412 375 1484 413 Καὶ
1501 377 1518 412 6
1539 374 1602 425 μὲν
1616 375 1799 422 Ὀπτήλας
1813 378 1902 415 κατὰ
1916 383 1974 417 τοῦ
1992 380 2164 433 κροτάφου
2179 382 2276 419 παίει

1231 429 1288 468 τὸν
1320 431 1605 470 Βαλεντινιανόν·
1628 434 1884 486 ἐπιστραφέντα
1906 435 1940 473 δὲ
1962 438 2044 475 ἰδεῖν
2075 438 2131 477 τὸν
2160 440 2274 478 πατά-

1233 488 1339 533 ξαντα
1351 520 1361 537 ,
1383 490 1546 544 δευτέραν
1564 490 1655 529 κατὰ
1675 495 1736 539 τῆς
1753 492 1862 545 ὄψεως
1879 495 2079 546 ἐπαγαγὼν,
2096 498 2276 536 καταὸάλ-

1233 549 1298 587 λει.
1317 549 1363 589 ‘O
1380 549 1415 588 δὲ
1439 550 1676 602 Θραυστήλας
1703 550 1761 589 τὸν
1786 551 1992 604 Ἡράκλειον
2024 558 2192 604 καθεῖλεν,
2217 559 2276 596 καὶ

1235 608 1343 661 ἄμφω
1362 624 1400 647 τε
1423 609 1462 647 τὸ
1483 609 1639 659 διάδημα
1655 613 1713 648 τοῦ
1735 609 1906 661 βασιλέως
1926 612 1985 650 καὶ
2008 612 2064 650 τὸν
2084 614 2190 653 ἵππον
2210 617 2277 654 λα-

1234 665 1375 717 ὅόντες,
1397 668 1429 710 ἐς
1439 666 1497 705 τὸν
1518 666 1680 717 Μάξιμον
1702 667 1907 720 ἀπέτρεχον·
1927 670 1963 689 *¹⁵
1983 670 2051 708 εἴτε
2075 671 2109 709 δὲ
2128 673 2186 710 καὶ
2214 674 2276 720 τὴν

1234 727 1269 764 ἐν
1302 731 1372 770 τοῖς
1403 725 1567 776 πολέμοις
1596 728 1664 764 τῶν
1701 727 1833 778 ἀνδρῶν
1867 727 1966 772 δόξαν
2000 731 2068 766 τῶν
2100 733 2278 782 παρόντων

1233 785 1474 835 ἐπτοημένων,
1501 784 1679 828 ἀκίνδυνος
1700 787 1852 832 αὖτοῒςὴ
1875 786 2089 839 ἐπιχείρησις
2108 781 2164 835 ἦν.
2192 793 2279 828 Δαι-

1235 843 1352 894 μόνιον
1369 843 1406 882 δέ
1422 860 1455 882 τι
1466 843 1523 883 ἐπὶ
1536 846 1586 896 τῷ
1601 845 1868 883 Βαλεντινιανοῧ
1887 847 2025 899 θανάτῳ
2039 846 2181 894 συνέὸη.
2205 850 2279 887 Με-

1232 904 1364 963 λισσῶν,
1377 901 1444 956 γὰρ
1463 902 1568 953 ἐσμὸς
1585 902 1824 955 ἐπιγενόμενος
1840 903 1879 941 τὸ
1897 905 1928 948 ἐς
1942 903 2004 951 τὴν
2017 907 2082 957 γῆν
2099 906 2160 943 ἀπ’
2176 908 2281 945 αὐτοῦ

1235 961 1312 1022 ῥὲὲν
1325 965 1415 1012 αἱμα
1430 961 1626 1012 ἀνιμήσατο
1642 962 1702 1000 καὶ
1717 961 1811 1000 ἅπαν
1829 962 2013 1013 ἐμύζησεν.
2043 965 2202 1017 Τελευτᾷ
2218 965 2280 1015 μὲν

1234 1024 1291 1059 οὐν
1306 1023 1323 1058 6
1345 1021 1629 1066 Βαλεντινιανὸς,
1652 1020 1711 1067 ἔτη
1732 1021 1863 1072 βιώσας
1886 1021 1975 1059 ἑπτὰ
1999 1022 2057 1060 καὶ
2076 1022 2278 1076 τριάκοντα.

1287 1093 1318 1119 6.
1353 1079 1406 1118 Τὸ
1426 1081 1579 1117 ἐντεῦθεν
1600 1079 1668 1126 δὲὴ
1688 1079 1813 1130 Ῥώμη
1829 1081 1863 1118 ἐν
1883 1079 2018 1133 θορύὸῳ
2035 1081 2094 1118 καὶ
2109 1089 2280 1134 ταραχαῖς

1233 1133 1290 1186 ἦν,
1312 1138 1356 1176 τά
1385 1154 1421 1176 τε
1444 1137 1678 1190 στρατιωτικὰ
1709 1139 1860 1190 διῃρεῖτο
1889 1139 2004 1187 πλήθη
2018 1169 2028 1187 ,
2054 1142 2121 1177 τῶν
2143 1139 2204 1191 μὲν
2223 1142 2282 1179 τὸν

1238 1197 1399 1248 Μάξιμον
1420 1196 1638 1249 βουλομένων
1659 1197 1828 1249 παράγειν
1857 1199 1889 1240 ἐς
1922 1197 1984 1244 τὴν
2005 1198 2129 1251 ἀρχὴν,
2160 1202 2228 1237 τῶν
2247 1198 2281 1237 δὲ

1235 1256 1455 1308 Μαξιμιανὸν
1479 1256 1746 1296 ἐσπουδακότων
1770 1258 1987 1310 χειροτονεῖν·
2014 1257 2049 1301 ὃς
2068 1253 2109 1306 ἧν
2125 1258 2188 1308 μὲν
2208 1275 2282 1297 πα-

1235 1316 1312 1368 τρὸς
1341 1317 1535 1365 Δομνίνου,
1566 1315 1760 1366 Αἰγυπτίου
1789 1321 2078 1368 πραγματευτοῦ,
2108 1319 2280 1370 εὐημερή-

1235 1391 1359 1419 σαντος
1378 1375 1414 1413 δὲ
1435 1375 1527 1413 κατὰ
1546 1374 1609 1421 τὴν
1630 1375 1800 1422 Ἰταλίαν,
1823 1375 1882 1413 καὶ
1910 1378 1959 1428 τῷ
1982 1375 2102 1428 Ἀετίῳ
2127 1377 2191 1423 τὴν
2220 1382 2281 1415 τοῦ

1237 1434 1441 1484 δομεστίκου
1468 1433 1730 1483 διακονούμενος
1753 1434 1897 1487 χρείαν·
1927 1437 1976 1486 τῷ
2005 1434 2041 1472 δὲ
2074 1436 2280 1488 Μαιουρίνῳ

1236 1493 1444 1532 ἐσπουδάκει
1464 1492 1524 1530 καὶ
1545 1492 1695 1537 Εὖδοξία
1719 1495 1741 1539 ἡ
1776 1496 1835 1531 τοῦ
1858 1494 2125 1532 Βαλεντινιανοῧ
2143 1498 2279 1545 γαμετὴ

1233 1553 1399 1603 γενομένη
1414 1568 1422 1575 ·
1437 1552 1527 1589 ἀλλὰ
1542 1555 1584 1604 τῇ
1602 1554 1668 1589 τῶν
1686 1551 1879 1603 χρημάτων
1901 1552 2052 1605 χορηγίᾳ
2083 1555 2100 1590 ὃ
2117 1553 2282 1603 Μάξιμος

1235 1610 1380 1663 περιὼν,
1399 1612 1467 1648 τῶν
1500 1611 1686 1661 βασιλείων
1720 1610 1870 1662 ἐκράτει.
1901 1610 2040 1658 Οἷηθεὶς
2066 1610 2101 1648 δὲ
2137 1611 2282 1662 βεὸαίαν

1234 1671 1330 1723 αὐτῷ
1358 1669 1498 1708 ἔσεσθαι
1515 1668 1579 1716 τὴν
1600 1669 1730 1722 ἀρχὴν,
1756 1669 1911 1721 βιάζεται
1933 1669 1995 1716 τὴν
2021 1669 2202 1718 Εὗδοξίαν,
2220 1671 2281 1708 θά-

1233 1744 1335 1767 νατον
1351 1730 1517 1768 ἀπειλῶν.
1534 1727 1640 1767 Οὕτω
1661 1727 1722 1778 μὲν
1743 1722 1801 1767 οὖν
1836 1727 2000 1779 Μάξιμος
2028 1728 2085 1767 ἐπὶ
2107 1728 2170 1775 τὴν
2188 1729 2281 1768 Ῥω-

1234 1787 1348 1838 μαίων
1372 1788 1560 1839 ἠγεμονίαν
1579 1781 1675 1834 ἦλθε.
1700 1787 1770 1826 Καὶ
1795 1786 1972 1839 Γιζέριχος
1985 1817 1996 1837 ,
2018 1791 2035 1826 ὃ
2055 1790 2123 1825 τῶν
2142 1789 2281 1834 Βανδή-

1233 1847 1303 1884 λων
1323 1845 1455 1898 ἄρχων,
1475 1844 1539 1892 τὴν
1573 1844 1705 1883 Ἀετίου
1733 1845 1793 1883 καὶ
1820 1847 2089 1884 Βαλε-ντινιανοῧ
2108 1847 2281 1899 ἀναίρεσιν

1233 1904 1409 1956 ἐγνωκὼς,
1430 1905 1644 1942 ἐπιτίθεσθαι
1668 1906 1743 1947 ταῖς
1763 1903 1932 1948 Ἰταλίαις
1957 1904 2077 1956 καιρὸν
2097 1906 2276 1955 ἡγησάμε-

1230 1980 1306 2010 νος,
1328 1966 1374 2007 ὡς
1393 1967 1454 2009 τῆς
1468 1962 1530 2013 μὲν
1552 1962 1689 2015 εἰρήνης
1709 1962 1847 2015 θανάτῳ
1870 1965 1938 2000 τῶν
1959 1963 2202 2014 σπεισαμένων
2218 1965 2280 2002 λυ-

1231 2022 1366 2069 θείσης,
1386 2023 1486 2060 τοῦδε
1510 2023 1556 2064 εἷς
1580 2020 1642 2067 τὴν
1663 2021 1845 2072 βασιλείαν
1864 2021 2095 2073 παρελθόντος
2115 2021 2163 2072 μὴ
2183 2022 2278 2066 ἀξιό-

1231 2097 1343 2133 χρεων
1361 2079 1576 2129 κεκτημένου
1596 2080 1757 2130 δύναμιν,
1772 2081 1803 2117 οἷ
1822 2080 1859 2117 δέ
1872 2095 1956 2131 φασι
1977 2079 2036 2118 καὶ
2053 2083 2099 2124 ὡς
2114 2081 2279 2126 Εὖδοξίας

1230 2144 1293 2187 τῆς
1319 2142 1586 2179 Βαλεντινιανοῦ
1604 2141 1759 2189 γαμετῆς
1777 2139 1843 2176 ὑπὸ
1861 2138 1956 2182 ἀνίας
1976 2138 2033 2177 διὰ
2055 2139 2118 2185 τὴν
2139 2144 2197 2178 τοῦ
2219 2142 2279 2177 ἀν-

1230 2198 1307 2251 δρὸς
1325 2197 1499 2249 ἀναίρεσιν
1511 2196 1571 2234 καὶ
1591 2195 1652 2243 τὴν
1667 2198 1734 2233 τῶν
1747 2196 1869 2246 γάμων
1885 2196 2056 2247 ἀνάγκην,
2071 2197 2183 2248 λάθρα
2204 2199 2278 2234 ἐπι·

1229 2254 1476 2305 καλεσαμένης
1495 2253 1690 2303 αὐτὸν,1σὺν
1710 2255 1828 2306 πολλῷ
1846 2254 1959 2306 στόλῳ
1988 2254 2048 2291 καὶ
2066 2257 2116 2306 τῷ
2135 2256 2193 2291 ὑπ’
2212 2256 2278 2292 αὐ-

1229 2314 1287 2353 τὸν
1303 2313 1391 2351 ἔθνει
1412 2313 1481 2350 ἀπὸ
1500 2315 1562 2359 τῆς
1589 2310 1727 2365 Ἄφρων
1761 2314 1800 2356 ἐς
1825 2311 1888 2358 τὴν
1921 2311 2068 2362 Ῥώμην
2097 2312 2276 2351 διέὸαινεν.

1229 2371 1399 2411 Ἐπειδὰν
1418 2371 1453 2408 δὲ
1479 2373 1513 2408 ἐν
1527 2373 1577 2422 τῷ
1593 2370 1741 2422 Ἀζέστῳ
1759 2369 1880 2421 (τόπος
1894 2369 1930 2407 δὲ
1944 2364 2038 2413 οὗτος
2053 2373 2112 2416 τ’ἧς
2133 2369 2277 2419 Ῥώμης

1226 2430 1344 2482 ἐγγύς)
1361 2429 1418 2468 τὸν
1437 2430 1616 2482 Γιζέριχον
1631 2432 1648 2467 ὃ
1674 2428 1835 2479 Μάξιμος
1857 2427 1945 2480 ἔγνω
1965 2429 2280 2481 στρατοπεδευόμε·

1227 2505 1300 2536 νον,
1326 2487 1487 2541 περιδεὴς
1509 2487 1712 2540 γενόμενος,
1742 2486 1883 2539 ἔφευγεν
1914 2486 2015 2541 ἵππῳ
2037 2487 2191 2534 ἀναὸὰς,
2219 2487 2279 2524 καὶ

1229 2549 1343 2585 αὐτῶν
1363 2549 1432 2584 τῶν
1454 2548 1647 2597 βασιλικῶν
1668 2545 1865 2599 δορυφόρων
1894 2545 1955 2583 καὶ
1975 2547 2044 2583 τῶν
2066 2547 2154 2598 ἀμφ’
2177 2545 2279 2583 αὐτὸν

1228 2605 1416 2659 ἐλευθέρων
1447 2599 1496 2650 οἷς
1525 2605 1680 2656 μάλιστα
1709 2607 1835 2648 ἐκεῖνος
1862 2604 2053 2653 ἐπίστευεν,
2087 2603 2278 2642 ἀπολιπόν-

1227 2682 1312 2714 των,
1335 2664 1368 2703 οἳ
1381 2667 1526 2717 ὁρῶντες
1549 2663 1774 2709 ἐξελαύνοντα
1803 2663 1995 2715 ἐλοιδόρουν
2017 2679 2053 2701 τε
2075 2663 2132 2701 καὶ
2149 2664 2277 2702 δειλίαν

1227 2724 1398 2769 ὠνείδιζον
1411 2726 1502 2770 ’τῆς
1535 2722 1570 2760 δὲ
1586 2723 1719 2766 πόλεως
1745 2721 1868 2766 ἐξιέναι
1887 2721 2058 2772 μέλλοντα
2087 2721 2204 2773 βαλών
2225 2737 2274 2763 τις

1227 2784 1312 2835 λίθῳ
1334 2781 1425 2820 κατὰ
1446 2786 1506 2819 τοῦ
1527 2780 1700 2834 κροτάφου
1722 2782 1853 2819 ἀνεῖλε·
1880 2780 1940 2819 καὶ
1959 2781 1997 2819 τὸ
2026 2782 2157 2827 πλῆθος
2176 2781 2278 2817 ἐπελ-

110 2899 510 2942 --διαιπραξοίμενον]ι
529 2899 771 2940 διαπραξάμενος
796 2898 867 2930 cod.
883 2897 1125 2938 -Φήλικα]
1147 2897 1278 2934 ψίληκα,
1294 2895 1365 2926 cod.
1391 2897 1525 2934 Prosper
1549 2894 1668 2926 chron.
1698 2894 1739 2925 ad
1769 2893 1927 2926 Theodos.
1953 2902 2005 2925 an.
2036 2897 2091 2933 13,
2112 2892 2275 2925 Valentin.

111 2957 164 2979 an.
183 2952 202 2980 3
230 2961 238 2979 z
267 2950 385 2980 Aetius
408 2947 553 2979 Felicem
577 2955 656 2978 cum
672 2955 781 2978 uxore
796 2954 862 2978 sua
881 2944 1063 2984 Ραιίιιεὶα,
1084 2947 1116 2976 ec
1138 2943 1351 2976 Grzmm'lum
1376 2941 1581 2980 diaconum,
1598 2949 1652 2972 eos
1675 2939 1843 2971 insidiari
1866 2939 1933 2971 sibi
1956 2947 2062 2980 quum
2080 2941 2275 2979 praesensis-

112 2998 175 3034 set,
194 2997 383 3027 interimit.
397 2995 448 3027 Cf.
466 2995 730 3033 Tillemont..vl,
747 3003 776 3035 p.
799 2998 871 3026 202.
885 3013 927 3021 -
942 2989 1274 3034 Αἰμοριχιανοὺς]
1291 2988 1392 3019 voluit
1409 2988 1522 3018 auctor
1545 2986 1631 3018 haud
1654 2987 1751 3019 dubie
1768 2986 2010 3028 Ἀρμορικανούς.
2030 2987 2137 3019 Gallos
2162 2991 2276 3021 Armo-

112 3042 187 3074 ricae
215 3042 347 3073 rebelles
369 3042 479 3073 Aetius
504 3041 674 3082 subegerat
690 3042 764 3080 (an.
790 3040 886 3078 336).
902 3039 974 3079 -ἓ
990 3042 1020 3072 4.
1047 3039 1163 3071 πάλιν
1191 3039 1243 3074 εἰς
1272 3034 1468 3075 ἐκείνους]
1495 3034 1720 3074 exspectabam
1745 3045 1780 3065 π.
1808 3045 1833 3065 ε.
1861 3035 1999 3073 ἐκεῖνον,
2026 3034 2200 3065 Maximum
2227 3042 2273 3063 sc.

111 3109 152 3116 -
169 3088 448 3129 Θραυστήλαν]
474 3089 519 3120 sic
538 3097 590 3128 ap.
614 3089 693 3120 alios
715 3097 832 3119 nomen
858 3096 892 3119 se
920 3087 1015 3119 habet
1040 3087 1105 3126 (V.
1128 3085 1313 3118 Tillmnont.
1340 3084 1382 3113 Vl
1397 3106 1406 3121 ,
1430 3090 1460 3122 p.
1489 3082 1590 3121 253);
1614 3081 1717 3113 codex
1737 3081 1920 3121 Θραυτήλα;
1946 3084 1978 3112 in
2004 3089 2069 3121 seq.
2090 3079 2108 3120 ᾗ
2133 3085 2150 3111 5
2178 3078 2274 3110 semel

111 3136 215 3167 codex
240 3137 423 3177 Θραυτήλαν
450 3137 482 3167 et
504 3135 603 3167 semel
629 3136 843 3176 Θραυστήλας.
869 3152 902 3160 ⁴-
918 3133 980 3174 §st
1007 3134 1106 3165 κατὰ
1122 3134 1163 3164 τὸ
1191 3133 1315 3174 Ἄρεος
1340 3129 1495 3169 πεδίον]
1514 3141 1528 3155 «
1548 3131 1584 3160 In
1607 3130 1732 3168 Campo
1758 3130 1890 3160 Martio
1907 3128 2113 3159 interemtum
2136 3126 2275 3158 Valenti-

112 3184 243 3214 nianum
267 3185 310 3214 ΙΙΙ
329 3182 477 3214 scribunt
494 3182 605 3213 Victor
620 3183 863 3221 Tunnunensis,
887 3182 1034 3218 Senator,
1058 3182 1120 3212 etc.
1140 3183 1180 3211 In
1203 3181 1328 3218 Campo
1348 3178 1495 3214 Marcio,
1513 3185 1621 3217 quum
1643 3185 1706 3216 pro
1731 3175 1903 3207 tribunali
1926 3174 2078 3206 residens
2095 3174 2274 3205 conciona-

115 3232 218 3261 retur
235 3229 282 3261 ad
298 3230 487 3270 populum,
505 3231 646 3261 Renatus
667 3229 848 3270 Frigeridus
875 3228 958 3269 apud
983 3230 1114 3267 Gregor.
1141 3229 1218 3258 Tur.
1248 3226 1329 3257 Hist.
1354 3226 1399 3262 Η,
1422 3227 1452 3255 8.
1474 3226 1586 3256 Εατίνα
1610 3223 1731 3255 urbem
1757 3222 1839 3254 ludo
1861 3223 2060 3261 qestatioms
2083 3222 2272 3256 intentum,

114 3277 253 3315 ldatius;
268 3277 299 3307 in
316 3277 468 3316 palacio,
485 3277 713 3316 Theophanes,
735 3276 916 3314 cedrenus,
934 3279 1074 3315 Symeon
1089 3274 1220 3314 Logotln.
1236 3274 1268 3303 et
1289 3274 1436 3303 Zonaras
1458 3283 1473 3298 υ
1499 3273 1655 3302 ΒυρΑΝοΕ
1669 3270 1710 3301 ad
1727 3270 1844 3301 chron.
1863 3269 1973 3301 Paseh.
1990 3277 2018 3308 p.
2036 3271 2093 3299 592
2108 3266 2157 3297 ed.
2173 3267 2272 3297 Bonn.

113 3326 235 3357 Auctor
249 3324 367 3356 Chron.
389 3324 498 3355 Pasch.
525 3332 630 3362 regem
657 3323 740 3354 inter
754 3323 834 3354 duas
860 3323 967 3353 lauros
985 3320 1187 3351 intersectum
1214 3319 1302 3350 dicit.
1321 3336 1362 3341 —
1381 3319 1445 3349 τὸν
1474 3317 1720 3358 πατάξαντα]
1740 3318 1792 3348 καὶ
1812 3328 1846 3347 π.
1872 3315 1942 3347 cod.
1967 3334 2006 3342 --
2026 3315 2102 3345 εἴτε
2122 3314 2159 3344 δὲ
2185 3311 2273 3352 καὶ]
2298 3333 2302 3336 -

113 3371 232 3403 excidit
245 3371 383 3402 alterum
397 3371 549 3402 orationis
560 3370 759 3408 membrum,
774 3369 859 3409 qnod
877 3378 954 3400 voce
971 3369 1031 3399 εἴτε
1047 3366 1318 3398 introducebatur.
1332 3385 1370 3392 -
1391 3365 1486 3396 ἑπτὰ
1504 3366 1567 3396 καὶ
1585 3363 1816 3405 τριάκοντα]
1836 3362 1893 3394 Alii
1910 3362 2011 3393 aliter.
2033 3363 2068 3390 v.
2088 3360 2274 3391 'l'illeunonh

115 3421 178 3458 Vl,
197 3427 227 3458 p.
248 3422 317 3450 253.
335 3438 373 3445 -
393 3417 651 3457 Μαιουρῖνος]
670 3417 713 3448 sic
728 3416 829 3448 codex
847 3416 986 3455 uhiqm=;
1008 3414 1078 3444 deb.
1102 3413 1301 3453 Μαῐοριανός.
