2372 3704
980 183 1316 222 FRAGMENTA.

69 266 163 310 λείας
177 265 246 305 ἔτει
259 265 316 304 τὸν
335 267 420 318 παρ’
437 266 520 315 ἡμῖν
538 264 619 302 ναὸν
636 263 829 315 ἠρήμωσε,
848 265 907 302 καὶ
926 259 967 312 ἦν
985 263 1121 317 ἀφανὴς

68 326 126 364 ἐπὶ
147 326 206 373 ἔτη
223 325 452 372 πεντήκοντα·
479 323 628 377 δευτέρῳ
649 323 685 362 δὲ
711 326 773 370 τῆς
806 323 921 376 Κύρου
943 323 1122 376 βασιλείας

67 384 137 423 ἔτει
153 387 221 423 τῶν
251 383 419 435 θεμελίων
443 382 731 430 ὑποὸληθέντων,
756 382 905 436 δευτέρῳ
933 382 1039 420 πάλιν
1060 385 1122 430 τῆς

66 443 216 496 Δαρείου
238 441 416 496 βασιλείας
438 441 669 489 ἀπετελέσθη.
698 441 897 494 Προσθήσω
923 441 959 479 δὲ
979 441 1040 479 καὶ
1059 442 1121 486 τὰς

65 504 135 540 τῶν
155 501 332 542 Φοινίκων
362 500 577 554 ἀναγραφάς·
605 501 644 539 οὗ
662 500 731 553 γὰρ
765 500 1023 553 παραλειπτέον
1051 503 1119 539 τῶν

67 560 277 606 ἀποδείξεων
310 560 373 608 τὴν
392 560 614 613 περιουσίαν.
674 556 780 598 Ἔστι
815 559 851 598 δὲ
872 559 1016 607 τοιαύτη
1051 562 1119 598 τῶν

65 619 201 671 χρόνων
225 622 248 666 ἡ
271 618 541 673 καταρίθμησις.
560 637 574 653 α
590 618 678 659 Ἐπὶ
699 618 908 658 Εἰθωὸάλου
928 622 989 657 τοῦ
1017 620 1118 670 βασι·

65 677 152 721 λε’ως
171 677 399 731 ἐπολιόρκησε
416 677 765 730 Ναὸουχοδονόσορος
779 677 843 725 τὴν
859 676 974 729 Τύρον
988 677 1042 716 ἐπ’
1060 677 1119 725 ἔτη

64 737 307 789 τρισκαίδεκα.
325 737 426 777 Μετὰ
443 741 564 775 τοῦτον
586 737 791 776 ἐδασίλευσε
815 736 917 775 Βαὰλ
939 735 1000 783 ἔτη
1019 736 1118 776 δέκα.

68 797 170 836 Μετὰ
199 801 320 836 τοῦτον
353 797 516 835 δικασταὶ
545 797 812 845 κατεστάθησαν
839 796 900 835 καὶ
934 795 1118 843 ἐδίκασαν,

66 855 276 900 Ἐκνίὸαλος
306 855 498 907 Βασλάχου
528 858 640 906 μῆνας
668 856 751 907 δύο,
779 855 921 902 Χέλὸης
956 854 1119 893 Ἀὅδαίου

67 917 180 965 μῆνας
205 914 312 963 δέκα,
333 913 507 968 Ἀὅὸαρος
528 915 707 967 ἀρχιερεὺς
725 918 837 966 μῆνας
849 915 953 966 τρεῖς,
977 913 1116 964 Μύτγο·

64 988 120 1016 νος
136 972 196 1011 καὶ
211 972 452 1026 Γεράστρατος
476 977 536 1011 τοῦ
552 973 770 1024 Ἀὅδηλέμου
788 971 949 1011 δικασταὶ
968 971 1028 1019 ἔτη
1058 971 1092 1017 ἓξ
1108 1001 1119 1022 ,

64 1024 112 1069 ὧν
134 1029 263 1081 μεταξὺ
290 1030 495 1069 ἐδασίλευσε
523 1031 723 1084 Βαλάτορος
741 1030 898 1069 ἐνιαυτὸν
923 1031 998 1070 ἕνα.
1024 1029 1120 1070 Τού-

67 1105 128 1128 του
145 1089 420 1136 τελευτήσαντος
437 1090 707 1134 ἀποστείλαντες
729 1090 1000 1142 μετεπέμψαντο
1021 1089 1120 1141 Μέρ-

67 1147 175 1186 ὅαλον
205 1149 244 1187 ἐκ
270 1151 332 1196 τῆς
354 1148 579 1197 Βαὸυλῶνος,
610 1148 670 1186 καὶ
696 1148 920 1187 ἓὸασίλευσεν
951 1147 1012 1195 ἔτη
1040 1147 1119 1186 τέσ-

66 1223 172 1259 σαρα.
184 1206 318 1247 Τούτου
332 1207 605 1254 τελευτήσαντος
617 1207 890 1261 μετεπέμψαντο
901 1206 959 1245 τὸν
973 1206 1120 1259 ἀδελφὸν

66 1267 171 1304 αὐτοῦ
207 1264 389 1319 Εἵρωμον,
421 1264 456 1310 ὃς
495 1265 720 1304 ἐὸασίλευσεν
765 1266 824 1313 ἔτη
856 1265 1001 1304 εἴκοσιν.
1033 1265 1120 1304 Ἐπὶ

66 1324 189 1364 τούτου
215 1327 330 1378 Κῦρος
344 1327 492 1378 Περσῶν
514 1325 774 1364 ἐδυνάστευσεν.
799 1343 814 1359 υ
838 1326 975 1364 Οὐκοῦν
1001 1326 1019 1362 ὃ
1037 1324 1121 1375 σύμ-

64 1399 133 1428 πας
156 1383 280 1436 χρόνος
306 1383 365 1431 ἔτη
388 1383 606 1430 πεντήκοντα
626 1384 781 1438 τέσσαρα
805 1384 866 1422 καὶ
892 1388 984 1435 τρεῖς
1016 1385 1122 1433 μῆνες

66 1442 153 1495 πρὸς
179 1444 307 1490 αὐτοῖς.
330 1441 499 1496 Ἑὸδόμῳ
520 1442 583 1493 μὲν
608 1441 676 1495 γὰρ
706 1442 785 1494 περὶ
805 1445 865 1489 τῆς
886 1441 1121 1494 Ναὸουχοδο-

64 1499 204 1553 νοσόρου
223 1501 401 1553 βασιλείας
418 1500 547 1555 ἤρξατο
564 1503 762 1553 πολιορκεῖν
778 1502 911 1554 Τύρον,
932 1516 1120 1553 τεσσαρεσ·

64 1559 260 1613 καιδεκάτῳ
287 1559 315 1598 δ’
336 1559 404 1598 ἔτει
431 1563 492 1606 τῆς
525 1560 689 1613 Εἱρώμου
719 1562 834 1613 Κῦρος
863 1562 880 1598 ὃ
908 1558 1050 1611 Πέρσης
1082 1558 1121 1597 τὸ

65 1618 190 1671 κράτος
204 1618 416 1671 παρέλαθεν.

575 1675 611 1713 3.

118 1745 290 1783 Clemens
312 1745 417 1784 Alex.
439 1743 581 1784 Strom.
613 1747 652 1791 Ι,
681 1758 722 1794 p.
751 1749 845 1792 ι4ο,
866 1744 902 1781 8.
927 1759 935 1781 :
966 1743 1123 1796 Εἴραμος

64 1803 127 1850 τὴν
147 1806 271 1842 ἑαυτοῦ
289 1802 463 1857 θυγατέρα
481 1805 671 1855 Σαλομῶνι
696 1803 836 1851 δίδωσι,
857 1803 934 1842 καθ’
953 1803 1010 1848 οὒς
1033 1804 1121 1856 χρό-

65 1877 141 1906 νους
165 1861 254 1913 μετὰ
273 1862 336 1909 τὴν
363 1863 493 1915 Τροίας
514 1862 644 1901 ἅλωσιν
667 1862 849 1902 Μενελάου
878 1865 924 1907 εἷς
945 1862 1122 1910 Φοινίκην

67 1921 196 1973 ἄφιξις,
219 1921 266 1967 ὥς
283 1937 368 1975 φησι
391 1922 595 1974 Μένανδρος
615 1924 632 1960 ὁ
654 1922 890 1974 Περγαμηνὸς
908 1923 969 1960 καὶ
994 1925 1124 1966 Λαῖτος

66 1983 101 2020 ἐν
120 1982 190 2026 τοῖς
209 1983 437 2025 Φοινικικοῖς.
470 1984 614 2020 Eadem
645 1984 827 2019 Tatianus
846 1985 912 2020 Or.
945 1983 1031 2021 adV.
1053 1984 1120 2020 Gr.

67 2055 102 2078 c.
127 2042 173 2089 37
193 2050 231 2078 et
264 2055 346 2081 exc.
379 2043 518 2080 Euseb.
548 2044 589 2082 P.
610 2044 654 2078 E.
681 2056 721 2091 p.
755 2043 847 2091 493,
873 2044 915 2080 Β.
949 2042 1003 2079 Cf.
1030 2043 1125 2078 Laeti

67 2101 290 2150 fragmenta.
315 2101 496 2140 Ceterum
511 2103 788 2149 Pergamenum
809 2101 1061 2137 Menandrum
1075 2101 1123 2137 ab

71 2161 231 2209 Ephesio
252 2173 332 2195 non
350 2159 428 2196 esse
445 2160 757 2208 distinguendum
777 2160 887 2196 facile
919 2159 1119 2197 concedes.

67 2217 206 2268 Ephesi
224 2227 334 2255 natus
349 2220 524 2268 Pergami
538 2219 685 2257 docuit.

68 2336 172 2368 rasse;
185 2336 270 2359 anno
292 2329 400 2360 autem
421 2328 494 2368 Cyri
520 2327 608 2368 regni
626 2326 768 2359 secundo
782 2326 878 2367 =iactis
905 2325 1126 2358 fundamentis

69 2380 194 2412 restitui
218 2383 380 2420 coeptum,
395 2379 500 2411 denuo
517 2389 595 2412 vero
619 2379 704 2411 Darii
719 2378 807 2418 regni
821 2378 963 2410 secundo
982 2378 1127 2418 partibus

67 2431 218 2464 omnihus
241 2432 427 2464 absolutum
444 2441 522 2464 esse.
539 2432 625 2470 Quin
650 2433 683 2463 et
699 2430 847 2471 adjiciam
864 2430 1053 2462 Phoenicum
1076 2429 1126 2461 bi-

68 2486 182 2518 storias
199 2498 206 2517 :
225 2485 312 2516 haud
331 2486 416 2517 enim
440 2485 658 2517 omittendum
683 2485 733 2516 est
755 2484 985 2524 probationum
1001 2485 1050 2515 sat
1071 2492 1126 2515 su-

69 2546 191 2578 perque
209 2537 336 2569 asserre.
355 2538 410 2568 Est
426 2539 535 2569 autem
558 2537 596 2568 ·in
620 2536 682 2568 illis
705 2537 890 2576 temporum
910 2535 1128 2567 dinumeratio

70 2589 266 2630 hujusmodi.
280 2602 294 2616 α
308 2589 455 2621 ltbobalo
474 2589 560 2630 apud
577 2589 690 2629 Tyrios
706 2590 858 2629 regnante
870 2587 1127 2620 Nabuchodono-

40 2639 48 2648 '
70 2651 163 2675 sorus
174 2643 295 2682 Tyrum
306 2641 432 2673 obsedit
446 2650 500 2683 per
507 2650 608 2673 annos
621 2650 690 2672 xm.
709 2640 878 2672 Postbunc
892 2641 1037 2680 regnavit
1053 2640 1128 2672 naal

21 2704 24 2705 ⁷
70 2702 171 2726 annos
204 2692 327 2724 decem.
355 2694 430 2725 Post
446 2693 533 2724 bunc
558 2692 689 2725 Judices
715 2691 884 2724 constituti
911 2693 1039 2724 suntet
1069 2692 1127 2733 ipsi

71 2755 206 2780 rexere:
228 2746 399 2778 Ecnibalus
422 2746 570 2778 Baslacbi
597 2754 722 2778 menses
737 2745 835 2785 duos,
856 2745 993 2778 Chelbes
1018 2745 1128 2778 Abdaei

71 2808 194 2832 menses
207 2798 319 2831 decem
329 2822 338 2838 ,
349 2798 496 2831 Abbarus
509 2808 656 2831 summus
666 2798 807 2839 pontifex
823 2807 948 2830 menses
960 2799 1038 2838 tres,
1049 2800 1128 2839 Myt-

69 2862 172 2893 gonus
188 2854 220 2885 et
234 2854 439 2885 Gerastratus
450 2853 617 2885 Abdelemi
631 2852 757 2893 Judices
773 2860 830 2893 per
843 2860 944 2884 annos
957 2861 1031 2892 sex3
1046 2853 1130 2885 inter

70 2913 152 2945 quos
167 2913 288 2936 annum
303 2913 405 2936 unum
428 2914 504 2936 cum
522 2906 681 2946 potestate
698 2904 782 2945 regia
799 2906 884 2945 Tyro
897 2905 1025 2945 proefuit
1039 2906 1129 2939 Bala-

70 2959 172 2990 torus.
188 2959 260 2996 Quo
279 2959 408 2990 mortuo
421 2959 537 2990 misere
550 2958 635 2999 Tyrii
645 2957 700 2998 qui
717 2967 755 2989 ex
771 2957 934 2998 Babylone
948 2957 1125 2990 Merbalum

71 3009 286 3050 advocarent,
311 3009 520 3050 regnavitque
547 3010 600 3041 hic
625 3018 725 3041 annos
742 3011 907 3050 quattuor.
931 3012 977 3041 Eo
999 3012 1128 3042 mortuo

73 3061 274 3093 advocarunt
287 3056 419 3094 fratrem
430 3061 498 3102 ejus
510 3061 677 3093 Hiromum
688 3086 696 3101 ,
711 3061 766 3102 qui
785 3060 930 3101 regnavit
942 3070 1044 3094 annos
1068 3072 1123 3095 xx.

74 3113 178 3154 Hujus
197 3115 343 3154 tempore
365 3115 468 3154 Cyrus
492 3113 578 3154 apud
605 3115 715 3145 Persas
741 3114 855 3154 potens
879 3114 960 3145 erat.
994 3126 1009 3142 υ
1032 3115 1122 3151 Qua-

74 3167 203 3206 propter
219 3173 315 3197 omne
331 3167 459 3205 tempus
474 3167 523 3197 est
541 3173 700 3197 annorum
718 3173 789 3204 mv,
817 3164 982 3206 triumque
999 3165 1129 3207 insuper

74 3218 242 3251 mensium.
259 3218 402 3259 Septimo
428 3218 585 3259 siquidem
602 3227 686 3250 anno
699 3218 787 3259 regni
806 3218 857 3250 sui
874 3218 1130 3251 Nabuchodono-

73 3279 167 3302 sorus
188 3271 286 3311 coepit
298 3270 445 3303 obsidere
470 3273 613 3312 Tyrum;
629 3275 747 3312 quarto
765 3272 890 3303 decimo
910 3276 1019 3304 autem
1043 3281 1128 3303 anuo

77 3324 161 3363 regis
176 3323 298 3355 Hiromi
312 3325 415 3365 cyrus
430 3326 528 3356 Persa
543 3325 715 3364 imperium
729 3325 863 3366 accepit.

585 3376 620 3409 3.

118 3433 243 3463 lramus
256 3430 353 3462 [iliam
366 3439 457 3463 suam
470 3430 630 3463 Salomoni
644 3431 676 3463 in
690 3432 931 3465 matrimonium
945 3433 1049 3474 dedit,
1063 3443 1128 3475 quo

2159 196 2233 230 447

1236 347 1424 396 Josephus
1440 350 1526 386 Ant.
1547 349 1635 386 Jud.
1666 351 1778 396 VIII,
1807 350 1849 385 13
1870 363 1877 388 :
1901 350 2091 400 Μέμνηται
2111 352 2147 391 δὲ
2175 358 2238 399 τῆς

1184 403 1377 456 ἀνομὸρίας
1405 404 1534 451 ταύτης
1559 405 1619 443 καὶ
1646 405 1845 456 Μένανδρος
1881 409 1915 444 ἐν
1944 411 2018 452 ταῖς
2047 410 2237 451 Ἰθωὸάλου

1182 467 1242 502 τοῦ
1257 463 1396 515 Τυρίων
1417 462 1588 514 βασιλέως
1608 463 1755 516 πράξεσι
1768 463 1878 514 λέγων
1897 465 2014 510 οὕτως·
2035 486 2048 502 «
2068 468 2238 522 Ἀὅροχία

1183 538 1220 560 τε
1242 522 1297 560 ἐπ’
1323 524 1428 560 αὐτοῦ
1448 522 1605 574 ἐγένετο,
1625 523 1694 561 ἀπὸ
1725 527 1784 561 τοῦ
1806 523 2103 576 εΥπερὸερεταίου
2131 530 2239 578 μηνὸς

1183 581 1247 625 ἕως
1267 586 1326 620 τοῦ
1344 580 1514 634 ἐχομένου
1533 581 1628 626 ἔτους
1648 586 1707 620 τοῦ
1733 581 2046 634 “Υπερὸερεταίου.
2071 585 2238 625 Ἱκετείαν

1183 642 1213 680 δ’
1235 643 1340 680 αὐτοῦ
1361 641 1619 692 ποιησαμένου,
1644 643 1831 695 κεραυνοὺς
1850 643 1989 687 ἱκανοὺς
2011 644 2237 695 βεὸληκέναι.

1183 696 1296 745 Οὗτος
1310 701 1411 739 πόλιν
1428 699 1562 753 Βότρυν
1575 700 1689 739 ἔκτισε
1701 700 1764 749 τὴν
1781 701 1839 739 ἐπὶ
1856 702 2007 754 Φοινίκῃ
2021 734 2030 751 ,
2044 705 2104 743 καὶ
2123 705 2239 751 Αὔζαν

1182 760 1245 807 τὴν
1266 761 1301 798 ἐν
1318 759 1452 813 Λιὸύῃ.
1480 779 1497 794 »
1523 759 1598 800 Καὶ
1614 764 1725 799 ταῦτα
1744 760 1807 811 μὲν
1821 791 1833 811 ,
1853 762 1968 808 δηλῶν
1982 763 2044 810 τὴν
2066 764 2120 802 ἐπ’
2136 764 2240 817 Ἀχά-

1183 819 1245 858 &ou
1271 819 1462 870 γενομένην
1492 819 1688 871 ἀνομὸρίαν
1722 820 1840 870 (κατὰ
1863 820 1931 874 γὰρ
1951 821 2010 859 καὶ
2038 826 2159 862 τοῦτον
2181 825 2240 862 καὶ

1184 878 1371 923 Ἰθώὸαλος
1392 879 1596 918 ἐὸασίλευσε
1611 878 1749 930 Τυρίων
1769 879 1778 932 )
1801 882 1818 918 ὁ
1834 879 2034 933 Μένανδρος
2051 883 2242 935 ἀναγέγρα-

1183 955 1254 991 φεν.
1272 941 1415 977 Eadem
1429 953 1448 976 e
1467 942 1488 976 J
1493 941 1635 989 osepho
1650 941 1853 990 Freculph.
1866 942 1942 987 111,
1956 954 1989 979 e.
2008 956 2044 982 7.
2064 942 2241 981 Ceterum

1183 999 1430 1035 Menandrum
1451 1007 1642 1047 tamquam
1657 1000 1872 1036 Φοινικικῶν
1891 1001 2116 1049 scriptorem
2134 1015 2239 1038 coin-

1182 1066 1370 1094 memorat
1396 1060 1509 1095 etiam
1545 1059 1698 1095 Cosmas
1731 1060 1771 1094 in
1798 1060 1969 1107 Topogr.
1995 1060 2125 1097 christ.
2163 1063 2242 1098 XII
2258 1089 2267 1094 .

1182 1131 1223 1168 p.
1245 1119 1319 1161 342
1339 1125 1376 1154 et
1393 1119 1616 1154 Tertullian.
1640 1119 1804 1166 Apolog.
1826 1131 1859 1155 c.
1888 1130 1947 1166 19.

1694 1197 1730 1232 5.

1236 1266 1385 1301 Bekker
1402 1265 1546 1303 Anecd.
1567 1278 1608 1314 p.
1638 1264 1712 1311 782
1727 1293 1736 1310 ,
1760 1278 1804 1311 17
1831 1278 1839 1301 :
1865 1264 2048 1303 Φοινίκεια
2069 1265 2112 1303 τὰ
2126 1265 2242 1318 γράμ-

1185 1337 1281 1373 ματα
1304 1321 1476 1374 ἐλέγοντο,
1498 1321 1544 1365 ὥς
1563 1337 1717 1375 φησιν...
1739 1322 1928 1367 Ἐτεωνεὺς
1946 1322 2006 1362 καὶ
2029 1325 2241 1377 Μένανδρος,

1185 1381 1306 1427 ἐπειδὴ
1343 1382 1378 1419 ἐν
1411 1382 1578 1424 πετάλοις
1612 1384 1813 1434 φοινικικοῒς
1843 1381 2053 1436 ἐγράφοντσ,
2083 1382 2124 1430 ἢ,
2157 1384 2242 1436 ὅπερ

1185 1440 1341 1492 κρεῖττόν
1361 1443 1453 1479 ἐστιν
1474 1441 1598 1489 εἰπεῖν,
1613 1439 1666 1479 ὅτι
1686 1441 1901 1494 φοινίσσεται
1919 1441 1977 1479 ὑπ’
1998 1443 2112 1480 αὐτῶν
2127 1445 2145 1481 ὃ
2165 1447 2241 1487 νοῦς

1185 1499 1263 1547 ἤτοι
1284 1501 1544 1555 λαμπρύνεται.

1697 1554 1734 1593 6.

1238 1626 1300 1661 .Ῐο.
1326 1626 1509 1661 Laurent.
1527 1625 1624 1673 Lyd.
1649 1627 1707 1661 De
1725 1621 1844 1665 mens.
1867 1639 1908 1675 p.
1937 1626 2012 1673 276
2031 1627 2089 1664 ed.
2113 1628 2212 1665 Hase
2234 1643 2241 1664 :

1184 1681 1266 1721 Εἰσὶ
1285 1682 1321 1720 δὲ
1340 1681 1375 1720 οἵ
1398 1698 1503 1736 φασι,
1533 1682 1591 1720 τὸν
1619 1682 1769 1734 Κρό[νον
1790 1682 1813 1730 ἢ
1834 1683 1944 1734 κα]τὰ
1972 1685 2244 1737 ἀ[ντιστοιχείαν

1185 1741 1242 1780 τὸν
1261 1740 1412 1793 Χ]ρόνον
1429 1741 1618 1793 [Οὐρ]ανοῦ
1638 1735 1724 1778 εἶναι
1743 1742 1866 1779 παῖδα·
1886 1741 1947 1779 καὶ
1964 1741 2031 1795 γὰρ
2050 1744 2089 1781 ἐκ
2105 1746 2167 1790 τῆς
2186 1746 2246 1783 οὔ-

1187 1804 1291 1852 ρανοῧ
1314 1800 1517 1852 [κινήσε]ως
1534 1803 1551 1838 ὁ
1578 1799 1713 1852 χρόνος·
1734 1802 1769 1838 ἐν
1787 1801 1822 1838 δὲ
1851 1804 1900 1852 τῷ
1920 1803 1998 1839 κατ’
2022 1802 2125 1840 αὐτὸν
2143 1805 2245 1856 ἱερῷ,

1185 1862 1231 1904 ὡς
1247 1860 1332 1913 φησὶ
1353 1860 1562 1911 Φύλαρ[χος
1586 1862 1620 1897 ἐν
1638 1860 1698 1912 τῇ]
1723 1860 2006 1912 ἑπτακαιδεκάτῃ
2023 1860 2083 1898 καὶ
2104 1861 2245 1900 Μέναν-

1187 1919 1264 1971 δρός
1280 1920 1395 1972 γε[τῇ]
1414 1918 1537 1971 πρώτῃ
1550 1948 1559 1966 ,
1581 1918 1659 1957 οὔτε
1676 1917 1763 1968 γυνὴ
1783 1918 1879 1970 ο[ὕτε
1896 1919 1989 1957 κύων
2010 1920 2105 1972 οὔ]τε
2125 1922 2246 1973 μυῖ[α]

1186 1978 1309 2029 εἰσῄει.
1354 1980 1412 2018 Cf.
1441 1981 1605 2015 Movers.
1643 1980 1765 2028 Relig.
1796 1981 1832 2016 d.
1865 1980 2038 2016 Phoeniz.
2071 1994 2110 2029 p.
2146 1982 2243 2027 3063

1189 2039 1360 2076 Lobeck.
1388 2040 1581 2088 Aglaoph.
1615 2051 1653 2087 p.
1691 2038 1789 2087 1095
1829 2052 1886 2087 sq.
1922 2039 2134 2077 Menandro
2162 2042 2243 2077 Me-

1190 2099 1377 2134 lanthium
1394 2097 1403 2149 (
1419 2097 1498 2149 περὶ
1514 2099 1582 2134 τῶν
1603 2098 1637 2135 ἐν
1653 2095 1829 2135 Ἐλευσῖνι
1846 2097 2047 2150 μυστηρίων
2064 2099 2073 2148 )
2102 2101 2244 2137 substi-

1189 2165 1294 2194 tuere
1313 2158 1467 2194 volebat
1487 2158 1697 2194 Meinekius
1713 2157 1788 2206 (De
1803 2159 2015 2195 Menandro
2032 2166 2070 2195 et
2083 2159 2242 2198 Philem.

1186 2229 1224 2265 p.
1243 2214 1394 2259 xxxlxl.

1187 2327 1333 2365 tempore
1355 2326 1426 2366 post
1439 2326 1545 2365 Trojae
1561 2325 1724 2358 excidium
1737 2326 1899 2359 Menelaus
1915 2327 1947 2358 in
1961 2327 2134 2359 Phoenicen
2147 2328 2246 2369 venit,

1189 2379 1226 2409 ut
1241 2377 1414 2409 Menander
1434 2380 1649 2418 Pergamenus
1662 2379 1695 2410 et
1708 2379 1814 2410 Laetus
1829 2378 1861 2409 in
1877 2378 2067 2411 Phoenicicis
2079 2379 2222 2411 tradunt.

1230 2482 1376 2514 Meminit
1413 2482 1510 2523 hujus
1550 2483 1666 2523 inopiae
1694 2483 1878 2524 pluviarum
1908 2484 2006 2516 etiam
2047 2484 2243 2525 Menander,

1189 2535 1343 2576 quidum
1367 2545 1418 2568 res
1445 2537 1549 2576 gestas
1567 2536 1704 2568 lthobali
1732 2536 1904 2577 Tyriorum
1934 2537 2015 2578 regis
2043 2539 2173 2578 narrat,
2199 2538 2245 2570 sic

1190 2587 1332 2628 loquitur
1353 2598 1360 2619 :
1377 2601 1394 2616 «ι
1408 2588 1595 2620 Pluviarum
1623 2588 1683 2620 sub
1699 2597 1738 2621 eo
1754 2588 1899 2621 defectus
1919 2590 1988 2621 erat
2013 2598 2032 2621 a
2058 2598 2167 2622 mense
2182 2592 2245 2630 Hy·

1190 2641 1386 2681 perberetaeo
1400 2641 1441 2673 ad
1467 2642 1751 2682 Hyperberetaeum
1779 2643 1942 2683 sequentis
1968 2643 2054 2674 anni.
2080 2643 2139 2675 llio
2163 2652 2241 2676 vero

1189 2693 1375 2734 suppliciter
1396 2697 1500 2727 Deum
1518 2695 1665 2734 precam,
1683 2703 1798 2734 magna
1815 2694 1863 2727 vis
1878 2695 2059 2727 tonitruum
2076 2695 2247 2736 insequuta

1190 2746 1246 2776 est.
1266 2745 1325 2776 ilic
1342 2745 1455 2778 urbem
1475 2747 1596 2786 Botryn
1614 2746 1646 2777 in
1669 2746 1819 2778 Phoenice
1843 2746 1988 2778 condidit
2015 2749 2048 2779 ct
2072 2750 2193 2780 Auzam
2214 2748 2246 2780 in

1192 2796 1301 2838 Libya.
1320 2811 1334 2825 υ
1349 2800 1389 2829 Et
1401 2798 1470 2830 haec
1484 2797 1616 2838 quidem
1630 2797 1814 2837 Menander,
1832 2798 2009 2831 siccitatem
2021 2798 2163 2832 indicans
2173 2809 2247 2841 quze

1190 2849 1251 2880 sub
1279 2849 1412 2881 Acliabo
1431 2849 1591 2881 acciderat
1620 2849 1714 2889 (nam
1743 2849 1827 2882 illius
1858 2851 2002 2891 tempore
2027 2851 2139 2892 Tyrios
2163 2852 2247 2884 rexit

1192 2902 1355 2935 ltbobalus
1372 2903 1403 2943 ),
1417 2903 1448 2934 in
1463 2903 1721 2936 Commentarios
1731 2911 1806 2935 suos
1825 2903 1946 2936 retulit.

1702 2959 1737 2990 5.

1233 3007 1404 3039 Phoenicioe
1423 3007 1524 3039 literae
1549 3006 1623 3039 inde
1643 3007 1857 3048 vocabantur,
1874 3008 1962 3049 quod
1984 3009 2161 3041 secundum
2178 3012 2244 3041 Me-

1189 3061 1348 3092 nandrum
1359 3085 1367 3100 ,
1379 3062 1412 3092 in
1426 3060 1584 3101 φοινίκων,
1592 3061 1797 3101 palmarum
1811 3085 1819 3100 ‚
1835 3061 1918 3095 soliis
1931 3062 2166 3101 scribebantur,
2183 3062 2244 3101 vel,

1189 3113 1274 3153 quod
1289 3113 1395 3146 dicere
1406 3111 1557 3154 praestat,
1571 3113 1661 3153 quod
1680 3122 1771 3145 mens
1784 3114 1821 3146 iis
1835 3114 2040 3154 φοινίσσεται,
2055 3114 2242 3146 illustratur.

1232 3224 1316 3255 sunt
1342 3223 1396 3263 qui
1417 3222 1527 3256 dicant
1541 3224 1594 3256 τὸν
1620 3223 1759 3265 Κρόνον,
1787 3223 1857 3255 sive
1879 3225 2061 3264 permutata
2076 3224 2168 3255 litera
2191 3223 2244 3254 τὸν

1190 3276 1325 3316 Χρόνον,
1341 3276 1403 3308 hoc
1429 3278 1478 3308 est
1489 3279 1648 3318 Tempus,
1666 3276 1747 3309 Coeli
1768 3285 1836 3309 esse
1853 3276 1955 3308 filium
1975 3289 1983 3308 :
1998 3276 2116 3308 etenim
2136 3284 2154 3307 e
2172 3275 2244 3306 cmii

1190 3330 1280 3360 motu
1296 3329 1424 3369 tempus
1443 3329 1479 3360 fit
1495 3342 1502 3361 ι
1518 3329 1550 3361 in
1563 3329 1661 3362 Croni
1678 3329 1788 3360 autem
1810 3328 1985 3368 templum,
2001 3329 2036 3359 ut
2052 3327 2096 3359 ait
2112 3326 2244 3366 Phylar-

1190 3382 1269 3413 chus
1284 3381 1410 3414 decimo
1423 3382 1572 3423 septimo,
1598 3384 1631 3415 et
1644 3380 1818 3415 Menander
1843 3381 1947 3422 primo
1963 3381 2063 3420 libro,
2081 3388 2184 3420 neque
2198 3379 2243 3411 fe-

1191 3434 1275 3466 mina
1290 3443 1394 3476 neque
1410 3435 1496 3467 canis
1509 3444 1614 3476 neque
1628 3442 1738 3466 musca
1758 3433 1919 3465 introibat.
