2314 3756
116 220 160 253 14

110 307 256 349 partem
276 310 351 346 qua
366 280 558 346 Iiunapius
574 296 751 332 narrabat
770 297 981 344 Palmyram
1000 297 1047 332 ab
1067 295 1145 332 Au—

111 359 253 394 reliano
267 383 277 400 ,
293 357 354 391 vel
370 356 564 392 Cremnam
582 367 604 390 a
620 356 734 390 Probi
750 356 930 390 militibus
944 355 1143 390 obsessam.

111 418 207 452 Rern
226 416 385 450 illustrat
408 415 576 450 Zosimus
601 407 638 458 I,
659 413 705 456 54
721 441 732 458 ,
755 426 775 459 7
798 421 835 449 et
862 426 909 459 70
923 413 992 458 ‚‘1.
1011 413 1146 450 Credi-

112 473 231 509 derim
251 473 471 521 Eunapiana
491 472 570 507 haec
587 484 664 507 esse
688 471 885 507 referenda
909 470 957 506 ad
980 471 1146 508 Cremnae

113 532 366 576 obsidionem3
386 543 474 566 nam
493 531 679 574 Zosimus,
698 531 786 565 1000
805 531 990 579 posterius
1007 531 1122 565 citato
1134 555 1145 573 ,

112 590 236 625 Nostri
253 590 369 625 verba
385 596 470 624 ante
490 589 621 624 oculos
638 588 812 623 habuisse
835 588 985 623 videtur
1004 600 1011 622 :
1032 587 1147 630 -Συνῆν

112 660 162 688 τις
183 645 270 697 ἀνὴρ
291 646 384 697 αὐτῷ
407 645 548 697 (Lydio
566 647 604 681 in
621 646 780 684 Cremna
800 644 969 693 obsesso)
989 642 1148 693 μηχανάς

114 719 152 741 τε
186 703 456 747 κατασκευάζειν
487 702 601 750 εἰδὼς,
629 701 689 739 καὶ
717 704 756 739 ἐκ
788 704 954 752 μηχανῶν
976 700 1148 752 εὐστόχως

116 761 252 812 ἀφιέναι
282 761 366 813 βέλη
397 760 600 810 δυνάμενος·
634 759 723 798 ὥστε
754 760 872 802 ὁσάκις
907 756 1149 797 ἐνεκελεύσατο

113 821 131 856 ὁ
148 818 272 862 Λύδιος
289 820 383 871 αὐτῷ
402 818 493 856 κατά
509 834 596 861 τινος
612 820 679 855 τῶν
693 817 868 867 πολεμίων
884 816 1020 869 ἀφιέναι
1038 816 1148 868 βέλος,

115 877 164 927 μὴ
180 879 382 931 διαμαρτεῖν
402 881 461 915 τοῦ
479 881 623 916 σκοποῦ,
643 895 658 910 »
675 879 962 914 Bomsormmus.

477 958 513 996 [1.
548 953 787 991 ΚΑΡΙΝΟΣ.

167 1037 301 1072 Suidas
322 1049 330 1072 ε
354 1036 557 1086 Καρῒνος,
579 1033 698 1085 Κάρου
719 1036 777 1071 τοῦ
796 1033 962 1085 βασιλέως
980 1032 1068 1079 υἱὸς,
1088 1047 1149 1082 γε-

113 1093 252 1143 νόμενος
275 1095 309 1131 ἐν
339 1093 474 1145 ἐξουσίᾳ
500 1092 559 1130 καὶ
593 1092 789 1144 βουλήσεως
814 1091 944 1143 κύριος,
975 1090 1149 1142 ἀνέδραμε

111 1153 312 1199 τηλικουτον
329 1151 435 1189 κακὸν
449 1153 483 1195 ἐς
496 1150 692 1203 τυραννίδα,
715 1149 820 1200 [ὥστε
846 1149 1002 1193 ἀπέδειξε
1018 1148 1148 1201 χρυσὸν

113 1210 177 1256 τὴν
193 1210 479 1262 τραγῳδουμένην
493 1207 674 1261 τυραννίδα
687 1208 711 1258 ·]
731 1207 819 1245 οὕτω
836 1223 895 1245 και
910 1207 1062 1257 τοῦνομα
1082 1208 1151 1250 τοῖς

113 1267 223 1319 ἔργοις
244 1283 368 1320 μακρῳ
387 1268 557 1319 παρῆλθε.
586 1266 728 1305 Παίδων
749 1281 810 1315 μεν
826 1265 893 1318 γὰρ
913 1269 948 1303 εὐ
963 1266 1150 1316 γεγονότων

114 1326 244 1378 υὸρεις,
265 1325 320 1363 διὰ
339 1325 377 1363 τὸ
394 1325 536 1370 σύνηθες
549 1354 559 1372 ,
577 1323 654 1362 οὐδὲ
673 1323 788 1375 ὕὸρεις
808 1323 1055 1374 ενομίσθησαν,
1073 1325 1149 1361 ἀλλ’

111 1388 152 1431 ἠν
173 1383 350 1436 ἐγκύκλιον
372 1385 465 1421 αὐτώ
486 1399 544 1421 και
560 1382 742 1435 πρόχειρον
758 1382 796 1420 τὸ
812 1381 857 1420 τὰ
872 1398 1015 1421 τοιαυτα
1032 1383 1149 1435 ἁμαρ-

112 1442 236 1480 τάνειν·
261 1445 278 1480 ὁ
298 1441 332 1479 δε
353 1441 558 1492 ἐγκληματά
575 1457 612 1479 τε
633 1442 825 1478 ἀνέπλαττε
847 1457 906 1479 και
924 1441 1057 1485 εδίκαζε
1082 1446 1150 1484 τοῖς

112 1500 366 1548 ἀδικουμένοις,
396 1500 456 1538 καὶ
486 1502 553 1538 τῶν
584 1499 815 1550 δικαζομένων
844 1499 953 1542 οὐδεὶς
987 1499 1151 1544 ἐσώζετο·

116 1558 202 1596 ὅπου
219 1574 257 1609 γε
277 1559 409 1604 πολλῆς
425 1556 527 1604 οὔσης
545 1558 604 1595 καὶ
625 1557 812 1606 ἀδιηγήτου
837 1560 897 1604 τῆς
925 1560 1061 1610 φθορᾶς,
1082 1573 1154 1595 πα-

117 1616 360 1668 ρανηλίσκοντό
387 1632 473 1660 τινες
493 1618 560 1654 τῶν
587 1616 814 1666 εὐδαιμόνων,
835 1616 951 1668 ὥσπερ
975 1618 1010 1653 ἐν
1030 1617 1153 1659 κοινοῖς

113 1675 259 1719 δείπνοις
279 1674 512 1726 ἀλεκτορίδες,
531 1676 564 1718 ἐς
583 1674 645 1720 τὴν
668 1674 820 1726 Καρίνου
840 1673 982 1728 τρυφήν.
1005 1677 1153 1725 Μςυινῆ-

113 1736 192 1770 σθαι
213 1732 247 1770 δὲ
268 1735 336 1770 τῶν
355 1731 668 1782 κατακοπτομένων
690 1732 839 1784 ἔφασκε,
857 1735 926 1770 τῶν
943 1731 1004 1782 μὲν
1024 1735 1070 1776 ὡς
1092 1734 1154 1772 οὔκ

113 1791 283 1842 ἐπῄνεσαν
311 1793 412 1829 αὐτοῦ
443 1790 481 1828 τὸ
506 1791 652 1838 κάλλος,
680 1794 748 1829 τῶν
777 1789 813 1828 δὲ
838 1789 890 1828 ὅτι
910 1791 1074 1843 λέγοντα,
1091 1789 1148 1829 ὅτε

113 1844 154 1895 ἦν
175 1849 365 1900 μειράκιον,
379 1850 440 1886 οὐκ
460 1848 675 1898 ἐθαύμασαν,
693 1851 738 1892 ὡς
755 1848 930 1887 ἐὸούλετο·
949 1847 1154 1887 ἀπώλλυντο

118 1906 155 1944 δέ
183 1922 270 1950 τινες
301 1907 360 1944 καὶ
379 1906 586 1957 γελάσαντες
614 1907 766 1944 ἐναντίον
798 1908 901 1944 αὐτοῦ
929 1921 1023 1943 ποτε.
1081 1906 1153 1946 Καὶ

112 1964 227 2002 πάντα
248 1959 290 2011 ἦν
323 1965 428 2002 αὐτοῦ
456 1963 627 2017 βαρύτερα
657 1963 861 2014 διοσημίας,
882 1963 941 2003 καὶ
970 1964 1095 2002 ἐλύττα
1118 1966 1153 2003 ἐν

115 2022 232 2073 μέσοις
247 2024 317 2066 τοῖς
333 2022 509 2068 ὑπηκόοις.

163 2087 251 2120 Haec
280 2097 356 2119 esse
384 2084 542 2132 Eunapii
568 2090 674 2132 patet
695 2095 714 2119 e
729 2083 846 2120 Suida
876 2096 937 2121 vv,
956 2080 1153 2132 Διοσημία,

111 2139 329 2191 Ἔγκύκλιον,
348 2142 498 2192 Μακρῷ,
509 2138 649 2191 ε’Υ6ρ1ς,
661 2142 729 2177 ubi
742 2142 939 2190 particulae
953 2140 1067 2188 hujus
1080 2142 1154 2177 loci

112 2201 530 2245 asfer11ntur‚nominato
540 2207 707 2237 auctore.
721 2202 890 2237 Fortasse
898 2200 972 2236 11110
988 2201 1151 2249 pertinet

111 2260 220 2294 etiam
244 2259 376 2294 Suidas
391 2271 428 2294 V.
448 2256 643 2295 Ἀτάσθαλα
676 2258 789 2308 (vida
806 2260 852 2297 fr.
878 2259 964 2308 89).
983 2261 1154 2295 Ceterum

113 2330 227 2365 quum
246 2330 306 2365 ap.
325 2317 478 2353 Suidam
493 2319 665 2366 proxime
688 2319 912 2354 antecedant
926 2319 1005 2354 haec
1029 2331 1037 2353 ε
1064 2319 1094 2356 Κ
1107 2334 1153 2354 α·-

115 2374 237 2424 ρικξὸν
263 2377 390 2422 Θῧμα·
410 2373 466 2411 ἐπὶ
485 2377 551 2412 τῶν
579 2373 717 2424 ἅσαρκα
736 2373 758 2420 ἢ
779 2373 923 2425 ἄὸρωτα
946 2374 1036 2424 μέλη
1058 2374 1155 2412 θυόν-

113 2447 199 2469 των·
231 2433 261 2469 oi
289 2430 355 2483 γὰρ
386 2433 500 2483 Κᾶρες
522 2432 608 2469 κύνα
644 2431 792 2470 θύουσιν.
833 2432 1003 2474 Εὐνάπιος
1023 2445 1032 2471 :
1064 2446 1154 2482 pro-

113 2492 291 2526 babiliter
332 2492 513 2528 Kiisterus
556 2493 685 2527 statuit
725 2493 885 2540 Eunapii
927 2493 1157 2528 mentionem

114 2563 191 2585 non
212 2561 278 2584 suo
299 2562 375 2585 0550
391 2550 476 2585 1000
494 2550 628 2586 factam
642 2577 652 2595 ,
669 2550 735 2585 sed
760 2550 809 2585 ad
829 2563 871 2586 ea
891 2563 972 2598 quae
993 2550 1039 2586 de
1061 2551 1160 2588 Cari·

113 2621 163 2642 no
187 2615 395 2655 sequuntur
420 2609 621 2656 pertinere.
658 2609 807 2644 Inclusa
826 2621 846 2644 e
865 2609 980 2645 Suida
1012 2622 1048 2647 v.
1082 2610 1156 2645 Μα-

155 2772 305 2811 Carinns,
319 2772 391 2804 Cari
407 2772 488 2813 regis
507 2773 606 2813 iilius,
629 2774 762 2815 adeptus
780 2775 969 2814 potestatem
996 2775 1150 2807 arbitratu

114 2831 173 2854 suo
187 2823 314 2863 quidvis
331 2824 454 2863 agendi,
468 2826 576 2856 tantus
591 2826 744 2865 tyrannus
761 2826 874 2864 evasit,
888 2828 924 2857 ut
939 2828 1150 2866 tyrannorum

114 2875 270 2906 saevitiam
283 2883 302 2905 a
317 2875 444 2915 tragicis
462 2876 562 2914 poetis
587 2877 777 2908 celebratam
795 2886 908 2908 aurum
923 2886 989 2909 esse
1002 2878 1150 2910 ostende-

119 2929 168 2959 ret
186 2940 193 2959 :
212 2927 290 2958 adeo
307 2927 356 2959 vel
383 2936 497 2958 nomen
522 2928 624 2967 ipsum
651 2929 740 2960 factis
767 2930 859 2969 longe
878 2931 1049 2970 superavit.
1070 2932 1150 2962 Nam

115 2980 220 3019 pueris
235 2979 362 3019 quidem
386 2979 544 3011 nobilibus
559 2980 681 3019 injuriae
707 2990 761 3020 per
789 2982 1016 3013 contumeliam
1035 2981 1149 3020 illatae,

114 3031 241 3070 propter
257 3030 538 3070 consuetudinem,
565 3040 604 3062 ne
631 3031 753 3071 injuriae
772 3032 900 3071 quidem
924 3033 1149 3064 existimaban-

114 3083 179 3120 tur,
199 3081 253 3112 scd
281 3080 461 3119 hujusmodi
485 3083 615 3121 peccata
638 3084 728 3113 erant
754 3083 811 3122 ipsi
836 3083 1001 3114 familiaria
1021 3085 1052 3115 et
1072 3093 1150 3124 quo-

115 3132 245 3164 tidiana.
291 3131 378 3162 Idem
407 3133 503 3162 etiam
531 3133 664 3164 crimina
696 3134 1007 3174 comminiscebatur,
1040 3136 1073 3166 et
1097 3135 1151 3175 jus

114 3182 238 3214 (licebat
258 3182 337 3221 illis,
365 3182 418 3222 qui
440 3183 507 3213 laesi
525 3186 645 3222 essent,
671 3193 774 3223 neque
790 3184 874 3216 ullus
891 3193 1020 3224 eorum,
1038 3186 1093 3225 qui
1118 3186 1149 3216 in

111 3233 231 3272 Jndicio
257 3233 438 3272 litigabant,
459 3234 627 3265 incolumis
644 3234 798 3266 evadebat
822 3246 830 3266 :
852 3244 953 3275 quum
974 3237 1148 3276 praesertim

115 3285 197 3316 inter
210 3284 328 3315 multas
346 3286 378 3315 et
392 3284 564 3316 ineffabiles
582 3285 684 3317 caedes
700 3285 830 3325 quidam
846 3295 885 3317 ex
898 3287 1150 3326 opulentioribus

115 3335 203 3366 velut
230 3335 263 3366 in
287 3335 512 3366 communibus
527 3336 627 3375 epulis
645 3336 788 3375 gallinae,
810 3337 907 3367 animi
929 3339 960 3369 et
978 3338 1150 3380 voluptatis

113 3385 214 3426 gratia
238 3393 257 3417 a
277 3385 393 3418 Carino
409 3388 683 3418 consumerentur.
711 3389 832 3418 Horum
852 3387 930 3422 alios
952 3388 1022 3421 ideo
1051 3398 1149 3421 caesos

932 207 1146 247 EUNAPII
1178 206 1422 247 SARDIANI

1208 295 1279 346 χρῷ
1298 296 1471 344 suppleta
1496 302 1594 332 sunt.
1613 297 1670 331 De
1696 308 1736 331 re
1755 295 1803 332 cf.
1832 298 2016 347 Vopiscus
2041 300 2080 336 in
2107 299 2245 339 Carino

1208 367 1243 390 0.
1266 354 1324 390 16.

1471 451 1531 502 [5.
1561 453 1983 506 ΔΙΟΚΛΗΤΙΑΝΟΣ.]

1263 546 1418 596 [Suidas
1443 559 1479 583 v.
1500 544 1686 598 Ἐσχατι
1700 545 1722 584 ά
1751 561 1759 583 :
1780 564 1795 580 σ
1814 546 1859 586 Ὁ
1876 548 2121 595 Διοκλητιανὸς
2147 549 2248 602 λόγον

1211 603 1410 652 ποιούμενος
1428 606 1496 641 τῶν
1518 604 1734 656 πραγμάτων
1757 604 1852 655 ᾠήθη
1878 606 1947 644 δεῖν
1975 606 2034 645 καὶ
2061 606 2247 659 δυνάμεσιν

1212 661 1397 714 ἀρκούσαις
1420 662 1570 708 ἑκάστην
1606 663 1772 714 ἐσχατιὰν
1794 665 1993 716 ὀχυρῶσαι,
2014 665 2074 703 καὶ
2103 667 2248 719 φρούρια

1211 723 1368 766 ποιῆσαι.
1394 737 1409 754 »
1436 723 1606 771 Eunapio
1638 723 1717 759 haec
1751 724 1980 761 vindicanda
2000 725 2249 774 probabiliter

1212 788 1336 816 censet
1352 781 1604 828 Reitemeyer.
1626 781 1675 817 ad
1695 783 1885 818 Zosimum
1904 785 1965 829 ΙΙ,
1986 783 2032 827 34
2046 811 2056 829 ,
2079 796 2100 819 2
2116 811 2127 829 ,
2146 785 2214 820 ubi
2237 797 2245 820 :

1212 841 1282 884 Τῆς
1297 837 1364 888 γὰρ
1387 837 1574 886 Ῥωμαίων
1591 839 1810 891 ἐπικρατείας
1830 841 2032 892 ἁπανταχοῦ
2049 843 2116 878 τῶν
2142 843 2250 892 ἐσχα-

1212 899 1293 934 τιῶν
1311 899 1353 947 τῇ
1371 897 1619 942 Διοκλητιανοῦ
1636 897 1799 950 προνοίᾳ,
1814 898 1905 936 κατὰ
1919 898 1976 936 τὸν
1991 899 2168 951 εἰρημένον
2181 900 2248 947 ἤδη

1213 970 1270 1005 μοι
1294 956 1363 1005 (50.
1387 957 1426 991 in
1445 957 1531 991 libri
1554 957 1697 1005 Iparte
1727 971 1828 994 nunc
1857 959 2075 1007 deperdita)
2106 958 2248 1010 τρόπον,

1212 1014 1334 1051 πόλεσι
1352 1012 1411 1051 καὶ
1431 1013 1601 1066 φρουρίοις
1620 1015 1679 1052 καὶ
1707 1015 1849 1067 πύργοις
1877 1016 2142 1066 διειλημμένης,
2168 1018 2246 1057 κτλ.

1215 1074 1266 1108 Ex
1283 1074 1366 1121 ipso
1383 1073 1531 1108 Zosimo
1552 1073 1730 1109 Suidiana
1752 1073 1900 1110 fluxisse
1915 1077 2064 1123 putavit
2085 1077 2250 1113 Valesius

1212 1131 1262 1167 ad
1278 1132 1463 1169 Ammian.
1486 1132 1655 1170 Marcell.
1676 1132 1833 1178 XXIII,
1855 1131 1897 1178 5,
1922 1145 1966 1179 2,
1985 1146 2027 1182 p.
2050 1131 2163 1184 2562]

1687 1235 1773 1287 [6.]

1266 1321 2171 1375 [Ιι10111εἸόὸειοικαὶ“Ερκούλειοι,ὄνόματα
2187 1325 2250 1364 τά·

1215 1379 1312 1424 ξεων.
1350 1381 1524 1430 Τάγματα
1557 1379 1625 1431 γάρ
1659 1395 1736 1418 τινα
1765 1380 1925 1430 δαίμοσιν
1964 1381 2144 1432 (δαίμονος
2181 1385 2244 1422 ed.

1214 1441 1370 1490 Bernh.)
1395 1439 1575 1488 ἐπώνυμα.
1599 1437 1703 1481 Ἴόὸις
1722 1438 1788 1491 γὰρ
1810 1440 1909 1491 παρὰ
1930 1439 2079 1484 Ἰταλοῖς
2107 1443 2126 1478 ὁ
2142 1439 2249 1491 Ζεὺς,

1215 1497 1417 1550 Ἕρκούλιος
1434 1498 1470 1535 δὲ
1499 1500 1517 1534 ὁ
1547 1496 1740 1548 Ἡρακλῆς.
1769 1501 1982 1548 Eunapium
2007 1500 2054 1536 de
2077 1501 2136 1537 his
2159 1513 2250 1537 nar-

1213 1570 1311 1593 rasse
1332 1570 1375 1594 ex
1390 1570 1512 1605 eoque
1523 1557 1689 1593 hausisse
1709 1558 2019 1607 lexicographum
2037 1560 2252 1608 suspicatur

1213 1616 1500 1663 Bosssonadius,
1524 1616 1663 1651 collato
1685 1617 1835 1652 Zosimo
1859 1618 1939 1664 111,
1969 1617 2040 1662 30,
2070 1621 2092 1661 4
2114 1630 2122 1654 z
2146 1615 2251 1656 Ἐτε-

1213 1672 1349 1724 τάχατο
1368 1671 1405 1710 δὲ
1431 1674 1465 1710 ἐν
1485 1671 1597 1724 τούτῳ
1617 1672 1782 1711 Ἰοὸιανοὶ
1806 1672 1866 1710 καὶ
1891 1672 2149 1726 Ἔρκουλιανοί.
2174 1676 2250 1714 '1'oe-

1213 1730 1356 1780 γμάτων
1387 1728 1423 1767 δὲ
1453 1733 1566 1767 ταῦτα
1586 1730 1762 1782 ὀνόματα,
1791 1730 1888 1783 παρὰ
1910 1733 2162 1779 Διοκλητιανοῧ
2187 1731 2248 1771 καὶ

1214 1788 1435 1839 Μαξιμιανου
1455 1789 1702 1836 καταστάντα,
1728 1789 1900 1841 φερόντων
1923 1789 1985 1834 τὰς
2010 1806 2138 1828 τουτων
2161 1792 2252 1828 ἐπω-

1213 1847 1355 1898 νυμίας·
1380 1849 1397 1884 ὁ
1421 1844 1483 1897 μὲν
1507 1846 1574 1898 γὰρ
1595 1847 1694 1893 Διὸς,
1717 1849 1734 1884 ὃ
1759 1846 1795 1884 δὲ
1829 1846 2044 1900 (Ηρακλέους
2071 1848 2252 1899 ἐπώνυμον

1214 1909 1296 1957 εἶχε.
1312 1909 1357 1942 Et
1374 1907 1441 1944 lib
1463 1905 1882 1952 11,42,3·Ἰοὸιανῶν
1901 1921 1962 1944 και
1975 1905 2251 1956 Ἐρκουλιανῶν·

1213 1964 1377 2014 τάγματα
1411 1963 1447 2001 δὲ
1479 1978 1590 2001 ταυτα
1627 1962 1806 2014 (δαίμοσιν
1842 1966 2097 2014 supplendum
2125 1974 2252 2003 censet

1213 2022 1347 2074 Boiss.)
1380 2021 1561 2072 ἐπώνυμα,
1602 2024 1776 2060 Ceterum
1808 2024 1855 2059 cf.
1891 2022 2059 2060 Valesius
2089 2025 2129 2060 in
2157 2027 2248 2061 Am·

1214 2084 1326 2119 mian.
1340 2083 1461 2127 XXV,
1491 2082 1513 2118 6
1527 2109 1537 2127 ‚
1566 2094 1608 2128 2,
1630 2090 1668 2118 et
1691 2083 1946 2119 Schwarzium
1971 2083 2010 2118 in
2033 2083 2250 2120 Mamertini

1214 2141 1353 2189 Paneg.
1370 2153 1412 2190 p.
1435 2138 1529 2189 93.]

1478 2239 1515 2273 7.
1550 2224 1967 2265 ΚΩΝΣΤΑΝΤΙΝΟΣ.

1267 2315 1460 2364 Eunapius
1487 2316 1562 2353 Vit.
1591 2314 1718 2350 AEdesi
1740 2326 1779 2362 p.
1805 2312 1852 2350 25
1883 2313 1946 2351 ed.
1967 2314 2086 2351 Boiss.
2108 2326 2116 2349 ε
2141 2313 2252 2351 Κων-

1217 2375 1391 2416 σταντῖνος
1410 2372 1472 2420 μὲν
1492 2369 1550 2410 οῧν
1567 2371 1626 2410 καὶ
1647 2370 1830 2409 Ἀὅλάὸιον
1848 2373 1958 2420 τιμῶν
1971 2370 2152 2416 ἐκολάζετο
2164 2400 2174 2418 ,
2186 2370 2246 2409 καὶ

1217 2430 1307 2474 ὅπως
1337 2447 1377 2482 γε
1409 2432 1571 2470 ἐτελεύτα
1603 2433 1637 2469 ἐν
1663 2433 1735 2474 τοῖς
1766 2429 1845 2482 περὶ
1872 2428 2003 2468 ἐκείνου
2040 2428 2250 2481 γέγραπται.

1218 2489 1392 2542 Ἀὅλαὸίῳ
1424 2487 1460 2527 δὲ
1477 2489 1534 2527 τὸν
1554 2490 1663 2526 παῖδα
1689 2487 1854 2526 κατέλιπε
1876 2486 2133 2535 Κωνστάντιον,
2155 2502 2250 2537 cup„-

1219 2548 1473 2586 ὅασιλεύσαντα
1493 2547 1554 2596 μὲν
1575 2549 1691 2600 αὐτῷ,
1721 2545 1962 2596 διαδεξάμενον
1985 2545 2020 2583 δὲ
2047 2545 2112 2592 τὴν
2138 2543 2249 2597 ἀρχὴν

1218 2610 1276 2644 τοῦ
1309 2606 1440 2659 πατρὸς
1473 2605 1532 2643 σὺν
1563 2604 1815 2655 Κωνσταντίνῳ
1851 2604 1911 2642 καὶ
1940 2603 2146 2644 Κώνσταντι
2179 2608 2252 2647 τοῖς

1213 2715 1354 2754 dicebat,
1366 2714 1452 2755 quod
1465 2723 1556 2746 suam
1571 2715 1705 2745 sormam
1718 2722 1782 2744 non
1798 2713 2000 2752 laudassent,
2017 2712 2106 2752 alios,
2120 2711 2205 2753 quod
2218 2719 2254 2744 se

1213 2767 1443 2798 declamantem
1454 2790 1463 2805 ‚
1480 2766 1557 2796 dum
1571 2765 1677 2796 adbuc
1693 2765 1775 2796 esset
1791 2764 1973 2796 adolescens
1984 2788 1993 2803 ‚
2015 2772 2081 2795 non
2104 2762 2250 2795 admirati

2289 2407 2314 2506 *mi

1214 2820 1360 2858 fuissent,
1372 2820 1408 2850 ut
1422 2818 1570 2850 voluisset
1579 2828 1588 2857 ;
1604 2817 1747 2858 peribant
1758 2817 1853 2848 etiam
1866 2817 2023 2856 nonnulli,
2038 2816 2123 2856 quod
2140 2824 2250 2848 coram
2302 2826 2305 2829 ·

1213 2871 1279 2910 ipso
1293 2871 1446 2902 risissent.
1464 2869 1603 2901 Omnino
1619 2869 1734 2900 cuncta
1753 2867 1820 2907 ejus
1837 2868 1919 2899 sacta
1935 2867 2082 2908 prodigiis
2097 2871 2129 2899 et
2147 2869 2250 2899 osten·

1211 2922 1252 2953 tis
1267 2923 1357 2953 erant
1373 2921 1529 2961 graviora,
1543 2920 1620 2952 etin
1645 2919 1757 2951 mediis
1770 2918 1894 2959 populis
1905 2941 1914 2958 ‚
1932 2919 2002 2959 ejus
2019 2918 2151 2959 imperio
2172 2917 2249 2950 sub·

1210 2974 1314 3012 jectis,
1329 2973 1415 3005 rabie
1428 2971 1640 3012 grassabatur.
1698 3019 1732 3062 [5
1747 3018 1760 3060 ]

1251 3077 1467 3110 Diocletianus
1485 3075 1666 3116 reipublicae
1677 3075 1831 3107 rationem
1848 3073 2012 3114 diligenter
2025 3073 2125 3104 iniens
2134 3072 2250 3105 idoneo

1211 3129 1374 3169 copiarum
1388 3136 1523 3159 numero
1539 3128 1656 3159 limites
1679 3126 1803 3167 imperii
1818 3125 1970 3157 tutandos
1988 3125 2020 3156 et
2041 3124 2170 3156 castella
2189 3133 2247 3156 ex·

1209 3180 1359 3212 struenda
1372 3180 1509 3211 curavit.
1743 3223 1754 3268 ]

1690 3225 1738 3267 [6.

1249 3284 1352 3326 [Jovt'i
1365 3285 1399 3315 et
1408 3282 1562 3321 Herculi,
1576 3281 1705 3314 nomina
1718 3281 1893 3321 legionum.
1907 3281 1988 3314 Sunt
2003 3280 2086 3312 enim
2100 3280 2246 3321 quaedam

1209 3337 1373 3376 legionesa
1389 3336 1448 3367 diis
1460 3336 1505 3367 sic
1524 3335 1746 3366 denominatae.
1766 3335 1855 3366 Jovis
1867 3334 1950 3366 enim
1974 3333 2057 3374 apud
2082 3334 2178 3366 Italos
2199 3335 2247 3366 est

1209 3390 1262 3429 qni
1277 3397 1378 3429 graece
1395 3390 1485 3428 Zeus,
1498 3389 1530 3420 et
1554 3386 1703 3420 Hercules
1713 3387 1766 3428 qui
1781 3387 1930 3419 Heraclcs
1944 3388 2075 3418 vocatur
2090 3385 2102 3427 ]
