<?xml version="1.0" encoding="UTF-8"?>
<!DOCTYPE html PUBLIC "-//W3C//DTD XHTML 1.0 Transitional//EN"
    "http://www.w3.org/TR/xhtml1/DTD/xhtml1-transitional.dtd">
<html xmlns="http://www.w3.org/1999/xhtml" xml:lang="en" lang="en">
 <head>
  <title>
</title>
<meta http-equiv="Content-Type" content="text/html;charset=utf-8" />
  <meta name='ocr-system' content='tesseract 3.04.00' />
  <meta name='ocr-capabilities' content='ocr_page ocr_carea ocr_par ocr_line ocrx_word'/>
</head>
<body>
  <div class='ocr_page' id='page_1' title='image "./fragmentahistori04mueluoft_0582.png"; bbox 0 0 2372 3704; ppageno 0'>
   <div class='ocr_carea' id='block_1_1' title="bbox 146 231 220 264">
    <p class='ocr_par' dir='ltr' id='par_1_1' title="bbox 146 231 220 264">
     <span class='ocr_line' id='line_1_1' title="bbox 146 231 220 264; baseline 0.014 -1"><span class='ocrx_word' id='word_1_1' title='bbox 146 231 220 264; x_wconf 85' lang='lat'>570</span> 
     </span>
    </p>
   </div>
   <div class='ocr_carea' id='block_1_2' title="bbox 145 305 1196 418">
    <p class='ocr_par' dir='ltr' id='par_1_2' title="bbox 145 305 1196 418">
     <span class='ocr_line' id='line_1_2' title="bbox 145 305 1195 359; baseline 0 -13"><span class='ocrx_word' id='word_1_2' title='bbox 145 306 223 346; x_wconf 90' lang='grc' dir='ltr'>σθαί</span> <span class='ocrx_word' id='word_1_3' title='bbox 234 321 301 357; x_wconf 91' lang='grc' dir='ltr'>μου</span> <span class='ocrx_word' id='word_1_4' title='bbox 312 305 354 344; x_wconf 77' lang='grc' dir='ltr'>τὰ</span> <span class='ocrx_word' id='word_1_5' title='bbox 367 305 542 358; x_wconf 75' lang='grc' dir='ltr'>πρόὸατα,</span> <span class='ocrx_word' id='word_1_6' title='bbox 556 307 634 345; x_wconf 85' lang='grc' dir='ltr'>ἀλλ’</span> <span class='ocrx_word' id='word_1_7' title='bbox 649 308 711 346; x_wconf 82' lang='grc' dir='ltr'>οὒκ</span> <span class='ocrx_word' id='word_1_8' title='bbox 725 305 962 359; x_wconf 79' lang='grc' dir='ltr'>ἀποξυρᾶσθαι</span> <span class='ocrx_word' id='word_1_9' title='bbox 978 306 1162 359; x_wconf 83' lang='grc' dir='ltr'>βούλομαι.</span> <span class='ocrx_word' id='word_1_10' title='bbox 1179 325 1195 341; x_wconf 83' lang='grc'>»</span> 
     </span>
     <span class='ocr_line' id='line_1_3' title="bbox 146 360 1196 418; baseline 0 -14"><span class='ocrx_word' id='word_1_11' title='bbox 146 366 190 418; x_wconf 72' lang='grc'>(3)</span> <span class='ocrx_word' id='word_1_12' title='bbox 213 364 320 405; x_wconf 78' lang='grc' dir='ltr'>Οὕτω</span> <span class='ocrx_word' id='word_1_13' title='bbox 338 381 376 403; x_wconf 91' lang='grc' dir='ltr'>τε</span> <span class='ocrx_word' id='word_1_14' title='bbox 395 366 429 409; x_wconf 88' lang='grc' dir='ltr'>ἐς</span> <span class='ocrx_word' id='word_1_15' title='bbox 447 365 561 403; x_wconf 85' lang='grc' dir='ltr'>πάντα</span> <span class='ocrx_word' id='word_1_16' title='bbox 582 365 656 410; x_wconf 84' lang='grc' dir='ltr'>ἴσος</span> <span class='ocrx_word' id='word_1_17' title='bbox 674 365 734 404; x_wconf 89' lang='grc' dir='ltr'>καὶ</span> <span class='ocrx_word' id='word_1_18' title='bbox 751 364 868 417; x_wconf 72' lang='grc' dir='ltr'>ὅμοιος</span> <span class='ocrx_word' id='word_1_19' title='bbox 893 360 948 414; x_wconf 71' lang='grc' dir='ltr'>ἧν,</span> <span class='ocrx_word' id='word_1_20' title='bbox 967 366 1076 414; x_wconf 82' lang='grc' dir='ltr'>ὥστε,</span> <span class='ocrx_word' id='word_1_21' title='bbox 1092 368 1196 418; x_wconf 74' lang='grc' dir='ltr'>ὀρχη-</span> 
     </span>
    </p>
   </div>
   <div class='ocr_carea' id='block_1_3' title="bbox 145 430 1198 487">
    <p class='ocr_par' dir='ltr' id='par_1_3' title="bbox 145 430 1198 487">
     <span class='ocr_line' id='line_1_4' title="bbox 145 430 1198 487; baseline -0.001 -17"><span class='ocrx_word' id='word_1_22' title='bbox 145 430 234 478; x_wconf 87' lang='grc' dir='ltr'>στήν</span> <span class='ocrx_word' id='word_1_23' title='bbox 250 446 327 469; x_wconf 91' lang='grc' dir='ltr'>τινα</span> <span class='ocrx_word' id='word_1_24' title='bbox 344 434 406 470; x_wconf 73' lang='grc' dir='ltr'>τοῦ</span> <span class='ocrx_word' id='word_1_25' title='bbox 433 430 546 481; x_wconf 81' lang='grc' dir='ltr'>δήμου</span> <span class='ocrx_word' id='word_1_26' title='bbox 563 430 834 483; x_wconf 76' lang='grc' dir='ltr'>ἕλευθερωθῆναί</span> <span class='ocrx_word' id='word_1_27' title='bbox 854 446 939 469; x_wconf 89' lang='grc' dir='ltr'>ποτε</span> <span class='ocrx_word' id='word_1_28' title='bbox 958 431 1198 487; x_wconf 61' lang='grc' dir='ltr'>βουληθέντος,</span> 
     </span>
    </p>
   </div>
   <div class='ocr_carea' id='block_1_4' title="bbox 143 489 1203 2120">
    <p class='ocr_par' dir='ltr' id='par_1_4' title="bbox 143 489 1203 2120">
     <span class='ocr_line' id='line_1_5' title="bbox 144 489 1185 542; baseline -0.001 -14"><span class='ocrx_word' id='word_1_29' title='bbox 144 489 194 541; x_wconf 85' lang='grc' dir='ltr'>μὴ</span> <span class='ocrx_word' id='word_1_30' title='bbox 215 489 382 542; x_wconf 87' lang='grc' dir='ltr'>πρότερον</span> <span class='ocrx_word' id='word_1_31' title='bbox 407 489 672 537; x_wconf 86' lang='grc' dir='ltr'>συνεπαινέσαι,</span> <span class='ocrx_word' id='word_1_32' title='bbox 694 490 774 542; x_wconf 73' lang='grc' dir='ltr'>πρὶν</span> <span class='ocrx_word' id='word_1_33' title='bbox 803 489 861 528; x_wconf 83' lang='grc' dir='ltr'>τὸν</span> <span class='ocrx_word' id='word_1_34' title='bbox 882 489 1050 537; x_wconf 80' lang='grc' dir='ltr'>δεσπότην</span> <span class='ocrx_word' id='word_1_35' title='bbox 1080 491 1185 528; x_wconf 75' lang='grc' dir='ltr'>αὐτοῦ</span> 
     </span>
     <span class='ocr_line' id='line_1_6' title="bbox 143 547 1194 600; baseline 0 -14"><span class='ocrx_word' id='word_1_36' title='bbox 143 551 328 595; x_wconf 73' lang='grc' dir='ltr'>πεισθῆναι</span> <span class='ocrx_word' id='word_1_37' title='bbox 341 547 401 586; x_wconf 79' lang='grc' dir='ltr'>καὶ</span> <span class='ocrx_word' id='word_1_38' title='bbox 421 548 484 595; x_wconf 80' lang='grc' dir='ltr'>τὴν</span> <span class='ocrx_word' id='word_1_39' title='bbox 500 547 605 598; x_wconf 80' lang='grc' dir='ltr'>τιμὴν</span> <span class='ocrx_word' id='word_1_40' title='bbox 619 548 756 588; x_wconf 70' lang='grc' dir='ltr'>λαδεῖν.</span> <span class='ocrx_word' id='word_1_41' title='bbox 813 551 898 592; x_wconf 86' lang='grc' dir='ltr'>Τοῖς</span> <span class='ocrx_word' id='word_1_42' title='bbox 913 565 952 599; x_wconf 91' lang='grc' dir='ltr'>γε</span> <span class='ocrx_word' id='word_1_43' title='bbox 978 548 1126 600; x_wconf 81' lang='grc' dir='ltr'>ἑταίροις</span> <span class='ocrx_word' id='word_1_44' title='bbox 1147 550 1194 592; x_wconf 87' lang='grc' dir='ltr'>ὡς</span> 
     </span>
     <span class='ocr_line' id='line_1_7' title="bbox 145 606 1192 659; baseline 0 -15"><span class='ocrx_word' id='word_1_45' title='bbox 145 608 181 644; x_wconf 85' lang='grc' dir='ltr'>ἐν</span> <span class='ocrx_word' id='word_1_46' title='bbox 199 606 351 659; x_wconf 74' lang='grc' dir='ltr'>ἰδιωτείᾳ</span> <span class='ocrx_word' id='word_1_47' title='bbox 377 609 502 654; x_wconf 75' lang='grc' dir='ltr'>συνῆν,</span> <span class='ocrx_word' id='word_1_48' title='bbox 524 606 758 655; x_wconf 85' lang='grc' dir='ltr'>δικαζομένοις</span> <span class='ocrx_word' id='word_1_49' title='bbox 778 606 1111 657; x_wconf 82' lang='grc' dir='ltr'>συναγωνιζόμενος,</span> <span class='ocrx_word' id='word_1_50' title='bbox 1130 606 1192 646; x_wconf 77' lang='grc' dir='ltr'>καὶ</span> 
     </span>
     <span class='ocr_line' id='line_1_8' title="bbox 147 663 1196 719; baseline 0 -16"><span class='ocrx_word' id='word_1_51' title='bbox 147 663 264 703; x_wconf 88' lang='grc' dir='ltr'>θύουσι</span> <span class='ocrx_word' id='word_1_52' title='bbox 298 666 534 719; x_wconf 88' lang='grc' dir='ltr'>συνεορτάζων</span> <span class='ocrx_word' id='word_1_53' title='bbox 547 695 558 715; x_wconf 84' lang='lat'>‚</span> <span class='ocrx_word' id='word_1_54' title='bbox 590 664 777 708; x_wconf 78' lang='grc' dir='ltr'>νοσοῦντάς</span> <span class='ocrx_word' id='word_1_55' title='bbox 812 680 850 702; x_wconf 88' lang='grc' dir='ltr'>τε</span> <span class='ocrx_word' id='word_1_56' title='bbox 885 665 1196 716; x_wconf 82' lang='grc' dir='ltr'>ἐπισκεπτόμενος,</span> 
     </span>
     <span class='ocr_line' id='line_1_9' title="bbox 147 722 1196 777; baseline -0.001 -16"><span class='ocrx_word' id='word_1_57' title='bbox 147 723 323 774; x_wconf 86' lang='grc' dir='ltr'>μηδεμίαν</span> <span class='ocrx_word' id='word_1_58' title='bbox 354 723 505 777; x_wconf 79' lang='grc' dir='ltr'>φρουρὰν</span> <span class='ocrx_word' id='word_1_59' title='bbox 538 723 764 774; x_wconf 82' lang='grc' dir='ltr'>ἐπαγόμενος,</span> <span class='ocrx_word' id='word_1_60' title='bbox 792 724 833 774; x_wconf 73' lang='grc'>(4)</span> <span class='ocrx_word' id='word_1_61' title='bbox 866 722 971 762; x_wconf 80' lang='grc' dir='ltr'>Ἀλλὰ</span> <span class='ocrx_word' id='word_1_62' title='bbox 999 723 1059 761; x_wconf 84' lang='grc' dir='ltr'>καὶ</span> <span class='ocrx_word' id='word_1_63' title='bbox 1084 723 1196 774; x_wconf 86' lang='grc' dir='ltr'>δόγμα</span> 
     </span>
     <span class='ocr_line' id='line_1_10' title="bbox 147 780 1197 834; baseline 0 -16"><span class='ocrx_word' id='word_1_64' title='bbox 147 781 336 833; x_wconf 88' lang='grc' dir='ltr'>προέθηκεν</span> <span class='ocrx_word' id='word_1_65' title='bbox 350 812 362 833; x_wconf 88' lang='grc'>,</span> <span class='ocrx_word' id='word_1_66' title='bbox 381 781 471 821; x_wconf 83' lang='grc' dir='ltr'>ὥστε</span> <span class='ocrx_word' id='word_1_67' title='bbox 491 781 578 833; x_wconf 86' lang='grc' dir='ltr'>μήτε</span> <span class='ocrx_word' id='word_1_68' title='bbox 598 781 697 820; x_wconf 83' lang='grc' dir='ltr'>αὐτὸν</span> <span class='ocrx_word' id='word_1_69' title='bbox 726 781 806 831; x_wconf 85' lang='grc' dir='ltr'>μήθ’</span> <span class='ocrx_word' id='word_1_70' title='bbox 826 780 942 834; x_wconf 77' lang='grc' dir='ltr'>ἔτερόν</span> <span class='ocrx_word' id='word_1_71' title='bbox 963 797 1039 819; x_wconf 90' lang='grc' dir='ltr'>τινα</span> <span class='ocrx_word' id='word_1_72' title='bbox 1070 784 1197 834; x_wconf 82' lang='grc' dir='ltr'>σηρικῇ</span> 
     </span>
     <span class='ocr_line' id='line_1_11' title="bbox 147 838 1199 892; baseline -0.002 -14"><span class='ocrx_word' id='word_1_73' title='bbox 147 841 267 887; x_wconf 82' lang='grc' dir='ltr'>ἐσθῆτι</span> <span class='ocrx_word' id='word_1_74' title='bbox 296 843 472 892; x_wconf 81' lang='grc' dir='ltr'>χρῆσθαι,</span> <span class='ocrx_word' id='word_1_75' title='bbox 493 840 550 879; x_wconf 91' lang='grc' dir='ltr'>τόν</span> <span class='ocrx_word' id='word_1_76' title='bbox 570 855 607 878; x_wconf 91' lang='grc' dir='ltr'>τε</span> <span class='ocrx_word' id='word_1_77' title='bbox 626 839 772 892; x_wconf 78' lang='grc' dir='ltr'>χρύσεον</span> <span class='ocrx_word' id='word_1_78' title='bbox 804 838 883 876; x_wconf 80' lang='grc' dir='ltr'>ὅλον</span> <span class='ocrx_word' id='word_1_79' title='bbox 908 839 1038 889; x_wconf 84' lang='grc' dir='ltr'>κόσμον</span> <span class='ocrx_word' id='word_1_80' title='bbox 1067 838 1199 890; x_wconf 84' lang='grc' dir='ltr'>γυναιξὶ</span> 
     </span>
     <span class='ocr_line' id='line_1_12' title="bbox 150 897 1198 951; baseline -0.002 -14"><span class='ocrx_word' id='word_1_81' title='bbox 150 899 272 948; x_wconf 83' lang='grc' dir='ltr'>μόναις</span> <span class='ocrx_word' id='word_1_82' title='bbox 296 899 501 951; x_wconf 74' lang='grc' dir='ltr'>ἐπιτρέψας·</span> <span class='ocrx_word' id='word_1_83' title='bbox 520 899 635 937; x_wconf 83' lang='grc' dir='ltr'>πολλὰ</span> <span class='ocrx_word' id='word_1_84' title='bbox 655 897 691 936; x_wconf 81' lang='grc' dir='ltr'>δὲ</span> <span class='ocrx_word' id='word_1_85' title='bbox 710 898 770 936; x_wconf 89' lang='grc' dir='ltr'>καὶ</span> <span class='ocrx_word' id='word_1_86' title='bbox 796 900 842 941; x_wconf 85' lang='grc' dir='ltr'>εἷς</span> <span class='ocrx_word' id='word_1_87' title='bbox 862 898 1112 949; x_wconf 80' lang='grc' dir='ltr'>ἐπανορθώσεις</span> <span class='ocrx_word' id='word_1_88' title='bbox 1130 900 1198 935; x_wconf 85' lang='grc' dir='ltr'>τῶν</span> 
     </span>
     <span class='ocr_line' id='line_1_13' title="bbox 147 955 1198 1009; baseline -0.002 -14"><span class='ocrx_word' id='word_1_89' title='bbox 147 957 282 996; x_wconf 86' lang='grc' dir='ltr'>πόλεων</span> <span class='ocrx_word' id='word_1_90' title='bbox 298 958 513 1003; x_wconf 77' lang='grc' dir='ltr'>δαπανήσας.</span> <span class='ocrx_word' id='word_1_91' title='bbox 531 957 570 1009; x_wconf 76' lang='lat'>(4)</span> <span class='ocrx_word' id='word_1_92' title='bbox 588 959 668 996; x_wconf 87' lang='grc' dir='ltr'>Τῶν</span> <span class='ocrx_word' id='word_1_93' title='bbox 688 973 725 994; x_wconf 88' lang='grc' dir='ltr'>τε</span> <span class='ocrx_word' id='word_1_94' title='bbox 740 956 917 995; x_wconf 80' lang='grc' dir='ltr'>Ἰουδαίων</span> <span class='ocrx_word' id='word_1_95' title='bbox 933 958 1071 994; x_wconf 84' lang='grc' dir='ltr'>πολλῶν</span> <span class='ocrx_word' id='word_1_96' title='bbox 1086 958 1118 1000; x_wconf 81' lang='grc' dir='ltr'>ἐς</span> <span class='ocrx_word' id='word_1_97' title='bbox 1136 955 1198 1002; x_wconf 82' lang='grc' dir='ltr'>τὴν</span> 
     </span>
     <span class='ocr_line' id='line_1_14' title="bbox 148 1014 1199 1067; baseline -0.002 -12.973"><span class='ocrx_word' id='word_1_98' title='bbox 148 1014 295 1065; x_wconf 80' lang='grc' dir='ltr'>Ἱ)ώμην</span> <span class='ocrx_word' id='word_1_99' title='bbox 313 1016 544 1054; x_wconf 81' lang='grc' dir='ltr'>συνελθόντων</span> <span class='ocrx_word' id='word_1_100' title='bbox 570 1014 631 1053; x_wconf 81' lang='grc' dir='ltr'>καὶ</span> <span class='ocrx_word' id='word_1_101' title='bbox 648 1030 792 1067; x_wconf 82' lang='grc' dir='ltr'>συχνους</span> <span class='ocrx_word' id='word_1_102' title='bbox 806 1017 873 1052; x_wconf 85' lang='grc' dir='ltr'>τῶν</span> <span class='ocrx_word' id='word_1_103' title='bbox 892 1014 1088 1066; x_wconf 79' lang='grc' dir='ltr'>ἐπιχωρίων</span> <span class='ocrx_word' id='word_1_104' title='bbox 1107 1015 1139 1058; x_wconf 82' lang='grc' dir='ltr'>ἐς</span> <span class='ocrx_word' id='word_1_105' title='bbox 1155 1014 1199 1053; x_wconf 82' lang='grc' dir='ltr'>τὰ</span> 
     </span>
     <span class='ocr_line' id='line_1_15' title="bbox 148 1072 1196 1145; baseline 0.001 -35"><span class='ocrx_word' id='word_1_106' title='bbox 148 1072 298 1125; x_wconf 81' lang='grc' dir='ltr'>σφέτερα</span> <span class='ocrx_word' id='word_1_107' title='bbox 333 1073 392 1120; x_wconf 85' lang='grc' dir='ltr'>ἔθη</span> <span class='ocrx_word' id='word_1_108' title='bbox 423 1072 671 1145; x_wconf 80' lang='grc' dir='ltr'>μεθιστάντων</span> <span class='ocrx_word' id='word_1_109' title='bbox 686 1102 695 1119; x_wconf 95' lang='grc'>,</span> <span class='ocrx_word' id='word_1_110' title='bbox 732 1088 835 1115; x_wconf 89' lang='grc' dir='ltr'>τους</span> <span class='ocrx_word' id='word_1_111' title='bbox 830 1072 1003 1115; x_wconf 88' lang='grc' dir='ltr'>πλείονας</span> <span class='ocrx_word' id='word_1_112' title='bbox 1035 1072 1196 1119; x_wconf 82' lang='grc' dir='ltr'>ἐξήλασε.</span> 
     </span>
     <span class='ocr_line' id='line_1_16' title="bbox 153 1129 1198 1184; baseline -0.001 -14"><span class='ocrx_word' id='word_1_113' title='bbox 153 1131 194 1183; x_wconf 87' lang='grc'>(5)</span> <span class='ocrx_word' id='word_1_114' title='bbox 215 1133 378 1175; x_wconf 81' lang='grc' dir='ltr'>Τοιουτος</span> <span class='ocrx_word' id='word_1_115' title='bbox 404 1135 462 1169; x_wconf 82' lang='grc' dir='ltr'>οὖν</span> <span class='ocrx_word' id='word_1_116' title='bbox 495 1147 546 1174; x_wconf 84' lang='grc' dir='ltr'>τις</span> <span class='ocrx_word' id='word_1_117' title='bbox 576 1129 645 1178; x_wconf 85' lang='grc' dir='ltr'>ὢν,</span> <span class='ocrx_word' id='word_1_118' title='bbox 681 1129 857 1182; x_wconf 59' lang='grc' dir='ltr'>αἰφνιδίως</span> <span class='ocrx_word' id='word_1_119' title='bbox 885 1131 931 1174; x_wconf 86' lang='grc' dir='ltr'>εἷς</span> <span class='ocrx_word' id='word_1_120' title='bbox 963 1130 1027 1177; x_wconf 85' lang='grc' dir='ltr'>τὴν</span> <span class='ocrx_word' id='word_1_121' title='bbox 1058 1131 1198 1184; x_wconf 80' lang='grc' dir='ltr'>χείρονα</span> 
     </span>
     <span class='ocr_line' id='line_1_17' title="bbox 148 1188 1199 1242; baseline 0 -15"><span class='ocrx_word' id='word_1_122' title='bbox 148 1190 290 1241; x_wconf 84' lang='grc' dir='ltr'>γνώμην</span> <span class='ocrx_word' id='word_1_123' title='bbox 312 1189 509 1240; x_wconf 71' lang='grc' dir='ltr'>μετεὸλήθη</span> <span class='ocrx_word' id='word_1_124' title='bbox 523 1221 532 1237; x_wconf 91' lang='grc'>,</span> <span class='ocrx_word' id='word_1_125' title='bbox 553 1189 644 1227; x_wconf 80' lang='grc' dir='ltr'>ὥστε</span> <span class='ocrx_word' id='word_1_126' title='bbox 672 1188 776 1227; x_wconf 78' lang='grc' dir='ltr'>αὐτὸν</span> <span class='ocrx_word' id='word_1_127' title='bbox 797 1188 858 1227; x_wconf 83' lang='grc' dir='ltr'>καὶ</span> <span class='ocrx_word' id='word_1_128' title='bbox 886 1191 1119 1242; x_wconf 71' lang='grc' dir='ltr'>παραφρονεῖν</span> <span class='ocrx_word' id='word_1_129' title='bbox 1139 1205 1199 1228; x_wconf 92' lang='grc' dir='ltr'>νο-</span> 
     </span>
     <span class='ocr_line' id='line_1_18' title="bbox 150 1247 1199 1299; baseline 0 -13"><span class='ocrx_word' id='word_1_130' title='bbox 150 1252 314 1299; x_wconf 66' lang='grc' dir='ltr'>μισθῆναι</span> <span class='ocrx_word' id='word_1_131' title='bbox 335 1249 395 1287; x_wconf 84' lang='grc' dir='ltr'>καὶ</span> <span class='ocrx_word' id='word_1_132' title='bbox 420 1248 486 1285; x_wconf 80' lang='grc' dir='ltr'>ὑπό</span> <span class='ocrx_word' id='word_1_133' title='bbox 505 1263 595 1290; x_wconf 88' lang='grc' dir='ltr'>τινος</span> <span class='ocrx_word' id='word_1_134' title='bbox 614 1247 818 1286; x_wconf 80' lang='grc' dir='ltr'>ἐλαύνεσθαι</span> <span class='ocrx_word' id='word_1_135' title='bbox 840 1248 1032 1297; x_wconf 86' lang='grc' dir='ltr'>δαιμονίου.</span> <span class='ocrx_word' id='word_1_136' title='bbox 1059 1249 1199 1287; x_wconf 76' lang='grc' dir='ltr'>Πολλοῦ</span> 
     </span>
     <span class='ocr_line' id='line_1_19' title="bbox 148 1305 1200 1358; baseline -0.002 -13"><span class='ocrx_word' id='word_1_137' title='bbox 148 1323 185 1345; x_wconf 87' lang='grc' dir='ltr'>τε</span> <span class='ocrx_word' id='word_1_138' title='bbox 202 1306 328 1350; x_wconf 81' lang='grc' dir='ltr'>πάθους</span> <span class='ocrx_word' id='word_1_139' title='bbox 349 1305 457 1350; x_wconf 89' lang='grc' dir='ltr'>αἴτιος</span> <span class='ocrx_word' id='word_1_140' title='bbox 476 1309 546 1350; x_wconf 87' lang='grc' dir='ltr'>τοῖς</span> <span class='ocrx_word' id='word_1_141' title='bbox 569 1305 759 1356; x_wconf 86' lang='grc' dir='ltr'>Ῥωμαίοις</span> <span class='ocrx_word' id='word_1_142' title='bbox 779 1305 933 1356; x_wconf 83' lang='grc' dir='ltr'>ἐγένετο,</span> <span class='ocrx_word' id='word_1_143' title='bbox 956 1309 1054 1358; x_wconf 82' lang='grc' dir='ltr'>κοινῇ</span> <span class='ocrx_word' id='word_1_144' title='bbox 1079 1322 1116 1345; x_wconf 89' lang='grc' dir='ltr'>τε</span> <span class='ocrx_word' id='word_1_145' title='bbox 1140 1306 1200 1344; x_wconf 87' lang='grc' dir='ltr'>καὶ</span> 
     </span>
     <span class='ocr_line' id='line_1_20' title="bbox 149 1363 1200 1418; baseline -0.001 -15"><span class='ocrx_word' id='word_1_146' title='bbox 149 1365 220 1418; x_wconf 81' lang='grc' dir='ltr'>ἰδίᾳ</span> <span class='ocrx_word' id='word_1_147' title='bbox 244 1365 534 1417; x_wconf 86' lang='grc' dir='ltr'>προσαναλίσκων</span> <span class='ocrx_word' id='word_1_148' title='bbox 557 1364 634 1408; x_wconf 76' lang='grc' dir='ltr'>τοὺς</span> <span class='ocrx_word' id='word_1_149' title='bbox 658 1364 795 1417; x_wconf 83' lang='grc' dir='ltr'>ἄνδρας.</span> <span class='ocrx_word' id='word_1_150' title='bbox 811 1366 852 1416; x_wconf 85' lang='grc'>(6)</span> <span class='ocrx_word' id='word_1_151' title='bbox 874 1363 999 1410; x_wconf 84' lang='grc' dir='ltr'>Ἔδοξε</span> <span class='ocrx_word' id='word_1_152' title='bbox 1016 1365 1084 1417; x_wconf 86' lang='grc' dir='ltr'>γὰρ</span> <span class='ocrx_word' id='word_1_153' title='bbox 1105 1366 1200 1418; x_wconf 77' lang='grc' dir='ltr'>αὐτῷ</span> 
     </span>
     <span class='ocr_line' id='line_1_21' title="bbox 149 1423 1200 1475; baseline 0 -13"><span class='ocrx_word' id='word_1_154' title='bbox 149 1425 210 1468; x_wconf 83' lang='grc' dir='ltr'>τὰς</span> <span class='ocrx_word' id='word_1_155' title='bbox 229 1428 296 1463; x_wconf 83' lang='grc' dir='ltr'>τῶν</span> <span class='ocrx_word' id='word_1_156' title='bbox 314 1423 486 1475; x_wconf 86' lang='grc' dir='ltr'>κυνηγίων</span> <span class='ocrx_word' id='word_1_157' title='bbox 499 1423 578 1467; x_wconf 84' lang='grc' dir='ltr'>θέας</span> <span class='ocrx_word' id='word_1_158' title='bbox 597 1427 658 1470; x_wconf 78' lang='grc' dir='ltr'>τῆς</span> <span class='ocrx_word' id='word_1_159' title='bbox 684 1424 817 1467; x_wconf 85' lang='grc' dir='ltr'>πόλεως</span> <span class='ocrx_word' id='word_1_160' title='bbox 834 1424 1025 1462; x_wconf 80' lang='grc' dir='ltr'>ἀπελάσαι.</span> <span class='ocrx_word' id='word_1_161' title='bbox 1050 1423 1122 1463; x_wconf 82' lang='grc' dir='ltr'>Καὶ</span> <span class='ocrx_word' id='word_1_162' title='bbox 1143 1424 1200 1462; x_wconf 87' lang='grc' dir='ltr'>διὰ</span> 
     </span>
     <span class='ocr_line' id='line_1_22' title="bbox 149 1481 1199 1534; baseline 0 -14"><span class='ocrx_word' id='word_1_163' title='bbox 149 1482 346 1526; x_wconf 76' lang='grc' dir='ltr'>τοῦτότινες</span> <span class='ocrx_word' id='word_1_164' title='bbox 357 1481 422 1527; x_wconf 82' lang='grc' dir='ltr'>ἔξω</span> <span class='ocrx_word' id='word_1_165' title='bbox 433 1482 560 1525; x_wconf 86' lang='grc' dir='ltr'>ταύτας</span> <span class='ocrx_word' id='word_1_166' title='bbox 571 1484 682 1520; x_wconf 85' lang='grc' dir='ltr'>τελεῖν</span> <span class='ocrx_word' id='word_1_167' title='bbox 697 1482 929 1534; x_wconf 85' lang='grc' dir='ltr'>πειραθέντες,</span> <span class='ocrx_word' id='word_1_168' title='bbox 938 1483 1051 1525; x_wconf 80' lang='grc' dir='ltr'>αὐτοῖς</span> <span class='ocrx_word' id='word_1_169' title='bbox 1069 1484 1199 1520; x_wconf 87' lang='grc' dir='ltr'>συνδιε-</span> 
     </span>
     <span class='ocr_line' id='line_1_23' title="bbox 150 1540 1198 1593; baseline 0.002 -15"><span class='ocrx_word' id='word_1_170' title='bbox 150 1540 332 1593; x_wconf 80' lang='grc' dir='ltr'>φθάρησαν</span> <span class='ocrx_word' id='word_1_171' title='bbox 350 1546 419 1583; x_wconf 85' lang='grc' dir='ltr'>τοῖς</span> <span class='ocrx_word' id='word_1_172' title='bbox 435 1541 588 1592; x_wconf 75' lang='grc' dir='ltr'>θεάτροις</span> <span class='ocrx_word' id='word_1_173' title='bbox 606 1540 644 1578; x_wconf 86' lang='grc' dir='ltr'>ἔκ</span> <span class='ocrx_word' id='word_1_174' title='bbox 661 1556 761 1579; x_wconf 86' lang='grc' dir='ltr'>τινων</span> <span class='ocrx_word' id='word_1_175' title='bbox 781 1541 928 1578; x_wconf 89' lang='grc' dir='ltr'>σανίδων</span> <span class='ocrx_word' id='word_1_176' title='bbox 948 1541 1198 1592; x_wconf 81' lang='grc' dir='ltr'>εἰργασμένοις.</span> 
     </span>
     <span class='ocr_line' id='line_1_24' title="bbox 152 1599 1200 1653; baseline -0.002 -14"><span class='ocrx_word' id='word_1_177' title='bbox 152 1601 194 1653; x_wconf 92' lang='grc'>(7)</span> <span class='ocrx_word' id='word_1_178' title='bbox 217 1599 261 1639; x_wconf 87' lang='grc' dir='ltr'>Ὁ</span> <span class='ocrx_word' id='word_1_179' title='bbox 285 1599 387 1643; x_wconf 83' lang='grc' dir='ltr'>αὐτὸς</span> <span class='ocrx_word' id='word_1_180' title='bbox 402 1599 463 1642; x_wconf 83' lang='grc' dir='ltr'>τὰς</span> <span class='ocrx_word' id='word_1_181' title='bbox 483 1601 550 1637; x_wconf 92' lang='grc' dir='ltr'>τῶν</span> <span class='ocrx_word' id='word_1_182' title='bbox 572 1599 756 1650; x_wconf 79' lang='grc' dir='ltr'>ἐπισήμων</span> <span class='ocrx_word' id='word_1_183' title='bbox 777 1600 909 1651; x_wconf 87' lang='grc' dir='ltr'>ἀνδρῶν</span> <span class='ocrx_word' id='word_1_184' title='bbox 930 1599 1114 1650; x_wconf 74' lang='grc' dir='ltr'>ἐνυὸρίζων</span> <span class='ocrx_word' id='word_1_185' title='bbox 1135 1615 1200 1651; x_wconf 90' lang='grc' dir='ltr'>γυ-</span> 
     </span>
     <span class='ocr_line' id='line_1_25' title="bbox 150 1657 1200 1708; baseline 0 -12"><span class='ocrx_word' id='word_1_186' title='bbox 150 1664 295 1705; x_wconf 89' lang='grc' dir='ltr'>ναῖκας,</span> <span class='ocrx_word' id='word_1_187' title='bbox 314 1657 453 1695; x_wconf 85' lang='grc' dir='ltr'>ἅπαντα</span> <span class='ocrx_word' id='word_1_188' title='bbox 474 1657 517 1695; x_wconf 91' lang='grc' dir='ltr'>δι’</span> <span class='ocrx_word' id='word_1_189' title='bbox 539 1659 653 1696; x_wconf 81' lang='grc' dir='ltr'>αὐτῶν</span> <span class='ocrx_word' id='word_1_190' title='bbox 673 1658 717 1695; x_wconf 86' lang='grc' dir='ltr'>τὰ</span> <span class='ocrx_word' id='word_1_191' title='bbox 737 1657 835 1696; x_wconf 83' lang='grc' dir='ltr'>κοινὰ</span> <span class='ocrx_word' id='word_1_192' title='bbox 855 1658 1094 1707; x_wconf 72' lang='grc' dir='ltr'>κατεμάνθανε</span> <span class='ocrx_word' id='word_1_193' title='bbox 1108 1688 1119 1708; x_wconf 86' lang='grc'>,</span> <span class='ocrx_word' id='word_1_194' title='bbox 1140 1657 1200 1696; x_wconf 83' lang='grc' dir='ltr'>καὶ</span> 
     </span>
     <span class='ocr_line' id='line_1_26' title="bbox 151 1715 1201 1770; baseline 0.001 -16"><span class='ocrx_word' id='word_1_195' title='bbox 151 1716 236 1770; x_wconf 91' lang='grc' dir='ltr'>πρός</span> <span class='ocrx_word' id='word_1_196' title='bbox 254 1725 292 1767; x_wconf 83' lang='grc' dir='ltr'>’γε</span> <span class='ocrx_word' id='word_1_197' title='bbox 313 1715 494 1770; x_wconf 78' lang='grc' dir='ltr'>συνεργοὺς</span> <span class='ocrx_word' id='word_1_198' title='bbox 511 1715 618 1760; x_wconf 79' lang='grc' dir='ltr'>αὐτὰς</span> <span class='ocrx_word' id='word_1_199' title='bbox 637 1719 706 1754; x_wconf 85' lang='grc' dir='ltr'>τῶν</span> <span class='ocrx_word' id='word_1_200' title='bbox 725 1719 857 1769; x_wconf 84' lang='grc' dir='ltr'>μιαρῶν</span> <span class='ocrx_word' id='word_1_201' title='bbox 878 1716 1055 1769; x_wconf 82' lang='grc' dir='ltr'>πράξεων,</span> <span class='ocrx_word' id='word_1_202' title='bbox 1076 1719 1122 1761; x_wconf 83' lang='grc' dir='ltr'>ὡς</span> <span class='ocrx_word' id='word_1_203' title='bbox 1141 1716 1201 1755; x_wconf 76' lang='grc' dir='ltr'>καὶ</span> 
     </span>
     <span class='ocr_line' id='line_1_27' title="bbox 153 1773 1201 1825; baseline 0 -13"><span class='ocrx_word' id='word_1_204' title='bbox 153 1773 467 1825; x_wconf 86' lang='grc' dir='ltr'>γαμηθησομένας,</span> <span class='ocrx_word' id='word_1_205' title='bbox 492 1775 653 1813; x_wconf 79' lang='grc' dir='ltr'>ἐποιεῖτο.</span> <span class='ocrx_word' id='word_1_206' title='bbox 696 1775 781 1814; x_wconf 82' lang='grc' dir='ltr'>Ἐπὶ</span> <span class='ocrx_word' id='word_1_207' title='bbox 808 1774 940 1819; x_wconf 84' lang='grc' dir='ltr'>τούτοις</span> <span class='ocrx_word' id='word_1_208' title='bbox 971 1792 1009 1813; x_wconf 88' lang='grc' dir='ltr'>τε</span> <span class='ocrx_word' id='word_1_209' title='bbox 1039 1775 1201 1814; x_wconf 86' lang='grc' dir='ltr'>Μουκίαν</span> 
     </span>
     <span class='ocr_line' id='line_1_28' title="bbox 152 1832 1202 1886; baseline 0.002 -16"><span class='ocrx_word' id='word_1_210' title='bbox 152 1832 213 1870; x_wconf 80' lang='grc' dir='ltr'>καὶ</span> <span class='ocrx_word' id='word_1_211' title='bbox 229 1833 286 1870; x_wconf 85' lang='grc' dir='ltr'>τὸν</span> <span class='ocrx_word' id='word_1_212' title='bbox 303 1832 430 1879; x_wconf 82' lang='grc' dir='ltr'>ταύτης</span> <span class='ocrx_word' id='word_1_213' title='bbox 452 1832 560 1886; x_wconf 83' lang='grc' dir='ltr'>ἄνδρα</span> <span class='ocrx_word' id='word_1_214' title='bbox 578 1833 655 1884; x_wconf 86' lang='grc' dir='ltr'>ἅμα</span> <span class='ocrx_word' id='word_1_215' title='bbox 672 1833 750 1872; x_wconf 76' lang='grc' dir='ltr'>δυσὶ</span> <span class='ocrx_word' id='word_1_216' title='bbox 767 1834 978 1886; x_wconf 87' lang='grc' dir='ltr'>θυγατράσιν</span> <span class='ocrx_word' id='word_1_217' title='bbox 997 1835 1113 1872; x_wconf 87' lang='grc' dir='ltr'>ἀνεῖλε</span> <span class='ocrx_word' id='word_1_218' title='bbox 1143 1833 1202 1872; x_wconf 81' lang='grc' dir='ltr'>διὰ</span> 
     </span>
     <span class='ocr_line' id='line_1_29' title="bbox 152 1889 1202 1945; baseline 0.003 -18"><span class='ocrx_word' id='word_1_219' title='bbox 152 1890 215 1936; x_wconf 82' lang='grc' dir='ltr'>τὴν</span> <span class='ocrx_word' id='word_1_220' title='bbox 247 1889 332 1943; x_wconf 83' lang='grc' dir='ltr'>πρὸς</span> <span class='ocrx_word' id='word_1_221' title='bbox 358 1890 422 1938; x_wconf 84' lang='grc' dir='ltr'>τὴν</span> <span class='ocrx_word' id='word_1_222' title='bbox 452 1893 558 1929; x_wconf 76' lang='grc' dir='ltr'>αὐτοῦ</span> <span class='ocrx_word' id='word_1_223' title='bbox 591 1891 726 1943; x_wconf 86' lang='grc' dir='ltr'>μητέρα</span> <span class='ocrx_word' id='word_1_224' title='bbox 758 1892 889 1944; x_wconf 78' lang='grc' dir='ltr'>φιλίαν.</span> <span class='ocrx_word' id='word_1_225' title='bbox 913 1893 953 1945; x_wconf 82' lang='grc'>(8)</span> <span class='ocrx_word' id='word_1_226' title='bbox 979 1891 1123 1932; x_wconf 89' lang='grc' dir='ltr'>Σεϊανόν</span> <span class='ocrx_word' id='word_1_227' title='bbox 1142 1908 1202 1940; x_wconf 87' lang='grc' dir='ltr'>τε,</span> 
     </span>
     <span class='ocr_line' id='line_1_30' title="bbox 154 1949 1203 2002; baseline 0.002 -16"><span class='ocrx_word' id='word_1_228' title='bbox 154 1949 263 2002; x_wconf 85' lang='grc' dir='ltr'>ἄνδρα</span> <span class='ocrx_word' id='word_1_229' title='bbox 283 1950 342 1986; x_wconf 78' lang='grc' dir='ltr'>ὑπ’</span> <span class='ocrx_word' id='word_1_230' title='bbox 375 1951 478 1987; x_wconf 81' lang='grc' dir='ltr'>αὐτοῦ</span> <span class='ocrx_word' id='word_1_231' title='bbox 499 1965 535 1987; x_wconf 90' lang='grc' dir='ltr'>τε</span> <span class='ocrx_word' id='word_1_232' title='bbox 553 1951 613 1988; x_wconf 85' lang='grc' dir='ltr'>καὶ</span> <span class='ocrx_word' id='word_1_233' title='bbox 638 1954 700 1996; x_wconf 66' lang='grc' dir='ltr'>τῆς</span> <span class='ocrx_word' id='word_1_234' title='bbox 721 1953 846 2002; x_wconf 77' lang='grc' dir='ltr'>βουλῆς</span> <span class='ocrx_word' id='word_1_235' title='bbox 863 1950 920 1989; x_wconf 78' lang='grc' dir='ltr'>ἐπὶ</span> <span class='ocrx_word' id='word_1_236' title='bbox 945 1951 1015 1995; x_wconf 83' lang='grc' dir='ltr'>τοῖς</span> <span class='ocrx_word' id='word_1_237' title='bbox 1038 1951 1203 2002; x_wconf 82' lang='grc' dir='ltr'>μεγάλοις</span> 
     </span>
     <span class='ocr_line' id='line_1_31' title="bbox 153 2006 1202 2062; baseline 0.003 -18"><span class='ocrx_word' id='word_1_238' title='bbox 153 2006 327 2056; x_wconf 82' lang='grc' dir='ltr'>ἀξιώμασι</span> <span class='ocrx_word' id='word_1_239' title='bbox 358 2007 598 2060; x_wconf 77' lang='grc' dir='ltr'>προαχθέντα,</span> <span class='ocrx_word' id='word_1_240' title='bbox 634 2009 874 2061; x_wconf 84' lang='grc' dir='ltr'>αὐτοκράτορά</span> <span class='ocrx_word' id='word_1_241' title='bbox 901 2025 938 2047; x_wconf 91' lang='grc' dir='ltr'>τε</span> <span class='ocrx_word' id='word_1_242' title='bbox 965 2009 1202 2062; x_wconf 68' lang='grc' dir='ltr'>ψηφισθέντα,</span> 
     </span>
     <span class='ocr_line' id='line_1_32' title="bbox 152 2065 1201 2120; baseline 0.002 -17"><span class='ocrx_word' id='word_1_243' title='bbox 152 2065 251 2118; x_wconf 85' lang='grc' dir='ltr'>παρὰ</span> <span class='ocrx_word' id='word_1_244' title='bbox 269 2065 329 2109; x_wconf 89' lang='grc' dir='ltr'>τὰς</span> <span class='ocrx_word' id='word_1_245' title='bbox 348 2066 511 2104; x_wconf 84' lang='grc' dir='ltr'>ἁπάντων</span> <span class='ocrx_word' id='word_1_246' title='bbox 533 2066 674 2111; x_wconf 84' lang='grc' dir='ltr'>ἐλπίδας</span> <span class='ocrx_word' id='word_1_247' title='bbox 694 2067 896 2120; x_wconf 84' lang='grc' dir='ltr'>διέφθειρεν.</span> <span class='ocrx_word' id='word_1_248' title='bbox 922 2067 992 2107; x_wconf 59' lang='grc' dir='ltr'>“Ον</span> <span class='ocrx_word' id='word_1_249' title='bbox 1011 2067 1078 2120; x_wconf 83' lang='grc' dir='ltr'>γὰρ</span> <span class='ocrx_word' id='word_1_250' title='bbox 1098 2068 1201 2110; x_wconf 79' lang='grc' dir='ltr'>αὐτὸς</span> 
     </span>
    </p>
   </div>
   <div class='ocr_carea' id='block_1_5' title="bbox 940 218 1502 264">
    <p class='ocr_par' dir='ltr' id='par_1_5' title="bbox 940 218 1502 264">
     <span class='ocr_line' id='line_1_33' title="bbox 940 218 1502 264; baseline 0.005 -3"><span class='ocrx_word' id='word_1_251' title='bbox 940 218 1154 262; x_wconf 77' lang='lat' dir='ltr'>JOANNIS</span> <span class='ocrx_word' id='word_1_252' title='bbox 1180 221 1502 264; x_wconf 80' lang='lat' dir='ltr'>ANTIOCHENI</span> 
     </span>
    </p>
   </div>
   <div class='ocr_carea' id='block_1_6' title="bbox 1256 309 2307 951">
    <p class='ocr_par' dir='ltr' id='par_1_6' title="bbox 1256 309 2307 951">
     <span class='ocr_line' id='line_1_34' title="bbox 1256 309 2302 363; baseline 0.006 -16"><span class='ocrx_word' id='word_1_253' title='bbox 1256 309 1317 348; x_wconf 79' lang='grc' dir='ltr'>καὶ</span> <span class='ocrx_word' id='word_1_254' title='bbox 1330 311 1439 348; x_wconf 85' lang='grc' dir='ltr'>παῖδα</span> <span class='ocrx_word' id='word_1_255' title='bbox 1455 309 1515 349; x_wconf 85' lang='grc' dir='ltr'>καὶ</span> <span class='ocrx_word' id='word_1_256' title='bbox 1534 310 1694 363; x_wconf 84' lang='grc' dir='ltr'>διάδοχον</span> <span class='ocrx_word' id='word_1_257' title='bbox 1712 310 1846 360; x_wconf 82' lang='grc' dir='ltr'>ἐκάλει,</span> <span class='ocrx_word' id='word_1_258' title='bbox 1858 315 1977 351; x_wconf 78' lang='grc' dir='ltr'>τοῦτον</span> <span class='ocrx_word' id='word_1_259' title='bbox 1993 311 2154 352; x_wconf 76' lang='grc' dir='ltr'>ἕλκεσθαι</span> <span class='ocrx_word' id='word_1_260' title='bbox 2170 314 2226 353; x_wconf 84' lang='grc' dir='ltr'>διὰ</span> <span class='ocrx_word' id='word_1_261' title='bbox 2241 317 2302 363; x_wconf 78' lang='grc' dir='ltr'>τῆς</span> 
     </span>
     <span class='ocr_line' id='line_1_35' title="bbox 1258 369 2303 426; baseline 0.008 -21"><span class='ocrx_word' id='word_1_262' title='bbox 1258 369 1387 422; x_wconf 81' lang='grc' dir='ltr'>ἀγορᾶς</span> <span class='ocrx_word' id='word_1_263' title='bbox 1409 369 1677 421; x_wconf 85' lang='grc' dir='ltr'>παρεσκευάκει·</span> <span class='ocrx_word' id='word_1_264' title='bbox 1707 371 1768 408; x_wconf 82' lang='grc' dir='ltr'>καὶ</span> <span class='ocrx_word' id='word_1_265' title='bbox 1795 371 1832 409; x_wconf 88' lang='grc' dir='ltr'>ὃν</span> <span class='ocrx_word' id='word_1_266' title='bbox 1856 371 2006 416; x_wconf 85' lang='grc' dir='ltr'>ἅπαντες</span> <span class='ocrx_word' id='word_1_267' title='bbox 2028 375 2058 411; x_wconf 84' lang='grc' dir='ltr'>οἱ</span> <span class='ocrx_word' id='word_1_268' title='bbox 2087 376 2148 420; x_wconf 82' lang='grc' dir='ltr'>τ’ῆς</span> <span class='ocrx_word' id='word_1_269' title='bbox 2178 375 2303 426; x_wconf 74' lang='grc' dir='ltr'>βουλῆς</span> 
     </span>
     <span class='ocr_line' id='line_1_36' title="bbox 1258 427 2302 483; baseline 0.004 -17"><span class='ocrx_word' id='word_1_270' title='bbox 1258 427 1503 480; x_wconf 80' lang='grc' dir='ltr'>ἐδορυφόρουν,</span> <span class='ocrx_word' id='word_1_271' title='bbox 1523 432 1643 466; x_wconf 76' lang='grc' dir='ltr'>τοῦτον</span> <span class='ocrx_word' id='word_1_272' title='bbox 1659 431 1699 467; x_wconf 84' lang='grc' dir='ltr'>ἐκ</span> <span class='ocrx_word' id='word_1_273' title='bbox 1714 433 1774 467; x_wconf 73' lang='grc' dir='ltr'>τοῦ</span> <span class='ocrx_word' id='word_1_274' title='bbox 1791 430 1965 483; x_wconf 87' lang='grc' dir='ltr'>συνεδρίου</span> <span class='ocrx_word' id='word_1_275' title='bbox 1989 433 2045 469; x_wconf 78' lang='grc' dir='ltr'>ἐπὶ</span> <span class='ocrx_word' id='word_1_276' title='bbox 2061 431 2100 469; x_wconf 85' lang='grc' dir='ltr'>τὸ</span> <span class='ocrx_word' id='word_1_277' title='bbox 2120 431 2302 483; x_wconf 81' lang='grc' dir='ltr'>δεσμωτή-</span> 
     </span>
     <span class='ocr_line' id='line_1_37' title="bbox 1261 485 2304 542; baseline 0.005 -19"><span class='ocrx_word' id='word_1_278' title='bbox 1261 501 1330 538; x_wconf 90' lang='grc' dir='ltr'>ριον</span> <span class='ocrx_word' id='word_1_279' title='bbox 1339 485 1535 537; x_wconf 61' lang='grc' dir='ltr'>ἀπήγαγον,</span> <span class='ocrx_word' id='word_1_280' title='bbox 1545 486 1622 524; x_wconf 80' lang='grc' dir='ltr'>ἀντὶ</span> <span class='ocrx_word' id='word_1_281' title='bbox 1632 487 1802 539; x_wconf 82' lang='grc' dir='ltr'>στεφάνου</span> <span class='ocrx_word' id='word_1_282' title='bbox 1815 489 1928 536; x_wconf 86' lang='grc' dir='ltr'>δεσμὰ</span> <span class='ocrx_word' id='word_1_283' title='bbox 1939 488 1998 527; x_wconf 70' lang='grc' dir='ltr'>καὶ</span> <span class='ocrx_word' id='word_1_284' title='bbox 2013 488 2088 527; x_wconf 80' lang='grc' dir='ltr'>ἀντὶ</span> <span class='ocrx_word' id='word_1_285' title='bbox 2103 489 2304 542; x_wconf 79' lang='grc' dir='ltr'>ἄλουργίδος</span> 
     </span>
     <span class='ocr_line' id='line_1_38' title="bbox 1258 543 2305 595; baseline 0.005 -13"><span class='ocrx_word' id='word_1_286' title='bbox 1258 543 1439 594; x_wconf 72' lang='grc' dir='ltr'>τριὸώνιον</span> <span class='ocrx_word' id='word_1_287' title='bbox 1459 544 1668 595; x_wconf 85' lang='grc' dir='ltr'>περιθέντες·</span> <span class='ocrx_word' id='word_1_288' title='bbox 1685 547 1733 589; x_wconf 87' lang='grc' dir='ltr'>ὡς</span> <span class='ocrx_word' id='word_1_289' title='bbox 1748 545 1809 584; x_wconf 77' lang='grc' dir='ltr'>καὶ</span> <span class='ocrx_word' id='word_1_290' title='bbox 1824 546 1880 584; x_wconf 80' lang='grc' dir='ltr'>διὰ</span> <span class='ocrx_word' id='word_1_291' title='bbox 1899 547 2019 586; x_wconf 86' lang='grc' dir='ltr'>τούτου</span> <span class='ocrx_word' id='word_1_292' title='bbox 2044 548 2083 586; x_wconf 88' lang='grc' dir='ltr'>ἄν</span> <span class='ocrx_word' id='word_1_293' title='bbox 2099 564 2147 592; x_wconf 92' lang='grc' dir='ltr'>τις</span> <span class='ocrx_word' id='word_1_294' title='bbox 2166 548 2229 595; x_wconf 87' lang='grc' dir='ltr'>τὴν</span> <span class='ocrx_word' id='word_1_295' title='bbox 2247 550 2305 587; x_wconf 85' lang='grc' dir='ltr'>ἀν-</span> 
     </span>
     <span class='ocr_line' id='line_1_39' title="bbox 1259 602 2304 657; baseline 0.004 -16"><span class='ocrx_word' id='word_1_296' title='bbox 1259 602 1432 654; x_wconf 86' lang='grc' dir='ltr'>θρωπείαν</span> <span class='ocrx_word' id='word_1_297' title='bbox 1454 603 1630 640; x_wconf 86' lang='grc' dir='ltr'>ἀσθένειαν</span> <span class='ocrx_word' id='word_1_298' title='bbox 1653 604 1803 644; x_wconf 86' lang='grc' dir='ltr'>κατεῖδε.</span> <span class='ocrx_word' id='word_1_299' title='bbox 1823 604 1968 648; x_wconf 82' lang='grc' dir='ltr'>Σεῖανὸς</span> <span class='ocrx_word' id='word_1_300' title='bbox 1987 605 2049 655; x_wconf 82' lang='grc' dir='ltr'>μὲν</span> <span class='ocrx_word' id='word_1_301' title='bbox 2063 606 2123 653; x_wconf 84' lang='grc' dir='ltr'>δὴ,</span> <span class='ocrx_word' id='word_1_302' title='bbox 2141 606 2304 657; x_wconf 88' lang='grc' dir='ltr'>μέγιστον</span> 
     </span>
     <span class='ocr_line' id='line_1_40' title="bbox 1259 660 2305 717; baseline 0.007 -20"><span class='ocrx_word' id='word_1_303' title='bbox 1259 663 1327 698; x_wconf 85' lang='grc' dir='ltr'>τῶν</span> <span class='ocrx_word' id='word_1_304' title='bbox 1342 660 1409 712; x_wconf 85' lang='grc' dir='ltr'>πρὸ</span> <span class='ocrx_word' id='word_1_305' title='bbox 1424 662 1529 698; x_wconf 78' lang='grc' dir='ltr'>αὐτοῦ</span> <span class='ocrx_word' id='word_1_306' title='bbox 1543 661 1875 708; x_wconf 76' lang='grc' dir='ltr'>δυνηθεὶς,τοιοῧτον</span> <span class='ocrx_word' id='word_1_307' title='bbox 1887 662 1970 714; x_wconf 82' lang='grc' dir='ltr'>ἔσχε</span> <span class='ocrx_word' id='word_1_308' title='bbox 1985 663 2094 707; x_wconf 89' lang='grc' dir='ltr'>τέλος.</span> <span class='ocrx_word' id='word_1_309' title='bbox 2139 663 2183 717; x_wconf 74' lang='lat' dir='ltr'>(o)</span> <span class='ocrx_word' id='word_1_310' title='bbox 2198 665 2305 706; x_wconf 86' lang='grc' dir='ltr'>Φίλοι</span> 
     </span>
     <span class='ocr_line' id='line_1_41' title="bbox 1260 719 2305 775; baseline 0.006 -18"><span class='ocrx_word' id='word_1_311' title='bbox 1260 719 1295 757; x_wconf 85' lang='grc' dir='ltr'>δὲ</span> <span class='ocrx_word' id='word_1_312' title='bbox 1305 721 1406 757; x_wconf 78' lang='grc' dir='ltr'>αὐτοῦ</span> <span class='ocrx_word' id='word_1_313' title='bbox 1421 719 1480 758; x_wconf 80' lang='grc' dir='ltr'>καὶ</span> <span class='ocrx_word' id='word_1_314' title='bbox 1489 725 1663 770; x_wconf 86' lang='grc' dir='ltr'>συγγενεῖς</span> <span class='ocrx_word' id='word_1_315' title='bbox 1676 720 1803 764; x_wconf 84' lang='grc' dir='ltr'>ἀδίκως</span> <span class='ocrx_word' id='word_1_316' title='bbox 1814 722 2054 775; x_wconf 75' lang='grc' dir='ltr'>διεφθείροντο,</span> <span class='ocrx_word' id='word_1_317' title='bbox 2070 722 2131 767; x_wconf 86' lang='grc' dir='ltr'>Ὡς</span> <span class='ocrx_word' id='word_1_318' title='bbox 2143 727 2305 763; x_wconf 77' lang='grc' dir='ltr'>τοσοῦτον</span> 
     </span>
     <span class='ocr_line' id='line_1_42' title="bbox 1259 778 2307 830; baseline 0.007 -16"><span class='ocrx_word' id='word_1_319' title='bbox 1259 779 1416 830; x_wconf 71' lang='grc' dir='ltr'>ἐκλεῖψαι</span> <span class='ocrx_word' id='word_1_320' title='bbox 1435 778 1498 824; x_wconf 82' lang='grc' dir='ltr'>τὴν</span> <span class='ocrx_word' id='word_1_321' title='bbox 1519 778 1731 829; x_wconf 88' lang='grc' dir='ltr'>σύγκλητον,</span> <span class='ocrx_word' id='word_1_322' title='bbox 1759 780 1849 817; x_wconf 83' lang='grc' dir='ltr'>ὥστε</span> <span class='ocrx_word' id='word_1_323' title='bbox 1869 780 1956 830; x_wconf 82' lang='grc' dir='ltr'>μηδὲ</span> <span class='ocrx_word' id='word_1_324' title='bbox 1984 782 2018 824; x_wconf 83' lang='grc' dir='ltr'>ἐς</span> <span class='ocrx_word' id='word_1_325' title='bbox 2047 780 2109 825; x_wconf 79' lang='grc' dir='ltr'>τὰς</span> <span class='ocrx_word' id='word_1_326' title='bbox 2128 784 2207 820; x_wconf 85' lang='grc' dir='ltr'>κατ’</span> <span class='ocrx_word' id='word_1_327' title='bbox 2234 782 2307 826; x_wconf 84' lang='grc' dir='ltr'>ἔτος</span> 
     </span>
     <span class='ocr_line' id='line_1_43' title="bbox 1261 835 2307 889; baseline 0.007 -16"><span class='ocrx_word' id='word_1_328' title='bbox 1261 835 1487 888; x_wconf 81' lang='grc' dir='ltr'>ἀρχαιρεσίας</span> <span class='ocrx_word' id='word_1_329' title='bbox 1510 837 1675 888; x_wconf 85' lang='grc' dir='ltr'>διαρκεῖν.</span> <span class='ocrx_word' id='word_1_330' title='bbox 1714 839 2036 889; x_wconf 87' lang='grc' dir='ltr'>Παρακαλούμενός</span> <span class='ocrx_word' id='word_1_331' title='bbox 2067 839 2104 878; x_wconf 84' lang='grc' dir='ltr'>τέ</span> <span class='ocrx_word' id='word_1_332' title='bbox 2135 856 2220 880; x_wconf 85' lang='grc' dir='ltr'>ποτε</span> <span class='ocrx_word' id='word_1_333' title='bbox 2241 840 2307 880; x_wconf 72' lang='grc' dir='ltr'>ὑπὸ</span> 
     </span>
     <span class='ocr_line' id='line_1_44' title="bbox 1259 895 2073 951; baseline 0.006 -19"><span class='ocrx_word' id='word_1_334' title='bbox 1259 897 1327 933; x_wconf 88' lang='grc' dir='ltr'>τῶν</span> <span class='ocrx_word' id='word_1_335' title='bbox 1347 895 1455 948; x_wconf 81' lang='grc' dir='ltr'>φίλων</span> <span class='ocrx_word' id='word_1_336' title='bbox 1474 898 1577 933; x_wconf 77' lang='grc' dir='ltr'>τοῦτο</span> <span class='ocrx_word' id='word_1_337' title='bbox 1596 895 1638 942; x_wconf 76' lang='grc' dir='ltr'>δὴ</span> <span class='ocrx_word' id='word_1_338' title='bbox 1658 897 1696 934; x_wconf 89' lang='grc' dir='ltr'>τὸ</span> <span class='ocrx_word' id='word_1_339' title='bbox 1714 897 1860 949; x_wconf 78' lang='grc' dir='ltr'>ἀρχαῖον</span> <span class='ocrx_word' id='word_1_340' title='bbox 1874 897 2073 951; x_wconf 76' lang='grc' dir='ltr'>ἐφθέγξατο·</span> 
     </span>
    </p>
   </div>
   <div class='ocr_carea' id='block_1_7' title="bbox 1343 1003 1941 1047">
    <p class='ocr_par' dir='ltr' id='par_1_7' title="bbox 1343 1003 1941 1047">
     <span class='ocr_line' id='line_1_45' title="bbox 1343 1003 1941 1047; baseline 0.003 -12"><span class='ocrx_word' id='word_1_341' title='bbox 1343 1003 1441 1044; x_wconf 87' lang='grc' dir='ltr'>Ἐμοῦ</span> <span class='ocrx_word' id='word_1_342' title='bbox 1453 1003 1595 1041; x_wconf 80' lang='grc' dir='ltr'>θανόντος</span> <span class='ocrx_word' id='word_1_343' title='bbox 1608 1006 1684 1044; x_wconf 86' lang='grc' dir='ltr'>γαῖα</span> <span class='ocrx_word' id='word_1_344' title='bbox 1700 1005 1840 1046; x_wconf 86' lang='grc' dir='ltr'>μιχθήτω</span> <span class='ocrx_word' id='word_1_345' title='bbox 1853 1005 1941 1047; x_wconf 86' lang='grc' dir='ltr'>πυρί.</span> 
     </span>
    </p>
   </div>
   <div class='ocr_carea' id='block_1_8' title="bbox 1260 1101 2310 1393">
    <p class='ocr_par' dir='ltr' id='par_1_8' title="bbox 1260 1101 2310 1393">
     <span class='ocr_line' id='line_1_46' title="bbox 1262 1101 2308 1158; baseline 0.004 -16"><span class='ocrx_word' id='word_1_346' title='bbox 1262 1103 1440 1147; x_wconf 86' lang='grc' dir='ltr'>Πολλάκις</span> <span class='ocrx_word' id='word_1_347' title='bbox 1463 1101 1499 1141; x_wconf 78' lang='grc' dir='ltr'>δὲ</span> <span class='ocrx_word' id='word_1_348' title='bbox 1525 1103 1585 1142; x_wconf 77' lang='grc' dir='ltr'>καὶ</span> <span class='ocrx_word' id='word_1_349' title='bbox 1611 1103 1669 1141; x_wconf 78' lang='grc' dir='ltr'>τὸν</span> <span class='ocrx_word' id='word_1_350' title='bbox 1701 1103 1864 1156; x_wconf 88' lang='grc' dir='ltr'>Πρίαμον</span> <span class='ocrx_word' id='word_1_351' title='bbox 1884 1105 2115 1158; x_wconf 83' lang='grc' dir='ltr'>ἐμακάρισεν,</span> <span class='ocrx_word' id='word_1_352' title='bbox 2142 1105 2197 1145; x_wconf 80' lang='grc' dir='ltr'>ὅτι</span> <span class='ocrx_word' id='word_1_353' title='bbox 2217 1106 2308 1156; x_wconf 81' lang='grc' dir='ltr'>μετὰ</span> 
     </span>
     <span class='ocr_line' id='line_1_47' title="bbox 1260 1162 2310 1217; baseline 0.005 -18"><span class='ocrx_word' id='word_1_354' title='bbox 1260 1165 1321 1208; x_wconf 71' lang='grc' dir='ltr'>τῆς</span> <span class='ocrx_word' id='word_1_355' title='bbox 1341 1162 1506 1214; x_wconf 88' lang='grc' dir='ltr'>πατρίδος</span> <span class='ocrx_word' id='word_1_356' title='bbox 1534 1162 1696 1201; x_wconf 83' lang='grc' dir='ltr'>ἀπώλετο</span> <span class='ocrx_word' id='word_1_357' title='bbox 1720 1163 1780 1201; x_wconf 78' lang='grc' dir='ltr'>καὶ</span> <span class='ocrx_word' id='word_1_358' title='bbox 1806 1167 1868 1211; x_wconf 78' lang='grc' dir='ltr'>τῆς</span> <span class='ocrx_word' id='word_1_359' title='bbox 1899 1165 2088 1216; x_wconf 88' lang='grc' dir='ltr'>βασιλείας.</span> <span class='ocrx_word' id='word_1_360' title='bbox 2119 1166 2179 1217; x_wconf 82' lang='grc' dir='ltr'>(ιο)</span> <span class='ocrx_word' id='word_1_361' title='bbox 2204 1166 2310 1206; x_wconf 77' lang='grc' dir='ltr'>Οὕτω</span> 
     </span>
     <span class='ocr_line' id='line_1_48' title="bbox 1260 1220 2309 1276; baseline 0.006 -19"><span class='ocrx_word' id='word_1_362' title='bbox 1260 1220 1373 1258; x_wconf 91' lang='grc' dir='ltr'>τοίνυν</span> <span class='ocrx_word' id='word_1_363' title='bbox 1393 1220 1455 1267; x_wconf 84' lang='grc' dir='ltr'>τὴν</span> <span class='ocrx_word' id='word_1_364' title='bbox 1476 1221 1587 1273; x_wconf 78' lang='grc' dir='ltr'>ἀρχὴν</span> <span class='ocrx_word' id='word_1_365' title='bbox 1626 1221 1844 1274; x_wconf 79' lang='grc' dir='ltr'>διῳκήσατο,</span> <span class='ocrx_word' id='word_1_366' title='bbox 1874 1223 2004 1276; x_wconf 76' lang='grc' dir='ltr'>φοὸερᾷ</span> <span class='ocrx_word' id='word_1_367' title='bbox 2038 1224 2101 1275; x_wconf 85' lang='grc' dir='ltr'>μὲν</span> <span class='ocrx_word' id='word_1_368' title='bbox 2134 1224 2309 1275; x_wconf 72' lang='grc' dir='ltr'>ὠμότητι,</span> 
     </span>
     <span class='ocr_line' id='line_1_49' title="bbox 1261 1279 2310 1336; baseline 0.006 -20"><span class='ocrx_word' id='word_1_369' title='bbox 1261 1285 1404 1332; x_wconf 76' lang='grc' dir='ltr'>μυσαρᾷ</span> <span class='ocrx_word' id='word_1_370' title='bbox 1422 1279 1457 1317; x_wconf 84' lang='grc' dir='ltr'>δὲ</span> <span class='ocrx_word' id='word_1_371' title='bbox 1477 1279 1658 1333; x_wconf 77' lang='grc' dir='ltr'>πλεονεξίᾳ</span> <span class='ocrx_word' id='word_1_372' title='bbox 1671 1311 1681 1330; x_wconf 85' lang='grc'>,</span> <span class='ocrx_word' id='word_1_373' title='bbox 1707 1283 1839 1334; x_wconf 77' lang='grc' dir='ltr'>αἰσχρᾷ</span> <span class='ocrx_word' id='word_1_374' title='bbox 1858 1298 1895 1320; x_wconf 87' lang='grc' dir='ltr'>τε</span> <span class='ocrx_word' id='word_1_375' title='bbox 1911 1283 2105 1335; x_wconf 77' lang='grc' dir='ltr'>ἡδυπαθείᾳ</span> <span class='ocrx_word' id='word_1_376' title='bbox 2124 1285 2310 1336; x_wconf 82' lang='grc' dir='ltr'>χρησάμε-</span> 
     </span>
     <span class='ocr_line' id='line_1_50' title="bbox 1261 1338 2310 1393; baseline 0.007 -18"><span class='ocrx_word' id='word_1_377' title='bbox 1261 1353 1328 1380; x_wconf 92' lang='grc' dir='ltr'>νος.</span> <span class='ocrx_word' id='word_1_378' title='bbox 1355 1338 1424 1377; x_wconf 85' lang='grc' dir='ltr'>Καὶ</span> <span class='ocrx_word' id='word_1_379' title='bbox 1441 1338 1656 1392; x_wconf 82' lang='grc' dir='ltr'>στρατεύσας</span> <span class='ocrx_word' id='word_1_380' title='bbox 1673 1340 1762 1378; x_wconf 81' lang='grc' dir='ltr'>κατὰ</span> <span class='ocrx_word' id='word_1_381' title='bbox 1783 1342 1931 1393; x_wconf 84' lang='grc' dir='ltr'>Περσῶν</span> <span class='ocrx_word' id='word_1_382' title='bbox 1943 1341 2000 1380; x_wconf 81' lang='grc' dir='ltr'>ἐπὶ</span> <span class='ocrx_word' id='word_1_383' title='bbox 2020 1343 2204 1390; x_wconf 85' lang='grc' dir='ltr'>συνθήκαις</span> <span class='ocrx_word' id='word_1_384' title='bbox 2227 1342 2310 1382; x_wconf 79' lang='grc' dir='ltr'>ὑπέ-</span> 
     </span>
    </p>
   </div>
   <div class='ocr_carea' id='block_1_9' title="bbox 1262 1399 1843 1541">
    <p class='ocr_par' dir='ltr' id='par_1_9' title="bbox 1262 1399 1843 1541">
     <span class='ocr_line' id='line_1_51' title="bbox 1262 1399 1422 1450; baseline 0.013 -15"><span class='ocrx_word' id='word_1_385' title='bbox 1262 1399 1422 1450; x_wconf 82' lang='grc' dir='ltr'>στρεψεν.</span> 
     </span>
     <span class='ocr_line' id='line_1_52' title="bbox 1733 1505 1843 1541; baseline 0.018 -13"><span class='ocrx_word' id='word_1_386' title='bbox 1733 1505 1783 1541; x_wconf 87' lang='lat'>79</span> <span class='ocrx_word' id='word_1_387' title='bbox 1806 1506 1843 1530; x_wconf 83' lang='lat' dir='ltr'>a.</span> 
     </span>
    </p>
   </div>
   <div class='ocr_carea' id='block_1_10' title="bbox 1261 1597 2315 2061">
    <p class='ocr_par' dir='ltr' id='par_1_10' title="bbox 1261 1597 2315 2061">
     <span class='ocr_line' id='line_1_53' title="bbox 1315 1597 2311 1654; baseline 0.004 -19"><span class='ocrx_word' id='word_1_388' title='bbox 1315 1598 1449 1635; x_wconf 82' lang='lat' dir='ltr'>Suidas</span> <span class='ocrx_word' id='word_1_389' title='bbox 1471 1612 1503 1635; x_wconf 89' lang='lat' dir='ltr'>v.</span> <span class='ocrx_word' id='word_1_390' title='bbox 1535 1597 1758 1651; x_wconf 74' lang='grc' dir='ltr'>Τιὸεριος</span> <span class='ocrx_word' id='word_1_391' title='bbox 1786 1597 1991 1651; x_wconf 75' lang='grc' dir='ltr'>«Ἄριστος</span> <span class='ocrx_word' id='word_1_392' title='bbox 2018 1600 2054 1638; x_wconf 81' lang='grc' dir='ltr'>δὲ</span> <span class='ocrx_word' id='word_1_393' title='bbox 2079 1600 2249 1654; x_wconf 80' lang='grc' dir='ltr'>ὑπάρχων</span> <span class='ocrx_word' id='word_1_394' title='bbox 2275 1603 2311 1639; x_wconf 80' lang='grc' dir='ltr'>ἐν</span> 
     </span>
     <span class='ocr_line' id='line_1_54' title="bbox 1261 1653 2310 1712; baseline 0.006 -20"><span class='ocrx_word' id='word_1_395' title='bbox 1261 1653 1395 1702; x_wconf 86' lang='grc' dir='ltr'>νεότητι</span> <span class='ocrx_word' id='word_1_396' title='bbox 1414 1655 1474 1693; x_wconf 82' lang='grc' dir='ltr'>καὶ</span> <span class='ocrx_word' id='word_1_397' title='bbox 1494 1656 1579 1709; x_wconf 84' lang='grc' dir='ltr'>πρὸς</span> <span class='ocrx_word' id='word_1_398' title='bbox 1597 1659 1707 1709; x_wconf 73' lang='grc' dir='ltr'>γῆρας</span> <span class='ocrx_word' id='word_1_399' title='bbox 1724 1655 1830 1695; x_wconf 84' lang='grc' dir='ltr'>ἐλθὼν</span> <span class='ocrx_word' id='word_1_400' title='bbox 1846 1657 2013 1710; x_wconf 78' lang='grc' dir='ltr'>αἰφνίδιον</span> <span class='ocrx_word' id='word_1_401' title='bbox 2029 1659 2076 1702; x_wconf 89' lang='grc' dir='ltr'>εἷς</span> <span class='ocrx_word' id='word_1_402' title='bbox 2092 1658 2156 1706; x_wconf 85' lang='grc' dir='ltr'>τὴν</span> <span class='ocrx_word' id='word_1_403' title='bbox 2169 1659 2310 1712; x_wconf 82' lang='grc' dir='ltr'>χείρονα</span> 
     </span>
     <span class='ocr_line' id='line_1_55' title="bbox 1263 1714 2312 1769; baseline 0.006 -19"><span class='ocrx_word' id='word_1_404' title='bbox 1263 1714 1462 1765; x_wconf 78' lang='grc' dir='ltr'>μετεὸλήθη</span> <span class='ocrx_word' id='word_1_405' title='bbox 1481 1715 1643 1765; x_wconf 83' lang='grc' dir='ltr'>γνώμην,</span> <span class='ocrx_word' id='word_1_406' title='bbox 1663 1714 1754 1753; x_wconf 84' lang='grc' dir='ltr'>ὥστε</span> <span class='ocrx_word' id='word_1_407' title='bbox 1780 1715 1840 1753; x_wconf 92' lang='grc' dir='ltr'>και</span> <span class='ocrx_word' id='word_1_408' title='bbox 1871 1722 2104 1769; x_wconf 80' lang='grc' dir='ltr'>παραφρονεῖν</span> <span class='ocrx_word' id='word_1_409' title='bbox 2126 1716 2229 1756; x_wconf 75' lang='grc' dir='ltr'>αὐτὸν</span> <span class='ocrx_word' id='word_1_410' title='bbox 2256 1733 2312 1756; x_wconf 92' lang='grc' dir='ltr'>νο-</span> 
     </span>
     <span class='ocr_line' id='line_1_56' title="bbox 1265 1773 2315 1827; baseline 0 -14"><span class='ocrx_word' id='word_1_411' title='bbox 1265 1777 1433 1824; x_wconf 83' lang='grc' dir='ltr'>μισθῆναι</span> <span class='ocrx_word' id='word_1_412' title='bbox 1447 1773 1507 1811; x_wconf 85' lang='grc' dir='ltr'>καὶ</span> <span class='ocrx_word' id='word_1_413' title='bbox 1525 1773 1593 1812; x_wconf 76' lang='grc' dir='ltr'>ὑπὸ</span> <span class='ocrx_word' id='word_1_414' title='bbox 1611 1773 1771 1823; x_wconf 89' lang='grc' dir='ltr'>δαίμονος</span> <span class='ocrx_word' id='word_1_415' title='bbox 1787 1773 1992 1812; x_wconf 82' lang='grc' dir='ltr'>ἐλαύνεσθαι</span> <span class='ocrx_word' id='word_1_416' title='bbox 2005 1775 2090 1827; x_wconf 83' lang='grc' dir='ltr'>πρὸς</span> <span class='ocrx_word' id='word_1_417' title='bbox 2103 1781 2222 1813; x_wconf 80' lang='grc' dir='ltr'>πᾶσαν</span> <span class='ocrx_word' id='word_1_418' title='bbox 2239 1777 2315 1813; x_wconf 86' lang='grc' dir='ltr'>ἀνο-</span> 
     </span>
     <span class='ocr_line' id='line_1_57' title="bbox 1264 1831 2314 1884; baseline 0 -14"><span class='ocrx_word' id='word_1_419' title='bbox 1264 1832 1441 1883; x_wconf 87' lang='grc' dir='ltr'>σιουργίαν</span> <span class='ocrx_word' id='word_1_420' title='bbox 1459 1847 1497 1870; x_wconf 91' lang='grc' dir='ltr'>τε</span> <span class='ocrx_word' id='word_1_421' title='bbox 1513 1831 1573 1869; x_wconf 77' lang='grc' dir='ltr'>καὶ</span> <span class='ocrx_word' id='word_1_422' title='bbox 1591 1832 1719 1883; x_wconf 88' lang='grc' dir='ltr'>μανίαν</span> <span class='ocrx_word' id='word_1_423' title='bbox 1737 1833 1796 1870; x_wconf 85' lang='grc' dir='ltr'>καὶ</span> <span class='ocrx_word' id='word_1_424' title='bbox 1812 1832 2080 1884; x_wconf 87' lang='grc' dir='ltr'>οἷστρηλασίαν,</span> <span class='ocrx_word' id='word_1_425' title='bbox 2100 1834 2138 1871; x_wconf 83' lang='grc' dir='ltr'>οὗ</span> <span class='ocrx_word' id='word_1_426' title='bbox 2157 1833 2261 1883; x_wconf 85' lang='grc' dir='ltr'>μόνον</span> <span class='ocrx_word' id='word_1_427' title='bbox 2278 1835 2314 1871; x_wconf 87' lang='grc' dir='ltr'>ἐν</span> 
     </span>
     <span class='ocr_line' id='line_1_58' title="bbox 1263 1890 2314 1944; baseline 0 -14"><span class='ocrx_word' id='word_1_428' title='bbox 1263 1898 1334 1935; x_wconf 88' lang='grc' dir='ltr'>τοῖς</span> <span class='ocrx_word' id='word_1_429' title='bbox 1356 1890 1448 1930; x_wconf 85' lang='grc' dir='ltr'>κατὰ</span> <span class='ocrx_word' id='word_1_430' title='bbox 1468 1890 1590 1943; x_wconf 82' lang='grc' dir='ltr'>φύσιν,</span> <span class='ocrx_word' id='word_1_431' title='bbox 1611 1890 1702 1929; x_wconf 79' lang='grc' dir='ltr'>ἀλλὰ</span> <span class='ocrx_word' id='word_1_432' title='bbox 1721 1891 1782 1929; x_wconf 86' lang='grc' dir='ltr'>καὶ</span> <span class='ocrx_word' id='word_1_433' title='bbox 1802 1893 1836 1928; x_wconf 83' lang='grc' dir='ltr'>ἐν</span> <span class='ocrx_word' id='word_1_434' title='bbox 1854 1897 1923 1935; x_wconf 88' lang='grc' dir='ltr'>τοῖς</span> <span class='ocrx_word' id='word_1_435' title='bbox 1939 1890 2037 1942; x_wconf 81' lang='grc' dir='ltr'>παρὰ</span> <span class='ocrx_word' id='word_1_436' title='bbox 2057 1891 2157 1944; x_wconf 83' lang='grc' dir='ltr'>φύσιν</span> <span class='ocrx_word' id='word_1_437' title='bbox 2170 1922 2180 1940; x_wconf 93' lang='grc'>,</span> <span class='ocrx_word' id='word_1_438' title='bbox 2201 1891 2262 1930; x_wconf 76' lang='grc' dir='ltr'>καὶ</span> <span class='ocrx_word' id='word_1_439' title='bbox 2278 1893 2314 1930; x_wconf 78' lang='grc' dir='ltr'>ἐν</span> 
     </span>
     <span class='ocr_line' id='line_1_59' title="bbox 1264 1949 2314 2003; baseline 0 -15"><span class='ocrx_word' id='word_1_440' title='bbox 1264 1951 1363 2003; x_wconf 85' lang='grc' dir='ltr'>πάσῃ</span> <span class='ocrx_word' id='word_1_441' title='bbox 1386 1949 1503 2001; x_wconf 80' lang='grc' dir='ltr'>ἀδικία</span> <span class='ocrx_word' id='word_1_442' title='bbox 1524 1949 1584 1988; x_wconf 80' lang='grc' dir='ltr'>καὶ</span> <span class='ocrx_word' id='word_1_443' title='bbox 1620 1949 1810 2001; x_wconf 87' lang='grc' dir='ltr'>τυραννίδι.</span> <span class='ocrx_word' id='word_1_444' title='bbox 1830 1949 1935 1989; x_wconf 81' lang='grc' dir='ltr'>Οὕτω</span> <span class='ocrx_word' id='word_1_445' title='bbox 1964 1949 2000 1988; x_wconf 79' lang='grc' dir='ltr'>δὲ</span> <span class='ocrx_word' id='word_1_446' title='bbox 2029 1949 2238 2000; x_wconf 81' lang='grc' dir='ltr'>μεταπεσὼν</span> <span class='ocrx_word' id='word_1_447' title='bbox 2268 1951 2314 1995; x_wconf 85' lang='grc' dir='ltr'>εἷς</span> 
     </span>
     <span class='ocr_line' id='line_1_60' title="bbox 1265 2007 2310 2061; baseline 0.002 -14"><span class='ocrx_word' id='word_1_448' title='bbox 1265 2008 1390 2047; x_wconf 84' lang='grc' dir='ltr'>κακίαν</span> <span class='ocrx_word' id='word_1_449' title='bbox 1419 2007 1652 2061; x_wconf 74' lang='grc' dir='ltr'>καταστρέφει</span> <span class='ocrx_word' id='word_1_450' title='bbox 1671 2008 1728 2046; x_wconf 84' lang='grc' dir='ltr'>τὸν</span> <span class='ocrx_word' id='word_1_451' title='bbox 1751 2008 1839 2060; x_wconf 89' lang='grc' dir='ltr'>βίον.</span> <span class='ocrx_word' id='word_1_452' title='bbox 1860 2026 1876 2042; x_wconf 69' lang='lat' dir='ltr'>u</span> <span class='ocrx_word' id='word_1_453' title='bbox 1897 2012 1984 2047; x_wconf 83' lang='lat' dir='ltr'>Haec</span> <span class='ocrx_word' id='word_1_454' title='bbox 2005 2009 2123 2060; x_wconf 86' lang='lat' dir='ltr'>junge</span> <span class='ocrx_word' id='word_1_455' title='bbox 2151 2024 2239 2047; x_wconf 89' lang='lat' dir='ltr'>cum</span> <span class='ocrx_word' id='word_1_456' title='bbox 2258 2010 2310 2049; x_wconf 82' lang='lat' dir='ltr'>fr.</span> 
     </span>
    </p>
   </div>
   <div class='ocr_carea' id='block_1_11' title="bbox 1268 2068 1437 2140">
    <p class='ocr_par' dir='ltr' id='par_1_11' title="bbox 1268 2068 1437 2140">
     <span class='ocr_line' id='line_1_61' title="bbox 1268 2068 1437 2140; baseline 0 -35"><span class='ocrx_word' id='word_1_457' title='bbox 1268 2083 1337 2140; x_wconf 57' lang='lat'>79,</span> <span class='ocrx_word' id='word_1_458' title='bbox 1361 2068 1437 2119; x_wconf 83' lang='lat'>§5.</span> 
     </span>
    </p>
   </div>
   <div class='ocr_carea' id='block_1_12' title="bbox 141 2179 2318 3492">
    <p class='ocr_par' dir='ltr' id='par_1_12' title="bbox 141 2179 2318 3492">
     <span class='ocr_line' id='line_1_62' title="bbox 155 2179 2314 2222; baseline 0.001 -13"><span class='ocrx_word' id='word_1_459' title='bbox 155 2195 196 2201; x_wconf 90' lang='lat'>——</span> <span class='ocrx_word' id='word_1_460' title='bbox 222 2179 515 2220; x_wconf 83' lang='grc' dir='ltr'>ἀποξυρᾶσθαι]</span> <span class='ocrx_word' id='word_1_461' title='bbox 543 2180 752 2221; x_wconf 69' lang='grc' dir='ltr'>ἀποξύρασθαι.</span> <span class='ocrx_word' id='word_1_462' title='bbox 775 2180 939 2222; x_wconf 77' lang='lat' dir='ltr'>Valesius3</span> <span class='ocrx_word' id='word_1_463' title='bbox 971 2182 1115 2222; x_wconf 75' lang='grc' dir='ltr'>ξυρᾶσθαι</span> <span class='ocrx_word' id='word_1_464' title='bbox 1139 2181 1270 2221; x_wconf 85' lang='lat' dir='ltr'>suidas;</span> <span class='ocrx_word' id='word_1_465' title='bbox 1290 2181 1494 2221; x_wconf 81' lang='grc' dir='ltr'>ἀποξύρεσθαι</span> <span class='ocrx_word' id='word_1_466' title='bbox 1516 2181 1575 2212; x_wconf 79' lang='lat' dir='ltr'>Dio</span> <span class='ocrx_word' id='word_1_467' title='bbox 1603 2183 1689 2212; x_wconf 80' lang='lat' dir='ltr'>Cass.</span> <span class='ocrx_word' id='word_1_468' title='bbox 1709 2183 1812 2221; x_wconf 84' lang='lat' dir='ltr'>LVII,</span> <span class='ocrx_word' id='word_1_469' title='bbox 1844 2185 1878 2213; x_wconf 87' lang='lat' dir='ltr'>Io</span> <span class='ocrx_word' id='word_1_470' title='bbox 1901 2183 1983 2213; x_wconf 82' lang='lat' dir='ltr'>extr.</span> <span class='ocrx_word' id='word_1_471' title='bbox 2007 2180 2095 2212; x_wconf 84' lang='lat' dir='ltr'>Idem</span> <span class='ocrx_word' id='word_1_472' title='bbox 2115 2181 2237 2212; x_wconf 62' lang='lat' dir='ltr'>dimum</span> <span class='ocrx_word' id='word_1_473' title='bbox 2262 2189 2314 2221; x_wconf 81' lang='lat' dir='ltr'>ap.</span> 
     </span>
     <span class='ocr_line' id='line_1_63' title="bbox 155 2226 2318 2269; baseline 0.001 -12"><span class='ocrx_word' id='word_1_474' title='bbox 155 2228 288 2257; x_wconf 83' lang='lat' dir='ltr'>Sueton.</span> <span class='ocrx_word' id='word_1_475' title='bbox 305 2226 410 2257; x_wconf 86' lang='lat' dir='ltr'>Tiber.</span> <span class='ocrx_word' id='word_1_476' title='bbox 431 2234 461 2258; x_wconf 84' lang='lat' dir='ltr'>c.</span> <span class='ocrx_word' id='word_1_477' title='bbox 482 2231 538 2265; x_wconf 83' lang='lat'>32,</span> <span class='ocrx_word' id='word_1_478' title='bbox 558 2228 708 2258; x_wconf 85' lang='lat' dir='ltr'>orosium</span> <span class='ocrx_word' id='word_1_479' title='bbox 726 2229 806 2267; x_wconf 89' lang='lat' dir='ltr'>VII,</span> <span class='ocrx_word' id='word_1_480' title='bbox 827 2230 858 2259; x_wconf 80' lang='lat'>4.</span> <span class='ocrx_word' id='word_1_481' title='bbox 882 2228 954 2269; x_wconf 56' lang='grc' dir='ltr'>-ἕ</span> <span class='ocrx_word' id='word_1_482' title='bbox 977 2233 1007 2260; x_wconf 82' lang='grc'>3.</span> <span class='ocrx_word' id='word_1_483' title='bbox 1029 2229 1170 2260; x_wconf 87' lang='grc' dir='ltr'>οὕτω...</span> <span class='ocrx_word' id='word_1_484' title='bbox 1193 2227 1460 2268; x_wconf 82' lang='grc' dir='ltr'>ἐπαγόμενος]</span> <span class='ocrx_word' id='word_1_485' title='bbox 1479 2228 1585 2259; x_wconf 85' lang='lat' dir='ltr'>Verba</span> <span class='ocrx_word' id='word_1_486' title='bbox 1598 2229 1673 2258; x_wconf 84' lang='lat' dir='ltr'>sunt</span> <span class='ocrx_word' id='word_1_487' title='bbox 1690 2227 1800 2259; x_wconf 85' lang='lat' dir='ltr'>Dionis</span> <span class='ocrx_word' id='word_1_488' title='bbox 1815 2230 1916 2267; x_wconf 91' lang='lat' dir='ltr'>LVII,</span> <span class='ocrx_word' id='word_1_489' title='bbox 1938 2232 1987 2268; x_wconf 85' lang='grc'>11,</span> <span class='ocrx_word' id='word_1_490' title='bbox 2004 2227 2138 2259; x_wconf 87' lang='lat' dir='ltr'>mutatis</span> <span class='ocrx_word' id='word_1_491' title='bbox 2151 2227 2318 2259; x_wconf 85' lang='lat' dir='ltr'>levissimis</span> 
     </span>
     <span class='ocr_line' id='line_1_64' title="bbox 156 2272 2317 2315; baseline 0.001 -12"><span class='ocrx_word' id='word_1_492' title='bbox 156 2272 358 2313; x_wconf 82' lang='lat' dir='ltr'>quibusdam.</span> <span class='ocrx_word' id='word_1_493' title='bbox 372 2273 484 2304; x_wconf 82' lang='lat' dir='ltr'>suidas</span> <span class='ocrx_word' id='word_1_494' title='bbox 495 2273 564 2304; x_wconf 82' lang='lat' dir='ltr'>baec</span> <span class='ocrx_word' id='word_1_495' title='bbox 574 2274 692 2314; x_wconf 83' lang='lat' dir='ltr'>partim</span> <span class='ocrx_word' id='word_1_496' title='bbox 707 2275 861 2314; x_wconf 81' lang='lat' dir='ltr'>corrupit,</span> <span class='ocrx_word' id='word_1_497' title='bbox 875 2276 991 2315; x_wconf 88' lang='lat' dir='ltr'>partim</span> <span class='ocrx_word' id='word_1_498' title='bbox 1004 2275 1121 2307; x_wconf 85' lang='lat' dir='ltr'>omisit.</span> <span class='ocrx_word' id='word_1_499' title='bbox 1137 2277 1206 2314; x_wconf 84' lang='lat' dir='ltr'>Ipse</span> <span class='ocrx_word' id='word_1_500' title='bbox 1219 2276 1255 2306; x_wconf 90' lang='lat' dir='ltr'>tu</span> <span class='ocrx_word' id='word_1_501' title='bbox 1270 2274 1389 2306; x_wconf 84' lang='lat' dir='ltr'>videas.</span> <span class='ocrx_word' id='word_1_502' title='bbox 1403 2294 1444 2300; x_wconf 90' lang='lat'>—</span> <span class='ocrx_word' id='word_1_503' title='bbox 1458 2273 1633 2315; x_wconf 81' lang='grc' dir='ltr'>ὀρχηστὴν]</span> <span class='ocrx_word' id='word_1_504' title='bbox 1649 2275 1780 2306; x_wconf 85' lang='lat' dir='ltr'><strong>Accium</strong></span> <span class='ocrx_word' id='word_1_505' title='bbox 1792 2274 1976 2306; x_wconf 83' lang='lat' dir='ltr'><strong>histrionem</strong></span> <span class='ocrx_word' id='word_1_506' title='bbox 1987 2298 1995 2312; x_wconf 94' lang='lat'>,</span> <span class='ocrx_word' id='word_1_507' title='bbox 2007 2276 2088 2306; x_wconf 83' lang='lat' dir='ltr'>teste</span> <span class='ocrx_word' id='word_1_508' title='bbox 2100 2274 2265 2307; x_wconf 88' lang='lat' dir='ltr'>Suetonio.</span> <span class='ocrx_word' id='word_1_509' title='bbox 2275 2291 2317 2298; x_wconf 88' lang='lat'>—-</span> 
     </span>
     <span class='ocr_line' id='line_1_65' title="bbox 155 2318 2316 2363; baseline 0.001 -13"><span class='ocrx_word' id='word_1_510' title='bbox 155 2318 388 2359; x_wconf 88' lang='grc' dir='ltr'>πεισθῆναι]</span> <span class='ocrx_word' id='word_1_511' title='bbox 404 2321 457 2350; x_wconf 70' lang='grc' dir='ltr'>καὶ</span> <span class='ocrx_word' id='word_1_512' title='bbox 471 2331 504 2350; x_wconf 89' lang='grc' dir='ltr'>π.</span> <span class='ocrx_word' id='word_1_513' title='bbox 525 2321 594 2351; x_wconf 79' lang='lat' dir='ltr'>Dio.</span> <span class='ocrx_word' id='word_1_514' title='bbox 610 2340 650 2346; x_wconf 90' lang='lat'>-—</span> <span class='ocrx_word' id='word_1_515' title='bbox 663 2324 744 2357; x_wconf 81' lang='grc' dir='ltr'>τοῖς</span> <span class='ocrx_word' id='word_1_516' title='bbox 765 2320 825 2361; x_wconf 90' lang='grc' dir='ltr'>γε]</span> <span class='ocrx_word' id='word_1_517' title='bbox 841 2325 903 2358; x_wconf 84' lang='grc' dir='ltr'>τοῖς</span> <span class='ocrx_word' id='word_1_518' title='bbox 916 2323 975 2363; x_wconf 86' lang='grc' dir='ltr'>γὰρ</span> <span class='ocrx_word' id='word_1_519' title='bbox 990 2322 1077 2353; x_wconf 85' lang='lat' dir='ltr'>Suid.</span> <span class='ocrx_word' id='word_1_520' title='bbox 1090 2333 1098 2361; x_wconf 92' lang='lat'>;</span> <span class='ocrx_word' id='word_1_521' title='bbox 1113 2322 1175 2354; x_wconf 88' lang='lat' dir='ltr'>Dio</span> <span class='ocrx_word' id='word_1_522' title='bbox 1191 2335 1198 2354; x_wconf 90' lang='lat'><strong>:</strong></span> <span class='ocrx_word' id='word_1_523' title='bbox 1216 2325 1279 2358; x_wconf 86' lang='grc' dir='ltr'>τοῖς</span> <span class='ocrx_word' id='word_1_524' title='bbox 1289 2333 1322 2353; x_wconf 86' lang='grc' dir='ltr'>τε</span> <span class='ocrx_word' id='word_1_525' title='bbox 1338 2323 1381 2353; x_wconf 85' lang='grc' dir='ltr'>ἑτ.</span> <span class='ocrx_word' id='word_1_526' title='bbox 1397 2324 1438 2358; x_wconf 86' lang='grc' dir='ltr'>ὡς</span> <span class='ocrx_word' id='word_1_527' title='bbox 1453 2322 1550 2353; x_wconf 84' lang='grc' dir='ltr'>καὶέν</span> <span class='ocrx_word' id='word_1_528' title='bbox 1564 2322 1585 2353; x_wconf 87' lang='grc' dir='ltr'>ἶ.</span> <span class='ocrx_word' id='word_1_529' title='bbox 1599 2325 1711 2360; x_wconf 84' lang='grc' dir='ltr'>συνῆν·</span> <span class='ocrx_word' id='word_1_530' title='bbox 1724 2322 1776 2352; x_wconf 82' lang='grc' dir='ltr'>καὶ</span> <span class='ocrx_word' id='word_1_531' title='bbox 1788 2322 1846 2363; x_wconf 84' lang='grc' dir='ltr'>γὰρ</span> <span class='ocrx_word' id='word_1_532' title='bbox 1856 2322 2065 2362; x_wconf 83' lang='grc' dir='ltr'>δικαζομένοις</span> <span class='ocrx_word' id='word_1_533' title='bbox 2075 2321 2162 2362; x_wconf 86' lang='grc' dir='ltr'>σφίσι</span> <span class='ocrx_word' id='word_1_534' title='bbox 2176 2333 2316 2362; x_wconf 81' lang='grc' dir='ltr'>συνηγω-</span> 
     </span>
     <span class='ocr_line' id='line_1_66' title="bbox 155 2366 2314 2411; baseline 0 -12"><span class='ocrx_word' id='word_1_535' title='bbox 155 2366 252 2406; x_wconf 87' lang='grc' dir='ltr'>νίζετο</span> <span class='ocrx_word' id='word_1_536' title='bbox 262 2391 271 2406; x_wconf 94' lang='grc'>,</span> <span class='ocrx_word' id='word_1_537' title='bbox 285 2368 338 2400; x_wconf 77' lang='grc' dir='ltr'>καὶ</span> <span class='ocrx_word' id='word_1_538' title='bbox 353 2367 459 2398; x_wconf 72' lang='grc' dir='ltr'>θύουσι</span> <span class='ocrx_word' id='word_1_539' title='bbox 473 2367 654 2408; x_wconf 84' lang='grc' dir='ltr'>συνεὸρταζε</span> <span class='ocrx_word' id='word_1_540' title='bbox 663 2393 672 2408; x_wconf 88' lang='grc'>,</span> <span class='ocrx_word' id='word_1_541' title='bbox 686 2369 851 2405; x_wconf 85' lang='grc' dir='ltr'>νοσοῦντάς</span> <span class='ocrx_word' id='word_1_542' title='bbox 867 2380 900 2400; x_wconf 88' lang='grc' dir='ltr'>τε</span> <span class='ocrx_word' id='word_1_543' title='bbox 914 2370 1121 2401; x_wconf 82' lang='grc' dir='ltr'>ἐπεσκέπτετο</span> <span class='ocrx_word' id='word_1_544' title='bbox 1130 2394 1139 2409; x_wconf 96' lang='grc'>,</span> <span class='ocrx_word' id='word_1_545' title='bbox 1155 2370 1226 2411; x_wconf 86' lang='grc' dir='ltr'>μηδ.</span> <span class='ocrx_word' id='word_1_546' title='bbox 1241 2381 1290 2411; x_wconf 83' lang='grc' dir='ltr'>φρ.</span> <span class='ocrx_word' id='word_1_547' title='bbox 1307 2369 1558 2409; x_wconf 85' lang='grc' dir='ltr'>ἐπεισαγόμενος.</span> <span class='ocrx_word' id='word_1_548' title='bbox 1573 2386 1615 2391; x_wconf 93' lang='lat'>—-</span> <span class='ocrx_word' id='word_1_549' title='bbox 1628 2369 1850 2409; x_wconf 85' lang='grc' dir='ltr'>ἐπανορθώσεις</span> <span class='ocrx_word' id='word_1_550' title='bbox 1864 2373 1924 2400; x_wconf 87' lang='grc' dir='ltr'>τῶν</span> <span class='ocrx_word' id='word_1_551' title='bbox 1938 2367 2076 2409; x_wconf 85' lang='grc' dir='ltr'>πόλεων]</span> <span class='ocrx_word' id='word_1_552' title='bbox 2093 2377 2123 2400; x_wconf 81' lang='lat' dir='ltr'>v.</span> <span class='ocrx_word' id='word_1_553' title='bbox 2139 2369 2197 2400; x_wconf 81' lang='lat' dir='ltr'>Dio</span> <span class='ocrx_word' id='word_1_554' title='bbox 2207 2370 2293 2401; x_wconf 88' lang='lat' dir='ltr'>Lvn</span> <span class='ocrx_word' id='word_1_555' title='bbox 2305 2388 2314 2403; x_wconf 91' lang='lat'>‚</span> 
     </span>
     <span class='ocr_line' id='line_1_67' title="bbox 160 2413 2314 2459; baseline 0.002 -15"><span class='ocrx_word' id='word_1_556' title='bbox 160 2416 210 2447; x_wconf 82' lang='lat'>17.</span> <span class='ocrx_word' id='word_1_557' title='bbox 227 2431 268 2438; x_wconf 88' lang='lat'>··—</span> <span class='ocrx_word' id='word_1_558' title='bbox 281 2413 299 2455; x_wconf 87' lang='lat'>§</span> <span class='ocrx_word' id='word_1_559' title='bbox 313 2416 343 2445; x_wconf 83' lang='lat'>4.</span> <span class='ocrx_word' id='word_1_560' title='bbox 362 2414 419 2444; x_wconf 86' lang='lat' dir='ltr'>Dio</span> <span class='ocrx_word' id='word_1_561' title='bbox 437 2416 539 2454; x_wconf 81' lang='lat' dir='ltr'>LVII,</span> <span class='ocrx_word' id='word_1_562' title='bbox 561 2419 595 2446; x_wconf 80' lang='lat'>15</span> <span class='ocrx_word' id='word_1_563' title='bbox 611 2415 655 2446; x_wconf 84' lang='lat' dir='ltr'>ita</span> <span class='ocrx_word' id='word_1_564' title='bbox 674 2428 681 2447; x_wconf 77' lang='grc' dir='ltr'>ι</span> <span class='ocrx_word' id='word_1_565' title='bbox 697 2416 736 2447; x_wconf 89' lang='grc' dir='ltr'><em>Ὅ</em></span> <span class='ocrx_word' id='word_1_566' title='bbox 757 2416 899 2454; x_wconf 73' lang='grc' dir='ltr'>Τιὸήριος</span> <span class='ocrx_word' id='word_1_567' title='bbox 924 2416 1036 2448; x_wconf 81' lang='grc' dir='ltr'>ἀπεῖπε</span> <span class='ocrx_word' id='word_1_568' title='bbox 1054 2417 1108 2457; x_wconf 89' lang='grc' dir='ltr'>μὲν</span> <span class='ocrx_word' id='word_1_569' title='bbox 1130 2418 1234 2455; x_wconf 80' lang='grc' dir='ltr'>ἐσθῆτι</span> <span class='ocrx_word' id='word_1_570' title='bbox 1252 2420 1364 2459; x_wconf 84' lang='grc' dir='ltr'>σηρικῇ</span> <span class='ocrx_word' id='word_1_571' title='bbox 1385 2417 1501 2456; x_wconf 79' lang='grc' dir='ltr'>μηδένα</span> <span class='ocrx_word' id='word_1_572' title='bbox 1523 2415 1618 2456; x_wconf 84' lang='grc' dir='ltr'>ἄνδρα</span> <span class='ocrx_word' id='word_1_573' title='bbox 1637 2417 1770 2456; x_wconf 82' lang='grc' dir='ltr'>χρῆσθαι</span> <span class='ocrx_word' id='word_1_574' title='bbox 1789 2417 1940 2457; x_wconf 84' lang='grc' dir='ltr'>(χρᾶσθαι</span> <span class='ocrx_word' id='word_1_575' title='bbox 1957 2417 2064 2447; x_wconf 82' lang='lat' dir='ltr'>noster</span> <span class='ocrx_word' id='word_1_576' title='bbox 2080 2415 2151 2447; x_wconf 85' lang='lat' dir='ltr'>cod.</span> <span class='ocrx_word' id='word_1_577' title='bbox 2170 2419 2201 2448; x_wconf 71' lang='grc' dir='ltr'>εἰ</span> <span class='ocrx_word' id='word_1_578' title='bbox 2218 2416 2314 2456; x_wconf 76' lang='lat' dir='ltr'>XIpII.</span> 
     </span>
     <span class='ocr_line' id='line_1_68' title="bbox 157 2459 2315 2504; baseline 0.001 -13"><span class='ocrx_word' id='word_1_579' title='bbox 157 2459 189 2491; x_wconf 82' lang='lat' dir='ltr'>In</span> <span class='ocrx_word' id='word_1_580' title='bbox 207 2459 278 2490; x_wconf 85' lang='lat' dir='ltr'>cod.</span> <span class='ocrx_word' id='word_1_581' title='bbox 297 2460 391 2490; x_wconf 79' lang='lat' dir='ltr'>coisl.</span> <span class='ocrx_word' id='word_1_582' title='bbox 403 2460 411 2495; x_wconf 89' lang='grc'>)</span> <span class='ocrx_word' id='word_1_583' title='bbox 423 2484 431 2499; x_wconf 92' lang='grc'>,</span> <span class='ocrx_word' id='word_1_584' title='bbox 451 2460 563 2492; x_wconf 82' lang='grc' dir='ltr'>ἀπεῖπε</span> <span class='ocrx_word' id='word_1_585' title='bbox 582 2461 614 2492; x_wconf 80' lang='grc' dir='ltr'>δὲ</span> <span class='ocrx_word' id='word_1_586' title='bbox 629 2462 681 2492; x_wconf 85' lang='grc' dir='ltr'>καὶ</span> <span class='ocrx_word' id='word_1_587' title='bbox 698 2465 805 2503; x_wconf 82' lang='grc' dir='ltr'>χρυσῷ</span> <span class='ocrx_word' id='word_1_588' title='bbox 822 2462 924 2493; x_wconf 79' lang='grc' dir='ltr'>σκεύει</span> <span class='ocrx_word' id='word_1_589' title='bbox 944 2463 1077 2502; x_wconf 85' lang='grc' dir='ltr'>μηδένα,</span> <span class='ocrx_word' id='word_1_590' title='bbox 1094 2465 1173 2501; x_wconf 76' lang='grc' dir='ltr'>πλὴν</span> <span class='ocrx_word' id='word_1_591' title='bbox 1192 2464 1266 2504; x_wconf 85' lang='grc' dir='ltr'>πρὸς</span> <span class='ocrx_word' id='word_1_592' title='bbox 1282 2463 1321 2495; x_wconf 87' lang='grc' dir='ltr'>τὰ</span> <span class='ocrx_word' id='word_1_593' title='bbox 1338 2464 1422 2504; x_wconf 77' lang='grc' dir='ltr'>ἱερὰ,</span> <span class='ocrx_word' id='word_1_594' title='bbox 1439 2463 1570 2503; x_wconf 82' lang='grc' dir='ltr'>νομίζειν</span> <span class='ocrx_word' id='word_1_595' title='bbox 1588 2464 1660 2502; x_wconf 81' lang='lat' dir='ltr'>(Ci&#39;.</span> <span class='ocrx_word' id='word_1_596' title='bbox 1678 2463 1780 2494; x_wconf 82' lang='lat' dir='ltr'>Tacit.</span> <span class='ocrx_word' id='word_1_597' title='bbox 1800 2465 1828 2495; x_wconf 92' lang='lat' dir='ltr'>II</span> <span class='ocrx_word' id='word_1_598' title='bbox 1839 2487 1848 2503; x_wconf 89' lang='lat'>‚</span> <span class='ocrx_word' id='word_1_599' title='bbox 1862 2463 1933 2503; x_wconf 82' lang='lat'>33).</span> <span class='ocrx_word' id='word_1_600' title='bbox 1948 2462 2017 2503; x_wconf 55' lang='grc' dir='ltr'>-ἓ</span> <span class='ocrx_word' id='word_1_601' title='bbox 2029 2464 2062 2494; x_wconf 83' lang='grc'>4.</span> <span class='ocrx_word' id='word_1_602' title='bbox 2079 2465 2154 2494; x_wconf 82' lang='grc' dir='ltr'>τῶν</span> <span class='ocrx_word' id='word_1_603' title='bbox 2171 2463 2208 2494; x_wconf 86' lang='grc' dir='ltr'>δὲ</span> <span class='ocrx_word' id='word_1_604' title='bbox 2223 2463 2315 2494; x_wconf 87' lang='grc' dir='ltr'>Ἰου-</span> 
     </span>
     <span class='ocr_line' id='line_1_69' title="bbox 159 2505 2315 2550; baseline 0.003 -14"><span class='ocrx_word' id='word_1_605' title='bbox 159 2506 293 2545; x_wconf 68' lang='grc' dir='ltr'>ξαίων,</span> <span class='ocrx_word' id='word_1_606' title='bbox 310 2505 393 2547; x_wconf 62' lang='lat' dir='ltr'>etc]</span> <span class='ocrx_word' id='word_1_607' title='bbox 411 2519 425 2533; x_wconf 87' lang='lat'>«</span> <span class='ocrx_word' id='word_1_608' title='bbox 446 2509 485 2538; x_wconf 78' lang='lat' dir='ltr'>At</span> <span class='ocrx_word' id='word_1_609' title='bbox 502 2507 571 2539; x_wconf 84' lang='lat' dir='ltr'>baec</span> <span class='ocrx_word' id='word_1_610' title='bbox 589 2508 621 2538; x_wconf 86' lang='lat' dir='ltr'>in</span> <span class='ocrx_word' id='word_1_611' title='bbox 643 2508 755 2540; x_wconf 88' lang='lat' dir='ltr'>Dionis</span> <span class='ocrx_word' id='word_1_612' title='bbox 772 2509 1009 2548; x_wconf 81' lang='lat' dir='ltr'>exemplaribus</span> <span class='ocrx_word' id='word_1_613' title='bbox 1027 2509 1120 2541; x_wconf 87' lang='lat' dir='ltr'>bodie</span> <span class='ocrx_word' id='word_1_614' title='bbox 1136 2519 1200 2542; x_wconf 90' lang='lat' dir='ltr'>non</span> <span class='ocrx_word' id='word_1_615' title='bbox 1229 2511 1390 2550; x_wconf 85' lang='lat' dir='ltr'>leguntur,</span> <span class='ocrx_word' id='word_1_616' title='bbox 1407 2511 1448 2542; x_wconf 90' lang='lat' dir='ltr'>ob</span> <span class='ocrx_word' id='word_1_617' title='bbox 1476 2519 1546 2542; x_wconf 86' lang='lat' dir='ltr'>cam</span> <span class='ocrx_word' id='word_1_618' title='bbox 1574 2518 1702 2542; x_wconf 82' lang='lat' dir='ltr'>causam</span> <span class='ocrx_word' id='word_1_619' title='bbox 1729 2519 1825 2550; x_wconf 82' lang='lat' dir='ltr'>quam</span> <span class='ocrx_word' id='word_1_620' title='bbox 1845 2519 1941 2550; x_wconf 86' lang='lat' dir='ltr'>supra</span> <span class='ocrx_word' id='word_1_621' title='bbox 1965 2509 1998 2541; x_wconf 91' lang='lat' dir='ltr'>in</span> <span class='ocrx_word' id='word_1_622' title='bbox 2020 2509 2104 2541; x_wconf 83' lang='lat' dir='ltr'>notis</span> <span class='ocrx_word' id='word_1_623' title='bbox 2121 2509 2160 2541; x_wconf 83' lang='lat' dir='ltr'>ad</span> <span class='ocrx_word' id='word_1_624' title='bbox 2183 2510 2315 2542; x_wconf 85' lang='lat' dir='ltr'>Dionem</span> 
     </span>
     <span class='ocr_line' id='line_1_70' title="bbox 160 2552 2315 2596; baseline 0.003 -14"><span class='ocrx_word' id='word_1_625' title='bbox 160 2552 281 2590; x_wconf 70' lang='lat' dir='ltr'>adduxi</span> <span class='ocrx_word' id='word_1_626' title='bbox 291 2577 299 2592; x_wconf 92' lang='lat'>,</span> <span class='ocrx_word' id='word_1_627' title='bbox 317 2553 391 2593; x_wconf 89' lang='lat' dir='ltr'>quia</span> <span class='ocrx_word' id='word_1_628' title='bbox 404 2554 522 2585; x_wconf 86' lang='lat' dir='ltr'>scilicet</span> <span class='ocrx_word' id='word_1_629' title='bbox 537 2555 557 2585; x_wconf 91' lang='lat' dir='ltr'>ii</span> <span class='ocrx_word' id='word_1_630' title='bbox 574 2555 684 2586; x_wconf 88' lang='lat' dir='ltr'>Dionis</span> <span class='ocrx_word' id='word_1_631' title='bbox 695 2555 767 2586; x_wconf 81' lang='lat' dir='ltr'>libri</span> <span class='ocrx_word' id='word_1_632' title='bbox 781 2564 799 2586; x_wconf 87' lang='lat' dir='ltr'>a</span> <span class='ocrx_word' id='word_1_633' title='bbox 811 2556 918 2586; x_wconf 86' lang='lat' dir='ltr'>nescio</span> <span class='ocrx_word' id='word_1_634' title='bbox 929 2565 993 2595; x_wconf 90' lang='lat' dir='ltr'>quo</span> <span class='ocrx_word' id='word_1_635' title='bbox 1006 2556 1143 2588; x_wconf 73' lang='lat' dir='ltr'>breviati</span> <span class='ocrx_word' id='word_1_636' title='bbox 1159 2557 1198 2588; x_wconf 89' lang='lat' dir='ltr'>ad</span> <span class='ocrx_word' id='word_1_637' title='bbox 1213 2565 1271 2588; x_wconf 88' lang='lat' dir='ltr'>nos</span> <span class='ocrx_word' id='word_1_638' title='bbox 1285 2558 1510 2596; x_wconf 82' lang='lat' dir='ltr'>pervenerunt.</span> <span class='ocrx_word' id='word_1_639' title='bbox 1525 2558 1675 2588; x_wconf 84' lang='lat' dir='ltr'>Ceterum</span> <span class='ocrx_word' id='word_1_640' title='bbox 1693 2556 1732 2589; x_wconf 89' lang='lat' dir='ltr'>de</span> <span class='ocrx_word' id='word_1_641' title='bbox 1746 2557 1840 2588; x_wconf 85' lang='lat' dir='ltr'>turba</span> <span class='ocrx_word' id='word_1_642' title='bbox 1854 2565 1892 2588; x_wconf 90' lang='lat' dir='ltr'>ac</span> <span class='ocrx_word' id='word_1_643' title='bbox 1908 2556 2115 2588; x_wconf 84' lang='lat' dir='ltr'>multitudine</span> <span class='ocrx_word' id='word_1_644' title='bbox 2127 2556 2315 2590; x_wconf 80' lang='lat' dir='ltr'>Judaeorum</span> 
     </span>
     <span class='ocr_line' id='line_1_71' title="bbox 164 2600 2314 2644; baseline 0.002 -14"><span class='ocrx_word' id='word_1_645' title='bbox 164 2600 219 2640; x_wconf 83' lang='lat' dir='ltr'>qui</span> <span class='ocrx_word' id='word_1_646' title='bbox 234 2601 344 2631; x_wconf 74' lang='lat' dir='ltr'>Romae</span> <span class='ocrx_word' id='word_1_647' title='bbox 357 2609 468 2632; x_wconf 80' lang='lat' dir='ltr'>omnes</span> <span class='ocrx_word' id='word_1_648' title='bbox 481 2602 665 2641; x_wconf 80' lang='lat' dir='ltr'>angiportus</span> <span class='ocrx_word' id='word_1_649' title='bbox 677 2602 907 2642; x_wconf 81' lang='lat' dir='ltr'>impleverant,</span> <span class='ocrx_word' id='word_1_650' title='bbox 923 2604 1013 2634; x_wconf 84' lang='lat' dir='ltr'>testis</span> <span class='ocrx_word' id='word_1_651' title='bbox 1026 2604 1066 2635; x_wconf 88' lang='lat' dir='ltr'>sit</span> <span class='ocrx_word' id='word_1_652' title='bbox 1082 2604 1193 2635; x_wconf 85' lang='lat' dir='ltr'>Cicero</span> <span class='ocrx_word' id='word_1_653' title='bbox 1207 2604 1237 2635; x_wconf 93' lang='lat' dir='ltr'>in</span> <span class='ocrx_word' id='word_1_654' title='bbox 1254 2605 1343 2636; x_wconf 85' lang='lat' dir='ltr'>Orat.</span> <span class='ocrx_word' id='word_1_655' title='bbox 1363 2613 1419 2644; x_wconf 85' lang='lat' dir='ltr'>pro</span> <span class='ocrx_word' id='word_1_656' title='bbox 1435 2604 1550 2636; x_wconf 84' lang='lat' dir='ltr'>Flacco</span> <span class='ocrx_word' id='word_1_657' title='bbox 1563 2627 1571 2642; x_wconf 94' lang='lat'><strong>,</strong></span> <span class='ocrx_word' id='word_1_658' title='bbox 1587 2604 1641 2635; x_wconf 92' lang='lat' dir='ltr'>ubi</span> <span class='ocrx_word' id='word_1_659' title='bbox 1665 2603 1705 2635; x_wconf 84' lang='lat' dir='ltr'>(le</span> <span class='ocrx_word' id='word_1_660' title='bbox 1719 2613 1799 2635; x_wconf 88' lang='lat' dir='ltr'>auro</span> <span class='ocrx_word' id='word_1_661' title='bbox 1820 2603 1956 2636; x_wconf 83' lang='lat' dir='ltr'>Judaico</span> <span class='ocrx_word' id='word_1_662' title='bbox 1971 2603 2128 2643; x_wconf 80' lang='lat' dir='ltr'>loquitur.</span> <span class='ocrx_word' id='word_1_663' title='bbox 2155 2605 2246 2643; x_wconf 79' lang='lat' dir='ltr'>Scis,</span> <span class='ocrx_word' id='word_1_664' title='bbox 2263 2603 2314 2634; x_wconf 90' lang='lat' dir='ltr'>in-</span> 
     </span>
     <span class='ocr_line' id='line_1_72' title="bbox 161 2647 2317 2692; baseline 0.002 -15"><span class='ocrx_word' id='word_1_665' title='bbox 161 2647 248 2688; x_wconf 78' lang='lat' dir='ltr'>quit,</span> <span class='ocrx_word' id='word_1_666' title='bbox 265 2650 400 2688; x_wconf 70' lang='lat' dir='ltr'>quanta</span> <span class='ocrx_word' id='word_1_667' title='bbox 415 2650 461 2679; x_wconf 72' lang='lat' dir='ltr'>sit</span> <span class='ocrx_word' id='word_1_668' title='bbox 475 2657 598 2680; x_wconf 78' lang='lat' dir='ltr'>manus</span> <span class='ocrx_word' id='word_1_669' title='bbox 609 2673 618 2688; x_wconf 88' lang='lat'>,</span> <span class='ocrx_word' id='word_1_670' title='bbox 634 2651 770 2690; x_wconf 76' lang='lat' dir='ltr'>quanta</span> <span class='ocrx_word' id='word_1_671' title='bbox 784 2650 982 2690; x_wconf 74' lang='lat' dir='ltr'>concordia,</span> <span class='ocrx_word' id='word_1_672' title='bbox 999 2653 1172 2692; x_wconf 84' lang='lat' dir='ltr'>quantum</span> <span class='ocrx_word' id='word_1_673' title='bbox 1186 2651 1304 2682; x_wconf 77' lang='lat' dir='ltr'>valeat</span> <span class='ocrx_word' id='word_1_674' title='bbox 1321 2652 1357 2682; x_wconf 84' lang='lat' dir='ltr'>in</span> <span class='ocrx_word' id='word_1_675' title='bbox 1373 2650 1605 2682; x_wconf 73' lang='lat' dir='ltr'><strong><em>concionibus.</em></strong></span> <span class='ocrx_word' id='word_1_676' title='bbox 1620 2649 1708 2682; x_wconf 81' lang='lat' dir='ltr'>Adeo</span> <span class='ocrx_word' id='word_1_677' title='bbox 1725 2659 1837 2682; x_wconf 86' lang='lat' dir='ltr'>verum</span> <span class='ocrx_word' id='word_1_678' title='bbox 1853 2649 2000 2690; x_wconf 87' lang='lat' dir='ltr'>estquod</span> <span class='ocrx_word' id='word_1_679' title='bbox 2013 2649 2054 2681; x_wconf 87' lang='lat' dir='ltr'>de</span> <span class='ocrx_word' id='word_1_680' title='bbox 2069 2649 2182 2682; x_wconf 74' lang='lat' dir='ltr'>iiSdem</span> <span class='ocrx_word' id='word_1_681' title='bbox 2195 2649 2317 2682; x_wconf 79' lang='lat' dir='ltr'>Judaeis</span> 
     </span>
     <span class='ocr_line' id='line_1_73' title="bbox 161 2694 2315 2739; baseline 0.001 -15"><span class='ocrx_word' id='word_1_682' title='bbox 161 2694 206 2729; x_wconf 73' lang='lat' dir='ltr'>ait</span> <span class='ocrx_word' id='word_1_683' title='bbox 222 2694 360 2725; x_wconf 76' lang='lat' dir='ltr'>Rufillus</span> <span class='ocrx_word' id='word_1_684' title='bbox 376 2696 586 2729; x_wconf 76' lang='lat' dir='ltr'>Numatianus</span> <span class='ocrx_word' id='word_1_685' title='bbox 600 2697 631 2727; x_wconf 90' lang='lat' dir='ltr'>in</span> <span class='ocrx_word' id='word_1_686' title='bbox 646 2697 811 2729; x_wconf 77' lang='lat' dir='ltr'>ItinerarIo</span> <span class='ocrx_word' id='word_1_687' title='bbox 828 2709 834 2728; x_wconf 90' lang='lat'>:</span> <span class='ocrx_word' id='word_1_688' title='bbox 851 2699 973 2729; x_wconf 77' lang='lat' dir='ltr'>Latius</span> <span class='ocrx_word' id='word_1_689' title='bbox 988 2700 1110 2729; x_wconf 66' lang='lat' dir='ltr'>cxcisae</span> <span class='ocrx_word' id='word_1_690' title='bbox 1123 2699 1232 2737; x_wconf 74' lang='lat' dir='ltr'>yemis</span> <span class='ocrx_word' id='word_1_691' title='bbox 1250 2699 1410 2737; x_wconf 73' lang='lat' dir='ltr'>contaqia</span> <span class='ocrx_word' id='word_1_692' title='bbox 1423 2698 1569 2738; x_wconf 79' lang='lat' dir='ltr'>serpunt</span> <span class='ocrx_word' id='word_1_693' title='bbox 1580 2721 1588 2735; x_wconf 95' lang='lat'><em>‚</em></span> <span class='ocrx_word' id='word_1_694' title='bbox 1611 2699 1824 2739; x_wconf 75' lang='lat' dir='ltr'><strong><em>Victoresque</em></strong></span> <span class='ocrx_word' id='word_1_695' title='bbox 1837 2706 1915 2729; x_wconf 83' lang='lat' dir='ltr'>suos</span> <span class='ocrx_word' id='word_1_696' title='bbox 1931 2698 2025 2728; x_wconf 80' lang='lat' dir='ltr'>natio</span> <span class='ocrx_word' id='word_1_697' title='bbox 2039 2699 2130 2729; x_wconf 80' lang='lat' dir='ltr'>victa</span> <span class='ocrx_word' id='word_1_698' title='bbox 2143 2698 2282 2738; x_wconf 78' lang='lat' dir='ltr'>premit.</span> <span class='ocrx_word' id='word_1_699' title='bbox 2300 2709 2315 2726; x_wconf 73' lang='lat' dir='ltr'>u</span> 
     </span>
     <span class='ocr_line' id='line_1_74' title="bbox 161 2742 2315 2785; baseline 0.003 -15"><span class='ocrx_word' id='word_1_700' title='bbox 161 2742 330 2773; x_wconf 59' lang='lat' dir='ltr'>Vni-mus.</span> <span class='ocrx_word' id='word_1_701' title='bbox 346 2758 386 2763; x_wconf 81' lang='lat'>—</span> <span class='ocrx_word' id='word_1_702' title='bbox 398 2743 485 2778; x_wconf 79' lang='grc' dir='ltr'>τοὺς</span> <span class='ocrx_word' id='word_1_703' title='bbox 501 2743 683 2780; x_wconf 85' lang='grc' dir='ltr'>πλείονας</span> <span class='ocrx_word' id='word_1_704' title='bbox 700 2744 885 2785; x_wconf 75' lang='grc' dir='ltr'>ἐξήλασε]</span> <span class='ocrx_word' id='word_1_705' title='bbox 904 2756 920 2771; x_wconf 70' lang='grc' dir='ltr'>ιι</span> <span class='ocrx_word' id='word_1_706' title='bbox 942 2747 1035 2776; x_wconf 86' lang='lat' dir='ltr'>Anno</span> <span class='ocrx_word' id='word_1_707' title='bbox 1059 2744 1151 2776; x_wconf 82' lang='lat' dir='ltr'>Urbis</span> <span class='ocrx_word' id='word_1_708' title='bbox 1165 2747 1223 2777; x_wconf 87' lang='lat'>772</span> <span class='ocrx_word' id='word_1_709' title='bbox 1244 2746 1286 2776; x_wconf 86' lang='lat' dir='ltr'>M.</span> <span class='ocrx_word' id='word_1_710' title='bbox 1307 2745 1414 2776; x_wconf 88' lang='lat' dir='ltr'>Silano</span> <span class='ocrx_word' id='word_1_711' title='bbox 1427 2769 1435 2783; x_wconf 92' lang='lat'>‚</span> <span class='ocrx_word' id='word_1_712' title='bbox 1454 2747 1488 2776; x_wconf 89' lang='lat' dir='ltr'>L.</span> <span class='ocrx_word' id='word_1_713' title='bbox 1508 2745 1659 2776; x_wconf 84' lang='lat' dir='ltr'>Norbano</span> <span class='ocrx_word' id='word_1_714' title='bbox 1679 2754 1758 2777; x_wconf 82' lang='lat' dir='ltr'>coss.</span> <span class='ocrx_word' id='word_1_715' title='bbox 1771 2770 1781 2784; x_wconf 86' lang='lat'>‚</span> <span class='ocrx_word' id='word_1_716' title='bbox 1796 2746 1831 2776; x_wconf 92' lang='lat' dir='ltr'>ut</span> <span class='ocrx_word' id='word_1_717' title='bbox 1846 2745 1957 2777; x_wconf 82' lang='lat' dir='ltr'>scribit</span> <span class='ocrx_word' id='word_1_718' title='bbox 1972 2745 2102 2776; x_wconf 84' lang='lat' dir='ltr'>Tacitus</span> <span class='ocrx_word' id='word_1_719' title='bbox 2118 2744 2139 2775; x_wconf 95' lang='lat' dir='ltr'>l.</span> <span class='ocrx_word' id='word_1_720' title='bbox 2157 2749 2175 2776; x_wconf 87' lang='grc'><strong>2</strong></span> <span class='ocrx_word' id='word_1_721' title='bbox 2189 2745 2222 2776; x_wconf 90' lang='lat' dir='ltr'>in</span> <span class='ocrx_word' id='word_1_722' title='bbox 2236 2744 2315 2784; x_wconf 76' lang='lat' dir='ltr'>tine,</span> 
     </span>
     <span class='ocr_line' id='line_1_75' title="bbox 162 2787 2318 2832; baseline 0.002 -14"><span class='ocrx_word' id='word_1_723' title='bbox 162 2789 283 2819; x_wconf 77' lang='lat' dir='ltr'>Actum</span> <span class='ocrx_word' id='word_1_724' title='bbox 301 2787 342 2818; x_wconf 87' lang='lat' dir='ltr'>de</span> <span class='ocrx_word' id='word_1_725' title='bbox 357 2790 465 2820; x_wconf 79' lang='lat' dir='ltr'>sacris</span> <span class='ocrx_word' id='word_1_726' title='bbox 491 2792 663 2830; x_wconf 75' lang='lat' dir='ltr'>AEqyptiis</span> <span class='ocrx_word' id='word_1_727' title='bbox 687 2791 913 2832; x_wconf 77' lang='lat' dir='ltr'>Judaz&#39;cisque</span> <span class='ocrx_word' id='word_1_728' title='bbox 932 2791 1113 2831; x_wconf 73' lang='lat' dir='ltr'>pellendis.</span> <span class='ocrx_word' id='word_1_729' title='bbox 1138 2791 1310 2822; x_wconf 83' lang='lat' dir='ltr'>Suetonius</span> <span class='ocrx_word' id='word_1_730' title='bbox 1332 2791 1363 2822; x_wconf 93' lang='lat' dir='ltr'>in</span> <span class='ocrx_word' id='word_1_731' title='bbox 1388 2791 1514 2822; x_wconf 85' lang='lat' dir='ltr'>Tiberio</span> <span class='ocrx_word' id='word_1_732' title='bbox 1541 2792 1590 2830; x_wconf 84' lang='lat' dir='ltr'>(c.</span> <span class='ocrx_word' id='word_1_733' title='bbox 1612 2791 1693 2831; x_wconf 88' lang='lat'><strong>36),</strong></span> <span class='ocrx_word' id='word_1_734' title='bbox 1716 2791 1806 2822; x_wconf 86' lang='lat' dir='ltr'>Pbilo</span> <span class='ocrx_word' id='word_1_735' title='bbox 1832 2791 1864 2822; x_wconf 91' lang='lat' dir='ltr'>in</span> <span class='ocrx_word' id='word_1_736' title='bbox 1883 2791 2057 2830; x_wconf 82' lang='lat' dir='ltr'>Legatione</span> <span class='ocrx_word' id='word_1_737' title='bbox 2073 2791 2114 2822; x_wconf 88' lang='lat' dir='ltr'>ad</span> <span class='ocrx_word' id='word_1_738' title='bbox 2129 2791 2263 2830; x_wconf 86' lang='lat' dir='ltr'>Caium,</span> <span class='ocrx_word' id='word_1_739' title='bbox 2285 2794 2318 2823; x_wconf 85' lang='lat' dir='ltr'>et</span> 
     </span>
     <span class='ocr_line' id='line_1_76' title="bbox 162 2834 2317 2879; baseline 0.003 -16"><span class='ocrx_word' id='word_1_740' title='bbox 162 2834 305 2869; x_wconf 82' lang='lat' dir='ltr'>omnium</span> <span class='ocrx_word' id='word_1_741' title='bbox 317 2834 436 2873; x_wconf 85' lang='lat' dir='ltr'>optimc</span> <span class='ocrx_word' id='word_1_742' title='bbox 452 2837 608 2876; x_wconf 83' lang='lat' dir='ltr'>Josepbus</span> <span class='ocrx_word' id='word_1_743' title='bbox 626 2837 647 2868; x_wconf 89' lang='lat' dir='ltr'>l.</span> <span class='ocrx_word' id='word_1_744' title='bbox 667 2839 702 2868; x_wconf 84' lang='lat'>18</span> <span class='ocrx_word' id='word_1_745' title='bbox 718 2837 823 2878; x_wconf 84' lang='lat' dir='ltr'>Antiq.</span> <span class='ocrx_word' id='word_1_746' title='bbox 843 2846 871 2868; x_wconf 88' lang='lat' dir='ltr'>c.</span> <span class='ocrx_word' id='word_1_747' title='bbox 887 2839 904 2869; x_wconf 78' lang='lat'>4</span> <span class='ocrx_word' id='word_1_748' title='bbox 919 2839 950 2868; x_wconf 88' lang='lat' dir='ltr'>et</span> <span class='ocrx_word' id='word_1_749' title='bbox 964 2842 994 2870; x_wconf 87' lang='lat'>5.</span> <span class='ocrx_word' id='word_1_750' title='bbox 1014 2850 1030 2865; x_wconf 68' lang='lat' dir='ltr'>n</span> <span class='ocrx_word' id='word_1_751' title='bbox 1046 2840 1254 2869; x_wconf 74' lang='lat' dir='ltr'>VALssslth—</span> <span class='ocrx_word' id='word_1_752' title='bbox 1267 2837 1285 2877; x_wconf 84' lang='lat'>§</span> <span class='ocrx_word' id='word_1_753' title='bbox 1300 2842 1327 2869; x_wconf 89' lang='lat'>5.</span> <span class='ocrx_word' id='word_1_754' title='bbox 1347 2842 1527 2876; x_wconf 82' lang='grc' dir='ltr'>τοιοῦτος</span> <span class='ocrx_word' id='word_1_755' title='bbox 1545 2840 1595 2871; x_wconf 80' lang='grc' dir='ltr'>ὢν</span> <span class='ocrx_word' id='word_1_756' title='bbox 1609 2838 1698 2879; x_wconf 89' lang='grc' dir='ltr'>κτλ.]</span> <span class='ocrx_word' id='word_1_757' title='bbox 1717 2840 1761 2870; x_wconf 90' lang='lat' dir='ltr'>De</span> <span class='ocrx_word' id='word_1_758' title='bbox 1777 2838 1910 2870; x_wconf 86' lang='lat' dir='ltr'>mutatis</span> <span class='ocrx_word' id='word_1_759' title='bbox 1923 2837 2042 2869; x_wconf 87' lang='lat' dir='ltr'>Tiberii</span> <span class='ocrx_word' id='word_1_760' title='bbox 2057 2837 2202 2869; x_wconf 88' lang='lat' dir='ltr'>moribus</span> <span class='ocrx_word' id='word_1_761' title='bbox 2218 2838 2317 2870; x_wconf 84' lang='lat' dir='ltr'>verbo</span> 
     </span>
     <span class='ocr_line' id='line_1_77' title="bbox 162 2882 2318 2925; baseline 0.003 -13"><span class='ocrx_word' id='word_1_762' title='bbox 162 2882 288 2912; x_wconf 88' lang='lat' dir='ltr'>monuit</span> <span class='ocrx_word' id='word_1_763' title='bbox 304 2882 363 2913; x_wconf 90' lang='lat' dir='ltr'>Dio</span> <span class='ocrx_word' id='word_1_764' title='bbox 375 2885 457 2914; x_wconf 90' lang='lat' dir='ltr'>LVII</span> <span class='ocrx_word' id='word_1_765' title='bbox 471 2907 480 2921; x_wconf 91' lang='lat'>,</span> <span class='ocrx_word' id='word_1_766' title='bbox 498 2887 534 2916; x_wconf 84' lang='grc'>19</span> <span class='ocrx_word' id='word_1_767' title='bbox 549 2885 619 2916; x_wconf 81' lang='lat' dir='ltr'>init.</span> <span class='ocrx_word' id='word_1_768' title='bbox 637 2886 668 2916; x_wconf 86' lang='lat' dir='ltr'>et</span> <span class='ocrx_word' id='word_1_769' title='bbox 682 2894 711 2917; x_wconf 86' lang='lat' dir='ltr'>c.</span> <span class='ocrx_word' id='word_1_770' title='bbox 731 2888 767 2918; x_wconf 81' lang='lat'>19</span> <span class='ocrx_word' id='word_1_771' title='bbox 783 2887 883 2923; x_wconf 64' lang='lat' dir='ltr'>extr„</span> <span class='ocrx_word' id='word_1_772' title='bbox 895 2885 950 2925; x_wconf 88' lang='lat' dir='ltr'>qui</span> <span class='ocrx_word' id='word_1_773' title='bbox 965 2886 1054 2916; x_wconf 87' lang='lat' dir='ltr'>locus</span> <span class='ocrx_word' id='word_1_774' title='bbox 1064 2894 1104 2916; x_wconf 85' lang='lat' dir='ltr'>ex</span> <span class='ocrx_word' id='word_1_775' title='bbox 1116 2887 1193 2916; x_wconf 80' lang='lat' dir='ltr'>Exc.</span> <span class='ocrx_word' id='word_1_776' title='bbox 1210 2884 1414 2916; x_wconf 78' lang='lat' dir='ltr'>I’eirescianis</span> <span class='ocrx_word' id='word_1_777' title='bbox 1429 2886 1559 2918; x_wconf 85' lang='lat' dir='ltr'>additus</span> <span class='ocrx_word' id='word_1_778' title='bbox 1572 2889 1629 2918; x_wconf 81' lang='lat' dir='ltr'>est.</span> <span class='ocrx_word' id='word_1_779' title='bbox 1643 2887 1788 2918; x_wconf 82' lang='lat' dir='ltr'>Fortasse</span> <span class='ocrx_word' id='word_1_780' title='bbox 1799 2887 1895 2917; x_wconf 88' lang='lat' dir='ltr'>etiam</span> <span class='ocrx_word' id='word_1_781' title='bbox 1907 2887 2015 2916; x_wconf 87' lang='lat' dir='ltr'>nostra</span> <span class='ocrx_word' id='word_1_782' title='bbox 2031 2884 2064 2916; x_wconf 90' lang='lat' dir='ltr'>in</span> <span class='ocrx_word' id='word_1_783' title='bbox 2074 2885 2197 2925; x_wconf 83' lang='lat' dir='ltr'>integro</span> <span class='ocrx_word' id='word_1_784' title='bbox 2207 2886 2318 2918; x_wconf 81' lang='lat' dir='ltr'>DIonis</span> 
     </span>
     <span class='ocr_line' id='line_1_78' title="bbox 163 2928 2317 2972; baseline 0.002 -11"><span class='ocrx_word' id='word_1_785' title='bbox 163 2937 259 2968; x_wconf 84' lang='lat' dir='ltr'>opere</span> <span class='ocrx_word' id='word_1_786' title='bbox 276 2928 474 2967; x_wconf 81' lang='lat' dir='ltr'>legebantur.</span> <span class='ocrx_word' id='word_1_787' title='bbox 495 2932 643 2971; x_wconf 77' lang='lat' dir='ltr'>Ceterum</span> <span class='ocrx_word' id='word_1_788' title='bbox 665 2931 750 2964; x_wconf 89' lang='lat' dir='ltr'>hunc</span> <span class='ocrx_word' id='word_1_789' title='bbox 770 2932 876 2963; x_wconf 90' lang='lat' dir='ltr'>locum</span> <span class='ocrx_word' id='word_1_790' title='bbox 897 2932 1075 2963; x_wconf 82' lang='lat' dir='ltr'>uberiorem</span> <span class='ocrx_word' id='word_1_791' title='bbox 1095 2930 1246 2963; x_wconf 82' lang='lat' dir='ltr'>exhibere</span> <span class='ocrx_word' id='word_1_792' title='bbox 1270 2931 1342 2962; x_wconf 84' lang='lat' dir='ltr'>licet</span> <span class='ocrx_word' id='word_1_793' title='bbox 1360 2940 1399 2962; x_wconf 86' lang='lat' dir='ltr'>cx</span> <span class='ocrx_word' id='word_1_794' title='bbox 1417 2932 1480 2963; x_wconf 89' lang='lat' dir='ltr'>alio</span> <span class='ocrx_word' id='word_1_795' title='bbox 1498 2934 1577 2964; x_wconf 84' lang='lat' dir='ltr'>Exc.</span> <span class='ocrx_word' id='word_1_796' title='bbox 1599 2933 1713 2971; x_wconf 87' lang='lat' dir='ltr'>titulo,</span> <span class='ocrx_word' id='word_1_797' title='bbox 1728 2941 1793 2972; x_wconf 91' lang='lat' dir='ltr'>quo</span> <span class='ocrx_word' id='word_1_798' title='bbox 1817 2931 1932 2964; x_wconf 83' lang='lat' dir='ltr'>suidas</span> <span class='ocrx_word' id='word_1_799' title='bbox 1953 2940 2032 2963; x_wconf 85' lang='lat' dir='ltr'>usus</span> <span class='ocrx_word' id='word_1_800' title='bbox 2045 2933 2105 2963; x_wconf 87' lang='lat' dir='ltr'>est.</span> <span class='ocrx_word' id='word_1_801' title='bbox 2128 2934 2159 2964; x_wconf 85' lang='lat' dir='ltr'>Is</span> <span class='ocrx_word' id='word_1_802' title='bbox 2177 2933 2262 2964; x_wconf 83' lang='lat' dir='ltr'>enim</span> <span class='ocrx_word' id='word_1_803' title='bbox 2276 2933 2317 2965; x_wconf 84' lang='lat' dir='ltr'>ad</span> 
     </span>
     <span class='ocr_line' id='line_1_79' title="bbox 163 2974 2317 3020; baseline 0.001 -13"><span class='ocrx_word' id='word_1_804' title='bbox 163 2974 325 3007; x_wconf 81' lang='lat' dir='ltr'>Tiberium</span> <span class='ocrx_word' id='word_1_805' title='bbox 343 2977 361 3007; x_wconf 90' lang='lat' dir='ltr'>J</span> <span class='ocrx_word' id='word_1_806' title='bbox 366 2976 459 3007; x_wconf 83' lang='lat' dir='ltr'>ustini</span> <span class='ocrx_word' id='word_1_807' title='bbox 488 2979 516 3008; x_wconf 93' lang='lat' dir='ltr'>II</span> <span class='ocrx_word' id='word_1_808' title='bbox 535 2986 751 3010; x_wconf 76' lang='lat' dir='ltr'>successorem</span> <span class='ocrx_word' id='word_1_809' title='bbox 772 2979 878 3019; x_wconf 84' lang='lat' dir='ltr'>inepte</span> <span class='ocrx_word' id='word_1_810' title='bbox 894 2978 991 3010; x_wconf 78' lang='lat' dir='ltr'>refert</span> <span class='ocrx_word' id='word_1_811' title='bbox 1006 2988 1078 3019; x_wconf 75' lang='lat' dir='ltr'>quae</span> <span class='ocrx_word' id='word_1_812' title='bbox 1102 2978 1140 3010; x_wconf 90' lang='lat' dir='ltr'>ad</span> <span class='ocrx_word' id='word_1_813' title='bbox 1158 2979 1310 3010; x_wconf 83' lang='lat' dir='ltr'>Nostrum</span> <span class='ocrx_word' id='word_1_814' title='bbox 1336 2977 1496 3017; x_wconf 78' lang='lat' dir='ltr'>pertinent</span> <span class='ocrx_word' id='word_1_815' title='bbox 1514 2979 1620 3010; x_wconf 79' lang='lat' dir='ltr'>baecce</span> <span class='ocrx_word' id='word_1_816' title='bbox 1638 2989 1646 3010; x_wconf 76' lang='lat'>2</span> <span class='ocrx_word' id='word_1_817' title='bbox 1662 2979 1801 3020; x_wconf 79' lang='grc' dir='ltr'>Ἄριστος</span> <span class='ocrx_word' id='word_1_818' title='bbox 1818 2978 1850 3009; x_wconf 85' lang='grc' dir='ltr'>δὲ</span> <span class='ocrx_word' id='word_1_819' title='bbox 1872 2977 2020 3018; x_wconf 79' lang='grc' dir='ltr'>ὑπάρχων</span> <span class='ocrx_word' id='word_1_820' title='bbox 2043 2977 2073 3008; x_wconf 84' lang='grc' dir='ltr'>ἐν</span> <span class='ocrx_word' id='word_1_821' title='bbox 2092 2977 2212 3015; x_wconf 84' lang='grc' dir='ltr'>νεότητι</span> <span class='ocrx_word' id='word_1_822' title='bbox 2230 2980 2295 3010; x_wconf 81' lang='lat' dir='ltr'>etc.</span> <span class='ocrx_word' id='word_1_823' title='bbox 2307 3002 2317 3019; x_wconf 90' lang='lat'>,</span> 
     </span>
     <span class='ocr_line' id='line_1_80' title="bbox 141 3021 2316 3066; baseline 0.003 -15"><span class='ocrx_word' id='word_1_824' title='bbox 141 3040 143 3042; x_wconf 58' lang='lat'>&gt;</span> <span class='ocrx_word' id='word_1_825' title='bbox 163 3029 236 3062; x_wconf 84' lang='lat' dir='ltr'>quae</span> <span class='ocrx_word' id='word_1_826' title='bbox 248 3021 398 3060; x_wconf 84' lang='lat' dir='ltr'>subjunxi</span> <span class='ocrx_word' id='word_1_827' title='bbox 422 3023 453 3052; x_wconf 88' lang='lat' dir='ltr'>in</span> <span class='ocrx_word' id='word_1_828' title='bbox 474 3022 510 3053; x_wconf 82' lang='lat' dir='ltr'>sr.</span> <span class='ocrx_word' id='word_1_829' title='bbox 528 3026 586 3062; x_wconf 84' lang='lat'>79,</span> <span class='ocrx_word' id='word_1_830' title='bbox 608 3033 638 3054; x_wconf 90' lang='lat' dir='ltr'>a.</span> <span class='ocrx_word' id='word_1_831' title='bbox 662 3025 734 3065; x_wconf 55' lang='grc' dir='ltr'>-ς</span> <span class='ocrx_word' id='word_1_832' title='bbox 752 3028 782 3056; x_wconf 86' lang='grc'>8.</span> <span class='ocrx_word' id='word_1_833' title='bbox 810 3025 853 3056; x_wconf 84' lang='grc' dir='ltr'>ἄν</span> <span class='ocrx_word' id='word_1_834' title='bbox 879 3036 977 3060; x_wconf 88' lang='grc' dir='ltr'>τις...</span> <span class='ocrx_word' id='word_1_835' title='bbox 999 3023 1202 3064; x_wconf 84' lang='grc' dir='ltr'>κατεῖδεν]</span> <span class='ocrx_word' id='word_1_836' title='bbox 1223 3023 1347 3060; x_wconf 76' lang='grc' dir='ltr'>αὖθις...</span> <span class='ocrx_word' id='word_1_837' title='bbox 1367 3026 1502 3056; x_wconf 86' lang='grc' dir='ltr'>κατιδεῖν</span> <span class='ocrx_word' id='word_1_838' title='bbox 1520 3026 1639 3066; x_wconf 89' lang='lat' dir='ltr'>codex;</span> <span class='ocrx_word' id='word_1_839' title='bbox 1655 3035 1718 3058; x_wconf 89' lang='lat' dir='ltr'>em.</span> <span class='ocrx_word' id='word_1_840' title='bbox 1735 3025 1892 3058; x_wconf 81' lang='lat' dir='ltr'>Valesius.</span> <span class='ocrx_word' id='word_1_841' title='bbox 1908 3025 2034 3056; x_wconf 83' lang='lat' dir='ltr'>Etenim</span> <span class='ocrx_word' id='word_1_842' title='bbox 2049 3024 2109 3056; x_wconf 93' lang='lat' dir='ltr'>Dio</span> <span class='ocrx_word' id='word_1_843' title='bbox 2124 3027 2246 3065; x_wconf 88' lang='lat' dir='ltr'>LVIII,</span> <span class='ocrx_word' id='word_1_844' title='bbox 2263 3030 2292 3058; x_wconf 92' lang='lat' dir='ltr'>II</span> <span class='ocrx_word' id='word_1_845' title='bbox 2306 3049 2316 3065; x_wconf 89' lang='lat'><em>,</em></span> 
     </span>
     <span class='ocr_line' id='line_1_81' title="bbox 163 3069 2314 3114; baseline 0.004 -16"><span class='ocrx_word' id='word_1_846' title='bbox 163 3070 292 3099; x_wconf 81' lang='lat' dir='ltr'>nan-ata</span> <span class='ocrx_word' id='word_1_847' title='bbox 306 3077 382 3100; x_wconf 86' lang='lat' dir='ltr'>nece</span> <span class='ocrx_word' id='word_1_848' title='bbox 395 3069 499 3108; x_wconf 82' lang='lat' dir='ltr'>Sejani</span> <span class='ocrx_word' id='word_1_849' title='bbox 511 3093 518 3107; x_wconf 91' lang='lat'><strong>,</strong></span> <span class='ocrx_word' id='word_1_850' title='bbox 529 3069 607 3101; x_wconf 84' lang='lat' dir='ltr'>dicit</span> <span class='ocrx_word' id='word_1_851' title='bbox 624 3081 631 3101; x_wconf 91' lang='lat'>:</span> <span class='ocrx_word' id='word_1_852' title='bbox 647 3071 743 3102; x_wconf 88' lang='grc' dir='ltr'>Ἔνθα</span> <span class='ocrx_word' id='word_1_853' title='bbox 757 3071 794 3109; x_wconf 78' lang='grc' dir='ltr'>δὴ</span> <span class='ocrx_word' id='word_1_854' title='bbox 811 3073 863 3103; x_wconf 89' lang='grc' dir='ltr'>καὶ</span> <span class='ocrx_word' id='word_1_855' title='bbox 883 3071 1018 3111; x_wconf 84' lang='grc' dir='ltr'>μάλιστα</span> <span class='ocrx_word' id='word_1_856' title='bbox 1031 3071 1069 3103; x_wconf 87' lang='grc' dir='ltr'>ἄν</span> <span class='ocrx_word' id='word_1_857' title='bbox 1082 3083 1126 3108; x_wconf 89' lang='grc' dir='ltr'>τις</span> <span class='ocrx_word' id='word_1_858' title='bbox 1139 3073 1194 3109; x_wconf 84' lang='grc' dir='ltr'>τὴν</span> <span class='ocrx_word' id='word_1_859' title='bbox 1212 3071 1405 3112; x_wconf 85' lang='grc' dir='ltr'>ἀνθρωπίνην</span> <span class='ocrx_word' id='word_1_860' title='bbox 1419 3073 1579 3105; x_wconf 85' lang='grc' dir='ltr'>ἀσθένειαν</span> <span class='ocrx_word' id='word_1_861' title='bbox 1599 3074 1737 3105; x_wconf 87' lang='grc' dir='ltr'>κατεῖδεν</span> <span class='ocrx_word' id='word_1_862' title='bbox 1750 3097 1758 3112; x_wconf 91' lang='grc'>,</span> <span class='ocrx_word' id='word_1_863' title='bbox 1774 3075 1815 3110; x_wconf 84' lang='grc' dir='ltr'>ὡς</span> <span class='ocrx_word' id='word_1_864' title='bbox 1833 3073 1960 3114; x_wconf 82' lang='grc' dir='ltr'>μηδαμῆ</span> <span class='ocrx_word' id='word_1_865' title='bbox 1981 3073 2130 3113; x_wconf 82' lang='grc' dir='ltr'>μηδαμῶς</span> <span class='ocrx_word' id='word_1_866' title='bbox 2147 3075 2314 3114; x_wconf 81' lang='grc' dir='ltr'>φυσᾶσθαι.</span> 
     </span>
     <span class='ocr_line' id='line_1_82' title="bbox 163 3114 2317 3163; baseline 0.003 -17"><span class='ocrx_word' id='word_1_867' title='bbox 163 3114 236 3156; x_wconf 66' lang='lat'>2-§</span> <span class='ocrx_word' id='word_1_868' title='bbox 257 3117 286 3147; x_wconf 85' lang='lat'>9.</span> <span class='ocrx_word' id='word_1_869' title='bbox 313 3115 407 3156; x_wconf 85' lang='grc' dir='ltr'>ἐμοῦ</span> <span class='ocrx_word' id='word_1_870' title='bbox 430 3116 651 3154; x_wconf 85' lang='grc' dir='ltr'>θανόντος...</span> <span class='ocrx_word' id='word_1_871' title='bbox 673 3122 738 3156; x_wconf 80' lang='grc' dir='ltr'>τῆς</span> <span class='ocrx_word' id='word_1_872' title='bbox 763 3119 993 3160; x_wconf 88' lang='grc' dir='ltr'>βασιλείας]</span> <span class='ocrx_word' id='word_1_873' title='bbox 1016 3119 1122 3151; x_wconf 83' lang='lat' dir='ltr'>Verba</span> <span class='ocrx_word' id='word_1_874' title='bbox 1138 3120 1249 3151; x_wconf 85' lang='lat' dir='ltr'>DioniS</span> <span class='ocrx_word' id='word_1_875' title='bbox 1268 3121 1391 3158; x_wconf 81' lang='lat' dir='ltr'>LVIII,</span> <span class='ocrx_word' id='word_1_876' title='bbox 1413 3123 1463 3152; x_wconf 81' lang='lat'>23.</span> <span class='ocrx_word' id='word_1_877' title='bbox 1483 3121 1533 3153; x_wconf 80' lang='lat' dir='ltr'>ef.</span> <span class='ocrx_word' id='word_1_878' title='bbox 1551 3123 1683 3153; x_wconf 83' lang='lat' dir='ltr'>Sueton.</span> <span class='ocrx_word' id='word_1_879' title='bbox 1698 3120 1805 3152; x_wconf 83' lang='lat' dir='ltr'>Tiber.</span> <span class='ocrx_word' id='word_1_880' title='bbox 1823 3128 1851 3152; x_wconf 84' lang='lat' dir='ltr'>c.</span> <span class='ocrx_word' id='word_1_881' title='bbox 1874 3119 2015 3161; x_wconf 81' lang='lat'>67.-§</span> <span class='ocrx_word' id='word_1_882' title='bbox 2035 3124 2082 3151; x_wconf 86' lang='lat'>10.</span> <span class='ocrx_word' id='word_1_883' title='bbox 2108 3121 2176 3158; x_wconf 81' lang='grc' dir='ltr'>τὴν</span> <span class='ocrx_word' id='word_1_884' title='bbox 2196 3122 2317 3163; x_wconf 79' lang='grc' dir='ltr'>ἀρχὴν</span> 
     </span>
     <span class='ocr_line' id='line_1_83' title="bbox 164 3163 2317 3209; baseline 0.004 -16"><span class='ocrx_word' id='word_1_885' title='bbox 164 3163 429 3203; x_wconf 74' lang='grc' dir='ltr'>διῳκήσατο..</span> <span class='ocrx_word' id='word_1_886' title='bbox 446 3173 468 3203; x_wconf 94' lang='grc' dir='ltr'>χ</span> <span class='ocrx_word' id='word_1_887' title='bbox 479 3163 651 3204; x_wconf 82' lang='grc' dir='ltr'>ρησάμεν</span> <span class='ocrx_word' id='word_1_888' title='bbox 661 3176 677 3196; x_wconf 88' lang='grc' dir='ltr'>ο</span> <span class='ocrx_word' id='word_1_889' title='bbox 687 3165 721 3206; x_wconf 89' lang='grc' dir='ltr'>ς]</span> <span class='ocrx_word' id='word_1_890' title='bbox 737 3165 853 3197; x_wconf 82' lang='lat' dir='ltr'>Eadem</span> <span class='ocrx_word' id='word_1_891' title='bbox 867 3166 966 3197; x_wconf 83' lang='lat' dir='ltr'>verba</span> <span class='ocrx_word' id='word_1_892' title='bbox 979 3166 1077 3198; x_wconf 85' lang='lat' dir='ltr'>babes</span> <span class='ocrx_word' id='word_1_893' title='bbox 1089 3166 1174 3207; x_wconf 89' lang='lat' dir='ltr'>apud</span> <span class='ocrx_word' id='word_1_894' title='bbox 1188 3165 1344 3199; x_wconf 88' lang='lat' dir='ltr'>suidam</span> <span class='ocrx_word' id='word_1_895' title='bbox 1335 3175 1367 3197; x_wconf 91' lang='lat' dir='ltr'>m</span> <span class='ocrx_word' id='word_1_896' title='bbox 1381 3175 1418 3198; x_wconf 90' lang='lat' dir='ltr'>eo</span> <span class='ocrx_word' id='word_1_897' title='bbox 1431 3166 1586 3207; x_wconf 88' lang='lat' dir='ltr'>articulo,</span> <span class='ocrx_word' id='word_1_898' title='bbox 1604 3175 1700 3207; x_wconf 88' lang='lat' dir='ltr'>quem</span> <span class='ocrx_word' id='word_1_899' title='bbox 1716 3167 1776 3199; x_wconf 88' lang='lat' dir='ltr'>sub</span> <span class='ocrx_word' id='word_1_900' title='bbox 1789 3175 1879 3198; x_wconf 91' lang='lat' dir='ltr'>num.</span> <span class='ocrx_word' id='word_1_901' title='bbox 1899 3170 1940 3199; x_wconf 89' lang='lat'>79</span> <span class='ocrx_word' id='word_1_902' title='bbox 1958 3167 1977 3198; x_wconf 87' lang='lat' dir='ltr'>b</span> <span class='ocrx_word' id='word_1_903' title='bbox 1990 3167 2140 3208; x_wconf 84' lang='lat' dir='ltr'>apposui,</span> <span class='ocrx_word' id='word_1_904' title='bbox 2155 3176 2317 3209; x_wconf 86' lang='lat' dir='ltr'>quemque</span> 
     </span>
     <span class='ocr_line' id='line_1_84' title="bbox 169 3210 2314 3255; baseline 0.002 -14"><span class='ocrx_word' id='word_1_905' title='bbox 169 3210 267 3243; x_wconf 73' lang='lat' dir='ltr'>latine</span> <span class='ocrx_word' id='word_1_906' title='bbox 279 3210 401 3250; x_wconf 71' lang='lat' dir='ltr'>praebet</span> <span class='ocrx_word' id='word_1_907' title='bbox 418 3211 589 3251; x_wconf 84' lang='lat' dir='ltr'>Eutropius</span> <span class='ocrx_word' id='word_1_908' title='bbox 605 3213 683 3251; x_wconf 90' lang='lat' dir='ltr'>Vll,</span> <span class='ocrx_word' id='word_1_909' title='bbox 698 3218 740 3244; x_wconf 84' lang='lat'>6:</span> <span class='ocrx_word' id='word_1_910' title='bbox 764 3214 916 3246; x_wconf 81' lang='lat' dir='ltr'>Tiberius</span> <span class='ocrx_word' id='word_1_911' title='bbox 939 3216 1071 3253; x_wconf 76' lang='lat' dir='ltr'>inqenti</span> <span class='ocrx_word' id='word_1_912' title='bbox 1087 3215 1244 3247; x_wconf 69' lang='lat' dir='ltr'>socordia</span> <span class='ocrx_word' id='word_1_913' title='bbox 1263 3215 1448 3255; x_wconf 80' lang='lat' dir='ltr'>imperium</span> <span class='ocrx_word' id='word_1_914' title='bbox 1463 3215 1586 3252; x_wconf 64' lang='lat' dir='ltr'>,ae-ssu,</span> <span class='ocrx_word' id='word_1_915' title='bbox 1604 3215 1704 3254; x_wconf 71' lang='lat' dir='ltr'>qravi</span> <span class='ocrx_word' id='word_1_916' title='bbox 1720 3214 1950 3254; x_wconf 66' lang='lat' dir='ltr'>crudelitate,</span> <span class='ocrx_word' id='word_1_917' title='bbox 1967 3214 2112 3246; x_wconf 74' lang='lat' dir='ltr'>scelesta</span> <span class='ocrx_word' id='word_1_918' title='bbox 2136 3217 2314 3255; x_wconf 75' lang='lat' dir='ltr'>avaricia,</span> 
     </span>
     <span class='ocr_line' id='line_1_85' title="bbox 171 3253 2317 3303; baseline 0.002 -14"><span class='ocrx_word' id='word_1_919' title='bbox 171 3259 270 3298; x_wconf 83' lang='lat' dir='ltr'>turpi</span> <span class='ocrx_word' id='word_1_920' title='bbox 285 3253 440 3290; x_wconf 78' lang='lat' dir='ltr'>libidine.</span> <span class='ocrx_word' id='word_1_921' title='bbox 460 3259 549 3290; x_wconf 82' lang='lat' dir='ltr'>Nam</span> <span class='ocrx_word' id='word_1_922' title='bbox 567 3267 613 3290; x_wconf 86' lang='lat' dir='ltr'>m¹</span> <span class='ocrx_word' id='word_1_923' title='bbox 616 3267 739 3299; x_wconf 77' lang='lat' dir='ltr'>squam</span> <span class='ocrx_word' id='word_1_924' title='bbox 755 3261 824 3300; x_wconf 72' lang='lat' dir='ltr'>ipsc</span> <span class='ocrx_word' id='word_1_925' title='bbox 835 3262 1037 3300; x_wconf 78' lang='lat' dir='ltr'>puqnavit:</span> <span class='ocrx_word' id='word_1_926' title='bbox 1056 3261 1146 3294; x_wconf 84' lang='lat' dir='ltr'>bella</span> <span class='ocrx_word' id='word_1_927' title='bbox 1156 3270 1220 3303; x_wconf 84' lang='lat' dir='ltr'>per</span> <span class='ocrx_word' id='word_1_928' title='bbox 1236 3262 1364 3301; x_wconf 73' lang='lat' dir='ltr'>ceqatos</span> <span class='ocrx_word' id='word_1_929' title='bbox 1377 3268 1454 3291; x_wconf 79' lang='lat' dir='ltr'>suos</span> <span class='ocrx_word' id='word_1_930' title='bbox 1468 3262 1601 3299; x_wconf 75' lang='lat' dir='ltr'>ycssit:</span> <span class='ocrx_word' id='word_1_931' title='bbox 1619 3259 1788 3301; x_wconf 82' lang='lat' dir='ltr'>quosdam</span> <span class='ocrx_word' id='word_1_932' title='bbox 1802 3268 1896 3300; x_wconf 75' lang='lat' dir='ltr'>reyes</span> <span class='ocrx_word' id='word_1_933' title='bbox 1906 3283 1915 3299; x_wconf 87' lang='lat'><strong><em>‚</em></strong></span> <span class='ocrx_word' id='word_1_934' title='bbox 1926 3269 1991 3301; x_wconf 86' lang='lat' dir='ltr'>per</span> <span class='ocrx_word' id='word_1_935' title='bbox 2007 3260 2202 3292; x_wconf 77' lang='lat' dir='ltr'>blanditias</span> <span class='ocrx_word' id='word_1_936' title='bbox 2220 3260 2270 3293; x_wconf 85' lang='lat' dir='ltr'>ad</span> <span class='ocrx_word' id='word_1_937' title='bbox 2280 3269 2317 3293; x_wconf 78' lang='lat' dir='ltr'>se</span> 
     </span>
     <span class='ocr_line' id='line_1_86' title="bbox 166 3306 2315 3349; baseline 0.001 -13"><span class='ocrx_word' id='word_1_938' title='bbox 166 3307 344 3344; x_wconf 80' lang='lat' dir='ltr'>evocatos,</span> <span class='ocrx_word' id='word_1_939' title='bbox 361 3313 543 3345; x_wconf 78' lang='lat' dir='ltr'>nunquam</span> <span class='ocrx_word' id='word_1_940' title='bbox 561 3308 725 3338; x_wconf 68' lang='lat' dir='ltr'>remisit.-</span> <span class='ocrx_word' id='word_1_941' title='bbox 744 3309 779 3338; x_wconf 80' lang='lat' dir='ltr'>in</span> <span class='ocrx_word' id='word_1_942' title='bbox 798 3308 921 3348; x_wconf 75' lang='lat' dir='ltr'>quibus</span> <span class='ocrx_word' id='word_1_943' title='bbox 940 3309 1148 3341; x_wconf 81' lang='lat' dir='ltr'>Archelaum</span> <span class='ocrx_word' id='word_1_944' title='bbox 1167 3308 1417 3349; x_wconf 84' lang='lat' dir='ltr'>Cappadocem,</span> <span class='ocrx_word' id='word_1_945' title='bbox 1437 3306 1535 3346; x_wconf 81' lang='lat' dir='ltr'>cujus</span> <span class='ocrx_word' id='word_1_946' title='bbox 1551 3309 1658 3339; x_wconf 72' lang='lat' dir='ltr'>etiam</span> <span class='ocrx_word' id='word_1_947' title='bbox 1680 3315 1824 3347; x_wconf 75' lang='lat' dir='ltr'>rcqnum</span> <span class='ocrx_word' id='word_1_948' title='bbox 1840 3309 1876 3339; x_wconf 81' lang='lat' dir='ltr'>in</span> <span class='ocrx_word' id='word_1_949' title='bbox 1891 3309 2080 3348; x_wconf 81' lang='lat' dir='ltr'>provinciae</span> <span class='ocrx_word' id='word_1_950' title='bbox 2089 3307 2249 3346; x_wconf 85' lang='lat' dir='ltr'>formam</span> <span class='ocrx_word' id='word_1_951' title='bbox 2264 3315 2315 3339; x_wconf 84' lang='lat' dir='ltr'>re·</span> 
     </span>
     <span class='ocr_line' id='line_1_87' title="bbox 165 3350 2315 3396; baseline 0.002 -14"><span class='ocrx_word' id='word_1_952' title='bbox 165 3350 279 3390; x_wconf 76' lang='lat' dir='ltr'>deqit,</span> <span class='ocrx_word' id='word_1_953' title='bbox 297 3352 332 3383; x_wconf 80' lang='lat' dir='ltr'>et</span> <span class='ocrx_word' id='word_1_954' title='bbox 344 3352 538 3382; x_wconf 77' lang='lat' dir='ltr'>maximam</span> <span class='ocrx_word' id='word_1_955' title='bbox 550 3353 728 3384; x_wconf 73' lang='lat' dir='ltr'>civitatem</span> <span class='ocrx_word' id='word_1_956' title='bbox 740 3353 916 3392; x_wconf 81' lang='lat' dir='ltr'>appellari</span> <span class='ocrx_word' id='word_1_957' title='bbox 930 3357 1063 3386; x_wconf 81' lang='lat' dir='ltr'>nomine</span> <span class='ocrx_word' id='word_1_958' title='bbox 1073 3364 1133 3387; x_wconf 81' lang='lat' dir='ltr'>suo</span> <span class='ocrx_word' id='word_1_959' title='bbox 1143 3355 1262 3395; x_wconf 77' lang='lat' dir='ltr'>jussit,</span> <span class='ocrx_word' id='word_1_960' title='bbox 1278 3363 1354 3396; x_wconf 79' lang='lat' dir='ltr'>quae</span> <span class='ocrx_word' id='word_1_961' title='bbox 1368 3364 1461 3388; x_wconf 80' lang='lat' dir='ltr'>nunc</span> <span class='ocrx_word' id='word_1_962' title='bbox 1476 3358 1636 3388; x_wconf 68' lang='lat' dir='ltr'>Caesarea</span> <span class='ocrx_word' id='word_1_963' title='bbox 1648 3355 1791 3394; x_wconf 77' lang='lat' dir='ltr'>dicitur,</span> <span class='ocrx_word' id='word_1_964' title='bbox 1803 3364 1911 3396; x_wconf 82' lang='lat' dir='ltr'>quum</span> <span class='ocrx_word' id='word_1_965' title='bbox 1922 3357 2070 3388; x_wconf 80' lang='lat' dir='ltr'>Mazaca</span> <span class='ocrx_word' id='word_1_966' title='bbox 2082 3359 2164 3387; x_wconf 78' lang='lat' dir='ltr'>ante</span> <span class='ocrx_word' id='word_1_967' title='bbox 2179 3363 2315 3386; x_wconf 85' lang='lat' dir='ltr'>vocare-</span> 
     </span>
     <span class='ocr_line' id='line_1_88' title="bbox 167 3398 2314 3442; baseline 0.001 -13"><span class='ocrx_word' id='word_1_968' title='bbox 167 3400 239 3429; x_wconf 81' lang='lat' dir='ltr'>tur.</span> <span class='ocrx_word' id='word_1_969' title='bbox 256 3418 298 3424; x_wconf 90' lang='lat'>—-</span> <span class='ocrx_word' id='word_1_970' title='bbox 319 3398 384 3429; x_wconf 75' lang='grc' dir='ltr'>καὶ</span> <span class='ocrx_word' id='word_1_971' title='bbox 401 3398 643 3438; x_wconf 79' lang='grc' dir='ltr'>στρατεύσας</span> <span class='ocrx_word' id='word_1_972' title='bbox 663 3398 754 3439; x_wconf 78' lang='grc' dir='ltr'>κτλ.]</span> <span class='ocrx_word' id='word_1_973' title='bbox 781 3402 890 3439; x_wconf 77' lang='lat' dir='ltr'>Inepta</span> <span class='ocrx_word' id='word_1_974' title='bbox 909 3400 979 3431; x_wconf 76' lang='lat' dir='ltr'>haec</span> <span class='ocrx_word' id='word_1_975' title='bbox 996 3402 1200 3442; x_wconf 84' lang='lat' dir='ltr'>Excerptoris</span> <span class='ocrx_word' id='word_1_976' title='bbox 1215 3402 1413 3442; x_wconf 75' lang='lat' dir='ltr'>negligentiae</span> <span class='ocrx_word' id='word_1_977' title='bbox 1430 3401 1599 3435; x_wconf 85' lang='lat' dir='ltr'>debentur.</span> <span class='ocrx_word' id='word_1_978' title='bbox 1618 3404 1791 3442; x_wconf 85' lang='lat' dir='ltr'>Postquam</span> <span class='ocrx_word' id='word_1_979' title='bbox 1812 3402 1853 3434; x_wconf 87' lang='lat' dir='ltr'>de</span> <span class='ocrx_word' id='word_1_980' title='bbox 1873 3403 2028 3435; x_wconf 80' lang='lat' dir='ltr'>Archelao</span> <span class='ocrx_word' id='word_1_981' title='bbox 2044 3403 2157 3434; x_wconf 85' lang='lat' dir='ltr'>auctor</span> <span class='ocrx_word' id='word_1_982' title='bbox 2171 3401 2314 3439; x_wconf 79' lang='lat' dir='ltr'>dixerat,</span> 
     </span>
     <span class='ocr_line' id='line_1_89' title="bbox 167 3444 2312 3492; baseline 0.001 -16"><span class='ocrx_word' id='word_1_983' title='bbox 167 3444 254 3476; x_wconf 89' lang='lat' dir='ltr'>baud</span> <span class='ocrx_word' id='word_1_984' title='bbox 272 3445 368 3477; x_wconf 86' lang='lat' dir='ltr'>dubie</span> <span class='ocrx_word' id='word_1_985' title='bbox 384 3444 507 3477; x_wconf 85' lang='lat' dir='ltr'>addidit</span> <span class='ocrx_word' id='word_1_986' title='bbox 523 3446 620 3478; x_wconf 85' lang='lat' dir='ltr'>etiam</span> <span class='ocrx_word' id='word_1_987' title='bbox 637 3448 748 3478; x_wconf 82' lang='lat' dir='ltr'>contra</span> <span class='ocrx_word' id='word_1_988' title='bbox 760 3447 894 3479; x_wconf 82' lang='lat' dir='ltr'>Parthos</span> <span class='ocrx_word' id='word_1_989' title='bbox 906 3448 1068 3480; x_wconf 85' lang='lat' dir='ltr'>Tiberium</span> <span class='ocrx_word' id='word_1_990' title='bbox 1082 3451 1162 3482; x_wconf 78' lang='lat' dir='ltr'>astu</span> <span class='ocrx_word' id='word_1_991' title='bbox 1178 3452 1210 3482; x_wconf 82' lang='lat' dir='ltr'>ec</span> <span class='ocrx_word' id='word_1_992' title='bbox 1222 3449 1372 3482; x_wconf 81' lang='lat' dir='ltr'>consiliis</span> <span class='ocrx_word' id='word_1_993' title='bbox 1387 3451 1505 3490; x_wconf 66' lang='lat' dir='ltr'>eqissc,</span> <span class='ocrx_word' id='word_1_994' title='bbox 1521 3458 1620 3482; x_wconf 85' lang='lat' dir='ltr'>arma</span> <span class='ocrx_word' id='word_1_995' title='bbox 1629 3451 1750 3492; x_wconf 80' lang='lat' dir='ltr'>procul</span> <span class='ocrx_word' id='word_1_996' title='bbox 1761 3449 1920 3482; x_wconf 77' lang='lat' dir='ltr'>habuisse</span> <span class='ocrx_word' id='word_1_997' title='bbox 1937 3449 2059 3489; x_wconf 86' lang='lat' dir='ltr'>(Tacit.</span> <span class='ocrx_word' id='word_1_998' title='bbox 2077 3451 2158 3481; x_wconf 82' lang='lat' dir='ltr'>Ann.</span> <span class='ocrx_word' id='word_1_999' title='bbox 2176 3450 2215 3480; x_wconf 92' lang='lat' dir='ltr'>Vl</span> <span class='ocrx_word' id='word_1_1000' title='bbox 2229 3449 2312 3488; x_wconf 81' lang='lat'>,32).</span> 
     </span>
    </p>
   </div>
  </div>
 </body>
</html>
