2372 3704
185 226 259 260 638

181 311 334 354 risinu53
371 309 437 344 scd
470 310 588 346 schol.
623 311 774 358 vulgata
803 323 875 358 pro
903 306 1052 360 Ἄρατος
1085 311 1227 348 habent

180 365 360 419 Ἄραιθος;
391 367 633 404 scribendum
664 375 718 404 est
746 366 926 418 Ἀρίαιθος.
955 369 1049 406 Vide
1068 371 1226 406 Ariaethi

181 426 313 474 fragm.
333 430 353 468 4
369 454 379 471 ,
401 433 493 462 tom.
510 427 579 471 lv,
596 439 638 475 p.
663 426 752 474 319.

234 484 334 521 lbid.
358 484 456 520 adde
485 485 533 520 ad
552 485 685 534 fragm.
708 486 753 520 16
769 486 886 523 schol.
909 485 997 523 cod.
1024 489 1152 523 Venet.
1176 487 1226 523 ad

180 543 307 590 Eurip.
321 543 502 578 Androm.
523 543 587 594 18(
601 543 659 579 ed.
672 543 806 580 Cobet.
818 544 843 590 ).
856 544 920 579 Ait
935 544 1222 581 Andromache.

179 599 292 643 Φθίας
309 599 344 637 δὲ
363 600 469 646 τῆσδε
486 600 547 638 καὶ
563 600 695 643 πόλεως
715 599 925 652 Φαρσαλίοις
949 600 1122 653 ξύγχορτα
1138 602 1226 640 ναίω

179 658 281 705 πεδί’,
301 658 344 696 ἵν’
365 661 388 705 ἡ
409 658 582 696 θαλασσία
605 659 720 704 Πηλεῖ
733 657 879 696 συνώκει
904 659 1011 710 χωρὶς
1034 659 1224 711 ἀνθρώπων

179 715 296 762 Θέτις,
311 717 471 767 φεύγουσ’
485 716 616 766 ὅμιλον·
625 719 677 755 Θε
664 715 807 760 ςσσαλὸς
823 716 858 754 δέ
875 732 932 766 μιν
947 716 1032 760 λεὼς
1048 717 1224 756 Θετίδειον

180 775 269 827 αὐδᾷ
284 777 344 811 θε
305 790 362 817 εας
380 774 483 826 χάριν
503 774 773 834 νυμφευμάτων.
789 776 850 811 Ad
863 777 940 812 haec
957 777 1094 815 schol.:
1109 778 1225 815 Τοῦτο

183 832 252 870 ἀπὸ
272 834 426 882 ἱστορίας
449 831 601 884 εἴληφεν·
623 825 752 882 αὖθις(
769 834 794 870 l.
817 835 894 870 αὖθι
915 835 973 869 vel
993 833 1133 883 αὐτόθι)
1157 833 1224 886 γὰρ

181 893 268 942 αὐτῇ
291 890 472 943 συνῴκησε
493 889 632 937 Πηλεὺς
646 890 706 927 καὶ
723 889 745 935 ἢ
763 889 876 939 (και’
861 890 1041 941 εγέννησεν
1053 891 1091 943 Ρ)
1109 892 1224 943 Ἀχιλ·

179 948 255 985 λέα·
276 949 315 986 τὸ
334 949 511 988 Θετίδειον
534 948 651 999 διόπερ
670 948 755 999 (l.
737 947 855 999 οιόπερ
869 948 908 986 τὸ
930 949 1131 1000 Θετίδειον)
1152 950 1224 988 ἐστὶ

153 1007 278 1056 ’.ῥπόλις
311 1008 532 1053 Θεσσαλίας,
567 1006 613 1050 ὥς
643 1021 728 1057 φησι
760 1006 964 1057 Φερεκύδης
987 1007 1047 1045 καὶ
1078 1009 1225 1052 Σουίδας

187 1067 196 1114 (
213 1080 266 1104 sc.
286 1068 319 1103 ἐν
338 1067 568 1108 Θεσσαλικοῖς
582 1063 606 1115 ).
634 1069 690 1102 De
721 1066 888 1102 Thetidis
907 1068 995 1102 urbe
1014 1069 1063 1104 cf.
1087 1070 1222 1105 Hella-

178 1126 255 1160 nici
275 1126 320 1162 fr.
341 1139 427 1163 100.
451 1126 584 1162 Urbem
602 1138 694 1161 vero
721 1126 888 1173 intellige
908 1126 1036 1161 fanum
1057 1127 1225 1162 Thetidis

181 1196 265 1218 cum
287 1183 453 1220 aedificiis
477 1185 624 1231 aliquot
644 1183 692 1219 ad
710 1183 749 1218 id
776 1185 1067 1231 pertinentibus.
1090 1186 1221 1221 Memi-

179 1250 318 1279 nerunt
333 1243 407 1278 loci
432 1243 568 1278 Strabo
585 1242 663 1286 IX,
686 1254 723 1289 p.
747 1242 836 1287 431,
855 1243 990 1290 Polyb.
1011 1244 1162 1290 XVIII,
1186 1244 1222 1288 3,

180 1300 217 1337 6.
238 1305 275 1345 4,
303 1314 336 1337 1.
358 1300 608 1338 Cf.'³Dindo1⁴f.
630 1301 670 1335 in
697 1301 828 1349 Steph.
850 1301 957 1339 Thes.
978 1315 1015 1339 v.
1045 1300 1224 1339 Θετίδειον

180 1360 218 1393 in
247 1359 454 1395 Addcndis.
487 1380 538 1386 --
573 1358 748 1394 Ceterum
780 1372 842 1407 ap.
873 1361 994 1395 Tzetz.
1030 1358 1119 1408 Lyc.
1152 1359 1223 1406 175

180 1417 247 1466 (in
263 1417 308 1454 fr.
337 1418 380 1453 16
397 1420 406 1466 )
427 1418 549 1453 scribe
571 1415 628 1453 ἐπὶ
648 1418 715 1453 τῶν
735 1414 874 1463 ἵππων,
893 1418 1025 1463 οἰκεῖ,
1051 1419 1103 1454 sic
1126 1419 1225 1454 enim

180 1476 267 1513 cod.
285 1478 357 1513 Vit.
377 1483 412 1511 et
432 1476 504 1511 Ciz.
527 1476 690 1510 Miilleri.
714 1496 766 1501 —

233 1536 275 1572 P.
315 1539 378 1583 74,
401 1535 445 1570 fr.
470 1539 517 1578 24
542 1547 579 1570 a.
606 1555 658 1562 -—
678 1534 802 1571 Schol.
826 1535 967 1572 Victor.
987 1537 1101 1572 Hom.
1119 1536 1162 1572 Il.
1181 1549 1198 1570 ν
1214 1562 1223 1580 ,

181 1592 257 1628 663
281 1605 290 1629 :
322 1590 524 1642 Φερεκύδης
544 1590 633 1627 οὕτω
650 1593 868 1640 γενεαλογεῖ·
890 1591 959 1628 ἀπὸ
982 1591 1224 1641 Μελάμποδος

180 1649 357 1697 Μαντίον,
375 1644 412 1687 οῧ
435 1650 579 1688 Κλεῖτον
592 1678 601 1695 ,
620 1643 657 1686 οἷ
676 1648 864 1699 Κοίρανον,
885 1643 923 1686 οἷ
941 1649 1130 1687 Πολύιδον·
1151 1643 1225 1687 εἶτα

183 1706 351 1750 ΙΙολύιδος
365 1737 375 1753 ,
398 1706 506 1778 φησὶ,
525 1708 635 1757 γαμεῖ
657 1706 897 1757 Εὐρυδάμειαν
919 1706 982 1752 τὴν
1000 1706 1147 1750 Φυλέως
1165 1711 1224 1745 τοῦ

181 1765 276 1827 Αὖγέ
279 1781 312 1802 α·
330 1767 380 1803 τῶ
397 1764 433 1802 δὲ
446 1764 597 1815 γίνονται
612 1763 784 1816 Εὐχήνωρ
800 1765 858 1802 καὶ
878 1766 1039 1812 Κλεῖτος,
1055 1765 1090 1803 οἳ
1103 1765 1227 1812 Θηὸας

180 1814 269 1862 εἷλον
289 1840 350 1861 συν
382 1828 452 1866 τοῖς
476 1822 661 1873 ἐπιγόνοις·
683 1822 802 1860 ἔπειτα
829 1824 874 1866 εἷς-
897 1823 1028 1874 Τροίαν
1063 1823 1225 1876 ἔρχονται

181 1884 243 1922 σὺν
263 1882 509 1935 Ἀγαμέμνονι,
533 1882 593 1920 καὶ
624 1881 763 1929 θνήσκει
783 1882 957 1935 Εὐχήνωρ
984 1885 1044 1920 ὑπ’
1064 1883 1224 1928 Ἀλεξάν-

180 1944 274 1995 δρου.
1174 1997 1177 1999 -

233 2004 321 2051 Pag.
344 2000 414 2046 75,
437 2001 474 2045 b,
499 2002 566 2040 lin.
588 2014 650 2038 21.
674 2022 726 2029 -—
747 2002 944 2050 Apollonii
963 2002 1083 2039 schol.
1105 2002 1225 2038 codex

180 2068 368 2103 Parisinus
384 2078 457 2114 pro
489 2063 556 2102 ὑπὸ
578 2067 636 2102 τοῦ
655 2063 769 2115 ἑρκίου
795 2066 911 2101 habet
941 2064 1007 2102 ὑπὸ
1026 2064 1064 2102 τὸ
1093 2065 1225 2118 ἑρκίον,

182 2125 287 2174 quod
299 2131 462 2173 praestat.
473 2126 530 2160 De
543 2136 584 2160 re
598 2137 635 2162 v.
654 2124 826 2162 Creuzer.
841 2125 1067 2162 Commentt.
1084 2126 1226 2162 Herod.

180 2194 220 2232 p.
243 2184 318 2220 236
339 2196 423 2231 sqq.
459 2183 564 2230 (sive
594 2183 631 2217 in
653 2183 838 2219 Herodot.
864 2191 956 2220 tom.
984 2184 1064 2232 111,
1086 2197 1128 2231 p.
1151 2184 1224 2227 804

182 2243 243 2281 ed.
264 2241 410 2290 Baehr.-)
423 2269 432 2286 ‚
454 2242 644 2287 Symbolz'k
664 2243 696 2286 Ι,
713 2255 754 2290 p.
775 2241 824 2277 80
853 2242 913 2279 ed.
933 2249 1017 2279 tert.

235 2302 277 2335 P.
298 2313 359 2345 77,
376 2300 422 2336 fr.
445 2312 508 2344 27.
524 2299 739 2335 —Eodem
755 2300 878 2344 fonte,
893 2313 938 2336 ex
958 2308 1034 2348 q'uo
1051 2312 1117 2335 sua
1131 2300 1228 2335 hau-

182 2360 229 2394 sit
249 2359 364 2394 schol.
386 2358 518 2405 Odyss.
534 2358 576 2402 λ,
600 2357 674 2393 265
691 2385 701 2402 ,
723 2371 811 2394 usus
837 2366 890 2393 est
909 2359 1022 2394 etiam
1040 2359 1159 2396 schol.
1181 2359 1229 2395 :id

183 2419 226 2453 11.
243 2415 276 2463 ξ,
296 2416 370 2452 323
385 2444 394 2460 ,
410 2417 506 2452 adeo
519 2424 560 2451 ut
576 2417 615 2450 in
626 2417 779 2464 singulis
796 2417 985 2452 interdum
996 2417 1120 2452 verbis
1136 2429 1227 2452 con-

185 2477 321 2511 cinant.
346 2475 520 2510 Ceterum
549 2475 644 2509 alter
663 2475 865 2509 scholiasta
894 2476 1012 2510 altero
1037 2483 1093 2510 cst
1110 2476 1228 2510 modo

184 2533 340 2568 brevior
352 2532 466 2567 modo
484 2532 615 2569 fusior.
627 2533 752 2578 Quare
763 2532 972 2568 adscribam
987 2534 1101 2568 verba
1111 2534 1226 2570 schol.

186 2590 314 2626 Iliadis
337 2602 345 2626 :
363 2586 562 2637 Ἀλκμήνης
579 2590 638 2633 τῆς
655 2587 901 2638 Ἠλεκτρύονος
917 2591 978 2634 τῆς
995 2588 1153 2632 Ἀναξοῦς
1169 2592 1229 2635 τῆς

186 2642 347 2697 Ἀγκαίου
376 2646 505 2696 ἕράσθη
537 2645 772 2697 Ἀμφιτρύων,
789 2645 824 2688 ὃς
849 2646 982 2683 ἀνελὼν
1010 2645 1226 2697 Ἧλεκρύονα

189 2708 277 2756 βοῶν
288 2703 581 2757 ἀμφισὸητήσεως
594 2703 696 2755 χάριν
711 2703 744 2747 ἐξ
753 2701 789 2742 Ἀ
797 2719 894 2756 ργους
902 2704 1023 2757 ἔφυγεν
1033 2706 1079 2747 εἷς
1092 2704 1228 2750 Θήὸας·

187 2762 248 2800 σὺν
270 2764 362 2815 αὐτῷ
384 2763 418 2799 δὲ
439 2762 497 2799 καὶ
515 2762 708 2811 Ἀλκμήνη.
731 2762 998 2814 Ὑποδεχθέντες
1017 2763 1051 2800 δὲ
1073 2762 1229 2813 ἀσμένως

187 2823 254 2859 ὑπὸ
274 2824 341 2858 τῶν
362 2821 613 2873 βασιλευόντων
625 2824 685 2867 τῆς
704 2821 836 2865 πόλεως
855 2819 1022 2873 Κρέοντος
1039 2820 1097 2858 καὶ
1113 2820 1228 2859 Ἡνιό-

187 2895 273 2932 χης,
306 2882 409 2928 τιμῆς
441 2879 629 2930 ἐτύγχανον
660 2879 837 2930 μεγίστης.
870 2881 924 2919 Οὐ
952 2879 1161 2931 βουλομένης
1193 2878 1229 2916 δὲ

188 2941 250 2985 τῆς
271 2937 466 2987 Ἀλκμήνης
483 2941 703 2987 γαμηθῆναι,
732 2939 761 2975 εἷ
782 2938 829 2988 μὴ
858 2940 889 2976 οἱ
915 2941 1025 2989 φονεῖς
1044 2940 1111 2975 τῶν
1129 2939 1229 2975 ἀδελ·

216 2999 263 3034 ῶν
278 2997 383 3042 αὐτῆς
397 2997 602 3046 ἀναιρεθῶσι
614 2996 810 3043 Τηλεὸόαι,
828 2996 1092 3047 κατηγωνίσατο
1108 2995 1230 3038 αὐτοὺς

198 3053 431 3106 Αμφιτρύων,
451 3053 680 3105 προσλαὸόμε
682 3070 735 3098 νος
756 3056 965 3107 συμμάχους
983 3053 1154 3097 Βοιωτους
1170 3069 1230 3092 και

190 3111 403 3164 Λοκρους,”
385 3127 435 3149 ετι
457 3111 492 3149 δὲ
513 3114 670 3159 Φωκεῖς,
697 3114 852 3151 ἐνιαυτὸν
874 3129 981 3165 προσε
967 3112 1142 3165 δρεύσας.
1169 3111 1231 3156 Ὡς

193 3169 228 3208 δὲ
244 3168 493 3222 ὓποστρέψας’
476 3169 543 3207 απὸ
557 3173 616 3216 τῆς
633 3171 815 3222 στρατείας
829 3175 891 3221 ἠγε
907 3187 984 3215 τους
1001 3172 1166 3223 γάμουςε
1151 3173 1230 3208 ἑοαυ

191 3231 251 3267 του
277 3243 315 3266 τε
334 3227 394 3266 καὶ
414 3227 629 3279 Ἀλκμήνης,
647 3232 690 3280 τῇ
711 3231 799 3280 αὐτῇ
829 3229 926 3267 νυκτὶ
946 3229 1099 3282 ἐρασθεις
1127 3230 1232 3275 αὐτῆς

192 3289 210 3325 δ
227 3285 312 3330 Ζευς
325 3286 384 3324 καὶ
401 3286 573 3329 εἰκασθείς
585 3285 813 3339 Ἀμφιτρύωνι
834 3288 936 3339 ἐμίγη
948 3288 1007 3325 καὶ
1026 3287 1099 3326 υἱὸν
1111 3287 1232 3334 ἐποίη-

193 3357 269 3385 σεν·
286 3344 414 3395 δμοίως
440 3343 475 3382 δὲ
497 3344 556 3382 καὶ
577 3343 791 3396 Ἀμφιτρύων
817 3348 859 3397 τῇ
891 3347 979 3397 αὐτῇ
1000 3345 1109 3384 νυκτί.
1135 3345 1230 3392 Ἤδη

194 3405 223 3443 δ’
242 3403 372 3451 ἐκείνης
386 3402 443 3442 τὸν
461 3405 712 3453 ἑπταμηνιαῖον
724 3403 846 3454 χρόνον
861 3406 919 3450 τ’ἧς
936 3403 1058 3454 μίξεως
1071 3404 1228 3455 ἐχούσης,

898 221 1143 261 ADDENDA
1173 222 1239 261 ET
1270 223 1607 263 CORRIGENDA

2326 196 2342 228 0,

1288 316 1451 360 γεννᾶται
1472 310 1651 363 Ἣρακλης
1668 311 1730 362 μὲν
1751 314 1789 351 ἐκ
1806 314 1898 359 Διὸς,
1918 315 2072 368 Ἰφικλῆς
2095 314 2130 354 δε
2154 315 2188 361 ἐξ
2205 316 2330 370 Ἀμφι-

1287 367 1450 442 τρύωνος.
1467 372 1628 409 -Φασὶ
1640 371 1707 410 Δία
1721 373 2006 424 συγκοιμώμενον
2018 373 2195 424 Ἀλκμήνῃ
2211 377 2332 413 πεῖσαι

1286 427 1344 465 τὸν
1363 425 1489 467 ’Ἥλιον
1510 427 1559 476 μὴ
1585 430 1766 469 ἀνατεῖλαι
1794 432 1850 469 ἐπὶ
1861 435 1974 501 τρεῖς
2004 433 2150 483 ἡμέρας·
2169 432 2244 471 ὅθεν
2273 433 2330 472 ἐπὶ

1285 486 1377 535 τρεῖς
1393 485 1518 529 νύκτας
1531 487 1776 538 συγκοιμηθεὶς
1796 491 1883 541 αὐτῇ
1904 493 1921 527 ὁ
1946 490 2031 533 Ζευς
2048 490 2105 528 τὸν
2130 491 2330 544 τριέσπερον

1286 543 1498 596 Ἥρακλέα’
1483 545 1657 591 εποίησεν.
1677 549 1765 585 Haec
1782 552 1915 587 Veneti
1929 551 2042 589 codd.
2062 552 2138 588 duo
2157 560 2193 588 et
2210 552 2330 590 schol.

1287 604 1442 651 Didymi
1474 617 1557 652 quae
1583 614 1781 643 vocantur.
1801 607 1920 645 Addit
1944 610 2030 647 cod.
2051 611 2246 648 Vratislav.
2265 622 2329 660 ap.

1289 663 1478 709 Heynium
1505 674 1514 699 ε
1530 660 1574 700 Ἥ
1595 663 1730 715 ἱστορία
1747 663 1845 715 παρὰ
1865 666 2074 718 Φερεκύδει.

1338 722 1380 755 Ρ.
1401 720 1461 766 78,
1475 721 1607 769 fragm.
1631 721 1694 758 31.
1712 743 1766 750 —
1783 725 1913 760 Verbis
1928 727 2132 762 scholiastae
2143 728 2331 775 praemitte

1284 779 1400 814 verba
1416 780 1571 814 Homeri
1587 777 1773 830 τᾶλοχον
1792 781 2011 819 Σθενέλου
2029 783 2328 834 Περσηιάδαο.

1339 837 1428 886 Pag.
1450 837 1494 873 81
1515 837 1633 884 a‚lin.
1654 843 1673 882 4
1695 839 1705 887 <
1723 839 1769 875 fr.
1791 840 1838 875 33
1859 839 1888 888 ).
1909 842 2041 877 —Pro
2061 837 2192 893 Ἴφιτος
2207 845 2332 879 corri-

1284 895 1449 943 gendum
1461 903 1516 931 est
1538 894 1686 946 Εὔρυτος
1703 911 1747 934 ex
1767 899 1968 936 Herodoro
1980 913 2043 948 ap.
2059 902 2177 938 schol.
2194 903 2326 951 Eurip.

1286 955 1486 1002 Hippolyt.
1525 953 1600 997 545
1637 956 1705 1003 (V.
1741 965 1821 992 not.
1863 958 1912 994 ad
1945 959 2135 995 Herodor.
2167 960 2214 996 fr.
2255 961 2302 996 33
2317 989 2328 1005 ,

1285 1018 1376 1047 tom.
1396 1014 1451 1058 ΙΙ,
1464 1025 1501 1060 p.
1522 1013 1568 1058 37
1588 1013 1614 1061 ).
1632 1016 1716 1060 Quo
1736 1016 1854 1060 facto,
1872 1018 1965 1052 nihil
1986 1025 2040 1052 est
2058 1030 2125 1053 cur
2141 1025 2329 1066 postrema

1284 1069 1400 1105 verba
1420 1070 1467 1107 fr.
1490 1070 1537 1106 33
1555 1083 1578 1106 a
1594 1072 1810 1121 Pherecyde
1826 1075 1947 1111 aliena
1963 1083 2231 1124 esseputemus.
2248 1077 2328 1112 lni-

1286 1128 1339 1162 tio
1369 1128 1567 1177 fragmenti
1595 1131 1712 1166 verba
1732 1129 1820 1179 μετὰ
1844 1131 1900 1168 τὸν
1930 1133 2047 1182 ἀγῶνα
2081 1133 2324 1183 significant:

1285 1193 1372 1232 post
1389 1187 1601 1222 institutum
1616 1196 1807 1225 certamen
1821 1191 2074 1239 Olympicum.
2093 1193 2255 1230 —Ibid.
2278 1193 2328 1228 ad
2358 1215 2363 1219 ·

1288 1244 1401 1280 verba
1421 1244 1456 1280 ἐν
1472 1244 1562 1282 Θού
1573 1246 1626 1295 λῃ
1640 1248 1703 1291 τ’ἧς
1722 1245 1901 1298 Ἀρκαδίας
1915 1250 2041 1285 nescio
2064 1261 2112 1285 an
2128 1250 2324 1286 admoveri

1287 1303 1424 1339 debeat
1437 1305 1542 1340 locus
1555 1306 1734 1352 Stephani
1747 1308 1859 1354 Byz.:
1876 1305 2008 1352 Θύλη,
2023 1306 2122 1350 πόλις
2131 1306 2326 1358 Ἀρκαδίας.

1338 1363 1486 1398 Ibidem
1520 1371 1607 1410 post
1633 1363 1764 1412 fragm.
1796 1363 1843 1399 35
1872 1366 1991 1402 inser-'e
2019 1367 2138 1402 schol.
2169 1368 2326 1404 Lucian.

1285 1433 1322 1468 p.
1357 1420 1430 1469 139
1453 1421 1514 1457 ed.
1536 1423 1731 1459 Jacobitz:
1755 1421 2033 1468 Ἀπελιθώθησαν
2054 1422 2090 1461 δὲ
2107 1417 2200 1461 οὗτοι
2217 1426 2328 1475 (Cer-

1287 1480 1436 1526 copes),
1452 1481 1498 1522 ὡς
1519 1479 1722 1530 Φερεκύδης
1744 1480 1843 1530 φησί.
1869 1483 1953 1528 Quo
1970 1483 2056 1518 loco
2084 1490 2162 1519 non'
2187 1490 2242 1520 est
2261 1496 2329 1519 cur

1287 1550 1372 1572 cum
1396 1539 1606 1574 Jacobit'zio
1628 1533 1892 1575 Pherecratem
1913 1541 2100 1576 comicum
2120 1541 2327 1589 Pherecydi

1287 1597 1587 1632 substituendum
1609 1609 1684 1632 csse
1700 1604 1888 1645 putemus.

1342 1656 1428 1702 Pag.
1457 1655 1504 1690 82
1527 1668 1566 1699 α,
1587 1656 1654 1692 lin.
1687 1652 1707 1690 3
1740 1669 1812 1704 pro
1835 1654 2034 1707 Κώμαρχος
2061 1659 2328 1707 corrigendum

1288 1722 1363 1747 esse
1381 1725 1514 1748 censeo
1536 1710 1727 1763 Κλέαρχος.
2363 1741 2366 1743 Α

1344 1771 1432 1819 Pag.
1462 1767 1524 1817 82,
1542 1772 1588 1808 fr.
1613 1771 1660 1807 36
1686 1785 1723 1809 a.
1743 1794 1796 1798 —
1813 1767 1997 1810 Schol.11.
2012 1774 2058 1823 ψ,
2078 1774 2153 1822 296
2171 1787 2181 1810 .·
2207 1772 2328 1812 Ἀκουὲ

1288 1827 1404 1870 σίλαος
1423 1829 1458 1864 ἐν
1482 1827 1589 1880 τρίτῳ
1613 1827 1848 1879 Γενεαλογιῶν
1867 1829 1984 1881 κύριον
2010 1830 2138 1876 ἤκουσε
2165 1830 2204 1868 τὸ
2220 1830 2328 1882 Ἐχέ-

1287 1888 1415 1931 πωλος,
1427 1885 1566 1929 οὕτως·«
1560 1885 1839 1935 «Κλεωνύμουδ
1852 1887 2027 1939 Αγχιᾱης,
2041 1903 2099 1926 του
2117 1889 2152 1926 δὲ
2165 1888 2328 1940 Ἐχέπω-

1288 1944 1391 1986 λος»,
1424 1944 1493 1982 Καὶ
1523 1944 1761 1996 Φερεκύδῆς’
1746 1960 1780 1981 εν
1800 1948 1850 1983 τῶ
1880 1946 2037 1998 ‘cpi-:qva
2059 1948 2130 1985 Κλε
2115 1946 2265 1998 εώνυμος
2292 1948 2329 1986 δὲ

1288 2005 1306 2040 ὁ
1327 2002 1486 2045 Πέλοπος
1514 2018 1597 2055 ῳκει
1618 2004 1832 2050 Κλεωναῒσι,
1857 2004 2141 2051 καταστήσαντος
2169 2005 2312 2059 Ἀτρέως

1288 2062 1397 2099 Του
1380 2060 1415 2098 οὲ
1434 2060 1564 2110 γίνεται
1585 2061 1771 2112 Αγχίσης,ι
1787 2077 1845 2099 του
1867 2062 1903 2100 δὲ
1935 2062 2151 2114 Ἐχέπωλος.
2173 2082 2188 2098 υ
2207 2067 2327 2115 Fnag-

1287 2128 1416 2156 mento
1435 2121 1482 2156 36
1499 2130 1622 2157 sermo
1643 2129 1697 2157 est
1716 2122 1763 2157 de
1780 2123 1940 2158 Hercule
1959 2123 2007 2158 ad
2027 2124 2183 2160 Cleonas
2198 2125 2330 2160 ΜοΙίο·Δ

1287 2179 1396 2214 nidas
1416 2179 1678 2218 interficiente.-
1700 2181 1913 2229 Echepolus
1928 2181 2031 2229 apud
2052 2183 2258 2219 Homerum
2276 2190 2330 2218 est

1289 2239 1555 2286 Sicyoniorum
1581 2238 1770 2287 princeps,
1803 2241 1863 2274 cui
1897 2242 2156 2287 Agamemnon
2188 2242 2329 2277 remisit

1289 2297 1568 2345 expeditionem
1581 2325 1590 2342 ‚
1604 2310 1703 2346 equo
1724 2304 1879 2346 accepto
1894 2306 2062 2333 strenuo.

1342 2354 1386 2392 P.
1408 2355 1470 2400 82,
1490 2356 1537 2391 fr.
1564 2355 1612 2391 38
1640 2370 1679 2393 α.
1706 2378 1756 2384 -
1777 2349 1901 2392 Schol.
1924 2355 2036 2392 Hom.
2063 2357 2108 2392 ll.
2134 2370 2178 2401 κ,
2213 2357 2287 2393 266
2316 2362 2326 2395 :³

1295 2411 1496 2463 Φερεκύδης
1510 2411 1544 2450 δὲ
1554 2412 1704 2451 Βοιωτὸν
1717 2412 1774 2450 τὸν
1787 2412 1976 2464 Ἀμύντορά
1989 2427 2104 2464 φησιν.
2120 2416 2175 2450 De
2189 2417 2328 2463 Amyn-

1290 2479 1376 2507 tore·
1392 2473 1438 2507 ab
1456 2474 1620 2508 Hercule
1640 2473 1840 2508 interfecto
1866 2485 1902 2509 v,
1925 2473 2151 2520 Apollodor.
2168 2475 2217 2518 11,
2233 2486 2272 2519 7,
2293 2487 2327 2520 7.

1342 2531 1386 2568 P.—
1415 2530 1488 2579 85,-
1519 2531 1563 2566 fr.
1588 2530 1651 2579 51,
1679 2532 1746 2567 lin.
1783 2544 1821 2568 2.
1845 2553 1898 2557 -
1923 2526 2192 2580 Μενίππου]
2217 2528 2328 2569 scrib.

1292 2586 1522 2624 Μελανίππου
1537 2617 1547 2636 ,
1566 2590 1621 2624 uti
1643 2590 1682 2624 in
1698 2596 1789 2624 nota
1804 2582 1977 2626 diximus.
1992 2581 2113 2637 quue
2130 2590 2198 2638 ipsi
2217 2591 2327 2626 etiam

1290 2646 1405 2684 codd.
1422 2643 1595 2681 nonnulli
1615 2641 1754 2682 habere
1767 2647 1958 2695 videntur,
1974 2659 2091 2694 quum
2104 2649 2154 2683 ita
2168 2647 2330 2684 ediderit

1289 2703 1478 2739 Bekkerus
1493 2705 1587 2751 ‚qui
1606 2705 1645 2739 in
1664 2705 1783 2740 schol.-
1802 2705 1851 2740 ad
1877 2706 2032 2743 Homer.
2051 2711 2230 2754 corrupta
2250 2719 2329 2742 non

1288 2763 1381 2797 solet
1398 2775 1465 2797 coi
1467 2775 1600 2810 rigere

1344 2821 1444 2857 lbid.
1473 2821 1593 2856 insere
1617 2821 1756 2889 fragm.-
1778 2820 1822 2857 51
1851 2819 1903 2856 b:
1927 2821 2053 2859 Schol.
2082 2823 2192 2867 11.0,
2219 2821 2324 2858 336.

1289 2875 1442 2926 Ομοίως
1451 2880 1500 2915 τῶ
1514 2880 1638 2928 ποιητῇ
1648 2875 1707 2914 καὶ
1720 2876 2010 2923 Ἑλλάνικοςτὴν’
2012 2878 2178 2930 Εριώπην
2192 2895 2279 2928 μητε
2265 2879 2326 2931 Jpoe

1289 2933 1439 2978 Αἴαντός
1461 2950 1558 2987 φησι.
1583 2935 1785 2986 Φερεκύδης
1805 2935 1840 2973 δὲ
1858 2938 1893 2974 ἐν
1908 2937 1964 2974 εω’
1983 2936 2038 2988 (ἐν
2054 2936 2125 2987 εῬ)
2146 2937 2205 2975 καὶ
2227 2939 2327 2976 Mum-

1290 2992 1369 3035 σέας
1389 2993 1423 3030 ἐν
1439 2992 1473 3040 η’
1489 2993 1718 3044 Ἂλκιμάχην.

1343 3054 1432 3101 Pag.
1452 3053 1521 3098 86,
1545 3052 1677 3101 fragm.
1701 3052 1771 3100 52,
1791 3054 1859 3088 lin.
1883 3066 1898 3088 1
1934 3067 2006 3102 pro
2027 3063 2182 3090 matrem
2205 3056 2329 3092 set-'ibe'

1290 3124 1494 3150 novercam.
1527 3133 1580 3138 —
1608 3112 1652 3146 In
1680 3111 1813 3160 fragm.
1844 3111 1892 3148 53
1922 3113 2005 3148 dele
2029 3114 2171 3149 verba:
2205 3107 2326 3162 Frag-

1291 3178 1415 3206 menta
1435 3177 1492 3206 etc
1499 3197 1506 3204 .
1515 3199 1522 3207 .
1531 3198 1538 3205 .
1556 3173 1752 3218 pertinere.

1342 3231 1383 3266 P.
1418 3228 1488 3274 87,
1520 3228 1652 3276 fragm.
1683 3227 1746 3275 60,
1768 3229 1834 3267 lin,
1872 3228 1931 3264 5:
1970 3227 2251 3275 ἀσάνδαλος]
2276 3231 2329 3266 Ut

1289 3289 1413 3336 prisca
1432 3287 1611 3323 dialectus
1622 3287 1849 3331 restituatur,
1868 3301 1887 3323 e
1899 3288 2028 3323 codice
2042 3289 2208 3335 Gotting.
2219 3300 2327 3322 revo-

1291 3347 1411 3383 canda
1436 3353 1489 3381 est
1515 3345 1636 3381 forma
1654 3342 1880 3393 ἀσάμὸαλος,
1901 3354 2073 3382 monente
2093 3346 2271 3381 Boeckhio
2291 3347 2329 3381 in

1292 3406 1401 3453 Expl.
1422 3404 1572 3440 Pindar.
1591 3416 1630 3452 p.
1654 3403 1743 3449 370,
