2372 3704
134 264 210 298 620

926 255 1139 294 JOANNIS
1169 256 1396 313 AN'TIOCH
1406 256 1492 294 ENI

133 344 252 395 μηθεὶς
277 343 338 382 σὺν
355 359 404 396 τῳ
423 343 523 381 παιδί
539 341 710 394 Ῥεκιτὰχ
725 373 735 389 ,
769 341 829 380 καὶ
856 342 1016 394 ἀδελφοῖς
1034 341 1094 379 δύο
1123 340 1183 379 καὶ
1215 357 1222 410 Ι
1249 340 1331 392 χίαν
1352 340 1546 393 ὑπέσχοντο
1558 370 1569 387 ,
1589 339 1726 378 ἐπειδάν
1744 356 1793 383 τις
1814 339 1896 392 πρὸς
1919 339 2040 384 αὐτοὺς
2063 339 2149 387 ἥξει.
2170 339 2294 388 Ζήνων

1163 398 1171 412 Ι

137 406 295 454 γαμετῇ,
328 404 472 441 Σκυθῶν
493 418 530 439 τε
550 401 640 453 ἀμφὶ
660 401 722 444 τὰς
741 400 771 438 λ’
801 399 961 452 χιλιάδας
974 429 983 446 ,
1004 398 1186 450 γενόμενος

135 477 172 499 τε
186 461 277 499 κατὰ
294 461 350 499 τὸν
370 459 565 511 Διομήδους
579 459 795 508 καλούμενον
810 457 960 496 στάὸλον
978 459 1185 509 ἀναιρεῖται,

132 519 166 563 ἐξ
185 522 324 557 ἑωθινοῦ
344 518 476 562 ἀναὸὰς
492 518 548 556 τὸν
568 516 690 567 ἵππον,
710 517 770 555 καὶ
791 516 1023 563 καταὸληθεὶς
1045 518 1103 553 ὑπ’
1117 517 1184 554 αὐ-

132 582 191 615 τοῦ
206 578 262 615 ἐπὶ
275 577 418 630 δόρατος
436 579 535 629 ὀρθοῦ
547 576 644 629 παρὰ
661 576 715 614 τὸν
729 579 790 623 τῆς
805 578 934 621 σκηνῆς
951 580 1067 626 τοῖχον
1084 576 1185 612 ἱστα-

137 635 257 685 μένου.
276 638 322 675 Οἱ
346 636 380 673 δὲ
402 636 462 674 καὶ
482 634 544 682 τὴν
565 634 704 685 πληγὴν
728 636 820 686 αὐτῷ
841 635 1069 685 ἐπενεχθῆναι
1087 634 1188 683 ἴσχυ-

136 694 276 747 ρίσαντο
290 694 357 732 ὑπὸ
376 698 437 732 τοῦ
457 694 579 737 παιδὸς
595 693 766 744 Ῥεκιτὰχ
777 722 787 739 ,
810 692 1086 743 μαστιγωθέντος
1104 690 1188 744 πρὸς

136 754 255 791 αὐτοῦ.
277 755 446 806 Παροῧσα
465 753 499 790 δὲ
518 757 540 800 ἡ
561 751 696 803 γαμετὴ
725 752 894 803 Σίγιλδα,
913 751 1051 802 νύκτωρ
1077 765 1189 787 κατα-

135 813 260 851 θάπτει
278 817 410 851 τοῦτον.
446 813 514 852 Καὶ
540 812 602 858 τὴν
625 811 686 860 μὲν
706 816 764 849 τοῦ
792 811 942 858 πλήθους
968 810 1189 862 ἐπικράτειαν

136 872 336 924 διαδέχεται
354 872 524 923 Ῥεκιτὰχ
537 871 754 923 Θευδερίχου
770 876 866 913 παῖς·
891 869 1189 921 παρεδυνάστευον

138 930 174 968 δέ·
205 932 300 984 αὐτῷ
326 933 357 969 οἱ
381 933 419 969 ἐκ
447 934 506 968 τοῦ
535 930 666 981 πατρὸς
697 933 803 977 θεῖοι,
826 928 882 971 οὒς
909 927 1038 965 ἀνελὼν
1069 927 1190 980 μικρὸν

136 988 296 1041 ὕστερον,
335 989 437 1039 μόνος
456 992 517 1035 τῆς
546 990 699 1039 Θρᾳκῶν
736 985 1197 1037 ἐδυνάστευεν,ἀτοπώτερα

137 1051 198 1084 τοῦ
220 1047 350 1100 πατρὸς
363 1046 657 1100 ἀπεργαζόμενος.

619 1120 711 1143 212.

193 1177 290 1213 lbid.
322 1190 360 1225 p.
377 1175 424 1212 83
444 1189 453 1211 :
470 1171 556 1214 ’Ότι
576 1173 632 1212 ἐπὶ
652 1172 812 1220 Ζήνωνος
831 1171 1018 1215 Θεοσέὸιός
1030 1188 1078 1215 τις
1092 1173 1191 1223 Προ-

141 1233 253 1286 κοπίῳ
273 1236 321 1286 τῷ
338 1235 548 1285 Μαρκιανοῦ
569 1232 739 1285 ἐμφερὴς,
758 1232 925 1275 πλείστας
939 1230 1192 1283 περινοστήσας

141 1294 211 1329 τῶν
231 1295 291 1338 τῆς
312 1293 482 1338 ἀνατολῆς
499 1290 649 1343 πόλεων,
668 1290 817 1333 πολλοὺς
834 1294 878 1343 τῆ
895 1290 974 1342 περὶ
986 1292 1090 1327 αὐτοῦ
1103 1291 1192 1326 ἀπα-

138 1354 242 1397 τῆσαι
266 1350 490 1403 (ἠπάτησεΡ)
511 1349 603 1401 δόξῃ.

622 1410 712 1446 213.

194 1480 296 1517 lbid.
318 1493 357 1528 p.
381 1479 428 1515 83
455 1493 462 1515 ;
487 1478 574 1517 Ὅτι
595 1477 732 1530 [πρὸς]
765 1474 977 1528 Θευδέριχον
991 1474 1050 1513 τὸν
1075 1474 1190 1526 ἕτερον

144 1531 241 1580 αὖθις
257 1537 531 1588 νεωτερίσαντα,
550 1536 610 1574 καὶ
633 1535 695 1582 τὴν
719 1534 909 1585 Ἱ)ωμαίων
930 1535 1042 1587 ἀρχὴν
1069 1533 1129 1571 καὶ
1148 1532 1192 1571 τὰ

145 1595 316 1647 πρόσοικα
331 1599 390 1642 τῆς
409 1595 577 1639 Ἑλλάδος
592 1594 808 1645 ληιζόμενον,
827 1593 998 1639 Ἰωάννην
1012 1593 1070 1630 τὸν
1093 1591 1193 1631 Σκύ-

142 1657 203 1700 θην
223 1654 357 1704 πέμπει
388 1653 448 1692 καὶ
468 1652 670 1706 Μοσχιανὸν
698 1650 935 1704 στρατηγοὺς,
959 1650 1193 1704 δολοφονήσας

143 1714 309 1766 πρότερον
328 1712 538 1752 Σαὸινιανὸν
562 1712 619 1750 τὸν
640 1714 674 1749 ἐν
696 1711 879 1764 Ἰλλυριοῖς
896 1710 1063 1763 ἄρχοντα.

626 1801 716 1839 214.

197 1866 297 1904 lbid.
326 1879 366 1915 p.
385 1865 433 1902 83
460 1877 468 1904 2
486 1863 572 1903 “Ori
592 1862 714 1909 Ζήνων
734 1866 795 1910 τῆς
810 1861 895 1914 πρὸς
915 1861 1048 1900 Ἰλλοῧν
1069 1861 1194 1914 ἔχθρας

143 1922 379 1974 κατάρχεται,
394 1924 517 1974 πρῶτα
533 1921 596 1972 μὲν
618 1925 784 1973 Λογγῖνον
803 1919 925 1958 λαὸεῒν
938 1918 1192 1970 ἐξαιτούμενος,

147 1981 265 2018 ἔπειτα
287 1980 453 2027 Ἰωάννην
470 1979 528 2018 τὸν
551 1979 688 2027 Σκύθην
709 1979 870 2030 διάδοχον
895 1979 990 2030 αὐτῷ
1009 1981 1070 2025 τῆς
1085 1980 1195 2030 ἀρχῆς

147 2038 367 2082 ἀποστείλας,
398 2039 604 2092 Δημηγορεῗ
629 2038 664 2077 δὲ
696 2037 755 2076 καὶ
778 2038 864 2089 πρὸς
891 2037 949 2075 τὸν
985 2031 1113 2088 δῆμον.
1129 2036 1195 2075 ὅσα

146 2098 270 2150 ἐχθρὸς
287 2096 379 2135 κατὰ
398 2101 459 2135 τοῦ
481 2096 614 2144 Ἰλλοῧ,
634 2097 695 2135 καὶ
719 2095 851 2134 κελεύει
871 2094 949 2139 τοὺς
968 2095 1197 2139 οἰκειοτάτους

146 2159 251 2195 αὐτοῦ
279 2160 339 2204 τῆς
365 2156 497 2200 πόλεως
526 2155 803 2203 ἀπελαύνεσθαι,
825 2154 885 2193 καὶ
908 2155 970 2199 τὰς
996 2154 1198 2209 περιουσίας

146 2216 277 2254 τούτων
295 2216 458 2267 δωρεῖται
473 2221 549 2259 ταῖς
566 2214 736 2268 Ἰσαύρων
759 2214 912 2253 πόλεσιν.

202 2287 233 2313 2.
266 2273 312 2313 ‘O
345 2274 380 2311 δὲ
419 2273 552 2317 Ἰλλοῧς
584 2275 617 2318 ἐς
647 2273 798 2326 φανερὰν
825 2273 1045 2312 ἀποστασίαν
1074 2274 1193 2322 ἐλθὼν,

147 2332 222 2370 τότε
243 2332 448 2384 Μαρκιανὸν
476 2332 709 2379 ἀναζώννυσι,
737 2332 798 2371 καὶ
818 2331 902 2384 πρὸς
923 2333 982 2370 τὸν
1002 2332 1196 2383 Ὀδόακρον

149 2389 303 2441 ἔστελλε,
322 2391 378 2428 τὸν
398 2394 459 2437 τῆς
491 2391 653 2442 ἑσπερίας
674 2391 817 2442 Ῥώμης
836 2391 1000 2446 τύραννον
1013 2423 1024 2442 ,
1038 2390 1098 2429 καὶ
1115 2391 1198 2442 πρὸς

150 2449 227 2492 τοὺς
243 2452 310 2487 τῶν
326 2452 470 2502 Περσῶν
487 2449 547 2487 καὶ
566 2450 754 2500 Ἀρμενίων
768 2450 954 2502 ἄρχοντας·
976 2449 1198 2502 παρεσκεύα-·

149 2510 203 2551 ζεν
229 2507 265 2545 δὲ
285 2508 345 2545 καὶ
371 2509 491 2547 πλοῖα.
512 2507 585 2547 Καὶ
606 2510 623 2545 ὃ
652 2507 715 2557 μὲν
732 2507 926 2560 Ὀδόακρος
954 2507 992 2545 τὸ
1017 2508 1065 2558 μὴ
1087 2508 1197 2546 δύνα-

150 2569 230 2604 σθαι
251 2567 450 2617 συμμαχεῖν
474 2565 706 2617 ἀπεκρίνατο,
728 2567 759 2604 οἱ
781 2567 817 2604 δὲ
843 2566 942 2604 ἄλλοι
964 2567 1026 2612 τὴν
1055 2583 1199 2616 συμμα-

1251 399 1286 439 δὲ
1312 400 1458 439 Κόνωνα
1487 400 1544 438 τὸν
1566 401 1812 445 Φουσκιανοῦ,
1849 401 1883 437 ἐν
1905 401 2037 452 ἱερεῦσι
2057 399 2296 451 καταλεγόμε-

1250 474 1320 507 νον,
1341 459 1529 496 ἀναλαὸεῖν
1545 453 1639 501 αὖθις
1659 457 1703 495 τὰ
1720 457 1811 495 ὅπλα
1831 458 2091 510 παρασκευάζει
2115 459 2193 496 κατ’
2222 458 2296 496 Ἰλ·

1249 517 1333 563 λοῦ,
1367 517 1501 567 Λίγγην
1521 517 1556 554 δὲ
1589 516 1647 554 τὸν
1678 515 1774 554 νόθον
1798 518 1903 554 αὐτοῦ
1924 517 2071 569 ἀδελφὸν
2100 516 2297 569 στρατηγὸν

1252 575 1503 614 ἀναδείκνυσιν.
1526 575 1619 627 Πρὸς
1633 574 1722 626 ἅπερ
1743 575 1875 618 Ἰλλοῧς
1891 577 1924 612 ἐν
1935 577 2066 627 Ταρσῷ
2084 576 2224 626 ἀγαγὼν
2234 574 2297 622 τὴν

1253 633 1419 686 Βηρίναν,
1439 635 1545 685 στολῇ
1566 634 1767 685 χρήσασθαι
1781 634 1945 685 βασιλικῇ
1960 633 2218 687 παρεσκεύασε,
2236 633 2298 672 καὶ

1252 687 1306 731 οἶα
1324 691 1446 741 κυρίαν
1463 686 1570 729 οὖσαν
1590 694 1650 737 τῆς
1666 691 1863 743 βασιλείας,
1883 691 2044 730 Λεόντιον
2067 693 2298 744 ἀναγορεῦσαι

1256 752 1423 803 βασιλέα,
1458 756 1590 788 στᾶσαν
1621 751 1656 787 ἐν
1675 749 1820 800 βήματι.
1839 743 1967 788 σἮν·δὲ
1997 744 2094 793 οὗτος
2116 749 2244 801 γόνεών
2261 765 2299 790 τε

1255 811 1410 861 ἀφανῶν,
1427 808 1488 846 καὶ
1511 807 1644 851 πόλεως
1657 808 1890 848 Δαλισάνδου.
1908 807 1974 852 (Ως
1991 802 2048 846 οὖν
2069 809 2125 846 ἐπὶ
2139 809 2202 855 τὴν
2219 812 2300 859 ἦγε·

1255 867 1377 917 μονίαν
1393 868 1578 919 προῆλθεν,
1593 867 1717 904 αὐτίκα
1732 866 1793 910 τὰς
1814 867 1924 918 ἀρχὰς
1937 865 2136 919 διῳκήσατο
2146 898 2155 915 ,
2170 869 2248 905 καθ’
2263 867 2300 906 ὃν

1255 925 1442 976 ἐδοκίμασε
1458 925 1584 977 τρόπον
1596 941 1603 948 ·
1624 926 1683 963 καὶ
1703 925 1896 977 χρημάτων
1914 924 2081 975 διανομὰς
2103 926 2300 977 ποιησάμε-

1255 999 1310 1027 νος
1324 1013 1334 1033 ,
1360 983 1416 1022 ἐπὶ
1432 983 1496 1030 τὴν
1517 983 1730 1035 Ἀντιόχειαν
1748 983 1904 1036 ἀφίκετο.

1309 1055 1338 1080 3.
1371 1041 1416 1081 Ὁ
1434 1041 1470 1080 δὲ
1484 1041 1606 1088 Ζήνων
1625 1042 1683 1080 τὸν
1703 1041 1894 1095 Ῥεκιτὰχ,
1909 1041 2028 1089 ἐπειδὴ
2039 1042 2167 1095 ᾔσθετο
2189 1042 2303 1096 φθόνῳ

1255 1100 1341 1153 πρὸς
1355 1100 1570 1153 Θευδέριχον
1589 1102 1836 1154 ἀφιστάμενον,
1857 1103 2079 1154 ἀναιρεθῆναι
2095 1101 2304 1154 διεπράξατο

1255 1159 1342 1212 πρὸς
1360 1163 1420 1198 τοῦ
1439 1159 1659 1212 Οὐαλίμερος
1677 1159 1800 1203 παιδὸς
1812 1190 1822 1208 ,
1846 1161 1986 1211 ἀνεψιοῦ
2002 1160 2097 1203 ὄντος
2115 1163 2177 1198 τοῦ
2189 1159 2303 1200 ‘Pent-

1255 1219 1326 1271 τὰχ
1338 1249 1349 1268 ,
1371 1219 1510 1272 ἔχοντος
1525 1219 1586 1258 καὶ
1614 1218 1768 1257 παλαιὰν
1786 1218 1891 1270 ὀργὴν
1905 1218 1989 1271 πρὸς
2017 1218 2120 1256 αὐτὸν
2134 1213 2190 1256 οἶα
2213 1219 2272 1257 τὸν
2286 1219 2303 1236 *

1258 1280 1362 1316 αὐτοῦ
1391 1278 1660 1317 ἀποκτείναντα.
1718 1277 1901 1330 Ἔπραττε
1920 1277 1957 1315 δὲ
1980 1276 2043 1324 τὴν
2057 1276 2232 1329 ἀναίρεσιν
2263 1279 2299 1316 ἐν

1257 1336 1456 1389 προαστείῳ
1498 1338 1772 1389 Βονοφατιαναῒς
1814 1334 2166 1389 προσαγορευομένῳ,
2201 1336 2306 1383 ἡνίκα

1257 1395 1341 1447 πρὸς
1354 1394 1416 1442 τὴν
1445 1395 1599 1434 ἑστίασιν
1627 1396 1666 1433 ἐκ
1689 1394 1872 1447 βαλανείου
1891 1394 1949 1446 ᾔει
1976 1397 1994 1432 ὁ
2017 1393 2205 1447 Ῥεκιτὰχ,
2235 1396 2305 1433 διε-

1257 1454 1367 1497 λάσας
1383 1456 1488 1492 αὐτοῦ
1503 1454 1565 1501 τὴν
1582 1454 1750 1506 πλευράν.

1310 1525 1342 1549 4.
1374 1511 1459 1550 Ἐπὶ
1485 1511 1520 1550 δὲ
1538 1512 1597 1550 τὸν
1627 1512 1739 1551 Ἰλλοῧ
1762 1511 1916 1561 πόλεμον
1941 1511 2076 1558 στέλλει
2095 1510 2306 1565 Θευδέριχον

1259 1567 1407 1606 ὕπατον·
1426 1569 1486 1607 καὶ
1507 1569 1687 1620 γενόμενον
1707 1569 1798 1608 κατὰ
1821 1570 1882 1617 τὴν
1902 1570 2143 1619 Νικομήδειαν
2175 1570 2305 1609 ἐπανάο

1259 1642 1331 1678 γει,
1349 1626 1480 1664 ἔννοιαν
1498 1627 1618 1666 λαὸὼν
1640 1628 1819 1672 ἀπιστίας·
1840 1628 1974 1679 πέμπει
1995 1628 2030 1667 δὲ
2045 1629 2119 1667 ἀντ’
2137 1631 2244 1668 αὐτοῦ
2257 1646 2304 1667 τι-

1257 1685 1317 1729 νὰς
1353 1688 1422 1723 τῶν
1459 1687 1683 1738 καλουμένων
1720 1687 1853 1738 Ῥόγων
1884 1686 1945 1725 σὺν
1979 1687 2223 1741 Ἀρμεναρίχῳ
2257 1691 2308 1741 τῷ

1258 1741 1436 1797 Ἀσπαρος
1466 1746 1578 1786 παιδί.
1604 1746 1677 1785 Καὶ
1703 1747 1823 1785 στόλον
1854 1745 1889 1784 δὲ
1914 1746 1972 1784 διὰ
1992 1747 2170 1794 θαλάσσης
2194 1746 2308 1800 ἠφίει,

1258 1804 1455 1857 ναυάρχους
1476 1804 1666 1852 ἐπιστήσας
1683 1805 1848 1852 Ἰωάννην
1879 1805 1938 1843 τὸν
1970 1806 2061 1844 κατὰ
2085 1806 2309 1854 Βασιλίσκον,

1258 1863 1318 1900 καὶ
1350 1865 1491 1902 Παῦλον
1518 1864 1576 1902 τὸν
1603 1866 1642 1903 ἐκ
1672 1864 1802 1902 δούλων
1832 1864 2014 1916 γενόμενον
2042 1865 2147 1903 αὐτοῦ
2177 1867 2308 1903 σακελ-

1258 1921 1390 1975 λάριον.

1313 1995 1342 2020 5.
1374 1980 1437 2020 Ἐν
1455 1979 1492 2019 δὲ
1507 1981 1620 2034 τούτῳ
1645 1981 1898 2034 παραγίνονται
1918 1983 1956 2020 ἐκ
1979 1983 2047 2019 τῶν
2081 1981 2198 2021 'Iucu
2217 1983 2309 2020 ἀπο·
2357 2011 2362 2017 .

1260 2038 1444 2083 σταλέντες
1484 2039 1736 2093 Ἀρτεμίδωρος
1774 2042 1792 2078 ὁ
1822 2039 2040 2092 Τροκούνδου
2070 2040 2309 2087 ὑπασπιστὴς,

1261 2097 1321 2135 καὶ
1343 2097 1527 2148 Ποίπιμος,
1542 2097 1576 2142 ὃς
1590 2093 1630 2145 ῆν
1647 2098 1822 2150 ἵππαρχος
1841 2100 1890 2150 τῷ
1911 2098 2037 2138 Ἰλλοῧ.
2060 2097 2123 2142 Ἐξ
2139 2097 2310 2151 ἑκατέρων

1257 2156 1374 2194 τοίνυν
1393 2156 1566 2208 βασιλέων
1586 2161 1812 2209 παρασκευῆς
1831 2157 2035 2207 γενομένης,
2053 2158 2308 2207 ἐμειονεκτεῖτο

1262 2214 1304 2251 τὸ
1322 2215 1437 2254 Ἰλλοῧ
1456 2216 1656 2268 στράτευμα
1667 2245 1677 2263 ,
1693 2218 1739 2260 ὥς
1750 2215 1939 2263 εὐλαὸηθὲν
1957 2216 2090 2268 σφόδρα
2103 2216 2159 2254 ἐπὶ
2169 2216 2208 2254 τὸ
2224 2216 2311 2269 Χέρ-

1263 2289 1350 2326 ρεως
1362 2275 1446 2312 ἰδεῖν
1465 2274 1638 2328 φρούριον·
1653 2275 1713 2312 καὶ
1727 2277 1850 2327 πρῶτα
1865 2273 1927 2325 μὲν
1939 2274 1982 2312 τά
1993 2290 2030 2312 τε
2047 2274 2131 2327 πρὸς
2139 2276 2310 2327 ἀποστρο·

1262 2333 1328 2386 φὴν
1348 2335 1519 2386 ἀρκοῦντα
1544 2334 1698 2387 ἔπεμψεν
1714 2336 1828 2386 αὐτῷ,
1848 2334 1908 2373 καὶ
1926 2332 1988 2380 τὴν
2011 2332 2168 2385 γαμετὴν
2192 2333 2309 2373 Ἄστε-

1264 2392 1341 2444 ρίαν
1354 2407 1362 2417 ·
1385 2393 1446 2431 καὶ
1464 2394 1580 2436 ἄλλοις
1602 2393 1663 2431 καὶ
1682 2393 1819 2447 Βηρίνῃ
1843 2396 1885 2445 τῇ
1907 2392 2094 2445 βασιλίσσῃ
2113 2393 2311 2441 ἐπέστελλε,

1263 2451 1323 2489 καὶ
1343 2451 1515 2504 Λεοντίῳ,
1537 2452 1713 2490 ἐκλιπόντι
1742 2451 1803 2498 τὴν
1824 2451 2029 2504 Ἀντιοχέων
2063 2455 2187 2490 θᾶττον
2213 2451 2311 2499 ἥκειν

1264 2510 1349 2563 πρὸς
1377 2511 1493 2552 αὐτόν.
1530 2510 1597 2555 (Ως
1632 2510 1668 2549 δὲ
1701 2515 1813 2550 ταῦτα
1840 2514 1871 2550 οἱ
1909 2515 2180 2564 στρατηγοῦντες
2199 2513 2311 2549 αὐτῶν

1264 2567 1405 2618 ἔμαθον,
1423 2569 1567 2614 ἕκαστος
1579 2573 1649 2614 τοῖς
1665 2570 2077 2622 πλησιάζουσιφρουρίοις
2087 2569 2311 2623 κατέφευγεν·

192 2679 244 2708 Fr.
270 2681 342 2708 213.
366 2677 554 2709 Sabinianus
569 2685 633 2708 sec.
654 2677 774 2708 Chron.
793 2676 969 2709 Marcellin.
988 2679 1138 2708 mortuus
1154 2681 1201 2709 est
1218 2688 1270 2710 an.
1290 2682 1360 2711 481.
1383 2682 1422 2712 V.
1441 2681 1623 2713 Tillemont.
1642 2690 1674 2721 p.
1699 2684 1770 2713 501.

191 2725 243 2754 Fr.
267 2726 337 2755 214.
358 2722 376 2763 ξ
398 2727 424 2754 1.
443 2723 494 2754 Cf.
512 2723 721 2764 'theophanes
738 2732 768 2763 p.
785 2727 842 2756 201
864 2722 913 2755 ed.
932 2725 968 2755 B.
984 2742 1026 2749 —
1041 2722 1060 2764 ᾗ
1077 2728 1107 2755 2.
1127 2724 1287 2756 Κόνωνα
1302 2727 1367 2758 τὸν
1384 2727 1662 2769 ψουσκιανοῢ]
1680 2729 1740 2760 Hic
1756 2727 1808 2760 ille
1824 2729 1872 2760 est
1887 2729 2019 2767 Conon,
2036 2727 2093 2768 qui
2112 2729 2220 2768 postea
2235 2736 2309 2759 cum

154 2771 269 2801 isauris
283 2772 396 2802 contra
416 2770 618 2802 Anastasium
637 2771 813 2802 rebellavit.
831 2771 985 2811 Euagrius
1003 2772 1066 2810 111,
1082 2775 1136 2810 35,
1156 2780 1186 2810 p.
1207 2776 1265 2803 366
1279 2797 1287 2812 ,
1304 2775 1326 2805 B
1343 2784 1350 2805 ε
1369 2775 1503 2806 Κόνων..
1517 2776 1708 2814 ,ἐπίσκοπος
1725 2779 1785 2807 τῶν
1803 2776 1833 2807 ἐν
1847 2776 1997 2818 Ἀπαμείᾳ
2015 2779 2077 2807 τῶν
2097 2776 2201 2816 Σύρων
2217 2775 2308 2817 ἐπαρ-

152 2816 222 2856 χίας
243 2818 377 2857 γεγονὼς
390 2841 397 2855 ,
414 2820 477 2853 τοῖς
493 2816 644 2859 Ὶσαύροις
658 2820 700 2854 ὡς
714 2818 856 2859 Ἴσαυρος
870 2817 1124 2859 συνεστράτευσε.
1149 2818 1359 2859 Theophanes
1376 2830 1406 2861 p.
1433 2826 1491 2853 213
1503 2846 1511 2858 ‚
1538 2826 1574 2859 5,
1600 2822 1640 2853 de
1656 2822 1768 2854 eodem
1788 2822 1872 2854 bello
1888 2823 2024 2862 loquens
2043 2835 2050 2854 ε
2068 2822 2236 2861 Νινίλιγγις
2250 2823 2310 2863 γὰρ

151 2864 188 2902 ὴν
204 2865 221 2894 ὁ
236 2868 297 2895 τῶν
310 2865 464 2905 Ἱσαυρίας
478 2866 601 2905 ἡγεμὼν
616 2866 664 2896 ἐπὶ
679 2865 819 2902 Ζήνωνος
839 2865 996 2901 καταστὰς
1010 2865 1086 2904 ἀνὴρ
1103 2866 1291 2905 θρασύτατος
1304 2891 1312 2905 ,
1327 2869 1378 2899 καὶ
1400 2868 1602 2909 Ἀθηνόδωρος
1617 2869 1830 2905 ἁπλούστατος
1846 2869 2004 2909 ἄνθρωπος
2018 2892 2026 2907 ,
2040 2869 2083 2903 et:
2096 2871 2157 2899 τῶν
2170 2869 2309 2905 συσκλη-

152 2914 243 2942 τικῶν
256 2936 264 2950 ,
281 2914 331 2943 καὶ
346 2913 453 2943 Κόνων
465 2914 481 2943 ὁ
491 2916 544 2949 τῆς
558 2912 724 2952 Ἀπαμείας
738 2912 907 2948 ἐπίσκοπος
916 2935 924 2950 ,
938 2913 1118 2943 καταλιπὼν
1133 2913 1188 2953 μὲν
1198 2914 1250 2944 τὸν
1264 2914 1383 2954 θρόνον,
1398 2917 1439 2951 εἰς
1453 2916 1580 2952 ὁπλίτην
1594 2916 1626 2947 δὲ
1639 2917 1691 2947 καὶ
1706 2917 1878 2957 στρατηγὸν
1889 2917 1918 2952 ἐξ
1932 2917 2034 2956 ἱερέως
2051 2915 2306 2956 μεταταξάμενος.

153 2959 317 2990 oriundus
335 2959 386 2990 ille
403 2962 511 2991 Conon
530 2959 588 2990 suit
604 2970 621 2990 e
644 2959 813 2999 l'simadis,
835 2959 966 2991 Isauriae
979 2959 1112 2999 oppido,
1130 2959 1176 2990 uti
1193 2968 1230 2991 ex
1249 2961 1412 2999 Capitonis
1430 2961 1642 3000 lsau··icis(tr.
1662 2967 1694 3001 5,
1718 2971 1749 3002 p.
1771 2962 1848 3002 135)
1872 2963 1999 3001 colligo.
2013 2981 2054 2988 -
2067 2962 2149 2993 κατ’
2170 2961 2310 3003 Ἰλλοῦ]

153 3008 308 3043 Cramer.;
330 3007 383 3036 καὶ
401 3006 501 3037 'mota
516 3006 629 3037 codex.
645 3025 684 3029 —
699 3009 723 3038 Λ
736 3007 870 3047 ίγγην]
888 3008 938 3038 Cf.
958 3006 1070 3038 Suidas
1089 3019 1096 3038 :
1117 3007 1249 3039 Βίαιοι
1269 3006 1354 3038 οὗτοι
1371 3007 1523 3046 ἐγίνοντο·
1537 3008 1694 3048 Φάλαρις,
1712 3009 1862 3049 Ἔχετος,
1877 3008 2056 3047 Διονύσιος,
2070 3009 2122 3039 καὶ
2146 3008 2162 3039 ὁ
2179 3009 2307 3040 Κασαν-

155 3053 250 3094 δρέων
266 3054 410 3093 τύραννος
422 3077 429 3091 ,
445 3054 628 3094 ὑπερὸαλὼν
643 3055 839 3096 παρανομίᾳ·
857 3056 909 3086 καὶ
927 3054 1085 3095 Λὶγγις,
1102 3055 1228 3094 ἀδελφὸς
1250 3054 1351 3085 ’Ὶλλου
1374 3055 1478 3092 νόθος,
1494 3055 1547 3085 καὶ
1571 3054 1659 3090 οὗτος
1677 3055 1789 3095 βίαιος.
1817 3056 1854 3086 Ni
1873 3055 1976 3093 fallor,
2001 3054 2086 3086 idem
2103 3056 2151 3086 esi.
2173 3063 2248 3086 cum
2271 3064 2310 3086 00

153 3109 248 3139 quein
266 3100 474 3139 Theophanes
489 3100 509 3130 l.
529 3101 550 3132 l.
571 3102 709 3140 appellat
725 3102 911 3142 Νινίλιγγιν,
931 3102 1083 3141 Euagrius
1096 3110 1172 3133 vero
1187 3102 1208 3133 l.
1225 3101 1246 3132 l.
1265 3101 1365 3138 ’Ὶνδην
1378 3124 1387 3140 ,
1407 3100 1585 3132 Jornandes
1598 3103 1670 3142 Reg.
1691 3109 1720 3133 c.
1745 3104 1797 3142 49,
1817 3110 1847 3141 p.
1867 3105 1941 3142 655,
1966 3102 2145 3142 Lilinqem.
2159 3119 2199 3124 —
2215 3103 2309 3143 πρὸς

153 3147 249 3188 ἅπερ
265 3146 408 3182 Ἰλλοῠς
422 3146 522 3187 κτλ]
537 3148 585 3178 Cf.
603 3148 792 3179 Theodorus
808 3152 927 3188 Anagn.
945 3157 975 3188 p.
1005 3153 1062 3180 558
1076 3173 1084 3186 ,
1108 3152 1152 3188 Α;
1169 3148 1351 3188 Theophan.
1369 3157 1400 3189 p.
1423 3152 1479 3181 198
1492 3173 1501 3188 ‚
1526 3154 1582 3187 15;
1600 3149 1783 3181 Tillemont.
1803 3150 1864 3186 vl,
1883 3157 1915 3189 p.
1938 3153 2009 3181 512.
2030 3148 2102 3189 —§
2118 3152 2149 3180 3.
2169 3150 2307 3181 Θεοδέ-

153 3193 285 3235 ριχον]
307 3194 500 3234 Θεοδώριχον
524 3194 595 3225 cod.
616 3197 647 3226 et
664 3204 740 3225 niox
761 3195 1051 3235 iterum.<lntellige
1073 3196 1135 3227 Th.
1154 3195 1305 3227 Valamiri
1330 3195 1441 3227 lilium.
1466 3212 1507 3219 -
1523 3195 1587 3227 οία
1602 3196 1668 3227 τὸν
1685 3196 1702 3211 *
1726 3196 1846 3226 αὐτοῦ
1868 3195 2183 3236 ἀποκτείναντα]
2200 3197 2306 3228 οἱα-τὸν

154 3243 250 3273 αὐτοῦ
263 3241 498 3278 ἀποκτείναντος
513 3241 626 3274 codex.
643 3244 678 3274 ln
692 3244 814 3274 anteco.
835 3243 945 3274 malim
963 3245 1015 3275 καὶ
1033 3243 1157 3284 ἔχοντος
1170 3243 1245 3274 παλ.
1261 3263 1298 3268 -
1311 3241 1330 3283 §
1345 3245 1376 3274 4.
1395 3242 1426 3274 'A
1436 3241 1598 3283 σπαρος]
1619 3242 1761 3283 Ἀσπιρος
1772 3241 1844 3274 cod,
1859 3259 1901 3265 ——
1917 3243 2057 3274 σακελλ
2069 3241 2200 3283 άριον]
2216 3253 2307 3274 σακε·

153 3289 257 3329 λάριον
269 3289 339 3320 cod.
355 3289 426 3330 -ξ
444 3294 472 3321 5.
493 3290 589 3320 ἰδεῖν
606 3289 809 3331 φρούριον]
827 3291 921 3322 ἐλθεῖν
938 3291 988 3322 vel
1003 3293 1105 3332 φυγεῖν
1118 3302 1165 3331 φρ.
1179 3291 1192 3321 Ρ
1207 3309 1248 3316 --
1261 3288 1490 3329 ἐπέστελλε]
1509 3289 1556 3320 Ad
1571 3288 1700 3320 nuntios
1716 3289 1787 3320 illos
1803 3289 1936 3320 Leontio
1950 3291 1983 3320 et
2003 3289 2130 3321 Verinae
2146 3289 2306 3329 perferen·

154 3336 212 3367 dos
240 3335 325 3367 haud
341 3335 437 3367 ‹luhie
450 3345 528 3367 usus
543 3336 589 3366 est
606 3334 724 3365 Indae«)
741 3336 795 3368 illo
807 3338 1025 3376 pernicissimo
1037 3361 1045 3376 ‚
1058 3339 1112 3377 qui
1124 3346 1175 3377 ap.
1194 3337 1325 3369 suidam
1342 3338 1437 3368 unius
1454 3336 1517 3368 diei
1536 3336 1649 3368 itinere
1659 3345 1699 3367 ex
1715 3336 1870 3368 Cherreos
1889 3336 2020 3368 castello
2033 3336 2257 3376 Antiochiam(
2267 3335 2307 3367 ad

157 3382 365 3422 Leontium),
376 3382 490 3414 deinde
505 3381 607 3414 altero
629 3382 680 3414 die
699 3383 861 3423 Neapolim
878 3384 909 3415 in
927 3385 1047 3416 Isauria
1059 3385 1070 3424 (
1081 3384 1134 3415 ubi
1151 3385 1301 3417 Verinarn
1330 3385 1401 3415 tum
1425 3384 1546 3424 degisse
1555 3383 1720 3424 suspicor)
1737 3392 1770 3415 se
1786 3384 1957 3415 contulisse
1972 3383 2089 3415 dicitur
2106 3382 2160 3422 (v.
2182 3385 2249 3414 nol.
2266 3381 2306 3414 ad

156 3431 194 3461 t'r.
207 3430 294 3469 206).
307 3432 414 3468 Quum
432 3430 543 3470 reliqui
560 3432 707 3461 auctores
724 3430 860 3462 reserant
878 3431 970 3463 lllum
987 3433 1018 3463 in
1034 3431 1148 3472 Papirii
1163 3432 1293 3465 castello
1307 3432 1470 3464 obsessum
1482 3439 1566 3467 esse,
1583 3430 1637 3462 vix
1654 3430 1788 3462 dubium
1805 3430 1878 3470 quin
1891 3430 1974 3462 idem
1985 3430 2025 3462 sit
2039 3429 2206 3462 castellum
2219 3429 2307 3470 quod

157 3477 293 3516 Χέρρεως
314 3476 324 3511 (
335 3476 463 3516 genitiv.
486 3486 518 3509 ν,
533 3477 658 3518 Χέρρις)
677 3476 753 3508 dicit
769 3479 918 3509 Joannes.
