2326 3724
123 206 171 240 'lo

117 284 363 336 ματισαμένων
377 283 413 322 δὲ
427 283 486 323 καὶ
502 284 627 331 αὐτῶν,
638 281 736 337 τρίτη
747 281 954 334 παρεγένετο
968 281 1150 334 πρεσὸεία,

115 344 175 382 καὶ
190 343 337 397 τετάρτη
353 344 428 391 μετ’
439 341 562 389 αὐτήν.
573 341 719 393 εὈγὰρ
704 358 737 385 ες
752 340 834 387 ‘erm‘
837 340 1036 391 Ρωμαίων’
1018 356 1154 393 αφορων

117 401 328 454 φιλοτιμίαν,
344 401 416 448 ἦν’
402 404 577 439 εποιοῦντο
585 398 749 438 εὖλαὸεία
761 402 820 437 τοῦ
811 398 888 459 “ia-h
907 398 1156 451 παραὸαθῆναι

116 460 178 503 τὰς
193 458 343 502 σπονδὰς
354 488 364 506 ,
384 458 481 502 ὅσους
494 474 561 496 των
577 457 779 504 ἐπιτηδείων
794 452 831 494 εῧ
850 459 959 494 ποιεῖν
975 455 1154 502 ἐδούλετο,

118 516 254 568 ἔπεμπε
272 520 356 569 παρ’
371 516 505 564 αὐτους,
522 516 634 560 αἰτίας
650 531 688 554 τε
702 515 931 553 ἀναπλάττων
945 513 1005 553 καὶ
1018 514 1157 566 προφά-

116 590 185 619 σεις
193 575 400 628 ἐφευρίσκων
413 575 526 619 κενάς.
535 577 580 614 Οἳ
592 573 628 612 δὲ
636 572 739 611 παντὶ
750 572 923 619 ὑπήκουον
932 571 1156 622 ἐπιτάγματι,

117 633 178 670 καὶ
200 633 366 671 δεσπότου
383 636 532 684 ἡγοῦντο
551 631 590 670 τὸ
609 630 819 684 πρόσταγμα
831 659 841 678 ,
868 629 952 681 ὅπερ
972 629 1013 667 ἂν
1032 631 1156 671 ἐκεῖνος

116 690 429 743 παρακελεύσαιτο.
452 691 504 730 Οὔ
525 689 591 742 γὰρ
609 689 711 740 μόνον
730 689 787 726 τὸν
810 687 894 740 πρὸς
913 687 1016 725 αὐτὸν
1034 685 1154 724 ἀνελέ·

117 752 197 787 σθαι
226 748 377 799 πόλεμον
408 748 615 787 εὖλαὸοῦντο
628 777 639 797 ,
671 746 761 784 ἀλλὰ
790 745 849 784 καὶ
882 744 1101 798 Παρθυαίους
1120 746 1155 783 ἐν

115 810 322 859 παρασκευῇ
348 807 583 859 τυγχάνοντας
602 805 789 851 ἐδεδίεσαν,
811 803 871 842 καὶ
891 803 1089 851 Βανδήλους
1107 802 1153 840 τὰ

116 863 208 902 κατὰ
227 865 400 902 θάλατταν
423 864 676 916 ταράττοντας,
705 863 765 901 καὶ
791 862 970 914 Ἰσαύρους
990 861 1073 914 πρὸς
1091 860 1156 908 τὴν

115 922 279 973 λῃστείαν
318 922 620 972 διανισταμένους,
655 921 715 959 καὶ
748 919 972 972 Σαρακηνοὺς
1001 922 1063 966 τῆς
1093 920 1156 956 αὗ-

116 982 185 1017 τῶν
206 980 426 1033 ἐπικρατείας
442 980 503 1027 τὴν
520 981 565 1018 ἕω
580 978 881 1031 κατατρέχοντας,
903 978 963 1016 καὶ
979 976 1023 1015 τὰ
1044 979 1158 1016 Αἰθιο-

115 1037 203 1076 πικὰ
230 1037 308 1086 ἔθνη
341 1039 590 1088 συνιστάμενα.
624 1038 686 1076 Διὸ
718 1038 758 1083 δὴ
789 1036 1079 1086 τεταπεινωμένοι
1097 1035 1155 1074 τὸν

117 1096 180 1147 μὲν
202 1097 369 1143 Ἄττήλαν
387 1097 606 1150 ἐθεράπευον,
624 1095 708 1147 πρὸς
732 1095 768 1133 δὲ
784 1093 828 1133 τὰ
844 1095 949 1134 λοιπὰ
966 1095 1045 1143 ἔθνη
1063 1097 1157 1133 ἐπει·

119 1157 227 1206 ρῶντο
255 1154 557 1207 παρατάττεσθαι,
588 1153 749 1204 δυνάμεις
784 1169 821 1191 τε
855 1153 1067 1206 ἀθροίζοντες
1098 1151 1158 1191 καὶ

117 1213 329 1266 στρατηγοὺς
342 1217 624 1266 χειροτονοῦντες.

358 1316 393 1349 7.
417 1301 521 1352 (448.
546 1301 732 1339 Theodos.
757 1314 818 1339 an.
841 1301 920 1351 41.)

171 1390 318 1426 Ibidem
343 1403 385 1438 p.
414 1390 474 1436 37.
503 1389 551 1426 38
576 1403 584 1426 z
611 1387 697 1428 ‘'O-ct
716 1387 776 1426 καὶ
805 1382 900 1431 αὖθις
918 1386 1077 1434 Ἔδήκων
1096 1382 1159 1435 ἧκε

116 1446 290 1499 πρέσὸυς,
323 1446 409 1498 ἀνὴρ
431 1446 588 1493 Σκύθης,
610 1447 758 1498 μέγιστα
787 1445 879 1483 κατὰ
904 1446 1057 1496 πόλεμον
1074 1446 1158 1498 ἔργα

118 1503 413 1555 διαπραξάμενος,
432 1503 492 1542 σὺν
507 1504 672 1556 Ὀρέστῃ,
691 1503 726 1547 ὃς
743 1507 804 1541 τοῦ
822 1503 1026 1554 Ῥωμαϊκοῦ
1040 1504 1159 1554 γένους

116 1560 165 1598 ὢν
183 1561 266 1599 ὤκει
285 1561 347 1608 τὴν
372 1562 457 1614 πρὸς
482 1564 531 1600 τί3
552 1561 637 1614 Σάῳ
665 1564 816 1614 ποταμί3ο
839 1562 1003 1600 Παιόνων
1023 1561 1157 1615 χώραν,

116 1621 167 1656 τῶ
183 1620 351 1673 βαρὸάρῳ
365 1619 455 1658 κατὰ
471 1620 533 1664 τὰς
547 1620 678 1659 Ἀετίου
693 1624 889 1680 στρατηγοῦ
906 1623 974 1658 τῶν
989 1621 1158 1674 ἑσπερίων

117 1676 306 1728 Ῥωμαίων
338 1678 506 1724 συνθήκας
534 1679 794 1716 υπακούουσαν.
822 1681 935 1722 Ουτος
959 1682 977 1716 ὃ
997 1678 1156 1725 Ἐδήκων

118 1737 152 1780 ἐς
171 1736 215 1774 τὰ
246 1736 406 1788 βασίλεια
427 1736 607 1788 παρελθὼν
634 1737 796 1774 ἀπεδίδου
818 1736 861 1774 τὰ
883 1736 979 1789 παρὰ
1007 1737 1157 1783 Ἀττηλα

117 1793 335 1846 γράμματα,
364 1797 398 1833 ἓν
427 1798 476 1839 οἱς
497 1797 644 1834 ἐποιειτο
673 1811 751 1839 τους
780 1794 1017 1845 Ῥωμαίους’
1001 1811 1036 1833 εν
1063 1795 1158 1846 αἰτίᾳ

116 1855 185 1890 τῶν
199 1852 359 1904 φυγάδων
374 1852 470 1906 πέρι·
485 1853 557 1891 ἀνθ’
567 1847 614 1891 ων
628 1853 765 1900 ἠπείλει
781 1853 838 1891 ἐπὶ
855 1852 899 1891 τὰ
913 1852 1004 1892 ὅπλα
1018 1869 1157 1907 χωρειν,

121 1912 151 1948 εἰ
180 1910 229 1960 μὴ
250 1911 446 1949 ἀποδοθεῖἔν
470 1913 582 1964 αὐτῷ,
605 1911 666 1951 καὶ
693 1911 876 1964 ἀφέξονται
902 1911 1076 1962 “Ρωμαῒοι
1096 1911 1158 1959 τὴν

984 195 1145 235 PRISCl
1173 193 1380 234 PANITAE
1403 225 1406 233 ,

1217 275 1433 334 δορυάλωτον
1454 280 1625 330 ἀροῦντες.
1647 270 1752 317 Εἶναι
1775 275 1811 314 δὲ
1834 291 1942 327 μηκος
1962 277 2024 328 μὲν
2027 279 2147 350 „abdic
2163 279 2254 317 κατὰ

1217 339 1256 378 τὸ
1274 342 1386 392 ῥεῦμα
1404 340 1465 376 τοῦ
1486 334 1626 408 Ἴστρου
1655 334 1725 373 ἀπο
1749 337 1810 382 τ’ἥς
1835 334 2042 374 Παιόνων”
2019 351 2102 389 αχρι
2129 336 2253 377 Νοὸῶν

1216 400 1284 436 τῶν
1300 395 1481 449 Θρακίων,
1498 394 1537 432 τὸ
1551 393 1587 432 δὲ
1608 392 1710 446 βάθος
1725 391 1829 431 πέντε
1844 396 1984 447 ἡμέρων
1999 394 2086 433 ὁδόν.
2111 395 2182 434 Και
2193 395 2256 441 τὴν

1218 455 1346 507 ἀγορὰν
1369 453 1463 500 ‘try’
1448 469 1482 491 εν
1499 452 1682 502 Ἰλλυριοῖς
1699 450 1747 501 μὴ
1764 451 1849 504 πρὸς
1866 454 1910 503 τῇ
1928 451 2016 503 ὄχθῃ
2039 454 2097 490 τοῦ
2114 449 2256 506 Ἴστρου

1217 515 1376 562 ποταμοῦ
1391 510 1567 563 γίνεσθαι,
1589 508 1708 561 ὥσπερ
1721 509 1782 547 καὶ
1797 509 1927 558 πάλαι,
1945 511 2021 548 ἀλλ’
2040 511 2075 548 ἐν
2093 511 2256 563 Ναῖσσῷ,

1218 570 1261 617 ἢν
1282 568 1385 622 ὅριον,
1411 573 1457 613 ὣς
1487 567 1541 606 ἐπ’
1561 568 1667 605 αὐτοῦ
1700 568 1906 618 δῃωθεῖσαν,
1931 571 1993 615 τῆς
2022 569 2166 607 Σκυθῶν
2195 568 2256 607 καὶ

1217 626 1405 678 Ῥωμαίων
1437 625 1566 664 ἐτίθετο
1592 627 1677 676 γῆς,
1710 625 1814 663 πέντε
1846 628 1987 678 ἡμερῶν
2020 627 2096 664 ὁδὸν
2122 627 2258 679 εὐζώνῳ

1219 684 1316 737 ἀνδρὶ
1334 688 1393 723 τοῦ
1424 681 1566 735 Ἴστρου
1595 683 1794 735 ἀπέχουσαν
1815 686 1989 734 ποταμοῦ.
2023 683 2193 737 Πρέσὸεις
2223 684 2260 723 δὲ

1217 743 1375 782 ἐκέλευσε
1394 741 1481 796 πρὸς
1496 742 1598 780 αὐτὸν
1619 743 1836 795 ἀφικνεῖσθαι
1860 742 1938 786 τοὺς
1963 742 2042 794 περὶ
2062 746 2130 781 τῶν
2151 745 2259 796 ἀμφι-

1217 800 1329 839 ὅόλων
1348 799 1623 850 διαλεξομένους,
1641 801 1679 838 οὗ
1707 803 1775 839 τῶν
1805 800 2054 853 ἐπιτυχόντων,
2081 801 2171 839 ἀλλὰ
2190 805 2259 840 τῶν

1218 860 1399 896 ὑπατικῶν
1429 860 1562 910 ἀνδρῶν
1593 856 1671 901 τοὺς
1699 858 1899 909 μεγίστους·
1931 859 1988 903 οὒς
2012 861 2041 898 εἰ
2069 859 2260 910 ἐκπέμπειν

1217 918 1455 967 εῧλαὸηθεῒεν,
1486 916 1588 954 αὐτὸν
1613 915 1795 967 δεξόμενον
1815 923 1902 970 σφᾶς
1930 919 1963 961 ἐς
1989 917 2052 965 τὴν
2082 916 2260 969 Σαρδικὴν

1218 975 1458 1022 διαδήσεσθαι.
1470 974 1615 1014 Τούτων
1628 975 1916 1026 ἀναγνωσθέντων
1928 977 2261 1030 βασιλεῒτῶνγραμ-

1220 1034 1356 1084 μάτων,
1378 1036 1423 1076 ὡς
1443 1032 1630 1078 ὑπεξῆλθεν
1651 1035 1668 1071 ὅ
1689 1033 1848 1079 Ἐδήκων
1869 1033 1929 1071 σὺν
1946 1036 1996 1086 τῷ
2011 1034 2137 1087 Βιγίλα
2157 1036 2260 1086 ἑρμη-

1217 1090 1376 1129 νεύσαντι
1392 1090 1524 1144 όσαπερ
1541 1094 1558 1129 ὃ
1574 1091 1784 1144 βάρὸαρος’
1766 1107 1833 1130 απο
1856 1091 2027 1143 στόματος
2047 1091 2175 1146 ἔφρασε
2193 1095 2260 1130 τῶν

1218 1150 1368 1203 Ἀττήλα
1389 1151 1423 1188 δε
1428 1152 1464 1189 δο
1466 1150 1615 1201 (μένων,
1629 1151 1689 1189 καὶ
1707 1153 1738 1194 ἐς
1759 1150 1893 1204 ἑτέρους
1909 1150 2021 1195 οἴκους
2034 1151 2257 1212 παρεγένετο,

1219 1209 1309 1248 ὥστε
1339 1209 1442 1247 αὐτὸν
1466 1210 1662 1263 Χρυσαφίῳ
1690 1214 1750 1248 τοῦ
1773 1211 1942 1262 βασιλεως
1967 1213 2188 1262 υπασπιστῃ,
2205 1213 2261 1248 οἱα

1219 1267 1261 1315 δὴ
1278 1267 1323 1306 τὰ
1344 1269 1492 1320 μέγιστα
1518 1269 1717 1321 δυναμένῳ,
1737 1284 1770 1312 ες
1799 1268 1875 1320 ὄψιν
1893 1270 2014 1316 ἐλθεῖν,
2032 1269 2261 1318 ἀπεθαύμασε

1218 1326 1281 1374 τὴν
1298 1330 1368 1365 τῶν
1388 1326 1573 1379 βασιλείων
1591 1327 1694 1365 οἴκων
1711 1327 1950 1380 περιφάνειαν.
1975 1327 2119 1379 Βιγίλας
2137 1326 2192 1378 δὲ,
2213 1329 2261 1371 ὡς

1218 1387 1267 1437 τῷ
1298 1385 1490 1438 Χρυσαφίῳ
1519 1386 1552 1428 ἐς
1578 1385 1699 1437 λόγους
1728 1380 1830 1433 ἦλθεν
1864 1388 1882 1423 ὁ
1917 1385 2110 1438 βάρὸαρος,
2146 1384 2262 1436 ἔλεγεν

1219 1443 1428 1496 ἑρμηνεύων,
1457 1446 1503 1487 ὣς
1523 1444 1681 1491 ἐπαινοίη
1716 1447 1734 1482 ὃ
1754 1443 1914 1491 Ἐδήκων
1943 1443 1986 1481 τὰ
2011 1443 2172 1495 βασίλεια
2199 1443 2260 1482 καὶ

1219 1502 1275 1540 τὸν
1295 1502 1393 1554 παρά
1414 1517 1528 1554 σφισιν
1551 1502 1736 1553 μακαρίζοι
1755 1503 1916 1540 πλοῦτον.
1935 1501 1982 1541 ‘0
2009 1501 2044 1540 δὲ
2061 1502 2263 1554 Χρυσάφιος

1219 1559 1367 1613 ἔφασκεν
1386 1560 1525 1598 ἔσεσθαι
1545 1561 1605 1599 καὶ
1630 1561 1732 1599 αὐτὸν
1756 1560 1859 1599 οἴκων
1880 1576 1916 1598 τε
1939 1560 2183 1614 χρυσοστέγων
2201 1560 2262 1598 καὶ

1219 1619 1368 1657 πλούτου
1399 1619 1527 1671 κύριον,
1548 1619 1617 1670 εἴγε
1648 1619 1794 1671 περιίδοι
1821 1618 1882 1669 μὲν
1906 1619 1950 1656 τὰ
1970 1618 2068 1670 παρὰ
2087 1618 2260 1665 Σκύθαις,

1219 1675 1329 1715 ἕλοιτο
1349 1676 1383 1715 δὲ
1400 1677 1444 1715 τὰ
1463 1677 1663 1728 Ῥωμαίων.
1679 1679 1751 1716 Τοῦ
1770 1678 1804 1715 δὲ
1823 1675 2119 1730 ἀποκριναμένου,
2138 1679 2184 1720 ὡς
2202 1676 2260 1714 τὸν

1218 1736 1335 1788 ἑτέρου
1356 1736 1522 1774 δεσπότου
1553 1737 1745 1789 θεράποντα
1774 1736 1855 1774 ἄνευ
1876 1740 1935 1774 τοῦ
1958 1735 2077 1788 κυρίου
2097 1737 2135 1773 οὐ
2167 1734 2262 1786 θέμις

1221 1798 1321 1832 τοῦτο
1349 1795 1474 1843 ποιεῖν,
1500 1794 1708 1833 ἐπυνθάνετο
1728 1798 1746 1833 ὃ
1778 1797 1961 1846 εὐνοῦχος,
1992 1793 2062 1846 εἴγε
2088 1794 2265 1839 ἀκώλυτος

1220 1854 1314 1906 αὐτῷ
1333 1856 1355 1900 ἡ
1375 1853 1473 1905 παρὰ
1491 1854 1548 1892 τὸν
1577 1853 1747 1900 Ἀττήλαν
1767 1854 1820 1901 εἴη
1851 1854 2001 1901 εἴσοδος,
2025 1853 2086 1892 καὶ
2117 1852 2263 1904 δύναμιν

1218 1911 1315 1964 παρὰ
1336 1911 1487 1956 Σκύθαις
1515 1911 1588 1965 ἔχοι
1615 1912 1706 1952 τινά.
1727 1916 1796 1950 Τοῦ
1825 1913 1860 1950 δὲ
1890 1911 2189 1965 ἀποκριναμένου,
2217 1914 2264 1956 ὡς

116 2027 205 2067 sent,
219 2027 419 2060 dimiserunt.
445 2028 531 2060 Misit
549 2028 710 2060 etiterum
726 2029 840 2061 Attilas
853 2028 949 2070 alios,
967 2028 1085 2069 quibus
1097 2038 1162 2060 non

117 2080 225 2112 minus
248 2081 362 2120 amplis
376 2080 562 2112 muneribus
578 2081 705 2120 ditatis,
720 2081 814 2113 tertia
840 2081 882 2112 ab
897 2090 955 2120 eo,
980 2083 1052 2122 post
1074 2081 1162 2113 illam

117 2133 227 2165 itidem
243 2135 358 2174 quarta
382 2134 497 2173 legatio
519 2133 658 2165 advenit.
678 2134 735 2165 lile
753 2134 839 2166 enim
852 2136 1067 2167 Romanorum
1082 2134 1161 2166 libe-

117 2186 275 2218 ralitatem
285 2210 294 2226 ‚
308 2195 372 2226 qua
388 2187 558 2218 utebantur
573 2186 665 2218 veriti
678 2195 718 2219 ne
731 2195 750 2218 a
764 2187 938 2219 foederibus
959 2187 1085 2219 barbari
1102 2187 1161 2219 dis·

118 2239 285 2279 cederent,
302 2239 440 2271 ludibrio
453 2239 572 2271 habens
584 2263 594 2280 ,
610 2248 710 2272 novas
729 2240 864 2273 subinde
881 2249 993 2272 causas
1005 2240 1160 2282 fingebat,

118 2291 152 2322 et
164 2299 263 2321 vanas
286 2291 468 2322 occasiones
494 2291 671 2331 legatorum
698 2291 927 2323 mittendorum
941 2292 1162 2332 excogitabat,

118 2344 151 2372 et
166 2341 206 2372 ad
219 2350 291 2373 suos
306 2343 515 2382 necessarios,
530 2343 811 2382 quosliberalitate
827 2352 941 2375 ornare
956 2343 1094 2382 volebat,
1110 2352 1163 2376 eas

118 2392 288 2432 legationes
306 2393 477 2425 deferebat.
496 2393 631 2425 Romani
646 2403 722 2425 vero
736 2394 767 2425 in
784 2394 931 2427 omnibus
946 2395 1042 2427 rebus
1053 2395 1163 2427 Attilae

118 2445 205 2476 dicto
233 2445 398 2477 audientes
424 2447 533 2485 crant,
551 2447 583 2478 et
607 2455 680 2486 quae
701 2447 916 2488 praecipiebat,
934 2447 1053 2479 domini
1075 2448 1163 2488 jussa

119 2496 291 2527 ducebant.
337 2498 408 2528 Non
422 2497 525 2527 solum
539 2498 622 2528 enim
633 2506 651 2528 a
666 2497 747 2529 bello
758 2499 868 2529 contra
879 2507 954 2530 eum
963 2499 1163 2539 suscipiendo

119 2556 232 2579 corum
246 2548 383 2579 rationes
401 2548 632 2589 abhorrebant,
658 2549 711 2580 sed
728 2551 760 2580 et
785 2550 938 2589 Parthos,
963 2550 1018 2590 qui
1043 2551 1162 2582 bellum

119 2598 333 2639 apparabant,
352 2600 384 2630 et
400 2600 573 2640 vandalos,
590 2600 645 2640 qui
659 2601 834 2633 maritimas
849 2610 921 2633 oras
934 2601 1112 2642 vexabant,
1131 2605 1162 2635 et

119 2653 263 2688 laam-024,
283 2650 338 2690 qui
354 2651 470 2690 praedis
484 2655 515 2683 et
534 2652 650 2692 rapinis
662 2653 897 2692 grassabantur,
912 2654 944 2685 et
971 2655 1161 2695 Saracenos,

119 2701 174 2741 qui
198 2701 340 2741 regiones
356 2702 396 2732 ad
411 2703 575 2734 Orientem
592 2703 831 2736 excursionibus
850 2704 1028 2745 vastabant,
1044 2708 1164 2739 metue-

119 2753 207 2786 bant.
254 2755 410 2786 Praeterea
425 2756 532 2794 gentes
551 2756 738 2796 AEthiopum
765 2757 798 2788 in
817 2757 914 2788 armis
932 2759 1032 2789 erant.
1053 2760 1164 2799 ltaque

120 2804 257 2838 Romani
270 2805 383 2836 animis
394 2806 483 2837 fracti
497 2807 627 2838 Attilam
641 2808 805 2847 colebant,
822 2808 877 2840 sed
890 2810 1003 2841 ceteris
1018 2811 1164 2850 gentibus

121 2857 266 2888 resistere
282 2857 490 2898 conabantur,
503 2858 581 2889 dum
594 2859 754 2891 exercitus
767 2860 1014 2900 comparabant,
1025 2863 1057 2894 et
1067 2862 1165 2894 duces

120 2908 348 2940 sortiebantur.

162 3017 303 3056 Edecon,
318 3017 367 3048 vir
392 3018 510 3058 Scytha
520 3043 529 3058 ‚
543 3019 599 3059 qui
625 3020 780 3053 maximas
795 3030 845 3053 res
857 3021 889 3053 in
904 3021 988 3054 bello
1013 3025 1160 3065 gesserat,

122 3069 210 3100 venit
222 3070 340 3100 iterum
351 3069 551 3109 legatuscum
565 3072 688 3104 Oreste.
706 3072 764 3103 Hic
774 3081 886 3112 genere
902 3075 1064 3106 Romanus
1074 3077 1161 3107 Paeo-

121 3121 207 3152 niam
222 3119 380 3158 regionem
393 3143 402 3158 ,
417 3119 457 3150 ad
472 3122 570 3151 Saum
586 3120 703 3153 flumen
719 3123 832 3162 sitam,
846 3123 1022 3163 incolebat,
1036 3133 1109 3164 quae
1122 3134 1163 3157 ex

123 3170 239 3202 foedere
257 3171 336 3201 inito
350 3179 424 3201 cum
436 3171 537 3210 Aetio,
555 3174 771 3204 Romanorum
792 3174 1045 3207 occidentalium
1061 3169 1160 3217 dude,

122 3222 258 3253 barbaro
281 3221 421 3261 parebat.
466 3223 578 3262 ltaque
602 3224 741 3263 Edec0n‚
766 3225 798 3256 in
815 3225 968 3265 palatium
993 3227 1161 3268 admissus,

122 3273 306 3313 imperatori
320 3273 442 3304 litteras
464 3274 570 3306 Attilae
586 3275 728 3315 tradidit,
746 3276 778 3307 in
799 3269 916 3316 quibus
938 3278 977 3309 de
992 3279 1162 3320 transfugis

123 3333 186 3356 non
204 3324 334 3355 redditis
346 3324 551 3364 querebatur,
571 3326 624 3366 qui
644 3327 702 3358 nisi
719 3327 938 3368 redderentur,
953 3331 984 3361 et
999 3331 1130 3362 Romani
1144 3341 1161 3363 a

124 3377 256 3409 colenda
278 3378 361 3409 terra
377 3378 591 3419 abstinerent,
609 3389 706 3420 quam
724 3380 806 3413 bello
822 3383 945 3422 captam
965 3391 1032 3415 suae
1051 3384 1161 3418 ditioni

1220 2029 1391 2069 adjecerat,
1408 2030 1449 2062 ad
1470 2039 1559 2062 arma
1571 2039 1605 2062 se
1618 2031 1740 2062 iturum
1756 2031 1950 2063 minabatur.
1994 2033 2041 2063 Ea
2058 2039 2135 2062 vero
2149 2039 2265 2062 secun-

1219 2081 1298 2114 dum
1313 2083 1432 2113 Istrum
1453 2091 1471 2113 a
1494 2083 1662 2114 Paeonibus
1686 2082 1726 2114 ad
1741 2084 1844 2114 Novas
1867 2090 1968 2123 usque
1993 2082 2024 2113 in
2038 2082 2175 2114 Thracia
2189 2082 2266 2115 sitas

1221 2133 1254 2165 in
1270 2133 1500 2173 longitudinem
1513 2134 1745 2166 extendebatur
1757 2145 1766 2174 ;
1810 2134 1947 2166 latitudo
1961 2135 2070 2166 autem
2083 2135 2151 2166 erat
2167 2134 2264 2175 quin-

1219 2193 1283 2225 que
1295 2185 1418 2217 dierum
1435 2186 1559 2218 itinere.
1580 2188 1689 2226 Neque
1707 2194 1782 2217 vero
1798 2186 1901 2217 sorum
1919 2185 2090 2224 celebrari,
2103 2186 2142 2217 ut
2164 2186 2241 2218 olim
2253 2210 2263 2227 ,

1220 2236 1260 2268 ad
1275 2237 1377 2277 ripam
1397 2238 1468 2269 lstri
1498 2237 1642 2276 volebat,
1664 2236 1719 2268 sed
1738 2237 1770 2268 in
1808 2238 1931 2276 Naisso,
1947 2245 2046 2277 quam
2067 2236 2179 2268 urbem
2195 2245 2214 2268 a
2231 2246 2266 2269 se

1221 2290 1346 2329 captam
1359 2290 1391 2320 et
1401 2288 1553 2330 dirutam,
1565 2289 1706 2329 quinque
1717 2289 1842 2321 dierum
1858 2288 1970 2320 itinere
1980 2288 2128 2328 expedito
2144 2289 2264 2320 homini

1220 2340 1260 2371 ab
1277 2341 1357 2372 Istro
1373 2340 1556 2380 distantem,
1574 2342 1765 2381 Scytharum
1793 2342 1824 2372 et
1842 2342 2057 2372 Romanorum
2074 2339 2203 2372 ditionis
2224 2340 2264 2372 li·

1220 2393 1331 2425 mitem
1348 2394 1572 2426 constituebat.
1617 2396 1752 2435 Legatos
1783 2402 1913 2434 quoque
1937 2393 1978 2424 ad
1993 2402 2027 2425 se
2050 2392 2159 2424 venire
2173 2392 2266 2433 jussit

1221 2447 1425 2477 controversa
1443 2446 1692 2486 disceptaturos,
1718 2455 1783 2477 non
1802 2455 1843 2477 ex
1863 2445 2005 2485 quolibet
2022 2444 2190 2476 hominum
2209 2454 2264 2485 ge·

1220 2505 1296 2529 nere
1312 2499 1344 2528 et
1356 2497 1478 2536 ordine,
1493 2497 1547 2529 sed
1562 2506 1600 2529 ex
1611 2497 1830 2529 consularibus
1846 2495 2043 2535 illustriores,
2060 2504 2140 2536 quos
2151 2496 2177 2527 si
2191 2496 2265 2529 mit-

1220 2550 1288 2580 tere
1311 2549 1554 2587 intermiserint,
1574 2558 1608 2580 se
1623 2549 1728 2589 ipsum
1745 2548 1785 2580 ad
1807 2556 1862 2579 eos
1877 2547 2079 2579 arcessendos
2102 2547 2136 2578 in
2157 2548 2264 2580 Sardi-

1221 2609 1293 2631 cam
1306 2599 1545 2632 descensurum.
1562 2601 1617 2632 His
1630 2599 1741 2631 litteris
1754 2600 1860 2639 lectis,
1871 2599 2008 2639 digresso
2021 2598 2061 2630 ab
2074 2599 2265 2639 imperatore

1221 2651 1385 2691 Edccone,
1403 2660 1477 2683 cum
1496 2651 1613 2691 Bigila‚
1634 2650 1689 2691 qui
1705 2660 1761 2690 ea,
1778 2660 1851 2691 quae
1871 2650 1984 2682 Attilas
2002 2649 2110 2682 verbis
2124 2650 2262 2691 impera-

1220 2703 1282 2735 tori
1298 2703 1478 2735 denuntiari
1498 2704 1619 2744 voluit,
1637 2704 1864 2743 interpretatus
1891 2703 1977 2742 erat,
1997 2711 2098 2743 quum
2127 2703 2264 2743 reliquas

1221 2764 1351 2796 quoque
1366 2755 1479 2787 domos
1494 2755 1614 2795 obiret,
1626 2757 1658 2787 et
1673 2755 1705 2786 in
1716 2756 1921 2794 conspectum
1932 2753 2121 2794 chrysaphii
2138 2755 2262 2795 spatha-

1221 2808 1258 2839 rii
1279 2808 1474 2849 imperatorii
1487 2808 1620 2845 veniret,
1642 2808 1697 2847 qui
1714 2807 1888 2847 plurimum
1910 2805 2099 2838 auctoritate
2115 2806 2148 2837 et
2162 2806 2264 2846 gratia

1221 2861 1305 2900 apud
1320 2861 1542 2901 imperatorem
1556 2860 1693 2899 valebat,
1708 2859 1924 2890 admirabatur
1937 2858 2092 2890 barbarus
2104 2858 2263 2899 regiarum

1221 2915 1376 2947 domuum
1393 2912 1671 2953 magnificentiam.
1695 2911 1810 2951 Bigilas
1833 2912 1940 2942 autem
1951 2934 1960 2950 ,
1977 2909 2171 2949 simulatque
2186 2910 2262 2942 har-

1222 2968 1318 2999 barus
1331 2967 1364 2998 in
1389 2966 1586 3006 colloquium
1602 2965 1690 2996 venit
1715 2972 1790 2995 cum
1819 2962 2036 3002 chrysaphio,
2052 2962 2263 3003 interpretans

1221 3019 1349 3058 retulit,
1364 3018 1560 3058 quantopere
1573 3015 1732 3047 laudasset
1749 3014 1968 3054 imperatorias
1980 3013 2064 3045 mdes
2074 3037 2085 3052 ,
2099 3016 2132 3046 et
2146 3015 2262 3045 Roma-

1221 3079 1280 3102 nos
1306 3070 1417 3102 beatos
1442 3068 1573 3100 duceret
1589 3068 1717 3107 propter
1748 3066 1914 3097 affluentes
1934 3064 2117 3096 divitiarum
2143 3065 2260 3105 copias.

1220 3126 1302 3157 Tum
1318 3121 1455 3156 Edeconi
1476 3120 1690 3160 Chrysaphius
1705 3119 1804 3159 dixit,
1823 3118 1889 3150 sore
1906 3126 1980 3150 eum
2004 3117 2187 3157 huJusmodi
2202 3117 2261 3150 do.-

1220 3185 1347 3215 muum,
1362 3184 1434 3216 quae
1446 3175 1548 3206 aureis
1561 3174 1652 3206 tectis
1664 3171 1899 3212 praesulgerent‚
1908 3171 2090 3210 compotem
2102 3172 2135 3202 et
2147 3170 2262 3210 opibus

1220 3227 1476 3264 abundaturum,
1491 3226 1528 3265 si,
1551 3225 1662 3256 relicta
1681 3223 1826 3263 Scythia,
1844 3222 1883 3253 ad
1907 3224 2069 3254 Romanos
2084 3230 2118 3253 se
2134 3222 2260 3253 confer-

1220 3281 1280 3312 ret.
1326 3291 1342 3307 α
1357 3277 1418 3311 Sed
1429 3277 1559 3309 alterius
1571 3274 1690 3307 domini
1702 3282 1843 3312 servum,
1856 3273 1982 3305 Edecon
1996 3274 2052 3312 ait,
2063 3273 2150 3304 nefas
2162 3273 2209 3305 est
2222 3281 2260 3305 eo

1220 3331 1319 3363 invito
1330 3331 1455 3362 tantum
1470 3328 1590 3360 facInus
1602 3327 1635 3358 in
1650 3335 1683 3358 se
1696 3325 1874 3357 admittere.
1891 3337 1907 3352 »
1921 3324 2074 3362 Quoesivit
2090 3333 2130 3356 ex
2141 3332 2180 3356 eo
2200 3332 2259 3355 eu·

1222 3385 1344 3416 nuchus
1353 3407 1362 3423 ,
1372 3392 1412 3414 an
1430 3380 1527 3414 facilis
1540 3379 1586 3412 illi
1598 3378 1639 3411 ad
1651 3378 1780 3412 Attilam
1792 3376 1914 3418 pateret
1927 3375 2049 3416 aditus,
2060 3377 2092 3408 et
2105 3384 2182 3407 num
2195 3384 2259 3416 qua
