2372 3704
639 257 908 308 CTESICLIS,
938 256 1310 297 CTESIPHONTIS
1338 257 1665 296 FRAGMENTA.

396 385 808 443 CTESICLES.

486 500 731 539 ΧΡΟΝΙΚΑ.

390 598 420 633 E
448 598 598 635 LIBRo
627 598 821 635 TERTlo.

138 753 338 789 Athenaeus
350 753 425 797 VI,
449 765 486 802 p.
509 765 601 799 272,
625 753 654 790 B
672 765 680 788 ε
702 751 909 797 Κτησικλῆς
929 750 956 788 δ’
975 753 1009 789 ἐν
1029 750 1129 803 τρίτῃ

83 810 266 862 Χρονικῶν
277 810 343 862 [τῇ
354 809 662 862 πεντε]καιδεκάτῃ
692 809 778 863 πρὸς
800 815 876 853 ταῖς
892 809 1014 848 ἑκατόν
1027 825 1129 862 φησιν

83 867 302 919 Ὀλυμπιάδι
321 867 501 916 Ἀθήνησιν
523 867 713 920 ἐξετασμὸν
741 868 900 921 γενέσθαι
915 868 982 907 ὑπὸ
999 871 1127 918 Δημη-

82 925 179 979 τρίου
198 929 259 965 τοῦ
291 926 492 979 Φαληρέως
511 929 580 965 τῶν
607 926 860 966 κατοικούντων
877 926 939 974 τὴν
960 927 1131 974 Ἀττικὴν,

82 986 147 1024 καὶ
177 987 358 1040 εὑρεθῆναι
393 986 592 1034 Ἀθηναίους
621 984 683 1037 μὲν
717 986 919 1039 δισμυρίους
947 985 1031 1039 πρὸς
1061 991 1131 1030 τοῖς

83 1043 228 1096 χιλίοις,
259 1045 438 1096 μετοίκους
465 1045 500 1083 δὲ
531 1044 688 1098 μυρίους,
718 1047 860 1084 οἰκετῶν
891 1044 928 1083 δὲ
961 1044 1130 1097 μυριάδας

83 1102 357 1156 τεσσαράκοντα.

135 1163 150 1214 [
168 1165 212 1215 τῇ
243 1163 374 1214 πεντε]
406 1165 533 1214 suppl.
557 1165 789 1214 Schweigh.‚
823 1165 867 1216 τῇ
897 1162 1128 1214 ἑκκαιδεκάτῃ

82 1223 236 1259 volebat
256 1223 437 1270 Casaub„
464 1225 509 1275 τῇ
531 1223 719 1263 ὂκτωκαιδ.
742 1224 924 1273 Scaliger.
949 1223 1004 1260 Cf.
1025 1223 1130 1262 Clin—

83 1288 164 1319 ton.
187 1282 229 1320 F.
247 1281 293 1318 H.
314 1289 408 1318 tom.
427 1283 468 1318 11
493 1282 542 1318 ad
561 1282 623 1321 01.
651 1282 746 1331 115,
766 1286 786 1324 4
801 1309 812 1327 ,
830 1289 867 1318 et
882 1295 922 1331 p.
942 1282 1030 1328 378.

588 1354 626 1379 2.
1020 1373 1037 1382 κ

135 1410 243 1448 Idem
258 1411 309 1458 X,
324 1423 366 1461 p.
386 1410 477 1458 445,
497 1413 532 1449 D
550 1425 559 1448 :
583 1410 634 1450 Σὺ
660 1410 696 1449 δὲ
715 1412 889 1463 παροινῶν
909 1410 968 1448 καὶ
989 1409 1124 1460 μεθύων

81 1467 216 1506 οὐδέπω
242 1467 343 1522 κόρον
363 1467 476 1521 ἔχεις,
492 1469 564 1508 οὐδ’
580 1470 638 1508 ἐπὶ
655 1472 732 1508 νοῦν
751 1468 945 1520 λαμέάνεις
957 1499 968 1519 ,
993 1467 1046 1506 ὅτι
1063 1468 1130 1506 ὑπὸ

83 1527 190 1577 μέθης
221 1527 393 1566 ἀπέθανεν
414 1526 578 1578 Εὐμένης
595 1530 614 1566 6
635 1526 892 1580 Περγαμηνὸς,
924 1529 942 1565 6
959 1526 1129 1566 Φιλεταί-

82 1600 142 1637 ρου
155 1588 213 1623 τοῦ
235 1584 425 1637 Περγάμου
447 1586 720 1638 βασιλεύσαντος
740 1586 958 1638 ἀδελφιδοῦς,
972 1587 1017 1627 ὣς
1037 1587 1130 1622 ἱστο-

83 1649 133 1696 ρεῖ
152 1645 354 1692 Κτησικλῆς
369 1645 404 1682 ἐν
420 1644 526 1697 τρίτῳ
543 1644 702 1698 Χρόνων.
719 1645 774 1682 Cf.
793 1648 982 1693 Droysen.
1000 1645 1128 1680 Helle-

81 1707 191 1741 πίε-1η.
209 1704 273 1751 ΙΙ,
291 1717 330 1754 p.
353 1704 444 1744 368.

491 1818 708 1831 -ουοῠα--υ

381 1906 815 1966 CTESIPHON.

456 2020 750 2059 ΒΟΙΩΤΙΑΚΑ.

368 2138 372 2141 -
383 2114 414 2149 Ε
440 2113 591 2149 LIBRO
619 2113 814 2149 TERTIO.

139 2268 365 2306 Plutarchus
383 2266 470 2305 Par.
487 2269 580 2306 min.
603 2281 634 2304 c.
669 2280 712 2303 12
732 2280 739 2302 :
774 2264 875 2304 Ἐπα
888 2280 914 2314 μ
927 2263 1128 2314 ινώνδας,

84 2330 102 2366 ὁ
120 2329 188 2366 τῶν
205 2325 375 2374 Θηῧαίων
390 2325 601 2378 στρατηγὸς,
617 2323 707 2377 ἔχων
726 2323 814 2376 πρὸς
834 2322 1131 2374 Λακεδαιμονίους

85 2386 252 2437 πόλεμον,
267 2384 327 2424 καὶ
339 2386 572 2438 ἀρχαιρεσιῶν
590 2382 768 2438 ἀγομένων
784 2413 795 2434 ,
812 2378 895 2430 ἧκεν
914 2383 947 2427 ἐς
962 2381 1130 2434 πατρίδα,

475 2516 743 2555 CHRONICA.

128 2670 281 2704 Ctesicles
307 2671 402 2703 tertio
427 2670 510 2702 libro
528 2669 763 2702 Chronicorum
788 2668 916 2708 scribit,
946 2667 1136 2709 Olympiade

88 2721 239 2764 [quinta]
266 2723 299 2754 et
329 2721 453 2754 decima
480 2730 554 2753 cum
580 2721 755 2753 centesima
780 2720 912 2753 Athenis
936 2719 1136 2752 Demetrium

88 2775 277 2807 Phaiereum
293 2783 459 2807 recensum
476 2775 648 2807 instituisse
673 2773 851 2807 incolarum
868 2773 981 2806 Atticae
997 2785 1004 2804 :
1023 2773 1135 2804 inven-

87 2828 203 2868 tosque
215 2835 282 2859 osse
296 2827 414 2859 civium
429 2827 667 2859 Atheniensium
682 2826 783 2858 millia
793 2825 904 2866 viginti
920 2827 952 2857 et
963 2833 1077 2864 unum,
1094 2824 1135 2856 in·

89 2879 283 2920 quilinorum
300 2879 398 2911 miliia
411 2879 522 2912 decem
532 2903 541 2919 ‚
556 2887 720 2911 servorum
736 2877 970 2918 quadringenta
983 2876 1093 2908 miliia.

597 2936 630 2967 2.

132 2991 178 3022 Te
207 2990 386 3023 insolentia)
413 2990 678 3031 temulentiaeque
704 2989 848 3022 nondum
877 2990 1006 3022 satietas
1036 2989 1136 3029 cepit,

91 3050 195 3083 neque
209 3042 243 3074 in
255 3043 398 3075 animum
406 3043 502 3074 tuum
513 3042 658 3074 admittis
669 3042 894 3082 cogitationem
907 3066 916 3081 ,
931 3051 970 3073 ex
985 3041 1139 3073 ebrietate

91 3094 258 3126 mortuum
287 3102 355 3127 esse
377 3096 554 3127 Eumenem
583 3096 833 3134 Pergamenum,
864 3093 1024 3125 Philetaeri
1060 3092 1140 3133 regis

93 3145 276 3186 Pergameni
289 3155 329 3178 ex
343 3146 438 3178 tratre
449 3147 608 3186 nepotem,
618 3146 655 3177 ut
667 3146 776 3178 narrat
788 3145 940 3177 ctesicles
952 3145 1046 3176 tertio
1058 3143 1139 3175 libro

93 3196 336 3231 Chronicorum.

487 3268 731 3308 BOEOTICA
739 3296 747 3304 .

603 3352 633 3382 1.

140 3407 372 3448 Epaminondas
384 3409 609 3441 Thebanorum
624 3408 691 3440 dux
702 3408 822 3440 benum
840 3409 952 3439 contra
971 3407 1142 3446 Spartanos

100 3466 226 3498 gerens,
240 3458 278 3490 ad
293 3459 420 3492 comitia
432 3461 463 3491 in
478 3460 591 3492 urbem
608 3461 655 3492 est
672 3460 849 3500 protectum,
866 3466 966 3499 quum
982 3457 1067 3497 prius
1082 3456 1142 3487 hoc
1170 3474 1173 3484 .

2157 267 2229 301 ‚⁴³75

1194 343 1433 397 παραγγείλας
1453 346 1502 397 τῷ
1526 345 1622 382 παιδὶ
1643 344 1900 397 Στησιμὸρότῳ
1921 345 1970 395 μὴ
2001 345 2229 396 συμὸάλλειν.

1195 402 1465 453 Λακεδαιμόνιοι
1479 431 1490 452 ,
1512 402 1676 451 μαθόντες
1695 401 1757 447 τὴν
1775 402 1966 450 ἀπουσίαν,
1986 403 2235 457 ἐὸλασφήμουν

1194 460 1252 498 τὸν
1273 462 1411 499 νεανίαν
1427 463 1473 503 ὡς
1490 459 1668 512 ἄνανδρον·
1698 463 1716 497 6
1737 460 1765 498 δ’
1785 461 2030 510 ἀγανακτήσας
2061 462 2121 500 καὶ
2154 464 2232 500 ἐπι-

1194 518 1383 569 λαθόμενος
1402 523 1461 557 τοῦ
1491 519 1620 571 πατρὸς
1634 548 1644 568 ,
1675 517 1843 557 συνέὸαλε
1867 519 1924 557 καὶ
1954 518 2120 566 ἐνίκησεν·
2150 523 2167 558 6
2200 519 2236 558 δὲ

1195 577 1311 630 πατὴρ
1327 576 1459 631 βαρέως
1476 578 1616 627 ἐνέγκας
1629 607 1640 627 ,
1657 576 1878 629 στεφανώσας
1892 579 2234 629 ἐτραχηλοκόπησεν,

1202 639 1247 680 ὡς
1264 638 1451 689 Κτησιφῶν
1468 636 1600 689 ἱστορεῖ
1612 637 1647 673 ἐν
1660 635 1765 688 τρίτῳ
1780 637 2015 675 Βοιωτιακῶν.

1597 737 1838 778 ΠΕΡΣΙΚΑ.

1506 827 1535 861 Ε
1565 825 1715 862 LIBRO
1744 823 1917 861 PRIMO.

1700 913 1736 937 2.

1247 970 1442 1007 Plutarch.
1466 972 1522 1006 De
1539 969 1631 1007 fluv
1656 970 1726 1014 23,
1752 983 1764 1004 1
1794 982 1801 1004 :
1827 966 1966 1019 Ἀράξης
1990 966 2145 1017 ποταμός
2163 969 2236 1005 ἐστι

1195 1030 1256 1074 τῆς
1276 1027 1478 1079 Ἀρμενίας,
1504 1027 1566 1073 τὴν
1584 1026 1821 1079 προσηγορίαν
1838 1025 2023 1078 ειληφως’
2005 1026 2071 1063 απ’
2099 1025 2240 1078 Ἀράξου

1192 1101 1252 1125 του
1273 1085 1409 1124 Πύλου·
1427 1089 1522 1129 οὗτος
1542 1087 1608 1138 γὰρ
1622 1100 1706 1137 προς
1721 1083 1894 1137 Ἄρὸηλον
1912 1084 1970 1122 τὸν
1990 1084 2135 1123 πάππον
2155 1084 2242 1136 ὑπὲρ

1198 1143 1388 1196 σκήπτρων
1409 1144 1671 1194 ἁμιλλώμενος,
1693 1143 1797 1181 αὐτὸν
1817 1142 2054 1188 κατετόξευσε·
2074 1145 2243 1190 ποινηλα-

1193 1202 1356 1250 τούμενος
1373 1202 1438 1240 δὲ“
1427 1204 1485 1239 υπ’
1501 1201 1688 1254 Ἐριννύων
1701 1232 1710 1250 ,
1725 1201 1847 1239 ἐαυτον
1865 1201 2002 1256 ἔρριψεν
2020 1203 2066 1245 εἷς
2081 1202 2240 1252 ποταμὸν

1196 1261 1365 1312 Βάκτρον·
1386 1261 1421 1304 ὃς
1438 1262 1498 1298 ἀπ’
1519 1262 1624 1298 αὐτοῦ
1651 1259 1795 1313 Ἀράξης
1815 1260 2069 1311 μετωνομάσθη
2084 1292 2094 1311 ,
2125 1259 2239 1303 καθὼς

1194 1321 1323 1371 ἱστορεῖ
1349 1322 1536 1371 Κτησιφῶν
1560 1321 1593 1357 ἓν
1612 1319 1645 1356 α’
1668 1321 1862 1371 Περσικῶν.

1520 1414 1640 1451 ΠΕΡΙ
1670 1413 1912 1451 ΔΕΝΔΡΩΝ.

1247 1498 1355 1534 Idem
1376 1499 1430 1535 ib.
1464 1498 1626 1543 c.18,1
1641 1511 1653 1533 1
1690 1495 1865 1535 εΦύεται
1886 1496 1915 1533 δ’
1934 1498 1968 1534 ἐν
1991 1497 2085 1548 αύτῷ
2118 1498 2186 1547 (sc.
2210 1498 2243 1533 ἐν

1192 1557 1240 1593 τῶ
1270 1554 1457 1607 Κοκκυγίῳ
1477 1555 1566 1607 ὄρει)
1598 1554 1754 1607 δένδρον,
1784 1554 1982 1606 Παλίουρος
2013 1554 2242 1604 καλούμενον·

1195 1614 1246 1686 ἐφ’
1265 1617 1294 1652 ὡ
1314 1614 1355 1652 ἄν
1374 1630 1408 1652 τι
1423 1613 1549 1666 καθίσῃ
1567 1615 1635 1651 τῶν
1655 1612 1790 1664 ἀλόγων
1812 1611 1923 1666 ζώων,
1949 1616 1995 1656 ὡς
2015 1613 2071 1650 ὑπ’
2097 1613 2126 1657 ἷξ
2130 1616 2167 1651 οῦ
2185 1629 2244 1651 κα·

1192 1673 1354 1725 τέχεται,
1369 1672 1476 1726 πάρεξ
1498 1672 1682 1724 κόκκυγος·
1703 1672 1824 1710 τούτου
1844 1671 1911 1724 γὰρ
1931 1670 2101 1725 φείδεται·
2133 1671 2246 1715 καθὼς

1195 1734 1419 1785 Κτησιφῶν’
1404 1749 1438 1770 εν
1459 1732 1491 1768 α’
1513 1731 1602 1784 Περι
1624 1730 1785 1784 δένδρων.

1246 1792 1352 1828 Idem
1370 1793 1424 1830 ib.
1444 1792 1490 1828 23
1506 1820 1516 1837 ,
1535 1791 1555 1828 5
1581 1806 1588 1827 :
1607 1792 1775 1830 Γεννᾶται
1790 1791 1818 1827 δ’
1839 1791 1872 1827 ἐν
1891 1791 1986 1842 αὐτῷ
2005 1791 2018 1840 (
2034 1791 2069 1827 ἐν
2086 1789 2238 1843 Ἀράξῃ)

1199 1849 1355 1901 δένδρον,
1379 1852 1455 1902 ῥοιᾷ
1473 1848 1720 1901 παραπλήσιον
1733 1880 1743 1897 ,
1762 1848 1896 1900 καρπὸν
1918 1850 1948 1886 δ’
1964 1848 2109 1900 ἄφθονον
2130 1848 2246 1901 τρέφει

1195 1907 1335 1958 μήλων,
1369 1907 1431 1954 τὴν
1463 1912 1578 1959 γεῦσιν
1614 1907 1739 1959 ἔχοντα
1772 1909 1930 1961 σταφυλῇ
1951 1906 2155 1958 παρόμοιον.
2179 1906 2245 1946 Ἐκ

1196 1965 1324 2013 ταύτης
1341 1970 1401 2013 τ’ἦς
1420 1967 1560 2019 ὀπώρας
1576 1966 1741 2017 πέπειρον
1763 1967 1822 2004 ἐάν
1842 1982 1891 2010 τις
1910 1965 2065 2004 καθελὼν
2087 1966 2244 2017 ὀνομάσῃ

1195 2025 1254 2063 τὸν
1274 2023 1362 2077 Ἄρη
1376 2055 1385 2072 ,
1407 2025 1540 2075 γίνεται
1560 2026 1791 2078 κρατούμενος
1808 2025 1954 2078 χλωρός·
1986 2024 2098 2068 καθὼς
2117 2025 2247 2077 ἱστορεῖ

1196 2086 1384 2136 Κτησιφῶν
1402 2086 1436 2121 ἐν
1455 2084 1498 2134 ιγ’
1519 2084 1607 2135 Περὶ
1631 2084 1790 2137 δένδρων.

1544 2179 1574 2215 Π
1586 2179 1612 2216 Ε
1618 2179 1663 2216 ΡΙ
1700 2178 1894 2216 ΦΥΤΩΝ.

1250 2265 1357 2301 Idem
1388 2266 1436 2300 ib.
1459 2278 1493 2301 c.
1527 2269 1590 2310 14,
1614 2264 1650 2302 3.
1678 2264 1772 2300 Vide
1804 2264 1936 2312 fragm.
1962 2263 2167 2299 Aristobuli
2199 2276 2242 2306 ξι,

1194 2325 1261 2361 ubi
1281 2323 1455 2359 laudatur
1475 2324 1572 2359 liber
1593 2324 1722 2359 tertius
1739 2322 1817 2369 ejus
1831 2323 1969 2370 operis,
1989 2321 2095 2369 quod
2115 2329 2240 2356 tamen

1193 2384 1255 2419 vix
1276 2383 1462 2419 diversum
1478 2382 1590 2418 fuerit
1607 2382 1653 2418 ab
1669 2393 1784 2430 opere
1800 2382 1856 2417 De
1873 2380 2088 2417 arboribus.

1192 2491 1378 2531 injunxisset
1396 2491 1605 2523 Stesimbroto
1621 2490 1685 2522 tilio
1698 2499 1757 2522 suo
1769 2513 1777 2527 ‚
1792 2498 1832 2521 ne
1846 2498 1921 2521 cum
1937 2489 2027 2521 hoste
2046 2487 2244 2527 confligeret.

1195 2544 1339 2585 Spartani
1351 2544 1419 2583 ejus
1427 2543 1570 2575 absentia
1580 2543 1706 2584 cognita
1715 2567 1723 2582 ,
1733 2542 1843 2583 juveni
1855 2542 2060 2574 timiditatem
2073 2540 2246 2582 exprobra·

1195 2596 1310 2627 verunt
1334 2608 1342 2627 ι
1366 2595 1451 2636 quod
1468 2595 1521 2627 ille
1550 2594 1678 2636 indigne
1700 2594 1819 2634 serens,
1842 2593 1961 2626 oblitus
1988 2593 2085 2634 patris
2107 2600 2245 2633 pugnam

1194 2648 1355 2680 conseruit
1382 2649 1414 2680 et
1427 2647 1516 2680 vicit.
1536 2649 1629 2680 Pater
1652 2648 1762 2679 autem
1782 2647 1881 2678 iratus
1903 2646 1931 2678 ei
1954 2646 2107 2678 coronato
2128 2645 2246 2676 collum

1195 2700 1342 2732 abscidit.
1361 2700 1533 2741 Ctesiphon
1551 2700 1645 2732 tertio
1659 2700 1739 2732 libro
1752 2708 1859 2731 rerum
1874 2699 2099 2731 Boeoticarum.

1603 2773 1828 2812 PERSICA.

1704 2862 1738 2892 2.

1238 2921 1355 2955 Araxes
1380 2917 1538 2949 Armeniae
1567 2916 1682 2948 fluvius
1705 2918 1770 2954 est,
1798 2916 1839 2947 ita
1853 2916 1958 2946 dictus
1977 2915 2016 2946 ab
2034 2918 2156 2952 Araxe,
2178 2913 2246 2952 Pyti

1196 2969 1273 3000 filio.
1289 2969 1347 3000 Hic
1361 2969 1462 3007 enim,
1478 2977 1579 3008 quum
1598 2967 1638 2999 de
1652 2967 1783 3007 imperio
1803 2966 1957 2998 adversus
1976 2965 2129 2997 Arbelum
2147 2973 2244 2995 avum

1196 3028 1290 3051 suum
1310 3020 1482 3060 pugnaret,
1500 3027 1574 3050 eum
1590 3018 1704 3058 sagitta
1725 3017 1889 3055 confodit3
1906 3016 1961 3048 sed
1975 3025 2075 3056 quum
2102 3025 2120 3046 a
2144 3015 2245 3047 Furiis

1197 3072 1379 3108 vexaretur,
1400 3070 1522 3109 proruit
1538 3070 1569 3101 in
1585 3069 1719 3100 fluvium
1738 3070 1906 3107 Bactrum,
1924 3068 1979 3108 qui
1998 3067 2039 3098 ab
2053 3067 2119 3107 ipso
2132 3065 2246 3097 deinde

1197 3123 1303 3155 dictus
1312 3125 1359 3156 est
1375 3127 1493 3156 Araxes
1504 3147 1512 3162 ‚
1533 3123 1577 3155 uti
1595 3123 1690 3155 refert
1705 3122 1879 3162 Ctesiphon
1893 3122 1995 3162 primo
2010 3123 2127 3153 Rerum
2143 3119 2243 3151 Persi-

1200 3184 1321 3207 carum.

1524 3228 1592 3267 DE
1620 3227 1924 3267 ARBORIBUS.

1241 3300 1388 3333 Nascitur
1407 3300 1439 3331 in
1458 3300 1615 3341 coccygio
1632 3301 1740 3332 monte
1755 3300 1850 3332 arbor
1866 3298 1995 3330 nomine
2014 3296 2174 3332 Paliurus,
2191 3293 2243 3325 cui

1200 3353 1226 3384 si
1249 3352 1366 3383 animal
1383 3352 1551 3392 insederit,
1568 3354 1722 3393 tanquam
1740 3352 1825 3383 visco
1842 3350 2013 3387 detinetur,
2037 3347 2170 3385 excepto
2184 3353 2242 3375 cu-

1204 3403 1296 3440 culo;
1312 3403 1389 3434 huic
1409 3404 1493 3435 enim
1511 3404 1628 3444 parcit,
1643 3405 1725 3435 teste
1738 3402 1943 3441 Ctesiphonte
1966 3400 1997 3430 in
2013 3398 2114 3437 primo
2134 3399 2176 3427 De
2193 3404 2240 3425 ar-

1202 3455 1338 3486 boribus.
