<?xml version="1.0" encoding="UTF-8"?>
<!DOCTYPE html PUBLIC "-//W3C//DTD XHTML 1.0 Transitional//EN"
    "http://www.w3.org/TR/xhtml1/DTD/xhtml1-transitional.dtd">
<html xmlns="http://www.w3.org/1999/xhtml" xml:lang="en" lang="en">
 <head>
  <title>
</title>
<meta http-equiv="Content-Type" content="text/html;charset=utf-8" />
  <meta name='ocr-system' content='tesseract 3.04.00' />
  <meta name='ocr-capabilities' content='ocr_page ocr_carea ocr_par ocr_line ocrx_word'/>
</head>
<body>
  <div class='ocr_page' id='page_1' title='image "./fragmentahistori04mueluoft/fragmentahistori04mueluoft_0456.png"; bbox 0 0 2372 3704; ppageno 0'>
   <div class='ocr_carea' id='block_1_1' title="bbox 147 267 225 303">
    <p class='ocr_par' dir='ltr' id='par_1_1' title="bbox 147 267 225 303">
     <span class='ocr_line' id='line_1_1' title="bbox 147 267 225 303; baseline -0.026 0"><span class='ocrx_word' id='word_1_1' title='bbox 147 267 225 303; x_wconf 70' lang='lat'>⁴44</span> 
     </span>
    </p>
   </div>
   <div class='ocr_carea' id='block_1_2' title="bbox 144 343 1207 1685">
    <p class='ocr_par' dir='ltr' id='par_1_2' title="bbox 144 343 1200 1241">
     <span class='ocr_line' id='line_1_2' title="bbox 145 343 1192 398; baseline -0.003 -14"><span class='ocrx_word' id='word_1_2' title='bbox 145 345 284 398; x_wconf 85' lang='grc' dir='ltr'>σίχορον</span> <span class='ocrx_word' id='word_1_3' title='bbox 316 346 374 383; x_wconf 85' lang='grc' dir='ltr'>τὸν</span> <span class='ocrx_word' id='word_1_4' title='bbox 403 343 588 397; x_wconf 82' lang='grc' dir='ltr'>Ἱμεραῖον.</span> <span class='ocrx_word' id='word_1_5' title='bbox 622 343 694 383; x_wconf 78' lang='grc' dir='ltr'>Καὶ</span> <span class='ocrx_word' id='word_1_6' title='bbox 726 343 859 387; x_wconf 88' lang='grc' dir='ltr'>Ξάνθος</span> <span class='ocrx_word' id='word_1_7' title='bbox 884 344 912 382; x_wconf 81' lang='grc' dir='ltr'>δ’</span> <span class='ocrx_word' id='word_1_8' title='bbox 944 346 961 381; x_wconf 86' lang='grc' dir='ltr'>ὁ</span> <span class='ocrx_word' id='word_1_9' title='bbox 991 343 1192 394; x_wconf 81' lang='grc' dir='ltr'>μελοποιὸς,</span> 
     </span>
     <span class='ocr_line' id='line_1_3' title="bbox 144 401 1196 458; baseline -0.005 -15"><span class='ocrx_word' id='word_1_10' title='bbox 144 402 376 458; x_wconf 72' lang='grc' dir='ltr'>πρεσὸύτερος</span> <span class='ocrx_word' id='word_1_11' title='bbox 391 402 439 441; x_wconf 83' lang='grc' dir='ltr'>ὢν</span> <span class='ocrx_word' id='word_1_12' title='bbox 461 401 703 455; x_wconf 82' lang='grc' dir='ltr'>Στησιχόρου,</span> <span class='ocrx_word' id='word_1_13' title='bbox 722 405 768 446; x_wconf 84' lang='grc' dir='ltr'>ὡς</span> <span class='ocrx_word' id='word_1_14' title='bbox 782 402 842 441; x_wconf 71' lang='grc' dir='ltr'>καὶ</span> <span class='ocrx_word' id='word_1_15' title='bbox 861 402 962 446; x_wconf 76' lang='grc' dir='ltr'>αὐτὸς</span> <span class='ocrx_word' id='word_1_16' title='bbox 981 404 999 440; x_wconf 85' lang='grc' dir='ltr'>ὁ</span> <span class='ocrx_word' id='word_1_17' title='bbox 1019 402 1196 453; x_wconf 78' lang='grc' dir='ltr'>Στησίχο-</span> 
     </span>
     <span class='ocr_line' id='line_1_4' title="bbox 146 460 1196 516; baseline -0.005 -14"><span class='ocrx_word' id='word_1_18' title='bbox 146 478 202 516; x_wconf 86' lang='grc' dir='ltr'>ρος</span> <span class='ocrx_word' id='word_1_19' title='bbox 216 463 397 516; x_wconf 82' lang='grc' dir='ltr'>μαρτυρεῖ,</span> <span class='ocrx_word' id='word_1_20' title='bbox 412 460 459 507; x_wconf 81' lang='grc' dir='ltr'>ὥς</span> <span class='ocrx_word' id='word_1_21' title='bbox 472 477 575 515; x_wconf 81' lang='grc' dir='ltr'>φησιν</span> <span class='ocrx_word' id='word_1_22' title='bbox 591 465 609 500; x_wconf 86' lang='grc' dir='ltr'>ὁ</span> <span class='ocrx_word' id='word_1_23' title='bbox 625 462 885 512; x_wconf 82' lang='grc' dir='ltr'>Μεγακλείδης,</span> <span class='ocrx_word' id='word_1_24' title='bbox 900 463 938 500; x_wconf 84' lang='grc' dir='ltr'>οὖ</span> <span class='ocrx_word' id='word_1_25' title='bbox 953 460 1083 508; x_wconf 77' lang='grc' dir='ltr'>ταύτην</span> <span class='ocrx_word' id='word_1_26' title='bbox 1100 462 1196 512; x_wconf 81' lang='grc' dir='ltr'>αὐτῷ</span> 
     </span>
     <span class='ocr_line' id='line_1_5' title="bbox 145 518 1196 575; baseline -0.004 -15"><span class='ocrx_word' id='word_1_27' title='bbox 145 523 342 575; x_wconf 74' lang='grc' dir='ltr'>περιτίθησι</span> <span class='ocrx_word' id='word_1_28' title='bbox 371 522 435 569; x_wconf 83' lang='grc' dir='ltr'>τὴν</span> <span class='ocrx_word' id='word_1_29' title='bbox 456 521 595 568; x_wconf 80' lang='grc' dir='ltr'>στολὴν,</span> <span class='ocrx_word' id='word_1_30' title='bbox 622 520 712 559; x_wconf 82' lang='grc' dir='ltr'>ἀλλὰ</span> <span class='ocrx_word' id='word_1_31' title='bbox 734 519 795 567; x_wconf 80' lang='grc' dir='ltr'>τὴν</span> <span class='ocrx_word' id='word_1_32' title='bbox 823 519 1038 570; x_wconf 86' lang='grc' dir='ltr'>Ὁμηρικήν.</span> <span class='ocrx_word' id='word_1_33' title='bbox 1073 518 1196 557; x_wconf 87' lang='grc' dir='ltr'>Πολλὰ</span> 
     </span>
     <span class='ocr_line' id='line_1_6' title="bbox 146 577 1197 633; baseline -0.004 -14"><span class='ocrx_word' id='word_1_34' title='bbox 146 581 183 619; x_wconf 80' lang='grc' dir='ltr'>δὲ</span> <span class='ocrx_word' id='word_1_35' title='bbox 203 584 270 619; x_wconf 83' lang='grc' dir='ltr'>τῶν</span> <span class='ocrx_word' id='word_1_36' title='bbox 292 581 430 619; x_wconf 85' lang='grc' dir='ltr'>Ξάνθου</span> <span class='ocrx_word' id='word_1_37' title='bbox 450 579 738 633; x_wconf 81' lang='grc' dir='ltr'>παραπεποίηκεν</span> <span class='ocrx_word' id='word_1_38' title='bbox 765 582 782 617; x_wconf 88' lang='grc' dir='ltr'>ὁ</span> <span class='ocrx_word' id='word_1_39' title='bbox 811 578 1048 631; x_wconf 83' lang='grc' dir='ltr'>Στησίχορος,</span> <span class='ocrx_word' id='word_1_40' title='bbox 1078 577 1197 629; x_wconf 82' lang='grc' dir='ltr'>ὥσπερ</span> 
     </span>
     <span class='ocr_line' id='line_1_7' title="bbox 146 635 1196 692; baseline -0.005 -14"><span class='ocrx_word' id='word_1_41' title='bbox 146 639 207 678; x_wconf 77' lang='grc' dir='ltr'>καὶ</span> <span class='ocrx_word' id='word_1_42' title='bbox 227 639 289 687; x_wconf 81' lang='grc' dir='ltr'>τὴν</span> <span class='ocrx_word' id='word_1_43' title='bbox 321 639 525 692; x_wconf 87' lang='grc' dir='ltr'>Ὀρεστείαν</span> <span class='ocrx_word' id='word_1_44' title='bbox 551 637 785 688; x_wconf 85' lang='grc' dir='ltr'>καλουμένην.</span> <span class='ocrx_word' id='word_1_45' title='bbox 814 636 1028 683; x_wconf 83' lang='grc' dir='ltr'>Ἀντισθένης</span> <span class='ocrx_word' id='word_1_46' title='bbox 1056 635 1110 684; x_wconf 81' lang='grc' dir='ltr'>δὲ,</span> <span class='ocrx_word' id='word_1_47' title='bbox 1135 635 1196 681; x_wconf 80' lang='grc' dir='ltr'>τὴν</span> 
     </span>
     <span class='ocr_line' id='line_1_8' title="bbox 149 693 1199 750; baseline -0.005 -13"><span class='ocrx_word' id='word_1_48' title='bbox 149 698 274 746; x_wconf 79' lang='grc' dir='ltr'>ἡδονὴν</span> <span class='ocrx_word' id='word_1_49' title='bbox 292 698 419 749; x_wconf 78' lang='grc' dir='ltr'>ἀγαθὸν</span> <span class='ocrx_word' id='word_1_50' title='bbox 440 693 527 735; x_wconf 69' lang='grc' dir='ltr'>εἶναι</span> <span class='ocrx_word' id='word_1_51' title='bbox 544 697 702 750; x_wconf 85' lang='grc' dir='ltr'>φάσκων,</span> <span class='ocrx_word' id='word_1_52' title='bbox 725 695 919 747; x_wconf 85' lang='grc' dir='ltr'>προσέθηκε</span> <span class='ocrx_word' id='word_1_53' title='bbox 939 695 1002 741; x_wconf 83' lang='grc' dir='ltr'>τὴν</span> <span class='ocrx_word' id='word_1_54' title='bbox 1023 694 1199 744; x_wconf 82' lang='grc' dir='ltr'>ἀμεταμέ-</span> 
     </span>
     <span class='ocr_line' id='line_1_9' title="bbox 147 752 1199 810; baseline -0.006 -14"><span class='ocrx_word' id='word_1_55' title='bbox 147 759 267 805; x_wconf 87' lang='grc' dir='ltr'>λητον.</span> <span class='ocrx_word' id='word_1_56' title='bbox 283 756 328 796; x_wconf 88' lang='grc' dir='ltr'>Ὁ</span> <span class='ocrx_word' id='word_1_57' title='bbox 347 756 383 795; x_wconf 80' lang='grc' dir='ltr'>δὲ</span> <span class='ocrx_word' id='word_1_58' title='bbox 400 755 496 810; x_wconf 85' lang='grc' dir='ltr'>παρὰ</span> <span class='ocrx_word' id='word_1_59' title='bbox 513 758 563 808; x_wconf 83' lang='grc' dir='ltr'>τῷ</span> <span class='ocrx_word' id='word_1_60' title='bbox 577 755 728 808; x_wconf 81' lang='grc' dir='ltr'>Ὁμήρῳ</span> <span class='ocrx_word' id='word_1_61' title='bbox 746 754 938 797; x_wconf 78' lang='grc' dir='ltr'>Ὀδυσσεὺς</span> <span class='ocrx_word' id='word_1_62' title='bbox 951 752 1092 805; x_wconf 84' lang='grc' dir='ltr'>ἡγεμὼν</span> <span class='ocrx_word' id='word_1_63' title='bbox 1107 755 1199 791; x_wconf 83' lang='grc' dir='ltr'>δοκεῖ</span> 
     </span>
     <span class='ocr_line' id='line_1_10' title="bbox 148 812 1195 868; baseline -0.006 -14"><span class='ocrx_word' id='word_1_64' title='bbox 148 818 355 867; x_wconf 77' lang='grc' dir='ltr'>γεγενῆσθαι</span> <span class='ocrx_word' id='word_1_65' title='bbox 389 814 589 868; x_wconf 81' lang='grc' dir='ltr'>Ἐπικούρῳ</span> <span class='ocrx_word' id='word_1_66' title='bbox 617 817 678 861; x_wconf 72' lang='grc' dir='ltr'>τῆς</span> <span class='ocrx_word' id='word_1_67' title='bbox 706 812 967 865; x_wconf 84' lang='grc' dir='ltr'>πολυθρυλήτου</span> <span class='ocrx_word' id='word_1_68' title='bbox 1003 813 1195 858; x_wconf 79' lang='grc' dir='ltr'>ἡδονῆς....</span> 
     </span>
     <span class='ocr_line' id='line_1_11' title="bbox 150 871 1200 925; baseline -0.007 -12"><span class='ocrx_word' id='word_1_69' title='bbox 150 874 196 913; x_wconf 83' lang='lat' dir='ltr'>‘O</span> <span class='ocrx_word' id='word_1_70' title='bbox 216 874 252 912; x_wconf 89' lang='grc' dir='ltr'>δὲ</span> <span class='ocrx_word' id='word_1_71' title='bbox 272 872 518 924; x_wconf 84' lang='grc' dir='ltr'>Μεγακλείδης</span> <span class='ocrx_word' id='word_1_72' title='bbox 533 873 639 925; x_wconf 78' lang='grc' dir='ltr'>φησὶ,</span> <span class='ocrx_word' id='word_1_73' title='bbox 657 872 714 910; x_wconf 82' lang='grc' dir='ltr'>τὸν</span> <span class='ocrx_word' id='word_1_74' title='bbox 732 871 925 918; x_wconf 82' lang='grc' dir='ltr'>Ὀδυσσέα,</span> <span class='ocrx_word' id='word_1_75' title='bbox 942 871 1200 920; x_wconf 78' lang='grc' dir='ltr'>καθομιλοῦντα</span> 
     </span>
     <span class='ocr_line' id='line_1_12' title="bbox 149 927 1199 983; baseline -0.005 -13"><span class='ocrx_word' id='word_1_76' title='bbox 149 932 228 976; x_wconf 74' lang='grc' dir='ltr'>τοὺς</span> <span class='ocrx_word' id='word_1_77' title='bbox 255 931 396 983; x_wconf 77' lang='grc' dir='ltr'>καιροὺς</span> <span class='ocrx_word' id='word_1_78' title='bbox 416 931 503 983; x_wconf 81' lang='grc' dir='ltr'>ὑπὲρ</span> <span class='ocrx_word' id='word_1_79' title='bbox 536 934 594 969; x_wconf 82' lang='grc' dir='ltr'>τοῦ</span> <span class='ocrx_word' id='word_1_80' title='bbox 622 931 733 968; x_wconf 88' lang='grc' dir='ltr'>δοκεῖν</span> <span class='ocrx_word' id='word_1_81' title='bbox 763 930 916 979; x_wconf 82' lang='grc' dir='ltr'>ὁμοήθης</span> <span class='ocrx_word' id='word_1_82' title='bbox 942 933 1013 972; x_wconf 88' lang='grc' dir='ltr'>τοῖς</span> <span class='ocrx_word' id='word_1_83' title='bbox 1044 927 1199 972; x_wconf 83' lang='grc' dir='ltr'>Φαίαξιν</span> 
     </span>
     <span class='ocr_line' id='line_1_13' title="bbox 151 986 1200 1043; baseline -0.005 -14"><span class='ocrx_word' id='word_1_84' title='bbox 151 986 258 1038; x_wconf 64' lang='grc' dir='ltr'>εἶναι,</span> <span class='ocrx_word' id='word_1_85' title='bbox 271 990 309 1029; x_wconf 81' lang='grc' dir='ltr'>τὸ</span> <span class='ocrx_word' id='word_1_86' title='bbox 324 990 543 1043; x_wconf 69' lang='grc' dir='ltr'>ἁὸροδίαιτον</span> <span class='ocrx_word' id='word_1_87' title='bbox 561 990 675 1028; x_wconf 79' lang='grc' dir='ltr'>αὐτῶν</span> <span class='ocrx_word' id='word_1_88' title='bbox 694 988 922 1036; x_wconf 81' lang='grc' dir='ltr'>ἀσπάζεσθαι,</span> <span class='ocrx_word' id='word_1_89' title='bbox 937 986 1200 1040; x_wconf 86' lang='grc' dir='ltr'>προπυθόμενον</span> 
     </span>
     <span class='ocr_line' id='line_1_14' title="bbox 150 1049 410 1090; baseline -0.008 -2"><span class='ocrx_word' id='word_1_90' title='bbox 150 1054 209 1088; x_wconf 79' lang='grc' dir='ltr'>τοῦ</span> <span class='ocrx_word' id='word_1_91' title='bbox 231 1049 387 1090; x_wconf 86' lang='grc' dir='ltr'>Ἀλκίνου</span> <span class='ocrx_word' id='word_1_92' title='bbox 402 1065 410 1073; x_wconf 92' lang='grc'>·</span> 
     </span>
     <span class='ocr_line' id='line_1_15' title="bbox 232 1149 989 1193; baseline -0.004 -9"><span class='ocrx_word' id='word_1_93' title='bbox 232 1154 298 1185; x_wconf 86' lang='grc' dir='ltr'>Αἰεὶ</span> <span class='ocrx_word' id='word_1_94' title='bbox 312 1154 338 1184; x_wconf 86' lang='grc' dir='ltr'>δ’</span> <span class='ocrx_word' id='word_1_95' title='bbox 353 1154 426 1193; x_wconf 88' lang='grc' dir='ltr'>ἡμῖν</span> <span class='ocrx_word' id='word_1_96' title='bbox 440 1152 506 1186; x_wconf 86' lang='grc' dir='ltr'>δαίς</span> <span class='ocrx_word' id='word_1_97' title='bbox 521 1162 554 1183; x_wconf 90' lang='grc' dir='ltr'>τε</span> <span class='ocrx_word' id='word_1_98' title='bbox 567 1150 637 1191; x_wconf 85' lang='grc' dir='ltr'>φίλη</span> <span class='ocrx_word' id='word_1_99' title='bbox 657 1150 773 1191; x_wconf 87' lang='grc' dir='ltr'>κίθαρίς</span> <span class='ocrx_word' id='word_1_100' title='bbox 787 1161 819 1182; x_wconf 84' lang='grc' dir='ltr'>τε</span> <span class='ocrx_word' id='word_1_101' title='bbox 835 1149 922 1191; x_wconf 88' lang='grc' dir='ltr'>χοροί</span> <span class='ocrx_word' id='word_1_102' title='bbox 937 1161 969 1181; x_wconf 88' lang='grc' dir='ltr'>τε</span> <span class='ocrx_word' id='word_1_103' title='bbox 981 1173 989 1188; x_wconf 92' lang='grc'>,</span> 
     </span>
     <span class='ocr_line' id='line_1_16' title="bbox 233 1197 1004 1241; baseline -0.005 -9"><span class='ocrx_word' id='word_1_104' title='bbox 233 1199 346 1241; x_wconf 80' lang='grc' dir='ltr'>εἵματά</span> <span class='ocrx_word' id='word_1_105' title='bbox 357 1200 384 1231; x_wconf 85' lang='grc' dir='ltr'>τ’</span> <span class='ocrx_word' id='word_1_106' title='bbox 398 1199 546 1240; x_wconf 75' lang='grc' dir='ltr'>ἐξημοιὸὰ</span> <span class='ocrx_word' id='word_1_107' title='bbox 564 1197 674 1239; x_wconf 82' lang='grc' dir='ltr'>λοετρά</span> <span class='ocrx_word' id='word_1_108' title='bbox 690 1208 722 1229; x_wconf 84' lang='grc' dir='ltr'>τε</span> <span class='ocrx_word' id='word_1_109' title='bbox 736 1198 831 1238; x_wconf 79' lang='grc' dir='ltr'>θερμὰ</span> <span class='ocrx_word' id='word_1_110' title='bbox 841 1198 895 1229; x_wconf 87' lang='grc' dir='ltr'>καὶ</span> <span class='ocrx_word' id='word_1_111' title='bbox 909 1197 1004 1229; x_wconf 82' lang='grc' dir='ltr'>εὐναί.</span> 
     </span>
    </p>

    <p class='ocr_par' dir='ltr' id='par_1_3' title="bbox 152 1274 1122 1336">
     <span class='ocr_line' id='line_1_17' title="bbox 152 1274 1122 1336; baseline -0.003 -15"><span class='ocrx_word' id='word_1_112' title='bbox 152 1283 279 1326; x_wconf 90' lang='grc' dir='ltr'>Μόνως</span> <span class='ocrx_word' id='word_1_113' title='bbox 297 1282 365 1336; x_wconf 79' lang='grc' dir='ltr'>γὰρ</span> <span class='ocrx_word' id='word_1_114' title='bbox 385 1281 492 1326; x_wconf 78' lang='grc' dir='ltr'>οὕτως</span> <span class='ocrx_word' id='word_1_115' title='bbox 510 1280 607 1335; x_wconf 84' lang='grc' dir='ltr'>ᾠήθη</span> <span class='ocrx_word' id='word_1_116' title='bbox 625 1274 672 1319; x_wconf 69' lang='grc' dir='ltr'>ὧν</span> <span class='ocrx_word' id='word_1_117' title='bbox 693 1280 818 1327; x_wconf 88' lang='grc' dir='ltr'>ἤλπιζε</span> <span class='ocrx_word' id='word_1_118' title='bbox 835 1279 884 1331; x_wconf 84' lang='grc' dir='ltr'>μὴ</span> <span class='ocrx_word' id='word_1_119' title='bbox 906 1279 1122 1332; x_wconf 84' lang='grc' dir='ltr'>διαμαρτεῖν.</span> 
     </span>
    </p>

    <p class='ocr_par' dir='ltr' id='par_1_4' title="bbox 153 1337 1207 1685">
     <span class='ocr_line' id='line_1_18' title="bbox 207 1337 1205 1391; baseline -0.005 -13"><span class='ocrx_word' id='word_1_120' title='bbox 207 1344 394 1379; x_wconf 80' lang='lat' dir='ltr'>Praeterea</span> <span class='ocrx_word' id='word_1_121' title='bbox 426 1355 488 1391; x_wconf 88' lang='lat' dir='ltr'>ap.</span> <span class='ocrx_word' id='word_1_122' title='bbox 532 1342 735 1378; x_wconf 86' lang='lat' dir='ltr'>Tatianum</span> <span class='ocrx_word' id='word_1_123' title='bbox 769 1340 867 1376; x_wconf 88' lang='lat' dir='ltr'><strong>Adv.</strong></span> <span class='ocrx_word' id='word_1_124' title='bbox 906 1347 1010 1389; x_wconf 84' lang='lat' dir='ltr'>gent.</span> <span class='ocrx_word' id='word_1_125' title='bbox 1050 1352 1090 1387; x_wconf 93' lang='lat' dir='ltr'><strong>p.</strong></span> <span class='ocrx_word' id='word_1_126' title='bbox 1131 1337 1205 1374; x_wconf 85' lang='lat'>166·</span> 
     </span>
     <span class='ocr_line' id='line_1_19' title="bbox 154 1397 1204 1453; baseline -0.005 -16"><span class='ocrx_word' id='word_1_127' title='bbox 154 1402 317 1453; x_wconf 86' lang='lat' dir='ltr'>(Euseh.</span> <span class='ocrx_word' id='word_1_128' title='bbox 340 1402 383 1439; x_wconf 90' lang='lat' dir='ltr'>P.</span> <span class='ocrx_word' id='word_1_129' title='bbox 401 1402 445 1439; x_wconf 85' lang='lat' dir='ltr'><strong>E.</strong></span> <span class='ocrx_word' id='word_1_130' title='bbox 475 1413 517 1450; x_wconf 82' lang='lat' dir='ltr'>p,</span> <span class='ocrx_word' id='word_1_131' title='bbox 549 1399 649 1448; x_wconf 74' lang='grc'>492)</span> <span class='ocrx_word' id='word_1_132' title='bbox 677 1401 775 1434; x_wconf 80' lang='lat' dir='ltr'>inter</span> <span class='ocrx_word' id='word_1_133' title='bbox 801 1411 866 1435; x_wconf 92' lang='lat' dir='ltr'>eos</span> <span class='ocrx_word' id='word_1_134' title='bbox 896 1399 961 1447; x_wconf 86' lang='lat' dir='ltr'>qui</span> <span class='ocrx_word' id='word_1_135' title='bbox 981 1398 1029 1434; x_wconf 91' lang='lat' dir='ltr'>de</span> <span class='ocrx_word' id='word_1_136' title='bbox 1047 1397 1204 1447; x_wconf 82' lang='lat' dir='ltr'>Homeri</span> 
     </span>
     <span class='ocr_line' id='line_1_20' title="bbox 153 1458 1207 1508; baseline -0.006 -12"><span class='ocrx_word' id='word_1_137' title='bbox 153 1473 307 1508; x_wconf 81' lang='lat' dir='ltr'><strong>genere,</strong></span> <span class='ocrx_word' id='word_1_138' title='bbox 323 1460 465 1508; x_wconf 88' lang='lat' dir='ltr'>patria,</span> <span class='ocrx_word' id='word_1_139' title='bbox 484 1458 714 1494; x_wconf 84' lang='lat' dir='ltr'>carminibus</span> <span class='ocrx_word' id='word_1_140' title='bbox 734 1458 973 1506; x_wconf 82' lang='lat' dir='ltr'><strong>scripserint,</strong></span> <span class='ocrx_word' id='word_1_141' title='bbox 991 1463 1207 1492; x_wconf 88' lang='lat' dir='ltr'>recensetur</span> 
     </span>
     <span class='ocr_line' id='line_1_21' title="bbox 153 1512 1201 1569; baseline -0.006 -13"><span class='ocrx_word' id='word_1_142' title='bbox 153 1517 400 1569; x_wconf 85' lang='grc' dir='ltr'>Μεγακλείδης</span> <span class='ocrx_word' id='word_1_143' title='bbox 426 1532 463 1554; x_wconf 90' lang='grc' dir='ltr'>τε</span> <span class='ocrx_word' id='word_1_144' title='bbox 483 1515 543 1554; x_wconf 84' lang='grc' dir='ltr'>καὶ</span> <span class='ocrx_word' id='word_1_145' title='bbox 563 1518 581 1553; x_wconf 84' lang='grc' dir='ltr'>ὁ</span> <span class='ocrx_word' id='word_1_146' title='bbox 611 1515 826 1565; x_wconf 80' lang='grc' dir='ltr'>Χαμαιλέων</span> <span class='ocrx_word' id='word_1_147' title='bbox 847 1516 878 1552; x_wconf 82' lang='grc' dir='ltr'>οἳ</span> <span class='ocrx_word' id='word_1_148' title='bbox 899 1512 1169 1566; x_wconf 88' lang='grc' dir='ltr'>περιπατητικοί</span> <span class='ocrx_word' id='word_1_149' title='bbox 1194 1527 1201 1550; x_wconf 89' lang='lat'>:</span> 
     </span>
     <span class='ocr_line' id='line_1_22' title="bbox 153 1574 1206 1626; baseline -0.005 -12"><span class='ocrx_word' id='word_1_150' title='bbox 153 1592 230 1626; x_wconf 88' lang='lat' dir='ltr'>quo</span> <span class='ocrx_word' id='word_1_151' title='bbox 248 1579 335 1614; x_wconf 87' lang='lat' dir='ltr'>loco</span> <span class='ocrx_word' id='word_1_152' title='bbox 353 1579 546 1614; x_wconf 86' lang='lat' dir='ltr'>Reinesius</span> <span class='ocrx_word' id='word_1_153' title='bbox 563 1578 602 1612; x_wconf 89' lang='lat' dir='ltr'>in</span> <span class='ocrx_word' id='word_1_154' title='bbox 622 1577 815 1625; x_wconf 89' lang='lat' dir='ltr'>Supplem.</span> <span class='ocrx_word' id='word_1_155' title='bbox 835 1575 885 1611; x_wconf 89' lang='lat' dir='ltr'>ad</span> <span class='ocrx_word' id='word_1_156' title='bbox 900 1577 1004 1611; x_wconf 90' lang='lat' dir='ltr'>Voss.</span> <span class='ocrx_word' id='word_1_157' title='bbox 1027 1574 1039 1624; x_wconf 88' lang='lat'>(</span> <span class='ocrx_word' id='word_1_158' title='bbox 1054 1588 1090 1612; x_wconf 87' lang='lat' dir='ltr'><strong>V.</strong></span> <span class='ocrx_word' id='word_1_159' title='bbox 1114 1575 1206 1610; x_wconf 84' lang='lat' dir='ltr'>We-</span> 
     </span>
     <span class='ocr_line' id='line_1_23' title="bbox 153 1631 1207 1685; baseline -0.005 -13"><span class='ocrx_word' id='word_1_160' title='bbox 153 1644 359 1674; x_wconf 84' lang='lat' dir='ltr'>stermann.</span> <span class='ocrx_word' id='word_1_161' title='bbox 375 1649 416 1684; x_wconf 92' lang='lat' dir='ltr'>p.</span> <span class='ocrx_word' id='word_1_162' title='bbox 436 1634 533 1683; x_wconf 76' lang='lat'>465)</span> <span class='ocrx_word' id='word_1_163' title='bbox 552 1635 667 1670; x_wconf 81' lang='lat' dir='ltr'><strong>scribi</strong></span> <span class='ocrx_word' id='word_1_164' title='bbox 687 1636 812 1671; x_wconf 80' lang='lat' dir='ltr'>voluit</span> <span class='ocrx_word' id='word_1_165' title='bbox 832 1631 1078 1685; x_wconf 85' lang='grc' dir='ltr'>Ἡρακλείδης.</span> <span class='ocrx_word' id='word_1_166' title='bbox 1101 1632 1207 1668; x_wconf 88' lang='lat' dir='ltr'>Idem</span> 
     </span>
    </p>
   </div>
   <div class='ocr_carea' id='block_1_3' title="bbox 154 1691 1207 1742">
    <p class='ocr_par' dir='ltr' id='par_1_5' title="bbox 154 1691 1207 1742">
     <span class='ocr_line' id='line_1_24' title="bbox 154 1691 1207 1742; baseline -0.005 -11"><span class='ocrx_word' id='word_1_167' title='bbox 154 1694 371 1742; x_wconf 84' lang='lat' dir='ltr'>conjecerat</span> <span class='ocrx_word' id='word_1_168' title='bbox 390 1694 613 1731; x_wconf 82' lang='lat' dir='ltr'>Welckerus</span> <span class='ocrx_word' id='word_1_169' title='bbox 632 1694 671 1729; x_wconf 93' lang='lat' dir='ltr'>in</span> <span class='ocrx_word' id='word_1_170' title='bbox 693 1693 796 1741; x_wconf 83' lang='lat' dir='ltr'><strong>Cycl.</strong></span> <span class='ocrx_word' id='word_1_171' title='bbox 816 1706 854 1741; x_wconf 90' lang='lat' dir='ltr'><strong>p.</strong></span> <span class='ocrx_word' id='word_1_172' title='bbox 878 1693 950 1741; x_wconf 88' lang='lat'>189</span> <span class='ocrx_word' id='word_1_173' title='bbox 965 1706 1004 1728; x_wconf 93' lang='lat' dir='ltr'>n.</span> <span class='ocrx_word' id='word_1_174' title='bbox 1023 1691 1112 1736; x_wconf 84' lang='grc'>280,</span> <span class='ocrx_word' id='word_1_175' title='bbox 1131 1691 1207 1726; x_wconf 87' lang='lat' dir='ltr'>hae-</span> 
     </span>
    </p>
   </div>
   <div class='ocr_carea' id='block_1_4' title="bbox 154 1748 1205 1856">
    <p class='ocr_par' dir='ltr' id='par_1_6' title="bbox 154 1748 1205 1856">
     <span class='ocr_line' id='line_1_25' title="bbox 154 1748 1205 1802; baseline -0.004 -13"><span class='ocrx_word' id='word_1_176' title='bbox 154 1755 269 1789; x_wconf 87' lang='lat' dir='ltr'>sitans</span> <span class='ocrx_word' id='word_1_177' title='bbox 287 1760 412 1789; x_wconf 88' lang='lat' dir='ltr'>tamen</span> <span class='ocrx_word' id='word_1_178' title='bbox 424 1759 585 1802; x_wconf 87' lang='lat' dir='ltr'>propter</span> <span class='ocrx_word' id='word_1_179' title='bbox 597 1754 764 1801; x_wconf 86' lang='lat' dir='ltr'>reliquos</span> <span class='ocrx_word' id='word_1_180' title='bbox 782 1753 886 1788; x_wconf 87' lang='lat' dir='ltr'>locos</span> <span class='ocrx_word' id='word_1_181' title='bbox 897 1779 907 1797; x_wconf 89' lang='lat'><em>,</em></span> <span class='ocrx_word' id='word_1_182' title='bbox 923 1752 989 1788; x_wconf 92' lang='lat' dir='ltr'>ubi</span> <span class='ocrx_word' id='word_1_183' title='bbox 1005 1748 1205 1800; x_wconf 87' lang='grc' dir='ltr'>Μεγακλεί-</span> 
     </span>
     <span class='ocr_line' id='line_1_26' title="bbox 156 1811 431 1856; baseline -0.004 -8"><span class='ocrx_word' id='word_1_184' title='bbox 156 1811 216 1856; x_wconf 86' lang='grc' dir='ltr'>δης</span> <span class='ocrx_word' id='word_1_185' title='bbox 234 1813 431 1848; x_wconf 84' lang='lat' dir='ltr'>excitatur.</span> 
     </span>
    </p>
   </div>
   <div class='ocr_carea' id='block_1_5' title="bbox 577 1933 794 1949">
    <p class='ocr_par' dir='ltr' id='par_1_7' title="bbox 577 1933 794 1949">
     <span class='ocr_line' id='line_1_27' title="bbox 577 1933 794 1949; baseline 0 -2"><span class='ocrx_word' id='word_1_186' title='bbox 577 1933 794 1949; x_wconf 49' lang='lat' dir='ltr'>——w—</span> 
     </span>
    </p>
   </div>
   <div class='ocr_carea' id='block_1_6' title="bbox 439 2046 936 2109">
    <p class='ocr_par' dir='ltr' id='par_1_8' title="bbox 439 2046 936 2109">
     <span class='ocr_line' id='line_1_28' title="bbox 439 2046 936 2109; baseline -0.014 -1"><span class='ocrx_word' id='word_1_187' title='bbox 439 2046 936 2109; x_wconf 83' lang='lat' dir='ltr'><strong>MELANTHIUS.</strong></span> 
     </span>
    </p>
   </div>
   <div class='ocr_carea' id='block_1_7' title="bbox 443 2174 923 2313">
    <p class='ocr_par' dir='ltr' id='par_1_9' title="bbox 443 2174 923 2313">
     <span class='ocr_line' id='line_1_29' title="bbox 605 2174 770 2214; baseline -0.018 0"><span class='ocrx_word' id='word_1_188' title='bbox 605 2174 770 2214; x_wconf 87' lang='grc' dir='ltr'>ΑΤΘΙΣ.</span> 
     </span>
     <span class='ocr_line' id='line_1_30' title="bbox 443 2274 923 2313; baseline -0.004 -1"><span class='ocrx_word' id='word_1_189' title='bbox 443 2276 473 2313; x_wconf 85' lang='grc' dir='ltr'>Ε</span> <span class='ocrx_word' id='word_1_190' title='bbox 500 2277 652 2312; x_wconf 85' lang='lat' dir='ltr'>LIBRO</span> <span class='ocrx_word' id='word_1_191' title='bbox 682 2274 923 2312; x_wconf 85' lang='lat' dir='ltr'><strong>SECUNDO.</strong></span> 
     </span>
    </p>
   </div>
   <div class='ocr_carea' id='block_1_8' title="bbox 677 2381 707 2404">
    <p class='ocr_par' dir='ltr' id='par_1_10' title="bbox 677 2381 707 2404">
     <span class='ocr_line' id='line_1_31' title="bbox 677 2381 707 2404; baseline -0.033 0"><span class='ocrx_word' id='word_1_192' title='bbox 677 2381 707 2404; x_wconf 88' lang='lat'><strong>1.</strong></span> 
     </span>
    </p>
   </div>
   <div class='ocr_carea' id='block_1_9' title="bbox 163 2434 1216 2546">
    <p class='ocr_par' dir='ltr' id='par_1_11' title="bbox 163 2434 1216 2546">
     <span class='ocr_line' id='line_1_32' title="bbox 218 2434 1216 2488; baseline -0.004 -12"><span class='ocrx_word' id='word_1_193' title='bbox 218 2439 471 2488; x_wconf 82' lang='lat' dir='ltr'>Harpocratio</span> <span class='ocrx_word' id='word_1_194' title='bbox 494 2451 534 2474; x_wconf 87' lang='lat' dir='ltr'><strong>v.</strong></span> <span class='ocrx_word' id='word_1_195' title='bbox 557 2435 755 2488; x_wconf 89' lang='grc' dir='ltr'>Γρυπάνιον</span> <span class='ocrx_word' id='word_1_196' title='bbox 781 2448 789 2474; x_wconf 89' lang='lat'>:</span> <span class='ocrx_word' id='word_1_197' title='bbox 813 2435 1007 2478; x_wconf 77' lang='grc' dir='ltr'>Μελάνθιος</span> <span class='ocrx_word' id='word_1_198' title='bbox 1028 2436 1062 2473; x_wconf 83' lang='grc' dir='ltr'>ἐν</span> <span class='ocrx_word' id='word_1_199' title='bbox 1084 2434 1114 2487; x_wconf 85' lang='grc' dir='ltr'>β’</span> <span class='ocrx_word' id='word_1_200' title='bbox 1137 2434 1216 2474; x_wconf 77' lang='grc' dir='ltr'>Ἀτ-</span> 
     </span>
     <span class='ocr_line' id='line_1_33' title="bbox 163 2493 1216 2546; baseline -0.004 -11"><span class='ocrx_word' id='word_1_201' title='bbox 163 2497 252 2540; x_wconf 81' lang='grc' dir='ltr'>θίδος</span> <span class='ocrx_word' id='word_1_202' title='bbox 282 2494 387 2533; x_wconf 88' lang='grc' dir='ltr'>εἷπὼν</span> <span class='ocrx_word' id='word_1_203' title='bbox 420 2494 563 2544; x_wconf 85' lang='grc' dir='ltr'>σεισμὸν</span> <span class='ocrx_word' id='word_1_204' title='bbox 589 2494 766 2546; x_wconf 86' lang='grc' dir='ltr'>γεγονέναι</span> <span class='ocrx_word' id='word_1_205' title='bbox 793 2494 896 2546; x_wconf 84' lang='grc' dir='ltr'>φησί·</span> <span class='ocrx_word' id='word_1_206' title='bbox 927 2513 942 2528; x_wconf 75' lang='grc' dir='ltr'>«ι</span> <span class='ocrx_word' id='word_1_207' title='bbox 968 2493 1039 2532; x_wconf 72' lang='grc' dir='ltr'>Καὶ</span> <span class='ocrx_word' id='word_1_208' title='bbox 1070 2493 1216 2546; x_wconf 84' lang='grc' dir='ltr'>ἔγρυπεν</span> 
     </span>
    </p>
   </div>
   <div class='ocr_carea' id='block_1_10' title="bbox 163 2558 305 2607">
    <p class='ocr_par' dir='ltr' id='par_1_12' title="bbox 163 2558 305 2607">
     <span class='ocr_line' id='line_1_34' title="bbox 163 2558 305 2607; baseline -0.007 -5"><span class='ocrx_word' id='word_1_209' title='bbox 163 2559 186 2602; x_wconf 76' lang='grc' dir='ltr'><strong>ἢ</strong></span> <span class='ocrx_word' id='word_1_210' title='bbox 204 2558 263 2607; x_wconf 81' lang='grc' dir='ltr'>γῆ-</span> <span class='ocrx_word' id='word_1_211' title='bbox 290 2573 305 2589; x_wconf 79' lang='grc'><em>»</em></span> 
     </span>
    </p>
   </div>
   <div class='ocr_carea' id='block_1_11' title="bbox 596 2692 789 2731">
    <p class='ocr_par' dir='ltr' id='par_1_13' title="bbox 596 2692 789 2731">
     <span class='ocr_line' id='line_1_35' title="bbox 596 2692 789 2731; baseline 0 -1"><span class='ocrx_word' id='word_1_212' title='bbox 596 2692 729 2731; x_wconf 86' lang='grc' dir='ltr'><strong>ΑΤΤΗ</strong></span> <span class='ocrx_word' id='word_1_213' title='bbox 734 2692 789 2731; x_wconf 84' lang='lat' dir='ltr'><strong>IS.</strong></span> 
     </span>
    </p>
   </div>
   <div class='ocr_carea' id='block_1_12' title="bbox 677 2784 710 2815">
    <p class='ocr_par' dir='ltr' id='par_1_14' title="bbox 677 2784 710 2815">
     <span class='ocr_line' id='line_1_36' title="bbox 677 2784 710 2815; baseline -0.03 0"><span class='ocrx_word' id='word_1_214' title='bbox 677 2784 710 2815; x_wconf 87' lang='lat'><strong>1.</strong></span> 
     </span>
    </p>
   </div>
   <div class='ocr_carea' id='block_1_13' title="bbox 169 2848 1221 2938">
    <p class='ocr_par' dir='ltr' id='par_1_15' title="bbox 169 2848 1221 2938">
     <span class='ocr_line' id='line_1_37' title="bbox 211 2848 1221 2889; baseline -0.006 -3"><span class='ocrx_word' id='word_1_215' title='bbox 211 2852 403 2886; x_wconf 80' lang='lat' dir='ltr'>Melanthius</span> <span class='ocrx_word' id='word_1_216' title='bbox 430 2852 462 2883; x_wconf 91' lang='lat' dir='ltr'>in</span> <span class='ocrx_word' id='word_1_217' title='bbox 487 2852 630 2884; x_wconf 87' lang='lat' dir='ltr'>secundo</span> <span class='ocrx_word' id='word_1_218' title='bbox 647 2850 787 2884; x_wconf 84' lang='lat' dir='ltr'>Atthidis</span> <span class='ocrx_word' id='word_1_219' title='bbox 803 2850 842 2883; x_wconf 90' lang='lat' dir='ltr'>de</span> <span class='ocrx_word' id='word_1_220' title='bbox 870 2851 964 2882; x_wconf 81' lang='lat' dir='ltr'>terrae</span> <span class='ocrx_word' id='word_1_221' title='bbox 981 2850 1070 2881; x_wconf 91' lang='lat' dir='ltr'>motu</span> <span class='ocrx_word' id='word_1_222' title='bbox 1088 2848 1221 2889; x_wconf 89' lang='lat' dir='ltr'>loquens</span> 
     </span>
     <span class='ocr_line' id='line_1_38' title="bbox 169 2904 629 2938; baseline -0.011 -1"><span class='ocrx_word' id='word_1_223' title='bbox 169 2906 237 2938; x_wconf 84' lang='lat' dir='ltr'>ait:</span> <span class='ocrx_word' id='word_1_224' title='bbox 258 2917 273 2932; x_wconf 90' lang='lat'>«</span> <span class='ocrx_word' id='word_1_225' title='bbox 292 2905 331 2936; x_wconf 86' lang='lat' dir='ltr'>Et</span> <span class='ocrx_word' id='word_1_226' title='bbox 342 2904 423 2936; x_wconf 85' lang='lat' dir='ltr'>flexa</span> <span class='ocrx_word' id='word_1_227' title='bbox 436 2905 522 2935; x_wconf 83' lang='lat' dir='ltr'>terra</span> <span class='ocrx_word' id='word_1_228' title='bbox 541 2907 599 2936; x_wconf 80' lang='lat' dir='ltr'>est.</span> <span class='ocrx_word' id='word_1_229' title='bbox 615 2917 629 2932; x_wconf 68' lang='grc' dir='ltr'>ι)</span> 
     </span>
    </p>
   </div>
   <div class='ocr_carea' id='block_1_14' title="bbox 344 2984 1042 3025">
    <p class='ocr_par' dir='ltr' id='par_1_16' title="bbox 344 2984 1042 3025">
     <span class='ocr_line' id='line_1_39' title="bbox 344 2984 1042 3025; baseline -0.004 0"><span class='ocrx_word' id='word_1_230' title='bbox 344 2987 411 3025; x_wconf 87' lang='lat' dir='ltr'>DE</span> <span class='ocrx_word' id='word_1_231' title='bbox 432 2986 712 3025; x_wconf 79' lang='lat' dir='ltr'>MYSTERIIS</span> <span class='ocrx_word' id='word_1_232' title='bbox 736 2984 1042 3024; x_wconf 82' lang='lat' dir='ltr'>ELEUslNus.</span> 
     </span>
    </p>
   </div>
   <div class='ocr_carea' id='block_1_15' title="bbox 680 3069 713 3100">
    <p class='ocr_par' dir='ltr' id='par_1_17' title="bbox 680 3069 713 3100">
     <span class='ocr_line' id='line_1_40' title="bbox 680 3069 713 3100; baseline 0 0"><span class='ocrx_word' id='word_1_233' title='bbox 680 3069 713 3100; x_wconf 86' lang='lat'><strong>2.</strong></span> 
     </span>
    </p>
   </div>
   <div class='ocr_carea' id='block_1_16' title="bbox 172 3134 1226 3272">
    <p class='ocr_par' dir='ltr' id='par_1_18' title="bbox 172 3134 1226 3272">
     <span class='ocr_line' id='line_1_41' title="bbox 212 3134 1223 3176; baseline -0.002 -9"><span class='ocrx_word' id='word_1_234' title='bbox 212 3134 427 3176; x_wconf 82' lang='lat' dir='ltr'>Apollodorus</span> <span class='ocrx_word' id='word_1_235' title='bbox 454 3135 487 3166; x_wconf 92' lang='lat' dir='ltr'>in</span> <span class='ocrx_word' id='word_1_236' title='bbox 518 3134 600 3166; x_wconf 71' lang='lat' dir='ltr'>libro</span> <span class='ocrx_word' id='word_1_237' title='bbox 629 3137 676 3167; x_wconf 91' lang='lat' dir='ltr'>De</span> <span class='ocrx_word' id='word_1_238' title='bbox 704 3135 782 3175; x_wconf 89' lang='lat' dir='ltr'>diis,</span> <span class='ocrx_word' id='word_1_239' title='bbox 810 3136 958 3174; x_wconf 77' lang='lat' dir='ltr'>Hecatae,</span> <span class='ocrx_word' id='word_1_240' title='bbox 991 3135 1048 3174; x_wconf 90' lang='lat' dir='ltr'>ait,</span> <span class='ocrx_word' id='word_1_241' title='bbox 1086 3134 1223 3166; x_wconf 89' lang='lat' dir='ltr'>mullum</span> 
     </span>
     <span class='ocr_line' id='line_1_42' title="bbox 172 3185 1226 3238; baseline -0.003 -19"><span class='ocrx_word' id='word_1_242' title='bbox 172 3186 317 3238; x_wconf 27' lang='grc' dir='ltr'>(τρίγρλην</span> <span class='ocrx_word' id='word_1_243' title='bbox 331 3187 342 3227; x_wconf 88' lang='grc'>)</span> <span class='ocrx_word' id='word_1_244' title='bbox 357 3186 526 3218; x_wconf 75' lang='lat' dir='ltr'>sacrificari</span> <span class='ocrx_word' id='word_1_245' title='bbox 539 3210 547 3226; x_wconf 95' lang='lat'>,</span> <span class='ocrx_word' id='word_1_246' title='bbox 574 3186 616 3218; x_wconf 88' lang='lat' dir='ltr'>ob</span> <span class='ocrx_word' id='word_1_247' title='bbox 629 3187 767 3218; x_wconf 90' lang='lat' dir='ltr'>nominis</span> <span class='ocrx_word' id='word_1_248' title='bbox 789 3187 1031 3227; x_wconf 79' lang='lat' dir='ltr'>congruentiam</span> <span class='ocrx_word' id='word_1_249' title='bbox 1048 3199 1054 3218; x_wconf 91' lang='lat'>:</span> <span class='ocrx_word' id='word_1_250' title='bbox 1071 3185 1226 3218; x_wconf 79' lang='lat' dir='ltr'><strong>triformis</strong></span> 
     </span>
     <span class='ocr_line' id='line_1_43' title="bbox 174 3238 1226 3272; baseline -0.003 0"><span class='ocrx_word' id='word_1_251' title='bbox 174 3240 260 3272; x_wconf 88' lang='lat' dir='ltr'>enim</span> <span class='ocrx_word' id='word_1_252' title='bbox 274 3240 343 3271; x_wconf 81' lang='lat' dir='ltr'>haec</span> <span class='ocrx_word' id='word_1_253' title='bbox 356 3238 415 3270; x_wconf 89' lang='lat' dir='ltr'>dea</span> <span class='ocrx_word' id='word_1_254' title='bbox 437 3240 496 3270; x_wconf 85' lang='lat' dir='ltr'>est.</span> <span class='ocrx_word' id='word_1_255' title='bbox 522 3239 715 3270; x_wconf 80' lang='lat' dir='ltr'>Melanthius</span> <span class='ocrx_word' id='word_1_256' title='bbox 738 3247 814 3271; x_wconf 88' lang='lat' dir='ltr'>vero</span> <span class='ocrx_word' id='word_1_257' title='bbox 837 3240 869 3271; x_wconf 94' lang='lat' dir='ltr'>in</span> <span class='ocrx_word' id='word_1_258' title='bbox 895 3240 977 3271; x_wconf 86' lang='lat' dir='ltr'>lihro</span> <span class='ocrx_word' id='word_1_259' title='bbox 994 3242 1041 3271; x_wconf 91' lang='lat' dir='ltr'>De</span> <span class='ocrx_word' id='word_1_260' title='bbox 1058 3238 1226 3271; x_wconf 82' lang='lat' dir='ltr'>Eleusiniis</span> 
     </span>
    </p>
   </div>
   <div class='ocr_carea' id='block_1_17' title="bbox 174 3290 1242 3333">
    <p class='ocr_par' dir='ltr' id='par_1_19' title="bbox 174 3290 1242 3333">
     <span class='ocr_line' id='line_1_44' title="bbox 174 3290 1242 3333; baseline -0.001 -9"><span class='ocrx_word' id='word_1_261' title='bbox 174 3291 353 3333; x_wconf 82' lang='lat' dir='ltr'>mysteriis,</span> <span class='ocrx_word' id='word_1_262' title='bbox 368 3291 400 3323; x_wconf 89' lang='lat' dir='ltr'>et</span> <span class='ocrx_word' id='word_1_263' title='bbox 418 3291 555 3322; x_wconf 88' lang='lat' dir='ltr'>mullum</span> <span class='ocrx_word' id='word_1_264' title='bbox 573 3292 606 3322; x_wconf 84' lang='lat' dir='ltr'>et</span> <span class='ocrx_word' id='word_1_265' title='bbox 619 3290 790 3322; x_wconf 78' lang='lat' dir='ltr'>maenidem</span> <span class='ocrx_word' id='word_1_266' title='bbox 809 3293 939 3323; x_wconf 76' lang='lat' dir='ltr'>Hecatae</span> <span class='ocrx_word' id='word_1_267' title='bbox 952 3300 1060 3323; x_wconf 82' lang='lat' dir='ltr'>sacros</span> <span class='ocrx_word' id='word_1_268' title='bbox 1078 3299 1146 3323; x_wconf 88' lang='lat' dir='ltr'>esse</span> <span class='ocrx_word' id='word_1_269' title='bbox 1158 3290 1202 3323; x_wconf 85' lang='lat' dir='ltr'>ait</span> <span class='ocrx_word' id='word_1_270' title='bbox 1214 3301 1242 3330; x_wconf 56' lang='lat'>3.</span> 
     </span>
    </p>
   </div>
   <div class='ocr_carea' id='block_1_18' title="bbox 174 3343 870 3386">
    <p class='ocr_par' dir='ltr' id='par_1_20' title="bbox 174 3343 870 3386">
     <span class='ocr_line' id='line_1_45' title="bbox 174 3343 870 3386; baseline -0.001 -10"><span class='ocrx_word' id='word_1_271' title='bbox 174 3345 330 3386; x_wconf 87' lang='lat' dir='ltr'>quoniam</span> <span class='ocrx_word' id='word_1_272' title='bbox 353 3344 450 3376; x_wconf 85' lang='lat' dir='ltr'>etiam</span> <span class='ocrx_word' id='word_1_273' title='bbox 467 3343 589 3375; x_wconf 86' lang='lat' dir='ltr'>marina</span> <span class='ocrx_word' id='word_1_274' title='bbox 603 3343 661 3375; x_wconf 87' lang='lat' dir='ltr'>dea</span> <span class='ocrx_word' id='word_1_275' title='bbox 677 3345 796 3375; x_wconf 87' lang='lat' dir='ltr'>Hecate</span> <span class='ocrx_word' id='word_1_276' title='bbox 811 3345 870 3375; x_wconf 86' lang='lat' dir='ltr'>est.</span> 
     </span>
    </p>
   </div>
   <div class='ocr_carea' id='block_1_19' title="bbox 219 3400 1227 3494">
    <p class='ocr_par' dir='ltr' id='par_1_21' title="bbox 219 3400 1227 3494">
     <span class='ocr_line' id='line_1_46' title="bbox 684 3400 718 3431; baseline -0.029 0"><span class='ocrx_word' id='word_1_277' title='bbox 684 3400 718 3431; x_wconf 89' lang='lat'>3.</span> 
     </span>
     <span class='ocr_line' id='line_1_47' title="bbox 219 3453 1227 3494; baseline -0.002 -8"><span class='ocrx_word' id='word_1_278' title='bbox 219 3456 287 3487; x_wconf 90' lang='lat' dir='ltr'>Mos</span> <span class='ocrx_word' id='word_1_279' title='bbox 301 3454 368 3487; x_wconf 78' lang='lat' dir='ltr'>orat</span> <span class='ocrx_word' id='word_1_280' title='bbox 385 3454 505 3487; x_wconf 82' lang='lat' dir='ltr'>vestem</span> <span class='ocrx_word' id='word_1_281' title='bbox 517 3476 526 3494; x_wconf 91' lang='lat'>‚</span> <span class='ocrx_word' id='word_1_282' title='bbox 554 3462 617 3494; x_wconf 87' lang='lat' dir='ltr'>qua</span> <span class='ocrx_word' id='word_1_283' title='bbox 635 3453 767 3486; x_wconf 86' lang='lat' dir='ltr'>indutus</span> <span class='ocrx_word' id='word_1_284' title='bbox 786 3453 901 3494; x_wconf 85' lang='lat' dir='ltr'>aliquis</span> <span class='ocrx_word' id='word_1_285' title='bbox 924 3453 1066 3486; x_wconf 82' lang='lat' dir='ltr'>initiatus</span> <span class='ocrx_word' id='word_1_286' title='bbox 1083 3455 1171 3494; x_wconf 84' lang='lat' dir='ltr'>erat,</span> <span class='ocrx_word' id='word_1_287' title='bbox 1195 3453 1227 3484; x_wconf 93' lang='lat' dir='ltr'>in</span> 
     </span>
    </p>
   </div>
   <div class='ocr_carea' id='block_1_20' title="bbox 1252 3322 1260 3480">
    <p class='ocr_par' dir='ltr' id='par_1_22' title="bbox 1252 3322 1260 3480">
     <span class='ocr_line' id='line_1_48' title="bbox 1252 3322 1260 3480; baseline 0 0"><span class='ocrx_word' id='word_1_288' title='bbox 1252 3322 1260 3480; x_wconf 95' lang='lat' dir='ltr'> </span> 
     </span>
    </p>
   </div>
   <div class='ocr_carea' id='block_1_21' title="bbox 1080 256 1394 303">
    <p class='ocr_par' dir='ltr' id='par_1_23' title="bbox 1080 256 1394 303">
     <span class='ocr_line' id='line_1_49' title="bbox 1080 256 1394 303; baseline -0.006 -6"><span class='ocrx_word' id='word_1_289' title='bbox 1080 256 1373 297; x_wconf 83' lang='lat' dir='ltr'><strong>MELANTHII</strong></span> <span class='ocrx_word' id='word_1_290' title='bbox 1385 285 1394 303; x_wconf 89' lang='lat'>‚</span> 
     </span>
    </p>
   </div>
   <div class='ocr_carea' id='block_1_22' title="bbox 1308 342 2306 393">
    <p class='ocr_par' dir='ltr' id='par_1_24' title="bbox 1308 342 2306 393">
     <span class='ocr_line' id='line_1_50' title="bbox 1308 342 2306 393; baseline -0.003 -12"><span class='ocrx_word' id='word_1_291' title='bbox 1308 347 1363 381; x_wconf 80' lang='lat' dir='ltr'>Ex</span> <span class='ocrx_word' id='word_1_292' title='bbox 1403 346 1591 393; x_wconf 85' lang='lat' dir='ltr'>Harpoer.</span> <span class='ocrx_word' id='word_1_293' title='bbox 1633 356 1699 380; x_wconf 84' lang='lat' dir='ltr'>sua</span> <span class='ocrx_word' id='word_1_294' title='bbox 1741 342 1884 382; x_wconf 87' lang='lat' dir='ltr'>habent</span> <span class='ocrx_word' id='word_1_295' title='bbox 1921 344 2054 381; x_wconf 78' lang='lat' dir='ltr'>Suidas</span> <span class='ocrx_word' id='word_1_296' title='bbox 2090 351 2127 380; x_wconf 90' lang='lat' dir='ltr'>et</span> <span class='ocrx_word' id='word_1_297' title='bbox 2171 349 2306 379; x_wconf 85' lang='lat' dir='ltr'>auctor</span> 
     </span>
    </p>
   </div>
   <div class='ocr_carea' id='block_1_23' title="bbox 1255 402 1711 453">
    <p class='ocr_par' dir='ltr' id='par_1_25' title="bbox 1255 402 1711 453">
     <span class='ocr_line' id='line_1_51' title="bbox 1255 402 1711 453; baseline -0.004 -12"><span class='ocrx_word' id='word_1_298' title='bbox 1255 406 1379 453; x_wconf 88' lang='lat' dir='ltr'>Etym.</span> <span class='ocrx_word' id='word_1_299' title='bbox 1399 405 1452 439; x_wconf 90' lang='lat' dir='ltr'>M.</span> <span class='ocrx_word' id='word_1_300' title='bbox 1477 416 1517 451; x_wconf 89' lang='lat' dir='ltr'>p.</span> <span class='ocrx_word' id='word_1_301' title='bbox 1537 407 1626 449; x_wconf 77' lang='grc'>242,</span> <span class='ocrx_word' id='word_1_302' title='bbox 1652 402 1711 439; x_wconf 81' lang='lat'>13.</span> 
     </span>
    </p>
   </div>
   <div class='ocr_carea' id='block_1_24' title="bbox 1299 508 2268 554">
    <p class='ocr_par' dir='ltr' id='par_1_26' title="bbox 1299 508 2268 554">
     <span class='ocr_line' id='line_1_52' title="bbox 1299 508 2268 554; baseline -0.005 0"><span class='ocrx_word' id='word_1_303' title='bbox 1299 515 1420 554; x_wconf 86' lang='grc' dir='ltr'><strong>ΠΕΡΙ</strong></span> <span class='ocrx_word' id='word_1_304' title='bbox 1448 514 1554 554; x_wconf 86' lang='grc' dir='ltr'>ΤΩΝ</span> <span class='ocrx_word' id='word_1_305' title='bbox 1583 514 1650 553; x_wconf 89' lang='lat' dir='ltr'>EN</span> <span class='ocrx_word' id='word_1_306' title='bbox 1678 514 1919 552; x_wconf 83' lang='grc' dir='ltr'><strong>ΕΛΕΥΣΙΝΙ</strong></span> <span class='ocrx_word' id='word_1_307' title='bbox 1950 508 2268 554; x_wconf 81' lang='grc' dir='ltr'>ΜΥΣΤΗΡῘΩΝ.</span> 
     </span>
    </p>
   </div>
   <div class='ocr_carea' id='block_1_25' title="bbox 1765 625 1800 651">
    <p class='ocr_par' dir='ltr' id='par_1_27' title="bbox 1765 625 1800 651">
     <span class='ocr_line' id='line_1_53' title="bbox 1765 625 1800 651; baseline 0.086 -3"><span class='ocrx_word' id='word_1_308' title='bbox 1765 625 1800 651; x_wconf 84' lang='lat'><strong>2.</strong></span> 
     </span>
    </p>
   </div>
   <div class='ocr_carea' id='block_1_26' title="bbox 1260 689 2312 978">
    <p class='ocr_par' dir='ltr' id='par_1_28' title="bbox 1260 689 2312 978">
     <span class='ocr_line' id='line_1_54' title="bbox 1314 689 2310 746; baseline 0.001 -16"><span class='ocrx_word' id='word_1_309' title='bbox 1314 689 1514 730; x_wconf 74' lang='lat' dir='ltr'>Athenaeus</span> <span class='ocrx_word' id='word_1_310' title='bbox 1530 695 1615 739; x_wconf 85' lang='lat' dir='ltr'>Vll,</span> <span class='ocrx_word' id='word_1_311' title='bbox 1626 707 1666 743; x_wconf 89' lang='lat' dir='ltr'>p.</span> <span class='ocrx_word' id='word_1_312' title='bbox 1692 692 1766 730; x_wconf 81' lang='lat'>325</span> <span class='ocrx_word' id='word_1_313' title='bbox 1779 721 1790 740; x_wconf 92' lang='lat'>‚</span> <span class='ocrx_word' id='word_1_314' title='bbox 1809 695 1837 731; x_wconf 92' lang='lat' dir='ltr'>C</span> <span class='ocrx_word' id='word_1_315' title='bbox 1852 708 1860 730; x_wconf 88' lang='lat'><strong>:</strong></span> <span class='ocrx_word' id='word_1_316' title='bbox 1874 691 2132 746; x_wconf 83' lang='grc' dir='ltr'>Ἀπολλόδωρος</span> <span class='ocrx_word' id='word_1_317' title='bbox 2142 695 2177 732; x_wconf 80' lang='grc' dir='ltr'>δὲ</span> <span class='ocrx_word' id='word_1_318' title='bbox 2195 694 2229 732; x_wconf 78' lang='grc' dir='ltr'>ἐν</span> <span class='ocrx_word' id='word_1_319' title='bbox 2239 693 2310 736; x_wconf 81' lang='grc' dir='ltr'>τοῖς</span> 
     </span>
     <span class='ocr_line' id='line_1_55' title="bbox 1260 750 2310 805; baseline 0 -15"><span class='ocrx_word' id='word_1_320' title='bbox 1260 752 1348 804; x_wconf 79' lang='grc' dir='ltr'>Περὶ</span> <span class='ocrx_word' id='word_1_321' title='bbox 1363 755 1447 790; x_wconf 84' lang='grc' dir='ltr'>θεῶν</span> <span class='ocrx_word' id='word_1_322' title='bbox 1465 755 1508 804; x_wconf 83' lang='grc' dir='ltr'>τῇ</span> <span class='ocrx_word' id='word_1_323' title='bbox 1524 751 1658 802; x_wconf 84' lang='grc' dir='ltr'>Ἑκάτῃ</span> <span class='ocrx_word' id='word_1_324' title='bbox 1675 751 1759 804; x_wconf 81' lang='grc' dir='ltr'>φησὶ</span> <span class='ocrx_word' id='word_1_325' title='bbox 1773 751 1913 790; x_wconf 81' lang='grc' dir='ltr'>θύεσθαι</span> <span class='ocrx_word' id='word_1_326' title='bbox 1929 751 2085 805; x_wconf 81' lang='grc' dir='ltr'>τρίγλην,</span> <span class='ocrx_word' id='word_1_327' title='bbox 2102 751 2159 795; x_wconf 76' lang='grc' dir='ltr'>διὰ</span> <span class='ocrx_word' id='word_1_328' title='bbox 2171 750 2235 799; x_wconf 79' lang='grc' dir='ltr'>τὴν</span> <span class='ocrx_word' id='word_1_329' title='bbox 2250 755 2310 790; x_wconf 76' lang='grc' dir='ltr'>τοῦ</span> 
     </span>
     <span class='ocr_line' id='line_1_56' title="bbox 1260 810 2312 863; baseline 0 -15"><span class='ocrx_word' id='word_1_330' title='bbox 1260 810 1426 860; x_wconf 86' lang='grc' dir='ltr'>ὀνόματος</span> <span class='ocrx_word' id='word_1_331' title='bbox 1446 810 1653 857; x_wconf 77' lang='grc' dir='ltr'>οἰκειότητα·</span> <span class='ocrx_word' id='word_1_332' title='bbox 1670 810 1856 863; x_wconf 83' lang='grc' dir='ltr'>τρίμορφος</span> <span class='ocrx_word' id='word_1_333' title='bbox 1875 810 1942 862; x_wconf 81' lang='grc' dir='ltr'>γὰρ</span> <span class='ocrx_word' id='word_1_334' title='bbox 1963 814 1984 858; x_wconf 84' lang='grc' dir='ltr'>ἡ</span> <span class='ocrx_word' id='word_1_335' title='bbox 2005 810 2090 854; x_wconf 86' lang='grc' dir='ltr'>θεός.</span> <span class='ocrx_word' id='word_1_336' title='bbox 2115 810 2312 863; x_wconf 80' lang='grc' dir='ltr'>Μελάνθιος</span> 
     </span>
     <span class='ocr_line' id='line_1_57' title="bbox 1261 868 2310 922; baseline 0.002 -16"><span class='ocrx_word' id='word_1_337' title='bbox 1261 870 1291 907; x_wconf 84' lang='grc' dir='ltr'>δ’</span> <span class='ocrx_word' id='word_1_338' title='bbox 1310 871 1344 906; x_wconf 85' lang='grc' dir='ltr'>ἐν</span> <span class='ocrx_word' id='word_1_339' title='bbox 1357 871 1406 920; x_wconf 82' lang='grc' dir='ltr'>τῷ</span> <span class='ocrx_word' id='word_1_340' title='bbox 1423 869 1511 920; x_wconf 77' lang='grc' dir='ltr'>Περὶ</span> <span class='ocrx_word' id='word_1_341' title='bbox 1528 870 1595 906; x_wconf 81' lang='grc' dir='ltr'>τῶν</span> <span class='ocrx_word' id='word_1_342' title='bbox 1610 870 1644 906; x_wconf 86' lang='grc' dir='ltr'>ἐν</span> <span class='ocrx_word' id='word_1_343' title='bbox 1661 868 1835 908; x_wconf 84' lang='grc' dir='ltr'>Ἐλευσῖνι</span> <span class='ocrx_word' id='word_1_344' title='bbox 1856 869 2070 921; x_wconf 86' lang='grc' dir='ltr'>μυστηρίων,</span> <span class='ocrx_word' id='word_1_345' title='bbox 2086 869 2146 908; x_wconf 80' lang='grc' dir='ltr'>καὶ</span> <span class='ocrx_word' id='word_1_346' title='bbox 2164 869 2310 922; x_wconf 85' lang='grc' dir='ltr'>τρίγλην</span> 
     </span>
     <span class='ocr_line' id='line_1_58' title="bbox 1261 926 2059 978; baseline 0 -13"><span class='ocrx_word' id='word_1_347' title='bbox 1261 927 1321 965; x_wconf 75' lang='grc' dir='ltr'>καὶ</span> <span class='ocrx_word' id='word_1_348' title='bbox 1342 927 1505 978; x_wconf 79' lang='grc' dir='ltr'>μαινίδα,</span> <span class='ocrx_word' id='word_1_349' title='bbox 1524 926 1576 965; x_wconf 83' lang='grc' dir='ltr'>ὅτι</span> <span class='ocrx_word' id='word_1_350' title='bbox 1593 927 1652 966; x_wconf 85' lang='grc' dir='ltr'>καὶ</span> <span class='ocrx_word' id='word_1_351' title='bbox 1672 928 1854 972; x_wconf 80' lang='grc' dir='ltr'>θαλάττιος</span> <span class='ocrx_word' id='word_1_352' title='bbox 1873 931 1895 975; x_wconf 82' lang='grc' dir='ltr'>ἡ</span> <span class='ocrx_word' id='word_1_353' title='bbox 1910 927 2059 975; x_wconf 88' lang='grc' dir='ltr'>Ἑκάτη.</span> 
     </span>
    </p>
   </div>
   <div class='ocr_carea' id='block_1_27' title="bbox 1317 1024 2315 1160">
    <p class='ocr_par' dir='ltr' id='par_1_29' title="bbox 1317 1024 2315 1160">
     <span class='ocr_line' id='line_1_59' title="bbox 1773 1024 1806 1059; baseline 0 0"><span class='ocrx_word' id='word_1_354' title='bbox 1773 1024 1806 1059; x_wconf 82' lang='grc'>3.</span> 
     </span>
     <span class='ocr_line' id='line_1_60' title="bbox 1317 1100 2315 1160; baseline 0 -15"><span class='ocrx_word' id='word_1_355' title='bbox 1317 1110 1446 1145; x_wconf 89' lang='lat' dir='ltr'>Schol.</span> <span class='ocrx_word' id='word_1_356' title='bbox 1461 1110 1656 1158; x_wconf 87' lang='lat' dir='ltr'>Aristoph.</span> <span class='ocrx_word' id='word_1_357' title='bbox 1672 1110 1773 1147; x_wconf 85' lang='lat' dir='ltr'>Plut.</span> <span class='ocrx_word' id='word_1_358' title='bbox 1790 1107 1864 1152; x_wconf 74' lang='grc'>845</span> <span class='ocrx_word' id='word_1_359' title='bbox 1881 1106 2005 1152; x_wconf 74' lang='grc' dir='ltr'>εἜθος</span> <span class='ocrx_word' id='word_1_360' title='bbox 2015 1107 2082 1160; x_wconf 85' lang='grc' dir='ltr'>γὰρ</span> <span class='ocrx_word' id='word_1_361' title='bbox 2097 1102 2151 1156; x_wconf 74' lang='grc' dir='ltr'>ἦν,</span> <span class='ocrx_word' id='word_1_362' title='bbox 2162 1109 2196 1146; x_wconf 82' lang='grc' dir='ltr'>ἐν</span> <span class='ocrx_word' id='word_1_363' title='bbox 2207 1100 2256 1152; x_wconf 69' lang='grc' dir='ltr'>οἷς</span> <span class='ocrx_word' id='word_1_364' title='bbox 2264 1123 2315 1153; x_wconf 85' lang='grc' dir='ltr'>τις</span> 
     </span>
    </p>
   </div>
   <div class='ocr_carea' id='block_1_28' title="bbox 1263 1165 2318 1451">
    <p class='ocr_par' dir='ltr' id='par_1_30' title="bbox 1263 1165 2318 1451">
     <span class='ocr_line' id='line_1_61' title="bbox 1266 1165 2316 1219; baseline 0.001 -16"><span class='ocrx_word' id='word_1_365' title='bbox 1266 1167 1276 1218; x_wconf 87' lang='grc'>(</span> <span class='ocrx_word' id='word_1_366' title='bbox 1294 1166 1466 1217; x_wconf 83' lang='grc' dir='ltr'>ἱματίοις)</span> <span class='ocrx_word' id='word_1_367' title='bbox 1484 1165 1651 1216; x_wconf 87' lang='grc' dir='ltr'>μυηθείη,</span> <span class='ocrx_word' id='word_1_368' title='bbox 1668 1168 1714 1209; x_wconf 85' lang='grc' dir='ltr'>εἷς</span> <span class='ocrx_word' id='word_1_369' title='bbox 1730 1169 1805 1205; x_wconf 78' lang='grc' dir='ltr'>θεοῦ</span> <span class='ocrx_word' id='word_1_370' title='bbox 1819 1181 1908 1210; x_wconf 86' lang='grc' dir='ltr'>τινος</span> <span class='ocrx_word' id='word_1_371' title='bbox 1927 1166 1938 1216; x_wconf 96' lang='grc'>(</span> <span class='ocrx_word' id='word_1_372' title='bbox 1952 1168 2089 1219; x_wconf 78' lang='grc' dir='ltr'>ταῦτα)</span> <span class='ocrx_word' id='word_1_373' title='bbox 2105 1166 2316 1215; x_wconf 85' lang='grc' dir='ltr'>ἀνατιθέναι,</span> 
     </span>
     <span class='ocr_line' id='line_1_62' title="bbox 1263 1224 2314 1278; baseline 0.001 -16"><span class='ocrx_word' id='word_1_374' title='bbox 1263 1224 1382 1277; x_wconf 82' lang='grc' dir='ltr'>ὥσπερ</span> <span class='ocrx_word' id='word_1_375' title='bbox 1416 1227 1516 1272; x_wconf 85' lang='grc' dir='ltr'>δηλοῖ</span> <span class='ocrx_word' id='word_1_376' title='bbox 1549 1225 1609 1263; x_wconf 74' lang='grc' dir='ltr'>καὶ</span> <span class='ocrx_word' id='word_1_377' title='bbox 1629 1225 1823 1269; x_wconf 83' lang='grc' dir='ltr'>Μελάνθιος</span> <span class='ocrx_word' id='word_1_378' title='bbox 1848 1227 1883 1264; x_wconf 81' lang='grc' dir='ltr'>ἐν</span> <span class='ocrx_word' id='word_1_379' title='bbox 1911 1227 1962 1278; x_wconf 80' lang='grc' dir='ltr'>τῷ</span> <span class='ocrx_word' id='word_1_380' title='bbox 1994 1224 2084 1278; x_wconf 76' lang='grc' dir='ltr'>Περὶ</span> <span class='ocrx_word' id='word_1_381' title='bbox 2103 1226 2314 1278; x_wconf 82' lang='grc' dir='ltr'>μυστηρίων·</span> 
     </span>
     <span class='ocr_line' id='line_1_63' title="bbox 1265 1283 2318 1336; baseline 0.001 -14"><span class='ocrx_word' id='word_1_382' title='bbox 1265 1302 1280 1317; x_wconf 89' lang='lat'>«</span> <span class='ocrx_word' id='word_1_383' title='bbox 1302 1283 1460 1336; x_wconf 84' lang='grc' dir='ltr'>Πάτριόν</span> <span class='ocrx_word' id='word_1_384' title='bbox 1478 1285 1552 1322; x_wconf 86' lang='grc' dir='ltr'>ἐστι</span> <span class='ocrx_word' id='word_1_385' title='bbox 1567 1289 1643 1327; x_wconf 87' lang='grc' dir='ltr'>ταῖς</span> <span class='ocrx_word' id='word_1_386' title='bbox 1659 1287 1751 1327; x_wconf 89' lang='grc' dir='ltr'>θεαῖς</span> <span class='ocrx_word' id='word_1_387' title='bbox 1771 1285 1925 1336; x_wconf 80' lang='grc' dir='ltr'>ἀνιεροῧν</span> <span class='ocrx_word' id='word_1_388' title='bbox 1940 1283 2000 1322; x_wconf 84' lang='grc' dir='ltr'>καὶ</span> <span class='ocrx_word' id='word_1_389' title='bbox 2017 1283 2078 1327; x_wconf 81' lang='grc' dir='ltr'>τὰς</span> <span class='ocrx_word' id='word_1_390' title='bbox 2096 1284 2221 1328; x_wconf 85' lang='grc' dir='ltr'>στολὰς</span> <span class='ocrx_word' id='word_1_391' title='bbox 2238 1283 2318 1328; x_wconf 74' lang='grc' dir='ltr'>τοὺς</span> 
     </span>
     <span class='ocr_line' id='line_1_64' title="bbox 1266 1336 2318 1394; baseline 0 -14"><span class='ocrx_word' id='word_1_392' title='bbox 1266 1342 1417 1392; x_wconf 81' lang='grc' dir='ltr'>μύστας,</span> <span class='ocrx_word' id='word_1_393' title='bbox 1436 1344 1469 1380; x_wconf 81' lang='grc' dir='ltr'>ἐν</span> <span class='ocrx_word' id='word_1_394' title='bbox 1489 1336 1543 1386; x_wconf 76' lang='grc' dir='ltr'>αἶς</span> <span class='ocrx_word' id='word_1_395' title='bbox 1568 1341 1705 1394; x_wconf 74' lang='grc' dir='ltr'>τύχοιεν</span> <span class='ocrx_word' id='word_1_396' title='bbox 1730 1342 1930 1392; x_wconf 85' lang='grc' dir='ltr'>μυηθέντες.</span> <span class='ocrx_word' id='word_1_397' title='bbox 1961 1361 1976 1376; x_wconf 89' lang='lat'>»</span> <span class='ocrx_word' id='word_1_398' title='bbox 2002 1345 2100 1380; x_wconf 87' lang='lat' dir='ltr'>Hinc</span> <span class='ocrx_word' id='word_1_399' title='bbox 2119 1357 2183 1380; x_wconf 88' lang='lat' dir='ltr'>sua</span> <span class='ocrx_word' id='word_1_400' title='bbox 2203 1344 2318 1381; x_wconf 81' lang='lat' dir='ltr'>habet</span> 
     </span>
     <span class='ocr_line' id='line_1_65' title="bbox 1267 1403 1609 1451; baseline 0.003 -13"><span class='ocrx_word' id='word_1_401' title='bbox 1267 1403 1435 1439; x_wconf 89' lang='lat' dir='ltr'>Eudocia</span> <span class='ocrx_word' id='word_1_402' title='bbox 1454 1415 1496 1451; x_wconf 91' lang='lat' dir='ltr'>p.</span> <span class='ocrx_word' id='word_1_403' title='bbox 1520 1415 1609 1451; x_wconf 85' lang='lat'><strong>297.</strong></span> 
     </span>
    </p>
   </div>
   <div class='ocr_carea' id='block_1_29' title="bbox 1770 1500 1806 1538">
    <p class='ocr_par' dir='ltr' id='par_1_31' title="bbox 1770 1500 1806 1538">
     <span class='ocr_line' id='line_1_66' title="bbox 1770 1500 1806 1538; baseline 0 -8"><span class='ocrx_word' id='word_1_404' title='bbox 1770 1500 1806 1538; x_wconf 76' lang='grc' dir='ltr'>ι..</span> 
     </span>
    </p>
   </div>
   <div class='ocr_carea' id='block_1_30' title="bbox 1267 1568 2321 1920">
    <p class='ocr_par' dir='ltr' id='par_1_32' title="bbox 1267 1568 2321 1920">
     <span class='ocr_line' id='line_1_67' title="bbox 1319 1568 2319 1626; baseline -0.001 -12"><span class='ocrx_word' id='word_1_405' title='bbox 1319 1578 1447 1615; x_wconf 90' lang='lat' dir='ltr'>Schol.</span> <span class='ocrx_word' id='word_1_406' title='bbox 1470 1577 1663 1625; x_wconf 85' lang='lat' dir='ltr'>Aristoph.</span> <span class='ocrx_word' id='word_1_407' title='bbox 1683 1575 1777 1612; x_wconf 84' lang='lat' dir='ltr'><strong>Avv.</strong></span> <span class='ocrx_word' id='word_1_408' title='bbox 1801 1576 1899 1622; x_wconf 82' lang='lat'><strong>1073</strong></span> <span class='ocrx_word' id='word_1_409' title='bbox 1924 1588 1933 1613; x_wconf 75' lang='grc' dir='ltr'><em>τ</em></span> <span class='ocrx_word' id='word_1_410' title='bbox 1953 1568 2066 1618; x_wconf 68' lang='grc' dir='ltr'>Οὗτος</span> <span class='ocrx_word' id='word_1_411' title='bbox 2089 1575 2100 1625; x_wconf 96' lang='grc'><strong>(</strong></span> <span class='ocrx_word' id='word_1_412' title='bbox 2113 1589 2166 1612; x_wconf 90' lang='lat' dir='ltr'>sc.</span> <span class='ocrx_word' id='word_1_413' title='bbox 2189 1573 2319 1626; x_wconf 85' lang='grc' dir='ltr'>Διαγό-</span> 
     </span>
     <span class='ocr_line' id='line_1_68' title="bbox 1269 1631 2319 1688; baseline -0.002 -15"><span class='ocrx_word' id='word_1_414' title='bbox 1269 1651 1329 1688; x_wconf 85' lang='grc' dir='ltr'>ρας</span> <span class='ocrx_word' id='word_1_415' title='bbox 1347 1638 1365 1673; x_wconf 85' lang='grc' dir='ltr'>ὁ</span> <span class='ocrx_word' id='word_1_416' title='bbox 1385 1634 1543 1683; x_wconf 86' lang='grc' dir='ltr'>Μήλιος)</span> <span class='ocrx_word' id='word_1_417' title='bbox 1566 1634 1656 1683; x_wconf 84' lang='grc' dir='ltr'>μετὰ</span> <span class='ocrx_word' id='word_1_418' title='bbox 1677 1632 1739 1680; x_wconf 83' lang='grc' dir='ltr'>τὴν</span> <span class='ocrx_word' id='word_1_419' title='bbox 1763 1632 1894 1671; x_wconf 87' lang='grc' dir='ltr'>ἅλωσιν</span> <span class='ocrx_word' id='word_1_420' title='bbox 1913 1633 2048 1681; x_wconf 69' lang='grc' dir='ltr'>Μήλου,</span> <span class='ocrx_word' id='word_1_421' title='bbox 2059 1632 2142 1685; x_wconf 88' lang='grc' dir='ltr'>ᾤκει</span> <span class='ocrx_word' id='word_1_422' title='bbox 2163 1633 2198 1670; x_wconf 81' lang='grc' dir='ltr'>ἐν</span> <span class='ocrx_word' id='word_1_423' title='bbox 2218 1631 2319 1679; x_wconf 76' lang='grc' dir='ltr'>Ἀθή-</span> 
     </span>
     <span class='ocr_line' id='line_1_69' title="bbox 1267 1690 2319 1744; baseline -0.002 -14"><span class='ocrx_word' id='word_1_424' title='bbox 1267 1707 1359 1740; x_wconf 86' lang='grc' dir='ltr'>ναις,</span> <span class='ocrx_word' id='word_1_425' title='bbox 1378 1691 1423 1730; x_wconf 80' lang='grc' dir='ltr'>τὰ</span> <span class='ocrx_word' id='word_1_426' title='bbox 1444 1691 1479 1730; x_wconf 83' lang='grc' dir='ltr'>δὲ</span> <span class='ocrx_word' id='word_1_427' title='bbox 1498 1691 1674 1743; x_wconf 87' lang='grc' dir='ltr'>μυστήρια</span> <span class='ocrx_word' id='word_1_428' title='bbox 1693 1691 1890 1739; x_wconf 82' lang='grc' dir='ltr'>ηὗτέλιζεν,</span> <span class='ocrx_word' id='word_1_429' title='bbox 1907 1692 1953 1734; x_wconf 83' lang='grc' dir='ltr'>ὡς</span> <span class='ocrx_word' id='word_1_430' title='bbox 1970 1691 2118 1734; x_wconf 81' lang='grc' dir='ltr'>πολλοὺς</span> <span class='ocrx_word' id='word_1_431' title='bbox 2139 1690 2319 1744; x_wconf 81' lang='grc' dir='ltr'>ἐκτρέπειν</span> 
     </span>
     <span class='ocr_line' id='line_1_70' title="bbox 1270 1745 2321 1802; baseline -0.001 -13"><span class='ocrx_word' id='word_1_432' title='bbox 1270 1753 1330 1798; x_wconf 78' lang='grc' dir='ltr'>τῆς</span> <span class='ocrx_word' id='word_1_433' title='bbox 1349 1751 1502 1796; x_wconf 69' lang='grc' dir='ltr'>τελετῆς.</span> <span class='ocrx_word' id='word_1_434' title='bbox 1525 1751 1640 1789; x_wconf 78' lang='grc' dir='ltr'>Τοῦτο</span> <span class='ocrx_word' id='word_1_435' title='bbox 1656 1745 1714 1788; x_wconf 66' lang='grc' dir='ltr'>οὖν</span> <span class='ocrx_word' id='word_1_436' title='bbox 1735 1749 1904 1802; x_wconf 81' lang='grc' dir='ltr'>ἐκήρυξαν</span> <span class='ocrx_word' id='word_1_437' title='bbox 1924 1752 2006 1788; x_wconf 87' lang='grc' dir='ltr'>κατ’</span> <span class='ocrx_word' id='word_1_438' title='bbox 2023 1752 2129 1788; x_wconf 78' lang='grc' dir='ltr'>αὐτοῦ</span> <span class='ocrx_word' id='word_1_439' title='bbox 2148 1749 2321 1798; x_wconf 84' lang='grc' dir='ltr'>Ἀθηναῖοι</span> 
     </span>
     <span class='ocr_line' id='line_1_71' title="bbox 1268 1807 2321 1861; baseline -0.001 -14"><span class='ocrx_word' id='word_1_440' title='bbox 1268 1809 1328 1847; x_wconf 84' lang='grc' dir='ltr'>καὶ</span> <span class='ocrx_word' id='word_1_441' title='bbox 1343 1811 1376 1847; x_wconf 82' lang='grc' dir='ltr'>ἐν</span> <span class='ocrx_word' id='word_1_442' title='bbox 1395 1809 1513 1861; x_wconf 85' lang='grc' dir='ltr'>χαλκῇ</span> <span class='ocrx_word' id='word_1_443' title='bbox 1531 1808 1644 1860; x_wconf 88' lang='grc' dir='ltr'>στήλῃ</span> <span class='ocrx_word' id='word_1_444' title='bbox 1657 1807 1830 1861; x_wconf 79' lang='grc' dir='ltr'>ἔγραψαν,</span> <span class='ocrx_word' id='word_1_445' title='bbox 1845 1807 1891 1853; x_wconf 80' lang='grc' dir='ltr'>ὥς</span> <span class='ocrx_word' id='word_1_446' title='bbox 1905 1823 1990 1860; x_wconf 85' lang='grc' dir='ltr'>φησι</span> <span class='ocrx_word' id='word_1_447' title='bbox 2009 1808 2203 1852; x_wconf 84' lang='grc' dir='ltr'>Μελάνθιος</span> <span class='ocrx_word' id='word_1_448' title='bbox 2216 1810 2251 1847; x_wconf 85' lang='grc' dir='ltr'>ἐν</span> <span class='ocrx_word' id='word_1_449' title='bbox 2269 1811 2321 1861; x_wconf 83' lang='grc' dir='ltr'>τῷ</span> 
     </span>
     <span class='ocr_line' id='line_1_72' title="bbox 1271 1867 1595 1920; baseline -0.015 -12"><span class='ocrx_word' id='word_1_450' title='bbox 1271 1868 1360 1920; x_wconf 87' lang='grc' dir='ltr'>Περὶ</span> <span class='ocrx_word' id='word_1_451' title='bbox 1382 1867 1595 1919; x_wconf 73' lang='grc' dir='ltr'>μυστηρίων.</span> 
     </span>
    </p>
   </div>
   <div class='ocr_carea' id='block_1_31' title="bbox 1272 2011 2327 2418">
    <p class='ocr_par' dir='ltr' id='par_1_33' title="bbox 1272 2011 2327 2418">
     <span class='ocr_line' id='line_1_73' title="bbox 1326 2011 2321 2065; baseline -0.002 -14"><span class='ocrx_word' id='word_1_452' title='bbox 1326 2015 1426 2051; x_wconf 87' lang='lat' dir='ltr'>Ibid.</span> <span class='ocrx_word' id='word_1_453' title='bbox 1445 2026 1454 2052; x_wconf 74' lang='lat' dir='ltr'><em>z</em></span> <span class='ocrx_word' id='word_1_454' title='bbox 1470 2011 1662 2056; x_wconf 85' lang='grc' dir='ltr'>Μελάνθιος</span> <span class='ocrx_word' id='word_1_455' title='bbox 1676 2013 1710 2050; x_wconf 82' lang='grc' dir='ltr'>ἓν</span> <span class='ocrx_word' id='word_1_456' title='bbox 1722 2013 1771 2065; x_wconf 80' lang='grc' dir='ltr'>τῷ</span> <span class='ocrx_word' id='word_1_457' title='bbox 1792 2011 1882 2064; x_wconf 85' lang='grc' dir='ltr'>Περὶ</span> <span class='ocrx_word' id='word_1_458' title='bbox 1896 2011 2096 2063; x_wconf 83' lang='grc' dir='ltr'>μυστηρίων</span> <span class='ocrx_word' id='word_1_459' title='bbox 2107 2011 2321 2065; x_wconf 70' lang='grc' dir='ltr'>προφέρεται</span> 
     </span>
     <span class='ocr_line' id='line_1_74' title="bbox 1272 2066 2323 2124; baseline -0.002 -13"><span class='ocrx_word' id='word_1_460' title='bbox 1272 2075 1335 2119; x_wconf 80' lang='grc' dir='ltr'>τῆς</span> <span class='ocrx_word' id='word_1_461' title='bbox 1351 2074 1487 2124; x_wconf 79' lang='grc' dir='ltr'>χαλκῆς</span> <span class='ocrx_word' id='word_1_462' title='bbox 1509 2072 1641 2118; x_wconf 82' lang='grc' dir='ltr'>στήλης</span> <span class='ocrx_word' id='word_1_463' title='bbox 1669 2070 1729 2109; x_wconf 75' lang='grc' dir='ltr'>καὶ</span> <span class='ocrx_word' id='word_1_464' title='bbox 1751 2070 1978 2123; x_wconf 78' lang='grc' dir='ltr'>ἀντίγραφον,</span> <span class='ocrx_word' id='word_1_465' title='bbox 2002 2072 2035 2110; x_wconf 82' lang='grc' dir='ltr'>ἓν</span> <span class='ocrx_word' id='word_1_466' title='bbox 2063 2066 2087 2123; x_wconf 67' lang='grc' dir='ltr'>ᾗ</span> <span class='ocrx_word' id='word_1_467' title='bbox 2107 2069 2323 2123; x_wconf 83' lang='grc' dir='ltr'>ἐπεκήρυξαν</span> 
     </span>
     <span class='ocr_line' id='line_1_75' title="bbox 1274 2128 2322 2182; baseline -0.002 -12"><span class='ocrx_word' id='word_1_468' title='bbox 1274 2132 1334 2171; x_wconf 69' lang='grc' dir='ltr'>καὶ</span> <span class='ocrx_word' id='word_1_469' title='bbox 1364 2132 1468 2169; x_wconf 80' lang='grc' dir='ltr'>αὐτὸν</span> <span class='ocrx_word' id='word_1_470' title='bbox 1497 2130 1557 2168; x_wconf 79' lang='grc' dir='ltr'>καὶ</span> <span class='ocrx_word' id='word_1_471' title='bbox 1576 2129 1653 2174; x_wconf 68' lang='grc' dir='ltr'>τοὺς</span> <span class='ocrx_word' id='word_1_472' title='bbox 1684 2128 1761 2182; x_wconf 84' lang='grc' dir='ltr'>[μὴ</span> <span class='ocrx_word' id='word_1_473' title='bbox 1775 2131 1790 2167; x_wconf 68' lang='grc' dir='ltr'>Ρ</span> <span class='ocrx_word' id='word_1_474' title='bbox 1806 2131 1820 2181; x_wconf 89' lang='grc'>]</span> <span class='ocrx_word' id='word_1_475' title='bbox 1838 2129 2033 2174; x_wconf 78' lang='grc' dir='ltr'>ἐκδιδόντας</span> <span class='ocrx_word' id='word_1_476' title='bbox 2054 2131 2257 2177; x_wconf 79' lang='grc' dir='ltr'>Πελλανεῖς,</span> <span class='ocrx_word' id='word_1_477' title='bbox 2287 2132 2322 2168; x_wconf 82' lang='grc' dir='ltr'>ἐν</span> 
     </span>
     <span class='ocr_line' id='line_1_76' title="bbox 1274 2188 2324 2243; baseline -0.002 -15"><span class='ocrx_word' id='word_1_478' title='bbox 1274 2188 1298 2243; x_wconf 68' lang='grc' dir='ltr'>ἦ</span> <span class='ocrx_word' id='word_1_479' title='bbox 1314 2191 1510 2243; x_wconf 86' lang='grc' dir='ltr'>γέγραπται</span> <span class='ocrx_word' id='word_1_480' title='bbox 1526 2190 1586 2228; x_wconf 82' lang='grc' dir='ltr'>καὶ</span> <span class='ocrx_word' id='word_1_481' title='bbox 1603 2193 1725 2227; x_wconf 78' lang='grc' dir='ltr'>ταῦτα·</span> <span class='ocrx_word' id='word_1_482' title='bbox 1741 2189 1800 2226; x_wconf 85' lang='grc' dir='ltr'>ἐὰν</span> <span class='ocrx_word' id='word_1_483' title='bbox 1817 2188 1854 2227; x_wconf 85' lang='grc' dir='ltr'>δέ</span> <span class='ocrx_word' id='word_1_484' title='bbox 1873 2205 1923 2233; x_wconf 88' lang='grc' dir='ltr'>τις</span> <span class='ocrx_word' id='word_1_485' title='bbox 1942 2189 2130 2241; x_wconf 79' lang='grc' dir='ltr'>ἀποκτείνῃ</span> <span class='ocrx_word' id='word_1_486' title='bbox 2147 2188 2324 2242; x_wconf 89' lang='grc' dir='ltr'>Διαγόραν</span> 
     </span>
     <span class='ocr_line' id='line_1_77' title="bbox 1275 2247 2327 2300; baseline -0.003 -13"><span class='ocrx_word' id='word_1_487' title='bbox 1275 2249 1333 2287; x_wconf 83' lang='grc' dir='ltr'>τὸν</span> <span class='ocrx_word' id='word_1_488' title='bbox 1351 2248 1509 2296; x_wconf 87' lang='grc' dir='ltr'>Μήλιον,</span> <span class='ocrx_word' id='word_1_489' title='bbox 1531 2247 1725 2298; x_wconf 74' lang='grc' dir='ltr'>λαμὸάνειν</span> <span class='ocrx_word' id='word_1_490' title='bbox 1747 2247 1911 2300; x_wconf 85' lang='grc' dir='ltr'>ἀργυρίου</span> <span class='ocrx_word' id='word_1_491' title='bbox 1930 2247 2114 2286; x_wconf 85' lang='grc' dir='ltr'>τάλαντον·</span> <span class='ocrx_word' id='word_1_492' title='bbox 2137 2247 2196 2286; x_wconf 81' lang='grc' dir='ltr'>ἐὰν</span> <span class='ocrx_word' id='word_1_493' title='bbox 2221 2247 2257 2286; x_wconf 86' lang='grc' dir='ltr'>δέ</span> <span class='ocrx_word' id='word_1_494' title='bbox 2275 2263 2327 2290; x_wconf 82' lang='grc' dir='ltr'>τις</span> 
     </span>
     <span class='ocr_line' id='line_1_78' title="bbox 1276 2305 2325 2359; baseline -0.002 -13"><span class='ocrx_word' id='word_1_495' title='bbox 1276 2311 1387 2354; x_wconf 87' lang='grc' dir='ltr'>ζῶντα</span> <span class='ocrx_word' id='word_1_496' title='bbox 1426 2307 1540 2359; x_wconf 83' lang='grc' dir='ltr'>ἀγάγῃ</span> <span class='ocrx_word' id='word_1_497' title='bbox 1555 2337 1566 2358; x_wconf 84' lang='grc'>,</span> <span class='ocrx_word' id='word_1_498' title='bbox 1598 2306 1790 2358; x_wconf 73' lang='grc' dir='ltr'>λαμὸάνειν</span> <span class='ocrx_word' id='word_1_499' title='bbox 1824 2305 1898 2346; x_wconf 88' lang='grc' dir='ltr'>δύο.</span> <span class='ocrx_word' id='word_1_500' title='bbox 1936 2308 1990 2345; x_wconf 90' lang='lat' dir='ltr'>Cf.</span> <span class='ocrx_word' id='word_1_501' title='bbox 2025 2309 2168 2345; x_wconf 82' lang='lat' dir='ltr'>Crateri</span> <span class='ocrx_word' id='word_1_502' title='bbox 2201 2308 2247 2344; x_wconf 83' lang='lat' dir='ltr'>fr.</span> <span class='ocrx_word' id='word_1_503' title='bbox 2287 2321 2325 2357; x_wconf 88' lang='lat'>9,</span> 
     </span>
     <span class='ocr_line' id='line_1_79' title="bbox 1278 2368 1615 2418; baseline -0.006 -12"><span class='ocrx_word' id='word_1_504' title='bbox 1278 2378 1370 2406; x_wconf 90' lang='lat' dir='ltr'>tom.</span> <span class='ocrx_word' id='word_1_505' title='bbox 1391 2371 1442 2415; x_wconf 82' lang='grc' dir='ltr'>ΙΙ,</span> <span class='ocrx_word' id='word_1_506' title='bbox 1462 2382 1500 2418; x_wconf 87' lang='lat' dir='ltr'>p.</span> <span class='ocrx_word' id='word_1_507' title='bbox 1523 2368 1615 2405; x_wconf 85' lang='grc'>621.</span> 
     </span>
    </p>
   </div>
   <div class='ocr_carea' id='block_1_32' title="bbox 1682 2492 1926 2508">
    <p class='ocr_par' dir='ltr' id='par_1_34' title="bbox 1682 2492 1926 2508">
     <span class='ocr_line' id='line_1_80' title="bbox 1682 2492 1926 2508; baseline 0 -3"><span class='ocrx_word' id='word_1_508' title='bbox 1682 2492 1926 2508; x_wconf 53' lang='lat' dir='ltr'><em>w</em></span> 
     </span>
    </p>
   </div>
   <div class='ocr_carea' id='block_1_33' title="bbox 1278 2658 2336 3492">
    <p class='ocr_par' dir='ltr' id='par_1_35' title="bbox 1278 2658 2329 2806">
     <span class='ocr_line' id='line_1_81' title="bbox 1278 2658 2329 2701; baseline -0.002 -8"><span class='ocrx_word' id='word_1_509' title='bbox 1278 2661 1329 2693; x_wconf 90' lang='lat' dir='ltr'>dei</span> <span class='ocrx_word' id='word_1_510' title='bbox 1345 2661 1482 2701; x_wconf 83' lang='lat' dir='ltr'>alicujus</span> <span class='ocrx_word' id='word_1_511' title='bbox 1507 2661 1665 2700; x_wconf 82' lang='lat' dir='ltr'>templum</span> <span class='ocrx_word' id='word_1_512' title='bbox 1682 2660 1844 2699; x_wconf 86' lang='lat' dir='ltr'>dedicari,</span> <span class='ocrx_word' id='word_1_513' title='bbox 1862 2661 1909 2692; x_wconf 82' lang='lat' dir='ltr'>uli</span> <span class='ocrx_word' id='word_1_514' title='bbox 1925 2661 2066 2692; x_wconf 79' lang='lat' dir='ltr'>declarat</span> <span class='ocrx_word' id='word_1_515' title='bbox 2087 2659 2280 2692; x_wconf 80' lang='lat' dir='ltr'>Melanthius</span> <span class='ocrx_word' id='word_1_516' title='bbox 2297 2658 2329 2690; x_wconf 88' lang='lat' dir='ltr'>in</span> 
     </span>
     <span class='ocr_line' id='line_1_82' title="bbox 1280 2711 2328 2754; baseline -0.003 -9"><span class='ocrx_word' id='word_1_517' title='bbox 1280 2714 1359 2745; x_wconf 84' lang='lat' dir='ltr'>libro</span> <span class='ocrx_word' id='word_1_518' title='bbox 1375 2715 1420 2745; x_wconf 89' lang='lat' dir='ltr'>De</span> <span class='ocrx_word' id='word_1_519' title='bbox 1436 2713 1597 2754; x_wconf 80' lang='lat' dir='ltr'>mysteriis</span> <span class='ocrx_word' id='word_1_520' title='bbox 1611 2725 1619 2744; x_wconf 74' lang='grc' dir='ltr'>ε</span> <span class='ocrx_word' id='word_1_521' title='bbox 1637 2725 1652 2740; x_wconf 72' lang='grc' dir='ltr'>ιι</span> <span class='ocrx_word' id='word_1_522' title='bbox 1668 2715 1738 2744; x_wconf 91' lang='lat' dir='ltr'>Mos</span> <span class='ocrx_word' id='word_1_523' title='bbox 1750 2721 1769 2744; x_wconf 90' lang='lat' dir='ltr'>a</span> <span class='ocrx_word' id='word_1_524' title='bbox 1779 2713 1954 2752; x_wconf 83' lang='lat' dir='ltr'>majoribus</span> <span class='ocrx_word' id='word_1_525' title='bbox 1967 2713 2117 2753; x_wconf 84' lang='lat' dir='ltr'>acceptus</span> <span class='ocrx_word' id='word_1_526' title='bbox 2132 2714 2179 2743; x_wconf 85' lang='lat' dir='ltr'>est</span> <span class='ocrx_word' id='word_1_527' title='bbox 2193 2711 2328 2749; x_wconf 86' lang='lat' dir='ltr'>vestem,</span> 
     </span>
     <span class='ocr_line' id='line_1_83' title="bbox 1280 2763 2126 2806; baseline -0.001 -10"><span class='ocrx_word' id='word_1_528' title='bbox 1280 2765 1311 2797; x_wconf 90' lang='lat' dir='ltr'>in</span> <span class='ocrx_word' id='word_1_529' title='bbox 1326 2774 1391 2806; x_wconf 88' lang='lat' dir='ltr'>qua</span> <span class='ocrx_word' id='word_1_530' title='bbox 1403 2765 1517 2805; x_wconf 89' lang='lat' dir='ltr'>aliquis</span> <span class='ocrx_word' id='word_1_531' title='bbox 1532 2764 1675 2796; x_wconf 89' lang='lat' dir='ltr'>initiatus</span> <span class='ocrx_word' id='word_1_532' title='bbox 1686 2767 1751 2804; x_wconf 88' lang='lat' dir='ltr'>est,</span> <span class='ocrx_word' id='word_1_533' title='bbox 1769 2764 1945 2796; x_wconf 83' lang='lat' dir='ltr'>consecrari</span> <span class='ocrx_word' id='word_1_534' title='bbox 1959 2763 2089 2796; x_wconf 80' lang='lat' dir='ltr'>deabus.</span> <span class='ocrx_word' id='word_1_535' title='bbox 2110 2775 2126 2791; x_wconf 73' lang='lat' dir='ltr'>n</span> 
     </span>
    </p>

    <p class='ocr_par' dir='ltr' id='par_1_36' title="bbox 1787 2820 1823 2851">
     <span class='ocr_line' id='line_1_84' title="bbox 1787 2820 1823 2851; baseline 0 0"><span class='ocrx_word' id='word_1_536' title='bbox 1787 2820 1823 2851; x_wconf 83' lang='lat'><strong>4.</strong></span> 
     </span>
    </p>

    <p class='ocr_par' dir='ltr' id='par_1_37' title="bbox 1281 2871 2332 3119">
     <span class='ocr_line' id='line_1_85' title="bbox 1323 2871 2331 2914; baseline -0.003 -9"><span class='ocrx_word' id='word_1_537' title='bbox 1323 2874 1474 2914; x_wconf 83' lang='lat' dir='ltr'>Diagoras</span> <span class='ocrx_word' id='word_1_538' title='bbox 1504 2873 1618 2905; x_wconf 87' lang='lat' dir='ltr'>Melius</span> <span class='ocrx_word' id='word_1_539' title='bbox 1639 2874 1711 2913; x_wconf 87' lang='lat' dir='ltr'>post</span> <span class='ocrx_word' id='word_1_540' title='bbox 1738 2874 1858 2904; x_wconf 90' lang='lat' dir='ltr'>Melum</span> <span class='ocrx_word' id='word_1_541' title='bbox 1877 2875 2004 2913; x_wconf 84' lang='lat' dir='ltr'>captam</span> <span class='ocrx_word' id='word_1_542' title='bbox 2027 2872 2160 2904; x_wconf 83' lang='lat' dir='ltr'>Athenis</span> <span class='ocrx_word' id='word_1_543' title='bbox 2183 2871 2331 2903; x_wconf 78' lang='lat' dir='ltr'>habitans</span> 
     </span>
     <span class='ocr_line' id='line_1_86' title="bbox 1281 2923 2330 2966; baseline -0.003 -10"><span class='ocrx_word' id='word_1_544' title='bbox 1281 2925 1432 2966; x_wconf 84' lang='lat' dir='ltr'>mysteria</span> <span class='ocrx_word' id='word_1_545' title='bbox 1447 2924 1680 2965; x_wconf 85' lang='lat' dir='ltr'>vilipendebat,</span> <span class='ocrx_word' id='word_1_546' title='bbox 1698 2923 1778 2956; x_wconf 88' lang='lat' dir='ltr'>adeo</span> <span class='ocrx_word' id='word_1_547' title='bbox 1795 2926 1830 2955; x_wconf 88' lang='lat' dir='ltr'>nt</span> <span class='ocrx_word' id='word_1_548' title='bbox 1846 2925 1966 2956; x_wconf 88' lang='lat' dir='ltr'>multos</span> <span class='ocrx_word' id='word_1_549' title='bbox 1982 2924 2024 2955; x_wconf 90' lang='lat' dir='ltr'>ab</span> <span class='ocrx_word' id='word_1_550' title='bbox 2043 2923 2221 2955; x_wconf 84' lang='lat' dir='ltr'>initiatione</span> <span class='ocrx_word' id='word_1_551' title='bbox 2236 2931 2330 2953; x_wconf 90' lang='lat' dir='ltr'>aver·</span> 
     </span>
     <span class='ocr_line' id='line_1_87' title="bbox 1283 2973 2332 3015; baseline -0.004 -7"><span class='ocrx_word' id='word_1_552' title='bbox 1283 2977 1374 3008; x_wconf 82' lang='lat' dir='ltr'>teret.</span> <span class='ocrx_word' id='word_1_553' title='bbox 1394 2978 1502 3013; x_wconf 87' lang='lat' dir='ltr'>Quare</span> <span class='ocrx_word' id='word_1_554' title='bbox 1514 2975 1654 3007; x_wconf 85' lang='lat' dir='ltr'>edictum</span> <span class='ocrx_word' id='word_1_555' title='bbox 1672 2974 1750 3006; x_wconf 90' lang='lat' dir='ltr'>illud</span> <span class='ocrx_word' id='word_1_556' title='bbox 1767 2975 1798 3006; x_wconf 90' lang='lat' dir='ltr'>in</span> <span class='ocrx_word' id='word_1_557' title='bbox 1809 2983 1882 3006; x_wconf 89' lang='lat' dir='ltr'>eum</span> <span class='ocrx_word' id='word_1_558' title='bbox 1896 2975 2053 3015; x_wconf 83' lang='lat' dir='ltr'>praeconis</span> <span class='ocrx_word' id='word_1_559' title='bbox 2065 2982 2145 3005; x_wconf 83' lang='lat' dir='ltr'>voce</span> <span class='ocrx_word' id='word_1_560' title='bbox 2159 2973 2332 3005; x_wconf 86' lang='lat' dir='ltr'>Athenien-</span> 
     </span>
     <span class='ocr_line' id='line_1_88' title="bbox 1283 3026 2318 3069; baseline -0.004 -8"><span class='ocrx_word' id='word_1_561' title='bbox 1283 3038 1332 3061; x_wconf 85' lang='lat' dir='ltr'>ses</span> <span class='ocrx_word' id='word_1_562' title='bbox 1348 3029 1611 3069; x_wconf 80' lang='lat' dir='ltr'>promulgarunt,</span> <span class='ocrx_word' id='word_1_563' title='bbox 1631 3029 1730 3067; x_wconf 87' lang='lat' dir='ltr'>atque</span> <span class='ocrx_word' id='word_1_564' title='bbox 1742 3027 1831 3059; x_wconf 81' lang='lat' dir='ltr'>stelae</span> <span class='ocrx_word' id='word_1_565' title='bbox 1846 3035 1944 3059; x_wconf 80' lang='lat' dir='ltr'>aeneae</span> <span class='ocrx_word' id='word_1_566' title='bbox 1960 3026 2204 3068; x_wconf 85' lang='lat' dir='ltr'>inscripserunt,</span> <span class='ocrx_word' id='word_1_567' title='bbox 2218 3026 2254 3057; x_wconf 84' lang='lat' dir='ltr'>ut</span> <span class='ocrx_word' id='word_1_568' title='bbox 2267 3026 2318 3057; x_wconf 81' lang='lat' dir='ltr'>Me</span> 
     </span>
     <span class='ocr_line' id='line_1_89' title="bbox 1283 3078 1867 3119; baseline -0.007 -6"><span class='ocrx_word' id='word_1_569' title='bbox 1283 3081 1424 3113; x_wconf 80' lang='lat' dir='ltr'>lanthius</span> <span class='ocrx_word' id='word_1_570' title='bbox 1439 3080 1485 3111; x_wconf 83' lang='lat' dir='ltr'>ait</span> <span class='ocrx_word' id='word_1_571' title='bbox 1498 3080 1531 3111; x_wconf 89' lang='lat' dir='ltr'>iu</span> <span class='ocrx_word' id='word_1_572' title='bbox 1545 3079 1627 3111; x_wconf 90' lang='lat' dir='ltr'>libro</span> <span class='ocrx_word' id='word_1_573' title='bbox 1642 3081 1687 3111; x_wconf 93' lang='lat' dir='ltr'>De</span> <span class='ocrx_word' id='word_1_574' title='bbox 1699 3078 1867 3119; x_wconf 86' lang='lat' dir='ltr'>mysteriis.</span> 
     </span>
    </p>

    <p class='ocr_par' dir='ltr' id='par_1_38' title="bbox 1284 3185 2336 3492">
     <span class='ocr_line' id='line_1_90' title="bbox 1325 3185 2334 3228; baseline -0.004 -7"><span class='ocrx_word' id='word_1_575' title='bbox 1325 3189 1516 3222; x_wconf 86' lang='lat' dir='ltr'>Melanthius</span> <span class='ocrx_word' id='word_1_576' title='bbox 1536 3189 1568 3220; x_wconf 89' lang='lat' dir='ltr'>in</span> <span class='ocrx_word' id='word_1_577' title='bbox 1595 3188 1677 3220; x_wconf 83' lang='lat' dir='ltr'>libro</span> <span class='ocrx_word' id='word_1_578' title='bbox 1694 3190 1741 3220; x_wconf 92' lang='lat' dir='ltr'>De</span> <span class='ocrx_word' id='word_1_579' title='bbox 1758 3186 1917 3228; x_wconf 81' lang='lat' dir='ltr'>mysteriis</span> <span class='ocrx_word' id='word_1_580' title='bbox 1943 3186 2082 3225; x_wconf 85' lang='lat' dir='ltr'>decreti,</span> <span class='ocrx_word' id='word_1_581' title='bbox 2110 3185 2197 3227; x_wconf 86' lang='lat' dir='ltr'>quod</span> <span class='ocrx_word' id='word_1_582' title='bbox 2222 3187 2334 3218; x_wconf 82' lang='lat' dir='ltr'>contra</span> 
     </span>
     <span class='ocr_line' id='line_1_91' title="bbox 1284 3237 2335 3282; baseline -0.004 -9"><span class='ocrx_word' id='word_1_583' title='bbox 1284 3242 1452 3282; x_wconf 86' lang='lat' dir='ltr'>Diagoram</span> <span class='ocrx_word' id='word_1_584' title='bbox 1466 3241 1624 3272; x_wconf 84' lang='lat' dir='ltr'>columnae</span> <span class='ocrx_word' id='word_1_585' title='bbox 1639 3248 1732 3272; x_wconf 84' lang='lat' dir='ltr'>aereae</span> <span class='ocrx_word' id='word_1_586' title='bbox 1749 3239 1937 3277; x_wconf 82' lang='lat' dir='ltr'>inscriptum</span> <span class='ocrx_word' id='word_1_587' title='bbox 1954 3239 2040 3277; x_wconf 86' lang='lat' dir='ltr'>erat,</span> <span class='ocrx_word' id='word_1_588' title='bbox 2057 3238 2275 3279; x_wconf 84' lang='lat' dir='ltr'>apographum</span> <span class='ocrx_word' id='word_1_589' title='bbox 2286 3237 2335 3270; x_wconf 80' lang='lat' dir='ltr'>af·</span> 
     </span>
     <span class='ocr_line' id='line_1_92' title="bbox 1285 3291 2336 3334; baseline -0.004 -8"><span class='ocrx_word' id='word_1_590' title='bbox 1285 3295 1355 3326; x_wconf 84' lang='lat' dir='ltr'>fert.</span> <span class='ocrx_word' id='word_1_591' title='bbox 1380 3297 1416 3327; x_wconf 92' lang='lat' dir='ltr'>ln</span> <span class='ocrx_word' id='word_1_592' title='bbox 1430 3303 1467 3326; x_wconf 90' lang='lat' dir='ltr'>eo</span> <span class='ocrx_word' id='word_1_593' title='bbox 1483 3293 1736 3334; x_wconf 84' lang='lat' dir='ltr'>proscripserunt</span> <span class='ocrx_word' id='word_1_594' title='bbox 1759 3293 1828 3324; x_wconf 81' lang='lat' dir='ltr'>tum</span> <span class='ocrx_word' id='word_1_595' title='bbox 1855 3292 2025 3331; x_wconf 85' lang='lat' dir='ltr'>Diagoram</span> <span class='ocrx_word' id='word_1_596' title='bbox 2039 3292 2111 3323; x_wconf 91' lang='lat' dir='ltr'>tum</span> <span class='ocrx_word' id='word_1_597' title='bbox 2137 3291 2336 3323; x_wconf 84' lang='lat' dir='ltr'>Pellanenses</span> 
     </span>
     <span class='ocr_line' id='line_1_93' title="bbox 1286 3342 2334 3387; baseline -0.005 -8"><span class='ocrx_word' id='word_1_598' title='bbox 1286 3347 1391 3387; x_wconf 89' lang='lat' dir='ltr'>(non)</span> <span class='ocrx_word' id='word_1_599' title='bbox 1409 3346 1560 3378; x_wconf 88' lang='lat' dir='ltr'>dedentes</span> <span class='ocrx_word' id='word_1_600' title='bbox 1576 3353 1661 3376; x_wconf 91' lang='lat' dir='ltr'>eum.</span> <span class='ocrx_word' id='word_1_601' title='bbox 1679 3345 1764 3376; x_wconf 85' lang='lat' dir='ltr'>Inter</span> <span class='ocrx_word' id='word_1_602' title='bbox 1779 3343 1839 3375; x_wconf 87' lang='lat' dir='ltr'>alia</span> <span class='ocrx_word' id='word_1_603' title='bbox 1856 3343 1952 3375; x_wconf 84' lang='lat' dir='ltr'>etiam</span> <span class='ocrx_word' id='word_1_604' title='bbox 1967 3343 2088 3374; x_wconf 78' lang='lat' dir='ltr'>dictum</span> <span class='ocrx_word' id='word_1_605' title='bbox 2103 3342 2146 3374; x_wconf 89' lang='lat' dir='ltr'>ibi</span> <span class='ocrx_word' id='word_1_606' title='bbox 2169 3342 2231 3374; x_wconf 83' lang='lat' dir='ltr'>hoe</span> <span class='ocrx_word' id='word_1_607' title='bbox 2243 3344 2312 3374; x_wconf 82' lang='lat' dir='ltr'>erat</span> <span class='ocrx_word' id='word_1_608' title='bbox 2327 3353 2334 3374; x_wconf 92' lang='lat'>:</span> 
     </span>
     <span class='ocr_line' id='line_1_94' title="bbox 1286 3395 2336 3440; baseline -0.006 -8"><span class='ocrx_word' id='word_1_609' title='bbox 1286 3401 1317 3433; x_wconf 90' lang='lat' dir='ltr'>Si</span> <span class='ocrx_word' id='word_1_610' title='bbox 1343 3401 1415 3440; x_wconf 84' lang='lat' dir='ltr'>quis</span> <span class='ocrx_word' id='word_1_611' title='bbox 1430 3398 1596 3431; x_wconf 82' lang='lat' dir='ltr'>occidisset</span> <span class='ocrx_word' id='word_1_612' title='bbox 1616 3398 1784 3438; x_wconf 84' lang='lat' dir='ltr'>Diagoram</span> <span class='ocrx_word' id='word_1_613' title='bbox 1807 3397 1936 3429; x_wconf 88' lang='lat' dir='ltr'>Melium</span> <span class='ocrx_word' id='word_1_614' title='bbox 1948 3421 1957 3437; x_wconf 88' lang='lat'>‚</span> <span class='ocrx_word' id='word_1_615' title='bbox 1978 3395 2098 3436; x_wconf 84' lang='lat' dir='ltr'>argenti</span> <span class='ocrx_word' id='word_1_616' title='bbox 2117 3396 2293 3435; x_wconf 69' lang='lat' dir='ltr'>talentum</span> <span class='ocrx_word' id='word_1_617' title='bbox 2309 3395 2336 3426; x_wconf 84' lang='lat' dir='ltr'>si</span> 
     </span>
     <span class='ocr_line' id='line_1_95' title="bbox 1286 3447 2333 3492; baseline -0.007 -9"><span class='ocrx_word' id='word_1_618' title='bbox 1286 3451 1358 3492; x_wconf 89' lang='lat' dir='ltr'>quis</span> <span class='ocrx_word' id='word_1_619' title='bbox 1371 3459 1445 3483; x_wconf 68' lang='lat' dir='ltr'>vei-0</span> <span class='ocrx_word' id='word_1_620' title='bbox 1465 3450 1576 3482; x_wconf 91' lang='lat' dir='ltr'>vivum</span> <span class='ocrx_word' id='word_1_621' title='bbox 1592 3448 1797 3488; x_wconf 83' lang='lat' dir='ltr'>adduxisset,</span> <span class='ocrx_word' id='word_1_622' title='bbox 1817 3447 1881 3480; x_wconf 85' lang='lat' dir='ltr'>duo</span> <span class='ocrx_word' id='word_1_623' title='bbox 1891 3448 2012 3480; x_wconf 80' lang='lat' dir='ltr'>talenta</span> <span class='ocrx_word' id='word_1_624' title='bbox 2029 3447 2239 3487; x_wconf 82' lang='lat' dir='ltr'>accepturum</span> <span class='ocrx_word' id='word_1_625' title='bbox 2255 3454 2333 3478; x_wconf 84' lang='lat' dir='ltr'>esse.</span> 
     </span>
    </p>
   </div>
  </div>
 </body>
</html>
