2372 3704
665 219 901 258 CERCIDAE
930 218 1242 258 MEGALOPOl
1246 220 1388 258 {TAM
1418 220 1745 261 FRAGMENTA.

127 300 163 338 αἱ
182 299 340 352 δεύτεραι
369 297 583 347 καλούμεναι
603 269 793 349 τράπεζαι,
823 298 991 342 πολλάκις
1014 300 1097 349 ἡμῖν
1118 299 1171 336 δι-

126 357 268 408 δόμεναι
292 358 331 396 οὖ
360 356 463 408 μόνον
483 356 559 400 ταῖς
586 358 656 394 τῶν
679 355 837 428 Κρονίων
858 355 928 406 ἧμέ
912 372 1027 410 εραις,
1061 358 1096 394 ἐν
1119 359 1171 401 αῖς

125 415 314 466 Ῥωμαίων
335 413 456 453 παισὶν
476 414 549 458 ἔθος
570 413 663 452 ἐστὶν
684 416 802 452 ἑστιᾶν
821 413 900 459 τους
920 415 1076 466 οἰκέτας,
1103 416 1170 453 αὔ-

123 473 201 518 τους
219 472 279 517 τὰς
298 475 366 511 τῶν
382 473 523 512 οἰκετῶν
544 473 647 511 ἀναδε
634 472 816 525 εχομένους
835 473 1006 527 λειτουρ’
972 489 1062 525 γιας.
1084 473 1171 513 εΕλ-

879 537 901 546 ...
958 536 980 545 ω
1021 535 1044 543 .-
1085 531 1096 545 ς

125 590 272 641 μαίων(
258 593 359 643 εορτῇ
376 589 416 629 τὸ
435 589 552 641 ὅμοιον
570 589 723 641 γίνεται,
750 590 795 634 ὥς
815 606 899 644 φησι
919 591 1153 644 Καρύστιος’
1138 607 1172 630 εν

123 647 357 701 Ἱστορικοῖςε
345 647 606 700 υπομνήμασιν.
631 649 896 701 Εὐωχουμένων
907 649 975 703 γὰρ
988 652 1056 688 τῶν
1076 651 1172 688 οἰκε-

126 709 195 746 τῶν
217 708 247 745 οἱ
267 707 468 746 δεσπόταιε
455 722 666 759 υπηρετουσι
695 707 777 760 πρὸς
800 707 862 752 τὰς
881 709 1069 752 διακονίας.
1100 707 1173 748 Καὶ

125 767 159 804 ἔν
176 767 343 817 Τροιζῆνι
363 763 398 804 δὲ
416 765 500 817 μηνὶ
515 767 733 826 Γεραιστίῳ·
759 766 954 820 πανήγυρις
970 767 1005 805 δὲ
1021 766 1099 805 τότε
1118 766 1172 819 γί-

124 838 220 862 νεται
249 824 491 877 πολυήμερος,
512 818 588 871 ἧς’
573 840 607 862 εν
629 831 692 878 μιᾶ
713 827 744 863 οἱ
765 826 879 864 δουλοι
899 825 989 877 μετὰ
1017 827 1085 864 τῶν
1104 841 1173 863 πο-

123 883 227 920 λιτῶν
256 885 355 935 κοινῇ
389 898 426 920 τε
459 883 776 935 ἀστραγαλίζουσι,
799 883 859 922 καὶ
893 886 924 923 οἱ
955 883 1068 937 κύριοι
1099 883 1175 928 τους

125 939 266 984 δούλους
281 943 442 980 ἑστιῶσιν
454 972 465 993 ,
484 944 530 986 ὡς
550 944 568 980 6
587 941 690 986 αὐτός
709 957 795 995 φησι
815 942 1024 995 Καρύστιος.

534 1061 751 1076 ψ

622 1156 683 1194 14.

181 1231 289 1269 Idem
309 1233 347 1277 1,
378 1244 418 1280 p.
443 1236 491 1275 24
508 1259 518 1277 ‚
541 1232 596 1269 B:
616 1228 703 1270 Ὅτι
725 1229 921 1282 Καρύστιος
945 1232 963 1268 6
982 1231 1174 1283 Περγαμη-

131 1289 186 1332 νὸς
216 1291 368 1341 ἱστορεῖ,
399 1287 461 1333 τὰς
495 1287 720 1341 Κερκυραίας
748 1294 914 1339 γυναῖκας
945 1288 995 1327 ἔτί
1025 1287 1086 1326 καὶ
1119 1291 1176 1326 νῦν

127 1346 375 1400 σφαιριζούσας
404 1345 512 1399 ᾄδειν.
544 1348 774 1400 Σφαιρίζουσι
804 1346 840 1386 δὲ
863 1346 947 1400 παρ’
964 1346 1117 1398 Ὁμήρῳ
1138 1347 1176 1384 οὗ

129 1405 234 1455 μόνον
255 1405 374 1458 ἄνδρες
386 1434 397 1452 ,
420 1404 512 1443 ἀλλὰ
530 1404 590 1442 καὶ
614 1410 784 1456 γυναῖκες.

623 1489 682 1528 15.

179 1565 516 1615 Schol.Aristoph.
535 1566 606 1601 Av.
627 1563 702 1611 574
718 1578 726 1601 :
740 1562 906 1603 Αὐτίκα
920 1562 1031 1609 Νίκη
1050 1561 1177 1600 πέτα-

127 1622 215 1675 ται]
237 1621 456 1673 Νεωτερικὸν
471 1620 512 1660 τὸ
531 1621 593 1669 τὴν
613 1620 728 1668 Νίκην
748 1620 809 1659 καὶ
827 1621 886 1660 τὸν
902 1617 1052 1674 Ἔρωτα
1070 1621 1176 1657 ἐπτε-

130 1684 275 1734 ρῶσθαι.
297 1678 481 1734 Ἀρχεννον
497 1680 566 1734 γάρ
586 1696 694 1734 φασι,
716 1679 775 1718 τὸν
795 1678 975 1718 Βουὸάλου
995 1678 1054 1717 καὶ
1074 1678 1178 1726 Ἀθή-

129 1740 218 1785 νίδος
230 1743 382 1793 πατέρα,
395 1742 426 1778 οἳ
445 1740 481 1778 δὲ
495 1740 758 1792 Ἀγλαοφῶντα,
768 1739 826 1777 τὸν
837 1738 971 1779 Θάσιον
980 1737 1175 1791 ζωγράφον,

129 1799 264 1846 πτηνὴν
283 1799 499 1852 ἐργάσασθαι
521 1797 584 1845 τὴν
604 1798 718 1846 Νίκην
732 1828 744 1849 ,
759 1800 805 1842 ὡς
822 1799 854 1836 οἱ
873 1796 953 1849 περὶ
977 1795 1174 1848 Καρύστιον

129 1857 186 1896 τὸν
205 1855 442 1910 Περγαμηνόν
457 1872 577 1910 φασιν.

638 1930 698 1967 16.

187 2011 316 2049 Schol.
335 2010 525 2046 Theocrit.
549 2010 660 2054 XIII,
683 2021 732 2045 22
759 2020 769 2046 :
796 2009 888 2046 Κυα
899 2005 1028 2057 νέων]
1056 2005 1179 2057 Καρύ-

134 2083 226 2112 στιος
245 2070 263 2106 6
283 2066 515 2118 Περγαμηνός
528 2081 613 2118 φησι
630 2067 663 2104 Κ
675 2081 694 2103 υ
707 2081 728 2102 α
737 2067 837 2109 νέας
866 2063 928 2114 μὲν
955 2064 1020 2101 ὑπὸ
1050 2063 1180 2116 ἀνθρώ-

134 2142 208 2164 πων
220 2156 230 2175 ,
250 2124 371 2165 ὑπὸδὲ
390 2127 476 2164 θεῶν
495 2123 585 2177 Φόρ
596 2139 646 2162 κο
656 2140 675 2162 υ
694 2122 747 2161 πύ
759 2127 832 2167 λας
848 2123 1052 2169 κεκλῆσθαι.

558 2249 771 2264 '⁴000'—

136 2482 256 2506 mensae
264 2497 274 2512 ,
291 2481 366 2514 quae
379 2471 509 2513 quidem
520 2471 637 2511 saepius
649 2469 742 2502 nobis
753 2469 999 2508 exhibebantur,
1010 2476 1070 2500 nec
1084 2468 1189 2500 solum

136 2525 355 2559 Saturnalium
369 2524 483 2556 diebus
494 2548 504 2564 ‚
518 2523 635 2564 quibus
650 2522 754 2555 solent
770 2521 906 2554 Romani
921 2529 1031 2553 servos
1043 2520 1189 2553 convivio

137 2578 301 2619 excipere,
318 2578 377 2618 ipsi
390 2576 517 2609 servilia
533 2574 709 2607 ministeria
721 2575 888 2607 obeuntes.
906 2575 962 2606 Est
980 2574 1088 2606 autem
1102 2575 1191 2605 Grae-

140 2631 272 2662 canicus
294 2630 346 2662 hic
363 2637 444 2661 mos.
460 2630 498 2660 ln
514 2628 611 2660 Creta
635 2628 722 2659 certe
736 2626 822 2659 seriis
842 2625 1087 2658 Mercurialibus
1106 2624 1191 2656 idem

139 2681 279 2722 faciunt,
294 2683 330 2713 ut
346 2681 391 2712 ait
411 2679 576 2720 carystius
591 2679 625 2710 in
643 2677 809 2711 Historicis
830 2676 1079 2709 commentariis.
1104 2678 1190 2716 Epu-

139 2734 247 2765 lantur
257 2732 342 2765 enim
352 2732 450 2771 servi,
461 2733 493 2763 et
502 2730 686 2763 ministrant
693 2729 954 2770 famulanturque
965 2728 1046 2760 heri.
1058 2727 1148 2760 Idem
1157 2727 1193 2759 lit

139 2787 313 2826 Troezene‚
336 2792 446 2816 mense
462 2782 637 2822 Geraestio‚
657 2790 723 2822 quo
741 2780 944 2813 celebrantur
960 2780 1101 2821 plurium
1123 2779 1192 2810 die-

139 2846 212 2869 rum
226 2837 331 2876 seriae,
345 2844 486 2877 quorum
505 2835 629 2867 dierum
644 2843 709 2866 uno
722 2833 805 2866 servi
822 2841 887 2865 una
898 2842 973 2865 cum
984 2832 1110 2864 civibus
1121 2831 1194 2863 talis

139 2889 272 2929 ludunt,
297 2889 331 2921 et
346 2887 415 2920 heri
430 2895 539 2920 servos
551 2886 653 2927 epulis
674 2886 859 2927 excipiunt,
873 2886 909 2917 ut
924 2885 1008 2917 idem
1021 2883 1120 2917 tradit
1130 2885 1193 2916 Ca-

139 2940 269 2981 rystius.

640 2992 696 3026 14.

183 3049 347 3090 carystius
365 3051 580 3089 Pergamenus
595 3050 703 3079 narrat
725 3048 912 3086 corcyraeas
926 3045 1076 3078 mulieres
1098 3044 1194 3076 etiam

142 3109 228 3132 nunc
245 3100 310 3141 pila
334 3099 480 3132 ludentes
503 3107 626 3131 canere.
657 3098 753 3139 Apud
775 3100 950 3130 Homerum
976 3096 1107 3138 quidem
1130 3104 1195 3127 non

143 3152 239 3184 modo
254 3151 314 3183 viri
331 3151 394 3192 pila
410 3150 547 3191 ludunt,
560 3150 617 3183 sed
628 3150 727 3182 etiam
742 3149 903 3182 mulieres.

641 3206 696 3239 15.

183 3262 361 3294 Victoriam
376 3262 409 3293 et
427 3264 577 3293 Amorem
600 3260 657 3292 alis
674 3260 848 3292 instructos
866 3257 1086 3300 repraesentari
1102 3256 1195 3287 inno-

144 3316 231 3348 vatio
253 3316 312 3347 est.
331 3314 536 3346 Archennum
555 3313 677 3346 scilicet
692 3313 806 3346 Bubali
823 3313 855 3344 et
875 3310 1038 3344 Athenidis
1052 3311 1195 3350 patrem,

145 3369 195 3400 vel
215 3367 391 3400 secundum
410 3367 490 3399 alios
509 3366 761 3408 Aglaophontem
778 3365 930 3397 Thasium
949 3363 1122 3404 pictorem,
1139 3360 1194 3391 Vi-

146 3419 280 3452 ctoriam
290 3419 349 3450 alis
365 3418 532 3459 praeditam
548 3418 689 3459 primum
706 3416 889 3450 exhibuisse
908 3413 1072 3455 carystius
1086 3414 1196 3452 Perga-

147 3480 259 3505 menus
271 3471 381 3504 tradit.

2198 236 2272 269 359

1579 337 1924 377 ΔῘΔΑΣΚΑΛΙΑΙ.

1730 431 1790 463 17.

1286 489 1487 526 Athenaeus
1507 491 1578 536 VI,
1605 503 1643 539 p.
1667 490 1764 537 235,
1786 494 1815 528 E
1837 504 1845 530 :
1867 491 1939 530 Τὸν
1960 494 1995 530 δὲ
2019 497 2077 531 ν’ὔν
2098 495 2282 545 λεγόμενον

1233 545 1425 597 παράσιτον
1456 546 1653 599 Καρύστιος
1671 551 1689 587 6
1707 550 1939 600 Περγαμηνὸς
1958 552 1992 588 ἐν
2013 553 2063 603 τῷ
2087 553 2173 604 Περὶ
2190 555 2281 591 διδα·

1234 605 1387 642 σκαλιῶν
1407 605 1590 657 εὓρεθηναι
1606 621 1709 658 φησιν
1730 606 1800 644 ὑπὸ
1815 607 1953 659 πρώτου
1974 608 2068 648 Ἀλέζ
2055 611 2157 657 ιδος,
2175 613 2282 648 ἐκλα-

1235 662 1377 732 θόμενος
1396 662 1448 701 ὅτι
1481 662 1704 718 Ἐπίχαρμος
1728 667 1763 702 ἐν
1793 664 1973 712 Ἐλπίδιῆ
2006 667 2154 721 Πλούτω
2186 669 2284 722 παρὰ

1235 719 1340 759 πότον
1360 720 1461 759 αὐτὸν
1482 722 1678 773 εἰσήγαγεν.

1733 782 1792 821 18.

1289 860 1374 896 Vita
1393 861 1577 909 Sophocl.
1603 874 1611 896 ε
1635 859 1747 904 Νίκας
1771 860 1806 899 δὲ
1827 860 1952 900 ἔλαὸεν
1979 863 2208 916 (Σοφοκλῆς)
2231 868 2279 902 εἷ·

1236 931 1330 955 κοσιν
1342 947 1351 965 ,
1367 916 1413 961 ὥς
1429 933 1513 969 φησι
1532 917 1744 971 Καρύστιος.

1553 1010 1678 1049 ΠΕΡΙ
1708 1011 1964 1054 ΣΩΤΑΔΟΥ.

1737 1110 1794 1146 19.

1292 1169 1491 1206 Athenaeus
1502 1171 1658 1220 X1V‚p.
1673 1171 1761 1218 620,
1779 1174 1831 1210 F:
1849 1168 2017 1220 Ηκμασε
2037 1171 2122 1211 δὲέν
2138 1189 2188 1211 τω
2206 1174 2284 1212 εἶδε

1238 1225 1350 1278 τούτῳ
1366 1227 1376 1277 (
1390 1241 1441 1265 sc.
1459 1228 1493 1264 ἐν
1511 1243 1560 1264 τι)
1573 1228 1749 1266 κιναιδολ’
1722 1244 1801 1281 ογῳ
1815 1231 1825 1280 )
1842 1230 2011 1277 Σωτάδης
2028 1232 2046 1267 6
2060 1213 2285 1284 Μαρωνίτης,

1239 1283 1285 1327 ὥς
1305 1300 1390 1337 φησι
1423 1285 1621 1338 Καρύστιος
1650 1289 1668 1325 6
1697 1288 1964 1359 Περγαμηνὸς
1949 1304 1984 1326 εν
2003 1291 2052 1326 τῶ
2072 1290 2162 1341 Περὶ
2183 1292 2287 1329 αὐτοῦ

1239 1342 1407 1381 Σωτάδου
1422 1343 1687 1395 συγγράμματι,
1706 1345 1765 1382 καὶ
1781 1348 1798 1383 6
1814 1349 1872 1383 τοῦ
1891 1346 2058 1385 Σωτάδου
2075 1347 2144 1391 υἱὸς
2155 1348 2287 1388 Ἀπολ-

1238 1399 1370 1444 λώνιος.
1389 1402 1448 1441 Cf:
1465 1404 1709 1452 Hegesander
1726 1417 1788 1452 ap.
1805 1406 2026 1442 Athenaeum
2042 1406 2069 1443 l.
2089 1407 2115 1444 l.

1453 1476 1468 1493 δ

1659 1521 1877 1536 dou-—

1295 1578 1580 1614 CASSANDER
1617 1579 1917 1616 SALAMINIUS
1951 1592 2012 1628 ap.
2043 1583 2212 1618 Tzetzem
2244 1583 2293 1618 ad

1242 1637 1335 1685 Lyc.
1358 1649 1446 1682 177.
1463 1636 1550 1675 Vid.
1571 1636 1815 1687 Hegesander
1830 1639 2067 1676 Salaminius.

1651 1751 1869 1767 4000-—

1317 1834 2222 1968 CERCIDAssAMNEUffiALOPOLl-

1298 2008 1494 2045 Cercidam
1502 2010 1824 2057 Megapolitanum
1834 2010 2022 2045 Historica
2030 2010 2200 2057 quaedam
2211 2013 2297 2047 scri-

1243 2067 1361 2115 psisse
1393 2067 1546 2114 colligas
1570 2079 1616 2102 ex
1637 2068 1785 2102 AEliano
1806 2069 1850 2103 V.
1876 2069 1926 2104 H.
1946 2068 2064 2112 XIII,
2089 2080 2138 2103 20
2159 2080 2168 2106 ε
2190 2066 2292 2119 Ἀνὴρ

1246 2123 1537 2174 Μεγαλοπολίτης
1549 2122 1651 2169 τῆςἏ
1659 2123 1816 2175 ρκαδίας,
1828 2123 2130 2174 Κερκιδᾶςόνομα,
2146 2125 2294 2171 ἀποθνή-

1247 2196 1340 2219 σκων
1361 2180 1458 2232 ἔλεγε
1484 2180 1569 2233 πρὸς
1601 2181 1678 2224 τοὺς
1705 2180 1848 2224 οἰκείους
1879 2181 2157 2232 ἀθυμουμένους,
2187 2181 2298 2229 ἡδέως

1249 2239 1462 2278 ἀπολύεσθαι
1478 2244 1539 2278 τοῦ
1556 2242 1635 2287 ζῆν,
1652 2241 1694 2278 δι’
1713 2239 1851 2284 ἐλπίδος
1870 2238 1937 2292 γὰρ
1954 2239 2047 2292 ἔχειν
2066 2240 2293 2292 συγγενέσθαι

1255 2299 1324 2335 τῶν
1358 2297 1421 2346 μὲν
1453 2300 1567 2351 σοφῶν
1603 2297 1815 2350 Πυθαγόρᾳ,
1847 2300 1931 2335 τῶν
1973 2297 2015 2335 δὲ
2042 2299 2296 2351 ἱστορικῶν

1251 2355 1459 2396 ‘Eumae
1469 2373 1525 2409 ῳ,
1553 2359 1621 2395 τῶν
1651 2356 1687 2394 δὲ
1720 2358 1894 2407 μουσικῶν
1929 2355 2127 2409 Ὀλύμπῳ,
2160 2359 2229 2395 τῶν
2264 2356 2300 2395 δὲ

1750 2471 1804 2504 16.

1292 2525 1456 2566 carystius
1474 2527 1688 2565 Pergamenus
1702 2524 1780 2556 dicit
1805 2526 1961 2565 Cyaneas
1981 2533 2061 2566 quas
2079 2526 2232 2558 mortales
2247 2535 2302 2557 vo-

1251 2580 1343 2620 cent,
1358 2587 1377 2610 a
1391 2579 1451 2611 diis
1469 2579 1596 2611 Phorci
1612 2580 1731 2619 portas
1750 2578 1914 2619 appellari.

1608 2667 1949 2708 DIDASCALIAE.

1747 2770 1804 2802 17.

1297 2837 1359 2876 Qui
1382 2837 1490 2869 autem
1513 2844 1601 2868 nunc
1615 2835 1774 2876 parasitus
1790 2835 1936 2874 vocatur,
1953 2842 2028 2866 eum
2046 2834 2210 2875 Carystius
2229 2836 2304 2866 Per-

1254 2899 1407 2932 gamenus
1428 2890 1460 2921 in
1483 2889 1564 2921 libro
1577 2891 1624 2920 De
1633 2888 1814 2920 didascaliis
1826 2888 1871 2919 ait
1883 2887 2022 2927 primum
2038 2887 2124 2928 apud
2138 2886 2302 2919 Alexidem

1256 2943 1404 2984 reperiri;
1427 2942 1545 2974 oblitus
1560 2941 1682 2973 scilicet
1699 2941 1765 2981 jam
1781 2940 1821 2972 ab
1839 2940 2030 2981 Epicharmo
2054 2943 2086 2971 ln
2112 2940 2219 2971 fabula
2243 2942 2303 2979 Spe

1256 2996 1307 3028 vel
1324 2996 1419 3028 Pluto
1431 2995 1528 3027 talem
1542 2993 1703 3025 hominem
1718 2993 1752 3025 in
1768 2993 2037 3034 compotationem
2051 2992 2221 3024 introduci.

1756 3055 1770 3087 1
1777 3056 1809 3088 8.

1297 3111 1470 3152 Sophocles
1484 3109 1596 3150 viginti
1610 3110 1785 3150 reportavit
1798 3109 1959 3149 victorias,
1971 3110 2052 3141 teste
2064 3108 2222 3148 Carystio.

1640 3201 1705 3239 DE
1733 3200 1948 3240 SOTADE.

1754 3287 1809 3319 19.

1300 3354 1422 3387 Floruit
1435 3354 1467 3385 in
1480 3353 1540 3385 hoc
1554 3353 1712 3384 obscoenae
1722 3360 1850 3392 poeseos
1863 3358 1974 3390 genere
1991 3347 2121 3381 sotades
2138 3345 2302 3383 Maronita‚

1259 3409 1295 3439 ut
1310 3408 1354 3439 ait
1370 3406 1533 3447 carystius
1550 3408 1762 3445 Pergamenus
1778 3404 1810 3435 in
1827 3403 1907 3434 libro
1921 3410 2017 3442 quem
2030 3400 2070 3431 de
2088 3399 2157 3439 ipso
2168 3398 2230 3429 boc
2244 3399 2303 3429 So·

1259 3460 1332 3492 tade
1357 3460 1475 3498 edidit,
1488 3460 1564 3491 item
1582 3457 1707 3491 sotadis
1720 3456 1804 3488 lilius
1814 3454 2010 3496 Apollonius.
