2314 3756
951 192 1290 234 FRAGMENTA.
2089 162 2091 164 v
2150 202 2198 236 25

52 285 236 340 ῥητορικὴν
251 285 384 335 δεινῶν,
405 283 465 323 καὶ
493 285 511 322 ὁ
539 285 578 322 ἐκ
596 282 755 335 Φρυγίας
773 281 989 325 Ἰουσκιανος
1003 312 1014 332 ,
1036 280 1088 319 ἀει

2 360 6 361 ’
49 345 133 398 πρὸς
150 347 260 382 ταῦτα
277 342 467 383 ἐπεκάλουν
487 342 547 380 καὶ
569 343 619 380 διε
605 341 798 395 εμέμφοντο
813 341 875 384 τὰς
893 339 1033 393 κρίσεις.
1048 341 1062 392 ]

11 438 18 453 4
103 405 372 452 Haechnapio
390 402 841 439 vindicatBoissonadius.
857 403 913 438 De
927 402 1091 437 Prooere-

0 461 26 506 {s
46 466 100 500 sio
119 464 168 502 cf.
188 463 321 500 Suidas
344 475 382 498 v.
405 460 635 512 Προαιρέσιος
654 474 663 497 :
740 454 853 502 Οὗτος
868 458 924 496 ἐπὶ
942 458 1094 498 Ἰουλια-

0 523 18 574 {2
47 524 104 559 νοῦ
122 521 258 572 ἤκμαζε
271 550 281 568 ,
298 520 485 573 σύγχρονος
502 518 662 571 Λιὸανίῳ
677 521 727 571 τῷ
745 521 910 571 σοφιστῇ·
925 517 985 556 καὶ
1002 518 1094 561 ὅπως

0 588 23 620 ἰ’
47 579 173 627 λυποίη
191 583 310 618 τοῦτον
331 577 537 626 Ἰουλιανὸς,
557 577 614 616 τὸν
632 577 797 617 Λιὸάνιον
818 576 977 627 μεγάλως
996 574 1094 614 ἐθαύ-

7 632 12 640 Υ
47 641 170 690 μαζεν.
189 641 443 688 Hieronymus
463 639 603 676 Chron.
625 638 675 674 ad
695 650 784 675 ann.
805 637 879 674 363
904 650 912 673 :
933 638 1095 673 Prooere-

44 702 119 734 sius
133 698 298 747 sophista
310 698 571 742 Atheniensis,
598 698 679 745 lege
703 697 797 732 data
820 709 868 731 ne
889 695 1094 732 Christiani

47 757 256 793 liberalium
275 759 408 792 artium
427 757 592 792 doctores
609 763 749 799 essent,
773 763 810 790 et
825 755 896 790 sibi
917 756 1095 803 speciali-

47 817 281 852 tersulianus
292 816 507 852 concederet
518 822 559 850 ut
574 815 807 851 Christianos
816 814 974 859 doceret,
987 813 1096 850 scho-

50 875 127 910 lam
148 883 275 923 sponte
290 875 461 909 deseruit.
484 875 633 922 Eunap.
654 874 731 910 Vit.
754 874 931 909 Proaeres.
948 885 988 920 p.
1010 885 1059 920 92
1083 885 1092 908 :

45 929 242 970 Ἰουλιανοῧ
287 929 323 968 δὲ
369 929 628 982 βασιλεύοντος,
668 928 772 968 τόπον
814 933 872 967 τοῦ
919 928 1094 967 παιδεύειν

45 988 276 1043 ἐξειργόμενος
295 989 431 1043 (ἐδόκει
459 987 527 1041 γὰρ
548 982 635 1026 εἶναι
664 987 915 1040 Χριστιανός),
945 989 1094 1040 συνορῶν

47 1047 106 1086 τὸν
135 1047 340 1101 ἱεροφάντην
371 1045 490 1100 ὥσπερ
522 1046 692 1096 Δελφικόν
721 1061 798 1084 τινα
831 1045 981 1098 τρίποδα
1011 1046 1095 1098 πρὸς

45 1104 110 1153 τὴν
127 1109 186 1144 τοῦ
207 1105 393 1157 μέλλοντος
409 1104 571 1158 πρόνοιαν
601 1111 689 1143 πᾶσι
711 1110 781 1149 τοῖς
806 1104 978 1154 δεομένοις
1002 1106 1092 1142 ἅνα-

45 1164 218 1215 κείμενον,
233 1164 338 1219 σοφία
357 1165 422 1203 τινὶ
439 1166 603 1217 περιῆλθε
620 1163 696 1217 ξένῃ
716 1163 777 1212 τὴν
793 1163 1000 1216 πρόγνωσιν,
1013 1165 1092 1203 κτλ.

47 1226 157 1262 Idem
176 1226 230 1262 ib.
250 1239 293 1275 p.
321 1225 368 1272 73
391 1239 399 1261 :
424 1223 513 1276 Περὶ
530 1222 765 1276 Προαιρεσίου
783 1223 843 1262 καὶ
859 1222 1095 1276 προλαὸοῦσιν

52 1285 180 1327 ἱκανῶς
206 1282 340 1336 εἴρηται
365 1282 458 1321 καὶ’
443 1298 477 1320 εν
497 1287 566 1324 τοῖς
582 1284 766 1333 ἱστορικοῖς
788 1281 879 1320 κατὰ
896 1281 959 1328 τὴν
971 1280 1094 1332 ἐξήγη-

53 1355 106 1379 σιν
121 1340 365 1392 ὓπομνήμασι.
384 1363 436 1369 --
449 1343 506 1378 De
522 1339 683 1378 Libanio
698 1341 823 1378 idem
814 1355 853 1376 m
865 1343 939 1379 Vit.
955 1342 1090 1377 Liban.

45 1413 86 1450 Ρ.
111 1412 203 1449 97:
227 1398 384 1448 Μνήμην
413 1397 475 1449 μὲν
493 1401 550 1436 οὖν
571 1400 664 1451 αὐτῶ
692 1397 756 1444 τὴν
788 1397 989 1450 πρέπουσαν
1026 1400 1093 1436 κᾶν

48 1474 117 1503 τοις
138 1458 282 1512 βιὸλίοις
298 1459 367 1501 τοῖς
381 1456 471 1496 κατὰ
490 1456 547 1495 τὸν
564 1457 753 1496 Ἰουλιανὸν
767 1460 789 1504 ἡ
809 1456 924 1529 γραφὴ
941 1457 1094 1505 πεποίη-

47 1531 120 1556 ται.
137 1540 191 1546 -
207 1515 266 1555 De
283 1521 421 1554 Acacio
443 1518 490 1554 cf.
511 1517 645 1554 Suidas
662 1531 699 1554 V.
723 1515 764 1555 ’A
778 1515 862 1554 κάκ
876 1531 956 1560 ιος·
978 1516 1094 1570 ῥήτωρ

50 1574 273 1619 δεινότατος’
259 1575 315 1613 επὶ
335 1575 528 1614 Ἰουλιανοῦ
553 1574 612 1612 και
633 1573 802 1613 Λιὸανίου
828 1577 887 1612 τοῦ
909 1589 1094 1627 σοφιστου·

44 1633 80 1678 ὃς
97 1633 258 1672 ἐπεκάλει
275 1633 334 1672 τὸν
353 1632 558 1680 Ἰουλιανὸν,
581 1632 641 1671 καὶ
661 1632 871 1685 διεμέμφετο
887 1632 947 1676 τὰς
962 1632 1092 1686 κρίσεις

45 1694 173 1741 αὐτοῦ,
205 1692 266 1731 σὺν
297 1695 331 1732 Τ
333 1694 506 1744 ουσκιανῷ
539 1693 589 1745 τῷ
621 1694 659 1730 ἐκ
690 1691 868 1743 Φρυγίας,
905 1691 965 1730 καὶ
996 1694 1090 1746 αὐτῷ

51 1750 170 1805 ῥήτορι
192 1750 264 1790 ὄντι
284 1752 396 1803 δεινῶ.
417 1755 474 1789 De
495 1754 678 1788 Tusciam>
696 1754 843 1801 Eunap.
866 1754 905 1788 in
923 1754 998 1791 Vit.
1023 1755 1044 1789 J
1048 1767 1089 1789 u

39 1813 134 1848 iiani
147 1812 304 1860 sophist.
318 1825 359 1861 p.
378 1811 456 1850 68:
476 1812 693 1850 Τουσκιανου
709 1810 744 1848 δε
760 1813 957 1861 μνησθῆναι
971 1810 1090 1849 καλόν·

45 1884 107 1908 και
125 1868 192 1922 γὰρ
209 1872 305 1912 οὗτος
328 1868 459 1908 ἐκείνου
474 1884 556 1919 μετε
548 1868 625 1921 ὀγε
642 1872 702 1916 τ’ἧς
719 1868 875 1919 ὁμιλίας·
897 1869 988 1907 ἀλλὰ
1013 1869 1091 1908 τού-

46 1943 106 1966 του
128 1927 189 1978 μὲν
206 1928 266 1967 καὶ
282 1929 316 1966 ἐν
337 1929 406 1973 τοῖς
423 1926 515 1966 κατὰ
531 1927 722 1968 Ἰουλιανὸν
742 1927 963 1980 ἐμνήσθημεν
983 1927 1091 1974 διεξο-

45 1987 164 2031 δικοῖς.

536 2059 602 2095 26.

99 2140 193 2174 Exc.
211 2140 268 2175 De
279 2145 373 2175 sent.
397 2150 440 2187 p.
460 2137 535 2175 265
568 2151 576 2174 ι
597 2135 710 2189 [Περὶ
735 2139 796 2184 τῆς
820 2139 983 2184 τελευτῆς
998 2137 1089 2177 ’100-

46 2197 166 2236 λιανοῧ
177 2199 237 2233 τοῦ
252 2194 470 2248 Παραὸάτου
482 2198 544 2233 τοῦ
558 2194 671 2244 ἀθέου,
685 2195 844 2249 χρησμὸς
857 2190 898 2243 ἦν
912 2197 1091 2248 τοιοῦτος’]

129 2288 208 2322 Ἀλλ’
222 2287 317 2320 ὀπὸτε
331 2287 466 2328 (ὁπόταν
478 2287 532 2328 S.)
547 2289 734 2330 σκήπτροισι
746 2291 826 2326 τεοῖς
841 2290 995 2332 Περσήιον
1013 2291 1093 2332 αἷμα

128 2336 201 2378 ἄχρι
217 2336 392 2373 Σελευκείης
408 2337 544 2367 κλονέων
558 2336 692 2376 ξιφέεσσι
705 2337 882 2377 δαμάσσῃς,

130 2383 169 2420 δὴ
179 2383 250 2415 τότε
265 2383 301 2414 σὲ
316 2384 391 2424 πρὸς
404 2383 567 2423 Ὄλυμπον
584 2383 652 2423 ἄγει
667 2384 859 2425 πυριλαμπὲς
875 2384 983 2426 ὄχημα

127 2430 204 2471 ἀμφὶ
219 2431 392 2470 θυελλείῃσι
407 2431 589 2471 κυκώμενον
603 2431 634 2462 ἐν
647 2431 856 2472 στροφάλιγξι,

126 2476 297 2517 λυσάμενον
312 2476 463 2518 (ῥίψαντα
474 2479 520 2517 S.)
532 2478 667 2519 βροτέων
675 2479 785 2519 ῥεθέων
793 2478 983 2516 πολύτλητον
992 2478 1093 2516 ἀνίην.

1234 281 1341 317 ’ῚΙξεις
1351 279 1377 312 δ’
1392 280 1527 322 αἰθερίου
1540 280 1632 321 φάεος
1644 282 1801 324 πατρώιον
1812 283 1921 322 αὐλὴν,

1238 328 1321 360 ἔνθεν
1338 328 1569 370 ἀποπλαγχθεὶς
1592 331 1759 370 μεροπήιον
1776 330 1805 367 ἐς
1818 331 1911 371 δέμας
1924 330 2025 370 ἦλθες.

1207 415 1351 460 Τούτοις
1366 415 1514 469 ἀρθέντα
1532 422 1602 461 τοῖς
1623 416 1741 455 ἔπεσιν
1758 417 1862 456 αὐτὸν
1879 417 1939 456 καὶ
1959 417 2084 468 λογίοις
2105 418 2202 468 μάλα

1159 474 1268 522 ἡδέως
1285 475 1392 528 φησὶν
1412 476 1596 513 ἀπολιπεῖν
1611 474 1649 513 τὸ
1670 475 1790 522 θνητὸν
1817 475 1876 514 καὶ
1896 475 2090 528 ἐπίκαιρον.
2107 477 2202 528 Πρό-

1156 549 1289 573 κεινται
1306 534 1341 572 δὲ
1361 537 1429 572 τῶν
1449 533 1575 586 λογίων
1597 533 1702 572 ἄλλαι
1724 550 1815 579 τινες
1833 534 1936 587 εὐχαί
1954 549 1991 572 τε
2013 535 2076 572 καὶ
2089 535 2203 573 θυσίαι

1155 593 1234 646 περὶ
1248 592 1325 638 τους
1340 593 1455 641 θεους,
1478 593 1543 637 ἃς’
1529 592 1648 631 εκείνω
1663 593 1727 644 μὲν
1745 595 1863 646 δρᾶν’
1845 596 2036 645 αναγκαῖον
2054 597 2093 640 ἠν
2111 610 2203 640 ισως,

1157 654 1190 696 ἔς
1204 651 1239 690 δὲ
1253 652 1428 705 ἱστορικον
1444 652 1551 690 τύπον
1575 668 1635 690 και
1657 652 1760 706 βάρος
1774 653 1887 706 φέρειν
1902 654 1965 691 οὐκ
1984 656 2026 699 ἠν
2047 651 2200 703 εὔλογον·

1157 713 1195 752 τὸ
1212 711 1280 764 γὰρ
1297 711 1375 750 καθ’
1388 711 1519 750 ἕκαστα
1544 710 1711 765 [γράφειν
1731 714 1858 763 suppl.
1878 715 1925 751 N.
1936 712 1950 763 ]
1973 712 2036 749 οὐκ
2056 715 2096 758 ἠν
2116 711 2205 758 ἀλη-

1158 771 1252 807 θειαν
1281 771 1452 820 τιμῶντος
1465 800 1474 817 ,
1497 768 1589 807 ἀλλὰ
1607 769 1664 807 διὰ
1681 770 2059 823 πολυπραγμοσύνην’
2044 786 2078 814 ες
2100 772 2204 823 λ’ἥρον

1157 829 1421 882 ἀποφερομένου
1439 828 1499 867 καὶ
1514 828 1854 881 παρολισθαίνοντος.

1210 888 1317 924 Idem
1333 890 1532 924 oraculum
1549 888 1686 926 Suidas
1703 903 1741 926 v.
1762 888 1953 931 Ἰουλιανὸς
1973 889 2098 936 affert,
2111 903 2206 938 prae-

1156 947 1275 983 missis
1284 948 1409 984 verbis
1422 961 1504 996 quae
1515 949 1623 984 uncis
1635 949 1865 984 inclusimus.
1879 949 1992 985 Sedes
2005 948 2206 996 fragmenti

1156 1006 1301 1042 indicat
1312 1007 1391 1043 haec
1403 1019 1448 1042 ex
1464 1019 1509 1043 eo
1523 1008 1754 1043 narrationis
1766 1008 1855 1043 loco
1867 1007 2097 1055 deprompta
2113 1019 2205 1051 esse,

1158 1077 1235 1112 quo
1248 1066 1507 1103 laudationem
1517 1068 1538 1103 J
1540 1067 1659 1103 uliani
1673 1068 1867 1116 Eunapius
1879 1067 1993 1103 rebus
2007 1065 2086 1113 ejus
2097 1067 2208 1115 gestis

1156 1124 1364 1167 subtexuit,

1651 1218 1717 1252 27.

1212 1302 1386 1353 [Suidas.
1400 1317 1437 1340 v.
1455 1302 1518 1342 ’Io
1531 1305 1582 1341 υλ
1594 1303 1710 1347 ιανός
1733 1316 1742 1343 ;
1763 1300 1869 1342 Ἔστι
1886 1302 1921 1342 δὲ
1939 1302 1998 1341 καὶ
2015 1304 2033 1341 ὅ
2046 1301 2209 1356 χρησμὸς

1156 1363 1174 1400 ὁ
1194 1360 1302 1405 δοθεὶς
1322 1363 1416 1414 αὐτῷ
1429 1392 1439 1412 ,
1457 1362 1512 1399 ὅτε
1531 1361 1611 1415 περὶ
1634 1364 1867 1416 Κτησιφῶντα
1885 1364 2001 1414 δι’ῆγε·

1239 1467 1399 1506 Γηγενέων
1412 1468 1488 1499 ποτὲ
1503 1469 1596 1509 φῦλον
1615 1468 1744 1509 ἐνήρατο
1762 1469 1891 1510 μητιέτα
1905 1470 1978 1506 Ζεὺς

1240 1514 1384 1556 ἔχθιστον
1399 1515 1594 1556 μακάρεσσιν
1608 1515 1767 1557 Ὀλύμπια
1781 1517 1902 1557 δώματ’
1913 1517 2035 1558 ἔχουσι.

1244 1562 1411 1602 Ῥωμαίων
1424 1563 1581 1603 βασιλεὺς,
1597 1561 1764 1599 Ἰουλιανὸς
1778 1565 1926 1603 θεοειδὴς,

1242 1609 1435 1650 μαρνάμενος
1448 1611 1579 1651 Περσῶν
1593 1610 1704 1647 πόλιας
1720 1612 1773 1642 καὶ
1785 1611 1891 1652 τείχεα
1906 1611 2011 1653 μακρὰ

1240 1655 1432 1696 ἀγχεμάχων
1444 1656 1583 1697 διέπερσε
1599 1658 1672 1697 πυρὶ
1684 1661 1822 1699 κρατερῷ
1842 1669 1875 1689 τε
1888 1659 2018 1699 σιδήρῳ,

1240 1703 1403 1743 νωλεμέως
1417 1703 1444 1735 δ’
1463 1704 1624 1745 ἐδάμασσε
1633 1705 1738 1741 πόλεις
1751 1716 1785 1736 τε
1796 1706 1849 1736 καὶ
1864 1705 1952 1737 ἔθνεα
1966 1706 2075 1738 πολλά.

1239 1750 1327 1782 Ἀλλὰ
1341 1752 1395 1782 καὶ
1409 1751 1590 1792 ἑσπερίων’
1577 1752 1696 1803 ανδρῶν
1708 1752 1909 1793 Ἀλαμανικὸν
1925 1752 2017 1790 οὖδας

1238 1792 1382 1833 ὑσμίναις
1394 1797 1573 1825 πυκιναῖσιν
1591 1794 1668 1825 ἑλὼν
1683 1793 1863 1830 ἀλάπαξεν’
1849 1805 1991 1836 αρουρας.
2002 1794 2014 1835 ]

1209 1881 1283 1916 Pro
1301 1878 1480 1930 ἐδάμασσε
1491 1879 1608 1924 πόλεις
1621 1883 1700 1920 κτλ.
1715 1883 1830 1921 codd.
1848 1883 2011 1923 ABEN:
2030 1881 2210 1932 ἐδάμασσε

1158 1937 1218 1976 καὶ
1244 1937 1341 1976 ἔθνεα
1359 1938 1473 1977 πολλὰ
1494 1939 1554 1977 καὶ
1581 1939 1675 1977 ἄλλα
1690 1969 1700 1989 ,
1723 1938 1843 1993 εὈρρα
1861 1940 1909 1993 (i.
1939 1954 1975 1980 e.
2005 1939 2040 1984 ὅς
2057 1941 2120 1992 ῥα)
2148 1940 2209 1978 καὶ

1157 1998 1235 2036 κτλ.
1254 1999 1313 2038 Cf.
1337 2000 1546 2049 Antholog.
1563 2001 1644 2038 Pal.
1662 2001 1766 2047 XIV,
1794 2000 1882 2043 148.

1157 2098 1416 2153 losslANoz.
1465 2099 1689 2138 ΟΥΑΛΗΣ.
1731 2099 2206 2142 ΟΥΑΛΕΝΤΙΝΙΑΝΟΣ.

1650 2205 1715 2244 28.

1209 2294 1302 2330 Exc.
1327 2295 1384 2330 De
1403 2300 1496 2330 sent.
1511 2307 1551 2343 p.
1570 2294 1670 2330 266:
1690 2291 1775 2332 Οτι
1789 2293 1894 2346 φησιν
1911 2292 2099 2338 Εὔνάπιος·
2116 2294 2208 2347 Περὶ

1161 2344 1283 2400 μὲν
1244 2353 1302 2388 οὖν
1322 2366 1390 2389 των
1413 2352 1656 2403 παλαιοτερων
1673 2351 1734 2389 καὶ
1750 2351 1816 2390 ὅσα
1836 2351 1904 2404 πρὸ
1923 2354 2042 2403 ἡμῶν,
2067 2353 2205 2403 ἀνάγκη

1160 2414 1355 2461 συγχωρεῖν
1373 2414 1444 2453 τοῖς
1454 2409 1668 2463 γράψασιν
1650 2427 1672 2457 η
1684 2415 1763 2454 ’τοῖς
1783 2410 1850 2463 πρὸ
1870 2410 1970 2463 (περι
1985 2412 2029 2449 N.
2041 2412 2084 2460 )’
2069 2411 2211 2448 εκείνων

1156 2467 1272 2518 λόγοις
1289 2469 1336 2512 εἷς
1352 2471 1447 2518 ἡμᾶς
1465 2467 1556 2507 κατὰ
1573 2468 1715 2519 μνήμην
1728 2469 1884 2522 ἄγραφον
1904 2472 1951 2513 εἷς
1965 2469 2133 2521 διαδοχὴν
2148 2485 2210 2507 πε-

538 2582 597 2615 26.

86 2636 133 2667 De
147 2634 210 2667 tine
223 2637 240 2668 J
245 2635 341 2666 uliani
353 2635 518 2680 parabata}
531 2636 620 2677 impii
630 2637 797 2669 oraculum
809 2638 876 2670 erat
885 2637 1092 2679 hujusmodi:

115 2703 172 2732 sed
183 2705 340 2740 postquam
351 2705 469 2740 sceptro
480 2705 534 2732 tuo
546 2704 704 2733 Persicum
717 2712 811 2740 genus

114 2749 277 2777 Seleuciam
289 2755 382 2783 usque
394 2755 574 2784 persequens
587 2748 685 2784 gladio
698 2748 879 2784 subjeceris;

118 2798 192 2824 tunc
209 2798 238 2824 te
248 2795 286 2823 ad
305 2795 466 2831 Olympum
481 2795 548 2830 igne
561 2803 722 2824 coruscans
731 2803 839 2824 currus
849 2796 1002 2832 subvehet,

115 2842 290 2879 procellosis
301 2844 418 2870 rotatus
431 2842 462 2870 in
474 2842 645 2870 turbinibus
653 2863 661 2876 ‚
926 2862 928 2864 f

117 2888 206 2916 variis
219 2888 392 2916 mortalium
402 2887 609 2916 membrorum
623 2887 767 2917 aerumnis
783 2888 950 2917 liberatum.

114 2935 222 2964 venies
231 2937 330 2963 autem
342 2935 378 2963 ad
390 2934 503 2963 aetherii
517 2935 638 2963 luminis
647 2938 802 2971 paternam
815 2937 911 2964 aulam
921 2958 929 2971 ,

113 2981 195 3010 unde
205 2981 278 3010 olim
291 2989 429 3010 excussus
439 2981 477 3010 ad
494 2981 660 3011 humanum
676 2990 785 3019 corpus
794 2983 916 3012 abieras.

88 3045 145 3078 His
162 3045 286 3077 elatum
309 3045 455 3077 versibus
477 3047 575 3086 atque
591 3046 730 3078 oraculis
754 3047 902 3079 lubenter
917 3047 1094 3080 admodum

44 3097 195 3128 mortales
206 3097 463 3137 temporalesque
478 3097 611 3129 exuvias
623 3097 777 3130 dimisisse
793 3099 848 3131 ait.
893 3101 965 3131 Jam
979 3102 1095 3140 praeter

44 3148 115 3180 haee
127 3149 257 3180 oracula
270 3148 341 3179 aliae
355 3157 483 3189 quoque
498 3150 626 3181 exstant
640 3149 746 3181 neseio
761 3159 835 3190 quae
851 3159 960 3191 preces
976 3154 1007 3183 et
1021 3161 1093 3192 per-

46 3199 167 3240 agenda
191 3199 251 3231 diis
269 3200 446 3241 sacrificia;
466 3209 546 3240 quas
560 3200 689 3240 quidem
704 3210 753 3233 res
769 3202 809 3233 ab
822 3211 860 3234 eo
874 3203 942 3235 fieri
963 3203 1095 3236 sortasse

45 3261 172 3284 necesse
187 3253 265 3290 erat,
283 3252 339 3284 sed
346 3252 472 3284 easdem
488 3253 520 3284 in
532 3262 661 3293 gravem
679 3254 843 3286 historiam
862 3255 957 3296 recipi
968 3264 1032 3287 non
1046 3257 1095 3288 est

46 3306 212 3339 decorum.
257 3308 338 3338 Nam
357 3307 538 3347 singillatim
548 3307 655 3339 omnia
669 3308 813 3348 persequi
829 3308 914 3339 haud
928 3309 1094 3340 veritatem

46 3358 196 3390 sectantis
209 3359 272 3397 est,
286 3358 340 3390 sed
354 3358 491 3392 hominis
503 3359 571 3401 qui,
587 3359 771 3392 curiositate
783 3360 957 3401 proiectus,
974 3360 1013 3392 ad
1027 3360 1092 3392 ine-

47 3409 130 3450 ptias
145 3418 264 3450 pronus
280 3409 450 3442 delabitur.

1647 2586 1707 2619 27.

1195 2656 1310 2688 Exstat
1326 2657 1359 2688 et
1375 2656 1545 2688 oraculum
1568 2656 1627 2696 ipsi
1647 2656 1773 2697 datum,
1797 2666 1899 2698 quum
1913 2657 2007 2698 juxta
2025 2658 2210 2699 Ctesiphon·

1153 2707 1220 2739 tem
1235 2710 1489 2740 commoraretur
1505 2720 1512 2739 :

1226 2787 1388 2823 Gigantum
1403 2786 1557 2824 quondam
1571 2787 1697 2823 stirpem
1707 2787 1818 2817 delevit
1837 2788 1968 2817 consiliis
1979 2789 2093 2825 pollens
2103 2789 2209 2826 suppi-

2072 2861 2076 2867 .
2148 2839 2205 2871 ter,

1230 2879 1462 2908 inimicissimam
1475 2879 1532 2907 diis
1544 2879 1637 2908 beatis
1650 2880 1818 2916 Olympicas
1831 2880 1936 2909 domos
1948 2881 2160 2911 habitantibus.

1225 2926 1429 2955 Romanorum
1440 2933 1511 2954 vero
1530 2926 1695 2963 imperator
1714 2927 1852 2955 Julianus
1865 2927 1922 2955 deo
1938 2928 2041 2956 similis

1225 2975 1383 3002 Persarum
1394 2974 1530 3002 cominus
1540 2974 1739 3010 pugnantium
1754 2975 1842 3003 urbes
1854 2977 1884 3003 et
1893 2975 2003 3004 moenia
2015 2975 2103 3011 longa

1226 3026 1363 3056 pugnans
1376 3021 1502 3049 vastavit
1511 3021 1580 3056 igne
1593 3021 1750 3057 validoque
1762 3020 1858 3052 ferroz

1228 3066 1403 3102 assidueque
1417 3066 1535 3096 domuit
1548 3068 1637 3096 urbes
1650 3069 1681 3096 et
1694 3070 1796 3103 gentes
1809 3068 1926 3096 multas.

1225 3112 1305 3146 Quin
1318 3113 1408 3141 etiam
1420 3106 1652 3142 occidentalium
1666 3113 1900 3141 Alamannorum
1912 3114 2064 3149 regionem

1224 3158 1335 3194 proeliis
1347 3158 1460 3187 crebris
1472 3159 1630 3195 occupavit
1644 3161 1675 3188 et
1690 3166 1761 3188 arva
1774 3158 1895 3187 illorum
1907 3160 2044 3188 vastavit.

1650 3243 1707 3276 28.

1197 3308 1248 3340 Ait
1264 3307 1426 3349 Eunapius
1441 3318 1449 3340 t
1473 3308 1567 3346 Quod
1583 3308 1712 3349 quidem
1732 3308 1773 3340 ad
1789 3308 1987 3349 antiquiores
2006 3317 2055 3340 res
2070 3308 2204 3347 attinet,

1154 3360 1186 3392 et
1204 3368 1276 3400 quae
1287 3360 1362 3391 ante
1376 3368 1435 3392 nos
1453 3361 1648 3399 evenerunt,
1668 3360 1763 3392 venia
1788 3360 1998 3400 scriptoribus
2014 3360 2120 3391 danda
2144 3362 2204 3396 est,

1153 3413 1211 3446 aut
1236 3412 1464 3446 vetustioribus
1479 3413 1577 3446 etiam
1593 3413 1831 3454 traditionibus,
1858 3422 1931 3454 quae
1958 3413 2144 3445 memoriter
2172 3414 2205 3445 et
