2372 3704
107 275 183 309 604

106 353 226 403 μονίας
239 355 358 407 ὀρθῶς·
373 355 412 394 τὸ
427 354 463 394 δὲ
482 357 676 394 τελευταῖον
692 354 838 398 ἀτόπους
848 357 957 394 νοσῶν
970 355 1154 407 ἐπιθυμίας

106 411 167 449 καὶ
196 413 302 466 φίλων
335 414 485 465 ὁμιλίαις
511 416 577 467 οὐχ
606 413 839 466 ὖγιαινούσαις
863 413 1043 466 χρώμενος
1070 413 1154 465 πρὸς

106 469 286 522 βαρύτατα
300 472 495 524 κατηνέχθη
514 471 808 523 μειονεκτήματα.
825 474 880 511 Δι’
897 471 919 509 ἃ
936 471 977 518 δὴ
995 471 1153 524 φορτικὸς

104 534 176 572 τοῖς
191 532 259 567 τῶν
277 532 382 568 ἐθνῶν
407 531 558 575 ἐποίκοις
585 530 645 569 καὶ
666 532 704 568 οὗ
721 529 806 583 πρὸς
827 533 936 581 θυμοῦ
955 535 1026 574 τοῖς
1044 545 1151 583 στρα-

103 586 244 633 τιώταις
262 583 320 636 ἦν.

157 645 246 686 Ὀτι
267 647 327 686 καὶ
354 649 389 687 ἐν
414 653 485 692 τοῖς
516 647 603 686 οἴκοι
632 647 857 698 διαιτήμασιν
885 648 949 685 οὒκ
975 646 1154 690 ἐπαινετὸς

102 707 258 756 γέγονεν.
279 706 342 745 Ἐν
361 707 396 745 δὲ
418 707 460 753 δὴ
485 712 554 750 τοῖς
572 707 630 745 ἐπὶ
647 709 715 746 τῶν
743 705 986 758 στρατοπέδων
1013 705 1153 757 ἄριστος

101 765 148 807 ὡς
160 764 200 801 τὸ
219 764 308 803 πολὺ
329 765 391 804 καὶ
417 764 676 817 εὐτυχέστατος.
698 766 781 808 Τοῖς
796 779 834 802 τε
853 764 920 815 γὰρ
947 779 1152 815 στρατιωτι-

102 823 174 866 κοῖς
192 823 325 861 τέλεσιν
346 825 380 862 ἐν
399 824 504 862 παντὶ
527 823 671 876 φοὸερὸς
687 825 737 876 τῷ
756 822 820 875 βίῳ
832 853 841 870 ,
857 822 985 875 καίπερ
1006 823 1039 865 ἐς
1054 823 1152 860 οὔδε-

105 880 189 930 μίαν
217 882 360 920 πώποτε
394 883 580 935 προαχθεὶς
608 884 724 929 ἀπηνῆ
745 897 782 918 τε
809 880 870 919 καὶ
901 878 1056 931 σκληρὰν
1082 882 1151 918 τῶν

103 939 409 991 ἁμαρτανομένων
426 941 585 979 κόλασιν.
618 938 860 981 Κωνστάντιός
889 953 928 988 γε
955 937 1026 988 μὴν
1051 939 1152 975 ἐναν-

103 996 178 1034 τίαν
195 1000 271 1041 ταῖς
288 998 485 1050 εἰρημέναις
501 998 635 1049 εἰλήχει
651 997 780 1049 τύχην,
802 997 939 1049 ἄριστος
961 995 1022 1046 μὲν
1043 995 1090 1034 ὢν
1107 995 1152 1034 τὰ

101 1056 288 1104 πολιτικὰ,
305 1059 341 1095 οὐ
370 1056 468 1110 δεξιῷ
497 1055 532 1095 δὲ
558 1054 656 1110 παρὰ
675 1055 736 1099 τὰς
756 1055 874 1108 μάχας
894 1055 1032 1106 δαίμονι
1054 1054 1150 1107 χρώ-

101 1129 215 1163 μενος.

583 1191 670 1237 173.

151 1282 257 1320 Ibid.
275 1295 315 1331 p.
334 1282 406 1326 841
431 1296 439 1319 ε
459 1280 546 1321 “Ort
566 1280 762 1334 Βετρανίων
776 1282 794 1319 ὃ
813 1283 847 1320 ἐν
867 1279 1049 1333 Ἰλλυριοῖς
1065 1281 1148 1318 ἀνα-

97 1339 269 1392 γορευθεὶς
291 1339 454 1391 βασιλεὺς
480 1341 566 1393 πρὸς
582 1339 715 1393 μακρὸν
730 1339 799 1386 ἤδη
819 1342 927 1392 γ’ἧρας
943 1338 1122 1386 ἐληλακὼς
1135 1368 1146 1386 ,

97 1398 280 1450 ἐμπειρίας
294 1414 332 1436 τε
346 1398 406 1436 καὶ
426 1398 535 1451 τύχης
549 1398 650 1437 ἕνεκα
670 1401 733 1445 τ’ῆς
752 1399 787 1436 ἐν
802 1401 871 1441 τοῖς
901 1400 1145 1450 στρατηγικοῖς

97 1455 185 1507 ἀνὴρ
212 1457 505 1507 δεδοκιμασμένος
522 1456 581 1494 καὶ
607 1457 752 1508 ἀρχαῖος
770 1455 809 1494 τὸ
828 1450 906 1502 ἦθος
923 1459 972 1508 τῷ
988 1471 1025 1492 τε
1042 1458 1146 1508 κοινῷ

97 1515 157 1552 καὶ
175 1516 352 1567 δημοτικῷ
378 1518 447 1553 τῶν
467 1514 603 1567 τρόπων
632 1515 892 1566 προσαγόμενος
911 1513 950 1551 τὸ
970 1513 1143 1560 ὑπήκοον·

95 1572 188 1619 πλὴν
214 1572 293 1611 ὅσον
325 1573 485 1616 παιδείας
516 1588 555 1623 γε
590 1572 813 1610 παντάπασιν
841 1574 983 1622 ἀμαθῶς
1016 1587 1053 1610 τε
1086 1572 1145 1610 καὶ

96 1630 262 1680 ἀμυήτως
283 1630 391 1682 ἔχων,
409 1634 454 1674 ὡς
470 1629 558 1681 μηδὲ
573 1629 616 1667 τὰ
634 1633 757 1682 πρῶτα
777 1629 874 1680 παρὰ
893 1635 963 1673 τοῖς
981 1645 1146 1680 γραμμα-

95 1689 227 1732 τισταῗς
256 1689 511 1739 ἐκμεμαθηκὼς
542 1694 723 1740 στοιχεῖα,
757 1687 847 1726 ἀλλὰ
866 1687 926 1725 καὶ
950 1687 1079 1725 τούτων
1109 1689 1143 1725 ἐν

94 1747 186 1799 γήρᾳ
210 1746 270 1784 καὶ
301 1748 399 1798 μόλις
425 1747 522 1799 παρὰ
548 1745 606 1784 τὸν
638 1747 758 1800 καιρὸν
790 1749 852 1793 τῆς
874 1746 1051 1798 βασιλείας
1081 1747 1143 1794 τὴν

93 1807 220 1856 γνῶσιν
239 1805 479 1858 παρειληφώς.

575 1904 662 1946 174·

145 1997 241 2033 Exc.
262 1996 319 2030 De
338 1995 408 2030 ins.
433 2007 474 2042 p.
495 1993 544 2029 62
570 2006 577 2028 :
598 1990 729 2042 Ὀγδόῃ
754 1990 821 2043 γάρ
837 2004 904 2028 που
923 1988 983 2027 καὶ
1003 1989 1142 2041 εἰκοστῇ

94 2052 185 2103 μετὰ
207 2051 271 2098 τὴν
299 2051 536 2088 ἐπανάστασιν
569 2050 683 2102 ἡμέρᾳ
716 2049 799 2100 πρὸς
824 2051 893 2086 τῶν
925 2046 1142 2098 Μαγνεντίου

93 2112 300 2163 στρατηγῶν
330 2109 434 2152 ἁλοὺς
462 2108 651 2161 διεφθάρη,
676 2110 736 2154 τ’ἧς
756 2108 910 2159 κεφαλῆς
938 2105 1142 2159 ἀφαιρεθείς·

92 2170 135 2217 ἣν
153 2169 209 2207 ἐπὶ
230 2172 350 2207 κοντοῦ
370 2167 460 2211 τινος
479 2167 737 2219 αἰωρήσαντες,
760 2166 841 2217 περὶ
858 2170 974 2202 πᾶσαν
994 2164 1057 2210 τὴν
1073 2163 1140 2201 πό-

91 2231 145 2267 λιν
164 2231 194 2267 οἱ
211 2227 351 2271 ἁλόντες
363 2227 505 2279 ἤγαγον·
523 2228 577 2279 ’ἐφ’
594 2220 622 2279 ᾧ
637 2225 678 2272 δὴ
694 2224 887 2277 χρημάτων
904 2239 941 2261 τε
956 2222 1142 2274 ἀπαγωγαὶ

94 2291 232 2340 βαρεῖαι
251 2287 310 2325 καὶ
328 2286 421 2339 φόνοι
447 2288 515 2323 τῶν
542 2285 824 2338 ἐπιφανεστάτων
846 2282 1033 2332 Ῥωμαίων
1054 2284 1135 2319 ὑπο·

91 2345 168 2398 νοίᾳ
198 2348 260 2392 τῆς
292 2344 375 2396 πρὸς
406 2342 633 2383 Νεπωτιανὸν
663 2342 842 2386 κοινωνίας
878 2340 1045 2392 ἐγένοντο.
1081 2342 1134 2379 Οὐ

900 271 923 309 J
926 269 1115 311 OANNIS
1141 271 1455 312 ANTIOCHENI

1215 358 1334 410 πολλῷ
1366 372 1406 408 γε
1438 355 1507 408 μὴν
1538 355 1680 408 ὕστερον
1713 354 1928 406 Μαγνέντιος
1956 357 2101 409 Μορσῆς
2129 356 2259 400 πόλεως

1215 415 1362 461 πλησίον
1389 413 1563 459 ἐξεωσθεὶς
1585 416 1646 460 τῆς
1665 414 1892 466 παρατάξεως
1911 415 1994 468 πρὸς
2015 418 2083 453 τῶν
2103 415 2182 467 περὶ
2202 415 2260 453 τὸν

1216 472 1487 520 Κωνστάντιον,
1506 471 1566 510 καὶ
1593 473 1630 510 οὗ
1659 471 1748 510 πολὺ
1780 471 1948 524 ἀποσχὼν
1976 473 2035 510 καὶ
2064 472 2165 516 αὐτὸς
2194 471 2260 510 ὑπὸ

1214 537 1318 584 χεῖρα
1339 531 1408 574 τοῖς
1430 529 1608 581 πολεμίοις
1626 536 1744 571 πεσεῖν
1756 560 1767 580 ,
1788 531 1926 583 φεύγει,
1940 533 2071 578 πολλῆς
2090 531 2260 584 ἑκατέρω·

1214 593 1269 628 θεν
1300 589 1506 640 Ῥωμαϊκῆς
1525 591 1559 628 ἐν
1578 588 1688 640 τούτῳ
1715 591 1766 641 τῷ
1799 591 1906 639 ἀγῶνι
1932 589 2201 643 διεφθαρμένης,
2234 589 2257 636 ἣ

1213 647 1299 699 πρὸς
1316 647 1462 691 ὀθνείους
1483 662 1521 684 τε
1545 645 1606 684 καὶ
1636 646 1870 698 βαρὸαρικοὺς
1890 648 2037 699 ἀχθεῖσα
2056 648 2252 698 πολέμους,

1215 705 1401 757 ἀξιόχρεως
1417 704 1458 742 ἂν
1479 703 1635 755 ἐγένετο,
1657 704 1717 742 καὶ
1739 705 1877 742 πολλῶν
1907 705 2080 743 ἐπινικίων
2103 708 2255 756 πομπῶν

1215 763 1407 816 ἀσφαλείας
1433 778 1470 801 τε
1495 767 1566 805 τοῖς
1585 761 1770 814 ὁμοφύλοις
1788 762 1939 809 κατέστη
1959 762 2130 814 πρόξενος.
2158 765 2257 803 Κων-

1214 820 1369 864 στάντιος
1383 821 1418 859 δὲ
1434 820 1520 873 πρὸς
1538 820 1596 859 τὸν
1617 819 1782 873 ἐμφύλιον
1801 820 1965 873 τρέπεται
1980 821 2148 872 πόλεμον.
2167 822 2258 861 Μεθ’

1213 878 1231 917 ὃ
1249 878 1292 926 δὴ
1327 878 1543 930 Μαγνέντιος
1570 883 1711 930 συχναῖς
1730 878 1931 922 ἐλαττωθεὶς
1950 879 2081 931 μάχαις
2093 909 2104 928 ,
2136 879 2257 918 ἑαυτὸν

1213 936 1391 988 αὐτοχειρὶ
1421 936 1558 989 θανάτῳ
1585 936 1667 988 περὶ
1695 934 1911 987 Λούγδουνον
1933 937 2033 975 πόλιν
2054 936 2167 988 ἐξάγει
2197 942 2258 976 τοῦ

1214 995 1290 1047 βίου
1303 1027 1314 1046 ‚
1339 994 1403 1042 τὴν
1421 995 1556 1048 μητέρα
1575 994 1776 1045 προανελὼν
1789 1024 1798 1041 ,
1819 995 1974 1049 τετάρτῳ
1996 998 2056 1042 τῆς
2080 996 2258 1048 βασιλείας

1212 1056 1358 1106 ἐνιαυτῷ
1382 1053 1442 1091 καὶ
1465 1053 1549 1104 μηνὶ
1565 1052 1720 1104 ἑὸδόμῳ.
1745 1052 1790 1092 ‘O
1819 1053 1963 1106 ἀδελφὸς
1987 1055 2082 1106 αὐτῷ
2102 1060 2258 1092 κοινωνεῖ

1211 1115 1272 1150 τοῦ
1292 1110 1440 1149 θανάτου
1455 1140 1465 1159 ,
1494 1113 1635 1163 Καῖσαρ
1661 1110 1718 1149 ἐπὶ
1738 1111 1876 1164 φυλακῇ
1895 1113 1962 1150 τῶν
1983 1113 2143 1151 Γαλλιῶν
2163 1113 2256 1150 ἀπο-

1211 1168 1436 1220 δεδειγμένος.

1264 1227 1355 1280 Περὶ
1371 1227 1510 1271 τούτους
1528 1242 1567 1273 γε
1588 1226 1656 1277 μὴν
1674 1226 1753 1271 τοὺς
1766 1226 1908 1279 χρόνους
1925 1226 1991 1265 ὑπὸ
2011 1227 2256 1267 Κωνσταντίου

1211 1289 1269 1324 τοῦ
1292 1285 1462 1338 βασιλέως
1489 1285 1623 1328 Γάλλος
1646 1287 1664 1323 ὃ
1686 1286 1825 1338 Καῖσαρ
1851 1284 1907 1323 ἐπὶ
1926 1286 2072 1329 πολλαῖς
2091 1285 2151 1323 καὶ
2180 1285 2255 1323 ἀτό-

1210 1359 1287 1387 ποις
1309 1345 1501 1395 ἀναιρεῒται
1526 1342 1710 1395 πράξεσιν,
1737 1341 1824 1394 ἀνὴρ
1843 1342 1960 1395 ἄγριος
1983 1342 2046 1389 τὴν
2065 1342 2165 1395 φύσιν
2182 1342 2229 1381 ὢν
2243 1373 2255 1393 ,

1210 1401 1271 1439 καὶ
1297 1401 1481 1454 τυραννίδα
1510 1400 1573 1447 τὴν
1602 1400 1715 1452 ἀρχὴν
1744 1400 2050 1451 καταστησόμενος
2077 1401 2138 1449 ἂν,
2159 1401 2255 1453 εἴπερ

1210 1461 1438 1512 αὐτοκράτορι
1453 1459 1577 1510 γνώμῃ
1597 1459 1790 1511 προστῆναί
1811 1461 1841 1497 οἱ
1860 1461 1922 1506 τῆς
1941 1459 2125 1510 ἡγεμονίας
2144 1458 2255 1509 ἐξεγέ-

1208 1534 1296 1558 νετο.
1310 1517 1481 1562 Σιλὸανός
1494 1517 1533 1556 τέ
1543 1533 1592 1560 τις
1605 1517 1696 1555 κατὰ
1713 1517 1774 1563 τὴν
1790 1518 1944 1556 Γαλλίαν
1961 1517 2135 1569 νεωτέρων
2144 1517 2253 1554 ἁπτό-

1209 1593 1328 1628 μενος,
1349 1576 1416 1629 πρὸ
1437 1578 1642 1628 τριακοστῆς
1661 1574 1794 1628 ἡμέρας
1811 1574 1966 1614 ἐκποδὼν
1986 1574 2154 1622 κατέστη.

1685 1674 1773 1723 175.

1259 1760 1349 1796 Exc.
1375 1759 1433 1794 De
1452 1758 1541 1796 virt.
1564 1770 1606 1806 p.
1629 1755 1700 1800 841
1721 1767 1730 1794 :
1750 1752 1837 1794 τὈτι
1865 1753 2107 1797 Κωνστάντιος
2132 1755 2150 1792 ὃ
2168 1760 2251 1798 παῖς

1205 1819 1264 1853 τοῦ
1285 1813 1435 1865 μεγάλου
1453 1812 1717 1853 Κωνσταντίνου
1739 1811 1837 1862 μόνος
1853 1814 1914 1858 τ’ἧς
1933 1810 2123 1860 Ῥωμαίων
2141 1813 2252 1863 ἀρχῆς

1206 1873 1348 1919 ἁπάσης
1367 1870 1567 1921 καταστὰς,
1593 1870 1697 1923 βαρὺς
1726 1864 1767 1917 ἦν
1795 1872 1866 1913 τοῖς
1891 1869 1940 1919 μὴ
1962 1869 2181 1922 βουλομένοις
2207 1868 2251 1907 τὰ

1206 1930 1337 1984 Ἀρείου
1354 1935 1489 1982 φρονεῖν
1500 1959 1511 1979 ,
1530 1929 1703 1972 ποικίλαις
1719 1943 1756 1966 τε
1771 1927 1954 1979 τιμωρίαις
1968 1927 2107 1972 αἰκίζων
2126 1927 2251 1978 ἄνδρας

1206 2005 1241 2026 τε
1261 1989 1322 2028 καὶ
1338 1989 1517 2039 γυναῖκας.
1541 1987 1612 2026 Καὶ
1633 1986 1723 2031 ξέναι
1742 1985 1840 2039 παρὰ
1863 1985 1925 2030 τὰς
1944 1986 2122 2032 Ἑλλήνων
2142 1986 2250 2025 κολά-

1206 2062 1276 2090 σεις
1289 2045 1358 2084 ὑπὸ
1381 2048 1448 2083 τῶν
1463 2044 1709 2098 χριστιανίζειν
1725 2043 1895 2093 λεγῶτων
1917 2042 2079 2095 ἐγίνοντο.

1259 2118 1288 2143 2.
1309 2103 1396 2143 ’Ὀτι
1420 2103 1659 2146 Κωνστάντιος
1685 2101 1771 2154 ἀνὴρ
1799 2096 1840 2148 ἧν
1872 2101 1975 2148 ἤπιος
2005 2101 2065 2139 καὶ
2096 2101 2247 2152 γαληνὸς

1203 2162 1260 2200 τὸν
1281 2163 1424 2215 τρόπον,
1441 2162 1501 2200 καὶ
1519 2164 1589 2205 τοῖς
1610 2161 1720 2213 φίλοις
1744 2176 1781 2198 τε
1812 2160 1873 2198 καὶ
1893 2159 2030 2203 οἰκείοις
2050 2162 2083 2203 ἐς
2111 2160 2155 2197 τὰ
2176 2161 2250 2210 μά-

1203 2223 1322 2260 λιστα·
1334 2221 1465 2264 πιστός·
1495 2219 1564 2258 ἀπό
1589 2235 1627 2258 τε
1655 2222 1716 2266 τ’ῆς
1743 2222 1802 2256 τοῦ
1829 2217 1931 2265 ἤθους
1960 2217 2157 2270 πρᾳότητος
2187 2216 2248 2255 καὶ

1203 2286 1277 2325 ταῖς
1296 2280 1436 2324 οἰκείαις
1454 2282 1523 2318 τῶν
1549 2280 1721 2331 γυναικῶν
1745 2276 1832 2330 πέρα
1852 2280 1911 2315 τοῦ
1933 2276 2074 2330 μετρίου
2094 2291 2247 2328 κεχαρι-

1204 2339 1339 2389 σμένος.

92 2460 310 2498 improspera
327 2459 360 2488 et
376 2458 501 2488 amieis
514 2456 740 2496 pravioribus
759 2456 934 2492 uteretur,
955 2453 1003 2485 ad
1018 2454 1142 2493 qravia
1159 2453 1248 2484 vitia
1265 2459 1468 2489 conversus,
1487 2458 1595 2491 quum
1611 2448 1842 2480 intolerabilis
1859 2446 2136 2488 provincialibus
2149 2469 2159 2485 ,
2177 2447 2242 2476 mi-

93 2504 215 2536 litibus
240 2504 458 2543 injucundus
483 2505 589 2539 esset,
604 2503 763 2542 factione
790 2503 983 2541 Maynentii
1010 2498 1217 2538 interfectus
1241 2500 1293 2529 est
1315 2498 1422 2537 (obiit
1447 2496 1546 2529 haud
1572 2496 1670 2536 lonqe
1695 2495 1739 2527 ab
1759 2495 1940 2534 Hispaniis
1967 2495 2006 2524 in
2031 2494 2167 2532 castro,
2185 2493 2242 2524 cui

91 2550 230 2582 Helenae
250 2559 369 2582 nomen
387 2552 436 2582 est
448 2574 457 2589 ,
474 2559 568 2582 anno
585 2551 724 2589 imperii
743 2548 871 2580 decimo
887 2549 1048 2588 septimo,
1066 2547 1184 2577 aecatis
1203 2546 1378 2583 triqesimo
1390 2544 1400 2583 )
1414 2553 1427 2580 ;
1450 2543 1552 2575 rebus
1570 2544 1686 2574 tamen
1705 2542 1873 2582 plurimis
1890 2541 2032 2571 strenue
2049 2541 2086 2571 in
2102 2539 2241 2570 militia

90 2599 213 2637 qestis,
235 2598 471 2638 exercituique
488 2605 551 2637 per
567 2604 666 2627 omne
683 2597 762 2627 vitae
783 2597 917 2635 tempus
936 2596 1011 2626 sine
1028 2595 1131 2634 qravi
1148 2592 1355 2624 crudelitate
1377 2590 1562 2623 terribilis.
1585 2591 1731 2621 Diversa
1755 2587 1951 2620 Constantii
1959 2586 2116 2626 fortuna
2126 2585 2217 2625 suit.

130 2646 183 2676 Fr.
206 2647 275 2676 173.
301 2645 434 2684 Eutrop.
454 2647 501 2684 X,
522 2648 541 2675 6
559 2653 568 2675 :
589 2645 671 2676 Post
691 2644 891 2675 Constantis
909 2649 1058 2673 necem...
1082 2641 1190 2671 etiam
1213 2639 1396 2678 Illyricum
1411 2645 1466 2668 res
1481 2644 1585 2669 novas
1602 2635 1742 2673 habuit,
1765 2634 1971 2666 Vetranione
1993 2632 2042 2664 ad
2057 2633 2243 2672 imperium

88 2699 256 2723 consensu
272 2692 427 2723 militum
444 2691 547 2723 eleeto
571 2701 582 2722 .·
599 2698 701 2731 quem
719 2688 948 2730 yrandaevum
960 2687 1040 2726 jam
1057 2688 1091 2718 et
1107 2686 1240 2717 cunctis
1257 2683 1464 2722 amabilem,
1491 2682 1733 2714 diuturnitate
1756 2683 1790 2712 et
1804 2679 1987 2720 felicitate
2011 2677 2147 2709 militiae
2159 2699 2169 2714 ,
2195 2675 2245 2707 ad

91 2737 258 2769 tuendum
272 2738 458 2778 Illyricum
471 2739 666 2778 principem
679 2737 912 2768 creaverunt:
927 2736 1041 2766 virum
1050 2732 1200 2773 probum
1214 2733 1247 2763 et
1260 2738 1396 2762 morum
1409 2730 1564 2761 veterum
1578 2736 1619 2759 ac
1626 2727 1794 2767 jucundae
1806 2725 2005 2764 civilitatis,
2016 2723 2076 2755 sed
2087 2724 2244 2754 omnium

90 2785 291 2817 liberalium
304 2786 437 2816 artium
451 2786 626 2825 expertem
642 2783 746 2819 adeo,
766 2784 807 2815 ut
830 2790 872 2815 ne
887 2781 1055 2814 elementa
1070 2778 1210 2821 quidem
1228 2779 1352 2819 prima
1371 2777 1558 2808 literarum
1587 2777 1655 2807 nisi
1676 2774 1887 2815 yrandaevus
1909 2774 1942 2804 et
1950 2772 2029 2812 jam
2051 2771 2242 2811 imperator

88 2834 271 2872 acceperit.
287 2852 327 2858 —
344 2833 440 2863 ἀλλὰ
456 2832 540 2873 καὶ]
557 2832 623 2872 ἄμα
638 2833 691 2862 καὶ
705 2830 776 2862 cod.
2145 2864 2151 2870 .

129 2881 183 2911 Fr.
206 2881 275 2912 174.
292 2881 518 2918 Fragmentum
535 2879 734 2919 acephalum.
761 2879 802 2909 V.
820 2876 887 2908 not.
906 2875 948 2907 ad
963 2875 1002 2907 fr.
1024 2877 1099 2906 169.
1123 2872 1258 2911 Eutrop.
1276 2873 1327 2911 X,
1345 2874 1363 2902 6
1388 2882 1396 2902 ι
1424 2872 1536 2901 Romae
1560 2876 1695 2910 quoque
1716 2867 1888 2899 tumultus
1905 2865 2005 2906 suit,
2031 2864 2237 2917 Nepotiano,

92 2927 311 2959 Constantini
334 2928 464 2958 sororis
483 2926 581 2967 filio,
594 2934 658 2966 per
676 2924 927 2966 aladiatoriam
948 2930 1092 2954 manuni
1116 2921 1305 2960 imperium
1327 2917 1516 2949 invadente
1529 2940 1538 2956 ‚
1554 2918 1614 2956 qui
1636 2917 1736 2947 saevis
1762 2913 1918 2945 exordiis
1935 2912 2079 2963 diynum
2103 2911 2239 2942 exitum

87 2975 212 3005 nactus
235 2975 297 3004 est.
327 2974 494 3012 Viqesimo
516 2974 610 3004 enim
632 2974 667 3004 et
687 2973 805 3003 octavo
830 2970 886 3002 die
908 2979 931 3002 a
956 2968 1219 3009 Maqnentianis
1237 2964 1379 2997 ducibus
1395 2971 1576 3004 oppressus
1594 2970 1711 3003 peenas
1740 2960 1847 2992 dedit.
1869 2960 1983 2999 Caput
2000 2966 2073 2996 ejus
2088 2958 2160 2998 pilo
2175 2965 2240 2997 per

86 3019 208 3052 urbem
232 3020 477 3051 circumlatum
495 3022 555 3051 est.
579 3021 867 3059 Gravissimaeque
889 3018 1154 3058 proscriptiones
1174 3015 1207 3046 et
1227 3012 1392 3044 nobilium
1407 3010 1513 3042 caedes
1524 3010 1690 3050 fuerunt.
1710 3010 1782 3040 Non
1799 3006 1909 3038 inulto
1920 3006 2001 3045 post
2016 3005 2238 3043 Maynentius

87 3066 185 3107 apud
193 3067 351 3098 Mursam
363 3066 570 3106 profliqatus
580 3068 652 3098 acie
665 3067 732 3101 est,
749 3074 790 3097 ac
801 3074 896 3106 paene
910 3065 1044 3104 captus.
1058 3063 1213 3103 lnqentes
1228 3060 1372 3091 Romani
1386 3059 1521 3097 imperii
1534 3058 1621 3088 vires
1635 3063 1674 3086 ea
1687 3054 1906 3086 dimicatione
1918 3052 2130 3104 consumptae
2138 3052 2235 3086 sunt,

87 3113 136 3146 ad
158 3113 319 3154 quaelibet
334 3112 424 3144 bella
438 3115 584 3144 externa
598 3112 744 3151 idoneae,
760 3115 794 3144 et
807 3121 884 3153 quoe
898 3112 1050 3143 multum
1066 3107 1323 3148 triumphorum
1346 3105 1483 3146 possent
1507 3104 1773 3142 securitatisque
1798 3099 1969 3140 conferre.
1997 3099 2131 3130 Orienti
2157 3105 2238 3128 mox

87 3169 110 3192 a
126 3161 325 3198 Constantio
346 3161 459 3192 Caesar
473 3162 523 3191 est
544 3159 648 3191 datus
665 3161 787 3199 patrui
798 3159 902 3200 filius
925 3158 1048 3191 Gallus
1067 3167 1077 3189 :
1092 3155 1399 3195 Maqnentiusque,
1415 3150 1558 3182 diversis
1569 3149 1704 3190 proeliis
1719 3149 1848 3182 victus,
1866 3147 1935 3178 vim
1950 3146 2029 3177 vitae
2048 3152 2120 3175 suae
2141 3143 2238 3183 apud

88 3205 297 3246 Luydunum
319 3206 463 3246 attulit,
483 3207 620 3246 imperii
643 3214 736 3236 anno
757 3207 876 3244 tertio,
900 3213 1014 3236 mense
1035 3203 1199 3243 septim05
1217 3199 1340 3240 frater
1362 3205 1495 3239 quoque
1517 3197 1589 3236 eJ'us
1610 3196 1769 3230 senonis,
1794 3201 1894 3234 quem
1919 3191 1966 3223 ad
1986 3189 2134 3222 tuendas
2159 3189 2236 3221 Gal·

89 3254 161 3285 lias
183 3254 351 3284 Caesarem
369 3254 526 3284 miserat.
546 3255 613 3284 Per
639 3252 709 3284 haec
727 3253 880 3292 tempora
899 3253 1008 3284 etiam
1031 3259 1054 3282 a
1081 3249 1298 3286 Constantio,
1322 3246 1445 3278 inultis
1463 3243 1659 3276 incivilibus
1681 3243 1801 3282 qestis,
1834 3239 1954 3272 Gallus
1974 3239 2091 3270 Caesar
2107 3238 2236 3268 occisus

87 3303 158 3341 est,
172 3303 227 3333 vir
242 3299 487 3339 naturaferus
501 3299 596 3331 etad
611 3298 834 3338 tyrannidem
852 3301 1010 3338 pronior,
1033 3299 1063 3329 si
1083 3305 1144 3328 suo
1159 3296 1243 3336 jure
1261 3295 1433 3333 imperare
1451 3291 1616 3322 licuisset.
1637 3290 1803 3321 Silvanus
1826 3293 1960 3328 quoque
1977 3287 2014 3316 in
2042 3283 2159 3316 Gallia
2182 3291 2236 3314 res

89 3356 195 3380 novas
208 3347 349 3379 molitus
359 3367 369 3382 ‚
386 3349 467 3378 ante
481 3346 570 3377 diem
587 3348 799 3385 triqesimum
812 3347 1003 3377 exstinctus
1017 3347 1078 3376 est.
1093 3362 1134 3369 --
1146 3339 1335 3381 ὑπονοίᾳ]
1353 3341 1494 3370 Cramer.
1506 3347 1515 3375 ;
1528 3336 1676 3367 ὑπονοίαν
1689 3333 1761 3366 cod.

130 3398 182 3427 Fr.
211 3397 278 3426 175.
302 3393 322 3435 ς
341 3398 370 3424 2.
394 3395 525 3432 eutrop.
546 3395 570 3424 Χ
584 3416 592 3431 ,
610 3395 627 3424 7
647 3402 654 3424 :
680 3394 740 3431 Vir
753 3393 893 3432 eqreqiae
908 3390 1200 3432 tranquillitatis,
1214 3386 1393 3430 placidus,
1410 3385 1513 3416 nimis
1530 3384 1653 3416 amicis
1668 3383 1701 3414 et
1707 3378 1958 3422 familiaribus
1975 3375 2138 3415 credens,
2153 3382 2234 3407 mooe

88 3443 195 3475 etiam
216 3441 383 3474 uxoribus
408 3439 568 3472 deditior.
