2326 3724
976 207 1315 250 FRAGMENTA.

59 304 149 356 μετὰ
173 300 236 351 τὴν
255 303 322 342 τῶν
344 298 372 346 ζ’
393 299 478 340 ἐτῶν
497 295 742 352 παραδρομὴν,
771 297 835 336 οὔκ
853 297 886 340 ἐς
909 295 1102 347 ἀναὸολὴν,

58 362 282 402 κατατιθέναι
300 362 368 399 τῶν
391 359 525 398 λοιπῶν
553 359 658 410 τριῶν
678 358 765 395 ἑτῶν
794 354 858 402 τὴν
887 355 1103 393 συντέλειαν·

59 416 122 460 εἶθ’
152 420 243 460 οὕτω
269 417 346 458 καθ’
376 416 522 456 ἕκαστον
554 415 628 460 ἔτος
661 413 861 467 πορίζεσθαι
892 412 1033 464 Πέρσας
1065 411 1106 450 τὸ

59 479 253 533 ὡρισμένον
273 479 498 517 ἐνιαυσιαῖον.
528 473 655 519 Ἔδοξε
674 472 711 512 δὲ
734 471 795 511 καὶ
814 470 896 525 περὶ
914 475 975 509 τοῦ
995 486 1106 509 κατα-

58 539 235 590 σκαφῆναι
248 536 306 575 τὸν
321 533 551 587 μοναστήριον
568 526 660 572 οἶκον
675 531 734 570 τὸν
747 530 933 583 λεγόμενον
950 529 1105 570 Σεὸανὸν

59 595 120 636 καὶ
134 593 315 648 ἱδρυμένον
330 594 364 632 ἐν
379 593 450 636 τοῖς
465 590 653 644 μεθορίοις,
674 589 735 629 καὶ
750 588 995 642 ἀπολήψεσθαι
1014 587 1108 628 Ῥω-

60 653 185 705 μαίους
197 653 256 692 τὸν
271 651 390 699 τόπον,
404 649 594 701 Ῥωμαίων
609 647 672 700 μὲν
686 649 891 687 καθεστῶτα
906 648 966 685 ἀπ’
982 648 1107 700 ἀρχῆς,

60 713 208 762 Περσῶν
225 710 261 750 δὲ
286 707 657 763 παρασπονδησάντων
686 706 746 746 καὶ
772 708 807 745 ἐν
829 708 964 758 κατοχῇ
985 706 1108 744 τούτου

59 771 129 819 ἤδη
150 769 356 824 γενομένων,
372 767 481 820 τείχει
497 782 533 805 τε
549 765 889 820 κατησφαλισμένων
908 765 946 804 τὸ
962 765 1108 812 ἱλαστή-

61 845 148 884 ριον.
171 830 218 869 Οἱ
234 828 270 867 δὲ
285 826 377 866 ἀλλὰ
394 826 463 879 γὰρ
480 825 559 866 οὔτε
578 827 611 870 ἐς
626 825 744 864 τέλεον
764 823 1010 877 κατέσκαψαν,
1031 825 1110 863 οὔτε

61 887 132 940 μὴν
161 886 374 941 ἐνεχείρισαν
405 884 608 935 Ῥωμαίοις.
636 883 762 924 Ταῦτά
788 899 841 922 τοι
867 883 945 922 οὐδὲ
969 885 1005 922 ἐν
1034 885 1111 928 ταῖς

62 945 227 988 σπονδαῖς
243 943 445 998 ἐμφέρεται.
461 941 659 994 Ἐστέρχθη
673 941 710 980 δὲ
726 940 817 980 ὥστε
836 940 900 985 τὰς
921 941 1112 993 λεγομένας

60 1006 106 1057 τῇ
125 1002 285 1044 Λατίνων
306 1000 478 1055 διαλέκτῳ
498 1001 631 1054 σάκρας
650 999 685 1046 ἐξ
701 1000 829 1053 ἀμφοῖν
845 1005 919 1038 τοῖν
937 999 1111 1052 βασιλέοιν

64 1064 173 1101 αὐτοῦ
210 1063 496 1112 ἓπικομισθῆναι,
535 1058 804 1103 ἐπιὸεὸαιούσας
847 1058 1006 1106 ἅπαντα,
1045 1058 1112 1097 ὅσα

64 1120 150 1174 πρὸς
169 1122 236 1159 τῶν
265 1119 448 1172 πρέσὸεων
469 1118 717 1170 ἐμπεδωθέντα
745 1117 929 1170 ἐτύγχανε.
949 1117 1022 1157 Καὶ
1041 1118 1111 1156 τοί-

66 1195 125 1218 νυν
145 1178 190 1218 τὰ
218 1179 336 1217 τοιάδε
364 1177 496 1225 ἐστάλη
526 1176 660 1216 αὐτόθι.
691 1175 901 1223 Ξυνέὸησαν
932 1175 969 1214 δὲ
997 1176 1058 1214 καὶ
1080 1178 1113 1219 ἐς

64 1241 187 1286 τοῦτο,
207 1236 298 1275 ὥστε
316 1234 410 1275 κατὰ
430 1235 512 1286 μίαν
543 1237 666 1287 μοῖραν
691 1236 869 1288 προελθεῖν
889 1236 951 1281 τὴν
981 1236 1112 1273 καλου-

67 1295 175 1347 μένην
190 1295 324 1349 σάκραν
342 1297 381 1334 ἐκ
395 1298 454 1333 τοῦ
477 1293 669 1345 Ῥωμαίων
689 1293 859 1346 βασιλέως
871 1322 881 1340 ,
903 1294 1112 1347 ἐπιψηφιζο-

67 1353 175 1405 μένην
193 1354 273 1406 περὶ
296 1355 365 1392 τῶν
389 1351 700 1404 προδοθησομένων
717 1351 915 1404 χρημάτων
940 1354 1003 1399 τῆς
1020 1367 1112 1404 τριε-

67 1412 144 1456 τίας
160 1412 251 1464 μετὰ
269 1411 327 1450 τὸν
342 1410 489 1463 ἔὸδομον
503 1411 671 1458 ἐνιαυτὸν,
687 1412 732 1453 ὡς
748 1409 986 1456 καταθήσουσι
1002 1414 1113 1448 ταῦτα

67 1470 241 1521 Ῥωμαῖοι
269 1469 436 1522 Πέρσαις.
468 1469 651 1521 Ἐκυρώθη
685 1468 755 1521 [δὲ]
787 1467 876 1507 ὥστε
903 1468 963 1507 καὶ
984 1471 1023 1508 ἐκ
1052 1473 1113 1507 τοῦ

70 1529 243 1582 βασιλέως
265 1530 414 1581 Περσῶν
440 1527 626 1580 ὁμολογίαν
647 1529 682 1566 ἓν
704 1527 892 1580 γράμμασι
922 1529 1114 1580 προελθεῖν,

66 1591 134 1637 ὡς,
154 1587 257 1635 ἡνίκα
277 1587 479 1640 πορίσαιντο
499 1587 636 1637 Πέρσαι
651 1588 720 1625 τῶν
736 1589 840 1638 τριῶν
860 1588 946 1624 ἐτῶν
963 1586 1002 1624 τὸ
1022 1588 1115 1639 ὀφει-

67 1646 213 1698 λόμενον
227 1646 383 1698 χρυσίον,
399 1646 536 1697 βασιλεῖ
553 1644 742 1698 Ῥωμαίων
756 1645 796 1684 τὸ
811 1645 892 1698 περὶ
907 1648 969 1684 τοῦ
982 1647 1114 1684 τοιοῦδε

71 1705 300 1758 βεὸαιωτικὸν
328 1703 579 1751 ἀναδοθήσεται
598 1704 762 1758 γράμμα.
793 1703 839 1744 Ἥ
862 1703 925 1754 μὲν
941 1708 1002 1743 τοῦ
1023 1703 1113 1744 Ῥω-

72 1764 176 1815 μαίου
196 1763 451 1817 αὐτοκράτορος
478 1763 640 1817 περὶτῆς
668 1763 805 1817 εἰρήνης
833 1763 1027 1815 ὁμολογία,
1051 1763 1116 1810 τὴν

69 1822 200 1871 συνήθη
220 1821 374 1876 φέρουσα
389 1822 609 1876 προγραφὴν,
628 1822 800 1876 γνώριμος
819 1823 902 1873 ἡμῖν
921 1825 955 1866 ἐς
979 1821 1022 1860 τὰ
1041 1822 1115 1873 μά-

67 1884 171 1921 λιστα
191 1883 370 1935 τυγχάνει·
404 1885 427 1929 ἡ
445 1881 480 1920 δὲ
503 1886 562 1921 τοῦ
578 1884 726 1933 Περσῶν
745 1881 915 1933 βασιλέως
928 1881 1116 1934 γράμμασι

71 1940 134 1991 μὲν
156 1941 291 1994 ἐγράφη
325 1943 529 1993 Περσικοῖς,
549 1943 592 1993 τῇ
625 1939 662 1978 δὲ
690 1939 873 1988 Ἑλληνίδι
903 1943 999 1993 φωνῇ
1026 1938 1118 1978 κατὰ

71 2002 185 2038 ταῦτα
206 1999 375 2046 δήπουθεν
395 1999 508 2052 ἰσχύει
528 1999 572 2038 τὰ
603 1999 763 2053 ῥήματα·
787 2017 801 2033 1«
823 2000 946 2047 Θεῗος,
967 1998 1116 2050 ἀγαθὸς,

72 2111 183 2145 actum
198 2111 399 2153 septennium
413 2111 623 2153 penderetur;
635 2111 750 2144 deinde
761 2120 817 2153 per
831 2112 971 2154 reliquos
984 2111 1126 2153 singulos

73 2171 177 2195 annos
199 2171 243 2196 ex
260 2163 475 2196 conventione
491 2163 609 2196 solutio
626 2163 727 2197 fleret.
747 2165 863 2196 Actum
880 2172 1009 2205 quoque
1024 2165 1072 2196 est
1086 2163 1127 2196 de

73 2213 230 2247 diruenda
242 2214 419 2248 monastica
431 2214 529 2247 domo
538 2239 548 2255 ,
563 2223 638 2256 quae
653 2215 797 2248 Sebanus
809 2217 955 2254 vocatur,
969 2214 1127 2247 aedificata

73 2266 108 2298 in
120 2266 299 2299 confinibus
310 2290 320 2307 ,
337 2267 430 2308 eujus
445 2275 553 2299 aream
568 2267 705 2300 Romani
721 2268 915 2309 acciperent.
937 2268 1064 2300 Etenim
1087 2267 1128 2299 ab

76 2317 168 2350 initio
182 2319 403 2351 Romanorum
418 2319 524 2351 suerat
534 2327 543 2350 ε
555 2318 608 2351 sed
617 2327 688 2351 eam
701 2323 817 2360 Persae,
828 2328 928 2360 quum
944 2328 1056 2360 pacem
1070 2327 1127 2350 ru·

77 2369 196 2411 pissent
205 2394 214 2410 ,
228 2371 479 2411 occupaverant,
492 2371 526 2403 et
538 2380 639 2413 quum
649 2371 682 2404 in
697 2371 765 2412 ejus
777 2371 974 2413 possessione
982 2371 1036 2403 diu
1049 2371 1128 2404 fuis-

75 2421 164 2461 sent,
179 2421 263 2454 banc
279 2422 382 2454 aedem
407 2423 568 2455 moenibus
584 2425 760 2464 sepserant.
776 2426 847 2456 Non
865 2425 977 2456 tamen
994 2423 1040 2455 illi
1057 2432 1128 2455 eam

76 2471 221 2505 funditus
233 2471 378 2506 demoliti
391 2474 480 2515 sunt,
493 2482 599 2515 neque
610 2475 762 2508 Romanis
770 2475 983 2507 tradiderunt.
995 2474 1130 2507 Foedera

77 2524 163 2558 enim
172 2524 212 2558 de
219 2533 257 2558 ea
266 2534 301 2558 re
312 2525 572 2568 nihilquicquam
583 2527 801 2561 continebant.
814 2530 1020 2561 conventum
1031 2529 1129 2561 etiam

78 2575 161 2617 suits,
179 2577 216 2609 ut
227 2577 344 2610 litterae
352 2601 362 2618 ,
376 2586 458 2618 quas
469 2585 576 2612 sacras
587 2579 698 2612 Latina
714 2579 821 2620 lingua
830 2581 961 2621 vocant,
975 2580 1017 2613 ab
1033 2581 1130 2613 utris·

79 2635 161 2669 que,
174 2628 207 2661 et
219 2628 260 2661 ab
269 2628 462 2671 imperatore
486 2630 520 2662 et
540 2638 559 2662 a
575 2638 660 2672 rege,
683 2631 887 2672 afferrentur,
914 2632 1031 2673 quibus
1047 2633 1132 2665 ratas

79 2679 275 2713 haberentet
287 2680 512 2714 confirmarent
525 2682 613 2723 pacis
622 2682 822 2716 conditiones
831 2707 840 2723 ‚
853 2683 895 2716 de
905 2684 1025 2724 quibus
1037 2684 1132 2724 legati

80 2733 317 2765 consenserant.
333 2733 374 2765 Et
392 2732 444 2765 hae
455 2733 623 2766 confestim
645 2734 724 2766 illuc
743 2735 820 2766 sunt
832 2735 949 2767 missae.
965 2735 1131 2768 conditio-

79 2782 174 2815 nibus
186 2792 317 2824 quoque
336 2783 534 2825 adscriptum
547 2786 635 2824 erat,
657 2786 695 2818 ut
710 2786 880 2827 separatim
896 2794 987 2818 sacra
1010 2788 1133 2820 sanctio

81 2835 122 2867 ab
140 2835 332 2877 imperatore
341 2838 487 2869 Romano
499 2837 714 2879 emitteretur,
728 2847 792 2880 qua
805 2840 959 2880 pecunias
974 2841 1135 2881 pensionis

81 2886 181 2919 trium
194 2887 391 2929 reliquorum
402 2896 559 2931 annorum
568 2914 577 2930 ‚
590 2890 646 2930 qui
657 2890 821 2923 restabant
832 2899 874 2922 ex
883 2890 994 2924 decem
1003 2915 1012 2930 ,
1025 2900 1060 2924 se
1071 2892 1135 2924 sta·

83 2937 143 2970 tim
166 2939 306 2971 exeunte
322 2939 458 2981 septimo
490 2949 576 2973 anno
600 2942 703 2974 Persis
729 2942 976 2975 numeraturum
993 2944 1133 2976 caveret.

86 2991 220 3023 Pactum
236 3000 365 3032 quoque
380 2993 447 3032 est,
477 2993 513 3025 ut
531 2995 700 3027 Persarum
719 3003 776 3027 rex
793 2995 977 3028 cautionem
992 2996 1134 3038 interpo-

86 3043 193 3082 neret,
208 3051 263 3083 se,
287 3043 484 3085 simulatque
513 3053 647 3085 aurum,
663 3046 752 3086 quod
770 3046 943 3088 stipulatus
958 3049 1046 3087 erat,
1076 3057 1136 3090 pro

86 3093 190 3126 tribus
204 3094 297 3126 annis
311 3095 501 3137 recepisset,
522 3097 704 3130 securitatis
726 3098 850 3130 litteras
871 3097 1055 3139 imperatori
1070 3101 1135 3132 Ro-

87 3153 182 3177 mano
193 3145 398 3179 traditurum.
412 3148 453 3180 Et
471 3149 609 3181 Romani
630 3149 831 3190 imperatoris
851 3151 938 3191 pacis
953 3151 1137 3184 ratihabitio

88 3198 213 3231 solitam
231 3207 297 3240 prae
312 3208 347 3233 se
371 3200 496 3233 ferebat
512 3201 769 3243 inscriptionem,
790 3211 863 3244 quae
883 3204 960 3236 satis
977 3204 1055 3236 nota
1076 3205 1135 3239 est.

89 3252 258 3284 Persarum
283 3261 359 3285 vero
383 3253 466 3293 regis
486 3254 612 3286 Persica
637 3254 746 3296 lingua
762 3256 891 3296 scriptae
909 3256 1009 3288 verba
1026 3258 1138 3290 Graece

91 3301 160 3335 hoec
174 3303 289 3335 sonant
307 3316 315 3336 :
334 3315 350 3332 «
373 3305 526 3344 Divinus,
555 3305 677 3346 bonus,
695 3306 864 3347 pacificus,
883 3315 1030 3340 summus
1051 3308 1138 3348 prin-

91 3361 183 3393 ceps,
197 3354 371 3395 Chosroes‚
391 3363 449 3388 rex
463 3365 573 3396 regum
584 3380 593 3396 ,
610 3357 686 3389 felix
697 3381 706 3396 ,
719 3357 803 3398 pius,
817 3358 994 3397 beneficus,
1011 3359 1063 3390 cui
1094 3359 1138 3392 dii

93 3412 243 3444 magnum
258 3405 429 3446 imperium
455 3415 530 3439 cum
549 3408 672 3448 magnis
686 3409 801 3448 opibus
815 3409 1029 3451 indulserunt,
1045 3410 1139 3452 Gigas

217 3468 405 3494 FRAGMENTA
427 3471 548 3496 nisrou.
572 3472 624 3496 cn,
645 3480 679 3487 -
695 3472 763 3496 vot.
784 3472 826 3497 iv.

2131 216 2210 250 209

1168 294 1448 349 εἰρηνοπάτριος,
1478 298 1622 348 ἀρχαῖος
1638 294 1819 347 Χοσρόης,
1844 295 2004 346 βασιλεὺς
2023 296 2212 348 βασιλέων,

1168 353 1318 407 εὐτυχὴς
1326 385 1336 402 ,
1356 352 1519 400 εὐσεὸὴς,
1550 353 1778 404 ἀγαθοποιὸς,
1798 347 1894 406 ᾧτινι
1913 356 1944 392 οἱ
1967 355 2036 393 θεοὶ
2056 355 2214 406 μεγάλην

1165 412 1277 465 τύχην
1297 411 1357 450 καὶ
1379 411 1535 463 μεγάλην
1558 410 1739 464 βασιλείαν
1767 409 1952 459 δεδώκασι,
1971 411 2070 463 γίγας
2094 412 2216 463 γιγάν-

1167 488 1252 521 των,
1268 471 1305 515 ὃς
1323 472 1362 509 ἐκ
1376 473 1461 509 θεῶν
1473 470 1784 523 χαρακτηρίζεται,
1799 469 2033 522 Ἰουστινιανῷ
2048 469 2217 522 Καίσαρι,

1168 532 1308 584 ἀδελφῷ
1329 529 1504 582 ἡμετέρῳ.
1536 546 1552 563 u
1578 528 1624 568 ‘H
1655 527 1718 578 μὲν
1741 522 1798 567 οὖν
1831 527 2018 581 προγραφὴ
2050 527 2140 567 οὕτω
2166 543 2217 580 πῃ

1170 589 1307 638 ἐδήλου,
1320 587 1409 640 ἀτὰρ
1428 591 1451 635 ἡ
1463 586 1607 637 δύναμις
1626 588 1695 624 τῶν
1708 587 1903 638 λεχθέντων
1914 585 2031 633 τοιάδε
2045 587 2215 639 ὑπῆρχεν.

1170 648 1320 699 Εἴποιμι
1340 647 1377 686 δὲ
1399 646 1508 693 αὐτήν
1528 661 1567 697 γε
1591 645 1707 692 δήπου
1727 648 1795 684 τῶν
1811 645 1925 696 λόγων
1941 645 2004 691 τὴν
2025 644 2197 692 συνθήκην
2210 660 2219 669 ·

1171 709 1361 758 ἀναγκαῖον
1381 705 1448 759 γὰρ
1470 705 1578 757 ἔγωγε
1598 704 1716 758 ᾠήθην
1744 707 1898 757 χρῆσθαι
1927 705 1991 742 οὐκ
2017 702 2153 751 ἄλλως,
2174 705 2221 746 ὥς

1172 765 1213 804 ἂν
1235 766 1285 817 μὴ
1303 764 1521 812 ὓποτοπήσοι
1536 780 1587 808 τις
1611 762 1716 816 ἑτέρᾳ
1741 762 1866 817 φράσει
1881 761 2169 815 παρατετράφθαι
2187 777 2222 800 τι

1175 827 1245 864 τῶν
1265 826 1405 871 ἀληθῶς
1502 817 1594 875 εἶχεν
1620 821 1732 861 οὕτω·
1763 840 1779 855 α
1799 821 1912 875 Χάριν
1940 820 2160 872 ἀπονέμομεν
2179 823 2224 874 τῇ

1174 881 1384 935 ἀδελφότητι
1403 885 1464 920 τοῦ
1482 881 1662 934 Καίσαρος
1679 880 1758 934 περὶ
1776 883 1838 927 τῆς
1857 879 1976 932 χρείας
1999 882 2061 926 τῆς
2084 879 2224 932 εἰρήνης

1175 944 1237 989 τῆς
1268 940 1396 992 μεταξὺ
1425 940 1557 979 τούτων
1585 941 1654 978 τῶν
1685 939 1746 977 δύο
1770 940 1969 978 πολιτειῶν.
1999 937 2125 989 “Ημεῒς
2158 938 2222 989 μὲν

1174 999 1439 1051 Ἰεσδεγουσνὰφ
1452 1029 1463 1050 ,
1486 999 1568 1052 θείῳ
1587 997 1882 1051 κουὸικουλαρίῳ,
1910 996 2143 1047 ἐκελεύσαμεν
2164 999 2226 1035 καὶ

1181 1058 1337 1104 ἐξουσίαν
1352 1057 1554 1109 δεδώκαμεν
1564 1073 1572 1082 ·
1588 1061 1611 1105 ἡ
1625 1056 1816 1110 ἀδελφότης
1830 1060 1890 1095 τοῦ
1907 1056 2086 1110 Καίσαρος
2099 1055 2227 1109 Πέτρῳ

1176 1118 1361 1171 μαγίστρῳ
1379 1119 1447 1155 τῶν
1477 1116 1667 1167 Ῥωμαίων
1692 1116 1753 1154 καὶ
1782 1115 1945 1167 Εὗσεὸίῳ
1974 1115 2135 1154 ἐκέλευσε
2163 1115 2225 1153 καὶ

1174 1176 1330 1222 ἐξουσίαν
1351 1176 1479 1215 δέδωκε
1505 1176 1660 1222 λαλῆσαι
1688 1175 1749 1213 καὶ
1772 1171 1996 1228 τρακταίσαι.
2021 1173 2094 1213 Καὶ
2118 1176 2135 1211 ὁ
2156 1173 2227 1225 Ζὶχ

1174 1235 1234 1273 καὶ
1253 1238 1271 1274 ὁ
1292 1234 1476 1287 λεγόμενος
1491 1234 1589 1286 παρὰ
1605 1232 1796 1285 Ῥωμαίοις
1813 1233 2003 1286 μάγιστρος
2033 1232 2093 1271 καὶ
2114 1232 2230 1272 Εὐσέ-

1174 1294 1246 1337 6ιος
1277 1293 1322 1332 τὰ
1345 1293 1425 1346 περὶ
1444 1296 1507 1339 τ’ἧς
1527 1291 1664 1345 εἰρήνης
1695 1294 1816 1336 κοινῶς
1841 1291 2017 1338 ἐλάλησαν
2035 1291 2096 1330 καὶ
2125 1292 2230 1343 ἐτρα-

1173 1352 1335 1400 κτοίϊσαν,
1350 1351 1411 1390 καὶ
1428 1351 1613 1390 ἐτύπωσαν
1627 1350 1688 1397 τὴν
1708 1350 1848 1403 εἰρήνην
1869 1349 2086 1397 πεντήκοντα
2111 1352 2230 1389 ἐνιαυ-

1176 1413 1257 1458 τῶν,
1273 1411 1334 1449 καὶ
1349 1409 1507 1464 ἔγγραφα
1520 1408 1645 1453 πάντες
1658 1409 1887 1462 ἐσφράγισαν.
1903 1409 2028 1460 Ἡμεῖς
2041 1404 2099 1447 οὖν
2113 1408 2229 1460 [καθ’]

1177 1469 1200 1508 ἃ
1220 1473 1237 1508 ὃ
1260 1470 1331 1522 Ζὶχ
1345 1469 1407 1508 καὶ
1424 1472 1441 1507 ὃ
1463 1468 1652 1521 μάγιστρος
1670 1471 1740 1506 τῶν
1761 1467 1951 1518 Ῥωμαίων
1972 1468 2032 1506 καὶ
2054 1467 2228 1510 Eho-5620:

1175 1528 1357 1576 ἐποίησαν,
1378 1527 1526 1579 βεὸαίως
1545 1527 1672 1579 ἔχομεν
1693 1525 1755 1573 τὴν
1776 1526 1928 1578 εἰρήνην,
1949 1526 2009 1564 καὶ
2028 1525 2227 1577 ἐμμένομεν

1175 1588 1305 1630 αὐτοῖς.
1326 1604 1343 1620 »
1365 1585 1471 1624 Οὕτω
1491 1585 1554 1636 μὲν
1574 1586 1630 1624 ἐπὶ
1649 1585 1773 1630 λε’ξεως
1793 1580 1897 1638 εἶχεν.
1911 1584 2176 1636 εΟμοιοτρόπως
2194 1584 2231 1622 δὲ

1176 1646 1236 1684 καὶ
1256 1649 1278 1692 ἡ
1307 1649 1369 1684 τοῦ
1389 1644 1580 1696 Ῥωμαίων
1600 1644 1772 1697 βασιλέως
1791 1645 1980 1696 ἐτύγχανεν
1997 1637 2083 1682 οῧσα
2104 1646 2234 1694 ὁμολο-

1176 1704 1255 1754 γία,
1275 1703 1357 1742 ἄνευ
1374 1706 1436 1751 τῆς
1450 1706 1653 1756 προγραφῆς
1668 1697 1710 1750 ἧς
1729 1696 1803 1755 εἶχε
1823 1702 1862 1741 τὸ
1884 1702 2061 1754 βασίλειον
2079 1702 2230 1754 γράμμα

1178 1763 1218 1801 τὸ
1243 1762 1433 1816 Περσικόν.
1467 1762 1539 1802 Καὶ
1560 1763 1595 1800 ἐν
1614 1763 1762 1800 τοιοῖσδε
1790 1763 1807 1800 ὃ
1825 1761 1985 1813 ξύλλογος
2007 1761 2231 1807 διελύθησαν.

1178 1822 1240 1862 Ἐν
1258 1821 1293 1859 δὲ
1309 1820 1351 1868 δὴ
1366 1821 1467 1874 ἑτέρᾳ
1481 1820 1673 1866 ξυνελεύσει
1688 1822 1992 1874 μεγαλαυχοῦντος
2012 1824 2072 1859 τοῦ
2089 1821 2160 1872 Ζῖχ
2173 1821 2235 1858 καὶ

1180 1881 1238 1918 ἐπὶ
1258 1879 1400 1933 Χοσρόῃ
1421 1881 1557 1932 βασιλεῖ
1574 1879 1795 1932 κομπολογίᾳ
1817 1879 2000 1933 χρωμένου
2013 1910 2022 1927 ,
2042 1878 2235 1932 φάσκοντός

1185 1955 1222 1978 τε
1256 1941 1302 1982 ὡς
1339 1938 1574 1991 ἀμαχώτατός
1606 1938 1644 1976 τέ
1682 1940 1754 1977 ἔστι
1789 1939 1849 1977 καὶ
1882 1938 1979 1982 νίκας
2010 1937 2236 1990 περιεὸοίλετο

1185 1997 1337 2045 πολλὰς,
1360 1997 1420 2036 καὶ
1437 2000 1481 2042 ὡς
1501 1997 1535 2042 ἐξ
1559 1992 1598 2035 οῧ
1626 1997 1752 2050 χρόνου
1771 1997 1834 2044 τὴν
1855 1997 1991 2051 κίδαριν
2019 1997 2236 2044 ἀνεδήσατο,

1186 2111 1379 2152 Gigantum,
1410 2111 1450 2143 ad
1467 2110 1601 2143 deorum
1625 2111 1790 2152 exemplar
1813 2111 2026 2151 compositus,
2055 2110 2239 2143 Justiuiano

1185 2164 1304 2197 Caesari
1318 2188 1327 2204 ‚
1359 2163 1448 2196 fratri
1473 2165 1594 2196 nostro.
1615 2176 1631 2191 »
1649 2165 1756 2204 Atque
1772 2163 1936 2204 inscriptio
1949 2164 2018 2195 erat
2036 2163 2235 2203 hujusmodi.

1186 2216 1243 2249 Vis
1255 2217 1363 2249 autem
1374 2225 1500 2257 eorum,
1512 2225 1586 2256 quae
1598 2216 1829 2257 comprehensa
1842 2218 1918 2248 sunt
1933 2216 2045 2248 litteris
2057 2240 2066 2255 ,
2079 2216 2153 2248 talis
2167 2216 2237 2248 fuit.

1186 2268 1332 2301 Referam
1346 2277 1404 2308 ego
1419 2270 1519 2309 ipsam
1535 2268 1709 2301 verborum
1722 2269 1919 2300 structuram
1933 2270 1966 2300 et
1985 2267 2239 2308 dispositionem.

1187 2322 1406 2354 Necessarium
1420 2322 1507 2353 enim
1526 2330 1594 2354 esse
1607 2320 1685 2352 duxi
1704 2330 1769 2353 non
1782 2321 1876 2354 aliter
1894 2321 1999 2353 facere
2011 2345 2020 2362 ‚
2044 2329 2085 2354 ne
2101 2321 2173 2362 quis
2188 2330 2241 2353 su-

1187 2373 1364 2414 spicaretur
1376 2382 1418 2406 ex
1436 2373 1570 2405 veritate
1587 2372 1708 2413 aliquid
1722 2382 1741 2404 a
1756 2381 1808 2407 me
1822 2373 2043 2405 immutatum.
2058 2375 2136 2406 Haec
2150 2373 2196 2405 sic
2209 2381 2242 2404 se

1190 2424 1312 2456 habent
1331 2437 1338 2457 :
1360 2436 1376 2452 «
1395 2424 1523 2456 Gratias
1546 2424 1672 2464 agimus
1699 2425 1836 2458 Caesaris
1864 2425 2055 2457 fraternitati
2083 2434 2142 2466 pro
2165 2433 2244 2465 pace

1189 2477 1272 2509 inter
1282 2476 1342 2509 isla
1352 2476 1417 2508 duo
1430 2485 1527 2517 regua
1541 2476 1728 2508 constituta.
1742 2478 1807 2510 Nos
1822 2476 1953 2517 quidem
1970 2476 2223 2517 Iesdcgusnapho
2233 2501 2242 2516 ‚

1190 2529 1300 2562 divino
1316 2529 1513 2562 cubiculario
1529 2532 1639 2562 nostro
1649 2553 1657 2568 ‚
1669 2530 1822 2569 jussimus
1835 2531 1868 2562 et
1880 2530 2069 2570 potestatem
2083 2529 2241 2569 dedimus,

1190 2581 1223 2613 id
1243 2582 1361 2622 negotii
1375 2581 1543 2614 conficere.
1562 2581 1758 2614 Frater-nitas
1773 2583 1884 2613 autem
1898 2582 2033 2614 Caesaris
2049 2582 2118 2622 ejfls
2135 2590 2244 2622 procu-

1190 2633 1348 2666 rationem
1371 2635 1478 2674 Petro,
1491 2635 1709 2666 Romanorum
1720 2634 1890 2675 magistro,
1905 2635 1938 2666 ct
1956 2633 2092 2666 Eusebio
2108 2634 2244 2665 commi·

1190 2686 1251 2726 sit,
1267 2688 1303 2718 ut
1317 2686 1358 2719 de
1369 2695 1450 2728 pace
1474 2687 1672 2728 colloquium
1694 2686 1850 2718 haberent
1868 2687 1901 2719 et
1917 2687 2102 2719 tractarent.
2120 2687 2159 2718 Et
2172 2686 2244 2727 qui-

1190 2739 1264 2771 dem
1281 2740 1416 2779 Zichus‚
1436 2740 1469 2771 et
1484 2740 1539 2780 qui
1556 2749 1575 2772 a
1594 2739 1747 2772 Romanis
1770 2739 1920 2780 magister
1935 2739 2066 2779 dicitur,
2096 2740 2129 2771 et
2146 2742 2245 2771 Euse-

1192 2790 1275 2831 bius,
1290 2801 1324 2824 re
1336 2791 1419 2824 inter
1439 2800 1474 2824 se
1489 2791 1664 2823 deliberata
1679 2792 1713 2823 et
1725 2799 1898 2832 perpensa,
1926 2791 2148 2823 trac-taverunt
2165 2792 2197 2822 et
2213 2790 2245 2822 in

1192 2843 1311 2884 scripta
1330 2842 1522 2884 redegerunt
1544 2851 1655 2883 pacem
1673 2843 1706 2875 in
1729 2842 1962 2886 quinquaginta
1977 2851 2079 2875 annos
2096 2842 2198 2874 Persis
2214 2844 2246 2874 et

1194 2895 1348 2928 Romanis
1362 2903 1449 2934 esse,
1465 2896 1499 2927 et
1515 2904 1588 2935 quae
1607 2894 1726 2936 scripta
1750 2895 1842 2934 sunt,
1868 2894 1933 2927 suis
1949 2894 2058 2935 sigillis
2085 2894 2247 2935 impressis

1197 2948 1469 2988 approbaverunt.
1486 2948 1598 2987 ltaque
1614 2955 1672 2979 nos
1691 2947 1800 2979 omnia
1828 2955 1902 2987 quae
1919 2947 2035 2979 Ziehus
2053 2948 2085 2979 et
2099 2947 2247 2986 magister

1194 3000 1414 3031 Romanorum
1436 2999 1470 3031 et
1487 2998 1643 3031 Eusebius
1664 2998 1704 3031 de
1719 3007 1797 3039 pace
1812 3000 2050 3037 convenerunt,
2068 2999 2136 3030 rata
2155 2998 2246 3029 firma

1194 3051 1302 3083 valere
1318 3052 1487 3090 volumus,
1512 3051 1546 3083 et.
1570 3050 1808 3083 conditionibus
1820 3051 1914 3083 dictis
1934 3055 2068 3083 stamus.
2086 3064 2101 3079 »
2119 3052 2159 3082 Et
2186 3052 2247 3082 ista

1195 3101 1325 3142 quidem
1348 3101 1389 3134 ad
1406 3102 1543 3135 verbum
1565 3103 1610 3134 ita
1626 3102 1744 3143 scripta
1766 3111 1800 3134 se
1817 3102 1986 3134 habebant.
2007 3102 2125 3134 Eodem
2152 3110 2245 3134 sensu

1195 3155 1412 3186 Romanorum
1443 3153 1644 3194 imperatoris
1670 3153 1853 3186 ratihabitio
1869 3154 1987 3194 scripta
2012 3153 2088 3192 suit,
2110 3152 2164 3184 sed
2179 3152 2247 3183 sine

1197 3203 1404 3244 inscriptione
1433 3204 1506 3243 illa,
1523 3211 1622 3244 quam
1648 3203 1764 3236 litteroe
1784 3204 1866 3244 regis
1882 3206 2050 3236 Persarum
2074 3203 2245 3234 habebant.

1197 3257 1299 3296 Super
1308 3255 1356 3287 his
1365 3255 1509 3287 solutum
1521 3256 1572 3287 est
1584 3255 1667 3287 inter
1677 3255 1798 3294 legatos
1808 3255 2016 3296 colloquium.
2026 3257 2134 3292 Quum
2142 3253 2246 3284 denuo

1197 3306 1238 3339 ad
1254 3306 1452 3347 colloquium
1468 3306 1629 3339 venissent
1643 3306 1676 3339 et
1693 3306 1810 3338 Zichus
1833 3305 2010 3346 magnificis
2029 3305 2133 3337 verbis
2147 3304 2246 3344 ⁸iacta·

1199 3362 1246 3391 ret
1262 3359 1295 3391 et
1319 3359 1489 3392 extolleret
1502 3359 1684 3399 chosroen,
1708 3360 1741 3391 et
1756 3359 1876 3391 diceret
1902 3359 1993 3390 illum
2006 3358 2161 3390 invictum
2178 3364 2247 3387 esse

1198 3412 1230 3444 et
1243 3410 1362 3444 multas
1373 3410 1524 3444 victorias
1543 3410 1709 3451 retulisse,
1726 3411 1759 3443 et
1777 3410 1818 3443 ab
1831 3418 1869 3444 eo
1888 3411 2049 3451 tempore,
2067 3416 2132 3448 quo
2145 3407 2245 3439 cidari

2086 3468 2117 3494 ιι
