2314 3756
942 178 1276 221 FRAGMENTA.
2173 187 2197 219 9

52 273 248 323 iecturane
280 272 435 309 ductus.
453 282 502 307 an
545 270 759 306 testimonio
772 296 782 315 ‚
817 281 895 305 non
929 275 1089 306 constat.

56 335 285 384 Scriptorem
308 331 523 367 mutilatum
555 342 651 378 opus
678 330 730 365 ita
752 329 968 378 reliquisse,
993 336 1038 364 ut
1056 329 1095 362 in

53 395 112 430 his
127 405 210 441 quae
225 390 428 427 manebant
448 401 575 424 sensus
589 388 796 437 laboraret,
815 399 902 423 sane
917 400 996 422 non
1007 399 1095 435 pro-

55 451 180 498 babile
205 457 270 486 est.
297 451 351 486 Ac
371 447 453 483 fieri
473 454 573 483 certe
591 453 716 495 potest
738 453 780 482 ut
802 459 880 481 non
903 447 982 495 ipse
1002 446 1096 481 scri-

0 499 10 525 g
53 517 158 560 ptor,
185 508 252 545 sed
269 506 501 555 bibliopola,
530 505 677 541 indocti
697 505 932 540 amanuensis
951 515 1069 553 opera
1082 530 1093 549 ,

8 582 14 605 f
54 569 170 605 libros
188 567 236 603 ab
252 567 296 602 iis
309 566 403 601 locis
420 565 486 612 qui
502 564 750 600 vendentibus
760 564 974 612 periculum
988 574 1095 598 crea-

0 644 3 646 ·
54 633 140 663 rent
165 620 326 662 liberare
349 624 516 660 animum
534 622 725 658 induxerit
742 633 750 659 :
773 623 900 670 qualia
918 629 1005 657 sunt
1024 634 1096 657 ex—

8 698 21 705 *
53 691 211 735 purgata
225 711 235 731 ‚
258 695 340 731 quae
355 688 493 718 vocant
505 708 515 726 ‚
537 682 766 729 exemplaria
779 707 789 726 ‚
809 693 891 728 quae
908 682 948 715 in
966 681 1096 728 regio-

11 759 13 762 ·
55 743 166 780 nibus
180 742 247 778 ubi
263 741 415 777 decreta
435 740 588 776 concilii
607 739 819 775 Tridentini
836 745 990 788 recepta
1011 739 1096 774 fue-

55 809 162 847 runt,
179 813 258 837 non
269 812 356 836 raro
373 805 592 835 occurrunt.
616 813 631 830 υ

108 861 165 896 De
181 859 404 895 auctoritate
426 857 585 905 Eunapii
603 869 681 892 non
701 862 756 891 est
776 867 844 891 cur
859 856 999 891 multus
1015 856 1095 891 sim.

56 915 384 966 Quemadmodum
415 916 461 951 ab
489 928 560 951 usu
599 927 727 951 rerum
756 915 922 950 civilium
955 915 1097 949 alienus

56 977 167 1013 fuisse
180 975 344 1020 videtur,
361 975 413 1010 sic
430 975 468 1009 in
486 974 683 1009 historiam
702 974 848 1017 intulit,
865 985 947 1020 quae
964 972 1095 1008 sedulo

57 1034 221 1073 arcenda
246 1040 373 1078 erant,
402 1033 566 1068 rhetoris
591 1031 862 1081 professionem
886 1039 997 1079 atque
1017 1039 1098 1067 stu-

57 1093 122 1130 dia
149 1101 186 1129 et
203 1094 297 1128 iram
316 1092 451 1127 mentis
468 1098 757 1139 praeoccupatae.
788 1091 886 1126 Hinc
907 1091 1028 1125 oratio
1049 1091 1095 1126 ab

57 1152 214 1201 limpida
229 1151 390 1186 historiae
404 1150 675 1197 tranquillitate
692 1161 849 1198 prorsus
866 1149 1094 1194 abhorrens;

56 1211 147 1247 hinc
174 1209 408 1245 tractationis
430 1220 546 1256 genus
565 1208 808 1256 epidicticum
822 1234 832 1252 ‚
852 1219 928 1254 quo
946 1208 1095 1255 sperni—

61 1275 125 1305 tur
140 1269 162 1313 ἡ
176 1265 334 1317 ἀκρίὸεια
346 1267 525 1302 historica
541 1273 718 1313 tanquam
727 1266 906 1301 humilius
924 1265 1016 1312 quid
1034 1263 1093 1314 (*);

57 1328 145 1364 hinc
155 1327 332 1373 denique,
348 1325 454 1372 quod
466 1326 669 1360 maximum
682 1332 748 1368 est,
762 1323 906 1370 judicia
922 1324 969 1359 de
983 1325 1096 1360 rebus

56 1386 301 1436 personisque
330 1395 506 1431 perversa
534 1384 714 1430 nullaque
746 1383 796 1418 ad
822 1383 899 1418 veri
928 1381 1096 1430 justique

56 1455 227 1480 normam
257 1441 403 1478 directa
429 1448 467 1477 et
494 1441 721 1489 ponderata.
754 1441 927 1477 Ceterum
958 1441 1095 1489 quodsi

57 1502 249 1550 Eunapius
262 1500 506 1544 calamitates,
520 1512 602 1548 quae
617 1500 657 1534 in
667 1501 883 1535 Romanum
895 1500 1095 1548 imperium

57 1561 268 1604 irruerunt,
290 1570 419 1594 omnes
433 1571 478 1594 ex
498 1559 631 1607 spretis
648 1559 760 1594 sacris
775 1557 964 1604 majorum
982 1558 1097 1593 adsci-

58 1625 171 1666 taque
189 1618 486 1654 Christianorum
501 1618 683 1665 religione
697 1629 898 1665 perperam
925 1629 1014 1652 sane
1032 1629 1095 1652 re-

57 1676 237 1726 petendas
250 1687 326 1711 esse
342 1677 506 1720 censuit,
523 1675 687 1722 ideoque
701 1677 721 1711 J
725 1677 892 1711 ulianum
906 1676 946 1710 in
960 1676 1095 1711 coelum

58 1735 199 1782 evexit,
225 1734 453 1771 Christianos
481 1735 726 1782 imperatores
753 1733 891 1770 insanis
918 1735 1098 1770 conviciis

32 1818 42 1823 »ι
59 1793 229 1833 oneravit
244 1803 253 1830 ε
273 1791 488 1828 meminisse
504 1790 612 1838 juvat
635 1799 869 1841 quantopere
887 1794 925 1827 in
942 1800 1097 1828 contra-

57 1852 151 1888 riam
178 1857 325 1900 partem
343 1851 584 1899 peccaverint
603 1851 805 1898 scriptores
825 1852 1075 1887 Ecclesiastici
1087 1879 1096 1897 ,

59 1911 124 1959 qui
136 1910 383 1954 Constantini,
396 1910 533 1945 Juliani
544 1917 581 1945 et
590 1909 793 1945 Theodosii
804 1922 863 1946 res
873 1910 990 1946 literis
1003 1924 1097 1947 con·

58 1970 264 2017 signarunt.
284 1968 396 2005 Haud
410 1969 610 2004 minimum
628 1969 744 2016 igitur
764 1969 812 2004 ad
831 1970 978 2016 singula
996 1982 1097 2017 quae-

59 2039 133 2076 que
166 2034 265 2063 recte
299 2027 516 2062 trutinanda
550 2028 786 2062 momentum
820 2027 972 2063 afferret
1003 2041 1099 2076 opus

59 2086 316 2133 Eunapianum
328 2113 339 2130 ‚
351 2087 380 2121 si
391 2087 578 2133 integrum
589 2086 637 2121 ad
648 2098 716 2121 nos
725 2085 975 2133 perdurasset.
990 2088 1099 2122 Nune

17 2148 24 2154 “
59 2143 374 2191 acquiescendum
404 2143 515 2179 nobis
546 2144 663 2179 estin
692 2145 969 2191 Excerptorum
998 2146 1099 2181 Con-

58 2202 369 2238 stantinianorum
379 2209 486 2250 parte
500 2202 697 2250 superstite
709 2202 794 2237 etin
805 2203 971 2247 Zosimo,
988 2215 1100 2250 quem

32 2259 98 2295 ⁴in
127 2260 239 2295 rebus
270 2259 317 2295 ab
349 2261 521 2308 Eunapio
546 2261 711 2295 tractatis
742 2260 842 2295 hunc
875 2261 998 2308 ipsum
1030 2262 1101 2297 sibi

60 2318 197 2355 ducem
214 2319 384 2367 selegisse
407 2325 443 2354 et
463 2318 748 2365 quodammodo
768 2320 807 2354 in
831 2320 1101 2368 compendium

61 2377 245 2426 redegisse
273 2384 352 2412 tum
383 2376 521 2412 diserte
553 2378 708 2413 Photius
740 2384 912 2422 testatur,
945 2385 1026 2414 tum
1056 2391 1101 2415 ex

60 2436 228 2483 reliquiis
245 2435 415 2471 Sardiani
437 2436 555 2470 nostri
581 2437 782 2484 colligitur.

425 2534 735 2573 TESTIMONIA.

115 2633 269 2668 letius
299 2633 397 2671 Bibl.
434 2633 520 2671 cod.
558 2647 603 2680 77
641 2647 649 2669 :
682 2631 895 2684 Ἀνεγνώσθη
925 2634 1101 2673 Εὖναπίου

5 2691 13 2730 ss
63 2688 233 2740 Χρονικῆς
247 2689 398 2741 ἱστορίας
424 2693 490 2736 τ’ἧς
508 2690 595 2763 μετὰ
613 2690 803 2739 Δέξιππον,
823 2691 900 2735 νέας
921 2693 1101 2746 ἐκδόσεως,

65 2747 99 2784 ἐν
122 2747 267 2799 βιὸλίοις
286 2749 619 2800 τεσσαρεσκαίδεκα.
643 2747 809 2801 Ἄρχεται
830 2750 893 2800 μὲν
921 2755 982 2798 τῆς
1004 2754 1103 2790 ἱστο-

67 2804 140 2857 ρίας
167 2805 237 2843 ἀπὸ
264 2808 328 2852 τῆς
358 2807 535 2846 Κλαυδίου
570 2808 766 2859 βασιλείας,
800 2810 833 2852 ἐς
867 2808 902 2846 ὃν
939 2810 1103 2865 Δεξίππῳ

64 2865 87 2910 ἡ
105 2862 239 2914 ἱστορία
258 2864 471 2915 καταλήγει,
497 2867 711 2903 ἀποτελευτᾶ
731 2865 767 2903 δὲ
787 2868 834 2910 εἰς
851 2867 913 2913 τὴν
934 2867 1103 2921 Ὁνωρίου

2 2946 15 2972 1
65 2936 125 2960 και
138 2921 318 2975 Ἀρκαδίου
330 2925 397 2960 τῶν
409 2923 596 2962 Θεοδοσίου
611 2924 743 2962 παίδων
762 2926 959 2977 βασιλείαν,
976 2928 1103 2965 ἐκεῖνον

66 2979 123 3017 τὸν
139 2979 261 3032 χρόνον
290 2980 385 3024 τέλος
401 2984 462 3027 τῆς
480 2982 633 3033 ἱστορίας
652 2983 905 3032 ποιησάμενος,
922 2984 958 3022 ὃν
979 2985 1101 3037 Ἀρσά-

65 3051 136 3081 κιος
158 3037 220 3088 μὲν
238 3042 298 3076 τοῦ
314 3043 444 3091 χρυσοῦ
461 3043 521 3086 τῆς
541 3041 727 3087 ἐκκλησίας
750 3041 920 3092 στόματος
941 3043 1104 3082 Ἰωάννου

2 3095 14 3113 ’“’
66 3095 296 3140 ἄπελαθέντος
326 3099 373 3140 εἷς
402 3097 460 3134 τὸν
493 3099 734 3150 ἀρχιερατικὸν
767 3102 884 3152 θρόνον
914 3103 977 3148 ἀνη
981 3101 1105 3152 γμένος

0 3165 14 3183 ἓ

3 3222 15 3245 't

0 3335 19 3372 ξ’·

0 3373 14 3408 ἕ

0 3414 11 3432 t

0 3476 10 3493 ν

66 3153 262 3206 ἱεράτευεν,
278 3158 300 3202 ἡ
322 3153 357 3192 δὲ
375 3171 431 3192 του
454 3157 692 3206 βασιλεύοντος
712 3157 894 3210 Ἀρκαδίου
909 3159 1019 3216 γυνθι
1013 3159 1106 3197 κατα

67 3212 213 3266 γαστρὸς
242 3212 373 3264 ἔχουσα
403 3213 463 3251 καὶ
490 3214 711 3264 ἀμὸλώσασα
739 3216 795 3253 τὸν
820 3217 892 3268 βίον
921 3217 1101 3256 ἀπέλιπεν.

67 3322 217 3410 (r(*)'S)ic
232 3322 449 3364 chronologiae
473 3325 727 3366 contemptorem
753 3334 786 3358 se
805 3326 920 3359 fatetur
947 3330 1108 3371 Eunapius

104 3377 119 3400 r

1156 260 1268 309 Οὗτος
1289 267 1306 303 ὁ
1328 265 1504 309 Εὐνάπιος
1526 265 1718 317 Σαρδιανὸς
1739 264 1800 315 μὲν
1820 265 1915 314 γένος
1938 265 2011 304 ἐστί
2032 266 2114 317 (τὰς
2131 266 2198 318 γὰρ

1158 325 1191 360 ἐν
1220 323 1332 375 Λυδίᾳ
1365 323 1511 376 Σάρδεις
1544 322 1627 373 ἔσχε
1658 322 1855 374 πατρίδα)·
1880 324 2049 370 δυσσεΐῧὴς
2068 324 2104 362 δὲ
2134 324 2198 371 τὴν

1156 382 1341 434 Ορησκείαν
1362 382 1410 421 ὤν
1439 381 1500 432 (τὰ
1518 380 1699 427 Ἑλλήνων
1719 381 1786 432 γὰρ
1809 381 1933 431 ἐτίμα)
1960 382 2037 425 τοὺς
2060 382 2122 432 μὲν
2143 385 2200 421 εὐ-

1158 441 1277 494 engezo}
1308 440 1371 487 τὴν
1400 441 1580 492 βασιλείαν
1601 439 1850 489 κοσμήσαντας
1869 442 1973 477 παντὶ
1996 440 2112 493 τρόπῳ
2139 442 2199 479 καὶ

1158 500 1280 546 ἀνέδην
1301 499 1451 544 κακίζων
1472 498 1647 550 διασύρει,
1679 497 1738 535 καὶ
1760 497 1913 547 μάλιστά.
1939 514 1977 548 γε
2004 500 2061 535 τὸν
2090 500 2223 556 μέγανὶ

1161 559 1443 605 Κωνσταντῖνον,
1463 556 1589 609 ἐξαίρει
1606 556 1642 594 δὲ
1662 556 1739 600 τοὺς
1758 556 1952 603 δυσσεὸεῖς,
1972 557 2031 594 καὶ
2051 560 2118 594 τῶν
2140 558 2198 595 ἄλ·

1157 618 1227 654 λων
1256 616 1362 654 πλέον
1382 615 1572 655 Ἰουλιανὸν
1597 614 1655 653 τὸν
1681 615 1915 668 παραὸάτην,
1943 616 2002 652 καὶ
2025 616 2148 666 σχεδόν
2168 633 2201 654 τι

1157 675 1195 713 τὸ
1215 678 1275 722 τῆς
1295 674 1447 727 ἱστορίας
1469 676 1562 726 αὐτῷ
1580 676 1626 717 εἷς
1649 673 1686 711 τὸ
1704 673 1834 712 ἐκείνου
1852 673 2024 724 ἐγκώμιον
2046 674 2201 712 συντεθὲν

1159 733 1360 780 ἐξεπονήθη.
1384 731 1496 785 ’Ἐστι
1509 732 1545 770 δὲ
1568 731 1760 779 καλλιεπὴς
1780 732 1842 778 τὴν
1865 733 2009 784 φράσιν,
2032 733 2061 769 εἷ
2087 733 2201 784 περιέ-

1158 793 1212 830 λοι
1240 808 1291 835 τις
1323 793 1417 844 αὐτῷ
1449 794 1517 828 τῶν
1547 791 1660 842 λόγων
1691 790 1731 828 τὸ
1765 791 2112 842 ἀλεκτρυονῶδες
2143 791 2201 829 καὶ

1159 850 1507 903 ἐλαφωδέστερον
1523 880 1533 899 ,
1578 850 1637 887 καὶ
1687 849 2004 901 συωδέστερον,
2050 849 2110 887 καὶ
2160 850 2200 896 δὴ

1157 910 1217 948 καὶ
1253 908 1331 953 τοὺς
1373 908 1660 961 ἱερακώδεις,
1705 908 1765 946 καὶ
1810 907 2100 959 κορακώδεις,
2142 910 2203 947 καὶ

1157 969 1443 1015 πιθηκώδεις,
1469 967 1529 1006 καὶ
1554 967 1593 1005 τὸ
1621 968 1877 1016 ποταμῶδες
1905 967 2109 1018 δάκρυον,
2143 969 2202 1006 καὶ

1157 1026 1202 1064 τὰ
1232 1024 1358 1077 ὅμοια·
1388 1026 1519 1069 τούτοις
1544 1024 1611 1078 γὰρ
1639 1025 1699 1063 καὶ
1718 1025 1781 1072 τὴν
1803 1025 1913 1081 ἄλλην
1934 1027 2001 1063 τῶν
2023 1026 2202 1075 ὀνομάτων

1158 1085 1443 1138 περιλυμαίνεται
1475 1083 1534 1122 καὶ
1569 1083 1758 1123 διανοθεύει
1790 1084 1978 1133 εὐγένειαν.
2020 1084 2089 1122 Καὶ
2123 1101 2202 1137 τρο-

1159 1150 1242 1188 παῖς
1272 1144 1334 1195 μὲν
1364 1145 1533 1195 κέχρηται
1559 1143 1789 1195 παραὸόλως,
1812 1142 1896 1195 ὅπερ
1925 1146 1943 1181 ὁ
1969 1146 2029 1189 τῆς
2053 1144 2204 1196 ἱστορίας

1159 1205 1220 1241 οὐκ
1258 1202 1366 1241 ἐθέλει
1406 1203 1529 1253 νόμος,
1563 1204 1762 1255 ἀφαιρεῖται
1797 1201 1832 1240 δὲ
1866 1202 1904 1240 τὸ
1933 1204 2062 1240 λυποῦν
2093 1206 2114 1249 ἡ
2144 1207 2204 1249 τῆς

1157 1262 1279 1306 λέξεως
1301 1261 1447 1315 ἔμφασις
1475 1260 1519 1299 τὰ
1541 1261 1655 1299 πολλὰ
1673 1261 1732 1298 καὶ
1762 1261 1957 1308 ἀστειότης.
1977 1263 2033 1314 Τῇ
2049 1262 2202 1314 συνθήκῃ

1159 1320 1194 1359 δὲ
1220 1320 1279 1359 καὶ
1295 1323 1344 1373 τῷ
1362 1321 1465 1373 σαφεῖ
1480 1319 1562 1371 πρὸς
1582 1319 1735 1372 ἱστορίαν
1754 1320 1813 1358 καὶ
1834 1321 1908 1363 ταῖς
1928 1322 2098 1372 περιόδοις
2114 1336 2203 1370 συμ-

1160 1379 1291 1430 μέτρως
1310 1379 1370 1417 καὶ
1390 1378 1524 1421 οἰκείως
1548 1378 1637 1429 ἔχει·
1657 1378 1749 1424 πλὴν
1771 1380 1911 1430 ἐνιαχοῦ
1939 1379 2204 1431 δικανικώτερον

1159 1439 1291 1488 μᾶλλον
1325 1437 1348 1483 ἢ
1379 1436 1642 1489 ἱστορικώτερον
1668 1440 1791 1486 μεστοῒ
1818 1438 1878 1474 καὶ
1913 1437 2117 1490 περιὸάλλει
2148 1438 2205 1476 τὸν

1157 1496 1271 1547 λόγον.
1292 1495 1499 1548 Νεωτερίζει
1518 1495 1545 1533 δ’
1563 1497 1625 1533 οὐκ
1641 1495 1742 1546 ὀλίγα
1769 1495 1827 1533 καὶ
1847 1495 1927 1548 περὶ
1941 1496 2002 1539 τὰς
2018 1496 2205 1544 συντάξεις,

1158 1555 1248 1602 πλὴν
1270 1555 1331 1592 οὐκ
1351 1555 1397 1598 εἷς
1417 1554 1456 1592 τὸ
1477 1553 1605 1607 ἄχαρι,
1623 1553 1692 1592 οὐδ’
1711 1556 1757 1598 εἷς
1776 1554 1814 1592 τὸ
1829 1560 1902 1598 ταῖς
1921 1554 2075 1605 μεΟόδοις
2091 1555 2203 1601 λαίὴν

1159 1615 1354 1652 ἐπιδοῦναι.

1213 1672 1284 1711 Δύο
1310 1673 1346 1710 δὲ
1366 1671 1611 1725 πραγματείας
1639 1671 1702 1720 τὴν
1726 1671 1836 1719 αὐτὴν
1857 1672 2087 1725 περιεχούσας
2109 1675 2203 1712 ἱστο-

1163 1730 1237 1784 ρίαν
1257 1731 1518 1784 συνεγράψατο,
1537 1729 1681 1783 πρώτην
1704 1730 1765 1769 καὶ
1783 1731 1958 1783 δευτέραν.
1988 1731 2060 1770 Καὶ
2088 1734 2121 1770 ἐν
2143 1733 2206 1781 μὲν

1161 1793 1203 1842 τῇ
1227 1789 1349 1843 πρώτῃ
1373 1789 1506 1836 πολλὴν
1532 1789 1623 1828 κατὰ
1647 1793 1705 1836 τῆς
1726 1793 1881 1842 καθαρᾶς
1903 1792 2002 1840 ἡμῶν
2024 1794 2090 1828 τῶν
2119 1794 2203 1844 Χρι-

1162 1851 1310 1886 στιανῶν
1338 1848 1490 1892 πίστεως
1525 1849 1753 1900 κατασπείρει
1777 1849 2023 1902 βλασφημίαν,
2051 1849 2110 1887 καὶ
2139 1850 2202 1896 τὴν

1162 1907 1377 1955 Ἑλληνικὴν
1394 1907 1624 1954 ἀποσεμνύνει
1643 1908 1925 1957 δεισιδαιμονίαν,
1940 1907 2054 1945 πολλὰ
2068 1911 2135 1946 τῶν
2154 1910 2207 1946 εὖ·

1161 1965 1272 2004 σεὸῶν
1292 1965 1462 2018 βασιλέων
1481 1964 1760 2016 καθαπτόμενος·
1786 1968 1820 2003 ἐν
1843 1966 1878 2003 δὲ
1905 1969 1946 2016 τῇ
1977 1967 2140 2019 δευτέρα,
2165 1967 2207 2014 ἣν

1161 2025 1220 2062 καὶ
1249 2024 1346 2062 νέαν
1368 2023 1539 2062 ἔκδοσιν
1563 2024 1771 2077 ἐπιγράφει,
1791 2024 1853 2070 τὴν
1871 2024 1932 2074 μὲν
1952 2025 2086 2072 πολλὴν
2107 2025 2206 2078 ὕὸριν

1163 2082 1221 2121 καὶ
1237 2084 1419 2133 ἀσέλγειαν
1431 2113 1441 2132 ,
1460 2082 1503 2129 ἣν
1524 2082 1614 2120 κατὰ
1633 2086 1694 2129 τῆς
1714 2082 1889 2125 εὐσεόείας
1906 2083 2100 2131 ἐσκέδαζεν,
2117 2087 2206 2122 ὑπο-

1162 2141 1351 2191 τέμνεται,
1368 2142 1407 2179 τὸ
1425 2141 1460 2178 δὲ
1477 2141 1597 2179 λοιπὸν
1614 2144 1676 2187 τῆς
1692 2145 1892 2193 συγγραφῆς
1910 2144 2012 2191 σῶμα
2027 2142 2205 2194 συνείρας,

1138 2235 1141 2237 ,
1165 2199 1244 2237 νέαν
1264 2199 1418 2247 ἔκδοσιν,
1450 2201 1495 2243 ὡς
1525 2199 1674 2250 ἔφημεν,
1700 2200 1902 2252 ἐπιγράφει,
1931 2199 1981 2237 ἔτι
2011 2199 2124 2238 πολλὰ
2148 2205 2208 2248 τῆς

1169 2260 1280 2296 ἐκεῖσε
1300 2257 1462 2304 λύσσης
1450 2257 1724 2309 υποφαίνουσαν.
1751 2258 1894 2310 Ἀμφοῖν
1922 2257 1956 2295 δε
1975 2259 2085 2301 ταῒςε
2072 2259 2208 2297 ἐκδόσε-

1166 2332 1218 2354 σιν
1241 2318 1276 2353 ἐν
1296 2318 1457 2360 παλαιοῖς
1487 2315 1693 2368 ἐνετύχομεν
1725 2316 1892 2387 βύῗλίοις,
1918 2317 2012 2361 ἰδίως
2041 2318 2209 2369 εκατέραν

1165 2376 1199 2412 ἐν
1212 2374 1326 2448 ἑτέρῳ
1341 2374 1457 2426 τεύχει
1475 2390 1534 2412 και
1552 2374 1658 2427 ἑτέρω
1674 2375 1970 2424 συντεταγμένην·
1985 2375 2017 2420 ἐξ
2034 2379 2082 2413 ὧν
2095 2378 2207 2414 αὐτῶν

1165 2432 1224 2470 καὶ
1253 2432 1316 2479 τὴν
1343 2432 1508 2484 διαφορὰν
1539 2433 1786 2483 ἀναλεξάμενοι
1814 2432 1984 2484 ἔγνωμεν.
2013 2434 2208 2484 Συμὸαίνει

1165 2485 1222 2529 οῧν
1247 2493 1281 2529 ἐν
1301 2494 1343 2541 τῇ
1364 2494 1423 2544 νέα
1442 2491 1575 2529 ἐκδόσει
1599 2491 1713 2529 πολλὰ
1733 2494 1800 2529 τῶν
1822 2493 1961 2544 χωρίων
1985 2492 2041 2529 διὰ
2061 2493 2122 2535 τὰς
2146 2509 2205 2544 γε·

1165 2549 1358 2601 γενημένας
1383 2552 1449 2586 τῶν
1480 2552 1593 2601 ῥητῶν
1619 2549 1811 2600 περικοπὰς
1840 2552 1982 2602 ἀσαφῶς
2010 2551 2207 2597 ἐκκεῖσθαι,

1164 2607 1276 2646 καίτοι
1306 2609 1510 2659 φροντιστής
1543 2610 1616 2646 ἐστι
1644 2612 1705 2646 τοῦ
1735 2612 1878 2661 σαφοῦς·
1905 2610 1982 2646 ἀλλ’
2003 2608 2071 2661 ὅτῳ
2091 2609 2209 2661 τρόπῳ

1165 2665 1275 2717 λέγειν
1295 2668 1357 2704 οὐκ
1377 2667 1447 2718 ἔχω
1462 2698 1472 2716 ,
1490 2666 1539 2717 μὴ
1563 2668 1677 2710 καλῶς
1699 2666 1789 2704 κατὰ
1806 2666 1867 2709 τὰς
1886 2666 2077 2719 περικοπὰς
2098 2667 2207 2718 ἁρμό-

1166 2741 1228 2768 σας
1249 2725 1326 2768 zob<
1341 2725 1462 2775 λόγους
1480 2728 1513 2763 ἐν
1533 2728 1576 2777 τῇ
1598 2724 1741 2778 δευτέρα
1761 2725 1895 2763 ἐκδόσει
1913 2725 1970 2763 τὸν
1984 2729 2061 2763 νοῦν
2079 2725 2208 2776 λυμαί-

1165 2798 1260 2821 νεται
1282 2786 1350 2821 τῶν
1372 2783 1719 2834 ἀναγινωσκομένων.
1742 2784 1805 2823 Ἐν
1830 2778 1882 2827 οἷς
1902 2783 1962 2822 καὶ
1981 2783 2020 2821 τὸ
2040 2783 2150 2827 τέλος.

1221 2843 1326 2879 Idem
1351 2843 1439 2881 cod.
1462 2843 1535 2891 98,
1565 2843 1612 2879 de
1632 2844 1782 2879 Zosimo
1805 2856 1813 2879 :
1839 2840 1944 2880 Εἴποι
1964 2843 1992 2879 δ’
2017 2841 2056 2879 ἄν
2077 2858 2143 2887 τις,
2170 2842 2209 2878 οὐ

1166 2899 1298 2951 γράψαι
1326 2899 1427 2938 αὐτὸν
1448 2900 1626 2952 ἱστορίαν,
1646 2900 1736 2938 ἀλλὰ
1758 2900 1982 2952 μεταγράψαι
2002 2900 2064 2946 τὴν
2093 2902 2121 2939 Ε
2125 2896 2207 2938 fmi-

1166 2958 1265 3005 πίου,
1286 2974 1336 2995 τι)
1366 2958 1526 3011 συντόμῳ
1547 2958 1649 3009 μόνον
1674 2958 1928 3011 διαφέρουσαν,
1961 2975 2020 2997 και
2046 2958 2098 2996 δ’τι
2122 2960 2186 3010 οὐχ
2199 2989 2208 3005 ,

1167 3015 1286 3068 ὥσπερ
1309 3017 1452 3064 ἐκεῖνος,
1473 3016 1564 3054 οὕτω
1590 3017 1662 3055 καὶ.
1684 3021 1781 3061 οὗτος
1809 3018 2014 3069 Στελίχωνα
2043 3016 2206 3068 διασύρει.

1167 3074 1225 3113 'la
1245 3074 1273 3111 δ’
1295 3074 1386 3112 ἄλλα
1410 3074 1502 3113 κατα
1519 3074 1582 3121 τὴν
1601 3075 1758 3127 ἱστορίαν
1777 3075 1900 3127 σχεδόν
1925 3091 1958 3112 τι
1986 3077 2004 3113 ὃ
2030 3074 2130 3118 αὐτὸς
2149 3073 2209 3112 καὶ

1170 3132 1323 3183 μάλιστα
1354 3135 1388 3171 ἐν
1419 3139 1494 3176 ταῖς
1522 3149 1589 3170 των
1626 3133 1778 3171 ευσεὸῶν
1816 3133 1986 3185 βασιλέων
2017 3133 2206 3174 διαοολαῖς.

1168 3195 1272 3231 Δοκεῖ
1296 3192 1332 3230 δέ
1349 3209 1408 3243 μοι
1424 3194 1483 3231 καὶ
1501 3197 1595 3236 οὗτος
1621 3192 1680 3230 δύο
1701 3191 1850 3235 ἐκδόσεις
1864 3223 1874 3242 ,
1895 3191 2013 3243 ὥσπερ
2032 3192 2207 3239 κάκεῖνος,

1168 3251 1412 3297 πεποιηκέναι·
1432 3251 1522 3289 ἀλλα
1538 3251 1660 3289 τούτου
1676 3250 1737 3301 μὲν
1753 3249 1813 3297 τὴν
1830 3249 2000 3301 προτέραν
2021 3250 2082 3286 οὐκ
2099 3251 2208 3286 εἶδον·

1169 3310 1210 3356 ἣν
1231 3309 1264 3347 δὲ
1285 3309 1501 3360 ἀνέγνωμεν,
1529 3309 1701 3362 ἐπέγραρε
1721 3311 1819 3352 νέας
1841 3308 2052 3350 ἐκδόσεως
2066 3336 2074 3352 ,
2101 3306 2133 3350 ἐξ
2160 3310 2207 3343 ὧν

1173 3367 1365 3405 συαὸαλειν
1389 3362 1430 3414 ἧν
1449 3383 1507 3405 και
1526 3366 1646 3418 ἑτέραν
1669 3368 1763 3404 αὐτω
1774 3365 1921 3418 ,ὥσπερ
1941 3365 1999 3402 καὶ
2019 3380 2066 3401 τι)
2098 3366 2208 3402 Essu-
