2372 3704
116 265 191 297 5248

113 347 148 383 ἐν
164 338 212 387 οἷς
233 338 341 395 εἶπεν,
359 342 411 381 ὅτι
427 343 466 381 τὸ
483 342 673 395 ὑπέρτατον
688 345 765 396 4φῶς
783 343 899 382 πάντα
924 345 1154 399 ἐδημιούργη-

114 419 185 450 σεν,
201 402 286 455 ὅπερ
298 402 458 453 ὠνόμασε
479 401 628 449 Βουλὴν,
644 404 741 449 Φῶς,
758 403 872 450 Ζωήν·
888 407 999 441 ταῦτα
1016 404 1060 442 τὰ
1077 405 1156 458 τρία

113 461 269 512 ὀνόματα
290 462 372 512 μίαν
403 460 548 511 δύναμιν
579 460 779 510 ἀπεφήνατο
798 461 858 500 καὶ
886 462 920 500 ἓν
941 462 1066 515 κράτος
1096 467 1156 501 τοῦ

113 521 324 573 δημιουργοῦ
342 520 481 558 πάντων
499 523 590 559 θεοῦ.

611 619 670 656 14.

166 697 328 735 Suidas:
355 695 544 748 Ὀρφεύς.
575 695 660 734 e‘On
679 695 735 733 ἐπὶ
761 697 827 732 τῶν
855 695 951 747 παρὰ
978 695 1159 739 Ἰουδαίοις

115 755 269 807 Κριτῶν,
289 754 542 801 καταλυθείσης
570 757 631 800 τῆς
661 753 837 805 βασιλείας
855 752 1054 800 Ἀθηναίων,
1075 753 1160 803 'Op-

115 812 198 866 φεὺς
224 813 442 865 ἐγνωρίζετο,
472 812 575 865 σοφὸς
597 812 735 864 ἄριστος
758 813 939 862 γενόμενος
967 812 1027 850 καὶ
1047 811 1160 850 πολλὰ

116 871 291 924 μυστήρια
308 871 492 922 διδαχθείς.
515 870 691 923 Φέρονται
712 870 904 927 γὰρκαύτοῦ
925 869 984 907 καὶ
1001 870 1079 922 περὶ
1093 874 1160 908 620-

114 924 264 979 γνωσίας
281 928 396 979 λόγοι,
414 929 447 972 ἐξ
467 922 514 966 ὧν
529 928 594 966 εἶσὶ
612 931 738 966 ταῦτά.
755 928 844 966 lit-ce
861 926 929 978 γὰρ
945 926 998 964 ὅτι
1014 927 1162 979 ἐξαρχῆς

116 987 298 1039 ἀνεδείχθη
319 989 336 1025 ὁ
355 985 456 1039 αἰθὴρ
474 985 540 1024 ὑπὸ
560 989 619 1023 τοῦ
634 988 711 1023 θεοῦ
733 984 996 1036 δημιουργηθείς
1011 1000 1019 1008 ·
1035 986 1095 1023 καὶ
1113 988 1162 1023 ἐν·

115 1049 233 1084 τεῦθεν
261 1046 418 1084 κάκεῖθεν
441 1048 500 1082 τοῦ
523 1043 655 1095 αἰθέρος
676 1037 715 1090 ἦν
734 1043 838 1094 χάος,
858 1043 918 1081 καὶ
947 1042 1006 1087 νὺξ
1030 1043 1162 1096 φοὸερὰ

116 1105 232 1142 πάντα
250 1109 390 1155 κατεῖχε
405 1102 463 1141 καὶ
479 1102 654 1140 ἐκάλυπτε
669 1101 713 1140 τὰ
729 1101 795 1139 ὑπὸ
808 1101 865 1139 τὸν
880 1101 1000 1152 αἰθέρα
1010 1117 1018 1125 ·
1034 1102 1159 1152 σημαί-

117 1178 182 1200 νων
204 1161 265 1209 τὴν
285 1162 391 1200 νύκτα
409 1160 641 1214 προτερεύειν·
663 1160 808 1212 εἰρηκὼς
824 1159 1072 1207 ἀκατάληπτόν
1086 1175 1161 1198 τινα

116 1221 177 1258 καὶ
195 1221 335 1259 πάντων
349 1220 538 1272 ὑπέρτατον
555 1213 642 1257 εἶναι
660 1219 717 1256 καὶ
738 1219 1005 1271 προγενέστερον
1025 1218 1084 1256 καὶ
1102 1220 1161 1265 δη-

119 1279 280 1330 μιουργὸν
301 1277 479 1325 ἁπάντων,
495 1277 593 1328 τόνγε
613 1276 803 1329 ὑπέρτατον
827 1276 959 1328 αἰθέρα,
1011 1278 1081 1315 Καὶ
1103 1276 1162 1323 τὴν

117 1339 182 1387 γῆν
208 1330 301 1374 εἶπεν
322 1336 481 1388 ἀόρατον.
538 1335 677 1388 Ἔφησε
700 1335 735 1372 δὲ
755 1334 807 1372 ὅτι
826 1334 864 1372 τὸ
893 1337 962 1387 φῶς
982 1333 1087 1386 ῥῆξαν
1105 1335 1162 1372 τὸν

119 1394 238 1445 αἰθέρα
264 1394 411 1448 ἐφώτισε
436 1394 497 1440 τὴν
517 1397 580 1445 γ’ἧν
603 1394 664 1432 καὶ
681 1399 798 1431 πᾶσαν
818 1391 880 1439 τὴν
900 1393 1009 1431 κτίσιν
1023 1409 1031 1416 ·
1055 1395 1163 1431 ἐκεῖνο

119 1449 225 1490 εἰπὼν
241 1453 280 1491 τὸ
299 1456 389 1506 φῶς,
409 1452 448 1490 τὸ
466 1452 656 1504 ὑπέρτατον
674 1451 828 1501 πάντων,
849 1451 887 1489 τὸ
905 1450 1107 1502 ἀπρόσιτον,
1124 1450 1163 1489 τὸ

119 1511 234 1549 πάντα
255 1511 415 1564 περιέχον
430 1526 438 1534 ·
455 1511 539 1564 ὅπερ
568 1510 730 1559 ὠνόμασε
751 1509 899 1557 Βουλὴν,
918 1511 1023 1557 Φῶς,
1045 1511 1160 1558 Ζωήν.

119 1571 244 1608 Ταῦτα
261 1569 303 1607 τὰ
322 1571 399 1622 τρία
415 1571 569 1618 ὀνόματα
590 1569 671 1618 μίαν
694 1568 838 1618 δύναμιν
859 1569 1079 1620 ἀπεφήνατο,
1105 1568 1164 1606 καὶ

121 1627 155 1665 ἓν
177 1627 302 1680 κράτος
321 1632 379 1665 τοῦ
397 1628 609 1679 δημιουργοῦ
627 1627 766 1666 πάντων
788 1631 882 1674 θεοῦ,
902 1631 964 1664 τοῦ
989 1627 1103 1665 πάντα
1130 1629 1168 1665 ἐκ

121 1691 180 1724 τοῦ
205 1685 254 1736 μὴ
274 1686 368 1729 ὄντος
385 1685 648 1738 παραγαγόντος
667 1688 713 1729 εἷς
732 1685 771 1723 τὸ
793 1679 898 1734 εἶναι,
921 1686 1029 1736 ὁρατά
1050 1701 1087 1724 τε
1107 1685 1167 1723 καὶ

123 1744 271 1797 ἀόρατα.
294 1744 383 1796 Περὶ
403 1745 439 1782 δὲ
459 1749 518 1782 τοῦ
545 1744 660 1796 γένους
677 1747 743 1782 τῶν
769 1744 957 1796 ἀνθρώπων
975 1738 1085 1791 εἶπεν,
1115 1743 1167 1782 ὅτι

122 1803 182 1841 καὶ
199 1803 284 1842 αὐτὸ
301 1803 368 1840 ὑπὸ
382 1808 441 1841 τοῦ
459 1804 668 1855 δημιουργοῦ
682 1803 822 1840 πάντων
837 1803 895 1840 καὶ
907 1806 982 1841 θεοῦ
998 1803 1167 1850 ἐπλάσθη,

123 1862 183 1899 καὶ
201 1861 317 1914 ψυχὴν
337 1861 442 1899 ἔλαὸε
462 1860 619 1912 λογικὴν,
643 1862 878 1908 ἀκολουθήσας
900 1867 970 1905 τοῖς
990 1860 1167 1905 Μωσέως·

123 1920 183 1959 καὶ
202 1920 422 1971 ταλαίπωρον
443 1919 588 1970 εἰρηκὼς
607 1919 646 1957 τὸ
677 1919 771 1970 γένος
800 1922 868 1958 τῶν
902 1919 1090 1972 ἀνθρώπων
1110 1919 1170 1958 καὶ

122 1979 262 2022 πολλοῖς
290 1978 513 2028 ὑποκείμενον
534 1978 660 2016 πάθεσι
690 1980 847 2030 ψυχικοῖς
872 1994 909 2016 τε
929 1978 989 2016 καὶ
1009 1994 1169 2028 σωματι-

124 2041 215 2084 κοῖς,
245 2035 400 2074 δεκτικόν
419 2051 455 2073 τε
476 2038 613 2086 ἀγαθῶν
633 2037 692 2074 καὶ
722 2039 880 2089 πονηρῶν
902 2036 1028 2089 ἔργων,
1047 2037 1106 2075 καὶ
1126 2036 1170 2075 τὰ

124 2095 208 2148 πρὸς
231 2094 269 2132 τὸ
290 2098 348 2142 ζῆν
371 2093 497 2138 ἀθλίως
516 2094 744 2146 διακείμενον.

614 2189 678 2228 15.

176 2269 308 2306 Codex
332 2269 428 2305 1630
458 2283 466 2304 t
490 2267 550 2306 Ἐν
576 2268 645 2311 τοῖς
668 2269 782 2310 αὐτοῖς
801 2268 972 2320 χρόνοιςὸ
999 2268 1173 2319 Μαρσύας

127 2325 260 2376 ἐγένετο
277 2325 442 2375 αὐλητὴς,
460 2326 520 2363 καὶ
538 2325 582 2364 τὰ
595 2325 686 2364 κατὰ
699 2326 757 2364 τὸν
772 2326 912 2366 Ἰάσονα
930 2327 990 2365 καὶ
1005 2325 1082 2370 τοὺς
1096 2327 1128 2365 Ἀ
1136 2342 1172 2378 ρ-

127 2384 295 2435 γοναύτας
316 2385 492 2436 ἐπράχθη,
517 2383 549 2422 οἳ
575 2385 869 2436 προσορμίσαντες
889 2387 923 2423 ἐν
956 2387 1095 2438 Κυζικῷ
1114 2385 1173 2422 καὶ

131 2441 219 2491 μετὰ
249 2442 288 2478 τὸ
326 2441 509 2488 ξενωθῆναι
540 2442 630 2480 κατὰ
667 2442 808 2494 ἄγνοιαν
843 2443 1079 2492 συμὸαλόντες
1114 2443 1174 2481 καὶ

131 2499 305 2543 ἀνελόντες
323 2500 469 2544 Κυζικὸν
487 2500 544 2538 τὸν
567 2501 712 2552 βασιλέα
726 2531 735 2548 ,
751 2502 811 2539 καὶ
826 2502 1069 2548 πενθήσαντες,
1084 2502 1175 2540 ἔκτι-

132 2574 195 2595 σαν
219 2560 308 2610 ἷερον
331 2560 377 2602 εἷς
400 2558 540 2608 μνήμην
558 2561 681 2606 αὐτοῦ,
709 2559 836 2597 ἐκεῖθέν
852 2576 888 2598 τε
906 2560 1111 2604 ἀπελθόντες
1128 2562 1176 2604 εἷς

172 2672 224 2702 Fr.
246 2672 294 2701 14.
313 2670 362 2701 cf.
387 2671 516 2702 Malalas
533 2680 563 2711 p.
587 2674 626 2703 7⁴
643 2680 710 2711 sq„
723 2671 888 2703 cedrenus
902 2681 934 2712 p.
954 2675 1024 2704 147.

913 256 1125 297 JOANNIS
1153 256 1467 297 ANTIOCHENI

1218 344 1260 383 τὰ
1279 345 1477 396 καλούμενα
1495 345 1610 385 Πύθια
1630 347 1741 397 θερμὰ
1757 344 1817 384 καὶ
1837 346 2059 390 θυσιάσαντες
2073 346 2264 400 ἐπηρώτων

1218 403 1275 441 τὸν
1295 403 1498 442 Ἀπόλλωνα
1516 402 1605 447 τίνος
1630 403 1705 442 ἐστὶ
1731 403 1770 441 τὸ
1788 403 1877 456 ἱερὸν
1902 403 1988 456 ὅπερ
2016 405 2113 444 αὐτοὶ
2132 406 2265 459 ᾠκοδό-

1220 477 1351 512 μησαν.
1378 461 1450 501 Καὶ
1480 461 1579 508 ἐδόθη
1613 464 1728 505 αὐτοῖς
1757 462 1915 514 χρησμὸς
1938 463 2109 515 περιέχων
2135 465 2264 508 οὕτως·

1224 539 1241 554 (ι
1265 519 1389 566 Ἀδαὴς
1416 519 1501 572 κόρη
1528 519 1648 570 ἔγκυος
1667 519 1783 558 ἔσται·
1811 523 1828 558 ὁ
1851 521 1917 574 γὰρ
1947 521 1981 566 ἐξ
2002 525 2107 569 αὐτῆς
2134 523 2265 575 προῖὼν

1222 578 1358 616 ἅπαντα
1377 577 1511 638 κόσμογ,
1525 578 1706 631 ζωγρήσας
1718 579 1826 628 πατρὶ
1838 579 2002 630 προστάξει
2018 581 2140 633 δῶρον·
2158 583 2267 628 αὐτῆς

1223 637 1320 675 ἔσται
1341 636 1445 686 δόμος
1472 639 1582 678 οὗτος.
1606 636 1728 688 Μαρία
1749 636 1784 674 δὲ
1803 636 1955 686 τοῦνομα
1976 639 2094 684 αὐτῆς,
2118 657 2134 672 u
2163 641 2210 678 Οἱ
2231 639 2267 678 δὲ

1221 694 1424 744 νομίσαντες
1451 693 1530 746 περὶ
1561 693 1666 738 Ῥέας
1686 698 1796 733 ταῦτα
1823 695 2007 746 λελέχθαι,
2035 695 2268 747 ἐπωνόμασαν

1223 752 1325 791 αὐτὸν
1344 755 1406 799 τῆς
1428 752 1544 796 Ῥέας.
1566 751 1693 796 (Όστις
1711 746 1801 796 οἶκος
1823 753 1879 790 ἐπὶ
1901 753 2060 800 Ζήνωνος
2077 758 2138 793 τοῦ
2164 758 2268 807 βασι-

1222 811 1323 861 λέως,
1339 810 1507 858 ἐκκλησία
1523 810 1642 861 γέγονε
1657 813 1716 856 τῆς
1731 810 1910 858 δεσποίνης
1923 813 2023 860 ἡμῶν
2037 811 2096 849 καὶ
2109 812 2269 852 θεοτόκου

1225 869 1378 921 Μαρίας.
1437 869 1478 920 (2)
1495 868 1651 908 Ἐκεῒθέν
1667 884 1704 906 τε
1721 868 1948 913 ἀναπλέοντες
1962 869 2018 907 διὰ
2033 873 2094 917 τῆς
2110 870 2270 916 Βιθυνίας

1225 927 1427 979 ὡρμημένοι
1457 926 1520 974 τὴν
1553 926 1728 974 Ποντικὴν
1750 928 1960 978 διαπεράσαι
1985 929 2177 977 θάλασσαν,
2209 929 2270 968 καὶ

1227 986 1419 1038 φθάσαντες
1438 986 1518 1038 περὶ
1536 986 1593 1024 τὸν
1612 986 1825 1036 καλούμενον
1846 987 2050 1035 Ἀνάπλουν,
2067 987 2195 1038 ἔμαθον
2216 988 2269 1027 ὅτι

1224 1044 1263 1082 τὸ
1282 1045 1398 1083 στενὸν
1426 1045 1536 1082 ἐκεῖνο
1558 1048 1620 1091 τ’ἧς
1639 1045 1816 1091 θαλάσσης
1843 1045 2015 1098 βάρὸαρός
2042 1062 2092 1089 τις
2118 1043 2270 1096 Ἄμυκος

1225 1103 1365 1154 κατέχει
1383 1103 1443 1140 καὶ
1469 1103 1547 1146 τοὺς
1574 1103 1741 1147 πλέοντας
1765 1103 1924 1155 λῃστεύει
1944 1104 2004 1141 καὶ
2027 1103 2180 1156 φονεύει,
2209 1105 2271 1142 καὶ

1225 1161 1479 1214 καταφυγόντες
1500 1163 1534 1199 ἐν
1553 1162 1674 1214 κόλπῳ
1694 1162 1879 1214 δασυτάτῳ
1897 1161 2082 1200 ἐθεάσαντο
2101 1164 2136 1201 ἒν
2158 1164 2271 1201 ὄπτα-

1226 1219 1284 1272 σία
1303 1218 1380 1257 τινὰ
1406 1218 1555 1272 φοὸερὰν
1575 1219 1744 1272 [ἀνδρὸς]
1766 1219 1881 1258 εἰκόνα
1902 1221 2002 1258 ἀετοῦ
2024 1220 2160 1272 ἔχοντος
2186 1221 2271 1259 πτέ-

1227 1292 1329 1328 ρυγας
1343 1277 1434 1315 κατὰ
1451 1280 1518 1315 τῶν
1535 1278 1655 1328 ὤμων,
1671 1279 1956 1330 προθεσπίζοντος
1969 1280 2084 1322 αὐτοῖς
2100 1281 2162 1325 τὴν
2178 1278 2270 1317 κατὰ

1227 1334 1375 1385 Ἀμύκου
1396 1335 1505 1382 νίκην.
1528 1336 1773 1386 Συμὸαλόντες
1790 1341 1871 1387 γοῦν
1894 1339 2072 1388 ἀναιροῦσι
2090 1336 2148 1375 τὸν
2166 1336 2270 1387 Ἄμυ-

1226 1409 1297 1441 κον,
1311 1395 1371 1432 καὶ
1387 1395 1665 1447 ὑποστρέψαντες
1682 1395 1911 1446 ᾠκοδόμησαν
1929 1397 1963 1433 ἐν
1979 1394 2099 1448 ἐκείνῳ
2112 1398 2162 1447 τῷ
2174 1395 2272 1449 τόπῳ

1226 1452 1329 1504 ἱερὸν,
1352 1455 1545 1505 γράψαντες
1571 1455 1605 1491 ἐν
1635 1454 1738 1491 εἰκόνι
1764 1453 1848 1506 ὅπερ
1868 1448 1955 1491 εἶδον
1976 1454 2191 1503 ἐκτύπωμα,
2212 1454 2270 1492 καὶ

1226 1511 1456 1560 ὀνομάσαντες
1475 1513 1532 1548 τὸν
1551 1513 1657 1550 τόπον
1677 1511 1869 1551 Σωσθένιον
1882 1529 1890 1536 ·
1916 1512 2001 1560 ὅπερ
2027 1511 2118 1564 ἱερὸν
2137 1511 2272 1564 χρόνοις

1229 1569 1370 1622 ὕστερον
1388 1573 1406 1607 ὃ
1422 1573 1481 1608 τοῦ
1498 1572 1686 1614 Βυζαντίου
1710 1571 1870 1622 βασιλεὺς
1889 1572 2150 1613 Κωνσταντῖνος
2166 1574 2184 1608 ὁ
2201 1571 2272 1616 μέ-

1227 1643 1290 1678 γας
1324 1629 1369 1671 εἰς
1403 1626 1511 1676 ὄνομα
1543 1632 1601 1666 τοῦ
1634 1628 1850 1681 ἀρχαγγέλου
1888 1627 2036 1680 Μιχαὴλ
2069 1628 2267 1679 ὠνόμασεν.

1230 1688 1270 1736 (3)
1284 1685 1440 1724 Ἐκεῖθεν
1455 1688 1485 1723 οἱ
1500 1686 1580 1736 περὶ
1596 1685 1734 1724 Ἰάσονα
1749 1686 1805 1724 διὰ
1820 1689 1880 1732 τῆς
1901 1688 2074 1732 Ποντικῆς
2094 1687 2272 1734 θαλάσσης

1230 1745 1275 1787 εἷς
1297 1743 1455 1795 Κολχίδα
1471 1747 1745 1796 παραγενόμενοι
1763 1744 1886 1783 ἔλαὸον
1903 1744 1965 1791 τὴν
1984 1745 2140 1791 Μήδειαν
2158 1746 2216 1782 καὶ
2234 1747 2273 1783 τὸ

1228 1806 1376 1854 χρυσοῦν
1402 1801 1586 1853 λεγόμενον
1607 1803 1706 1856 δέρας
1720 1833 1730 1850 ,
1749 1802 1833 1856 ὅπερ
1852 1799 1895 1850 ἦν
1914 1805 1977 1855 οὐχ
1993 1802 2111 1855 ὥσπερ
2129 1818 2273 1851 ποιητι-

1229 1863 1297 1903 κῶς
1318 1860 1480 1912 φέρεται,
1510 1860 1599 1899 ἀλλὰ
1622 1861 1755 1913 βιὸλίον
1785 1863 1819 1899 ἐν
1846 1862 1993 1914 δέρμασι
2016 1862 2271 1914 γεγραμμένον,

1229 1919 1389 1971 περιέχον
1407 1920 1499 1963 ὅπως
1517 1920 1568 1957 δεῖ
1582 1919 1736 1970 γίνεσθαι
1751 1918 1807 1957 διὰ
1820 1920 1972 1972 χημείας
1986 1919 2130 1972 χρυσόν.
2149 1921 2190 1971 (4)
2209 1920 2272 1959 Ἐν

1230 1975 1264 2013 δὲ
1282 1980 1324 2023 τῆ
1349 1978 1501 2027 Φρυγῶν
1517 1977 1617 2030 χώρᾳ
1640 1972 1682 2024 ἦν
1704 1977 1782 2015 τότε
1803 1979 1905 2031 Τρὼς
1928 1980 1946 2015 ὁ
1962 1977 2080 2030 πατὴρ
2093 1976 2192 2016 Ἴλου
2211 1977 2272 2015 καὶ

1231 2034 1466 2084 Γανυμήδους.

1283 2106 1313 2131 5.
1346 2092 1528 2143 Ἐγένοντο
1557 2092 1591 2131 δὲ
1610 2092 1700 2132 κατὰ
1731 2092 1809 2137 τοὺς
1829 2093 1953 2147 αὐτοὺς
1975 2092 2117 2146 χρόνους
2150 2093 2275 2147 Κριταὶ

1231 2152 1299 2187 τῶν
1313 2150 1491 2189 Ἰουδαίων
1505 2150 1728 2204 Χουσαρθὼμ
1742 2151 1883 2204 χρόνους
1896 2153 1936 2199 ζ’,
1948 2151 2121 2198 Γοθονοὴλ
2134 2152 2276 2204 χρόνους

1231 2208 1259 2246 ν’
1285 2210 1330 2259 (l.
1349 2209 1426 2260 μ’),
1450 2208 1595 2256 Γεδεὼν,
1623 2210 1775 2262 Ἰεφθάε,
1798 2210 1834 2254 ὃς
1863 2210 2051 2261 ταξάμενος
2070 2210 2108 2248 τὸ
2137 2212 2273 2262 πρῶτον

1233 2269 1434 2313 ὑπαντῆσαν
1465 2269 1560 2320 αὐτῷ
1581 2270 1615 2305 ἐν
1636 2270 1685 2319 τῷ
1715 2267 1796 2320 οἴκῳ
1817 2270 1922 2306 αὐτοῦ
1947 2267 2142 2315 καταθύειν,
2164 2268 2276 2305 ἀνεῖλε

1234 2326 1294 2371 τὴν
1314 2325 1485 2378 θυγατέρα
1504 2328 1628 2373 αὐτοῦ,
1660 2325 1832 2379 Σαμψὼν,
1851 2332 1931 2369 παῖς
1960 2325 2111 2372 Μανωὲ,
2137 2325 2173 2370 ὃς
2206 2325 2275 2364 ὑπὸ

1233 2383 1386 2428 Δαλίλας
1405 2384 1589 2431 ὓπεκλάπη
1613 2383 1671 2422 τὸν
1687 2388 1783 2435 νοῦν,
1803 2384 1863 2423 καὶ
1881 2388 1943 2432 τῆς
1963 2383 2184 2437 σωφροσύνης
2201 2383 2278 2433 ἅμα

1234 2443 1294 2481 καὶ
1319 2446 1380 2490 τῆς
1409 2443 1527 2495 ἰσχύος
1554 2442 1724 2488 ἐξέπεσεν·
1742 2443 1801 2482 καὶ
1822 2443 1923 2490 ἐδόθη
1944 2442 2083 2490 ἀλήθειν
2102 2444 2137 2481 ἐν
2153 2442 2272 2496 μύλῳ,

1235 2501 1372 2551 δέσμιος
1388 2504 1434 2545 εἷς
1452 2502 1568 2546 Γάζαν
1586 2502 1714 2554 ἀχθείς.

180 2718 232 2748 Fr.
257 2720 305 2748 15.
329 2717 534 2757 Μαρσύας]
558 2717 767 2750 Probabiliter
781 2728 821 2749 ex
845 2720 960 2750 Nostro
987 2719 1170 2758 fluxerunt,
1186 2727 1260 2758 quae
1286 2727 1336 2759 ap.
1357 2719 1488 2751 Suidam
1516 2727 1550 2750 v.
1573 2718 1722 2760 Μαρσύας
1742 2718 1890 2758 leguntur
1909 2731 1916 2749 :
1934 2717 1984 2749 Ἔν
2004 2719 2067 2752 τοῖς
2083 2716 2202 2758 χρόνοις
2217 2720 2278 2748 τῶν

134 2762 292 2794 Ἰουδαίων
314 2765 432 2803 Κριτῶν
457 2765 508 2794 καὶ
528 2764 674 2806 Μαρσύας
699 2765 818 2804 ἐγένετο
834 2765 945 2804 σοφὸς,
965 2765 1048 2801 ὅστις
1065 2766 1168 2806 ἐφεῦρε
1185 2766 1235 2796 δια
1253 2770 1403 2805 μουσικῆς
1422 2766 1531 2799 αὐλοὺ;
1559 2767 1620 2797 ἀπὸ
1646 2766 1796 2806 καλαμῶν
1814 2766 1868 2797 καὶ
1893 2765 2012 2806 χαλκοῦ
2027 2774 2035 2781 ·
2058 2763 2090 2798 ὃς
2119 2773 2278 2804 παραφρο-

138 2812 234 2848 νήσας
250 2811 367 2851 ἔρριψεν
389 2813 430 2847 εἰς
446 2812 587 2852 ποταμὸν
604 2812 712 2843 ἑαυτὸν
725 2835 734 2850 ,
749 2813 800 2842 καὶ
819 2812 978 2843 ἀπώλετο’
996 2814 1049 2843 καὶ
1065 2812 1231 2853 ὠνομάσθη
1246 2813 1263 2843 ὁ
1277 2813 1413 2852 ποταμὸς
1427 2812 1575 2852 Μαρσύας
1587 2820 1595 2828 ”
1609 2812 1676 2852 περὶ
1691 2811 1727 2842 οὗ
1745 2812 1837 2852 μῦθος
1854 2811 1972 2852 φέρεται
1985 2834 1992 2848 ,
2011 2810 2057 2840 ὅτι
2071 2809 2180 2841 ἑαυτὸν
2196 2809 2278 2840 ἀπο,

138 2858 258 2893 θεώσας
275 2858 428 2888 ἀπώλετο.
446 2859 534 2888 Κατὰ
549 2859 580 2889 δὲ
592 2859 662 2894 τοὺς
676 2859 786 2894 αὐτοὺς
802 2859 929 2899 χρόνους
948 2859 1068 2899 ἐγένετο
1083 2860 1136 2890 καὶ
1152 2859 1191 2890 τὰ
1204 2859 1285 2889 κατὰ
1300 2859 1352 2890 τὸν
1375 2858 1500 2890 Ἰάσονα
1516 2859 1568 2889 καὶ
1585 2859 1655 2894 τοὺς
1667 2858 1883 2899 Ἀργοναύτας,
1902 2859 1943 2893 ὡς
1959 2857 2157 2890 Ἀπολλώνιος
2173 2856 2190 2886 ὁ
2208 2855 2278 2886 Ῥό-

136 2903 199 2939 διός
215 2914 304 2943 φησι.
321 2904 453 2941 Λέγεται
470 2905 502 2935 δὲ
519 2905 610 2944 μῦθος
625 2907 635 2943 (
648 2906 668 2936 Ι.
683 2906 762 2944 λέγει
777 2905 808 2936 δὲ
825 2907 841 2936 ὁ
857 2907 926 2945 μῦθ.
940 2907 950 2945 )
963 2930 971 2943 ‚
986 2906 1032 2937 ὅτι
1051 2906 1174 2946 ἐξεδάρη
1187 2905 1247 2936 ὑπὸ
1265 2905 1462 2941 Ἀπόλλωνος.
1480 2905 1622 2940 Eundem
1640 2905 1670 2935 in
1688 2904 1820 2936 modum
1835 2904 1895 2935 sab.
1911 2904 2042 2934 narrant
2058 2902 2171 2933 Malaia
2191 2910 2221 2941 p.
2237 2905 2276 2934 76

138 2951 171 2982 et
189 2949 352 2980 cedrenus
378 2958 407 2988 p.
426 2951 499 2980 648.
515 2969 556 2976 -
573 2951 692 2988 ἀδαὴς
711 2951 805 2992 κόρη
825 2951 915 2992 κτλ]
934 2952 1065 2984 Plenius
1082 2953 1143 2983 hoc
1161 2952 1325 2983 oraculum
1349 2952 1469 2992 praehet
1486 2952 1592 2983 Malal.
1613 2961 1644 2991 p.
1666 2954 1717 2984 77.
1742 2951 1876 2983 Cedren.
1902 2959 1933 2990 p.
1955 2953 2015 2981 209
2037 2958 2085 2989 sq.
2110 2965 2152 2972 —
2172 2949 2279 2985 ὅστις

137 2998 283 3034 οἶκος...
300 2997 492 3034 ἐκκλησία
516 2999 666 3039 γέγονε]
694 3000 777 3036 ὅστις
804 3001 853 3031 ἐπὶ
879 3002 1018 3038 Ζήνωνος
1033 3004 1088 3032 τοῦ
1117 2999 1307 3042 β[ασιλε’ως]
1329 2998 1412 3034 οἶκος
1435 2999 1558 3038 γέγονε,
1584 2997 1696 3029 codex.
1718 2997 1840 3029 Mutavi
1862 3005 1902 3028 ex
1921 2995 2046 3027 Malaia.
2073 3014 2112 3021 -
2131 2993 2150 3034 ἓ
2184 2999 2212 3026 5.
2233 2997 2280 3026 De

140 3045 188 3076 his
203 3044 247 3075 ita
273 3045 350 3075 Exo.
368 3044 467 3075 Saltu.
487 3053 517 3083 p.
538 3048 618 3083 390,
640 3050 656 3076 2
679 3058 684 3064 ·
704 3048 742 3077 Οἱ
759 3046 954 3087 Ἀργοναῦται
983 3047 1033 3078 διὰ
1057 3048 1110 3078 τὸν
1134 3047 1266 3088 Ἀμύκου
1287 3046 1378 3082 φὸὅον
1404 3046 1434 3077 ἐν
1460 3046 1547 3077 δάσει
1572 3044 1721 3087 [κόλπῳ]
1747 3043 1991 3083 καταφυγόντες,
2015 3042 2095 3073 εἶδον
2125 3041 2278 3073 ὀπτασίαν

139 3093 289 3133 ἀγγέλου,
307 3092 342 3127 ὃς
365 3096 507 3131 προεῖπεν
525 3093 626 3129 αὐτοῖς
642 3093 728 3131 νίκην
741 3104 748 3111 ·
767 3097 818 3126 καὶ
836 3096 999 3132 ἐξελθόντες
1024 3098 1076 3128 καὶ
1095 3097 1273 3134 νικήσαντες
1288 3093 1422 3133 Ἄμυκον
1450 3092 1657 3133 ᾠκοδόμησαν
1673 3094 1718 3130 τῷ
1743 3091 1862 3131 φανέντι
1880 3090 1976 3130 ἱερὸν,
1998 3088 2206 3128 ὀνομάσαντες
2224 3089 2277 3119 τὸν

139 3138 235 3170 τόπον
257 3138 433 3174 Λαοσθένην
452 3138 641 3176 (Σωσθένιον
670 3140 701 3170 in
727 3141 800 3173 cod.
826 3147 902 3173 1630
927 3144 959 3173 et
987 3141 1130 3173 cedreno
1149 3151 1179 3183 p,
1199 3147 1276 3178 210,
1301 3144 1348 3172 15.
1373 3140 1503 3171 Malalas
1519 3148 1550 3179 p.
1578 3142 1639 3176 78,
1661 3142 1697 3170 19
1722 3138 1764 3169 ita
1790 3147 1799 3169 ε
1822 3138 2004 3171 καλέσαντες
2031 3136 2083 3167 τὸν
2106 3136 2199 3167 αὐτὸν
2225 3135 2280 3166 τό·

141 3196 199 3217 πον
215 3186 234 3223 ἢ
249 3186 285 3215 τὸ
309 3185 390 3224 ἱερὸν
407 3184 482 3215 αὐτὸ
500 3186 659 3222 Σωσθένην
673 3209 681 3224 ,
702 3187 776 3217 διότι
795 3188 858 3218 ἐκεῖ
873 3189 1016 3228 φυγόντες
1033 3189 1206 3225 ἐσώθησαν.
1231 3189 1380 3220 Attamen
1406 3186 1642 3217 Leostltenium
1657 3193 1769 3215 verum
1792 3192 1859 3215 esse
1883 3183 1942 3214 loci
1967 3190 2088 3213 nomen-
2105 3183 2215 3213 asserit
2242 3184 2276 3213 P.

141 3232 266 3273 Gyllius
285 3233 330 3262 De
351 3233 442 3271 Bosp.
462 3232 577 3263 Thrac.
606 3235 630 3263 ΙΙ
643 3257 651 3271 ,
671 3242 699 3263 c.
723 3236 757 3264 14
775 3236 806 3265 et
827 3237 892 3274 10).
914 3236 1062 3268 Pluribus
1082 3237 1151 3268 hoec
1175 3237 1339 3276 exponunt
1363 3233 1526 3265 cedrenus
1541 3234 1573 3264 et
1592 3231 1722 3266 Malalas
1737 3232 1759 3263 1.
1779 3231 1800 3262 Ι.
1817 3250 1859 3256 -
1882 3230 1901 3270 §
1930 3233 1959 3261 3.
1979 3228 2058 3260 Ead.
2077 3230 2158 3261 Exc.
2181 3228 2279 3260 Salm.

142 3290 174 3321 p.
195 3285 271 3316 390,
291 3284 310 3311 6
335 3291 342 3310 ε
363 3279 406 3310 Τὸ
424 3280 686 3319 μυθολογούμενον
711 3286 844 3321 χρυσοῦν
874 3283 959 3324 δέρας
986 3283 1102 3323 βιὸλίον
1119 3283 1156 3322 ἢν
1172 3284 1203 3315 ἐν
1219 3284 1342 3324 δέρματι
1358 3280 1588 3320 γεγραμμένον,
1612 3278 1754 3319 περιέχον
1769 3277 1854 3314 ὅπως
1879 3277 1926 3308 δεῖ
1945 3275 1994 3307 διὰ
2011 3275 2142 3316 χημείας
2167 3275 2282 3315 χρυσὸν

143 3326 332 3368 ἐργάζεσθαι.
353 3327 435 3357 Cum
454 3325 563 3356 codice
594 3330 672 3356 1630
689 3327 727 3357 ad
749 3327 881 3359 verbum
898 3330 1037 3361 concinit
1059 3330 1172 3362 Suidas
1204 3338 1235 3360 v.
1255 3329 1362 3369 Δέρας.
1381 3326 1469 3358 ldem
1487 3327 1558 3366 post
1587 3333 1619 3356 ν.
1644 3325 1695 3356 διὰ
1717 3324 1850 3365 χημείας
1871 3322 1986 3364 χρυσόν
2001 3322 2090 3353 addit
2113 3333 2121 3353 z
2147 3322 2280 3356 Εἰκότως

143 3373 198 3405 οὖν
215 3374 244 3404 οἱ
259 3371 329 3403 τότε
344 3375 477 3411 χρυσοῦν
493 3371 651 3412 ὠνόμαζον
671 3373 745 3403 αὐτὸ
762 3374 847 3414 δέρας
870 3375 919 3406 διὰ
935 3377 988 3413 τὴν
1005 3377 1155 3417 ἐνέργειαν
1174 3377 1227 3414 τὴν
1241 3376 1271 3412 ἐξ
1287 3374 1393 3406 αὐτοῦ.
1408 3374 1548 3404 Joannes
1561 3380 1617 3403 sua
1631 3370 1801 3410 sumpserit
1819 3378 1836 3401 e
1853 3369 1994 3401 charace
2008 3368 2018 3406 (
2030 3367 2068 3399 sr.
2091 3369 2126 3398 14
2138 3370 2148 3407 )
2159 3391 2167 3406 ,
2185 3375 2280 3406 quem

146 3420 187 3451 de
199 3419 260 3450 alia
273 3427 307 3449 re
320 3417 449 3449 Mnlalas
465 3417 572 3449 laudat
586 3427 616 3457 p.
633 3422 665 3449 81
679 3440 686 3447 .
706 3420 856 3451 Ceterum
870 3430 942 3460 quae
957 3422 1052 3454 modo
1066 3422 1198 3463 legimus
1211 3422 1250 3454 de
1266 3421 1347 3453 libro
1357 3419 1417 3452 isto
1433 3418 1578 3451 chemico
1588 3443 1596 3456 ,
1610 3426 1714 3457 neque
1730 3416 1860 3448 Malalas
1874 3424 1977 3455 neque
1991 3414 2151 3446 cedrenus
2173 3413 2280 3446 habet.

145 3478 185 3483 ——
201 3460 261 3501 §5.
275 3463 427 3494 Judicum
443 3464 555 3506 seriem
571 3473 715 3496 mancam
730 3475 795 3497 esse
813 3475 912 3507 pam,
