2314 3756
103 202 148 235 10
939 191 1153 232 EUNAPII
1170 188 1420 233 ‚SARDINAI

103 287 195 338 πίῳ,
216 284 430 325 ἐκδεδόσθαι.
454 281 577 335 Σαφὴς
597 280 632 319 δὲ
655 281 786 332 μᾶλλον
806 274 902 322 οὗτος
931 278 991 317 καὶ
1020 292 1139 316 συντο-

103 343 256 396 μώτερος
269 373 279 393 ,
296 343 414 394 ὥσπερ
431 340 561 393 ἔφημεν
571 369 582 387 ,
596 339 776 379 Εὗναπίου
789 353 798 362 ·
818 337 964 380 καὶτοῖς
979 335 1116 387 τρόποις
1127 363 1137 382 ,

102 403 131 439 εἰ
152 401 201 451 μὴ
221 400 364 440 σπάνιον
378 429 390 452 ,
408 401 447 438 οὗ
463 397 688 451 κεχρημένος.

437 516 679 554 ARGUMEN
685 515 804 551 TUM.

154 637 218 674 Fr.
243 648 258 670 1
269 663 277 671 .
293 636 406 670 Lnnu
420 645 545 677 Pium,
561 632 625 679 qui
641 641 760 677 usque
780 628 830 664 ad
842 629 862 663 J
867 627 980 663 uliani
994 626 1145 664 Caesaris

102 702 275 743 tempora
296 693 481 741 pertinet,
502 690 744 739 prooemium.
767 708 819 714 —
845 698 882 723 2.
903 686 1141 721 Am'elicmus.

102 753 267 790 Seleucis
286 751 375 787 avis.
401 770 454 778 —
475 750 510 787 3.
534 749 675 784 Probus·
696 747 874 795 (Cremna
894 745 933 779 in
951 744 1066 791 Lycia
1083 743 1147 778 ob·

103 810 232 858 sessa).
250 813 347 851 -—-4.
365 809 494 845 Carini
506 806 664 842 indoles.
675 825 726 831 ——
738 802 777 840 5.
793 798 1042 838 Diocletianus
1056 799 1147 835 fines

105 869 253 917 imperii
270 869 318 905 R.
336 867 452 902 muris
472 866 668 913 copiisque
696 861 837 898 firmat.
867 881 920 888 —-
940 860 975 896 6.
994 860 1093 895 Jovii
1111 865 1148 894 et

107 927 299 972 Herculii,
336 923 529 972 legionum
569 922 735 958 nomina.
775 940 828 947 —
873 931 911 964 7.
943 918 1145 961 Ablabius,

105 985 302 1034 praefectus
326 983 528 1032 praetorio,
558 993 581 1016 a
606 980 822 1015 Constantio
849 977 1037 1025 suppiicio
1066 974 1149 1011 affi-

107 1044 204 1079 citur
234 1042 367 1091 (337).
406 1062 458 1068 —
493 1039 530 1077 8.
568 1041 681 1075 me
713 1048 875 1073 summm
899 1033 1146 1083 prooemium.

105 1123 158 1129 —
179 1102 440 1138 Coma-nnus
466 1111 512 1133 m
540 1099 724 1132 JULIANUS
747 1096 872 1131 CAESAR
904 1106 912 1129 ε
936 1093 958 1128 8
985 1105 1020 1128 a.
1051 1092 1149 1130 Con-

105 1160 262 1194 stantius
289 1159 327 1192 in
347 1157 508 1193 Galliam
535 1156 712 1202 ablegans
739 1154 930 1188 Julianum
951 1151 1147 1196 Caesarem,

107 1218 250 1265 legatos
291 1227 495 1262 rerumque
540 1214 707 1248 omnium
749 1211 1071 1246 administratores
1115 1211 1149 1246 ei

107 1275 215 1310 addit
225 1274 446 1310 Marcellum
459 1279 496 1307 et
512 1271 711 1307 Salustium
732 1268 848 1318 (355).
861 1289 914 1295 —
925 1280 960 1315 9.
977 1268 1148 1304 Julianus

110 1333 316 1368 Germanos
335 1330 384 1365 ad
401 1333 693 1378 Argentoratum
708 1328 845 1376 proelio
865 1327 991 1362 fundit
1007 1325 1018 1375 (
1035 1325 1147 1376 357).

115 1413 161 1419 —
207 1403 267 1428 10.
302 1390 471 1424 Julianus
497 1395 628 1424 contra
657 1387 867 1425 Chamavos
907 1385 1151 1434 proficiscens

107 1449 213 1484 Saliis
243 1460 401 1497 parcere
436 1447 547 1494 jubet
581 1445 714 1495 (358),
747 1465 802 1473 --
840 1457 900 1482 11.
935 1444 1152 1482 Charietto-

105 1519 191 1542 nem
205 1533 216 1551 ,
252 1507 437 1541 latronem
470 1505 618 1541 Gallum
633 1531 644 1549 ,
683 1505 830 1539 socium
869 1503 942 1538 sibi
973 1502 1153 1552 adjungit

107 1572 239 1600 contra
262 1563 430 1610 Quados.
450 1583 501 1590 —
524 1575 584 1598 12.
605 1564 742 1598 Pacem
764 1562 963 1600 Chamavis
984 1563 1151 1611 petenti-

107 1623 176 1658 bus
197 1622 394 1666 concedit,
425 1621 556 1656 obside
588 1628 735 1656 retento
763 1619 842 1655 filio
871 1621 970 1668 regis
998 1622 1151 1669 captivo

109 1679 248 1729 (358).
280 1701 330 1710 ν-
362 1679 422 1716 13.
454 1679 700 1715 Badomarius
714 1707 723 1724 ,
745 1680 1021 1715 Germanorum
1041 1680 1152 1728 prin-

109 1751 196 1788 ceps
209 1739 417 1788 ,captivos
437 1739 630 1774 Romanos
647 1739 799 1773 Juliano
821 1738 1019 1774 restituere
1038 1751 1152 1774 recu—

109 1805 166 1834 sat
185 1795 321 1848 (359).
344 1819 396 1825 --
420 1801 479 1839 14.
504 1797 717 1835 Constantii
736 1798 775 1831 in
793 1798 987 1832 Julianum
1010 1797 1154 1833 invidia

110 1864 148 1893 et
163 1857 319 1893 insidiae.
341 1856 529 1904 Cyllenius
545 1856 700 1903 quidam
712 1885 722 1902 ,
743 1857 809 1903 qui
825 1856 966 1892 Juliani
982 1868 1043 1891 res
1063 1869 1153 1892 con-

111 1922 170 1950 tra
180 1915 408 1950 Alemannos
422 1922 541 1962 gestas
555 1915 770 1962 scripserat,
780 1922 824 1949 ut
836 1915 1003 1950 veritatis
1017 1927 1153 1963 parum

109 1973 297 2008 studiosus
312 1973 359 2008 ab
377 1974 459 2021 ipso
474 1973 614 2009 Caesare
628 1973 884 2020 redarguitur.
901 1993 951 1999 ——
969 1974 1154 2010 JUL1AN1Js

110 2043 326 2067 lMPERATOR
362 2042 371 2069 :
413 2030 473 2066 15.
507 2032 699 2080 Eunapius
726 2032 869 2076 rhetor,
901 2031 1045 2079 legatus
1076 2034 1155 2080 Ly-

110 2090 262 2135 dorum,
276 2090 438 2138 benigne
453 2090 500 2125 ab
520 2091 749 2138 imperatore
766 2089 954 2137 excipitur
974 2087 1088 2140 (361).
1103 2111 1155 2117 —

115 2148 174 2184 16.
211 2149 351 2184 Juliani
385 2149 425 2183 in
453 2148 609 2195 judiciis
642 2148 862 2184 exercendis
897 2148 1066 2196 aequitas.
1102 2170 1153 2176 ·—

115 2219 175 2252 17.
208 2207 389 2243 Salustius
425 2207 518 2242 aulae
552 2207 764 2255 praefectus.
794 2207 964 2242 Julianus
996 2207 1156 2243 Marcel-

111 2266 188 2301 lum
212 2266 252 2300 in
265 2265 411 2301 honore
425 2265 560 2300 habuit
573 2293 582 2308 ,
598 2267 664 2300 etsi
681 2265 801 2300 filium
822 2263 902 2311 ejus
920 2265 1156 2312 conjuratio-

112 2324 170 2359 ni's
195 2336 303 2359 reum
319 2324 506 2372 supplicio
534 2324 703 2359 affecerit
721 2323 855 2372 (362).
877 2344 929 2351 -
950 2324 1009 2361 18.
1032 2326 1156 2361 Hera—

114 2383 229 2418 elium
255 2382 429 2430 cynicum
457 2383 599 2430 scripta
625 2383 795 2417 oratione
818 2383 987 2418 Julianus
1014 2383 1155 2420 refuta-

113 2441 182 2478 vit.
200 2461 253 2466 —
276 2451 408 2487 19-22.
425 2441 563 2475 Juliani
587 2440 777 2488 expeditio
798 2440 960 2478 Persica.
985 2442 1156 2478 Julianus

114 2499 339 2546 Scytharum
353 2499 584 2534 incursiones
598 2500 723 2533 animo
735 2500 919 2547 praesagit.
938 2500 1034 2537 Ctesi
1038 2500 1156 2548 phon-

119 2558 167 2592 tis
198 2556 361 2594 obsidio.
392 2576 442 2583 —-
474 2555 537 2591 23.
569 2556 659 2591 Post
689 2564 850 2592 mortem
881 2558 1020 2592 Juliani
1045 2570 1158 2606 super

115 2614 279 2650 creando
299 2614 474 2663 principe
504 2615 746 2650 consultatio.
778 2613 791 2663 (
806 2614 1053 2663 Subjungitur
1072 2630 1156 2661 στη-

114 2669 307 2714 λιτευτικὸς
322 2669 413 2708 κατὰ
431 2670 624 2710 Εὐναπίου.
637 2672 646 2721 )
661 2695 707 2700 -
722 2677 784 2716 24.
799 2674 892 2708 Loci
907 2686 926 2708 e
940 2674 1157 2711 laudatione

112 2732 251 2767 Juliani
261 2730 371 2780 petiti
392 2744 400 2766 :
415 2732 554 2766 Juliani
567 2732 615 2767 ad
627 2732 841 2768 Oribasium
855 2733 1045 2768 medicum
1061 2746 1154 2777 vox,

114 2791 209 2826 Solis
224 2790 412 2826 adoratio.
435 2812 486 2819 —
510 2790 573 2828 25.
594 2792 799 2827 Libanium
819 2792 858 2826 in
871 2791 1015 2827 deliciis
1036 2792 1155 2829 habe-

113 2849 181 2884 bat
209 2849 401 2892 Julianus3
431 2848 471 2883 in
501 2850 747 2884 Proaeresium
775 2849 946 2884 infestior
976 2858 1070 2888 erat.
1103 2873 1156 2878 —

117 2907 178 2942 26.
198 2919 261 2952 27.
283 2906 448 2942 Oracula
471 2907 623 2942 Juliano
644 2907 747 2942 data.
765 2927 817 2933 -—
834 2908 900 2945 28.
923 2909 956 2942 Ε
975 2911 1058 2943 novi
1077 2910 1159 2944 libri

114 2968 307 3014 prooemio.
335 2964 396 3001 Ad
421 2977 495 3000 suae
523 2965 638 3014 ipsius
662 2977 721 3000 res
749 2966 866 3001 aetatis
892 2966 1157 3003 describendas

118 3023 302 3059 accedens
327 3030 462 3058 auctor
481 3031 521 3059 se
546 3025 716 3059 veritatis
743 3024 1056 3061 studiosissimum
1076 3027 1156 3063 sore

117 3082 334 3132 pollicetur.
356 3102 408 3108 —
421 3083 442 3117 J
445 3094 620 3120 ovuiws.
638 3085 784 3119 VALENs
799 3090 836 3118 et
851 3085 1157 3122 VALEmeuNus

118 3139 366 3189 (363-378):
401 3151 465 3188 29.
483 3141 764 3176 Valentinianus
797 3141 928 3178 Nicaeae
957 3143 994 3177 in
1027 3144 1156 3191 Bithy-

118 3200 179 3234 nia
208 3199 415 3246 imperator
437 3198 696 3246 proclamatur
718 3197 848 3247 (364).
873 3220 924 3226 —
949 3200 1010 3238 30.
1047 3202 1157 3236 Salu-

120 3257 225 3302 stius,
255 3256 454 3304 praefectus
468 3257 668 3304 praetorio,
697 3257 813 3292 homo
834 3258 1114 3305 integerrimus,
1137 3272 1157 3295 a

120 3326 269 3350 numere
288 3327 357 3350 suo
384 3322 613 3351 removetur.
636 3315 915 3351 Valentinianus
931 3317 1157 3353 Rhodanum

121 3374 175 3408 vel
211 3373 485 3421 Chrysaphium
517 3373 838 3409 archieunuchum
866 3373 1013 3420 judicio
1048 3388 1148 3410 con-

1205 277 1424 313 demnatum
1441 274 1600 311 cremari
1617 273 1740 320 jubet.
1758 295 1811 300 —
1828 273 1891 311 31..
1911 272 1972 312 32.
1990 275 2169 325 Procopii
2185 289 2245 314 re-

1204 335 1320 370 bellio
1343 333 1482 382 (365).
1512 353 1564 360 —
1588 332 1650 369 33.
1679 332 1829 368 Arbitio
1851 333 2048 369 Valentem
2067 335 2246 384 Procopii

1206 394 1338 440 coeptis
1353 393 1524 428 territum
1539 403 1583 426 ac
1600 389 1846 426 fluctuantem
1864 392 1975 439 erigit
1991 403 2035 427 ac
2050 392 2248 430 confirmat

1206 450 1217 499 (
1230 449 1339 500 365).
1354 471 1405 478 —
1424 449 1487 492 34.
1506 450 1645 485 Parum
1658 448 1779 483 abfuit
1797 449 1888 496 quin
1902 449 2038 497 proelio
2057 450 2106 486 ad
2120 451 2247 500 ssya-

1208 510 1280 544 tira
1299 509 1499 544 commisso
1520 507 1761 555 imperatoris
1794 508 1913 555 copiae
1944 508 1992 543 ab
2019 509 2246 554 Hormisda‚

1210 567 1387 614 Procopii
1423 566 1541 610 duce,
1576 565 1723 601 cladem
1761 566 1978 614 acciperent
2013 567 2023 613 (
2041 567 2116 603 366
2134 563 2162 617 ).
2196 588 2250 596 —

1210 623 1273 661 35.
1308 624 1504 674 Supplicia
1528 623 1575 659 de
1607 624 1768 659 consciis
1798 625 1978 672 Procopii
2010 632 2174 674 sumpta.
2195 646 2250 654 —

1211 680 1274 718 36.
1317 681 1506 725 AElianus,
1543 681 1710 718 Valentis
1749 681 1849 729 dux3
1885 680 1965 728 ejus
2001 682 2161 722 indoles.
2196 703 2251 712 —-·

1210 738 1272 784 37.
1307 739 1401 774 Belli
1430 739 1581 775 Gothici
1608 740 1678 775 sub
1712 741 1868 776 Valente
1898 741 2006 776 initia
2034 740 2168 791 (366.)
2197 762 2252 771 —

1212 797 1280 835 38.
1305 797 1498 833 Theodori
1516 798 1556 832 in
1574 799 1767 835 Valentem
1789 798 2003 845 conjuratio
2025 799 2037 849 (
2057 799 2130 846 374
2147 799 2176 850 ).
2198 822 2252 830 —-

1211 856 1275 904 39.
1297 857 1427 893 Festus
1440 883 1451 901 ‚
1467 857 1506 891 in
1521 857 1610 892 Asia
1622 858 1829 906 proconsul
1841 885 1851 903 ‚
1867 870 2014 894 summa
2029 858 2252 898 crudelitate

1209 916 1314 950 saevit
1332 916 1371 950 in
1397 927 1461 950 eos
1483 917 1549 962 qui
1568 916 1800 952 Theodoreae
1835 916 2109 964 conjurationis
2131 921 2252 967 parti-

1211 974 1312 1022 cipes
1329 973 1461 1018 fuisse,
1483 981 1658 1022 artesque
1687 977 1853 1024 magicas
1875 988 2051 1012 exercere
2069 977 2252 1014 videban-

1211 1039 1284 1070 tur.
1299 1033 1414 1068 Periit
1423 1034 1608 1069 'Maximus
1617 1033 1865 1083 philosophus
1879 1042 1916 1070 et
1926 1033 2122 1071 Coeranius
2133 1035 2250 1086 (374).

1212 1112 1264 1119 —·
1283 1097 1344 1135 40.
1364 1094 1562 1128 Perierunt
1580 1093 1669 1129 item
1683 1094 1896 1130 Simonides
1907 1121 1917 1139 ,
1935 1096 2121 1132 Patricius
2134 1103 2172 1132 et
2185 1098 2253 1133 fli-

1211 1151 1339 1186 larius.
1367 1170 1419 1178 —
1447 1155 1466 1193 4
1478 1164 1510 1189 1.
1540 1153 1598 1187 De
1627 1153 1771 1200 origine
1801 1155 2027 1189 Hunnorum
2041 1179 2052 1199 ,
2087 1166 2252 1202 quorum

1212 1209 1357 1257 impetu
1372 1210 1470 1257 pulsi
1487 1210 1602 1246 Gothi
1618 1211 1657 1245 in
1674 1212 1936 1247 Romanorum
1950 1212 2135 1248 ditionem
2147 1241 2158 1259 ‚
2179 1221 2257 1251 tra—

1210 1265 1312 1313 jecto
1332 1270 1447 1314 Istro,
1465 1269 1716 1318 confugerunt
1737 1269 1877 1319 (376).
1898 1291 1949 1298 —
1970 1275 2035 1314 42.
2056 1271 2118 1315 43.
2139 1273 2257 1310 Gothi

1212 1326 1250 1359 in
1277 1324 1369 1362 fines
1396 1328 1591 1363 Romanos
1620 1327 1772 1363 admissi
1793 1327 1900 1374 jussu
1918 1329 2105 1375 Valentis,
2134 1333 2257 1380 ruptis

1213 1383 1420 1420 foederibus
1454 1386 1653 1421 Thraciam
1688 1387 1763 1422 late
1788 1394 1950 1423 vastant.
1975 1408 2028 1415 —
2059 1392 2122 1432 44.
2150 1390 2257 1426 Mar-

1215 1443 1314 1492 ciani
1345 1445 1476 1482 virtus.
1506 1465 1559 1471 ——
1575 1444 1638 1486 45.
1666 1446 1851 1491 Musonii,
1870 1446 1966 1481 Asiae
1991 1450 2255 1495 proconsulis,

1214 1502 1279 1548 qui
1304 1503 1343 1537 111
1358 1502 1460 1538 bello
1486 1504 1654 1539 Isaurico
1677 1504 1816 1539 cecidit
1832 1503 1981 1555 (368),
1999 1505 2182 1545 laudatio.
2205 1529 2259 1537 -—

1215 1560 1279 1604 46.
1316 1562 1452 1598 Valens
1481 1562 1623 1597 bellum
1643 1570 1777 1598 contra
1797 1563 1942 1599 Gothos
1969 1571 2081 1612 parat
2114 1564 2238 1617 (378)

1213 1641 1267 1647 —-
1301 1624 1364 1666 47.
1399 1619 1661 1657 Sebastianum
1690 1634 1734 1657 ex
1773 1622 1883 1658 Italia
1913 1622 2078 1659 advocat
2091 1650 2101 1668 ,
2135 1626 2259 1663 virum

1213 1679 1384 1727 probum
1404 1686 1696 1729 strenuumque,
1732 1681 1794 1716 cui
1826 1681 1970 1717 bellum
1993 1682 2095 1718 istud
2126 1695 2260 1732 geren-

1215 1737 1308 1772 dum
1343 1739 1568 1776 committat.
1603 1760 1656 1766 -—
1674 1740 1931 1775 Tmzonosius.
1970 1739 2018 1782 48
2047 1754 2056 1776 :
2079 1741 2260 1778 Theodo-

1216 1796 1259 1830 sii
1279 1795 1442 1832 luxuria.
1458 1818 1511 1824 —-
1540 1801 1603 1846 49.
1632 1797 1766 1832 Infelix
1782 1809 1908 1832 rerum
1927 1798 2171 1846 publicarum
2189 1802 2259 1838 sub

1215 1853 1430 1890 Theodosio
1448 1862 1577 1893 status,
1596 1876 1647 1882 --
1664 1853 1726 1893 5ο.
1741 1856 2000 1904 Nicopolitani
2017 1857 2057 1892 in
2074 1858 2234 1909 Thracia
2247 1887 2258 1904 ‚

1216 1912 1281 1959 qui
1301 1913 1433 1949 Gothis
1453 1926 1492 1950 se
1510 1913 1695 1949 dederant
1707 1940 1718 1958 ,
1734 1913 1894 1949 irrident
1911 1915 2077 1962 reliquas
2093 1916 2261 1954 Thraciae

1217 1972 1388 2007 civitates
1407 1985 1474 2022 spe
1498 1974 1630 2008 auxilii
1650 1974 1876 2011 resistentes.
1902 1996 1948 2002 —
1970 1973 2034 2013 51.
2064 1977 2258 2024 Modares,

1216 2030 1379 2066 militum
1393 2031 1471 2067 dux
1482 2059 1492 2077 ,
1506 2039 1768 2080 strategemate
1783 2045 1872 2068 usus
1889 2029 2034 2070 Gothos
2046 2035 2086 2070 in
2100 2036 2262 2074 Thracia

1218 2088 1326 2124 clade
1346 2088 1465 2126 afficit
1494 2088 1635 2139 (379).
1661 2111 1715 2118 —
1734 2089 1796 2128 52.
1824 2092 1968 2137 Julius,
1990 2094 2030 2128 111
2049 2093 2136 2131 Asia
2154 2094 2231 2132 dux
2246 2122 2256 2141 ,

1216 2155 1388 2184 senatum
1418 2150 1881 2198 Constantinopolitanum
1910 2150 1958 2187 de
1987 2153 2151 2189 consiliis
2181 2153 2262 2191 Go-

1218 2207 1368 2243 thorum
1383 2234 1394 2252 ,
1411 2220 1483 2256 per
1500 2209 1662 2244 Orientis
1678 2209 1790 2244 urbes
1807 2208 2063 2258 dispersorum
2075 2238 2085 2256 ,
2105 2213 2262 2249 clancu-

1218 2267 1296 2301 lum
1313 2267 1491 2302 certiores
1505 2266 1619 2312 facit(
1633 2266 1747 2315 380).
1765 2288 1817 2294 —-
1830 2266 1893 2305 53.
1909 2268 2128 2318 Arbogastis
2141 2272 2261 2307 Fran-

1219 2326 1274 2370 ci,
1287 2337 1401 2372 quem
1422 2337 1500 2360 una
1519 2338 1606 2361 eum
1623 2325 1805 2361 Baudone
1825 2325 2026 2363 Gratianus
2045 2329 2260 2367 Tbeodosio

1219 2392 1352 2420 contra
1367 2384 1513 2421 Gothos
1544 2386 1684 2421 auxilio
1710 2386 1811 2421 misit
1836 2384 1931 2434 (381
1949 2383 1959 2435 )
1974 2413 1986 2435 ‚
2002 2399 2127 2423 mores
2146 2396 2184 2424 et
2201 2390 2262 2425 in-

1218 2444 1381 2491 genium.
1404 2463 1456 2470 —--
1482 2442 1545 2486 54.
1576 2444 1735 2479 Morbus
1763 2444 2033 2480 intestinorum
2045 2458 2117 2494 per
2133 2447 2262 2495 plures

1218 2501 1330 2537 urbes
1348 2501 1520 2536 homines
1546 2503 1747 2550 corripuit.
1773 2503 1863 2548 Quae
1894 2503 2085 2539 calamitas
2103 2517 2261 2555 compa—

1218 2566 1322 2595 ratur
1350 2572 1436 2595 cum
1456 2560 1529 2594 alia
1556 2572 1658 2606 quae,
1679 2561 1839 2596 Neronis
1859 2562 2115 2609 temporibus,
2133 2563 2257 2609 urbis,

1218 2619 1344 2654 nescio
1365 2617 1493 2664 cujus,
1514 2619 1648 2654 incolis
1665 2619 1817 2654 accidit.
1830 2639 1891 2680 Γ-
1904 2618 1970 2656 55.
1991 2620 2107 2656 Gothi
2122 2622 2162 2657 in
2179 2623 2262 2658 Ro-

1218 2687 1418 2711 manorum
1428 2676 1629 2724 imperium
1642 2675 1870 2722 trajicientes
1884 2677 2132 2715 Christianam
2146 2679 2261 2717 fidem

1218 2734 1469 2782 simulabant,
1495 2740 1538 2769 ut
1554 2734 1727 2770 fallerent
1748 2735 1995 2783 imperatores
2015 2737 2259 2779 Christianos.

1218 2813 1271 2820 —
1287 2791 1347 2829 56.
1362 2794 1541 2841 Magnum
1557 2793 1747 2828 asinorum
1761 2794 1831 2828 sub
1846 2794 2062 2831 Theodosio
2078 2798 2256 2845 pretium.

1218 2872 1271 2877 -
1291 2849 1353 2896 57.
1373 2852 1431 2887 De
1450 2850 1622 2886 Gratiani
1641 2851 1770 2886 indole
1793 2851 1803 2900 (
1820 2851 1933 2900 383).
1953 2874 2005 2880 —
2021 2852 2084 2891 58.
2105 2856 2259 2892 Maximi

1217 2908 1361 2944 bellum
1381 2922 1469 2944 cum
1486 2909 1681 2954 Barbaris,
1708 2910 1773 2957 qui
1793 2910 1832 2945 in
1850 2911 2009 2959 paludes
2027 2913 2259 2950 Macedoniae

1218 2979 1256 3002 se
1274 2973 1497 3015 receperant
1516 2966 1649 3016 (388).
1672 2968 1730 3003 De
1753 2967 1938 3004 dissoluto
1966 2969 2118 3018 imperii
2144 2978 2258 3010 statu.

1218 3047 1270 3053 —
1288 3025 1350 3074 59.
1366 3027 1544 3062 Tatianus
1558 3024 1713 3073 ejusque
1729 3024 1827 3062 filius
1842 3027 2025 3063 Proculus
2043 3027 2259 3076 (praefectus

1218 3085 1280 3120 ille
1302 3085 1571 3133 praetorianus,
1588 3084 1651 3119 hic
1670 3084 1862 3133 urbanus)
1882 3084 2010 3121 Rufini
2031 3085 2164 3123 fraude
2181 3089 2259 3124 cir-

1219 3143 1410 3178 cumventi
1427 3142 1437 3191 (
1451 3142 1562 3191 392).
1580 3164 1631 3170 —
1646 3142 1709 3178 60.
1724 3142 1815 3190 Conj
1822 3144 1945 3179 uratio
1956 3145 2176 3193 principum
2187 3146 2259 3183 Go-

1220 3201 1369 3236 thorum
1385 3213 1406 3236 a
1417 3201 1596 3237 Fravitha
1612 3213 1812 3249 suppressa
1831 3201 1966 3251 (392).
1984 3224 2033 3230 —-
2050 3202 2113 3238 61.
2137 3204 2253 3240 Theo-

1219 3260 1344 3295 dosius
1359 3259 1488 3308 paullo
1503 3266 1591 3308 post
1606 3266 1765 3294 mortem
1781 3261 1893 3296 Gallae
1911 3262 2038 3296 uxoris
2056 3262 2095 3296 in
2114 3262 2255 3298 bellum

1219 3325 1351 3353 contra
1374 3318 1584 3366 Eugenium
1613 3317 1882 3365 proficiscitur.
1913 3340 1966 3346 -—
1985 3322 2178 3357 Ancimus
2208 3334 2254 3357 m·

1220 3378 1419 3412 lloxomus
1443 3388 1451 3413 :
1476 3376 1540 3412 62.
1567 3376 1750 3411 Arcadius
1770 3384 1805 3413 ct
1826 3378 2018 3413 Honorius
2042 3379 2254 3415 Theodosio
