2326 3724
987 183 1319 224 FRAGMENTA.
1347 176 1350 180 '

80 275 181 326 λογον
211 266 299 312 εἶναι
326 272 384 311 τὸν
416 273 602 312 σπουδαῖον
633 271 717 324 [μὴ]
746 270 925 324 ἐξαγαγεῖν
952 269 1039 341 ὑπὲρ
1063 273 1125 317 τῆς

81 330 245 384 πατρίδος
272 330 408 383 ἑαυτὸν,
434 332 474 370 οὗ
507 329 574 383 γὰρ
609 329 822 369 ἅποὸάλλειν
855 329 918 377 τὴν
962 329 1126 382 φρόνησιν

82 389 184 429 ἕνεκα
199 393 262 438 τῆς
279 392 348 428 τῶν
369 389 524 443 ἀφρόνων
541 391 726 442 ὠφελείας’
745 382 833 427 εἶναί
848 403 885 427 τε
901 387 1053 440 πατρίδα
1068 386 1126 425 τὸν

83 448 229 500 κόσμον.
252 448 325 488 Καὶ
353 449 492 501 κλέψειν
511 464 549 486 τε
568 446 628 487 καὶ
649 446 846 500 μοιχεύσειν
866 446 926 485 καὶ
944 445 1128 507 ἱεροσυλή-

83 521 155 545 σειν
175 508 209 545 ἐν
226 509 356 559 καιρῷ·
374 505 481 557 μηδὲν
495 505 562 559 γὰρ
577 505 707 550 τούτων
729 504 829 558 φύσει
851 504 996 557 αἰσχρὸν
1020 498 1129 552 εἰναι,

82 568 145 612 τῆς
163 565 218 603 ἐπ’
238 566 353 609 αὐτοῖς
372 565 428 610 δόξ
430 581 470 612 ης
430 563 688 625 ηαῖρομένης,
705 563 728 611 ἣ
747 563 926 616 σύγκειται
951 562 1052 602 ἕνεκα
1068 565 1130 609 τῆς

83 625 153 662 τῶν
189 623 346 677 ἀφρόνων
384 626 543 676 συνοχῆς.
579 616 690 666 Οὗτος
722 621 936 661 ἐκινδύνευσέ
966 637 1050 660 ποτε
1084 622 1131 664 εἷς

84 678 219 734 Ἄρειον
238 681 350 733 πάγον
371 683 538 734 ἀχθῆναι,
561 683 590 720 εἶ
609 680 659 731 μὴ
688 680 888 734 Δημήτριος
906 683 924 719 ὁ
943 680 1132 733 Φαληρεὺς

86 739 189 779 αὐτὸν
221 740 409 794 ἐρρύσατο·
438 742 468 780 οἳ
491 739 528 778 δέ
555 754 640 793 φασι
668 739 728 778 καὶ
746 737 887 778 κώνειον
915 738 1018 777 αὐτὸν
1038 741 1130 777 πιεῖν

85 798 398 838 καταδικασθέντα.

138 870 187 898 34.
216 857 436 911 Θεόδωρος
455 857 557 901 ἄλλος
570 886 580 905 ,
603 855 754 907 Σάμιος,
773 855 958 895 συνεὸούλε
943 871 1040 895 ευσεν
1066 855 1131 895 ἅν-

86 919 215 970 θρακας
233 918 442 971 ὖποτεθῆναι
459 921 527 959 τοῖς
550 915 718 974 θεμελίοις
734 919 792 954 τοῦ
814 917 848 954 ἐν
873 913 1014 968 Ἐφέσῳ
1032 917 1129 953 ναοῦ.

89 973 272 1026 Καθύγρου
290 973 358 1028 γὰρ
383 974 497 1023 ὄντος,
519 973 603 1027 ἔφη,
622 976 682 1012 τοῦ
707 972 837 1024 τόπου,
855 972 932 1016 τους
959 972 1134 1025 ἄνθρακας

87 1031 127 1071 τὸ
146 1031 292 1078 ξυλῶδες
310 1031 572 1082 ἀποὸαλόντας,
586 1032 672 1071 αὗτὸ
688 1047 726 1070 το
742 1031 878 1085 στερεὸν
895 1030 1026 1074 ἀπαθὲς
1041 1029 1133 1083 ἔχειν

89 1090 200 1130 ὕδατα

143 1162 193 1190 35.
223 1149 525 1203 Θεόφραστος.
560 1147 712 1201 Λέγεται
742 1149 788 1192 εἷς
813 1147 877 1195 τὴν
905 1146 1132 1199 Θεοφράστου

89 1206 270 1261 διατριὸὴν
286 1213 406 1261 φοιτᾶν
426 1206 584 1258 μαθητὰς
601 1206 688 1258 πρὸς
696 1205 908 1258 δισχιλίους.

145 1419 194 1446 86.
233 1402 445 1450 Ἵππασος
461 1408 478 1444 ὃ
494 1406 753 1449 Μεταποντῖνος
772 1405 889 1457 ἔλεγε,
910 1406 1033 1460 χρόνον
1052 1408 1134 1456 ὡρι-

93 1464 218 1516 σμένον
237 1458 325 1503 εἶναι
343 1467 404 1512 τῆς
422 1468 482 1503 τοῦ
499 1463 632 1515 κόσμου
651 1463 867 1515 μεταὸολῆς,
892 1463 953 1502 καὶ
979 1477 1136 1515 πεπερα-

94 1523 219 1574 σμένον
237 1517 323 1562 εἶναι
341 1522 381 1562 τὸ
398 1528 467 1562 πᾶν
484 1521 544 1562 καὶ
563 1522 770 1569 ἀεικίνητον.

586 1620 634 1658 Κ.

148 1726 196 1753 37.
228 1714 262 1752 Κ
273 1728 295 1750 α
308 1713 436 1765 ρνεάδ
442 1727 490 1752 ου
507 1711 637 1757 Λίὸυος
653 1712 840 1766 φιλοσόφου
859 1711 1138 1760 τελευτήσαντος,

93 1773 115 1818 ἡ
133 1771 258 1819 σελήνη
278 1770 411 1816 ἐξέλιπε
430 1771 489 1810 καὶ
505 1773 523 1809 ὃ
539 1770 634 1818 ἥλιος
658 1770 808 1823 ἀμυδρὸς
827 1770 976 1822 ἐγένετο.

147 1844 196 1870 38.
230 1830 385 1883 Κράτη
397 1847 412 1874 ς
442 1829 503 1869 καὶ
529 1829 702 1879 Πολέμων
734 1828 841 1874 οὕτως
871 1829 1042 1883 ἐφιλείτην
1075 1831 1138 1869 ἀλ-

93 1885 211 1935 λήλω,
227 1887 318 1926 ὥστε
338 1887 398 1926 καὶ
415 1890 520 1933 ζῶντε
536 1889 574 1927 οὗ
593 1887 696 1939 μόνον
712 1890 780 1926 τῶν
795 1889 907 1926 αὐτῶν
927 1887 1039 1936 ἤστην
1061 1891 1139 1927 ἔπι-

94 1945 335 1996 τηδευμάτων,
359 1947 449 1985 ἀλλὰ
479 1946 540 1985 καὶ
569 1946 674 1999 μέχρι
698 1945 822 1999 σχεδὸν
851 1949 1027 1995 ἀναπνοῆς
1054 1946 1140 1992 ἐξω-

100 2003 274 2055 μοιώσθην
308 2005 486 2053 ἀλλήλοιν,
519 2005 580 2044 καὶ
616 2004 755 2043 θανόντε
789 2007 851 2053 τῆς
885 2006 995 2053 αυτῆς
1028 2009 1141 2059 ταφῆς

99 2062 329 2111 κοινωνείτην.
357 2062 482 2104 Ἔνθεν
511 2063 573 2102 καὶ
604 2063 826 2116 ’Ἀρκεσίλαος
851 2063 1024 2114 μετελθὼν
1043 2064 1141 2117 παρὰ

99 2120 326 2173 Θεοφράστου
330 2121 434 2194 Νπρὸς
460 2121 603 2169 αὐτους,
626 2121 758 2174 ἔλεγεν,
787 2124 833 2166 ὡς
860 2125 926 2160 εἶεν
955 2122 1025 2161 θεοί
1055 2138 1143 2167 τινες

96 2177 120 2225 ἢ
138 2178 286 2231 λείψανα
306 2181 374 2216 τῶν
394 2180 433 2217 ἐκ
449 2183 510 2218 τοῦ
529 2183 659 2232 χρυσοῦ
682 2178 814 2232 γένους.
838 2179 909 2219 Καὶ
936 2179 1004 2232 γὰρ
1030 2180 1140 2229 ἤστην

99 2239 138 2275 οὖ
157 2236 416 2290 φιλοδημώδεε,
438 2238 515 2276 ἀλλ’
534 2233 604 2277 οἷον
625 2237 881 2291 Διονυσόδωρόν
901 2254 986 2277 ποτε
1002 2238 1060 2277 τὸν
1078 2240 1144 2276 αὖ-

100 2294 211 2342 λητήν
224 2310 346 2361 φασιν
375 2297 496 2344 εἰπεῖν,
525 2296 776 2348 σεμνυνόμενον
798 2297 856 2335 ἐπὶ
876 2299 926 2350 τῷ
946 2297 1054 2347 μηδὲν
1074 2299 1143 2335 τῶν

98 2346 303 2400 κρουμάτων
325 2350 428 2387 αὐτοῦ
447 2349 529 2400 μητ’
555 2350 613 2388 ἐπὶ
638 2349 797 2403 τριήρους
823 2349 904 2401 μήτ’
907 2336 982 2389 ἐπὶ
1010 2350 1141 2403 κρήνης

100 2405 308 2454 ἀκηκοέναι,
331 2406 487 2460 καθάπερ
504 2407 698 2458 Ισμηνίου.

153 2476 200 2502 39.
231 2463 442 2517 Κράντωρ
471 2467 489 2503 ὁ
521 2464 652 2508 Σολευς
671 2465 862 2517 ἐθαύμαζεν
889 2464 1053 2519 “Ομηρον
1084 2467 1144 2505 καὶ

102 2521 310 2575 Εὐριπίδην,
326 2524 436 2574 λέγων
450 2524 596 2575 ἐργῶδες
607 2518 740 2576 [εἶναι’
726 2540 759 2563 εν
773 2527 822 2577 τῷ
836 2524 958 2596 κυρίῳ]
972 2540 1144 2578 τραγικως

101 2595 159 2618 και
180 2583 372 2630 συμπαθῶς
388 2581 540 2634 γράψαι,
559 2583 619 2621 καὶ
633 2582 841 2636 προεφέρετο
859 2583 916 2622 τὸν
943 2583 1063 2636 στίχον
1086 2583 1143 2622 τὸν

101 2637 142 2675 ἐκ
158 2641 216 2676 τοῦ
231 2639 507 2692 Βελλεροφόντου
521 2655 530 2665 ·

184 2724 292 2767 otum.
304 2746 345 2753 —
364 2726 406 2759 Τί
422 2727 448 2759 δ’
463 2727 567 2769 οἶμοι;
584 2728 680 2767 θνητά
691 2739 738 2761 τοι
751 2728 958 2771 πεπονθαμεν

102 2793 175 2839 Ἦν
205 2800 241 2839 δὲ
274 2801 380 2845 δεινος
413 2805 725 2854 ὀνοματοποιῆσαι·
763 2807 907 2852 ποιητοῦ
943 2807 1024 2856 γοῦν
1058 2819 1147 2848 τινος

105 2858 227 2912 σκίφης
249 2860 392 2911 μεστοὺς
412 2866 499 2900 εἰναι
515 2879 594 2907 τους
611 2863 750 2915 στίχους
766 2879 865 2914 ειπε,
886 2863 946 2901 καὶ
968 2861 1029 2906 τὰς
1055 2865 1146 2903 Θεο-

105 2919 259 2972 φράστου
275 2919 384 2964 θέσεις
399 2920 530 2974 ὀστρέῳ
545 2921 748 2975 γεγράφθαι.

158 2990 208 3018 40.
241 2978 471 3027 Κλεάνθης
490 2982 508 3018 ὁ
529 2980 686 3031 μαθητὴς
706 2978 887 3033 Κράτητος
904 2982 1065 3019 τοσοῦτον
1091 2978 1147 3030 γέ-

107 3051 184 3087 γονε
209 3036 407 3090 φιλόπονος,
433 3040 480 3082 ὡς
509 3038 568 3076 καὶ
593 3038 748 3091 δεύτερος
773 3038 953 3092 Ἡρακλῆς
971 3052 1148 3090 προσαγο-

109 3097 285 3145 ρευθῆναι·
304 3094 393 3146 μὴ’
374 3111 464 3147 εχων
484 3095 551 3148 γὰρ
577 3096 652 3135 ὅθεν
674 3097 841 3150 τραφείη,
857 3096 919 3141 τὰς
942 3096 984 3148 μὲ
970 3113 1003 3134 ν
1023 3096 1149 3139 νύκτας

106 3149 222 3197 ἤντλει
250 3151 341 3205 ὕδωρ
362 3157 504 3203 μισθοῦ,
531 3157 605 3205 μεθ’
628 3156 764 3207 ἡμέραν
787 3155 823 3193 δὲ
851 3156 920 3199 τοῖς
946 3154 1149 3205 μαθήμασιν

107 3209 310 3275 ἔσζόλαζεν,
329 3210 403 3249 ὅθεν
422 3211 652 3263 ἐπωνομάσθη
661 3213 882 3279 Φρεάντλης.
903 3216 1016 3256 Οὗτος
1028 3212 1066 3250 τὸ
1081 3211 1151 3250 ἀπο

107 3265 168 3299 τοῦ
187 3262 295 3301 κόπου
315 3265 421 3301 αὐτοῦ
442 3265 609 3317 συναχθὲν
630 3265 743 3317 κέρμα
761 3268 808 3309 εἷς
828 3282 871 3316 με
864 3265 932 3304 ’σον
951 3265 1036 3303 ποτὲ
1059 3267 1149 3316 ἀγα-

2151 196 2223 230 167

1186 277 1246 310 sibi
1266 278 1342 318 ipsis
1356 277 1534 318 sufficiant,
1551 277 1661 310 amicis
1677 286 1742 310 non
1755 279 1906 320 indigere.
1921 281 2046 313 Rationi
2059 282 2230 314 convenire

1186 335 1313 368 dicebat
1329 335 1519 377 prudentem
1542 336 1647 368 virum
1675 345 1740 368 non
1760 345 1794 369 se
1821 337 1925 378 ipsum
1947 347 2005 379 pro
2015 340 2117 380 patria
2134 341 2231 372 morti

1187 394 1326 434 objicere
1339 404 1348 426 z
1360 403 1465 435 neque
1477 394 1562 426 enim
1579 403 1637 435 pro
1656 394 1871 436 insipientium
1886 396 2062 429 commodis
2080 399 2230 430 amitten-

1187 452 1262 485 dam
1281 461 1350 485 esse
1371 452 1586 493 prudentiam.
1609 455 1748 494 Esseque
1775 453 1913 494 patriam
1943 455 2110 488 mundum.
2134 458 2233 489 Furto

1188 520 1317 553 quoque
1327 513 1360 544 et
1372 511 1530 544 adulterio
1540 513 1573 544 et
1582 511 1762 552 sacrilegio,
1782 521 1884 552 quum
1899 513 2129 553 tempestivum
2154 515 2232 553 erit,

1189 579 1323 602 usurum
1340 570 1527 611 sapientem.
1545 570 1631 603 Nihil
1646 570 1764 611 quippe
1788 571 1905 602 horum
1923 572 2017 612 turpe
2028 573 2143 604 natura
2155 582 2234 613 esse,

1189 628 1215 661 si
1227 629 1360 661 tollatur
1374 628 1517 670 vulgaris
1532 628 1572 661 de
1585 628 1624 661 iis
1636 629 1755 669 opinio,
1770 637 1844 669 quae
1857 628 1897 660 ad
1914 630 2163 670 compescendos
2175 632 2235 662 sto·

1190 686 1270 719 lidos
1286 686 1453 727 constitit(
1469 689 1510 720 D.
1538 688 1582 727 ll,
1604 689 1657 727 86,
1673 690 1711 720 97
1729 696 1777 728 sq.
1793 687 1818 728 ).
1836 688 1899 720 Iste
1917 687 2090 728 aliquando
2115 688 2236 728 pericu-

1192 746 1260 777 lum
1273 745 1369 786 adiit,
1385 746 1423 778 ut
1440 745 1474 777 in
1495 748 1695 787 Areopagum
1712 745 1963 786 pertraheretur,
1977 746 2038 778 nisi
2058 748 2238 779 Demetrius

1192 804 1365 837 Phalereus
1377 813 1451 837 eum
1467 804 1643 836 discrimini
1653 804 1833 837 exemisset.
1849 806 1930 837 Sunt
1941 805 1997 845 qui
2007 805 2132 846 dicant,
2147 805 2237 837 illum

1191 863 1288 896 etiam
1303 862 1444 895 cicutam
1459 863 1599 896 hausisse
1603 862 1725 904 judicio
1738 863 1987 896 condemnatum
2006 864 2017 905 (
2031 867 2070 897 D.
2087 866 2128 904 ll,
2147 869 2198 896 101
2214 865 2236 903 ).

1234 924 1286 955 34.
1305 922 1499 956 Theodorus
1509 922 1591 955 alter
1607 921 1733 954 Samius
1748 922 1927 962 consuluit,
1953 924 1991 954 ut
2004 923 2115 964 templi
2138 923 2237 963 Ephe-

1192 981 1254 1014 sini
1269 981 1485 1014 fundamentis
1501 981 1657 1014 carbones
1670 981 1962 1021 substernerentur,
1980 981 2067 1022 quod
2090 981 2161 1013 loco
2178 981 2239 1012 uli-

1193 1039 1303 1080 ginoso
1319 1040 1475 1073 carbones
1490 1040 1593 1081 lignea
1608 1040 1699 1072 exuti
1714 1040 1830 1072 natura
1843 1039 2039 1072 soliditatem
2061 1041 2241 1080 acciperent

1193 1099 1286 1140 aquis
1297 1099 1578 1141 inexpugnabilem
1592 1099 1604 1140 (
1617 1102 1656 1132 D.
1671 1101 1715 1140 11,
1734 1101 1790 1132 104
1805 1099 1828 1140 ).

1236 1161 1289 1192 35.
1311 1157 1578 1200 Theophrastus.
1608 1158 1711 1198 Hujus
1738 1158 1852 1191 ludum
1882 1158 2099 1199 frequentasse
2124 1157 2163 1188 ad
2192 1156 2241 1188 bis

1194 1216 1282 1248 mille
1294 1216 1456 1250 auditores
1471 1216 1649 1258 dicuntur(
1662 1220 1702 1249 D.
1718 1219 1759 1257 V,
1772 1220 1808 1250 37
1825 1219 1846 1256 ).

1687 1310 1752 1344 Hl.

1238 1414 1287 1442 36.
1309 1411 1484 1450 Hippasus
1511 1409 1748 1450 Metapontinus
1767 1409 1912 1448 dicebat,
1936 1411 2057 1442 statum
2071 1418 2139 1442 esse
2161 1410 2242 1441 inte-

1195 1467 1276 1499 ritus
1291 1467 1404 1499 mundi
1428 1467 1576 1508 tempus,
1594 1467 1764 1508 ipsumque
1788 1467 1976 1500 universum
2005 1468 2100 1500 certis
2118 1467 2243 1500 finitum

1196 1534 1263 1557 esse
1275 1525 1431 1566 terminis,
1445 1527 1601 1566 motuque
1613 1526 1807 1566 sempiterno
1822 1526 1897 1558 cieri
1918 1526 1929 1566 (
1947 1529 1986 1559 D.
2005 1529 2094 1566 Viti,
2111 1529 2150 1558 84
2167 1527 2189 1567 ).

1702 1622 1742 1656 C.

1241 1723 1292 1753 37.
1320 1718 1503 1752 Carneade
1517 1718 1636 1759 Libyco
1653 1718 1839 1759 philosopho
1852 1727 1870 1751 e
1880 1719 1946 1750 vita
1957 1718 2138 1751 discedente
2147 1743 2156 1759 ,
2174 1719 2246 1751 luna

1198 1778 1316 1811 defecit
1323 1780 1355 1811 et
1362 1778 1409 1810 sol
1417 1778 1557 1810 tenebris
1564 1777 1753 1810 obscuratus
1762 1778 1819 1809 est.
1831 1776 1885 1818 (D.
1899 1779 1955 1818 lv,
1964 1779 2016 1809 64.
2025 1777 2148 1809 suidas
2155 1786 2181 1810 s.
2193 1778 2246 1817 v.).

1241 1840 1292 1870 38.
1308 1838 1427 1870 Crates
1442 1836 1643 1869 Atheniensis
1659 1838 1692 1869 et
1705 1836 1859 1868 Polemon
1878 1836 1923 1868 ita
1937 1837 2051 1868 mutuo
2061 1844 2095 1868 se
2110 1835 2247 1867 invicem

1201 1906 1310 1930 amore
1328 1897 1486 1938 complexi
1503 1898 1596 1937 sunt,
1610 1897 1648 1928 ut
1660 1896 1726 1928 vivi
1742 1904 1807 1928 non
1829 1895 1941 1928 iisdem
1958 1895 2052 1927 modo
2068 1894 2180 1927 studiis
2195 1894 2247 1926 de-

1199 1955 1258 1987 diti
1270 1956 1387 1995 essent,
1401 1963 1513 1987 verum
1527 1954 1624 1987 etiam
1638 1963 1739 1995 usque
1752 1954 1791 1986 ad
1802 1955 1982 1986 extremum
1997 1962 2088 1994 paene
2100 1954 2247 1993 spirituum

1200 2013 1283 2046 inter
1302 2023 1336 2047 se
1359 2023 1466 2046 mores
1490 2014 1743 2053 conformarent,
1760 2021 1798 2044 ac
1821 2012 1938 2045 mortui
1960 2012 2124 2044 communi
2147 2012 2247 2052 sepul-

1201 2080 1256 2104 cro
1280 2073 1529 2106 tumularentur.
1560 2072 1652 2104 Unde
1679 2073 1712 2104 et
1739 2068 1894 2104 Arcesilas
1925 2080 1944 2102 a
1966 2071 2185 2110 Theophrasto
2209 2070 2249 2102 ad

1202 2143 1257 2167 eos
1270 2132 1432 2165 divertens
1441 2131 1546 2164 dicere
1555 2130 1688 2170 solebat,
1700 2130 1772 2162 illos
1779 2138 1846 2162 esse
1854 2129 1929 2161 deos
1941 2128 2107 2168 quospiam
2116 2128 2148 2160 et
2158 2127 2248 2159 aurei

1202 2192 1302 2226 seculi
1315 2191 1465 2232 reliquias
1484 2202 1492 2222 z
1509 2198 1614 2230 neque
1626 2189 1711 2221 enim
1731 2188 1819 2229 vulgi
1836 2187 2024 2228 applausum
2043 2185 2248 2227 quaerebant,

1202 2251 1259 2284 sed
1281 2248 1491 2290 Dionysodori
1516 2247 1657 2280 tibicinis
1684 2247 1804 2279 similes
1819 2247 1929 2286 erant,
1957 2254 2054 2286 quem
2081 2245 2249 2286 gloriatum

1202 2310 1396 2350 accepimus,
1408 2307 1494 2349 quod
1504 2315 1580 2339 suos
1589 2305 1701 2338 modos
1716 2305 1758 2337 ad
1767 2305 1868 2345 lyram
1883 2304 1991 2345 pulsos
2004 2312 2098 2335 nemo
2108 2312 2250 2343 unquam

1202 2368 1376 2401 inaudisset
1389 2367 1422 2398 in
1434 2365 1558 2398 triremi
1572 2365 1629 2397 aut
1653 2363 1739 2405 apud
1755 2364 1893 2402 fontem,
1916 2361 2191 2403 quemadmodum
2207 2364 2250 2394 ls-

1204 2422 1318 2455 menioe
1333 2421 1477 2454 Thebani
1494 2421 1614 2461 (Dioq.
1631 2421 1688 2458 lv,
1704 2422 1754 2451 21.
1771 2423 1810 2450 22
1822 2418 1844 2458 ).

1246 2480 1297 2509 39.
1321 2478 1471 2510 Crantor
1492 2475 1632 2509 Solensis
1650 2474 1860 2506 admiratione
1884 2473 2015 2505 Homeri
2041 2472 2140 2513 atque
2165 2472 2251 2503 Euri·

1205 2536 1286 2578 pidis
1295 2535 1478 2575 tenebatur,
1493 2534 1603 2566 dicens
1623 2533 1762 2565 arduum
1778 2541 1846 2565 esse
1855 2533 1980 2564 servata
1995 2531 2174 2563 communis
2186 2539 2251 2562 ser-

1205 2594 1310 2626 monis
1335 2594 1403 2635 lege
1429 2592 1548 2634 tragice
1575 2591 1713 2624 scribere
1737 2593 1770 2624 et
1790 2591 1926 2623 aifectus
1951 2598 2098 2629 movere,
2117 2590 2251 2630 profere-

1205 2654 1326 2695 batque
1341 2652 1536 2685 versiculum
1549 2651 1638 2683 hunc
1649 2659 1691 2683 ex
1702 2650 1946 2691 Bellerophonte
1962 2663 1968 2681 :

1276 2729 1375 2758 Eheu!
1390 2743 1424 2749 —
1439 2727 1517 2763 Quid
1529 2727 1605 2757 eheu
1614 2728 1628 2756 ἱ·
1639 2727 1770 2756 humana
1780 2733 1835 2755 nos
1846 2708 1923 2762 p‘assi
1935 2733 2045 2754 sumus.

1206 2809 1244 2840 In
1255 2807 1409 2848 fingendis
1424 2805 1588 2838 vocabulis
1603 2805 1682 2837 mire
1695 2804 1772 2836 felix
1792 2804 1878 2845 erat;
1897 2803 2006 2844 itaque
2019 2803 2122 2844 poetae
2145 2801 2251 2841 cujus-

1207 2865 1283 2897 dam
1302 2872 1413 2896 versus
1422 2863 1531 2895 blattis
1544 2862 1676 2894 refertos
1689 2870 1756 2894 esse
1769 2853 1867 2901 dixit,
1890 2862 1923 2894 et
1936 2861 2147 2902 Theophrasti
2164 2868 2252 2900 quae-

1207 2924 1326 2957 stiones
1337 2923 1419 2954 testa
1434 2921 1530 2954 fuisse
1546 2920 1716 2960 exaratas(
1731 2923 1772 2952 D.
1785 2922 1844 2961 lv,
1858 2920 1931 2961 26).

1250 2984 1302 3013 40.
1323 2979 1526 3019 Cleanthes,
1547 2978 1686 3011 Cratetis
1701 2978 1894 3019 discipulus,
1912 2978 1956 3010 ita
1968 2978 2008 3010 ad
2023 2977 2147 3010 labores
2161 2976 2253 3017 impi-

1208 3049 1263 3080 ger
1276 3040 1348 3079 fuit,
1362 3039 1398 3070 ut
1410 3038 1563 3071 Hercules
1576 3037 1657 3069 alter
1671 3036 1893 3069 nominaretur
1909 3050 1916 3068 :
1929 3045 2003 3068 nam
2016 3045 2117 3077 quum
2130 3034 2252 3067 deesset

1209 3099 1254 3130 illi
1271 3097 1358 3130 unde
1373 3098 1496 3129 victum
1521 3096 1691 3136 quaereret,
1708 3097 1867 3127 nocturno
1885 3097 2030 3136 tempore
2050 3094 2216 3126 hauriebat
2234 3102 2251 3124 e

1210 3158 1306 3198 puteo
1327 3164 1444 3196 aquam
1460 3154 1625 3194 mercede,
1644 3154 1781 3186 interdiu
1797 3154 1968 3194 disciplinis
1990 3152 2186 3194 gravioribus
2198 3160 2250 3182 va·

1212 3214 1423 3255 cabat;unde
1440 3222 1499 3255 pro
1521 3213 1675 3246 Cleanthe
1698 3213 1880 3245 Phreantles
1898 3221 1952 3244 seu
1972 3213 2140 3252 puteorum
2157 3218 2252 3242 exan-

1211 3274 1309 3306 tlator
1325 3272 1568 3314 cognominatus
1590 3272 1648 3303 est.
1671 3273 1754 3310 Iste,
1774 3271 1897 3311 prolata
1918 3271 1950 3302 in
1966 3269 2107 3301 medium
2122 3268 2250 3300 familia·

118 3328 2239 3349 —--—————----——-.-——-—————————-——————-

149 3371 168 3412 §
188 3375 238 3404 40.
253 3375 301 3406 De
313 3375 441 3406 cratete
455 3375 615 3407 Cleanthis
629 3376 781 3416 magistro
793 3376 872 3407 nihil
886 3375 984 3408 habet
998 3375 1152 3407 Laertius.
1166 3375 1278 3409 suidas
1290 3386 1369 3410 vero
1382 3391 1388 3409 :
1408 3378 1458 3410 Κλ
1467 3388 1480 3408 ε
1489 3376 1552 3408 ἀνθ
1561 3387 1600 3413 ης

110 3420 189 3455 Quoe
203 3428 244 3451 ex
262 3421 409 3461 Hesychii
425 3423 657 3463 Onoinatologo
672 3424 768 3464 potita
781 3425 864 3455 sunt.
889 3426 928 3454 V.
953 3424 1075 3463 reliqua
1089 3433 1140 3464 ap.
1159 3425 1300 3456 suidam.

1610 3399 1659 3413 ‚...
1678 3377 1814 3414 μαθητὴς
1827 3374 2002 3415 Κράτητος,
2018 3373 2083 3403 εἶτα
2098 3372 2247 3408 Ζήνωνος-
