<?xml version="1.0" encoding="UTF-8"?>
<!DOCTYPE html PUBLIC "-//W3C//DTD XHTML 1.0 Transitional//EN"
    "http://www.w3.org/TR/xhtml1/DTD/xhtml1-transitional.dtd">
<html xmlns="http://www.w3.org/1999/xhtml" xml:lang="en" lang="en">
 <head>
  <title>
</title>
<meta http-equiv="Content-Type" content="text/html;charset=utf-8" />
  <meta name='ocr-system' content='tesseract 3.04.00' />
  <meta name='ocr-capabilities' content='ocr_page ocr_carea ocr_par ocr_line ocrx_word'/>
</head>
<body>
  <div class='ocr_page' id='page_1' title='image "./fragmentahistori04mueluoft_0609.png"; bbox 0 0 2372 3704; ppageno 0'>
   <div class='ocr_carea' id='block_1_1' title="bbox 1009 256 1341 296">
    <p class='ocr_par' dir='ltr' id='par_1_1' title="bbox 1009 256 1341 296">
     <span class='ocr_line' id='line_1_1' title="bbox 1009 256 1341 296; baseline 0.003 -1"><span class='ocrx_word' id='word_1_1' title='bbox 1009 256 1341 296; x_wconf 81' lang='lat' dir='ltr'><strong>FRAGMENTA.</strong></span> 
     </span>
    </p>
   </div>
   <div class='ocr_carea' id='block_1_2' title="bbox 94 341 1152 1453">
    <p class='ocr_par' dir='ltr' id='par_1_2' title="bbox 94 341 1149 1103">
     <span class='ocr_line' id='line_1_2' title="bbox 95 341 1142 396; baseline 0 -14"><span class='ocrx_word' id='word_1_2' title='bbox 95 342 320 394; x_wconf 86' lang='grc' dir='ltr'>συνηδόμενοί</span> <span class='ocrx_word' id='word_1_3' title='bbox 339 358 376 382; x_wconf 88' lang='grc' dir='ltr'>τε</span> <span class='ocrx_word' id='word_1_4' title='bbox 402 341 565 390; x_wconf 84' lang='grc' dir='ltr'>ἀλλήλοις</span> <span class='ocrx_word' id='word_1_5' title='bbox 590 342 651 381; x_wconf 70' lang='grc' dir='ltr'>καὶ</span> <span class='ocrx_word' id='word_1_6' title='bbox 678 343 712 387; x_wconf 88' lang='grc' dir='ltr'>ἐς</span> <span class='ocrx_word' id='word_1_7' title='bbox 733 342 790 380; x_wconf 77' lang='grc' dir='ltr'>τὸν</span> <span class='ocrx_word' id='word_1_8' title='bbox 816 342 1033 396; x_wconf 75' lang='grc' dir='ltr'>ἱππόδρομον</span> <span class='ocrx_word' id='word_1_9' title='bbox 1058 360 1142 386; x_wconf 86' lang='grc' dir='ltr'>συν-</span> 
     </span>
     <span class='ocr_line' id='line_1_3' title="bbox 94 400 1146 454; baseline 0 -14"><span class='ocrx_word' id='word_1_10' title='bbox 94 401 226 445; x_wconf 82' lang='grc' dir='ltr'>θέοντες</span> <span class='ocrx_word' id='word_1_11' title='bbox 240 401 375 454; x_wconf 77' lang='grc' dir='ltr'>[ὥσπερ</span> <span class='ocrx_word' id='word_1_12' title='bbox 393 400 677 448; x_wconf 78' lang='grc' dir='ltr'>ἐκκλησιάζοντες</span> <span class='ocrx_word' id='word_1_13' title='bbox 689 401 823 454; x_wconf 79' lang='grc' dir='ltr'>χωρίῳ.</span> <span class='ocrx_word' id='word_1_14' title='bbox 841 401 886 440; x_wconf 86' lang='lat'>‘0</span> <span class='ocrx_word' id='word_1_15' title='bbox 905 402 940 440; x_wconf 81' lang='grc' dir='ltr'>δὲ</span> <span class='ocrx_word' id='word_1_16' title='bbox 958 403 1146 454; x_wconf 68' lang='grc' dir='ltr'>Βαλὸῖνος]</span> 
     </span>
     <span class='ocr_line' id='line_1_4' title="bbox 95 459 1146 513; baseline 0 -15"><span class='ocrx_word' id='word_1_17' title='bbox 95 459 156 498; x_wconf 76' lang='grc' dir='ltr'>καὶ</span> <span class='ocrx_word' id='word_1_18' title='bbox 175 460 276 504; x_wconf 81' lang='grc' dir='ltr'>αὐτὸς</span> <span class='ocrx_word' id='word_1_19' title='bbox 295 459 495 511; x_wconf 74' lang='grc' dir='ltr'>ἑκατόμὸας</span> <span class='ocrx_word' id='word_1_20' title='bbox 509 459 621 498; x_wconf 86' lang='grc' dir='ltr'>ἔθυεν·</span> <span class='ocrx_word' id='word_1_21' title='bbox 639 459 748 512; x_wconf 85' lang='grc' dir='ltr'>ἀρχαί</span> <span class='ocrx_word' id='word_1_22' title='bbox 766 475 803 497; x_wconf 92' lang='grc' dir='ltr'>τε</span> <span class='ocrx_word' id='word_1_23' title='bbox 814 466 928 499; x_wconf 81' lang='grc' dir='ltr'>πᾶσαι</span> <span class='ocrx_word' id='word_1_24' title='bbox 941 461 1001 498; x_wconf 82' lang='grc' dir='ltr'>καὶ</span> <span class='ocrx_word' id='word_1_25' title='bbox 1020 463 1042 507; x_wconf 80' lang='grc' dir='ltr'>ἡ</span> <span class='ocrx_word' id='word_1_26' title='bbox 1064 460 1146 513; x_wconf 84' lang='grc' dir='ltr'>σύγ-</span> 
     </span>
     <span class='ocr_line' id='line_1_5' title="bbox 95 517 1148 571; baseline 0.001 -14"><span class='ocrx_word' id='word_1_27' title='bbox 95 520 240 567; x_wconf 87' lang='grc' dir='ltr'>κλητος,</span> <span class='ocrx_word' id='word_1_28' title='bbox 260 518 404 563; x_wconf 83' lang='grc' dir='ltr'>ἕκαστός</span> <span class='ocrx_word' id='word_1_29' title='bbox 425 534 463 556; x_wconf 89' lang='grc' dir='ltr'>τε</span> <span class='ocrx_word' id='word_1_30' title='bbox 479 517 599 571; x_wconf 82' lang='grc' dir='ltr'>ὥσπερ</span> <span class='ocrx_word' id='word_1_31' title='bbox 617 519 891 568; x_wconf 82' lang='grc' dir='ltr'>ἀποσεισάμενος</span> <span class='ocrx_word' id='word_1_32' title='bbox 904 521 1051 558; x_wconf 85' lang='grc' dir='ltr'>πέλεκυν</span> <span class='ocrx_word' id='word_1_33' title='bbox 1077 525 1148 563; x_wconf 86' lang='grc' dir='ltr'>τοῖς</span> 
     </span>
     <span class='ocr_line' id='line_1_6' title="bbox 96 577 1146 631; baseline 0.001 -15"><span class='ocrx_word' id='word_1_34' title='bbox 96 578 238 631; x_wconf 82' lang='grc' dir='ltr'>αὖχέσιν</span> <span class='ocrx_word' id='word_1_35' title='bbox 271 577 502 627; x_wconf 87' lang='grc' dir='ltr'>ἐπικείμενον,</span> <span class='ocrx_word' id='word_1_36' title='bbox 523 578 834 631; x_wconf 31' lang='grc' dir='ltr'>ὑπερευφραγίνετο,</span> <span class='ocrx_word' id='word_1_37' title='bbox 856 577 904 622; x_wconf 87' lang='grc' dir='ltr'>εἴς</span> <span class='ocrx_word' id='word_1_38' title='bbox 936 595 972 616; x_wconf 88' lang='grc' dir='ltr'>τε</span> <span class='ocrx_word' id='word_1_39' title='bbox 992 578 1035 617; x_wconf 87' lang='grc' dir='ltr'>τὰ</span> <span class='ocrx_word' id='word_1_40' title='bbox 1067 578 1146 626; x_wconf 85' lang='grc' dir='ltr'>ἔθνη</span> 
     </span>
     <span class='ocr_line' id='line_1_7' title="bbox 95 636 1145 690; baseline 0 -15"><span class='ocrx_word' id='word_1_41' title='bbox 95 636 238 688; x_wconf 85' lang='grc' dir='ltr'>ἄγγελοι</span> <span class='ocrx_word' id='word_1_42' title='bbox 253 636 314 676; x_wconf 79' lang='grc' dir='ltr'>καὶ</span> <span class='ocrx_word' id='word_1_43' title='bbox 333 636 482 690; x_wconf 88' lang='grc' dir='ltr'>κήρυκες</span> <span class='ocrx_word' id='word_1_44' title='bbox 501 636 748 687; x_wconf 82' lang='grc' dir='ltr'>διεπέμποντο.</span> <span class='ocrx_word' id='word_1_45' title='bbox 768 637 841 676; x_wconf 79' lang='grc' dir='ltr'>Καὶ</span> <span class='ocrx_word' id='word_1_46' title='bbox 860 639 877 675; x_wconf 85' lang='grc' dir='ltr'><strong>ὁ</strong></span> <span class='ocrx_word' id='word_1_47' title='bbox 894 637 1056 688; x_wconf 82' lang='grc' dir='ltr'>Μάξιμος</span> <span class='ocrx_word' id='word_1_48' title='bbox 1071 639 1145 675; x_wconf 88' lang='grc' dir='ltr'>ἐπι-</span> 
     </span>
     <span class='ocr_line' id='line_1_8' title="bbox 95 695 1148 750; baseline 0 -15"><span class='ocrx_word' id='word_1_49' title='bbox 95 695 180 740; x_wconf 81' lang='grc' dir='ltr'>στὰς</span> <span class='ocrx_word' id='word_1_50' title='bbox 194 699 238 750; x_wconf 77' lang='grc' dir='ltr'>τῇ</span> <span class='ocrx_word' id='word_1_51' title='bbox 256 696 424 748; x_wconf 74' lang='grc' dir='ltr'>Ἀκυληίᾳ</span> <span class='ocrx_word' id='word_1_52' title='bbox 438 727 449 747; x_wconf 92' lang='grc'>,</span> <span class='ocrx_word' id='word_1_53' title='bbox 470 697 644 749; x_wconf 80' lang='grc' dir='ltr'>ὑπεδέχθη</span> <span class='ocrx_word' id='word_1_54' title='bbox 660 697 944 750; x_wconf 74' lang='grc' dir='ltr'>μεγαλοφρόνως,</span> <span class='ocrx_word' id='word_1_55' title='bbox 961 697 1148 750; x_wconf 69' lang='grc' dir='ltr'>πρεσὸείας</span> 
     </span>
     <span class='ocr_line' id='line_1_9' title="bbox 95 754 1148 807; baseline 0.001 -14"><span class='ocrx_word' id='word_1_56' title='bbox 95 770 133 794; x_wconf 82' lang='grc' dir='ltr'>τε</span> <span class='ocrx_word' id='word_1_57' title='bbox 153 755 193 794; x_wconf 89' lang='grc' dir='ltr'>ἐκ</span> <span class='ocrx_word' id='word_1_58' title='bbox 210 755 327 803; x_wconf 86' lang='grc' dir='ltr'>πάσης</span> <span class='ocrx_word' id='word_1_59' title='bbox 357 757 418 802; x_wconf 78' lang='grc' dir='ltr'>τῆς</span> <span class='ocrx_word' id='word_1_60' title='bbox 441 755 596 799; x_wconf 85' lang='grc' dir='ltr'>Ἰταλίας</span> <span class='ocrx_word' id='word_1_61' title='bbox 631 754 835 807; x_wconf 85' lang='grc' dir='ltr'>δεχόμενος,</span> <span class='ocrx_word' id='word_1_62' title='bbox 858 755 992 799; x_wconf 77' lang='grc' dir='ltr'>εἰκόνας</span> <span class='ocrx_word' id='word_1_63' title='bbox 1020 771 1057 794; x_wconf 82' lang='grc' dir='ltr'>τε</span> <span class='ocrx_word' id='word_1_64' title='bbox 1087 756 1148 795; x_wconf 78' lang='grc' dir='ltr'>καὶ</span> 
     </span>
     <span class='ocr_line' id='line_1_10' title="bbox 97 813 1148 867; baseline 0 -15"><span class='ocrx_word' id='word_1_65' title='bbox 97 813 291 866; x_wconf 84' lang='grc' dir='ltr'>ἀγάλματα</span> <span class='ocrx_word' id='word_1_66' title='bbox 307 814 368 853; x_wconf 78' lang='grc' dir='ltr'>καὶ</span> <span class='ocrx_word' id='word_1_67' title='bbox 387 813 588 867; x_wconf 79' lang='grc' dir='ltr'>στεφάνους.</span> <span class='ocrx_word' id='word_1_68' title='bbox 609 814 680 853; x_wconf 78' lang='grc' dir='ltr'>Καὶ</span> <span class='ocrx_word' id='word_1_69' title='bbox 695 813 797 858; x_wconf 82' lang='grc' dir='ltr'>αὐτὸς</span> <span class='ocrx_word' id='word_1_70' title='bbox 811 813 847 852; x_wconf 82' lang='grc' dir='ltr'>δὲ</span> <span class='ocrx_word' id='word_1_71' title='bbox 862 817 880 853; x_wconf 83' lang='grc' dir='ltr'>ὁ</span> <span class='ocrx_word' id='word_1_72' title='bbox 894 814 1041 867; x_wconf 82' lang='grc' dir='ltr'>στρατὸς</span> <span class='ocrx_word' id='word_1_73' title='bbox 1054 817 1072 853; x_wconf 81' lang='grc' dir='ltr'>ὁ</span> <span class='ocrx_word' id='word_1_74' title='bbox 1086 816 1148 862; x_wconf 87' lang='grc' dir='ltr'>τὴν</span> 
     </span>
     <span class='ocr_line' id='line_1_11' title="bbox 98 871 1148 926; baseline -0.001 -14"><span class='ocrx_word' id='word_1_75' title='bbox 98 872 282 921; x_wconf 87' lang='grc' dir='ltr'>Ἀκυληίαν</span> <span class='ocrx_word' id='word_1_76' title='bbox 305 872 483 926; x_wconf 84' lang='grc' dir='ltr'>πορθήσας</span> <span class='ocrx_word' id='word_1_77' title='bbox 510 871 634 925; x_wconf 78' lang='grc' dir='ltr'>προῄει</span> <span class='ocrx_word' id='word_1_78' title='bbox 660 874 695 910; x_wconf 89' lang='grc' dir='ltr'>ἐν</span> <span class='ocrx_word' id='word_1_79' title='bbox 719 874 883 926; x_wconf 85' lang='grc' dir='ltr'>εἷρηνικῷ</span> <span class='ocrx_word' id='word_1_80' title='bbox 909 872 1068 925; x_wconf 81' lang='grc' dir='ltr'>σχήματι</span> <span class='ocrx_word' id='word_1_81' title='bbox 1086 874 1148 911; x_wconf 86' lang='grc' dir='ltr'>δα-</span> 
     </span>
     <span class='ocr_line' id='line_1_12' title="bbox 96 931 1149 986; baseline 0.001 -16"><span class='ocrx_word' id='word_1_82' title='bbox 96 934 280 986; x_wconf 84' lang='grc' dir='ltr'>φνηφορῶν</span> <span class='ocrx_word' id='word_1_83' title='bbox 304 932 438 983; x_wconf 86' lang='grc' dir='ltr'>ἀνάγκῃ</span> <span class='ocrx_word' id='word_1_84' title='bbox 453 947 461 955; x_wconf 93' lang='grc'><em>·</em></span> <span class='ocrx_word' id='word_1_85' title='bbox 481 931 701 983; x_wconf 83' lang='grc' dir='ltr'>ἠγανάκτουν</span> <span class='ocrx_word' id='word_1_86' title='bbox 729 931 797 984; x_wconf 84' lang='grc' dir='ltr'>γὰρ</span> <span class='ocrx_word' id='word_1_87' title='bbox 832 934 978 984; x_wconf 84' lang='grc' dir='ltr'>ὁρῶντες</span> <span class='ocrx_word' id='word_1_88' title='bbox 1006 931 1062 970; x_wconf 85' lang='grc' dir='ltr'>τὸν</span> <span class='ocrx_word' id='word_1_89' title='bbox 1086 932 1149 983; x_wconf 84' lang='grc' dir='ltr'>μὲν</span> 
     </span>
     <span class='ocr_line' id='line_1_13' title="bbox 95 989 1147 1043; baseline -0.001 -14"><span class='ocrx_word' id='word_1_90' title='bbox 95 990 153 1029; x_wconf 74' lang='grc' dir='ltr'>ὑπ’</span> <span class='ocrx_word' id='word_1_91' title='bbox 168 992 283 1029; x_wconf 82' lang='grc' dir='ltr'>αὐτῶν</span> <span class='ocrx_word' id='word_1_92' title='bbox 304 989 532 1042; x_wconf 56' lang='grc' dir='ltr'>ἐπιλεχθέντα</span> <span class='ocrx_word' id='word_1_93' title='bbox 552 990 748 1043; x_wconf 84' lang='grc' dir='ltr'>βασιλεύειν</span> <span class='ocrx_word' id='word_1_94' title='bbox 769 989 1032 1043; x_wconf 80' lang='grc' dir='ltr'>καθῃρημένον,</span> <span class='ocrx_word' id='word_1_95' title='bbox 1054 1006 1147 1043; x_wconf 89' lang='grc' dir='ltr'>κρα-</span> 
     </span>
     <span class='ocr_line' id='line_1_14' title="bbox 94 1048 997 1103; baseline -0.002 -15"><span class='ocrx_word' id='word_1_96' title='bbox 94 1053 239 1103; x_wconf 90' lang='grc' dir='ltr'>τοῦντας</span> <span class='ocrx_word' id='word_1_97' title='bbox 258 1049 294 1088; x_wconf 82' lang='grc' dir='ltr'>δὲ</span> <span class='ocrx_word' id='word_1_98' title='bbox 313 1048 394 1092; x_wconf 66' lang='grc' dir='ltr'>τοῦς</span> <span class='ocrx_word' id='word_1_99' title='bbox 412 1049 480 1086; x_wconf 83' lang='grc' dir='ltr'>ὑπὸ</span> <span class='ocrx_word' id='word_1_100' title='bbox 496 1052 558 1096; x_wconf 77' lang='grc' dir='ltr'>τῆς</span> <span class='ocrx_word' id='word_1_101' title='bbox 576 1048 772 1100; x_wconf 82' lang='grc' dir='ltr'>συγκλήτου</span> <span class='ocrx_word' id='word_1_102' title='bbox 789 1048 997 1102; x_wconf 80' lang='grc' dir='ltr'>ᾑρημένους.</span> 
     </span>
    </p>

    <p class='ocr_par' dir='ltr' id='par_1_3' title="bbox 94 1106 1152 1453">
     <span class='ocr_line' id='line_1_15' title="bbox 149 1106 1151 1159; baseline 0 -12"><span class='ocrx_word' id='word_1_103' title='bbox 149 1122 196 1148; x_wconf 75' lang='lat'>18.</span> <span class='ocrx_word' id='word_1_104' title='bbox 228 1108 275 1149; x_wconf 85' lang='lat' dir='ltr'>‘O</span> <span class='ocrx_word' id='word_1_105' title='bbox 296 1106 331 1147; x_wconf 75' lang='grc' dir='ltr'>δὲ</span> <span class='ocrx_word' id='word_1_106' title='bbox 352 1107 532 1158; x_wconf 81' lang='grc' dir='ltr'>Μάξιμος,</span> <span class='ocrx_word' id='word_1_107' title='bbox 552 1107 770 1159; x_wconf 85' lang='grc' dir='ltr'>συγκαλέσας</span> <span class='ocrx_word' id='word_1_108' title='bbox 789 1107 941 1152; x_wconf 77' lang='grc' dir='ltr'>πάντας,</span> <span class='ocrx_word' id='word_1_109' title='bbox 964 1109 1151 1159; x_wconf 76' lang='grc' dir='ltr'>βασιλικῶς</span> 
     </span>
     <span class='ocr_line' id='line_1_16' title="bbox 95 1165 1150 1221; baseline -0.002 -15"><span class='ocrx_word' id='word_1_110' title='bbox 95 1167 318 1221; x_wconf 82' lang='grc' dir='ltr'>ἀπεφήνατο,</span> <span class='ocrx_word' id='word_1_111' title='bbox 348 1165 544 1216; x_wconf 85' lang='grc' dir='ltr'>ἀμνηστίαν</span> <span class='ocrx_word' id='word_1_112' title='bbox 577 1181 614 1204; x_wconf 84' lang='grc' dir='ltr'>τε</span> <span class='ocrx_word' id='word_1_113' title='bbox 649 1165 790 1204; x_wconf 86' lang='grc' dir='ltr'>πάντων</span> <span class='ocrx_word' id='word_1_114' title='bbox 821 1166 1057 1218; x_wconf 81' lang='grc' dir='ltr'>ὑποσχόμενος</span> <span class='ocrx_word' id='word_1_115' title='bbox 1090 1166 1150 1205; x_wconf 84' lang='grc' dir='ltr'>καὶ</span> 
     </span>
     <span class='ocr_line' id='line_1_17' title="bbox 94 1223 1149 1277; baseline -0.001 -14"><span class='ocrx_word' id='word_1_116' title='bbox 94 1224 289 1277; x_wconf 81' lang='grc' dir='ltr'>χρημάτων</span> <span class='ocrx_word' id='word_1_117' title='bbox 303 1225 443 1263; x_wconf 86' lang='grc' dir='ltr'>πολλῶν</span> <span class='ocrx_word' id='word_1_118' title='bbox 458 1223 626 1274; x_wconf 87' lang='grc' dir='ltr'>διανομάς</span> <span class='ocrx_word' id='word_1_119' title='bbox 638 1237 646 1246; x_wconf 91' lang='grc'><em>·</em></span> <span class='ocrx_word' id='word_1_120' title='bbox 662 1223 788 1273; x_wconf 82' lang='grc' dir='ltr'>ὀλίγων</span> <span class='ocrx_word' id='word_1_121' title='bbox 805 1239 844 1261; x_wconf 92' lang='grc' dir='ltr'>τε</span> <span class='ocrx_word' id='word_1_122' title='bbox 863 1226 1005 1276; x_wconf 82' lang='grc' dir='ltr'>ἡμερῶν</span> <span class='ocrx_word' id='word_1_123' title='bbox 1024 1224 1149 1277; x_wconf 84' lang='grc' dir='ltr'>διατρί-</span> 
     </span>
     <span class='ocr_line' id='line_1_18' title="bbox 94 1281 1151 1336; baseline -0.002 -14"><span class='ocrx_word' id='word_1_124' title='bbox 94 1286 182 1336; x_wconf 83' lang='grc' dir='ltr'>ψας,</span> <span class='ocrx_word' id='word_1_125' title='bbox 202 1283 264 1331; x_wconf 84' lang='grc' dir='ltr'>τὴν</span> <span class='ocrx_word' id='word_1_126' title='bbox 283 1285 331 1328; x_wconf 86' lang='grc' dir='ltr'>εἷς</span> <span class='ocrx_word' id='word_1_127' title='bbox 350 1281 412 1330; x_wconf 85' lang='grc' dir='ltr'>τὴν</span> <span class='ocrx_word' id='word_1_128' title='bbox 433 1282 577 1333; x_wconf 85' lang='grc' dir='ltr'>Ῥώμην</span> <span class='ocrx_word' id='word_1_129' title='bbox 594 1282 762 1320; x_wconf 81' lang='grc' dir='ltr'>ἐπάνοδον</span> <span class='ocrx_word' id='word_1_130' title='bbox 783 1282 994 1333; x_wconf 87' lang='grc' dir='ltr'>συνεκρότει.</span> <span class='ocrx_word' id='word_1_131' title='bbox 1020 1283 1091 1322; x_wconf 80' lang='grc' dir='ltr'>Καὶ</span> <span class='ocrx_word' id='word_1_132' title='bbox 1112 1283 1151 1321; x_wconf 86' lang='grc' dir='ltr'>τὸ</span> 
     </span>
     <span class='ocr_line' id='line_1_19' title="bbox 95 1340 1152 1394; baseline -0.001 -14"><span class='ocrx_word' id='word_1_133' title='bbox 95 1342 159 1392; x_wconf 85' lang='grc' dir='ltr'>μὲν</span> <span class='ocrx_word' id='word_1_134' title='bbox 190 1341 278 1380; x_wconf 80' lang='grc' dir='ltr'>ἄλλο</span> <span class='ocrx_word' id='word_1_135' title='bbox 297 1340 547 1394; x_wconf 81' lang='grc' dir='ltr'>στρατιωτικὸν</span> <span class='ocrx_word' id='word_1_136' title='bbox 569 1340 775 1394; x_wconf 76' lang='grc' dir='ltr'>ἀπέπεμψεν</span> <span class='ocrx_word' id='word_1_137' title='bbox 795 1342 842 1385; x_wconf 86' lang='grc' dir='ltr'>εἷς</span> <span class='ocrx_word' id='word_1_138' title='bbox 861 1340 905 1379; x_wconf 86' lang='grc' dir='ltr'>τὰ</span> <span class='ocrx_word' id='word_1_139' title='bbox 926 1341 1004 1389; x_wconf 88' lang='grc' dir='ltr'>ἔθνη</span> <span class='ocrx_word' id='word_1_140' title='bbox 1025 1341 1085 1380; x_wconf 82' lang='grc' dir='ltr'>καὶ</span> <span class='ocrx_word' id='word_1_141' title='bbox 1106 1343 1152 1386; x_wconf 90' lang='grc' dir='ltr'>εἷς</span> 
     </span>
     <span class='ocr_line' id='line_1_20' title="bbox 94 1399 1152 1453; baseline -0.001 -14"><span class='ocrx_word' id='word_1_142' title='bbox 94 1401 142 1439; x_wconf 84' lang='grc' dir='ltr'>τὰ</span> <span class='ocrx_word' id='word_1_143' title='bbox 174 1402 286 1439; x_wconf 83' lang='grc' dir='ltr'>οἰκεῖα</span> <span class='ocrx_word' id='word_1_144' title='bbox 317 1400 558 1453; x_wconf 87' lang='grc' dir='ltr'>στρατόπεδα,</span> <span class='ocrx_word' id='word_1_145' title='bbox 591 1400 696 1443; x_wconf 83' lang='grc' dir='ltr'>αὐτὸς</span> <span class='ocrx_word' id='word_1_146' title='bbox 727 1399 762 1438; x_wconf 84' lang='grc' dir='ltr'>δὲ</span> <span class='ocrx_word' id='word_1_147' title='bbox 796 1401 989 1446; x_wconf 72' lang='grc' dir='ltr'>ἐπανῆλθεν</span> <span class='ocrx_word' id='word_1_148' title='bbox 1015 1401 1062 1444; x_wconf 87' lang='grc' dir='ltr'>εἷς</span> <span class='ocrx_word' id='word_1_149' title='bbox 1089 1399 1152 1447; x_wconf 84' lang='grc' dir='ltr'>τὴν</span> 
     </span>
    </p>
   </div>
   <div class='ocr_carea' id='block_1_3' title="bbox 94 1457 1176 1511">
    <p class='ocr_par' dir='ltr' id='par_1_4' title="bbox 94 1457 1176 1511">
     <span class='ocr_line' id='line_1_21' title="bbox 94 1457 1176 1511; baseline -0.003 -12"><span class='ocrx_word' id='word_1_150' title='bbox 94 1459 245 1511; x_wconf 67' lang='grc' dir='ltr'>εΡώμην</span> <span class='ocrx_word' id='word_1_151' title='bbox 260 1458 322 1498; x_wconf 74' lang='grc' dir='ltr'>σὺν</span> <span class='ocrx_word' id='word_1_152' title='bbox 338 1458 407 1502; x_wconf 81' lang='grc' dir='ltr'>τοῖς</span> <span class='ocrx_word' id='word_1_153' title='bbox 420 1458 618 1511; x_wconf 78' lang='grc' dir='ltr'>δορυφόροις</span> <span class='ocrx_word' id='word_1_154' title='bbox 631 1457 692 1496; x_wconf 76' lang='grc' dir='ltr'>καὶ</span> <span class='ocrx_word' id='word_1_155' title='bbox 707 1464 776 1502; x_wconf 86' lang='grc' dir='ltr'>τοῖς</span> <span class='ocrx_word' id='word_1_156' title='bbox 790 1458 858 1496; x_wconf 77' lang='grc' dir='ltr'>ὑπὸ</span> <span class='ocrx_word' id='word_1_157' title='bbox 872 1457 1037 1511; x_wconf 71' lang='grc' dir='ltr'>Βαλὸίνῳ</span> <span class='ocrx_word' id='word_1_158' title='bbox 1051 1474 1152 1511; x_wconf 89' lang='grc' dir='ltr'>στρα-</span> <span class='ocrx_word' id='word_1_159' title='bbox 1174 1488 1176 1490; x_wconf 92' lang='grc'>-</span> 
     </span>
    </p>
   </div>
   <div class='ocr_carea' id='block_1_4' title="bbox 46 1515 1156 3160">
    <p class='ocr_par' dir='ltr' id='par_1_5' title="bbox 55 1515 1153 1984">
     <span class='ocr_line' id='line_1_22' title="bbox 93 1515 1151 1568; baseline -0.003 -11"><span class='ocrx_word' id='word_1_160' title='bbox 93 1516 306 1567; x_wconf 85' lang='grc' dir='ltr'>τευομένοις.</span> <span class='ocrx_word' id='word_1_161' title='bbox 330 1517 551 1563; x_wconf 81' lang='grc' dir='ltr'>Ἐπανῆλθον</span> <span class='ocrx_word' id='word_1_162' title='bbox 575 1516 611 1554; x_wconf 80' lang='grc' dir='ltr'>δὲ</span> <span class='ocrx_word' id='word_1_163' title='bbox 628 1516 690 1555; x_wconf 79' lang='grc' dir='ltr'>καὶ</span> <span class='ocrx_word' id='word_1_164' title='bbox 710 1518 741 1555; x_wconf 80' lang='grc' dir='ltr'>οἵ</span> <span class='ocrx_word' id='word_1_165' title='bbox 754 1515 829 1568; x_wconf 59' lang='grc' dir='ltr'>ιἀπὸ</span> <span class='ocrx_word' id='word_1_166' title='bbox 851 1516 1047 1568; x_wconf 82' lang='grc' dir='ltr'>Γερμανίας</span> <span class='ocrx_word' id='word_1_167' title='bbox 1067 1518 1151 1564; x_wconf 85' lang='grc' dir='ltr'>ἐλη-</span> 
     </span>
     <span class='ocr_line' id='line_1_23' title="bbox 93 1574 1152 1628; baseline -0.004 -12"><span class='ocrx_word' id='word_1_168' title='bbox 93 1576 232 1621; x_wconf 88' lang='grc' dir='ltr'>λυθότες</span> <span class='ocrx_word' id='word_1_169' title='bbox 249 1575 448 1628; x_wconf 77' lang='grc' dir='ltr'>σύμμαχοι·</span> <span class='ocrx_word' id='word_1_170' title='bbox 461 1574 597 1628; x_wconf 80' lang='grc' dir='ltr'>ἐθάρρει</span> <span class='ocrx_word' id='word_1_171' title='bbox 612 1575 679 1627; x_wconf 83' lang='grc' dir='ltr'>γὰρ</span> <span class='ocrx_word' id='word_1_172' title='bbox 695 1577 810 1613; x_wconf 77' lang='grc' dir='ltr'>αὐτῶν</span> <span class='ocrx_word' id='word_1_173' title='bbox 826 1578 868 1627; x_wconf 81' lang='grc' dir='ltr'>τῇ</span> <span class='ocrx_word' id='word_1_174' title='bbox 887 1574 1013 1627; x_wconf 76' lang='grc' dir='ltr'>εὐνοίᾳ,</span> <span class='ocrx_word' id='word_1_175' title='bbox 1031 1577 1076 1618; x_wconf 85' lang='grc' dir='ltr'>ὡς</span> <span class='ocrx_word' id='word_1_176' title='bbox 1092 1575 1152 1613; x_wconf 75' lang='grc' dir='ltr'>καὶ</span> 
     </span>
     <span class='ocr_line' id='line_1_24' title="bbox 95 1632 1152 1687; baseline -0.003 -13"><span class='ocrx_word' id='word_1_177' title='bbox 95 1639 154 1674; x_wconf 85' lang='grc' dir='ltr'>τοῦ</span> <span class='ocrx_word' id='word_1_178' title='bbox 165 1635 281 1679; x_wconf 87' lang='grc' dir='ltr'>ἔθνους</span> <span class='ocrx_word' id='word_1_179' title='bbox 295 1632 454 1678; x_wconf 80' lang='grc' dir='ltr'>ἐπιεικῶς</span> <span class='ocrx_word' id='word_1_180' title='bbox 470 1633 638 1686; x_wconf 88' lang='grc' dir='ltr'>πρότερον</span> <span class='ocrx_word' id='word_1_181' title='bbox 656 1633 774 1687; x_wconf 83' lang='grc' dir='ltr'>ἄρξας,</span> <span class='ocrx_word' id='word_1_182' title='bbox 787 1633 844 1671; x_wconf 77' lang='grc' dir='ltr'>ὅτε</span> <span class='ocrx_word' id='word_1_183' title='bbox 862 1632 1047 1671; x_wconf 82' lang='grc' dir='ltr'>ἷὸιώτευεν.</span> <span class='ocrx_word' id='word_1_184' title='bbox 1067 1635 1152 1672; x_wconf 86' lang='grc' dir='ltr'>Εἰσ-</span> 
     </span>
     <span class='ocr_line' id='line_1_25' title="bbox 96 1691 1152 1747; baseline -0.004 -14"><span class='ocrx_word' id='word_1_185' title='bbox 96 1694 181 1733; x_wconf 88' lang='grc' dir='ltr'>ιόντι</span> <span class='ocrx_word' id='word_1_186' title='bbox 212 1694 249 1733; x_wconf 84' lang='grc' dir='ltr'>δὲ</span> <span class='ocrx_word' id='word_1_187' title='bbox 278 1695 374 1747; x_wconf 76' lang='grc' dir='ltr'>αὐτῷ</span> <span class='ocrx_word' id='word_1_188' title='bbox 403 1695 449 1737; x_wconf 89' lang='grc' dir='ltr'>εἷς</span> <span class='ocrx_word' id='word_1_189' title='bbox 483 1691 546 1740; x_wconf 86' lang='grc' dir='ltr'>τὴν</span> <span class='ocrx_word' id='word_1_190' title='bbox 568 1692 715 1742; x_wconf 88' lang='grc' dir='ltr'>Ῥώμην</span> <span class='ocrx_word' id='word_1_191' title='bbox 744 1692 767 1730; x_wconf 75' lang='grc' dir='ltr'>δ’</span> <span class='ocrx_word' id='word_1_192' title='bbox 783 1708 820 1730; x_wconf 89' lang='grc' dir='ltr'>τε</span> <span class='ocrx_word' id='word_1_193' title='bbox 843 1691 1016 1735; x_wconf 68' lang='grc' dir='ltr'>Βαλὸἷνος</span> <span class='ocrx_word' id='word_1_194' title='bbox 1037 1692 1152 1740; x_wconf 79' lang='grc' dir='ltr'>ὑπήν-</span> 
     </span>
     <span class='ocr_line' id='line_1_26' title="bbox 55 1750 1150 1805; baseline -0.004 -13"><span class='ocrx_word' id='word_1_195' title='bbox 55 1767 58 1771; x_wconf 88' lang='grc'>’</span> <span class='ocrx_word' id='word_1_196' title='bbox 94 1752 423 1805; x_wconf 51' lang='grc' dir='ltr'>τετο,&lt;ἐπαγόμενος</span> <span class='ocrx_word' id='word_1_197' title='bbox 440 1751 629 1805; x_wconf 86' lang='grc' dir='ltr'>Γορδιανὸν</span> <span class='ocrx_word' id='word_1_198' title='bbox 650 1751 835 1804; x_wconf 87' lang='grc' dir='ltr'>Καίσαρα,</span> <span class='ocrx_word' id='word_1_199' title='bbox 855 1750 878 1798; x_wconf 74' lang='grc' dir='ltr'>ἦ</span> <span class='ocrx_word' id='word_1_200' title='bbox 898 1767 934 1789; x_wconf 91' lang='grc' dir='ltr'>τε</span> <span class='ocrx_word' id='word_1_201' title='bbox 956 1751 1150 1802; x_wconf 86' lang='grc' dir='ltr'>σύγκλητος</span> 
     </span>
     <span class='ocr_line' id='line_1_27' title="bbox 95 1809 1153 1865; baseline -0.003 -14"><span class='ocrx_word' id='word_1_202' title='bbox 95 1813 156 1851; x_wconf 76' lang='grc' dir='ltr'>καὶ</span> <span class='ocrx_word' id='word_1_203' title='bbox 176 1814 194 1851; x_wconf 81' lang='grc' dir='ltr'><strong>ὃ</strong></span> <span class='ocrx_word' id='word_1_204' title='bbox 213 1813 322 1863; x_wconf 78' lang='grc' dir='ltr'>δῆμος</span> <span class='ocrx_word' id='word_1_205' title='bbox 340 1814 575 1865; x_wconf 74' lang='grc' dir='ltr'>εὐφημοῦντες</span> <span class='ocrx_word' id='word_1_206' title='bbox 594 1810 714 1864; x_wconf 79' lang='grc' dir='ltr'>ὥσπερ</span> <span class='ocrx_word' id='word_1_207' title='bbox 742 1809 998 1863; x_wconf 71' lang='grc' dir='ltr'>θριαμὸεύοντα</span> <span class='ocrx_word' id='word_1_208' title='bbox 1026 1810 1153 1848; x_wconf 78' lang='grc' dir='ltr'>ὑπεδέ-</span> 
     </span>
     <span class='ocr_line' id='line_1_28' title="bbox 94 1869 1152 1925; baseline -0.002 -15"><span class='ocrx_word' id='word_1_209' title='bbox 94 1887 220 1925; x_wconf 85' lang='grc' dir='ltr'>χοντο·</span> <span class='ocrx_word' id='word_1_210' title='bbox 238 1871 359 1925; x_wconf 84' lang='grc' dir='ltr'>ἔχαιρέ</span> <span class='ocrx_word' id='word_1_211' title='bbox 374 1887 411 1909; x_wconf 90' lang='grc' dir='ltr'>τε</span> <span class='ocrx_word' id='word_1_212' title='bbox 431 1873 449 1909; x_wconf 84' lang='grc' dir='ltr'>ὃ</span> <span class='ocrx_word' id='word_1_213' title='bbox 471 1872 581 1922; x_wconf 70' lang='grc' dir='ltr'>δῆμος</span> <span class='ocrx_word' id='word_1_214' title='bbox 609 1872 744 1919; x_wconf 84' lang='grc' dir='ltr'>αὐτοῖς,</span> <span class='ocrx_word' id='word_1_215' title='bbox 772 1869 1023 1921; x_wconf 86' lang='grc' dir='ltr'>σεμνυνόμενος</span> <span class='ocrx_word' id='word_1_216' title='bbox 1044 1871 1152 1908; x_wconf 78' lang='grc' dir='ltr'>εὐπα-</span> 
     </span>
     <span class='ocr_line' id='line_1_29' title="bbox 96 1929 722 1984; baseline -0.002 -15"><span class='ocrx_word' id='word_1_217' title='bbox 96 1930 227 1984; x_wconf 84' lang='grc' dir='ltr'>τρίδαις</span> <span class='ocrx_word' id='word_1_218' title='bbox 246 1931 307 1969; x_wconf 82' lang='grc' dir='ltr'>καὶ</span> <span class='ocrx_word' id='word_1_219' title='bbox 327 1930 430 1975; x_wconf 86' lang='grc' dir='ltr'>ἀξίοις</span> <span class='ocrx_word' id='word_1_220' title='bbox 445 1933 507 1976; x_wconf 88' lang='grc' dir='ltr'>τ’ῆς</span> <span class='ocrx_word' id='word_1_221' title='bbox 528 1929 722 1982; x_wconf 85' lang='grc' dir='ltr'>βασιλείας.</span> 
     </span>
    </p>

    <p class='ocr_par' dir='ltr' id='par_1_6' title="bbox 46 1986 1156 3160">
     <span class='ocr_line' id='line_1_30' title="bbox 152 1986 1154 2041; baseline -0.004 -13"><span class='ocrx_word' id='word_1_222' title='bbox 152 2003 198 2028; x_wconf 77' lang='lat'>14.</span> <span class='ocrx_word' id='word_1_223' title='bbox 221 1991 268 2029; x_wconf 85' lang='grc' dir='ltr'>Οἱ</span> <span class='ocrx_word' id='word_1_224' title='bbox 286 1989 322 2028; x_wconf 81' lang='grc' dir='ltr'>δὲ</span> <span class='ocrx_word' id='word_1_225' title='bbox 335 1991 550 2041; x_wconf 81' lang='grc' dir='ltr'>στρατιῶται</span> <span class='ocrx_word' id='word_1_226' title='bbox 565 1988 746 2027; x_wconf 83' lang='grc' dir='ltr'>διοίδαινον</span> <span class='ocrx_word' id='word_1_227' title='bbox 761 1986 821 2031; x_wconf 81' lang='grc' dir='ltr'>τὰς</span> <span class='ocrx_word' id='word_1_228' title='bbox 837 1986 951 2040; x_wconf 80' lang='grc' dir='ltr'>ψυχὰς</span> <span class='ocrx_word' id='word_1_229' title='bbox 965 1986 1154 2039; x_wconf 74' lang='grc' dir='ltr'>ἐὸαροῦντό</span> 
     </span>
     <span class='ocr_line' id='line_1_31' title="bbox 97 2044 1153 2099; baseline -0.002 -14"><span class='ocrx_word' id='word_1_230' title='bbox 97 2048 167 2099; x_wconf 81' lang='grc' dir='ltr'>[τε]</span> <span class='ocrx_word' id='word_1_231' title='bbox 190 2048 303 2085; x_wconf 79' lang='grc' dir='ltr'>αὐτῶν</span> <span class='ocrx_word' id='word_1_232' title='bbox 325 2046 433 2094; x_wconf 85' lang='grc' dir='ltr'>αὐτὴν</span> <span class='ocrx_word' id='word_1_233' title='bbox 453 2045 515 2093; x_wconf 78' lang='grc' dir='ltr'>τὴν</span> <span class='ocrx_word' id='word_1_234' title='bbox 546 2045 731 2097; x_wconf 82' lang='grc' dir='ltr'>εὐγένειαν,</span> <span class='ocrx_word' id='word_1_235' title='bbox 763 2045 823 2083; x_wconf 82' lang='grc' dir='ltr'>καὶ</span> <span class='ocrx_word' id='word_1_236' title='bbox 852 2044 1070 2096; x_wconf 84' lang='grc' dir='ltr'>ἠγανάκτουν</span> <span class='ocrx_word' id='word_1_237' title='bbox 1102 2044 1153 2083; x_wconf 83' lang='grc' dir='ltr'>ὅτι</span> 
     </span>
     <span class='ocr_line' id='line_1_32' title="bbox 97 2103 1152 2158; baseline -0.003 -15"><span class='ocrx_word' id='word_1_238' title='bbox 97 2105 168 2157; x_wconf 82' lang='grc' dir='ltr'>ἄρα</span> <span class='ocrx_word' id='word_1_239' title='bbox 198 2105 310 2158; x_wconf 84' lang='grc' dir='ltr'>ἔχοιεν</span> <span class='ocrx_word' id='word_1_240' title='bbox 343 2106 382 2143; x_wconf 89' lang='grc' dir='ltr'>ἐκ</span> <span class='ocrx_word' id='word_1_241' title='bbox 404 2105 601 2156; x_wconf 78' lang='grc' dir='ltr'>συγκλήτου</span> <span class='ocrx_word' id='word_1_242' title='bbox 624 2106 750 2157; x_wconf 77' lang='grc' dir='ltr'>βουλῆς</span> <span class='ocrx_word' id='word_1_243' title='bbox 772 2103 951 2156; x_wconf 83' lang='grc' dir='ltr'>βασιλέας.</span> <span class='ocrx_word' id='word_1_244' title='bbox 977 2103 1152 2142; x_wconf 85' lang='grc' dir='ltr'>Ἐλύπουν</span> 
     </span>
     <span class='ocr_line' id='line_1_33' title="bbox 98 2162 1152 2216; baseline -0.004 -13"><span class='ocrx_word' id='word_1_245' title='bbox 98 2165 134 2203; x_wconf 84' lang='grc' dir='ltr'>δὲ</span> <span class='ocrx_word' id='word_1_246' title='bbox 157 2164 282 2209; x_wconf 79' lang='grc' dir='ltr'>αὐτοὺς</span> <span class='ocrx_word' id='word_1_247' title='bbox 300 2163 361 2203; x_wconf 77' lang='grc' dir='ltr'>καὶ</span> <span class='ocrx_word' id='word_1_248' title='bbox 385 2166 416 2203; x_wconf 80' lang='grc' dir='ltr'>οἶ</span> <span class='ocrx_word' id='word_1_249' title='bbox 436 2163 612 2216; x_wconf 78' lang='grc' dir='ltr'>Γερμανοὶ</span> <span class='ocrx_word' id='word_1_250' title='bbox 641 2164 810 2215; x_wconf 84' lang='grc' dir='ltr'>παρόντες</span> <span class='ocrx_word' id='word_1_251' title='bbox 825 2178 834 2186; x_wconf 86' lang='grc'><em>·</em></span> <span class='ocrx_word' id='word_1_252' title='bbox 856 2162 1066 2206; x_wconf 87' lang='grc' dir='ltr'>ἀντιπάλους</span> <span class='ocrx_word' id='word_1_253' title='bbox 1086 2162 1152 2215; x_wconf 81' lang='grc' dir='ltr'>γὰρ</span> 
     </span>
     <span class='ocr_line' id='line_1_34' title="bbox 97 2220 1153 2276; baseline -0.004 -14"><span class='ocrx_word' id='word_1_254' title='bbox 97 2224 242 2271; x_wconf 83' lang='grc' dir='ltr'>ἤλπιζον</span> <span class='ocrx_word' id='word_1_255' title='bbox 263 2223 356 2275; x_wconf 82' lang='grc' dir='ltr'>ἔχειν</span> <span class='ocrx_word' id='word_1_256' title='bbox 369 2237 377 2245; x_wconf 89' lang='grc'><em>·</em></span> <span class='ocrx_word' id='word_1_257' title='bbox 397 2222 437 2261; x_wconf 90' lang='grc' dir='ltr'>τό</span> <span class='ocrx_word' id='word_1_258' title='bbox 456 2239 494 2260; x_wconf 92' lang='grc' dir='ltr'>τε</span> <span class='ocrx_word' id='word_1_259' title='bbox 522 2222 681 2276; x_wconf 74' lang='grc' dir='ltr'>Σεὸήρου</span> <span class='ocrx_word' id='word_1_260' title='bbox 704 2222 898 2272; x_wconf 77' lang='grc' dir='ltr'>ὑπόδειγμα</span> <span class='ocrx_word' id='word_1_261' title='bbox 926 2220 1049 2264; x_wconf 80' lang='grc' dir='ltr'>αὐτοὺς</span> <span class='ocrx_word' id='word_1_262' title='bbox 1070 2221 1153 2259; x_wconf 88' lang='grc' dir='ltr'>ἐτά-</span> 
     </span>
     <span class='ocr_line' id='line_1_35' title="bbox 99 2279 1149 2335; baseline -0.004 -15"><span class='ocrx_word' id='word_1_263' title='bbox 99 2297 238 2335; x_wconf 83' lang='grc' dir='ltr'>ραττεν,</span> <span class='ocrx_word' id='word_1_264' title='bbox 256 2281 291 2326; x_wconf 83' lang='grc' dir='ltr'>ὃς</span> <span class='ocrx_word' id='word_1_265' title='bbox 321 2280 399 2325; x_wconf 81' lang='grc' dir='ltr'>τοὺς</span> <span class='ocrx_word' id='word_1_266' title='bbox 428 2281 631 2332; x_wconf 87' lang='grc' dir='ltr'>Περτίνακα</span> <span class='ocrx_word' id='word_1_267' title='bbox 663 2280 936 2323; x_wconf 86' lang='grc' dir='ltr'>ἀποκτείναντας</span> <span class='ocrx_word' id='word_1_268' title='bbox 957 2279 1149 2324; x_wconf 86' lang='grc' dir='ltr'>ἀπέσωζεν.</span> 
     </span>
     <span class='ocr_line' id='line_1_36' title="bbox 46 2338 1152 2391; baseline -0.005 -11"><span class='ocrx_word' id='word_1_269' title='bbox 46 2380 54 2388; x_wconf 69' lang='grc'>,</span> <span class='ocrx_word' id='word_1_270' title='bbox 98 2340 392 2391; x_wconf 85' lang='grc' dir='ltr'>Ἐπιτελουμένου</span> <span class='ocrx_word' id='word_1_271' title='bbox 410 2339 446 2378; x_wconf 80' lang='grc' dir='ltr'>δὲ</span> <span class='ocrx_word' id='word_1_272' title='bbox 469 2343 601 2391; x_wconf 84' lang='grc' dir='ltr'>ἀγῶνος</span> <span class='ocrx_word' id='word_1_273' title='bbox 618 2343 676 2378; x_wconf 87' lang='grc' dir='ltr'>τοῦ</span> <span class='ocrx_word' id='word_1_274' title='bbox 698 2342 766 2377; x_wconf 81' lang='grc' dir='ltr'>τῶν</span> <span class='ocrx_word' id='word_1_275' title='bbox 787 2338 1040 2385; x_wconf 89' lang='grc' dir='ltr'>Καπιτωλίων,</span> <span class='ocrx_word' id='word_1_276' title='bbox 1061 2338 1152 2376; x_wconf 89' lang='grc' dir='ltr'>πάν-</span> 
     </span>
     <span class='ocr_line' id='line_1_37' title="bbox 97 2396 1153 2453; baseline -0.005 -14"><span class='ocrx_word' id='word_1_277' title='bbox 97 2417 166 2439; x_wconf 85' lang='grc' dir='ltr'>των</span> <span class='ocrx_word' id='word_1_278' title='bbox 186 2417 223 2439; x_wconf 88' lang='grc' dir='ltr'>τε</span> <span class='ocrx_word' id='word_1_279' title='bbox 246 2400 327 2453; x_wconf 75' lang='grc' dir='ltr'>περὶ</span> <span class='ocrx_word' id='word_1_280' title='bbox 346 2399 409 2447; x_wconf 76' lang='grc' dir='ltr'>τὴν</span> <span class='ocrx_word' id='word_1_281' title='bbox 439 2398 634 2451; x_wconf 80' lang='grc' dir='ltr'>πανήγυριν</span> <span class='ocrx_word' id='word_1_282' title='bbox 664 2396 944 2450; x_wconf 82' lang='grc' dir='ltr'>ἀσχολουμένων,</span> <span class='ocrx_word' id='word_1_283' title='bbox 977 2397 1153 2450; x_wconf 80' lang='grc' dir='ltr'>αἰφνιδίως</span> 
     </span>
     <span class='ocr_line' id='line_1_38' title="bbox 98 2454 1151 2512; baseline -0.005 -13"><span class='ocrx_word' id='word_1_284' title='bbox 98 2460 141 2508; x_wconf 90' lang='grc' dir='ltr'>ἣν</span> <span class='ocrx_word' id='word_1_285' title='bbox 163 2454 255 2512; x_wconf 66' lang='grc' dir='ltr'>εἶχον</span> <span class='ocrx_word' id='word_1_286' title='bbox 276 2458 419 2510; x_wconf 82' lang='grc' dir='ltr'>γνώμην</span> <span class='ocrx_word' id='word_1_287' title='bbox 436 2458 674 2496; x_wconf 85' lang='grc' dir='ltr'>λανθάνουσαν</span> <span class='ocrx_word' id='word_1_288' title='bbox 696 2457 874 2509; x_wconf 80' lang='grc' dir='ltr'>ἐξέφηναν,</span> <span class='ocrx_word' id='word_1_289' title='bbox 894 2456 954 2494; x_wconf 81' lang='grc' dir='ltr'>καὶ</span> <span class='ocrx_word' id='word_1_290' title='bbox 971 2459 1027 2494; x_wconf 86' lang='grc' dir='ltr'>τοῦ</span> <span class='ocrx_word' id='word_1_291' title='bbox 1043 2459 1151 2507; x_wconf 65' lang='grc' dir='ltr'>θυμοῦ</span> 
     </span>
     <span class='ocr_line' id='line_1_39' title="bbox 100 2514 1152 2570; baseline -0.004 -14"><span class='ocrx_word' id='word_1_292' title='bbox 100 2517 151 2570; x_wconf 83' lang='grc' dir='ltr'>μὴ</span> <span class='ocrx_word' id='word_1_293' title='bbox 170 2517 406 2570; x_wconf 86' lang='grc' dir='ltr'>κρατήσαντες</span> <span class='ocrx_word' id='word_1_294' title='bbox 432 2518 578 2563; x_wconf 67' lang='grc' dir='ltr'>ἀνῆλθον</span> <span class='ocrx_word' id='word_1_295' title='bbox 599 2515 820 2566; x_wconf 83' lang='grc' dir='ltr'>ὁμοθυμαδὸν</span> <span class='ocrx_word' id='word_1_296' title='bbox 839 2516 886 2558; x_wconf 84' lang='grc' dir='ltr'>εἷς</span> <span class='ocrx_word' id='word_1_297' title='bbox 906 2514 949 2553; x_wconf 87' lang='grc' dir='ltr'>τὰ</span> <span class='ocrx_word' id='word_1_298' title='bbox 974 2515 1152 2566; x_wconf 89' lang='grc' dir='ltr'>βασίλεια,</span> 
     </span>
     <span class='ocr_line' id='line_1_40' title="bbox 99 2573 1153 2628; baseline -0.005 -13"><span class='ocrx_word' id='word_1_299' title='bbox 99 2577 160 2616; x_wconf 83' lang='grc' dir='ltr'>καὶ</span> <span class='ocrx_word' id='word_1_300' title='bbox 179 2582 249 2619; x_wconf 87' lang='grc' dir='ltr'>τοῖς</span> <span class='ocrx_word' id='word_1_301' title='bbox 265 2575 476 2628; x_wconf 75' lang='grc' dir='ltr'>πρεσὸύταις</span> <span class='ocrx_word' id='word_1_302' title='bbox 493 2577 694 2627; x_wconf 87' lang='grc' dir='ltr'>βασιλεῦσιν</span> <span class='ocrx_word' id='word_1_303' title='bbox 719 2574 941 2620; x_wconf 82' lang='grc' dir='ltr'>ἐπεισῆλθον.</span> <span class='ocrx_word' id='word_1_304' title='bbox 963 2573 1153 2612; x_wconf 76' lang='grc' dir='ltr'>Συνέὸαινε</span> 
     </span>
     <span class='ocr_line' id='line_1_41' title="bbox 101 2626 1153 2685; baseline -0.004 -12"><span class='ocrx_word' id='word_1_305' title='bbox 101 2635 138 2674; x_wconf 84' lang='grc' dir='ltr'>δὲ</span> <span class='ocrx_word' id='word_1_306' title='bbox 167 2634 346 2678; x_wconf 83' lang='grc' dir='ltr'>κάκείνους</span> <span class='ocrx_word' id='word_1_307' title='bbox 378 2634 427 2685; x_wconf 88' lang='grc' dir='ltr'>μὴ</span> <span class='ocrx_word' id='word_1_308' title='bbox 458 2634 550 2672; x_wconf 88' lang='grc' dir='ltr'>πάνυ</span> <span class='ocrx_word' id='word_1_309' title='bbox 571 2649 603 2671; x_wconf 92' lang='grc' dir='ltr'>τι</span> <span class='ocrx_word' id='word_1_310' title='bbox 633 2633 797 2680; x_wconf 89' lang='grc' dir='ltr'>ἀλλήλοις</span> <span class='ocrx_word' id='word_1_311' title='bbox 827 2632 996 2683; x_wconf 82' lang='grc' dir='ltr'>ὁμονοεῖν,</span> <span class='ocrx_word' id='word_1_312' title='bbox 1028 2626 1153 2684; x_wconf 65' lang='grc' dir='ltr'>οἷάπερ</span> 
     </span>
     <span class='ocr_line' id='line_1_42' title="bbox 101 2690 1153 2746; baseline -0.005 -14"><span class='ocrx_word' id='word_1_313' title='bbox 101 2697 123 2740; x_wconf 86' lang='grc' dir='ltr'>ἡ</span> <span class='ocrx_word' id='word_1_314' title='bbox 146 2692 338 2746; x_wconf 85' lang='grc' dir='ltr'>μοναρχίας</span> <span class='ocrx_word' id='word_1_315' title='bbox 358 2693 524 2743; x_wconf 88' lang='grc' dir='ltr'>ἐπιθυμία</span> <span class='ocrx_word' id='word_1_316' title='bbox 546 2692 645 2730; x_wconf 87' lang='grc' dir='ltr'>εἴωθε</span> <span class='ocrx_word' id='word_1_317' title='bbox 665 2696 775 2729; x_wconf 86' lang='grc' dir='ltr'>ποιεῖν</span> <span class='ocrx_word' id='word_1_318' title='bbox 788 2706 796 2715; x_wconf 93' lang='grc'><strong><em>·</em></strong></span> <span class='ocrx_word' id='word_1_319' title='bbox 817 2690 902 2742; x_wconf 79' lang='grc' dir='ltr'>ὅπερ</span> <span class='ocrx_word' id='word_1_320' title='bbox 923 2692 1037 2735; x_wconf 78' lang='grc' dir='ltr'>αὐτοῖς</span> <span class='ocrx_word' id='word_1_321' title='bbox 1053 2690 1153 2742; x_wconf 85' lang='grc' dir='ltr'>γέγο-</span> 
     </span>
     <span class='ocr_line' id='line_1_43' title="bbox 101 2749 1154 2802; baseline -0.004 -11"><span class='ocrx_word' id='word_1_322' title='bbox 101 2768 157 2791; x_wconf 92' lang='grc' dir='ltr'>νεν</span> <span class='ocrx_word' id='word_1_323' title='bbox 177 2751 352 2795; x_wconf 82' lang='grc' dir='ltr'>ἀπωλείας</span> <span class='ocrx_word' id='word_1_324' title='bbox 370 2751 495 2792; x_wconf 86' lang='grc' dir='ltr'>αἴτιον.</span> <span class='ocrx_word' id='word_1_325' title='bbox 517 2750 578 2796; x_wconf 89' lang='grc' dir='ltr'>Ὡς</span> <span class='ocrx_word' id='word_1_326' title='bbox 596 2750 665 2802; x_wconf 84' lang='grc' dir='ltr'>γὰρ</span> <span class='ocrx_word' id='word_1_327' title='bbox 690 2749 835 2789; x_wconf 86' lang='grc' dir='ltr'>ἐπύθετο</span> <span class='ocrx_word' id='word_1_328' title='bbox 854 2752 871 2788; x_wconf 85' lang='grc' dir='ltr'><strong>ὁ</strong></span> <span class='ocrx_word' id='word_1_329' title='bbox 888 2749 1049 2797; x_wconf 83' lang='grc' dir='ltr'>Μάξιμος</span> <span class='ocrx_word' id='word_1_330' title='bbox 1073 2751 1154 2802; x_wconf 84' lang='grc' dir='ltr'>ἀφι-</span> 
     </span>
     <span class='ocr_line' id='line_1_44' title="bbox 101 2808 1154 2864; baseline -0.004 -14"><span class='ocrx_word' id='word_1_331' title='bbox 101 2815 257 2850; x_wconf 86' lang='grc' dir='ltr'>κνεῖσθαι</span> <span class='ocrx_word' id='word_1_332' title='bbox 270 2811 348 2855; x_wconf 82' lang='grc' dir='ltr'>τοὺς</span> <span class='ocrx_word' id='word_1_333' title='bbox 364 2810 641 2864; x_wconf 77' lang='grc' dir='ltr'>πραιτωριανοὺς</span> <span class='ocrx_word' id='word_1_334' title='bbox 654 2809 900 2861; x_wconf 88' lang='grc' dir='ltr'>καλουμένους,</span> <span class='ocrx_word' id='word_1_335' title='bbox 913 2808 1076 2847; x_wconf 75' lang='grc' dir='ltr'>ἐὸούλετο</span> <span class='ocrx_word' id='word_1_336' title='bbox 1090 2824 1154 2859; x_wconf 89' lang='grc' dir='ltr'>με-</span> 
     </span>
     <span class='ocr_line' id='line_1_45' title="bbox 101 2866 1154 2924; baseline -0.003 -15"><span class='ocrx_word' id='word_1_337' title='bbox 101 2869 358 2924; x_wconf 66' lang='grc' dir='ltr'>ταπέμψασθαι</span> <span class='ocrx_word' id='word_1_338' title='bbox 376 2869 454 2913; x_wconf 76' lang='grc' dir='ltr'>τοὺς</span> <span class='ocrx_word' id='word_1_339' title='bbox 470 2868 672 2923; x_wconf 77' lang='grc' dir='ltr'>Γερμανοὺς</span> <span class='ocrx_word' id='word_1_340' title='bbox 692 2867 913 2921; x_wconf 85' lang='grc' dir='ltr'>συμμάχους.</span> <span class='ocrx_word' id='word_1_341' title='bbox 936 2867 981 2907; x_wconf 78' lang='lat' dir='ltr'>‘O</span> <span class='ocrx_word' id='word_1_342' title='bbox 1001 2866 1036 2906; x_wconf 80' lang='grc' dir='ltr'>δὲ</span> <span class='ocrx_word' id='word_1_343' title='bbox 1055 2870 1154 2907; x_wconf 86' lang='grc' dir='ltr'>Βαλ-</span> 
     </span>
     <span class='ocr_line' id='line_1_46' title="bbox 103 2921 1154 2980; baseline -0.004 -12"><span class='ocrx_word' id='word_1_344' title='bbox 103 2929 197 2974; x_wconf 73' lang='grc' dir='ltr'>ὅῒνος</span> <span class='ocrx_word' id='word_1_345' title='bbox 221 2928 376 2980; x_wconf 87' lang='grc' dir='ltr'>οἰόμενος</span> <span class='ocrx_word' id='word_1_346' title='bbox 393 2927 492 2967; x_wconf 91' lang='grc' dir='ltr'>δόλον</span> <span class='ocrx_word' id='word_1_347' title='bbox 507 2927 584 2966; x_wconf 82' lang='grc' dir='ltr'>τινὰ</span> <span class='ocrx_word' id='word_1_348' title='bbox 602 2921 689 2966; x_wconf 70' lang='grc' dir='ltr'>εἶναι</span> <span class='ocrx_word' id='word_1_349' title='bbox 705 2929 782 2966; x_wconf 89' lang='grc' dir='ltr'>κατ’</span> <span class='ocrx_word' id='word_1_350' title='bbox 801 2930 906 2966; x_wconf 78' lang='grc' dir='ltr'>αὐτοῦ</span> <span class='ocrx_word' id='word_1_351' title='bbox 921 2927 982 2966; x_wconf 84' lang='grc' dir='ltr'>καὶ</span> <span class='ocrx_word' id='word_1_352' title='bbox 999 2926 1154 2979; x_wconf 88' lang='grc' dir='ltr'>σόφισμα</span> 
     </span>
     <span class='ocr_line' id='line_1_47' title="bbox 104 2986 1155 3042; baseline -0.004 -15"><span class='ocrx_word' id='word_1_353' title='bbox 104 2989 204 3042; x_wconf 86' lang='grc' dir='ltr'>(ᾔδει</span> <span class='ocrx_word' id='word_1_354' title='bbox 224 2988 292 3042; x_wconf 83' lang='grc' dir='ltr'>γὰρ</span> <span class='ocrx_word' id='word_1_355' title='bbox 319 2987 398 3032; x_wconf 78' lang='grc' dir='ltr'>τοὺς</span> <span class='ocrx_word' id='word_1_356' title='bbox 421 2986 621 3040; x_wconf 77' lang='grc' dir='ltr'>Γερμανοὺς</span> <span class='ocrx_word' id='word_1_357' title='bbox 647 2989 697 3041; x_wconf 82' lang='grc' dir='ltr'>τῷ</span> <span class='ocrx_word' id='word_1_358' title='bbox 726 2986 881 3039; x_wconf 82' lang='grc' dir='ltr'>Μαξίμῳ</span> <span class='ocrx_word' id='word_1_359' title='bbox 911 2988 1155 3035; x_wconf 78' lang='grc' dir='ltr'>εὐνοοῦντας),</span> 
     </span>
     <span class='ocr_line' id='line_1_48' title="bbox 103 3044 1156 3101; baseline -0.004 -15"><span class='ocrx_word' id='word_1_360' title='bbox 103 3047 253 3094; x_wconf 83' lang='grc' dir='ltr'>ἐκώλυε,</span> <span class='ocrx_word' id='word_1_361' title='bbox 290 3046 434 3101; x_wconf 80' lang='grc' dir='ltr'>φάσκων</span> <span class='ocrx_word' id='word_1_362' title='bbox 463 3047 501 3085; x_wconf 83' lang='grc' dir='ltr'>οὗ</span> <span class='ocrx_word' id='word_1_363' title='bbox 533 3045 590 3084; x_wconf 89' lang='grc' dir='ltr'>διὰ</span> <span class='ocrx_word' id='word_1_364' title='bbox 620 3045 698 3090; x_wconf 79' lang='grc' dir='ltr'>τοὺς</span> <span class='ocrx_word' id='word_1_365' title='bbox 729 3044 1004 3099; x_wconf 75' lang='grc' dir='ltr'>πραιτωριανοὺς</span> <span class='ocrx_word' id='word_1_366' title='bbox 1033 3044 1156 3088; x_wconf 77' lang='grc' dir='ltr'>αὐτοὺς</span> 
     </span>
     <span class='ocr_line' id='line_1_49' title="bbox 104 3099 1155 3160; baseline -0.004 -16"><span class='ocrx_word' id='word_1_367' title='bbox 104 3099 302 3160; x_wconf 75' lang='grc' dir='ltr'>ἀφίξεσθαι,</span> <span class='ocrx_word' id='word_1_368' title='bbox 331 3106 409 3143; x_wconf 87' lang='grc' dir='ltr'>ἀλλ’</span> <span class='ocrx_word' id='word_1_369' title='bbox 430 3107 477 3149; x_wconf 86' lang='grc' dir='ltr'>εἷς</span> <span class='ocrx_word' id='word_1_370' title='bbox 498 3104 537 3143; x_wconf 85' lang='grc' dir='ltr'>τὸ</span> <span class='ocrx_word' id='word_1_371' title='bbox 570 3107 798 3158; x_wconf 74' lang='grc' dir='ltr'>περιποιῆσαι</span> <span class='ocrx_word' id='word_1_372' title='bbox 829 3107 879 3157; x_wconf 83' lang='grc' dir='ltr'>τῷ</span> <span class='ocrx_word' id='word_1_373' title='bbox 907 3103 1064 3155; x_wconf 80' lang='grc' dir='ltr'>Μαξίμῳ</span> <span class='ocrx_word' id='word_1_374' title='bbox 1093 3102 1155 3150; x_wconf 77' lang='grc' dir='ltr'>τὴν</span> 
     </span>
    </p>
   </div>
   <div class='ocr_carea' id='block_1_5' title="bbox 2176 269 2250 303">
    <p class='ocr_par' dir='ltr' id='par_1_7' title="bbox 2176 269 2250 303">
     <span class='ocr_line' id='line_1_50' title="bbox 2176 269 2250 303; baseline 0 -1"><span class='ocrx_word' id='word_1_375' title='bbox 2176 269 2250 303; x_wconf 81' lang='grc'>597</span> 
     </span>
    </p>
   </div>
   <div class='ocr_carea' id='block_1_6' title="bbox 1210 344 2264 1567">
    <p class='ocr_par' dir='ltr' id='par_1_8' title="bbox 1210 344 2264 1567">
     <span class='ocr_line' id='line_1_51' title="bbox 1211 344 2252 403; baseline 0.008 -22"><span class='ocrx_word' id='word_1_376' title='bbox 1211 344 1331 392; x_wconf 82' lang='grc' dir='ltr'>μόντες</span> <span class='ocrx_word' id='word_1_377' title='bbox 1347 346 1377 382; x_wconf 83' lang='grc' dir='ltr'>οἱ</span> <span class='ocrx_word' id='word_1_378' title='bbox 1398 346 1630 397; x_wconf 87' lang='grc' dir='ltr'>στρατιῶται,</span> <span class='ocrx_word' id='word_1_379' title='bbox 1649 346 1843 385; x_wconf 85' lang='grc' dir='ltr'>ἐκστάντων</span> <span class='ocrx_word' id='word_1_380' title='bbox 1860 350 1971 392; x_wconf 82' lang='grc' dir='ltr'>αὐτοῖς</span> <span class='ocrx_word' id='word_1_381' title='bbox 1986 352 2052 388; x_wconf 82' lang='grc' dir='ltr'>τῶν</span> <span class='ocrx_word' id='word_1_382' title='bbox 2069 351 2252 403; x_wconf 79' lang='grc' dir='ltr'>πυλωρῶν,</span> 
     </span>
     <span class='ocr_line' id='line_1_52' title="bbox 1211 402 2255 461; baseline 0.006 -20"><span class='ocrx_word' id='word_1_383' title='bbox 1211 403 1404 455; x_wconf 81' lang='grc' dir='ltr'>ἁρπάζουσι</span> <span class='ocrx_word' id='word_1_384' title='bbox 1425 402 1502 447; x_wconf 78' lang='grc' dir='ltr'>τοὺς</span> <span class='ocrx_word' id='word_1_385' title='bbox 1523 403 1741 456; x_wconf 72' lang='grc' dir='ltr'>πρεσὸύτας·</span> <span class='ocrx_word' id='word_1_386' title='bbox 1765 408 2030 458; x_wconf 82' lang='grc' dir='ltr'>περιρρήξαντες</span> <span class='ocrx_word' id='word_1_387' title='bbox 2051 409 2086 446; x_wconf 79' lang='grc' dir='ltr'>δὲ</span> <span class='ocrx_word' id='word_1_388' title='bbox 2107 409 2146 453; x_wconf 81' lang='grc' dir='ltr'>ἃς</span> <span class='ocrx_word' id='word_1_389' title='bbox 2163 403 2255 461; x_wconf 70' lang='grc' dir='ltr'>εἶχον</span> 
     </span>
     <span class='ocr_line' id='line_1_53' title="bbox 1211 458 2257 518; baseline 0.007 -19"><span class='ocrx_word' id='word_1_390' title='bbox 1211 463 1379 512; x_wconf 73' lang='grc' dir='ltr'>ἐσθῆτας,</span> <span class='ocrx_word' id='word_1_391' title='bbox 1398 460 1547 513; x_wconf 74' lang='grc' dir='ltr'>γυμνοὺς</span> <span class='ocrx_word' id='word_1_392' title='bbox 1567 465 1628 507; x_wconf 83' lang='grc' dir='ltr'>τ’ῆς</span> <span class='ocrx_word' id='word_1_393' title='bbox 1651 464 1826 514; x_wconf 85' lang='grc' dir='ltr'>βασιλείου</span> <span class='ocrx_word' id='word_1_394' title='bbox 1844 466 1950 511; x_wconf 75' lang='grc' dir='ltr'>αὐλῆς</span> <span class='ocrx_word' id='word_1_395' title='bbox 1969 458 2144 518; x_wconf 82' lang='grc' dir='ltr'>ἐξάγουσιν</span> <span class='ocrx_word' id='word_1_396' title='bbox 2167 468 2257 518; x_wconf 79' lang='grc' dir='ltr'>μετὰ</span> 
     </span>
     <span class='ocr_line' id='line_1_54' title="bbox 1210 519 2258 574; baseline 0.007 -17"><span class='ocrx_word' id='word_1_397' title='bbox 1210 519 1326 567; x_wconf 85' lang='grc' dir='ltr'>πάσης</span> <span class='ocrx_word' id='word_1_398' title='bbox 1349 520 1518 572; x_wconf 80' lang='grc' dir='ltr'>αἰσχύνης</span> <span class='ocrx_word' id='word_1_399' title='bbox 1550 520 1611 558; x_wconf 76' lang='grc' dir='ltr'>καὶ</span> <span class='ocrx_word' id='word_1_400' title='bbox 1639 520 1791 574; x_wconf 75' lang='grc' dir='ltr'>ὕὸρεως,</span> <span class='ocrx_word' id='word_1_401' title='bbox 1814 523 1972 567; x_wconf 83' lang='grc' dir='ltr'>παίοντες</span> <span class='ocrx_word' id='word_1_402' title='bbox 1998 525 2057 562; x_wconf 80' lang='grc' dir='ltr'>καὶ</span> <span class='ocrx_word' id='word_1_403' title='bbox 2092 525 2258 563; x_wconf 85' lang='grc' dir='ltr'>ἀποσκώ-</span> 
     </span>
     <span class='ocr_line' id='line_1_55' title="bbox 1212 578 2259 634; baseline 0.007 -19"><span class='ocrx_word' id='word_1_404' title='bbox 1212 593 1368 625; x_wconf 83' lang='grc' dir='ltr'>πτοντες,</span> <span class='ocrx_word' id='word_1_405' title='bbox 1382 578 1521 628; x_wconf 87' lang='grc' dir='ltr'>γενείων</span> <span class='ocrx_word' id='word_1_406' title='bbox 1532 594 1569 616; x_wconf 91' lang='grc' dir='ltr'>τε</span> <span class='ocrx_word' id='word_1_407' title='bbox 1581 578 1640 617; x_wconf 82' lang='grc' dir='ltr'>καὶ</span> <span class='ocrx_word' id='word_1_408' title='bbox 1656 580 1790 632; x_wconf 77' lang='grc' dir='ltr'>ὀφρύων</span> <span class='ocrx_word' id='word_1_409' title='bbox 1805 587 2026 633; x_wconf 84' lang='grc' dir='ltr'>σπαραγμοῖς</span> <span class='ocrx_word' id='word_1_410' title='bbox 2043 583 2116 634; x_wconf 74' lang='grc' dir='ltr'>[καὶ</span> <span class='ocrx_word' id='word_1_411' title='bbox 2130 583 2259 626; x_wconf 86' lang='grc' dir='ltr'>πάσαις</span> 
     </span>
     <span class='ocr_line' id='line_1_56' title="bbox 1213 636 2259 692; baseline 0.004 -18"><span class='ocrx_word' id='word_1_412' title='bbox 1213 637 1291 681; x_wconf 84' lang='grc' dir='ltr'>ταῖς</span> <span class='ocrx_word' id='word_1_413' title='bbox 1310 640 1371 675; x_wconf 86' lang='grc' dir='ltr'>τοῦ</span> <span class='ocrx_word' id='word_1_414' title='bbox 1398 636 1562 687; x_wconf 85' lang='grc' dir='ltr'>σώματος</span> <span class='ocrx_word' id='word_1_415' title='bbox 1592 636 1724 681; x_wconf 69' lang='grc' dir='ltr'>λώῧαις</span> <span class='ocrx_word' id='word_1_416' title='bbox 1751 639 2054 692; x_wconf 85' lang='grc' dir='ltr'>ἐμπαροινοῦντες.</span> <span class='ocrx_word' id='word_1_417' title='bbox 2087 641 2189 680; x_wconf 81' lang='grc' dir='ltr'>Ἐπεὶ</span> <span class='ocrx_word' id='word_1_418' title='bbox 2224 641 2259 678; x_wconf 82' lang='grc' dir='ltr'>δὲ</span> 
     </span>
     <span class='ocr_line' id='line_1_57' title="bbox 1210 695 2262 749; baseline 0.005 -17"><span class='ocrx_word' id='word_1_419' title='bbox 1210 699 1322 733; x_wconf 88' lang='grc' dir='ltr'>ταῦτα</span> <span class='ocrx_word' id='word_1_420' title='bbox 1350 695 1565 747; x_wconf 82' lang='grc' dir='ltr'>πυθόμενοι]</span> <span class='ocrx_word' id='word_1_421' title='bbox 1598 698 1630 734; x_wconf 78' lang='grc' dir='ltr'>οἱ</span> <span class='ocrx_word' id='word_1_422' title='bbox 1663 697 1838 749; x_wconf 82' lang='grc' dir='ltr'>Γερμανοὶ</span> <span class='ocrx_word' id='word_1_423' title='bbox 1869 696 1961 735; x_wconf 78' lang='grc' dir='ltr'>ὅπλα</span> <span class='ocrx_word' id='word_1_424' title='bbox 1986 698 2183 748; x_wconf 70' lang='grc' dir='ltr'>ἐλάμὸανον</span> <span class='ocrx_word' id='word_1_425' title='bbox 2215 702 2262 742; x_wconf 81' lang='grc' dir='ltr'>ὡς</span> 
     </span>
     <span class='ocr_line' id='line_1_58' title="bbox 1212 755 2260 810; baseline 0.004 -19"><span class='ocrx_word' id='word_1_426' title='bbox 1212 755 1423 804; x_wconf 75' lang='grc' dir='ltr'>ἀμυνοῦντες</span> <span class='ocrx_word' id='word_1_427' title='bbox 1443 756 1578 801; x_wconf 85' lang='grc' dir='ltr'>αὐτοῖς,</span> <span class='ocrx_word' id='word_1_428' title='bbox 1594 756 1761 806; x_wconf 87' lang='grc' dir='ltr'>μαθόντες</span> <span class='ocrx_word' id='word_1_429' title='bbox 1779 758 1810 794; x_wconf 79' lang='grc' dir='ltr'>οἱ</span> <span class='ocrx_word' id='word_1_430' title='bbox 1827 757 2077 810; x_wconf 82' lang='grc' dir='ltr'>πραιτωριανοὶ</span> <span class='ocrx_word' id='word_1_431' title='bbox 2098 759 2260 808; x_wconf 85' lang='grc' dir='ltr'>ἀφικνου-</span> 
     </span>
     <span class='ocr_line' id='line_1_59' title="bbox 1213 812 2260 866; baseline 0.002 -15"><span class='ocrx_word' id='word_1_432' title='bbox 1213 812 1335 862; x_wconf 87' lang='grc' dir='ltr'>μένους</span> <span class='ocrx_word' id='word_1_433' title='bbox 1355 813 1498 860; x_wconf 83' lang='grc' dir='ltr'>αὐτοὺς,</span> <span class='ocrx_word' id='word_1_434' title='bbox 1517 814 1767 866; x_wconf 84' lang='grc' dir='ltr'>[φονεύουσιν]</span> <span class='ocrx_word' id='word_1_435' title='bbox 1787 815 1855 862; x_wconf 78' lang='grc' dir='ltr'>ἤδη</span> <span class='ocrx_word' id='word_1_436' title='bbox 1880 821 1950 852; x_wconf 75' lang='grc' dir='ltr'>πᾶν</span> <span class='ocrx_word' id='word_1_437' title='bbox 1973 815 2012 854; x_wconf 82' lang='grc' dir='ltr'>τὸ</span> <span class='ocrx_word' id='word_1_438' title='bbox 2029 818 2130 866; x_wconf 83' lang='grc' dir='ltr'>σῶμα</span> <span class='ocrx_word' id='word_1_439' title='bbox 2151 817 2260 854; x_wconf 84' lang='grc' dir='ltr'>λελω·</span> 
     </span>
     <span class='ocr_line' id='line_1_60' title="bbox 1213 871 2261 926; baseline 0 -16"><span class='ocrx_word' id='word_1_440' title='bbox 1213 871 1384 919; x_wconf 66' lang='grc' dir='ltr'>ὅημένους</span> <span class='ocrx_word' id='word_1_441' title='bbox 1414 871 1492 915; x_wconf 75' lang='grc' dir='ltr'>τοὺς</span> <span class='ocrx_word' id='word_1_442' title='bbox 1526 871 1712 924; x_wconf 83' lang='grc' dir='ltr'>βασιλέας,</span> <span class='ocrx_word' id='word_1_443' title='bbox 1748 873 1858 920; x_wconf 79' lang='grc' dir='ltr'>[καὶ]</span> <span class='ocrx_word' id='word_1_444' title='bbox 1899 873 1957 912; x_wconf 81' lang='grc' dir='ltr'>ἐπὶ</span> <span class='ocrx_word' id='word_1_445' title='bbox 1992 877 2054 920; x_wconf 77' lang='grc' dir='ltr'>τῆς</span> <span class='ocrx_word' id='word_1_446' title='bbox 2087 874 2261 926; x_wconf 77' lang='grc' dir='ltr'>λεωφόρου</span> 
     </span>
     <span class='ocr_line' id='line_1_61' title="bbox 1212 930 2262 985; baseline 0.001 -17"><span class='ocrx_word' id='word_1_447' title='bbox 1212 930 1430 984; x_wconf 79' lang='grc' dir='ltr'>ἀπέρριψαν·</span> <span class='ocrx_word' id='word_1_448' title='bbox 1453 930 1623 982; x_wconf 81' lang='grc' dir='ltr'>ἀράμενοί</span> <span class='ocrx_word' id='word_1_449' title='bbox 1655 947 1692 969; x_wconf 88' lang='grc' dir='ltr'>τε</span> <span class='ocrx_word' id='word_1_450' title='bbox 1712 931 1769 970; x_wconf 82' lang='grc' dir='ltr'>τὸν</span> <span class='ocrx_word' id='word_1_451' title='bbox 1804 933 1991 984; x_wconf 85' lang='grc' dir='ltr'>Γορδιανὸν</span> <span class='ocrx_word' id='word_1_452' title='bbox 2025 933 2262 985; x_wconf 78' lang='grc' dir='ltr'>αὐτοκράτορα</span> 
     </span>
     <span class='ocr_line' id='line_1_62' title="bbox 1212 985 2263 1042; baseline 0.001 -16"><span class='ocrx_word' id='word_1_453' title='bbox 1212 989 1496 1040; x_wconf 64' lang='grc' dir='ltr'>ἀναγορεύουσιν,</span> <span class='ocrx_word' id='word_1_454' title='bbox 1519 989 1638 1033; x_wconf 83' lang='grc' dir='ltr'>ἐπειδὴ</span> <span class='ocrx_word' id='word_1_455' title='bbox 1659 989 1744 1042; x_wconf 84' lang='grc' dir='ltr'>πρὸς</span> <span class='ocrx_word' id='word_1_456' title='bbox 1759 990 1798 1028; x_wconf 84' lang='grc' dir='ltr'>τὸ</span> <span class='ocrx_word' id='word_1_457' title='bbox 1816 990 1928 1042; x_wconf 85' lang='grc' dir='ltr'>παρὸν</span> <span class='ocrx_word' id='word_1_458' title='bbox 1945 991 2050 1029; x_wconf 87' lang='grc' dir='ltr'>ἄλλον</span> <span class='ocrx_word' id='word_1_459' title='bbox 2069 991 2135 1042; x_wconf 81' lang='grc' dir='ltr'>οὐχ</span> <span class='ocrx_word' id='word_1_460' title='bbox 2153 985 2263 1042; x_wconf 69' lang='grc' dir='ltr'>εῧρον·</span> 
     </span>
     <span class='ocr_line' id='line_1_63' title="bbox 1214 1046 2259 1100; baseline 0.002 -15"><span class='ocrx_word' id='word_1_461' title='bbox 1214 1047 1359 1099; x_wconf 83' lang='grc' dir='ltr'>βοῶντές</span> <span class='ocrx_word' id='word_1_462' title='bbox 1386 1062 1423 1084; x_wconf 90' lang='grc' dir='ltr'>τε</span> <span class='ocrx_word' id='word_1_463' title='bbox 1443 1046 1527 1098; x_wconf 82' lang='grc' dir='ltr'>πρὸς</span> <span class='ocrx_word' id='word_1_464' title='bbox 1547 1046 1604 1085; x_wconf 79' lang='grc' dir='ltr'>τὸν</span> <span class='ocrx_word' id='word_1_465' title='bbox 1627 1048 1753 1098; x_wconf 77' lang='grc' dir='ltr'>δῆμον,</span> <span class='ocrx_word' id='word_1_466' title='bbox 1779 1047 1831 1086; x_wconf 81' lang='grc' dir='ltr'>ὅτι</span> <span class='ocrx_word' id='word_1_467' title='bbox 1860 1049 1927 1100; x_wconf 89' lang='grc' dir='ltr'>ἄρα</span> <span class='ocrx_word' id='word_1_468' title='bbox 1949 1049 2070 1096; x_wconf 88' lang='grc' dir='ltr'>εἴησαν</span> <span class='ocrx_word' id='word_1_469' title='bbox 2098 1048 2259 1087; x_wconf 83' lang='grc' dir='ltr'>ἀποκτεί-</span> 
     </span>
     <span class='ocr_line' id='line_1_64' title="bbox 1212 1104 2255 1159; baseline 0.001 -16"><span class='ocrx_word' id='word_1_470' title='bbox 1212 1121 1349 1152; x_wconf 89' lang='grc' dir='ltr'>ναντες,</span> <span class='ocrx_word' id='word_1_471' title='bbox 1371 1104 1427 1148; x_wconf 77' lang='grc' dir='ltr'>οὒς</span> <span class='ocrx_word' id='word_1_472' title='bbox 1444 1107 1461 1142; x_wconf 82' lang='grc' dir='ltr'>ὁ</span> <span class='ocrx_word' id='word_1_473' title='bbox 1481 1106 1589 1155; x_wconf 75' lang='grc' dir='ltr'>δῆμος</span> <span class='ocrx_word' id='word_1_474' title='bbox 1607 1107 1640 1144; x_wconf 88' lang='grc' dir='ltr'>ἐν</span> <span class='ocrx_word' id='word_1_475' title='bbox 1658 1107 1751 1158; x_wconf 84' lang='grc' dir='ltr'>ἀρχῇ</span> <span class='ocrx_word' id='word_1_476' title='bbox 1769 1108 1830 1145; x_wconf 83' lang='grc' dir='ltr'>οὐκ</span> <span class='ocrx_word' id='word_1_477' title='bbox 1851 1107 2012 1145; x_wconf 76' lang='grc' dir='ltr'>ἐὸούλετο</span> <span class='ocrx_word' id='word_1_478' title='bbox 2033 1106 2156 1159; x_wconf 84' lang='grc' dir='ltr'>ἄρξαι,</span> <span class='ocrx_word' id='word_1_479' title='bbox 2175 1110 2255 1159; x_wconf 40' lang='grc' dir='ltr'>Γορμ</span> 
     </span>
     <span class='ocr_line' id='line_1_65' title="bbox 1213 1163 2260 1216; baseline 0 -14"><span class='ocrx_word' id='word_1_480' title='bbox 1213 1163 1328 1202; x_wconf 84' lang='grc' dir='ltr'>διανόν</span> <span class='ocrx_word' id='word_1_481' title='bbox 1342 1179 1379 1202; x_wconf 89' lang='grc' dir='ltr'>τε</span> <span class='ocrx_word' id='word_1_482' title='bbox 1395 1163 1620 1212; x_wconf 81' lang='grc' dir='ltr'>ἐπελέξαντο,</span> <span class='ocrx_word' id='word_1_483' title='bbox 1638 1164 1767 1203; x_wconf 89' lang='grc' dir='ltr'>ἐκείνου</span> <span class='ocrx_word' id='word_1_484' title='bbox 1784 1181 1821 1203; x_wconf 89' lang='grc' dir='ltr'>τε</span> <span class='ocrx_word' id='word_1_485' title='bbox 1835 1165 2016 1216; x_wconf 88' lang='grc' dir='ltr'>ἀπόγονον,</span> <span class='ocrx_word' id='word_1_486' title='bbox 2034 1166 2094 1203; x_wconf 89' lang='grc' dir='ltr'>καὶ</span> <span class='ocrx_word' id='word_1_487' title='bbox 2110 1165 2146 1203; x_wconf 86' lang='grc' dir='ltr'>ὃν</span> <span class='ocrx_word' id='word_1_488' title='bbox 2163 1165 2260 1203; x_wconf 77' lang='grc' dir='ltr'>αὐτοὶ</span> 
     </span>
     <span class='ocr_line' id='line_1_66' title="bbox 1213 1221 2262 1275; baseline 0 -14"><span class='ocrx_word' id='word_1_489' title='bbox 1213 1221 1388 1272; x_wconf 84' lang='grc' dir='ltr'>Ῥωμαῖοι</span> <span class='ocrx_word' id='word_1_490' title='bbox 1405 1221 1645 1267; x_wconf 69' lang='grc' dir='ltr'>ἐξεὸιάσαντο·</span> <span class='ocrx_word' id='word_1_491' title='bbox 1660 1223 1796 1275; x_wconf 84' lang='grc' dir='ltr'>ἔχοντές</span> <span class='ocrx_word' id='word_1_492' title='bbox 1811 1239 1847 1262; x_wconf 90' lang='grc' dir='ltr'>τε</span> <span class='ocrx_word' id='word_1_493' title='bbox 1866 1224 1966 1262; x_wconf 81' lang='grc' dir='ltr'>αὐτὸν</span> <span class='ocrx_word' id='word_1_494' title='bbox 1985 1224 2139 1270; x_wconf 78' lang='grc' dir='ltr'>ἀπῆλθον</span> <span class='ocrx_word' id='word_1_495' title='bbox 2159 1225 2204 1266; x_wconf 87' lang='grc' dir='ltr'>εἷς</span> <span class='ocrx_word' id='word_1_496' title='bbox 2223 1223 2262 1261; x_wconf 88' lang='grc' dir='ltr'>τὸ</span> 
     </span>
     <span class='ocr_line' id='line_1_67' title="bbox 1213 1280 2263 1334; baseline 0.001 -16"><span class='ocrx_word' id='word_1_497' title='bbox 1213 1280 1462 1333; x_wconf 80' lang='grc' dir='ltr'>στρατόπεδον,</span> <span class='ocrx_word' id='word_1_498' title='bbox 1477 1280 1537 1319; x_wconf 77' lang='grc' dir='ltr'>καὶ</span> <span class='ocrx_word' id='word_1_499' title='bbox 1554 1281 1752 1324; x_wconf 85' lang='grc' dir='ltr'>κλείσαντες</span> <span class='ocrx_word' id='word_1_500' title='bbox 1765 1281 1825 1325; x_wconf 83' lang='grc' dir='ltr'>τὰς</span> <span class='ocrx_word' id='word_1_501' title='bbox 1839 1282 1943 1334; x_wconf 85' lang='grc' dir='ltr'>θύρας</span> <span class='ocrx_word' id='word_1_502' title='bbox 1959 1281 2147 1333; x_wconf 80' lang='grc' dir='ltr'>ἡσύχαζον.</span> <span class='ocrx_word' id='word_1_503' title='bbox 2165 1284 2210 1320; x_wconf 83' lang='grc' dir='ltr'>Οἱ</span> <span class='ocrx_word' id='word_1_504' title='bbox 2227 1280 2263 1319; x_wconf 84' lang='grc' dir='ltr'>δὲ</span> 
     </span>
     <span class='ocr_line' id='line_1_68' title="bbox 1213 1334 2264 1393; baseline -0.002 -15"><span class='ocrx_word' id='word_1_505' title='bbox 1213 1339 1388 1391; x_wconf 80' lang='grc' dir='ltr'>Γερμανοὶ</span> <span class='ocrx_word' id='word_1_506' title='bbox 1400 1338 1566 1389; x_wconf 86' lang='grc' dir='ltr'>μαθόντες</span> <span class='ocrx_word' id='word_1_507' title='bbox 1578 1339 1813 1392; x_wconf 83' lang='grc' dir='ltr'>ἀνῃρημένους</span> <span class='ocrx_word' id='word_1_508' title='bbox 1824 1341 1883 1378; x_wconf 88' lang='grc' dir='ltr'>καὶ</span> <span class='ocrx_word' id='word_1_509' title='bbox 1896 1339 2132 1393; x_wconf 80' lang='grc' dir='ltr'>ἐρριμμένους,</span> <span class='ocrx_word' id='word_1_510' title='bbox 2144 1334 2190 1377; x_wconf 63' lang='grc' dir='ltr'>ὧν</span> <span class='ocrx_word' id='word_1_511' title='bbox 2201 1355 2226 1391; x_wconf 84' lang='grc' dir='ltr'>χ</span> <span class='ocrx_word' id='word_1_512' title='bbox 2229 1339 2264 1376; x_wconf 85' lang='grc' dir='ltr'>ά-</span> 
     </span>
     <span class='ocr_line' id='line_1_69' title="bbox 1216 1397 2263 1451; baseline -0.002 -15"><span class='ocrx_word' id='word_1_513' title='bbox 1216 1414 1266 1451; x_wconf 92' lang='grc' dir='ltr'>ριν</span> <span class='ocrx_word' id='word_1_514' title='bbox 1275 1397 1469 1448; x_wconf 83' lang='grc' dir='ltr'>ἠπείγοντο,</span> <span class='ocrx_word' id='word_1_515' title='bbox 1478 1399 1544 1449; x_wconf 84' lang='grc' dir='ltr'>οὖχ</span> <span class='ocrx_word' id='word_1_516' title='bbox 1554 1398 1711 1448; x_wconf 83' lang='grc' dir='ltr'>ἑλόμενοι</span> <span class='ocrx_word' id='word_1_517' title='bbox 1719 1398 1871 1448; x_wconf 85' lang='grc' dir='ltr'>πόλεμον</span> <span class='ocrx_word' id='word_1_518' title='bbox 1882 1399 2029 1448; x_wconf 89' lang='grc' dir='ltr'>μάταιον</span> <span class='ocrx_word' id='word_1_519' title='bbox 2037 1397 2122 1451; x_wconf 82' lang='grc' dir='ltr'>ὑπὲρ</span> <span class='ocrx_word' id='word_1_520' title='bbox 2132 1398 2263 1449; x_wconf 86' lang='grc' dir='ltr'>ἀνδρῶν</span> 
     </span>
     <span class='ocr_line' id='line_1_70' title="bbox 1213 1455 2262 1507; baseline -0.002 -13"><span class='ocrx_word' id='word_1_521' title='bbox 1213 1455 1443 1505; x_wconf 88' lang='grc' dir='ltr'>τεθνηκότων,</span> <span class='ocrx_word' id='word_1_522' title='bbox 1464 1457 1656 1502; x_wconf 78' lang='grc' dir='ltr'>ἐπανῆλθον</span> <span class='ocrx_word' id='word_1_523' title='bbox 1677 1457 1710 1499; x_wconf 88' lang='grc' dir='ltr'>ἐς</span> <span class='ocrx_word' id='word_1_524' title='bbox 1724 1456 1761 1494; x_wconf 87' lang='grc' dir='ltr'>τὸ</span> <span class='ocrx_word' id='word_1_525' title='bbox 1779 1458 1894 1495; x_wconf 83' lang='grc' dir='ltr'>αὐτῶν</span> <span class='ocrx_word' id='word_1_526' title='bbox 1907 1456 2138 1507; x_wconf 86' lang='grc' dir='ltr'>καταγώγιον.</span> <span class='ocrx_word' id='word_1_527' title='bbox 2156 1456 2262 1495; x_wconf 82' lang='grc' dir='ltr'>Τέλει</span> 
     </span>
     <span class='ocr_line' id='line_1_71' title="bbox 1217 1512 2259 1567; baseline -0.002 -14"><span class='ocrx_word' id='word_1_528' title='bbox 1217 1515 1279 1566; x_wconf 81' lang='grc' dir='ltr'>μὲν</span> <span class='ocrx_word' id='word_1_529' title='bbox 1302 1514 1343 1561; x_wconf 87' lang='grc' dir='ltr'>δὴ</span> <span class='ocrx_word' id='word_1_530' title='bbox 1361 1512 1505 1567; x_wconf 83' lang='grc' dir='ltr'>τοιούτῳ</span> <span class='ocrx_word' id='word_1_531' title='bbox 1525 1514 1721 1567; x_wconf 80' lang='grc' dir='ltr'>ἐχρήσαντο</span> <span class='ocrx_word' id='word_1_532' title='bbox 1740 1516 1771 1553; x_wconf 78' lang='grc' dir='ltr'>οἱ</span> <span class='ocrx_word' id='word_1_533' title='bbox 1791 1514 2033 1567; x_wconf 86' lang='grc' dir='ltr'>προειρημένοι</span> <span class='ocrx_word' id='word_1_534' title='bbox 2051 1514 2259 1567; x_wconf 68' lang='grc' dir='ltr'>πρεσόῦται.</span> 
     </span>
    </p>
   </div>
   <div class='ocr_carea' id='block_1_7' title="bbox 1269 1595 2265 1811">
    <p class='ocr_par' dir='ltr' id='par_1_9' title="bbox 1269 1595 2265 1811">
     <span class='ocr_line' id='line_1_72' title="bbox 1699 1595 1786 1637; baseline 0.034 -10"><span class='ocrx_word' id='word_1_535' title='bbox 1699 1595 1786 1637; x_wconf 77' lang='grc'><strong>147.</strong></span> 
     </span>
     <span class='ocr_line' id='line_1_73' title="bbox 1592 1677 1894 1717; baseline -0.01 -1"><span class='ocrx_word' id='word_1_536' title='bbox 1592 1677 1894 1717; x_wconf 82' lang='grc' dir='ltr'>ῙὉΡΔΙΑΝΟΣ.</span> 
     </span>
     <span class='ocr_line' id='line_1_74' title="bbox 1269 1757 2265 1811; baseline -0.002 -13"><span class='ocrx_word' id='word_1_537' title='bbox 1269 1762 1368 1800; x_wconf 84' lang='lat' dir='ltr'><strong>Ibid.</strong></span> <span class='ocrx_word' id='word_1_538' title='bbox 1394 1775 1436 1811; x_wconf 88' lang='lat' dir='ltr'>p.</span> <span class='ocrx_word' id='word_1_539' title='bbox 1454 1760 1502 1798; x_wconf 86' lang='lat'>56</span> <span class='ocrx_word' id='word_1_540' title='bbox 1524 1774 1532 1797; x_wconf 75' lang='grc' dir='ltr'>ε</span> <span class='ocrx_word' id='word_1_541' title='bbox 1551 1757 1638 1799; x_wconf 67' lang='lat' dir='ltr'>“On</span> <span class='ocrx_word' id='word_1_542' title='bbox 1659 1758 1778 1805; x_wconf 84' lang='grc' dir='ltr'>ἐπειδὴ</span> <span class='ocrx_word' id='word_1_543' title='bbox 1797 1758 1855 1796; x_wconf 81' lang='grc' dir='ltr'>καὶ</span> <span class='ocrx_word' id='word_1_544' title='bbox 1877 1757 2062 1810; x_wconf 82' lang='grc' dir='ltr'>Γορδιανὸν</span> <span class='ocrx_word' id='word_1_545' title='bbox 2083 1757 2207 1808; x_wconf 80' lang='grc' dir='ltr'>ἔμελλε</span> <span class='ocrx_word' id='word_1_546' title='bbox 2227 1759 2265 1796; x_wconf 85' lang='grc' dir='ltr'>τὸ</span> 
     </span>
    </p>
   </div>
   <div class='ocr_carea' id='block_1_8' title="bbox 1213 1817 2266 2857">
    <p class='ocr_par' dir='ltr' id='par_1_10' title="bbox 1213 1817 2266 2857">
     <span class='ocr_line' id='line_1_75' title="bbox 1216 1817 2265 1871; baseline -0.003 -14"><span class='ocrx_word' id='word_1_547' title='bbox 1216 1819 1329 1858; x_wconf 81' lang='grc' dir='ltr'>κοινὸν</span> <span class='ocrx_word' id='word_1_548' title='bbox 1346 1823 1406 1857; x_wconf 88' lang='grc' dir='ltr'>τοῦ</span> <span class='ocrx_word' id='word_1_549' title='bbox 1429 1818 1505 1871; x_wconf 81' lang='grc' dir='ltr'>βίου</span> <span class='ocrx_word' id='word_1_550' title='bbox 1525 1817 1739 1857; x_wconf 69' lang='grc' dir='ltr'>καταλαὸεῖν</span> <span class='ocrx_word' id='word_1_551' title='bbox 1758 1817 1872 1863; x_wconf 88' lang='grc' dir='ltr'>τέλος,</span> <span class='ocrx_word' id='word_1_552' title='bbox 1896 1819 1913 1854; x_wconf 83' lang='grc' dir='ltr'><strong><em>ὃ</em></strong></span> <span class='ocrx_word' id='word_1_553' title='bbox 1929 1820 1990 1863; x_wconf 75' lang='grc' dir='ltr'>τῆς</span> <span class='ocrx_word' id='word_1_554' title='bbox 2013 1817 2140 1869; x_wconf 87' lang='grc' dir='ltr'>Συρίας</span> <span class='ocrx_word' id='word_1_555' title='bbox 2157 1818 2265 1867; x_wconf 81' lang='grc' dir='ltr'>ἡγού-</span> 
     </span>
     <span class='ocr_line' id='line_1_76' title="bbox 1216 1872 2264 1928; baseline -0.002 -13"><span class='ocrx_word' id='word_1_556' title='bbox 1216 1893 1315 1927; x_wconf 91' lang='grc' dir='ltr'>μενος</span> <span class='ocrx_word' id='word_1_557' title='bbox 1332 1876 1528 1915; x_wconf 82' lang='grc' dir='ltr'>ἐπιστέλλει</span> <span class='ocrx_word' id='word_1_558' title='bbox 1546 1876 1604 1914; x_wconf 83' lang='grc' dir='ltr'>τὸν</span> <span class='ocrx_word' id='word_1_559' title='bbox 1626 1872 1774 1926; x_wconf 84' lang='grc' dir='ltr'>Περσῶν</span> <span class='ocrx_word' id='word_1_560' title='bbox 1790 1874 1938 1926; x_wconf 88' lang='grc' dir='ltr'>βασιλέα</span> <span class='ocrx_word' id='word_1_561' title='bbox 1955 1874 2030 1918; x_wconf 78' lang='grc' dir='ltr'>τοὺς</span> <span class='ocrx_word' id='word_1_562' title='bbox 2049 1875 2152 1920; x_wconf 81' lang='grc' dir='ltr'>ἰδίους</span> <span class='ocrx_word' id='word_1_563' title='bbox 2170 1874 2264 1928; x_wconf 77' lang='grc' dir='ltr'>ὅρους</span> 
     </span>
     <span class='ocr_line' id='line_1_77' title="bbox 1215 1933 2265 1987; baseline -0.002 -14"><span class='ocrx_word' id='word_1_564' title='bbox 1215 1935 1416 1987; x_wconf 68' lang='grc' dir='ltr'>ὑπερὸάντα</span> <span class='ocrx_word' id='word_1_565' title='bbox 1436 1935 1498 1981; x_wconf 85' lang='grc' dir='ltr'>τὴν</span> <span class='ocrx_word' id='word_1_566' title='bbox 1528 1937 1595 1972; x_wconf 82' lang='grc' dir='ltr'>τῶν</span> <span class='ocrx_word' id='word_1_567' title='bbox 1630 1933 1819 1984; x_wconf 59' lang='grc' dir='ltr'>ζΡωμαίων</span> <span class='ocrx_word' id='word_1_568' title='bbox 1839 1937 1904 1985; x_wconf 73' lang='grc' dir='ltr'>γῆν</span> <span class='ocrx_word' id='word_1_569' title='bbox 1934 1933 2176 1985; x_wconf 75' lang='grc' dir='ltr'>κατατρέχειν,</span> <span class='ocrx_word' id='word_1_570' title='bbox 2206 1934 2265 1971; x_wconf 86' lang='grc' dir='ltr'>καὶ</span> 
     </span>
     <span class='ocr_line' id='line_1_78' title="bbox 1216 1991 2263 2044; baseline -0.004 -12"><span class='ocrx_word' id='word_1_571' title='bbox 1216 1995 1348 2032; x_wconf 83' lang='grc' dir='ltr'>δεῖσθαι</span> <span class='ocrx_word' id='word_1_572' title='bbox 1367 1997 1428 2040; x_wconf 75' lang='grc' dir='ltr'>τῆς</span> <span class='ocrx_word' id='word_1_573' title='bbox 1449 1995 1554 2031; x_wconf 82' lang='grc' dir='ltr'>αὐτοῦ</span> <span class='ocrx_word' id='word_1_574' title='bbox 1572 1992 1764 2044; x_wconf 89' lang='grc' dir='ltr'>παρουσίας</span> <span class='ocrx_word' id='word_1_575' title='bbox 1780 1991 1836 2029; x_wconf 83' lang='grc' dir='ltr'>τὸν</span> <span class='ocrx_word' id='word_1_576' title='bbox 1852 1991 2017 2041; x_wconf 92' lang='grc' dir='ltr'>πόλεμον.</span> <span class='ocrx_word' id='word_1_577' title='bbox 2037 1993 2158 2030; x_wconf 88' lang='grc' dir='ltr'>Ταῦτα</span> <span class='ocrx_word' id='word_1_578' title='bbox 2177 1993 2263 2042; x_wconf 85' lang='grc' dir='ltr'>Γορ-</span> 
     </span>
     <span class='ocr_line' id='line_1_79' title="bbox 1216 2048 2263 2101; baseline -0.003 -13"><span class='ocrx_word' id='word_1_579' title='bbox 1216 2051 1329 2095; x_wconf 84' lang='grc' dir='ltr'>διανὸς</span> <span class='ocrx_word' id='word_1_580' title='bbox 1348 2054 1366 2089; x_wconf 81' lang='grc' dir='ltr'><strong>ὁ</strong></span> <span class='ocrx_word' id='word_1_581' title='bbox 1386 2051 1458 2094; x_wconf 87' lang='grc' dir='ltr'>νέος</span> <span class='ocrx_word' id='word_1_582' title='bbox 1477 2050 1686 2100; x_wconf 81' lang='grc' dir='ltr'>πυθόμενος,</span> <span class='ocrx_word' id='word_1_583' title='bbox 1703 2050 1780 2088; x_wconf 90' lang='grc' dir='ltr'>λίαν</span> <span class='ocrx_word' id='word_1_584' title='bbox 1801 2065 1838 2088; x_wconf 87' lang='grc' dir='ltr'>τε</span> <span class='ocrx_word' id='word_1_585' title='bbox 1859 2052 1892 2087; x_wconf 86' lang='grc' dir='ltr'>ἐν</span> <span class='ocrx_word' id='word_1_586' title='bbox 1913 2049 2043 2101; x_wconf 79' lang='grc' dir='ltr'>ἀθυμία</span> <span class='ocrx_word' id='word_1_587' title='bbox 2063 2048 2263 2100; x_wconf 86' lang='grc' dir='ltr'>γενόμενος,</span> 
     </span>
     <span class='ocr_line' id='line_1_80' title="bbox 1214 2107 2263 2162; baseline -0.003 -14"><span class='ocrx_word' id='word_1_588' title='bbox 1214 2110 1307 2161; x_wconf 80' lang='grc' dir='ltr'>ὅμως</span> <span class='ocrx_word' id='word_1_589' title='bbox 1330 2109 1538 2161; x_wconf 82' lang='grc' dir='ltr'>ἐπαγγέλλει</span> <span class='ocrx_word' id='word_1_590' title='bbox 1566 2108 1629 2156; x_wconf 78' lang='grc' dir='ltr'>τὴν</span> <span class='ocrx_word' id='word_1_591' title='bbox 1651 2109 1708 2146; x_wconf 79' lang='grc' dir='ltr'>ἐπὶ</span> <span class='ocrx_word' id='word_1_592' title='bbox 1730 2109 1873 2162; x_wconf 83' lang='grc' dir='ltr'>Πέρσας</span> <span class='ocrx_word' id='word_1_593' title='bbox 1892 2107 2017 2155; x_wconf 83' lang='grc' dir='ltr'>ἔξοδον,</span> <span class='ocrx_word' id='word_1_594' title='bbox 2039 2107 2100 2145; x_wconf 77' lang='grc' dir='ltr'>καὶ</span> <span class='ocrx_word' id='word_1_595' title='bbox 2125 2107 2185 2151; x_wconf 83' lang='grc' dir='ltr'>τὰς</span> <span class='ocrx_word' id='word_1_596' title='bbox 2204 2111 2263 2146; x_wconf 87' lang='grc' dir='ltr'>τοῦ</span> 
     </span>
     <span class='ocr_line' id='line_1_81' title="bbox 1215 2166 2266 2221; baseline -0.002 -13"><span class='ocrx_word' id='word_1_597' title='bbox 1215 2169 1330 2208; x_wconf 86' lang='grc' dir='ltr'>Ἰανοῦ</span> <span class='ocrx_word' id='word_1_598' title='bbox 1351 2169 1465 2212; x_wconf 90' lang='grc' dir='ltr'>πύλας</span> <span class='ocrx_word' id='word_1_599' title='bbox 1484 2167 1723 2216; x_wconf 81' lang='grc' dir='ltr'>ἀναπετάσας,</span> <span class='ocrx_word' id='word_1_600' title='bbox 1741 2168 1844 2221; x_wconf 79' lang='grc' dir='ltr'>αἵπερ</span> <span class='ocrx_word' id='word_1_601' title='bbox 1862 2167 1919 2206; x_wconf 72' lang='grc' dir='ltr'>ἐπὶ</span> <span class='ocrx_word' id='word_1_602' title='bbox 1935 2170 2003 2205; x_wconf 83' lang='grc' dir='ltr'>τῶν</span> <span class='ocrx_word' id='word_1_603' title='bbox 2018 2166 2191 2217; x_wconf 83' lang='grc' dir='ltr'>μεγίστων</span> <span class='ocrx_word' id='word_1_604' title='bbox 2207 2183 2266 2206; x_wconf 86' lang='grc' dir='ltr'>πο·</span> 
     </span>
     <span class='ocr_line' id='line_1_82' title="bbox 1214 2225 2264 2280; baseline -0.004 -14"><span class='ocrx_word' id='word_1_605' title='bbox 1214 2228 1331 2278; x_wconf 86' lang='grc' dir='ltr'>λέμων</span> <span class='ocrx_word' id='word_1_606' title='bbox 1352 2227 1582 2278; x_wconf 88' lang='grc' dir='ltr'>διηνοίγοντο,</span> <span class='ocrx_word' id='word_1_607' title='bbox 1599 2226 1714 2280; x_wconf 86' lang='grc' dir='ltr'>ᾤχετο</span> <span class='ocrx_word' id='word_1_608' title='bbox 1730 2226 1815 2278; x_wconf 79' lang='grc' dir='ltr'>πρὸς</span> <span class='ocrx_word' id='word_1_609' title='bbox 1834 2226 1897 2273; x_wconf 74' lang='grc' dir='ltr'>τὴν</span> <span class='ocrx_word' id='word_1_610' title='bbox 1917 2225 1976 2266; x_wconf 79' lang='grc' dir='ltr'>ἕω.</span> <span class='ocrx_word' id='word_1_611' title='bbox 1997 2225 2067 2264; x_wconf 81' lang='grc' dir='ltr'>Καὶ</span> <span class='ocrx_word' id='word_1_612' title='bbox 2083 2227 2128 2269; x_wconf 88' lang='grc' dir='ltr'>ὡς</span> <span class='ocrx_word' id='word_1_613' title='bbox 2146 2227 2191 2268; x_wconf 88' lang='grc' dir='ltr'>εἷς</span> <span class='ocrx_word' id='word_1_614' title='bbox 2207 2225 2264 2263; x_wconf 85' lang='grc' dir='ltr'>τὸν</span> 
     </span>
     <span class='ocr_line' id='line_1_83' title="bbox 1216 2284 2262 2339; baseline -0.005 -14"><span class='ocrx_word' id='word_1_615' title='bbox 1216 2286 1403 2339; x_wconf 79' lang='grc' dir='ltr'>Εὐφράτην</span> <span class='ocrx_word' id='word_1_616' title='bbox 1436 2286 1579 2338; x_wconf 85' lang='grc' dir='ltr'>ἀφίκετο</span> <span class='ocrx_word' id='word_1_617' title='bbox 1607 2285 1654 2329; x_wconf 87' lang='grc' dir='ltr'>εἴς</span> <span class='ocrx_word' id='word_1_618' title='bbox 1684 2301 1721 2323; x_wconf 91' lang='grc' dir='ltr'>τε</span> <span class='ocrx_word' id='word_1_619' title='bbox 1752 2285 1796 2323; x_wconf 82' lang='grc' dir='ltr'>τὰ</span> <span class='ocrx_word' id='word_1_620' title='bbox 1821 2289 1879 2323; x_wconf 88' lang='grc' dir='ltr'>τοῦ</span> <span class='ocrx_word' id='word_1_621' title='bbox 1910 2284 2084 2336; x_wconf 89' lang='grc' dir='ltr'>Τίγρητος</span> <span class='ocrx_word' id='word_1_622' title='bbox 2116 2284 2262 2334; x_wconf 86' lang='grc' dir='ltr'>στόμια,</span> 
     </span>
     <span class='ocr_line' id='line_1_84' title="bbox 1214 2341 2263 2396; baseline -0.005 -13"><span class='ocrx_word' id='word_1_623' title='bbox 1214 2344 1405 2396; x_wconf 69' lang='grc' dir='ltr'>συμὸαλὼν</span> <span class='ocrx_word' id='word_1_624' title='bbox 1436 2350 1506 2387; x_wconf 85' lang='grc' dir='ltr'>τοῖς</span> <span class='ocrx_word' id='word_1_625' title='bbox 1537 2344 1745 2396; x_wconf 75' lang='grc' dir='ltr'>βαρὸάροις,</span> <span class='ocrx_word' id='word_1_626' title='bbox 1773 2343 2009 2394; x_wconf 79' lang='grc' dir='ltr'>εὐτυχέστατα</span> <span class='ocrx_word' id='word_1_627' title='bbox 2034 2341 2091 2379; x_wconf 84' lang='grc' dir='ltr'>τὸν</span> <span class='ocrx_word' id='word_1_628' title='bbox 2113 2342 2263 2391; x_wconf 90' lang='grc' dir='ltr'>πόλεμον</span> 
     </span>
     <span class='ocr_line' id='line_1_85' title="bbox 1215 2401 2266 2456; baseline -0.006 -14"><span class='ocrx_word' id='word_1_629' title='bbox 1215 2404 1399 2456; x_wconf 79' lang='grc' dir='ltr'>διεχείρισε</span> <span class='ocrx_word' id='word_1_630' title='bbox 1412 2433 1421 2451; x_wconf 93' lang='grc'>,</span> <span class='ocrx_word' id='word_1_631' title='bbox 1455 2403 1619 2454; x_wconf 90' lang='grc' dir='ltr'>μεγάλοις</span> <span class='ocrx_word' id='word_1_632' title='bbox 1655 2404 1766 2454; x_wconf 80' lang='grc' dir='ltr'>ἀγῶσι</span> <span class='ocrx_word' id='word_1_633' title='bbox 1799 2401 1860 2446; x_wconf 78' lang='grc' dir='ltr'>τὰς</span> <span class='ocrx_word' id='word_1_634' title='bbox 1894 2401 2071 2454; x_wconf 85' lang='grc' dir='ltr'>Παρθικὰς</span> <span class='ocrx_word' id='word_1_635' title='bbox 2104 2401 2266 2450; x_wconf 88' lang='grc' dir='ltr'>δυνάμεις</span> 
     </span>
     <span class='ocr_line' id='line_1_86' title="bbox 1213 2459 2265 2513; baseline -0.007 -11"><span class='ocrx_word' id='word_1_636' title='bbox 1213 2462 1441 2503; x_wconf 68' lang='grc' dir='ltr'>καταὸαλών.</span> <span class='ocrx_word' id='word_1_637' title='bbox 1461 2462 1617 2504; x_wconf 79' lang='grc' dir='ltr'>Ἐκεῖθεν</span> <span class='ocrx_word' id='word_1_638' title='bbox 1638 2460 1674 2500; x_wconf 80' lang='grc' dir='ltr'>δὲ</span> <span class='ocrx_word' id='word_1_639' title='bbox 1701 2461 1791 2511; x_wconf 81' lang='grc' dir='ltr'>μετὰ</span> <span class='ocrx_word' id='word_1_640' title='bbox 1807 2461 1845 2499; x_wconf 82' lang='grc' dir='ltr'>τὸ</span> <span class='ocrx_word' id='word_1_641' title='bbox 1860 2461 1969 2513; x_wconf 87' lang='grc' dir='ltr'>πέρας</span> <span class='ocrx_word' id='word_1_642' title='bbox 1993 2459 2154 2506; x_wconf 87' lang='grc' dir='ltr'>ἐπανιὼν,</span> <span class='ocrx_word' id='word_1_643' title='bbox 2175 2459 2265 2511; x_wconf 81' lang='grc' dir='ltr'>ἕκτῳ</span> 
     </span>
     <span class='ocr_line' id='line_1_87' title="bbox 1213 2516 2265 2574; baseline -0.005 -15"><span class='ocrx_word' id='word_1_644' title='bbox 1213 2525 1275 2569; x_wconf 74' lang='grc' dir='ltr'>τῆς</span> <span class='ocrx_word' id='word_1_645' title='bbox 1294 2521 1481 2574; x_wconf 84' lang='grc' dir='ltr'>ἡγεμονίας</span> <span class='ocrx_word' id='word_1_646' title='bbox 1502 2523 1667 2574; x_wconf 82' lang='grc' dir='ltr'>ἐνιαυτῷ,</span> <span class='ocrx_word' id='word_1_647' title='bbox 1688 2520 1772 2572; x_wconf 81' lang='grc' dir='ltr'>πρὸς</span> <span class='ocrx_word' id='word_1_648' title='bbox 1789 2520 1903 2563; x_wconf 79' lang='grc' dir='ltr'>αὐτοῖς</span> <span class='ocrx_word' id='word_1_649' title='bbox 1924 2520 1991 2567; x_wconf 85' lang='grc' dir='ltr'>ἤδη</span> <span class='ocrx_word' id='word_1_650' title='bbox 2011 2520 2081 2563; x_wconf 82' lang='grc' dir='ltr'>τοῖς</span> <span class='ocrx_word' id='word_1_651' title='bbox 2101 2516 2188 2570; x_wconf 77' lang='grc' dir='ltr'>ὅροις</span> <span class='ocrx_word' id='word_1_652' title='bbox 2204 2520 2265 2564; x_wconf 86' lang='grc' dir='ltr'>τ’ῆς</span> 
     </span>
     <span class='ocr_line' id='line_1_88' title="bbox 1214 2576 2266 2632; baseline -0.006 -13"><span class='ocrx_word' id='word_1_653' title='bbox 1214 2580 1343 2624; x_wconf 83' lang='grc' dir='ltr'>οἰκείας</span> <span class='ocrx_word' id='word_1_654' title='bbox 1363 2582 1491 2632; x_wconf 75' lang='grc' dir='ltr'>ἀρχῆς,</span> <span class='ocrx_word' id='word_1_655' title='bbox 1509 2578 1577 2617; x_wconf 80' lang='grc' dir='ltr'>ὑπὸ</span> <span class='ocrx_word' id='word_1_656' title='bbox 1597 2578 1782 2619; x_wconf 87' lang='grc' dir='ltr'>Φιλίππου</span> <span class='ocrx_word' id='word_1_657' title='bbox 1795 2609 1805 2629; x_wconf 97' lang='grc'>,</span> <span class='ocrx_word' id='word_1_658' title='bbox 1826 2578 1888 2625; x_wconf 78' lang='grc' dir='ltr'>τὴν</span> <span class='ocrx_word' id='word_1_659' title='bbox 1909 2578 2087 2630; x_wconf 85' lang='grc' dir='ltr'>βασιλείαν</span> <span class='ocrx_word' id='word_1_660' title='bbox 2108 2576 2266 2620; x_wconf 81' lang='grc' dir='ltr'>διαδεξα-</span> 
     </span>
     <span class='ocr_line' id='line_1_89' title="bbox 1215 2638 2264 2690; baseline -0.005 -12"><span class='ocrx_word' id='word_1_661' title='bbox 1215 2639 1333 2690; x_wconf 86' lang='grc' dir='ltr'>μένου,</span> <span class='ocrx_word' id='word_1_662' title='bbox 1350 2642 1410 2678; x_wconf 87' lang='grc' dir='ltr'>τοῦ</span> <span class='ocrx_word' id='word_1_663' title='bbox 1427 2640 1506 2677; x_wconf 86' lang='grc' dir='ltr'>κατ’</span> <span class='ocrx_word' id='word_1_664' title='bbox 1524 2639 1632 2677; x_wconf 85' lang='grc' dir='ltr'>ἐκεῖνο</span> <span class='ocrx_word' id='word_1_665' title='bbox 1649 2642 1774 2690; x_wconf 88' lang='grc' dir='ltr'>καιροῦ</span> <span class='ocrx_word' id='word_1_666' title='bbox 1791 2638 1853 2684; x_wconf 74' lang='grc' dir='ltr'>τὴν</span> <span class='ocrx_word' id='word_1_667' title='bbox 1873 2640 1940 2675; x_wconf 85' lang='grc' dir='ltr'>τῶν</span> <span class='ocrx_word' id='word_1_668' title='bbox 1956 2639 2176 2689; x_wconf 81' lang='grc' dir='ltr'>στρατιωτῶν</span> <span class='ocrx_word' id='word_1_669' title='bbox 2193 2651 2264 2674; x_wconf 89' lang='grc' dir='ltr'>νεο-</span> 
     </span>
     <span class='ocr_line' id='line_1_90' title="bbox 1214 2696 2263 2749; baseline -0.004 -13"><span class='ocrx_word' id='word_1_670' title='bbox 1214 2698 1319 2737; x_wconf 87' lang='grc' dir='ltr'>λαίαν</span> <span class='ocrx_word' id='word_1_671' title='bbox 1341 2699 1549 2748; x_wconf 86' lang='grc' dir='ltr'>ἀσκοῦντος,</span> <span class='ocrx_word' id='word_1_672' title='bbox 1573 2697 1806 2749; x_wconf 81' lang='grc' dir='ltr'>ἐδολοφονήθη</span> <span class='ocrx_word' id='word_1_673' title='bbox 1822 2712 1829 2720; x_wconf 95' lang='grc'><em>·</em></span> <span class='ocrx_word' id='word_1_674' title='bbox 1850 2696 1910 2734; x_wconf 80' lang='grc' dir='ltr'>καὶ</span> <span class='ocrx_word' id='word_1_675' title='bbox 1940 2698 2119 2739; x_wconf 83' lang='grc' dir='ltr'>Φίλιππος</span> <span class='ocrx_word' id='word_1_676' title='bbox 2139 2696 2263 2745; x_wconf 84' lang='grc' dir='ltr'>ἀνηγο-</span> 
     </span>
     <span class='ocr_line' id='line_1_91' title="bbox 1216 2756 1516 2810; baseline -0.003 -15"><span class='ocrx_word' id='word_1_677' title='bbox 1216 2756 1318 2810; x_wconf 82' lang='grc' dir='ltr'>ρεύθη</span> <span class='ocrx_word' id='word_1_678' title='bbox 1342 2756 1516 2808; x_wconf 87' lang='grc' dir='ltr'>βασιλεύς.</span> 
     </span>
     <span class='ocr_line' id='line_1_92' title="bbox 1701 2815 1787 2857; baseline 0 -7"><span class='ocrx_word' id='word_1_679' title='bbox 1701 2815 1787 2857; x_wconf 78' lang='lat'>148.</span> 
     </span>
    </p>
   </div>
   <div class='ocr_carea' id='block_1_9' title="bbox 1604 2900 1876 2939">
    <p class='ocr_par' dir='ltr' id='par_1_11' title="bbox 1604 2900 1876 2939">
     <span class='ocr_line' id='line_1_93' title="bbox 1604 2900 1876 2939; baseline -0.007 0"><span class='ocrx_word' id='word_1_680' title='bbox 1604 2900 1876 2939; x_wconf 79' lang='grc' dir='ltr'>ΦΙΛΙΠΠΟΣ.</span> 
     </span>
    </p>
   </div>
   <div class='ocr_carea' id='block_1_10' title="bbox 1218 2977 2264 3153">
    <p class='ocr_par' dir='ltr' id='par_1_12' title="bbox 1218 2977 2264 3153">
     <span class='ocr_line' id='line_1_94' title="bbox 1269 2977 2264 3034; baseline -0.007 -13"><span class='ocrx_word' id='word_1_681' title='bbox 1269 2985 1370 3024; x_wconf 82' lang='lat' dir='ltr'><strong>Ihid.</strong></span> <span class='ocrx_word' id='word_1_682' title='bbox 1393 2998 1433 3034; x_wconf 92' lang='lat' dir='ltr'>p.</span> <span class='ocrx_word' id='word_1_683' title='bbox 1457 2984 1504 3031; x_wconf 87' lang='lat'>57</span> <span class='ocrx_word' id='word_1_684' title='bbox 1531 2997 1539 3019; x_wconf 89' lang='lat'>:</span> <span class='ocrx_word' id='word_1_685' title='bbox 1567 2981 1653 3021; x_wconf 58' lang='lat' dir='ltr'>‘&#39;Ox-t</span> <span class='ocrx_word' id='word_1_686' title='bbox 1673 2981 1852 3023; x_wconf 81' lang='grc' dir='ltr'>Φίλιππος</span> <span class='ocrx_word' id='word_1_687' title='bbox 1879 2978 2088 3032; x_wconf 85' lang='grc' dir='ltr'>βασιλεύσας</span> <span class='ocrx_word' id='word_1_688' title='bbox 2106 2977 2166 3015; x_wconf 84' lang='grc' dir='ltr'>καὶ</span> <span class='ocrx_word' id='word_1_689' title='bbox 2190 2977 2264 3019; x_wconf 80' lang='grc' dir='ltr'>τοὺς</span> 
     </span>
     <span class='ocr_line' id='line_1_95' title="bbox 1219 3035 2263 3089; baseline -0.01 -8"><span class='ocrx_word' id='word_1_690' title='bbox 1219 3043 1359 3086; x_wconf 89' lang='grc' dir='ltr'>Σκύθας</span> <span class='ocrx_word' id='word_1_691' title='bbox 1372 3041 1535 3089; x_wconf 84' lang='grc' dir='ltr'>νικήσας,</span> <span class='ocrx_word' id='word_1_692' title='bbox 1553 3040 1611 3079; x_wconf 77' lang='grc' dir='ltr'>ἐπὶ</span> <span class='ocrx_word' id='word_1_693' title='bbox 1628 3040 1667 3079; x_wconf 85' lang='grc' dir='ltr'>τὸ</span> <span class='ocrx_word' id='word_1_694' title='bbox 1685 3039 1870 3084; x_wconf 81' lang='grc' dir='ltr'>Βυζάντιον</span> <span class='ocrx_word' id='word_1_695' title='bbox 1889 3038 2048 3085; x_wconf 84' lang='grc' dir='ltr'>ἤλαυνεν.</span> <span class='ocrx_word' id='word_1_696' title='bbox 2070 3036 2140 3076; x_wconf 79' lang='grc' dir='ltr'>Καὶ</span> <span class='ocrx_word' id='word_1_697' title='bbox 2158 3035 2263 3074; x_wconf 85' lang='grc' dir='ltr'>ἐλθὼν</span> 
     </span>
     <span class='ocr_line' id='line_1_96' title="bbox 1218 3095 2261 3153; baseline -0.008 -14"><span class='ocrx_word' id='word_1_698' title='bbox 1218 3103 1250 3144; x_wconf 89' lang='grc' dir='ltr'>ἐς</span> <span class='ocrx_word' id='word_1_699' title='bbox 1272 3101 1450 3153; x_wconf 85' lang='grc' dir='ltr'>Πέρινθον,</span> <span class='ocrx_word' id='word_1_700' title='bbox 1466 3102 1511 3143; x_wconf 83' lang='grc' dir='ltr'>ὡς</span> <span class='ocrx_word' id='word_1_701' title='bbox 1530 3099 1683 3150; x_wconf 89' lang='grc' dir='ltr'>ἠγγέλθη</span> <span class='ocrx_word' id='word_1_702' title='bbox 1705 3100 1799 3150; x_wconf 78' lang='grc' dir='ltr'>αὐτῷ</span> <span class='ocrx_word' id='word_1_703' title='bbox 1816 3097 2000 3148; x_wconf 80' lang='grc' dir='ltr'>ἐμφυλίους</span> <span class='ocrx_word' id='word_1_704' title='bbox 2020 3095 2157 3138; x_wconf 87' lang='grc' dir='ltr'>στάσεις</span> <span class='ocrx_word' id='word_1_705' title='bbox 2174 3110 2261 3140; x_wconf 87' lang='grc' dir='ltr'>συμ·</span> 
     </span>
    </p>
   </div>
   <div class='ocr_carea' id='block_1_11' title="bbox 105 3151 2264 3452">
    <p class='ocr_par' dir='ltr' id='par_1_13' title="bbox 105 3151 2264 3452">
     <span class='ocr_line' id='line_1_97' title="bbox 106 3151 2261 3216; baseline -0.006 -15"><span class='ocrx_word' id='word_1_706' title='bbox 106 3163 314 3216; x_wconf 77' lang='grc' dir='ltr'>μοναρχίαν.</span> <span class='ocrx_word' id='word_1_707' title='bbox 332 3162 393 3203; x_wconf 84' lang='grc' dir='ltr'>Ἐν</span> <span class='ocrx_word' id='word_1_708' title='bbox 413 3156 442 3216; x_wconf 72' lang='grc' dir='ltr'>ᾧ</span> <span class='ocrx_word' id='word_1_709' title='bbox 463 3162 505 3210; x_wconf 76' lang='grc' dir='ltr'>δὴ</span> <span class='ocrx_word' id='word_1_710' title='bbox 525 3163 604 3216; x_wconf 87' lang='grc' dir='ltr'>περὶ</span> <span class='ocrx_word' id='word_1_711' title='bbox 629 3163 758 3201; x_wconf 85' lang='grc' dir='ltr'>τούτων</span> <span class='ocrx_word' id='word_1_712' title='bbox 787 3162 993 3216; x_wconf 87' lang='grc' dir='ltr'>διεφέροντο,</span> <span class='ocrx_word' id='word_1_713' title='bbox 1013 3163 1155 3213; x_wconf 88' lang='grc' dir='ltr'>εἷσδρα-</span> <span class='ocrx_word' id='word_1_714' title='bbox 1186 3205 1188 3207; x_wconf 27' lang='lat'>¹</span> <span class='ocrx_word' id='word_1_715' title='bbox 1219 3159 1324 3205; x_wconf 75' lang='grc' dir='ltr'>ὅῆναι</span> <span class='ocrx_word' id='word_1_716' title='bbox 1341 3158 1432 3196; x_wconf 88' lang='grc' dir='ltr'>κατὰ</span> <span class='ocrx_word' id='word_1_717' title='bbox 1451 3157 1515 3204; x_wconf 80' lang='grc' dir='ltr'>τὴν</span> <span class='ocrx_word' id='word_1_718' title='bbox 1537 3157 1695 3207; x_wconf 85' lang='grc' dir='ltr'>Ῥώμην,</span> <span class='ocrx_word' id='word_1_719' title='bbox 1714 3155 1855 3199; x_wconf 76' lang='grc' dir='ltr'>ὀίστινας</span> <span class='ocrx_word' id='word_1_720' title='bbox 1868 3155 1988 3198; x_wconf 88' lang='grc' dir='ltr'>Δέκιος</span> <span class='ocrx_word' id='word_1_721' title='bbox 2006 3153 2177 3199; x_wconf 87' lang='grc' dir='ltr'>ἐποίησεν,</span> <span class='ocrx_word' id='word_1_722' title='bbox 2193 3151 2261 3188; x_wconf 85' lang='grc' dir='ltr'>ἀπὸ</span> 
     </span>
     <span class='ocr_line' id='line_1_98' title="bbox 105 3227 2248 3249; baseline -0.007 -5"><span class='ocrx_word' id='word_1_723' title='bbox 105 3227 2248 3249; x_wconf 81' lang='lat'><em>-.—-—--—-—--——-—————————-—-—-—--—-——--—-—-·</em></span> 
     </span>
     <span class='ocr_line' id='line_1_99' title="bbox 148 3257 2258 3311; baseline -0.007 -9"><span class='ocrx_word' id='word_1_724' title='bbox 148 3272 199 3302; x_wconf 85' lang='lat' dir='ltr'>Fr.</span> <span class='ocrx_word' id='word_1_725' title='bbox 224 3272 293 3302; x_wconf 79' lang='lat'><strong>147.</strong></span> <span class='ocrx_word' id='word_1_726' title='bbox 312 3269 570 3311; x_wconf 87' lang='grc' dir='ltr'>διεχείρισεν]</span> <span class='ocrx_word' id='word_1_727' title='bbox 593 3269 782 3310; x_wconf 85' lang='grc' dir='ltr'>διεχείρησεν</span> <span class='ocrx_word' id='word_1_728' title='bbox 804 3268 917 3300; x_wconf 82' lang='lat' dir='ltr'>codex.</span> <span class='ocrx_word' id='word_1_729' title='bbox 940 3264 1100 3306; x_wconf 75' lang='lat' dir='ltr'><strong><em>JoanneS,</em></strong></span> <span class='ocrx_word' id='word_1_730' title='bbox 1121 3275 1217 3307; x_wconf 88' lang='lat' dir='ltr'><strong><em>quem</em></strong></span> <span class='ocrx_word' id='word_1_731' title='bbox 1236 3265 1309 3296; x_wconf 91' lang='lat' dir='ltr'><strong><em>inde</em></strong></span> <span class='ocrx_word' id='word_1_732' title='bbox 1327 3273 1346 3295; x_wconf 81' lang='lat' dir='ltr'><strong>a</strong></span> <span class='ocrx_word' id='word_1_733' title='bbox 1370 3263 1540 3298; x_wconf 78' lang='lat' dir='ltr'>Commodi</span> <span class='ocrx_word' id='word_1_734' title='bbox 1557 3263 1756 3304; x_wconf 85' lang='lat' dir='ltr'><strong>temporibus</strong></span> <span class='ocrx_word' id='word_1_735' title='bbox 1774 3262 1928 3293; x_wconf 82' lang='lat' dir='ltr'><strong>Historias</strong></span> <span class='ocrx_word' id='word_1_736' title='bbox 1946 3259 2114 3292; x_wconf 63' lang='lat' dir='ltr'><strong><em>Herodian}</em></strong></span> <span class='ocrx_word' id='word_1_737' title='bbox 2137 3257 2258 3289; x_wconf 84' lang='lat' dir='ltr'><strong><em>exscri-</em></strong></span> 
     </span>
     <span class='ocr_line' id='line_1_100' title="bbox 107 3302 2264 3357; baseline -0.007 -9"><span class='ocrx_word' id='word_1_738' title='bbox 107 3317 205 3357; x_wconf 80' lang='lat' dir='ltr'><strong><em>psisse</em></strong></span> <span class='ocrx_word' id='word_1_739' title='bbox 221 3317 379 3357; x_wconf 84' lang='lat' dir='ltr'>vidimus,</span> <span class='ocrx_word' id='word_1_740' title='bbox 397 3326 482 3348; x_wconf 79' lang='lat' dir='ltr'><strong><em>nune</em></strong></span> <span class='ocrx_word' id='word_1_741' title='bbox 495 3317 578 3348; x_wconf 82' lang='lat' dir='ltr'><strong><em>redit</em></strong></span> <span class='ocrx_word' id='word_1_742' title='bbox 595 3316 635 3348; x_wconf 81' lang='lat' dir='ltr'>ad</span> <span class='ocrx_word' id='word_1_743' title='bbox 650 3317 771 3348; x_wconf 80' lang='lat' dir='ltr'><strong><em>fontem</em></strong></span> <span class='ocrx_word' id='word_1_744' title='bbox 785 3315 962 3348; x_wconf 78' lang='lat' dir='ltr'><strong><em>exiliorem.</em></strong></span> <span class='ocrx_word' id='word_1_745' title='bbox 981 3315 1031 3346; x_wconf 82' lang='lat' dir='ltr'>Cf.</span> <span class='ocrx_word' id='word_1_746' title='bbox 1053 3315 1226 3354; x_wconf 81' lang='lat' dir='ltr'><strong>Eutropius</strong></span> <span class='ocrx_word' id='word_1_747' title='bbox 1248 3315 1306 3351; x_wconf 89' lang='grc' dir='ltr'>ΙΧ,</span> <span class='ocrx_word' id='word_1_748' title='bbox 1324 3317 1342 3344; x_wconf 84' lang='lat'><strong>2</strong></span> <span class='ocrx_word' id='word_1_749' title='bbox 1363 3325 1369 3344; x_wconf 80' lang='lat'>2</span> <span class='ocrx_word' id='word_1_750' title='bbox 1392 3311 1626 3343; x_wconf 78' lang='lat' dir='ltr'><strong><em>Gordianus...</em></strong></span> <span class='ocrx_word' id='word_1_751' title='bbox 1647 3312 1779 3342; x_wconf 76' lang='lat' dir='ltr'><strong><em>,Ianum</em></strong></span> <span class='ocrx_word' id='word_1_752' title='bbox 1793 3309 1966 3348; x_wconf 77' lang='lat' dir='ltr'><strong><em>qemz&#39;num</em></strong></span> <span class='ocrx_word' id='word_1_753' title='bbox 1982 3306 2137 3345; x_wconf 68' lang='lat' dir='ltr'><strong><em>aperuit,</em></strong></span> <span class='ocrx_word' id='word_1_754' title='bbox 2157 3304 2190 3334; x_wconf 80' lang='lat' dir='ltr'><strong><em>ec</em></strong></span> <span class='ocrx_word' id='word_1_755' title='bbox 2209 3302 2264 3332; x_wconf 59' lang='lat' dir='ltr'>ad</span> 
     </span>
     <span class='ocr_line' id='line_1_101' title="bbox 106 3350 2251 3405; baseline -0.008 -8"><span class='ocrx_word' id='word_1_756' title='bbox 106 3365 275 3396; x_wconf 77' lang='lat' dir='ltr'><strong><em>orientem</em></strong></span> <span class='ocrx_word' id='word_1_757' title='bbox 287 3365 483 3405; x_wconf 75' lang='lat' dir='ltr'><strong><em>profectus,</em></strong></span> <span class='ocrx_word' id='word_1_758' title='bbox 503 3364 646 3396; x_wconf 74' lang='lat' dir='ltr'><strong><em>Parthis</em></strong></span> <span class='ocrx_word' id='word_1_759' title='bbox 664 3364 792 3395; x_wconf 76' lang='lat' dir='ltr'><strong><em>bellam</em></strong></span> <span class='ocrx_word' id='word_1_760' title='bbox 806 3363 947 3398; x_wconf 71' lang='lat' dir='ltr'>intulit,</span> <span class='ocrx_word' id='word_1_761' title='bbox 964 3363 1025 3403; x_wconf 65' lang='lat' dir='ltr'>qul</span> <span class='ocrx_word' id='word_1_762' title='bbox 1035 3361 1115 3400; x_wconf 86' lang='lat' dir='ltr'>jam</span> <span class='ocrx_word' id='word_1_763' title='bbox 1128 3361 1362 3392; x_wconf 57' lang='lat' dir='ltr'><strong><em>moliebantur</em></strong></span> <span class='ocrx_word' id='word_1_764' title='bbox 1377 3366 1567 3398; x_wconf 80' lang='lat' dir='ltr'><strong><em>erumpere,</em></strong></span> <span class='ocrx_word' id='word_1_765' title='bbox 1589 3356 1687 3395; x_wconf 86' lang='lat' dir='ltr'><strong><em>Quod</em></strong></span> <span class='ocrx_word' id='word_1_766' title='bbox 1706 3355 1848 3398; x_wconf 77' lang='lat' dir='ltr'><strong><em>quidem</em></strong></span> <span class='ocrx_word' id='word_1_767' title='bbox 1864 3363 1944 3385; x_wconf 76' lang='lat' dir='ltr'>mox</span> <span class='ocrx_word' id='word_1_768' title='bbox 1952 3352 2112 3392; x_wconf 74' lang='lat' dir='ltr'><strong><em>feliciter</em></strong></span> <span class='ocrx_word' id='word_1_769' title='bbox 2127 3350 2251 3400; x_wconf 51' lang='lat' dir='ltr'><strong><em>qessif„</em></strong></span> 
     </span>
     <span class='ocr_line' id='line_1_102' title="bbox 105 3396 2244 3452; baseline -0.007 -9"><span class='ocrx_word' id='word_1_770' title='bbox 105 3410 308 3452; x_wconf 64' lang='lat' dir='ltr'><strong><em>proeliisque</em></strong></span> <span class='ocrx_word' id='word_1_771' title='bbox 325 3412 519 3451; x_wconf 72' lang='lat' dir='ltr'><strong><em>inqenlae‘bus</em></strong></span> <span class='ocrx_word' id='word_1_772' title='bbox 536 3413 660 3443; x_wconf 82' lang='lat' dir='ltr'><strong><em>Persas</em></strong></span> <span class='ocrx_word' id='word_1_773' title='bbox 677 3409 823 3450; x_wconf 62' lang='lat' dir='ltr'>afflixit.</span> <span class='ocrx_word' id='word_1_774' title='bbox 842 3408 1003 3447; x_wconf 76' lang='lat' dir='ltr'><strong><em>Rediens,</em></strong></span> <span class='ocrx_word' id='word_1_775' title='bbox 1025 3404 1122 3441; x_wconf 79' lang='lat' dir='ltr'><em>haud</em></span> <span class='ocrx_word' id='word_1_776' title='bbox 1141 3408 1238 3447; x_wconf 74' lang='lat' dir='ltr'><strong><em>lonqe</em></strong></span> <span class='ocrx_word' id='word_1_777' title='bbox 1253 3415 1275 3438; x_wconf 88' lang='lat' dir='ltr'><strong><em>a</em></strong></span> <span class='ocrx_word' id='word_1_778' title='bbox 1298 3407 1461 3438; x_wconf 78' lang='lat' dir='ltr'><strong><em>Romanis</em></strong></span> <span class='ocrx_word' id='word_1_779' title='bbox 1473 3403 1625 3444; x_wconf 74' lang='lat' dir='ltr'><strong><em>finibus,</em></strong></span> <span class='ocrx_word' id='word_1_780' title='bbox 1645 3402 1849 3443; x_wconf 55' lang='lat' dir='ltr'><strong><em>inperfectus</em></strong></span> <span class='ocrx_word' id='word_1_781' title='bbox 1866 3402 1915 3432; x_wconf 84' lang='lat' dir='ltr'><strong><em>est</em></strong></span> <span class='ocrx_word' id='word_1_782' title='bbox 1924 3397 2060 3439; x_wconf 77' lang='lat' dir='ltr'><strong><em>fraude</em></strong></span> <span class='ocrx_word' id='word_1_783' title='bbox 2079 3396 2244 3436; x_wconf 58' lang='lat' dir='ltr'>Philippu</span> 
     </span>
    </p>
   </div>
   <div class='ocr_carea' id='block_1_12' title="bbox 110 3454 1214 3498">
    <p class='ocr_par' dir='ltr' id='par_1_14' title="bbox 110 3454 1214 3498">
     <span class='ocr_line' id='line_1_103' title="bbox 110 3454 1214 3498; baseline -0.005 -9"><span class='ocrx_word' id='word_1_784' title='bbox 110 3458 169 3497; x_wconf 70' lang='lat' dir='ltr'>qui</span> <span class='ocrx_word' id='word_1_785' title='bbox 182 3459 256 3497; x_wconf 68' lang='lat' dir='ltr'>post</span> <span class='ocrx_word' id='word_1_786' title='bbox 272 3466 350 3489; x_wconf 77' lang='lat' dir='ltr'>eum</span> <span class='ocrx_word' id='word_1_787' title='bbox 368 3459 561 3498; x_wconf 72' lang='lat' dir='ltr'><strong><em>impet-avie.</em></strong></span> <span class='ocrx_word' id='word_1_788' title='bbox 580 3474 620 3480; x_wconf 93' lang='lat'><em>-</em></span> <span class='ocrx_word' id='word_1_789' title='bbox 637 3457 657 3488; x_wconf 86' lang='grc' dir='ltr'>ἁ</span> <span class='ocrx_word' id='word_1_790' title='bbox 666 3470 680 3487; x_wconf 81' lang='lat' dir='ltr'>v</span> <span class='ocrx_word' id='word_1_791' title='bbox 689 3468 707 3493; x_wconf 95' lang='grc' dir='ltr'>η</span> <span class='ocrx_word' id='word_1_792' title='bbox 717 3467 734 3497; x_wconf 87' lang='grc' dir='ltr'>γ</span> <span class='ocrx_word' id='word_1_793' title='bbox 743 3467 759 3487; x_wconf 86' lang='grc' dir='ltr'>ο</span> <span class='ocrx_word' id='word_1_794' title='bbox 767 3467 782 3497; x_wconf 81' lang='grc' dir='ltr'>ρ</span> <span class='ocrx_word' id='word_1_795' title='bbox 792 3456 829 3487; x_wconf 73' lang='grc' dir='ltr'>εὑ</span> <span class='ocrx_word' id='word_1_796' title='bbox 840 3455 901 3495; x_wconf 86' lang='grc' dir='ltr'>θη]</span> <span class='ocrx_word' id='word_1_797' title='bbox 915 3455 1126 3495; x_wconf 75' lang='grc' dir='ltr'>ἀναγορευθεὶς</span> <span class='ocrx_word' id='word_1_798' title='bbox 1144 3454 1214 3485; x_wconf 82' lang='lat' dir='ltr'>cod.</span> 
     </span>
    </p>
   </div>
  </div>
 </body>
</html>
