2314 3756
625 184 795 223 MAGNI
825 183 888 221 ET
923 181 1240 221 EUTYCHlANI
1270 181 1605 219 FRAGMENTA.

57 270 182 324 μαίων.
198 270 269 311 Καὶ
284 270 429 323 μερίσας
443 269 501 308 τὸν
516 269 662 323 στρατὸν
677 271 695 306 6
712 268 815 313 αὐτὸς
834 266 995 320 βασιλεὺς
1008 266 1098 318 πέμ·

57 346 117 370 πει
135 329 193 368 ἐπὶ
212 328 276 376 τὴν
295 328 434 368 Νίσιὸιν
455 328 599 371 ὁπλίτας
617 328 742 380 ἄνδρας
759 326 900 380 μυρίους
918 326 1099 377 ἑξακισχι-

57 388 151 432 λίους
179 387 268 437 μετὰ
288 386 349 426 δύο
365 386 520 439 ἐξάρχων
540 386 780 426 Σεὸαστιανοῦ
807 385 867 423 καὶ
885 385 1098 436 Προκοπίου.

59 445 132 486 Καὶ
148 445 363 496 κατέφθασεν
384 448 402 483 6
423 444 525 488 αὐτὸς
549 444 736 487 Ἰουλιανὸς
754 443 794 482 τὸ
817 443 1006 496 Κιρκήσιον
1027 442 1100 480 κά-

59 520 160 558 στρον
175 519 184 529 ·
204 504 264 543 καὶ
288 503 393 548 ἐάσας
416 503 476 542 καὶ
495 505 529 542 ἐν
549 506 599 555 τῷ
622 502 804 555 Κιρκησίῳ
825 502 982 554 κάστρῳ,
1001 500 1101 544 ὅσους

62 557 157 616 εὗρεν
184 562 388 614 ἐγκαθέτους
407 561 623 614 στρατιώτας
652 561 924 613 ἑξακισχιλίους,
943 559 1102 613 προσθεὶς

60 617 175 660 αὐτοῖς
190 615 250 654 καὶ
265 616 388 660 ἄλλους
402 615 546 658 ὁπλίτας
558 614 684 667 ἄνδρας
700 612 997 667 τετρακισχιλίους
1012 612 1100 663 μετὰ

60 674 214 729 ἐξάρχων
230 673 290 713 δύο
306 673 501 724 Ἀκκαμέου
518 673 579 711 καὶ
593 673 758 725 Μαύρου.
776 672 848 711 Καὶ
865 672 1003 719 ἐξῆλθεν
1018 672 1102 710 ἐκεῖ·

59 738 128 782 θεν,
147 733 207 772 καὶ
224 735 380 786 παρῆλθε
397 733 454 771 τὸν
475 730 643 784 Ἀὅορρὰν
663 731 824 781 ποταμὸν
846 731 903 770 διὰ
919 734 979 778 τῆς
997 729 1101 784 γεφύ-

62 807 139 844 ρας,
153 793 220 830 τῶν
230 792 360 829 πλοίων
375 791 579 841 φθασάντων
595 793 642 834 εἷς
651 789 708 828 τὸν
724 789 913 842 Εὐφράτην
931 789 1100 839 ποταμόν·

60 845 211 889 ὧντινων
230 849 360 888 πλοίων
379 852 537 903 ὑπῆρχεν
570 851 588 887 6
605 848 748 902 ἀριθμὸς
769 847 955 887 διακοσίων
971 847 1103 895 πεντή-

59 923 178 948 κοντα.
199 908 270 948 Καὶ
286 909 513 961 συναθροίσας
531 908 588 946 τὸν
605 907 690 947 ’ίδιον
710 909 814 945 αὐτοῦ
833 906 994 959 στρατὸν,
1013 906 1103 960 ἔχων

61 967 135 1019 μεθ’
147 970 269 1006 ἑαυτοῦ
282 967 478 1018 Ἀνατόλιον
490 967 680 1020 μάγιστρον
695 966 755 1005 καὶ
770 965 986 1006 Σαλούστιον
1001 965 1106 1020 ἔπαρ-

60 1040 124 1078 χον
140 1025 362 1079 πραιτωρίων
382 1026 441 1064 καὶ
460 1025 537 1070 τοὺς
557 1025 801 1079 στρατηλάτας
819 1027 936 1073 αὐτοῦ,
954 1024 1105 1063 ἀνελθὼν

62 1086 97 1123 ἐν
117 1085 242 1138 ὑψηλῷ
262 1084 395 1137 βήματι
411 1084 453 1123 δι’
475 1087 598 1123 ἑαυτοῦ
618 1083 866 1138 προσεφώνησε
887 1087 936 1137 τῷ
953 1086 1105 1137 στρατῷ,

63 1145 214 1181 ἐπαινῶν
238 1142 360 1187 αὖτοὺς
375 1143 435 1182 καὶ
453 1143 730 1196 προτρεπόμενος
749 1142 935 1195 προθύμως
955 1144 1015 1181 καὶ
1034 1158 1108 1180 σω-

65 1200 197 1255 φρόνως
213 1201 452 1253 ἀγωνίσασθαι
468 1202 559 1240 κατὰ
574 1204 738 1254 Περσῶν.
760 1202 832 1241 Καὶ
847 1201 969 1246 εὐθέως
983 1201 1109 1252 {pemi-

63 1276 131 1298 νειν
151 1261 198 1303 εἷς
216 1260 260 1299 τὰ
278 1263 384 1299 πλοῖα
405 1260 606 1314 ἐπέτρεψεν,
624 1260 785 1298 εἰσελθὼν
806 1259 866 1298 καὶ
886 1260 987 1304 αὐτὸς
1007 1262 1024 1298 6
1043 1262 1108 1312 βα-

65 1318 178 1363 σιλεὺς
194 1321 242 1363 εἷς
254 1319 293 1358 τὸ
307 1319 529 1371 εὐτρεπισθὲν
544 1321 787 1372 αὐτῷ’πλοῖον,
807 1319 867 1357 καὶ
881 1320 1109 1371 προηγεῖσθαι

64 1379 178 1416 αὐτῶν
197 1377 526 1430 προσκουλκάτορας
549 1377 758 1429 προσέταξεν
787 1377 914 1429 ἄνδρας
934 1377 1111 1428 γενναίους

64 1437 104 1474 ἐκ
118 1439 177 1474 τοῦ
195 1436 339 1489 ἀριθμοῦ
357 1437 424 1474 τῶν
441 1435 656 1488 λαγκιαρίων
673 1434 732 1474 καὶ
748 1435 965 1487 ματτιαρίων
976 1435 1110 1488 χιλίους

65 1493 333 1540 πεντακοσίους,
354 1493 522 1537 κελεύσας
540 1494 775 1547 βαστάζεσθαι
792 1494 851 1532 καὶ
867 1494 912 1532 τὰ
933 1494 1034 1547 σίγνα
1053 1497 1110 1533 αὖ·

63 1554 122 1590 τοῦ
140 1550 201 1589 καὶ
218 1550 275 1590 τὸν
291 1551 430 1602 κόμητα
447 1551 640 1591 Λουκιανὸν
660 1552 735 1603 (sic
756 1555 871 1590 etiam
884 1556 1021 1593 Zosim.
1038 1557 1108 1601 III,

69 1614 134 1657 14,
149 1610 187 1648 3.
209 1609 462 1648 Λουκιλλιανὸν
478 1624 554 1648 sec.
577 1613 765 1650 Ammian.
780 1611 812 1662 ),
834 1610 943 1663 ἄνδρα
962 1613 1109 1663 πολεμι-

65 1666 234 1716 κώτατον,
267 1663 355 1707 εἶναι
384 1669 447 1707 σὺν
470 1671 566 1723 αὐτῷ
578 1700 589 1720 ‚
613 1669 707 1714 ὅστις
737 1669 798 1708 καὶ
828 1669 943 1708 πολλὰ
973 1670 1110 1723 κάστρα

66 1726 226 1778 Περσικὰ
243 1725 340 1779 παρὰ
358 1726 417 1766 τὸν
438 1729 626 1780 Εὐφράτην
644 1727 787 1780 κείμενα
800 1729 861 1767 καὶ
878 1730 913 1767 ἐν
928 1728 1025 1782 μέσῳ
1041 1733 1109 1768 τῶν

65 1783 199 1824 ὑδάτων
219 1787 254 1823 ἐν
272 1785 388 1832 νήσοις
407 1784 490 1824 ὄντα
508 1788 676 1839 ἐπόρθησε
697 1786 757 1824 καὶ
776 1785 854 1830 τοὺς
870 1787 904 1824 ἐν
923 1789 1039 1831 αὐτοῖς
1053 1787 1109 1826 ὅν-

66 1858 128 1886 τας
147 1842 288 1895 Πέρσας
308 1845 434 1882 ἀνεῖλε.
457 1844 608 1897 Βίκτορα
628 1844 664 1883 δὲ
684 1845 745 1883 καὶ
762 1844 988 1898 Δαγαλάϊφον
1006 1845 1108 1884 κατέ·

68 1901 167 1947 ταξεν
185 1901 323 1942 ὄπισθεν
343 1905 411 1941 τῶν
430 1905 561 1942 λοιπῶν
579 1902 709 1942 πλοίων
736 1897 824 1942 εἶναι
844 1903 903 1942 καὶ
923 1904 1108 1957 φυλάττειν

66 1961 110 1999 τὰ
128 1961 260 2009 πλήθη.
283 1961 353 2001 Καὶ
369 1963 540 2009 κατῆλθεν
561 1964 579 2000 6
598 1961 759 2015 βασιλεὺς
776 1962 864 2013 μετὰ
883 1966 942 2001 τοῦ
959 1967 1110 2016 στρατοῦ

65 2019 195 2064 παντὸς
216 2021 273 2058 διὰ
300 2024 361 2068 τ’ῆς
382 2021 538 2072 μεγάλης
565 2021 730 2074 διώρυγος
749 2025 810 2060 τοῦ
837 2022 1023 2075 Εὐφράτου
1047 2025 1109 2070 τῆς

67 2079 259 2132 μισγούσης
281 2083 331 2133 τῷ
358 2080 510 2133 Τίγρητι
526 2083 697 2135 ποταμῷ·
725 2081 786 2120 καὶ
808 2083 963 2129 εἰσῆλθεν
985 2083 1032 2125 εἷς
1052 2082 1109 2120 τὸν

65 2192 200 2233 invenit,
222 2192 289 2233 ipse
302 2194 457 2234 quattuor
470 2193 569 2225 millia
582 2193 723 2225 militum
739 2182 941 2233 alia'adjecit,
955 2198 1113 2227 Accameo

68 2244 79 2285 (
93 2245 304 2277 Machamaeo
318 2254 383 2278 sec.
400 2247 572 2278 Ammian.
595 2255 673 2286 xxv,
695 2251 724 2286 1,
739 2247 779 2286 2)
801 2248 833 2278 et
850 2249 962 2279 Mauro
977 2247 1115 2279 ducibus

66 2297 257 2329 constitutis.
275 2296 352 2329 lnde
365 2296 473 2329 autem
491 2297 658 2330 discedens
670 2322 679 2337 ,
702 2298 835 2330 Aborrae
854 2298 994 2331 fluminis
1017 2301 1115 2340 ponte

69 2347 221 2388 trajecto,
241 2348 374 2380 classem
400 2357 512 2388 suam,
534 2352 611 2381 1250
635 2358 732 2382 naves
754 2359 889 2382 numero
911 2350 1084 2383 habentem
1101 2376 1110 2391 ,

66 2409 123 2441 per
139 2401 336 2442 Euphratem
352 2401 578 2433 adventantem
605 2402 733 2443 reperit.
757 2404 839 2435 Tum
863 2411 938 2434 vero
958 2403 991 2434 in
1013 2413 1114 2435 uuum

19 2456 23 2459 ’
66 2452 183 2484 coactis
207 2452 307 2493 copiis
334 2462 409 2484 c-um
430 2453 578 2485 Anatolio
595 2453 744 2494 magistro
758 2456 791 2486 et
807 2454 944 2486 salustio
964 2455 1115 2495 praesecto

67 2504 230 2544 praetorio,
242 2513 415 2536 conscenso
429 2506 494 2536 alto
507 2507 668 2545 suggestu,
686 2506 863 2537 exercitum
877 2506 1035 2538 allocutus
1045 2508 1114 2547 est,

67 2558 100 2588 et
112 2557 206 2589 fortia
222 2557 292 2597 ejus
309 2558 393 2590 sacta
404 2557 633 2598 depraedicans,
652 2559 698 2590 uti
713 2559 914 2599 paratissimo
928 2561 1115 2600 optimoque

69 2610 176 2641 animo
190 2612 301 2642 contra
313 2613 423 2643 Persas
436 2611 467 2642 in
475 2612 575 2643 aciem
584 2612 810 2644 descenderent
820 2612 965 2644 hortatus
972 2614 1030 2645 est.
1040 2614 1116 2645 Post

69 2663 138 2694 haec
147 2663 253 2695 statim
268 2664 393 2704 navigia
406 2664 721 2705 conscenderejussis
732 2665 893 2706 omnibus,
908 2666 974 2706 ipse
987 2675 1117 2707 quoque

68 2715 101 2746 in
115 2717 256 2756 paratam
267 2716 326 2748 sibi
339 2725 455 2748 navem
469 2718 627 2758 ingressus
639 2719 687 2750 est
695 2729 704 2758 ;
721 2712 892 2759 praemissis
905 2718 959 2760 qui
974 2728 1010 2750 ex
1015 2719 1116 2759 plora-

68 2767 154 2798 tores
168 2769 272 2799 essent
281 2792 289 2806 ‚
305 2768 484 2808 quingentis
493 2778 535 2800 ex
547 2778 683 2801 numero
702 2770 937 2802 lanceariorum
950 2773 981 2802 et
991 2771 1115 2803 mattia-

70 2817 192 2850 riorum
215 2819 394 2851 fortissimis
409 2820 503 2859 viris3
520 2821 638 2852 vexilla
654 2830 784 2862 quoque
809 2830 868 2853 sua
886 2821 946 2853 sibi
974 2823 1117 2862 praeferri

70 2868 183 2909 jussit,
211 2871 244 2901 et
270 2870 473 2902 Lucilianum
490 2871 641 2904 comitem
655 2898 664 2912 ,
687 2873 794 2904 virum
819 2873 1114 2914 bellicosissimum,

70 2929 181 2954 secum
198 2922 316 2955 habere
339 2924 454 2956 voluit.
482 2924 541 2956 Hic
563 2926 700 2965 plurima
732 2928 898 2957 Persarum
926 2928 1032 2958 castra
1050 2929 1117 2958 Eu-

71 2974 176 3014 phrati
201 2976 357 3016 continia,
375 2979 407 3008 et
420 2986 493 3017 quae
509 2978 631 3010 medias
653 2979 735 3010 inter
753 2988 854 3019 aquas
882 2980 913 3010 in
934 2979 1043 3012 insulis
1057 2981 1119 3012 sita

71 3027 179 3064 erant,
196 3028 351 3067 vastavit,
376 3029 479 3060 Persis
503 3030 689 3062 custodibus
713 3039 825 3062 eorum
844 3031 1023 3063 trucidatis.
1051 3033 1118 3063 Ex-

71 3077 184 3109 tremae
199 3087 279 3110 vero
295 3078 401 3111 classis
418 3088 527 3112 curam
543 3080 667 3112 Victori
681 3083 714 3113 et
730 3082 924 3122 Dagalaipho
943 3082 1117 3115 demanda-

73 3129 130 3161 vit.
149 3130 190 3161 Et
205 3129 368 3162 descendit
390 3141 446 3163 rex
472 3141 547 3164 cum
571 3134 714 3166 exercitu
731 3134 879 3166 universo
896 3144 951 3176 per
969 3145 1118 3176 magnum

74 3181 235 3221 canalem,
253 3191 316 3222 quo
330 3184 509 3224 Euphrates
527 3185 646 3226 Tigridi
665 3188 828 3226 miscetur,
848 3189 947 3228 atque
974 3188 1005 3219 in
1018 3189 1117 3228 Tigri-

75 3231 168 3273 dem,
189 3233 245 3265 ubi
262 3234 353 3266 mixti
371 3235 435 3266 duo
452 3236 495 3267 illi
520 3237 607 3268 fluvii
624 3238 784 3278 ingentem
807 3239 936 3270 alveum
962 3240 1116 3273 esticinnt.

76 3285 116 3316 Et
134 3283 166 3315 in
188 3284 325 3317 Persidis
339 3286 499 3326 regionem
515 3290 677 3329 perrexit,
696 3298 770 3329 quae
792 3291 1047 3323 Mauzauitarum
1066 3302 1119 3324 vo-

77 3336 210 3373 catur-‚a
223 3337 429 3376 Ctesiphonte
442 3348 505 3370 non
523 3341 647 3380 procul,
665 3341 720 3372 ubi
735 3350 823 3382 reges
840 3344 1008 3374 Persarum
1025 3344 1116 3377 sedes

78 3396 149 3419 suas
177 3388 368 3423 habuerunt.
398 3393 421 3424 F
426 3391 528 3432 igehat
556 3395 664 3425 autem
691 3394 792 3425 victor
818 3395 991 3435 imperator
1013 3398 1030 3428 J
1036 3398 1115 3429 ulia-

2178 184 2199 216 5

1163 266 1267 304 αὐτὸν
1283 266 1443 319 Τίγρητα
1461 265 1635 314 ποταμὸν,
1658 265 1744 302 ὅπου
1766 264 1946 314 μίγνυνται
1966 267 1996 303 οἱ
2017 266 2076 303 δύο
2094 281 2203 303 ποτα-

1162 323 1220 374 μοὶ
1234 324 1293 362 καὶ
1307 325 1514 361 ἀποτελοῦσι
1530 323 1657 371 λίμνην
1673 322 1839 371 μεγάλην.
1860 322 1931 360 Καὶ
1944 323 2141 373 παρέίαλεν
2157 325 2204 366 εἷς

1161 382 1204 421 τὰ
1230 381 1390 436 Περσικὰ
1411 383 1444 419 ἐν
1463 385 1506 434 τῇ
1530 380 1631 433 χώρα
1658 383 1727 418 τῶν
1747 380 1941 430 λεγομένων
1972 383 2204 425 Μαυζανιτῶν

1162 439 1307 488 πλησίον
1329 442 1575 492 Κτησιφῶντος
1589 439 1744 488 πόλεως,
1762 438 1841 476 ἔνθα
1861 441 1999 490 ὑπῆρχε
2017 439 2054 476 τὸ
2077 442 2204 490 ΙΙερσι·

1162 499 1221 537 κὸν
1255 501 1430 551 βασιλεῖον
1448 513 1456 522 ·
1489 497 1548 536 καὶ
1582 496 1772 547 ἐπικρατὴς
1805 495 1987 547 γενόμενος
2020 496 2208 542 Ἰουλιανὸς

1162 559 1180 595 6
1201 556 1363 609 βασιλεὺς
1380 555 1577 603 ἐσκήνωσεν
1598 557 1632 593 ἐν
1649 558 1692 607 τῇ
1710 554 1848 592 πεδιάδι
1868 557 1928 599 τῆς
1949 555 2054 600 αὐτῆς
2075 555 2208 600 πόλεως

1166 618 1434 669 Κτησιφῶντος,
1460 613 1666 667 βουλόμενος
1696 613 1784 664 μετὰ
1814 616 1876 660 τῆς
1895 612 1985 656 ἰδίας
2013 614 2209 664 συγκλήτου

1163 673 1223 712 καὶ
1235 673 1299 717 ἕως
1311 673 1520 716 Βαὸυλῶνος
1536 672 1699 710 εἰσελθεῖν
1715 671 1774 710 καὶ
1785 670 2005 723 παραλαὸεἴν
2021 671 2065 708 τὰ
2082 673 2207 713 ἐκεῖσε.

1164 730 1210 771 ‘O
1226 730 1261 770 δὲ
1279 730 1441 784 βασιλεὺς
1456 729 1791 783 Σαὸὃουραρσάκιος
1806 728 2000 775 ὑπονοήσας
2015 728 2067 767 ὅτι
2083 730 2138 768 διὰ
2149 735 2211 778 τῆς

1165 790 1338 834 Νισίὸεως
1355 789 1514 843 ἤρχετοὸ
1534 789 1695 841 βασιλεὺς
1710 787 1899 839 Ῥωμαίων
1918 787 2124 836 Ἰουλιανὸς,
2143 788 2210 841 ὥρ-

1167 865 1258 899 μησε
1290 849 1370 887 κατ’
1404 850 1507 887 αὐτοῦ
1524 854 1525 857 ’
1543 847 1632 899 μετὰ
1665 851 1723 886 τοῧ
1757 846 1908 894 πλήθους
1937 848 2043 884 αὐτοῦ
2065 849 2208 892 παντός.

1167 907 1456 960 Ἀπαγγελθέντος
1477 907 1511 945 δὲ
1528 909 1623 961 αὐτῷ
1643 907 1695 945 ὅτι
1712 906 1852 945 ὄπισθεν
1873 906 1979 945 αὐτοῦ
2000 907 2090 943 ἐστιν
2110 909 2127 943 6
2148 910 2213 958 βα-

1169 966 1280 1010 σιλεὺς
1312 966 1503 1016 Ῥωμαίων
1524 965 1712 1010 Ἰουλιανὸς
1733 963 1950 1017 παραλαὸὼν
1982 963 2027 1002 τὰ
2054 966 2213 1017 Περσικὰ

1169 1024 1258 1078 μέρη
1269 1057 1278 1073 ,
1293 1025 1353 1063 καὶ
1370 1024 1421 1062 ὅτι
1440 1024 1633 1077 ἔμπροσθεν
1649 1025 1744 1076 αὐτῷ
1762 1025 1962 1062 ἀπαντῶσιν
1979 1024 2009 1060 οἱ
2025 1025 2213 1074 στρατηγοὶ

1167 1086 1236 1122 τῶν
1257 1083 1447 1134 Ῥωμαίων
1469 1083 1529 1122 καὶ
1555 1083 1672 1131 πλήθη
1694 1082 1827 1130 πολλὰ,
1849 1082 1909 1120 καὶ
1928 1080 2028 1133 γνοὺς
2049 1081 2102 1118 ὅτι
2122 1083 2209 1132 ἐμε-

1169 1142 1301 1190 σάσθη,
1318 1141 1435 1195 φεύγει
1451 1143 1496 1185 εἷς
1511 1141 1573 1188 τὴν
1595 1141 1876 1194 Περσαρμενίαν,
1893 1140 1984 1191 δόλῳ
2000 1139 2142 1189 πέμψας
2157 1141 2216 1178 δύο

1171 1201 1421 1252 συγκλητικοὺς
1441 1202 1545 1240 αὐτοῦ
1575 1200 1634 1238 καὶ
1658 1199 1780 1243 αὐτοὺς
1806 1198 1898 1238 κατὰ
1929 1199 2018 1237 ἰδίαν
2050 1198 2216 1251 βούλησιν

1172 1259 1399 1313 ῥινοτομήσας
1413 1259 1497 1313 πρὸς
1508 1259 1696 1299 Ἰουλιανὸν
1711 1258 1768 1297 τὸν
1785 1258 1932 1311 βασιλέα
1947 1257 2149 1309 Ῥωμαίων,
2160 1257 2218 1295 ἵνα

1171 1318 1397 1364 πλανήσωσιν
1418 1318 1539 1368 αὐτὸν,
1562 1318 1646 1369 πρὸς
1675 1317 1714 1356 τὸ
1736 1317 1785 1368 μὴ
1805 1318 2088 1369 καταδιωχθέντα
2114 1319 2221 1357 αὐτὸν

1172 1380 1379 1430 φθασθῆναι.
1399 1380 1446 1416 Οἱ
1468 1376 1503 1415 δὲ
1525 1376 1804 1429 ῥινοτομηθέντες
1829 1376 1962 1428 Usipos<
1985 1378 2062 1427 (sic
2080 1378 2090 1427 )
2114 1371 2223 1423 ἦλθον

1171 1435 1256 1488 πρὸς
1275 1435 1333 1473 τὸν
1356 1435 1504 1488 βασιλέα
1525 1435 1713 1485 Ῥωμαίων
1734 1436 1938 1487 προδοῦναι,
1961 1435 2080 1488 φασὶν,
2102 1435 2218 1473 θέλον-

1170 1509 1225 1538 τες
1244 1494 1304 1532 τὸν
1328 1494 1474 1546 βασιλέα
1497 1497 1656 1546 Περσῶν,
1686 1496 1732 1538 ὡς
1761 1494 2050 1547 τιμωρησάμενον
2079 1494 2215 1538 αὐτούς,

1172 1552 1376 1599 Ἀπατηθεὶς
1396 1552 1432 1591 δὲ
1451 1556 1536 1606 παρ’
1559 1555 1672 1591 αὐτῶν
1689 1553 1937 1604 ἐπομνυμένων
1955 1555 1979 1591 ὁ,
1991 1553 2092 1596 αὐτὸς
2115 1556 2217 1605 βασι-

1171 1611 1248 1656 λεὺς
1262 1612 1448 1657 Ἰουλιανὸς
1464 1612 1696 1660 ἠκολούθησεν
1711 1615 1826 1656 αὐτοῖς
1841 1611 1930 1663 μετὰ
1943 1616 2001 1650 τοῦ
2014 1612 2099 1650 ἰδίου
2112 1627 2219 1663 στρα-

1170 1670 1357 1722 τεύματος·
1372 1671 1432 1710 καὶ
1447 1671 1635 1723 ἀπήγαγον
1649 1670 1753 1708 αὐτὸν
1774 1672 1821 1714 εἰς
1839 1670 1902 1718 τὴν
1920 1671 2047 1723 ἔρημον
2064 1670 2125 1708 καὶ
2140 1670 2221 1708 ἄνυ-

1175 1731 1253 1782 δρον
1286 1730 1344 1768 ἐπὶ
1372 1731 1471 1780 μίλια
1502 1732 1565 1783 ρν’,
1594 1730 1838 1776 πλανήσαντες
1866 1730 2008 1777 αὐτοὺς,
2037 1732 2080 1780 τῇ
2110 1729 2222 1767 εἰκάδι

1170 1789 1317 1840 πέμπτῃ
1335 1794 1396 1827 τοῦ
1414 1789 1559 1828 Δαισίου
1577 1793 1637 1828 τοῦ
1654 1789 1714 1827 καὶ
1730 1789 1873 1828 Ἰουνίου
1890 1788 2010 1837 μηνός.
2028 1788 2100 1827 Καὶ
2114 1788 2222 1839 εὑρὼν

1176 1842 1341 1901 (εῧρονῖ)
1370 1850 1442 1887 ἐκεῖ
1460 1848 1560 1902 τείχη
1579 1847 1717 1886 παλαιὰ
1736 1847 1947 1887 πεπτωκότα
1967 1847 2100 1890 πόλεως
2119 1848 2218 1898 λεγο-

1175 1906 1282 1958 μένης
1299 1906 1472 1954 Βουὸίων,
1492 1907 1551 1945 καὶ
1569 1906 1655 1945 ἄλλο
1672 1906 1709 1945 δὲ
1725 1907 1869 1959 χωρίον,
1893 1905 2052 1944 ἑστώτων
2073 1905 2135 1956 μὲν
2150 1908 2219 1943 τῶν

1175 1966 1392 2018 οἰκημάτων,
1425 1966 1553 2018 ἔρημον
1584 1966 1620 2005 δὲ
1639 1961 1694 2014 ἦν,
1714 1966 1800 2020 ὅπερ
1823 1967 1960 2017 ἐλέγετο
1987 1965 2107 2005 Ἀσία·
2141 1964 2223 2002 ἔνθα

1174 2024 1281 2064 ἐλθὼν
1314 2027 1332 2063 6
1354 2026 1516 2077 βασιλεὺς
1546 2024 1737 2069 Ἰουλιανὸς
1768 2025 1829 2063 καὶ
1854 2027 1872 2062 6
1896 2030 1965 2067 πᾶς
1986 2023 2133 2076 στρατὸς
2155 2026 2222 2061 τῶν

1172 2083 1367 2133 Ἱ)ωμαίων
1390 2084 1462 2122 ἐκεῖ
1489 2082 1701 2130 ἐσκήνωσεν.
1731 2083 1794 2122 Ἐν
1815 2083 1931 2125 αὐτοῖς
1951 2082 1986 2120 δὲ
2006 2087 2075 2126 τοῖς
2106 2081 2225 2124 τόποις

1173 2203 1235 2227 nus
1267 2195 1404 2227 tentoria
1423 2204 1481 2226 sua
1505 2195 1538 2227 in
1566 2196 1634 2236 ipsa
1651 2194 1867 2236 Ctesiphontis
1895 2195 2043 2236 planitie,
2070 2195 2101 2225 in
2118 2194 2226 2225 animo

1175 2248 1294 2280 habens
1322 2249 1361 2280 ad
1387 2249 1584 2289 Babylonem
1612 2257 1712 2289 usque
1729 2258 1804 2280 cum
1828 2248 2023 2289 primoribus
2040 2247 2105 2278 suis
2134 2255 2226 2287 pene·

1173 2303 1259 2334 trare
1272 2311 1408 2342 eamque
1430 2303 1610 2341 subjugare.
1639 2304 1809 2333 Persarum
1835 2310 1913 2333 vero
1937 2311 1993 2332 rex
2009 2300 2225 2333 Sabburarsa-

1175 2354 1243 2384 cius
1262 2354 1450 2385 existimans
1475 2354 1703 2394 imperatorem
1728 2355 1914 2385 Romanum
1931 2361 1986 2393 per
2003 2352 2139 2385 Nisibim
2166 2351 2225 2382 iter

1176 2405 1366 2444 instituisse,
1386 2405 1485 2446 copiis
1509 2406 1576 2437 suis
1593 2405 1743 2436 omuibus
1770 2405 1950 2443 instructis,
1968 2403 2123 2436 adversus
2151 2411 2226 2434 eum

1175 2456 1401 2497 proficiscitur.
1420 2457 1545 2489 Certior
1564 2460 1674 2489 autem
1700 2457 1804 2488 factus
1826 2456 1994 2489 Juliauum
2015 2455 2074 2487 sibi
2103 2464 2122 2486 a
2138 2457 2227 2494 tergo

1175 2517 1242 2541 esse
1268 2509 1411 2549 regiones
1439 2511 1581 2540 Persicas
1604 2509 1837 2548 occupantem,
1860 2516 1886 2539 a.
1903 2508 2008 2539 fronte
2036 2508 2147 2538 autem
2163 2508 2226 2537 Ito-

1175 2569 1287 2592 1uanos
1310 2561 1408 2592 duces
1432 2570 1507 2592 cum
1524 2561 1667 2592 exercitu
1691 2569 1806 2599 magno
1834 2568 1867 2591 se
1883 2559 2053 2591 adorturos
2079 2558 2199 2589 instare
2218 2567 2225 2588 ε

1176 2612 1288 2644 mediis
1303 2621 1336 2644 se
1361 2612 1506 2644 hostibus
1522 2613 1680 2644 inclusum
1698 2612 1834 2643 sentiens
1852 2612 1884 2642 iu
1907 2610 2157 2642 Persarmeniam
2179 2610 2227 2645 si:-

1176 2665 1233 2704 git‚
1249 2673 1430 2704 cavensque
1443 2663 1501 2695 sibi
1515 2673 1556 2695 ne
1568 2663 1609 2695 ab
1622 2664 1766 2695 hostibus
1776 2662 2040 2704 prehenderetur,
2055 2671 2093 2693 ex
2108 2661 2224 2701 primo-

1176 2716 1266 2747 ribus
1285 2724 1360 2747 suos
1375 2715 1473 2753 duos,
1491 2715 1623 2746 naribus
1639 2715 1766 2755 proprio
1783 2715 1911 2746 illorum
1929 2723 1968 2745 ex
1986 2722 2141 2745 consensu
2158 2713 2227 2743 abs·

1177 2768 1283 2807 cissis,
1308 2767 1417 2798 dolose
1440 2767 1561 2806 mittit,
1585 2767 1640 2807 qni
1667 2767 1833 2798 sulianum
1862 2765 1897 2797 iu
1924 2765 1995 2796 avia
2017 2764 2225 2796 abducerent.

1176 2822 1249 2852 Duo
1265 2819 1373 2859 itaque
1396 2818 1428 2850 hi
1442 2819 1670 2859 imperatorem
1685 2821 1906 2850 Romanorum
1921 2817 2075 2849 adeuntes
2086 2840 2095 2855 ,
2114 2818 2228 2848 Persa-

1177 2926 1337 2958 dicebaut.
1352 2928 1527 2966 Quumque
1540 2926 1725 2965 juramento
1740 2934 1808 2957 sese
1822 2925 1854 2956 in
1879 2925 1939 2955 hoc
1961 2923 2228 2961 obstrinxissent,

1176 2978 1352 3018 imperator
1364 2977 1446 3009 dolis
1467 2986 1580 3009 eorum
1595 2977 1741 3017 delusus,
1767 2978 1831 3017 ipse
1845 2985 1920 3007 cum
1936 2974 2081 3006 exercitu
2098 2974 2157 3005 hos
2179 2974 2227 3005 iti-

1177 3029 1262 3061 neris
1284 3029 1383 3061 duces
1399 3031 1533 3061 secutus
1548 3031 1607 3061 est.
1627 3031 1667 3061 Et
1692 3037 1748 3068 per
1774 3037 1897 3059 errores
1919 3027 2083 3058 duxerunt
2105 3026 2229 3057 eumin

1179 3082 1306 3114 deserta
1331 3084 1362 3113 et
1384 3090 1478 3122 aqum
1505 3082 1648 3114 carentia
1674 3081 1715 3112 ad
1739 3081 1885 3113 milliaria
1911 3083 2042 3111 centum
2065 3080 2227 3119 quinqua-

1179 3136 1285 3175 ginta,
1314 3135 1365 3167 die
1387 3136 1538 3167 vicesima
1559 3137 1674 3176 quinta
1695 3135 1788 3167 Doesii
1813 3135 1879 3166 sive
1905 3133 1992 3166 Junii
2020 3132 2147 3164 mensis.
2175 3134 2227 3162 ln-

1181 3188 1337 3220 venerunt
1357 3188 1400 3219 ibi
1426 3189 1544 3220 moenia
1560 3188 1710 3228 quaedam
1735 3187 1868 3227 antiqua
1893 3189 1924 3218 ct
1948 3186 2088 3225 collapsa
2117 3184 2225 3222 urbis,

1179 3250 1253 3281 quae
1269 3242 1371 3274 Bubia
1386 3242 1462 3273 olim
1482 3242 1670 3281 vocabatur,
1695 3242 1726 3272 et
1747 3240 1835 3272 aliud
1859 3239 2023 3279 quoddam
2039 3237 2227 3273 castellum,

1180 3293 1287 3326 Asiam
1312 3295 1460 3334 nomine,
1490 3295 1578 3335 quod
1611 3293 1773 3326 domicilia
1799 3292 1948 3333 quaedam
1979 3291 2085 3322 adhuc
2109 3290 2227 3320 stantia

1180 3346 1338 3386 hahebat,
1355 3346 1411 3378 sed
1423 3346 1586 3378 desertum
1609 3348 1688 3378 erat.
1707 3347 1753 3378 lbi
1781 3346 1954 3385 imperator
1980 3352 2055 3374 cum
2082 3340 2225 3373 exercitu

1181 3398 1366 3437 considens,
1387 3400 1491 3430 castra
1516 3399 1637 3439 posuit,
1666 3398 1720 3430 sed
1747 3406 1805 3429 nec
1823 3397 1914 3427 militi
1942 3395 2068 3432 cibum,
2095 3402 2154 3424 nec
2176 3393 2227 3432 jn-
