2372 3704
105 255 178 286 338
560 279 562 281 ,
873 235 1247 296 ARISTOPHANIS
1278 235 1465 282 BOEOTi,

88 330 196 383 ὥρους
225 339 433 375 mutemus,
465 343 576 366 eausa
605 331 742 366 idonea
771 331 811 366 li.
847 331 870 366 l.
891 342 968 365 non
996 329 1134 364 subest.

88 392 272 429 Caeterum
298 403 388 426 num
416 391 608 439 peculiare
630 402 726 438 opus
746 402 767 425 a
787 387 986 430 Βοιωτικοῖς
1011 389 1136 424 diver—

1208 325 1337 376 βίὸλος,
1361 325 1432 378 βίος
1452 334 1488 362 ct
1514 323 1668 377 δεύτερος
1685 327 1880 374 saepissime
1902 327 1999 362 inter
2021 339 2058 362 se
2078 326 2241 362 confun-

1201 386 1351 421 dantur.
1369 386 1548 434 Exempla
1561 386 1743 434 congessit
1758 387 1899 434 Unger.
1919 386 1956 420 iu
1970 386 2090 423 Theb.
2107 386 2239 422 Parad.

88 463 168 485 sum
194 462 240 485 an
268 457 416 498 partem
449 462 582 485 eorum
614 449 742 484 laudet
769 448 1001 497 Stephanus,
1033 445 1138 482 haud
1199 457 1240 493 p.
1263 444 1350 488 433.

88 510 220 556 liquet.

482 607 559 643 1501
568 605 653 643 ΩἸΊ
662 606 690 642 K
699 607 743 642 Α.

601 706 636 728 2.

372 782 401 816 E
430 781 581 816 LIBRO
617 779 857 824 SECUNDO.

145 876 323 925 Steplian.
353 876 439 922 Byz.
466 887 475 911 ε
500 870 700 923 Χαιρώνεια
727 870 825 913 πόλις
858 870 941 921 πρὸς
961 875 1030 913 τοῖς
1053 869 1143 922 ὅροις

93 933 300 977 Φωκίδος...
318 931 565 983 Ἀριστοφάνης
582 933 616 968 ἐν
638 932 838 969 Βοιωτικῶν
854 929 1002 981 δευτέρῳ
1014 945 1021 952 ·
1040 949 1052 962 υ
1075 929 1142 968 Λέ·

99 1009 199 1044 γεται
220 993 248 1030 δ’
263 990 418 1037 οἰκιστὴν
445 990 604 1042 γενέσθαι
638 993 699 1026 τοῦ
720 988 938 1038 πολίσματος
959 988 1141 1040 Χαίρωνα.

95 1054 228 1091 Τοῦτον
258 1050 292 1088 δὲ
318 1051 563 1100 μυθολογοῦσιν
589 1048 803 1090 Ἀπόλλωνος
824 1046 884 1085 καὶ
910 1048 1070 1100 Θηροῦς,
1100 1049 1146 1090 ὡς

95 1110 299 1152 Ἑλλάνικος
322 1111 355 1147 ἐν
377 1107 526 1159 δευτέρῳ
544 1106 681 1158 Ἱερέων
698 1105 824 1159 ἽΙρας.
846 1106 865 1125 ⁴²
887 1106 1060 1152 Ἀθηναῖοι
1086 1105 1145 1143 καὶ

97 1172 128 1208 οἱ
151 1171 227 1219 μετ’
250 1169 362 1206 αὐτῶν
386 1166 442 1204 ἐπὶ
462 1165 541 1208 τοὺς
561 1165 873 1217 Ὀρχομενίζοντας
896 1167 964 1202 τῶν
986 1165 1147 1203 Βοιωτῶν

99 1226 330 1280 ἐπερχόμενοι
352 1224 574 1276 Χαιρώνειαν
591 1224 691 1262 πόλιν
709 1223 948 1276 Ὀρχομενίων
968 1218 1071 1262 εἶλον.
1088 1242 1104 1256 υ

150 1290 238 1323 Post
268 1284 386 1337 ἽΙρας
418 1287 595 1322 lacunam
621 1287 763 1320 notavi.
799 1286 912 1320 Plura
947 1292 1148 1333 excerptor

96 1347 248 1390 omisit,
265 1347 303 1380 in
318 1345 456 1392 quibus
477 1357 600 1379 sermo
613 1351 693 1379 erat
708 1344 756 1379 dc
775 1343 1018 1392 expeditione
1033 1355 1148 1390 quam

96 1405 287 1441 Tolmides
315 1405 480 1452 suscepit
506 1411 640 1438 contra
668 1403 870 1450 optimates
901 1404 1146 1446 Boeotorum,

95 1466 163 1512 qui
178 1491 187 1509 ,
211 1477 328 1511 quum
345 1463 599 1498 democratica
615 1474 745 1496 rerum
763 1461 1006 1509 publicarum
1027 1461 1148 1497 forma

98 1525 137 1558 in
155 1524 345 1571 plerisque
362 1522 516 1557 Boeotiae
540 1521 758 1556 civitatibus
783 1520 830 1555 ab
858 1520 1150 1557 Atheniensibus

100 1583 180 1627 (Ol.
201 1581 270 1629 80,
292 1578 332 1630 4)
353 1581 557 1616 constituta
572 1587 664 1615 essct
678 1606 687 1623 ,
706 1580 832 1614 exules
849 1579 1148 1623 Orchomenum,

100 1642 343 1677 Chaeroneam
367 1641 481 1686 inque
499 1639 590 1674 alias
605 1638 719 1673 urbes
736 1637 891 1672 Phocidi
907 1637 1100 1685 proximas
1114 1649 1151 1671 se

99 1707 335 1748 receperant.
356 1699 451 1735 Vide
471 1697 643 1744 Thucyd.
665 1698 682 1732 I
694 1723 703 1740 ‚
733 1709 744 1731 1
759 1696 816 1741 13,
832 1703 869 1731 et
886 1696 931 1731 de
947 1696 1152 1733 Chaeronea

101 1772 122 1795 a
149 1758 322 1794 Tolmide
343 1765 454 1806 capta
472 1757 634 1793 Diodor.
667 1756 765 1800 XII,
797 1755 845 1800 6,
874 1768 886 1790 1
904 1782 913 1799 ,
936 1762 973 1790 et
1000 1755 1149 1790 Miiller.

103 1820 202 1854 Min.
215 1831 256 1866 p.
279 1822 297 1859 l,
309 1830 320 1852 ι
331 1817 370 1862 6,
392 1817 458 1864 qui
477 1816 655 1864 Stephani
671 1815 789 1850 verba
801 1815 852 1850 ita
867 1814 942 1850 fere
957 1815 1154 1849 constituit

102 1884 144 1911 ut
157 1887 272 1924 supra
289 1875 542 1912 exhibuimus.
559 1874 680 1921 Vulgo
703 1886 710 1908 :
731 1871 902 1918 Ἀθηναῖοι
918 1871 978 1909 καὶ
999 1871 1074 1921 μετ’
1092 1872 1153 1908 αὐ-

102 1932 181 1976 τοὺς
205 1934 341 1983 (αὐτῶν
360 1933 447 1970 cod.
474 1932 658 1980 Rhedig.)
680 1932 707 1969 ε’.
729 1946 763 1969 τ.
788 1930 845 1970 Ὀ.
866 1946 903 1969 τ.
927 1932 966 1968 Β.
986 1930 1043 1968 ἐπὶ
1065 1930 1154 1983 Ὀρ-

102 1997 263 2044 χομενοῖς
284 1990 343 2028 καὶ
365 1992 411 2029 Χ.
429 2006 466 2027 π.
495 1990 720 2041 Ὀρχομενῶν
747 1983 852 2028 εἷλον.
879 2012 930 2018 -
957 1989 1152 2041 ἐπερχόμε-

104 2051 180 2101 νοι]
198 2053 351 2087 Prcller.
373 2051 421 2086 ad
440 2051 588 2087 Hellan.
607 2063 646 2098 p.
669 2049 716 2092 {28
732 2077 742 2094 ,
766 2050 802 2086 3.
823 2051 972 2085 Miiller.
997 2050 1155 2085 dederat

107 2108 360 2162 ἐφορμώμενοι.
382 2131 434 2136 --
447 2110 621 2145 Ceterum
640 2121 730 2143 num
748 2116 850 2143 recte
867 2115 1059 2156 postrema
1078 2109 1156 2143 haec

107 2170 351 2216 Aristophani
370 2168 591 2211 tribuerim,
626 2168 713 2202 sciri
744 2168 888 2215 nequit.
917 2168 1156 2215 Theopompi

108 2228 309 2264 [lellenicis
319 2227 599 2262 vindicaveram
623 2227 746 2262 inVit.
772 2227 957 2262 Hellanici
974 2238 1157 2274 p.xxv111

74 2292 77 2298 ’
108 2294 189 2324 not.
207 2299 243 2323 2.
255 2318 272 2331 l
555 2306 562 2312 ·

561 2348 625 2399 (3).

162 2424 466 2461 Schol.}1esiod.
498 2425 643 2473 Theog.
670 2424 741 2459 126
762 2437 768 2460 :
792 2422 1037 2475 Ἀριστοφάνης
1061 2424 1094 2460 ἐν
1115 2425 1157 2474 τῇ

110 2483 178 2534 [β’]
197 2482 308 2535 βίὸλῳ
325 2483 379 2532 (ἐν
393 2483 442 2532 τῷ
457 2480 525 2533 ,βίῳ
547 2484 634 2519 cod.
654 2482 762 2532 BaS.)
785 2481 895 2531 λέγει·
909 2500 924 2515 α
941 2480 1158 2534 Ἀμφιτρύων

110 2541 347 2594 γενναιότερον
364 2541 470 2578 αὐτοῦ
489 2542 598 2577 παῖδα
615 2546 731 2592 γεννᾷ,
746 2539 802 2577 ὅτε
819 2539 1007 2587 ἐπηυξήθη.
1020 2558 1033 2574 υ
1054 2542 1160 2577 Gais-

116 2602 213 2638 ford.
226 2601 419 2637 emendari
438 2601 520 2635 vult
538 2613 544 2636 z
563 2598 637 2650 Ἀρ.
661 2600 696 2635 ἐν
713 2598 862 2650 δευτέρῳ
886 2600 1156 2648 (Βοιωτιακῶν)

112 2660 219 2709 λέγει·
236 2659 284 2698 Ἀ.
303 2675 334 2710 γ.
351 2674 387 2700 α.
402 2674 442 2697 π.
459 2673 506 2707 γ.,
522 2657 627 2707 ἤγουν
643 2656 698 2695 ὅτε
714 2655 903 2704 ἐπηυξήθη,
916 2671 1033 2706 quum
1048 2671 1161 2694 voces

337 2781 403 2820 DE
428 2779 589 2819 BEBUS
616 2779 877 2818 BOEOToRU
884 2780 920 2816 M
927 2810 934 2816 .

624 2859 657 2891 2.

159 2915 382 2954 Aristophanes
398 2916 514 2946 Rerum
530 2913 743 2946 Boeoticarum
762 2913 843 2945 libro
856 2913 997 2945 secundo
1012 2926 1018 2944 ε
1036 2925 1049 2939 «
1068 2913 1164 2944 Chae-

117 2976 221 2998 roncae
236 2965 324 2997 urbis
337 2965 534 2997 conditorem
555 2966 660 2997 serunt
674 2965 864 2998 Chaeronem
877 2990 886 3004 ,
903 2974 997 3005 quein
1017 2964 1167 3004 Apollinis

118 3021 149 3050 et
167 3019 291 3050 Therus
307 3018 408 3048 tilium
423 3026 490 3049 esse
502 3018 696 3056 fabulantur,
712 3017 759 3048 uti
779 3018 962 3049 Hellanicus
974 3017 1028 3048 lib.
1045 3018 1092 3048 De
1110 3018 1165 3047 Sa-

119 3071 302 3103 cerdotibus
315 3071 451 3102 ,lunonis
472 3070 607 3108 Argivae.
619 3071 654 3086 Η
675 3070 883 3102 Athenienses
902 3078 1079 3110 eorumque
1091 3068 1166 3100 socii

114 3125 230 3156 contra
253 3132 307 3155 eos
325 3124 467 3162 Boeotos,
483 3124 536 3162 qui
555 3123 775 3154 Orchomeniis
798 3131 831 3154 se
844 3123 1079 3163 adjunxerant,
1094 3131 1167 3162 pro-

121 3176 193 3208 iecti
205 3199 213 3215 ,
229 3175 434 3207 Chaeroneam'
450 3174 562 3205 urbem
574 3174 797 3205 Orchomeniis
808 3174 969 3205 addictam
978 3175 1167 3214 ceperunt-n

624 3230 660 3261 3.

165 3284 393 3324 Aristophanes
426 3283 436 3321 (
462 3284 579 3314 Rerum
607 3284 822 3314 Boeoticarnm
851 3284 933 3314 libro
963 3282 1104 3314 secundo
1128 3283 1137 3322 )
1160 3295 1167 3313 ι

123 3350 138 3364 «τ
158 3336 344 3376 Amphitryo
361 3334 461 3365 tilium
479 3335 605 3373 gennit,
617 3335 671 3374 qni
683 3335 812 3366 adultus
828 3337 917 3374 patre
936 3335 1046 3366 sortior
1056 3336 1135 3366 erat.
1153 3347 1168 3361 ν)

630 3392 665 3423 4.

160 3450 274 3484 »Quum
296 3447 402 3478 autern
430 3446 655 3486 Aristophanes
679 3447 807 3477 Boeotus
831 3446 1006 3486 scripserit,
1034 3445 1171 3477 Herodo-

1256 585 1449 620 Plutarch.
1471 587 1529 621 De
1548 585 1738 621 Herodoti
1768 586 1855 620 mal.
1886 597 1920 620 c.
1947 584 1990 620 31
2015 597 2023 620 ε
2047 582 2248 635 Ἀριστοφά-

1207 656 1282 684 νους
1303 640 1339 678 δὲ
1355 644 1417 679 τοῦ
1439 642 1594 679 Βοιωτοῦ
1610 641 1831 694 γράψαντος,
1855 639 1907 679 ὅτι
1922 640 2092 694 χρήματα
2113 639 2174 692 μὲν
2192 642 2246 679 αἷ-

1206 698 1315 746 τήσας
1334 699 1397 738 οὐκ
1411 698 1518 736 ἔλαὸε
1536 700 1607 750 (sc,
1625 698 1833 751 Ἡρόδοτος)
1852 698 1951 747 παρὰ
1970 698 2158 750 Θηὸαίων,
2171 699 2248 736 ἐπι-

1204 760 1333 810 χειρῶν
1351 757 1386 795 ὃὲ
1409 762 1478 801 τοῖς
1493 756 1579 801 νέοις
1598 757 1818 809 διαλέγεσθαι
1845 757 1904 796 καὶ
1927 756 2168 810 συσχολάζειν,
2183 757 2249 795 ὑπὸ

1205 821 1274 856 τῶν
1295 816 1474 870 ἀρχόντων
1506 815 1661 863 ἐκωλύθη
1683 817 1724 854 δι’
1750 815 1930 869 ἀγροικίαν
1952 817 2068 854 αὐτῶν
2096 815 2157 855 καὶ
2191 831 2249 867 μι-

1208 877 1383 927 σολογίαν,
1400 875 1486 913 ἄλλο
1514 874 1577 925 μὲν
1597 874 1692 913 οὐδέν
1715 877 1787 914 ἐστι
1813 875 2000 928 τεκμήριον
2013 889 2021 897 ·
2052 877 2070 912 ὁ
2086 874 2122 912 δὲ
2143 873 2252 926 Ἡρό-

1209 937 1305 978 δοτος
1330 937 1380 987 τῷ
1401 933 1638 986 Ἀριστοφάνει
1674 934 1944 986 μεμαρτύρηκε,
1979 934 2022 971 δι’
2052 927 2100 971 ὧν
2125 934 2169 970 τὰ
2187 933 2250 980 μὲν

1209 994 1354 1046 ψευδῶς,
1373 991 1418 1029 τὰ
1434 991 1470 1029 δὲ
1491 990 1547 1029 διὰ
1568 992 1622 1038 ²⁰,
1641 989 1685 1030 τὰ
1707 991 1743 1030 δὲ
1764 995 1810 1034 ὡς
1834 993 1945 1041 μισῶν
1966 990 2025 1028 καὶ
2045 989 2251 1042 διαφερόμε-

1207 1067 1267 1095 νος·
1278 1052 1348 1094 τοῖς
1366 1049 1538 1097 Θηὸοιίοις
1557 1049 1762 1100 ἐγκέκληκε.
1780 1051 1910 1087 Simile
1931 1058 2187 1086 commentum
2207 1062 2253 1086 ex

1207 1112 1335 1159 Diyllo
1373 1111 1562 1146 novimus.
1596 1112 1640 1148 V.
1679 1111 1799 1146 Baehr.
1831 1109 2022 1147 Herodot.
2052 1115 2146 1144 tom.
2174 1110 2224 1146 lv
2239 1135 2251 1153 ,

1207 1184 1248 1219 p.
1269 1169 1344 1206 835
1362 1182 1419 1217 sq.
2101 1181 2106 1185 ’

1263 1309 1369 1344 Idem
1390 1308 1483 1342 ibid.
1508 1320 1542 1342 c.
1580 1306 1626 1342 33
1650 1319 1657 1342 z
1693 1306 1896 1355 (Thebani,
1918 1305 2138 1342 Herodotus
2166 1306 2254 1349 VII,

1214 1367 1287 1402 233
1309 1374 1455 1410 narrat,
1475 1367 1513 1401 iu
1530 1367 1612 1414 ipso
1632 1366 1769 1414 proelio
1785 1365 1833 1400 ad
1851 1365 2122 1413 Thermopylas
2141 1376 2178 1399 se
2189 1363 2257 1399 de-

1212 1426 1349 1461 derunt
1369 1426 1501 1462 Persis,
1523 1424 1577 1461 Οὐ
1603 1422 1720 1472 μέντοι
1737 1421 1822 1472 τοίγε
1846 1421 1959 1459 πάντα
1981 1420 2197 1473 εὐτύχησαν·
2212 1423 2258 1463 ὥς

1211 1483 1278 1535 γὰρ
1297 1481 1418 1526 αὐτοὺς
1439 1481 1565 1519 ἔλαὸον
1577 1484 1607 1519 οἳ
1626 1481 1798 1533 βᾶρὸαροι
1819 1481 2000 1530 ἐλθόντας,
2020 1479 2098 1523 τοὺς
2121 1479 2182 1530 μέν
2201 1494 2257 1517 τι-

1212 1557 1272 1584 νας
1292 1541 1350 1579 καὶ
1374 1541 1580 1578 ἀπέκτειναν
1601 1539 1825 1592 προσιόντας,
1844 1539 1921 1581 τοὺς
1952 1538 1987 1576 δὲ
2014 1541 2164 1582 πλεῦνας
2193 1539 2258 1575 αὔ-

1220 1602 1301 1646 τῶν,
1320 1598 1546 1642 κελεύσαντος
1560 1597 1716 1650 Ξέρξεω,
1738 1597 1866 1642 ἔστιζον
1881 1596 2058 1648 στίγματα
2074 1595 2258 1649 βασιλήιοι,

1214 1658 1400 1710 ἀρξάμενοι
1427 1657 1497 1695 ἀπὸ
1526 1661 1585 1695 τοῦ
1606 1660 1802 1709 στρατηγοῦ
1836 1657 2068 1696 Λεοντιάδεω.
2092 1657 2152 1694 Ad
2179 1657 2259 1692 haec

1214 1719 1419 1767 respondet
1438 1718 1659 1753 Plutarchus
1676 1730 1684 1752 z
1699 1716 1708 1765 )

1268 1775 1362 1815 Οὔτε
1398 1775 1608 1821 Λεοντιάδης
1628 1776 1663 1812 ἐν
1693 1772 1943 1826 Θερμοπύλαις
1967 1767 2009 1820 ἧν
2047 1771 2260 1824 στρατηγὸς,

1223 1835 1301 1872 ἀλλ’
1324 1833 1568 1886 Ἀνάξανδρος,
1587 1836 1632 1876 ὡς
1655 1832 1900 1886 Ἀριστοφάνης
1923 1834 1962 1870 ἐκ
1979 1834 2046 1870 τῶν
2067 1830 2160 1870 κατὰ
2194 1830 2261 1883 ἄρ-

1215 1909 1342 1946 χοντας
1359 1892 1621 1942 ὑπομνημάτων
1635 1891 1816 1944 ἱστόρησε,
1836 1891 1896 1930 καὶ
1910 1890 2104 1943 Νίκανδρος
2116 1892 2134 1928 ὃ
2150 1891 2261 1929 Κολο·

1219 1953 1359 2006 φώνιος·
1382 1951 1460 1990 οὔτε
1479 1950 1669 2003 γιγνώσκει
1697 1966 1746 1994 τις
1769 1949 1959 2002 ἀνθρώπων
1985 1948 2054 2002 πρὸ
2074 1947 2262 2001 Ἡροδότου

1218 2010 1418 2063 στιχθέντας
1435 2010 1502 2048 ὑπὸ
1521 2008 1652 2061 Ξέρξου
1672 2008 1864 2055 Θηὸαίους.

1270 2074 1446 2108 Ceterum
1472 2070 1676 2120 probabile
1697 2077 1752 2106 est
1777 2069 1974 2118 complura
1991 2081 2146 2112 eorum,
2177 2078 2261 2115 quae

1221 2131 1446 2166 Plutarchus
1475 2129 1521 2165 de
1540 2129 1739 2164 Herodoto
1760 2130 1982 2165 Boeotorum
2006 2139 2115 2163 osore
2133 2127 2265 2174 dispu-

1219 2190 1313 2224 tavit
1325 2216 1335 2233 ,
1351 2201 1397 2224 ex
1411 2188 1546 2224 eodem
1559 2186 1708 2223 fluxisse
1724 2187 1994 2235 Aristophane.

1272 2247 1539 2296 Aristophanes
1571 2246 1604 2282 ἐν
1640 2243 1787 2297 δευτέρῳ
1814 2243 2009 2291 Θηὸαϊκῶν
2035 2243 2211 2280 laudatur
2243 2255 2266 2279 a

1223 2307 1360 2342 Photio
1389 2314 1426 2342 et
1452 2306 1570 2342 Suida
1593 2319 1627 2340 v.
1655 2303 1853 2353 Ὁμολώιος
1879 2301 1982 2348 Ζεύς,
2007 2303 2075 2338 ubi
2101 2315 2192 2338 vero
2221 2314 2267 2338 ex

1220 2366 1412 2403 Favorino
1433 2365 1692 2413 reponendum
1716 2376 1790 2399 esse
1807 2360 2053 2412 Ἀριστόδημον
2070 2368 2172 2396 recte
2194 2361 2264 2396 viri

1221 2425 1323 2460 docti
1343 2432 1564 2462 statuerunt.
1583 2446 1628 2452 —
1647 2423 1761 2471 Apud
1780 2423 1985 2470 josephum
2003 2419 2050 2458 C.'
2070 2421 2212 2469 Apion.
2232 2422 2264 2463 l,

1223 2496 1258 2520 c.
1277 2483 1324 2518 23
1346 2483 1635 2530 Aristophanes,
1648 2483 1774 2517 nescio
1792 2481 1880 2528 qui,
1902 2481 2000 2515 inter
2018 2491 2082 2514 eos
2097 2490 2266 2514 recense-

1222 2549 1298 2585 tur,
1320 2543 1386 2589 qui
1401 2542 1448 2577 de
1460 2541 1601 2577 Judaeis
1619 2541 1796 2576 dixerint.

1279 2601 1453 2638 Fortasse
1484 2600 1754 2648 Aristophanes
1777 2605 1907 2634 noster
1929 2594 2196 2644 intelligendus
2215 2601 2269 2630 est

1226 2660 1264 2694 in
1278 2660 1397 2694 schol.
1417 2659 1611 2706 Aristoph.
1633 2661 1743 2705 Vesp.
1773 2656 1847 2693 500
1870 2669 1879 2691 :
1900 2655 2006 2692 Δοκεῖ
2023 2650 2059 2690 δὲ
2079 2650 2269 2702 ἡτυραννὶς

1226 2770 1295 2799 tuin
1310 2768 1459 2808 pecunias
1468 2769 1626 2807 petentem
1637 2766 1821 2799 aThehanis
1828 2765 1905 2797 nihil
1917 2765 2101 2804 impetrasse
2110 2769 2271 2802 3aggresso

1226 2822 1332 2851 autem
1352 2829 1425 2851 cum
1441 2820 1545 2860 pneris
1560 2819 1712 2851 disserere
1728 2820 1761 2850 et
1777 2818 1920 2850 scholam
1939 2815 2121 2853 instituere,
2138 2823 2158 2845 a
2170 2813 2270 2853 magi-

1226 2873 1378 2904 stratibus
1389 2872 1484 2904 ruisse
1495 2871 1702 2904 interdictum
1715 2871 1757 2902 ob
1771 2870 1980 2902 rusticitatem
1994 2876 2104 2900 eorum
2116 2868 2145 2898 et
2160 2865 2271 2898 odium

1227 2925 1388 2956 literarum
1410 2936 1418 2955 ε
1444 2924 1531 2955 aliud
1552 2923 1680 2963 quidem
1695 2924 1818 2954 certum
1845 2922 1890 2952 rei
1910 2920 2034 2951 nullum
2053 2919 2158 2950 exstat
2176 2926 2271 2958 argu·

1228 2978 1384 3008 mentum⁴
1413 2975 1474 3008 Sed
1496 2975 1697 3015 Aristophani
1724 2972 1905 3005 Herodotus
1933 2969 2152 3003 testimonium
2178 2969 2273 3009 tulit,

1228 3029 1306 3060 dum
1324 3028 1385 3059 alia
1401 3028 1497 3067 falso,
1515 3027 1575 3058 alia
1589 3035 1645 3066 per
1659 3027 1669 3065 (
1684 3024 1916 3065 injustitiam),
1936 3023 1998 3054 alia
2015 3025 2179 3061 tamquam
2192 3029 2271 3052 exo-

1228 3089 1283 3112 sus
1298 3080 1465 3112 Thebanos
1477 3080 1510 3110 et
1523 3078 1691 3109 adversum
1708 3086 1762 3108 eos
1773 3076 1903 3115 Jurgans
1921 3074 2094 3114 vituperat.

1729 3165 1764 3198 5.

1272 3234 1368 3274 Atqui
1388 3242 1451 3264 non
1468 3233 1526 3264 fuit
1546 3230 1732 3264 Leontiades
1746 3230 1812 3261 dux
1832 3228 2058 3260 Thebanorum
2075 3226 2108 3258 in
2123 3225 2274 3257 Thermo·

1232 3286 1328 3327 pylis,
1346 3285 1400 3317 sed
1421 3283 1620 3322 Anaxander‚
1651 3284 1686 3314 ut
1705 3281 1923 3321 Aristophanes
1937 3289 1954 3311 e
1969 3275 2218 3311 Commentariis
2234 3273 2274 3305 ad

1233 3338 1476 3377 magistratuum
1488 3336 1600 3367 seriem
1614 3334 1741 3374 digestis
1757 3333 1880 3371 (locuit,
1897 3333 1930 3362 et
1942 3330 2099 3362 Nicander
2114 3327 2274 3367 Colopho-

1232 3392 1303 3423 nius
1320 3404 1326 3422 :
1342 3398 1445 3430 neque
1463 3388 1606 3428 agnoscit
1618 3387 1786 3427 qnisquam
1801 3386 1967 3417 hominum
1985 3385 2058 3415 ante
2075 3380 2274 3414 Herodotum

1232 3443 1440 3483 compunctos
1452 3449 1469 3472 a
1486 3442 1590 3472 Xerxe
1603 3438 1781 3470 Thebanos,

2365 681 2372 691 u
2367 650 2372 671 1-
2366 627 2372 643 Δ.
2362 481 2372 620 ...ιη-τ*
2359 291 2372 483 maan—Q*
2365 312 2367 314 -
2363 226 2372 285 ...ο-
