<?xml version="1.0" encoding="UTF-8"?>
<!DOCTYPE html PUBLIC "-//W3C//DTD XHTML 1.0 Transitional//EN"
    "http://www.w3.org/TR/xhtml1/DTD/xhtml1-transitional.dtd">
<html xmlns="http://www.w3.org/1999/xhtml" xml:lang="en" lang="en">
 <head>
  <title>
</title>
<meta http-equiv="Content-Type" content="text/html;charset=utf-8" />
  <meta name='ocr-system' content='tesseract 3.04.00' />
  <meta name='ocr-capabilities' content='ocr_page ocr_carea ocr_par ocr_line ocrx_word'/>
</head>
<body>
  <div class='ocr_page' id='page_1' title='image "./fragmentahistori04mueluoft_0009.png"; bbox 0 0 2262 3750; ppageno 0'>
   <div class='ocr_carea' id='block_1_1' title="bbox 744 506 1445 598">
    <p class='ocr_par' dir='ltr' id='par_1_1' title="bbox 744 506 1445 598">
     <span class='ocr_line' id='line_1_1' title="bbox 744 506 1445 598; baseline 0.001 -3"><span class='ocrx_word' id='word_1_1' title='bbox 744 507 1032 596; x_wconf 80' lang='lat' dir='ltr'>PRAE</span> <span class='ocrx_word' id='word_1_2' title='bbox 1056 506 1445 598; x_wconf 82' lang='lat' dir='ltr'><strong>FATIO.</strong></span> 
     </span>
    </p>
   </div>
   <div class='ocr_carea' id='block_1_2' title="bbox 193 1269 2017 3429">
    <p class='ocr_par' dir='ltr' id='par_1_2' title="bbox 193 1269 2017 3429">
     <span class='ocr_line' id='line_1_2' title="bbox 266 1269 2006 1335; baseline 0.001 -18"><span class='ocrx_word' id='word_1_3' title='bbox 266 1273 381 1318; x_wconf 85' lang='lat' dir='ltr'>Rem</span> <span class='ocrx_word' id='word_1_4' title='bbox 425 1270 664 1318; x_wconf 87' lang='lat' dir='ltr'><strong>lubricam</strong></span> <span class='ocrx_word' id='word_1_5' title='bbox 710 1287 823 1317; x_wconf 90' lang='lat' dir='ltr'>sane</span> <span class='ocrx_word' id='word_1_6' title='bbox 874 1280 922 1317; x_wconf 89' lang='lat' dir='ltr'>et</span> <span class='ocrx_word' id='word_1_7' title='bbox 973 1270 1123 1316; x_wconf 88' lang='lat' dir='ltr'>errori</span> <span class='ocrx_word' id='word_1_8' title='bbox 1170 1269 1434 1316; x_wconf 82' lang='lat' dir='ltr'>obnoxiam</span> <span class='ocrx_word' id='word_1_9' title='bbox 1483 1269 1776 1332; x_wconf 82' lang='lat' dir='ltr'>aggreditur,</span> <span class='ocrx_word' id='word_1_10' title='bbox 1808 1270 1847 1316; x_wconf 86' lang='lat' dir='ltr'>si</span> <span class='ocrx_word' id='word_1_11' title='bbox 1893 1272 2006 1335; x_wconf 83' lang='lat' dir='ltr'>quis</span> 
     </span>
     <span class='ocr_line' id='line_1_3' title="bbox 198 1352 2000 1418; baseline 0 -17"><span class='ocrx_word' id='word_1_12' title='bbox 198 1355 385 1401; x_wconf 90' lang='lat' dir='ltr'>itineris</span> <span class='ocrx_word' id='word_1_13' title='bbox 420 1354 778 1418; x_wconf 86' lang='lat' dir='ltr'>longitudinem</span> <span class='ocrx_word' id='word_1_14' title='bbox 818 1352 1023 1401; x_wconf 84' lang='lat' dir='ltr'>definire</span> <span class='ocrx_word' id='word_1_15' title='bbox 1061 1353 1352 1417; x_wconf 85' lang='lat' dir='ltr'>susceperit,</span> <span class='ocrx_word' id='word_1_16' title='bbox 1402 1352 1539 1416; x_wconf 87' lang='lat' dir='ltr'>quod</span> <span class='ocrx_word' id='word_1_17' title='bbox 1586 1370 1732 1400; x_wconf 90' lang='lat' dir='ltr'>nemo</span> <span class='ocrx_word' id='word_1_18' title='bbox 1782 1370 2000 1418; x_wconf 86' lang='lat' dir='ltr'>uuquam</span> 
     </span>
     <span class='ocr_line' id='line_1_4' title="bbox 195 1436 2001 1503; baseline 0 -17"><span class='ocrx_word' id='word_1_19' title='bbox 195 1440 254 1486; x_wconf 87' lang='lat' dir='ltr'>sit</span> <span class='ocrx_word' id='word_1_20' title='bbox 299 1455 536 1487; x_wconf 85' lang='lat' dir='ltr'>emensus.</span> <span class='ocrx_word' id='word_1_21' title='bbox 602 1439 681 1486; x_wconf 91' lang='lat' dir='ltr'>Sic</span> <span class='ocrx_word' id='word_1_22' title='bbox 729 1438 852 1485; x_wconf 85' lang='lat' dir='ltr'>mihi</span> <span class='ocrx_word' id='word_1_23' title='bbox 901 1454 1101 1503; x_wconf 89' lang='lat' dir='ltr'>quoque</span> <span class='ocrx_word' id='word_1_24' title='bbox 1147 1436 1353 1494; x_wconf 90' lang='lat' dir='ltr'>accidit,</span> <span class='ocrx_word' id='word_1_25' title='bbox 1402 1447 1455 1484; x_wconf 90' lang='lat' dir='ltr'>ut</span> <span class='ocrx_word' id='word_1_26' title='bbox 1510 1454 1617 1484; x_wconf 91' lang='lat' dir='ltr'>sero</span> <span class='ocrx_word' id='word_1_27' title='bbox 1683 1437 2001 1502; x_wconf 84' lang='lat' dir='ltr'>intelligerem</span> 
     </span>
     <span class='ocr_line' id='line_1_5' title="bbox 197 1521 2005 1586; baseline 0.001 -17"><span class='ocrx_word' id='word_1_28' title='bbox 197 1537 424 1586; x_wconf 90' lang='lat' dir='ltr'>magnum</span> <span class='ocrx_word' id='word_1_29' title='bbox 462 1522 610 1569; x_wconf 89' lang='lat' dir='ltr'>istum</span> <span class='ocrx_word' id='word_1_30' title='bbox 649 1521 1030 1585; x_wconf 80' lang='lat' dir='ltr'>fragmentorum</span> <span class='ocrx_word' id='word_1_31' title='bbox 1066 1537 1323 1578; x_wconf 87' lang='lat' dir='ltr'>acervum,</span> <span class='ocrx_word' id='word_1_32' title='bbox 1377 1522 1463 1585; x_wconf 87' lang='lat' dir='ltr'>qui</span> <span class='ocrx_word' id='word_1_33' title='bbox 1501 1521 1550 1568; x_wconf 91' lang='lat' dir='ltr'>in</span> <span class='ocrx_word' id='word_1_34' title='bbox 1579 1537 1704 1586; x_wconf 92' lang='lat' dir='ltr'>opus</span> <span class='ocrx_word' id='word_1_35' title='bbox 1739 1522 2005 1570; x_wconf 85' lang='lat' dir='ltr'>artificiose</span> 
     </span>
     <span class='ocr_line' id='line_1_6' title="bbox 193 1605 2002 1672; baseline 0 -17"><span class='ocrx_word' id='word_1_36' title='bbox 193 1606 465 1655; x_wconf 84' lang='lat' dir='ltr'>tesselatum</span> <span class='ocrx_word' id='word_1_37' title='bbox 506 1605 856 1671; x_wconf 83' lang='lat' dir='ltr'>expandendus</span> <span class='ocrx_word' id='word_1_38' title='bbox 890 1615 1015 1663; x_wconf 82' lang='lat' dir='ltr'>erat,</span> <span class='ocrx_word' id='word_1_39' title='bbox 1061 1606 1216 1653; x_wconf 89' lang='lat' dir='ltr'>multo</span> <span class='ocrx_word' id='word_1_40' title='bbox 1261 1606 1404 1653; x_wconf 92' lang='lat' dir='ltr'>latius</span> <span class='ocrx_word' id='word_1_41' title='bbox 1436 1622 1585 1670; x_wconf 88' lang='lat' dir='ltr'>quam</span> <span class='ocrx_word' id='word_1_42' title='bbox 1614 1607 1841 1672; x_wconf 80' lang='lat' dir='ltr'>opinatus</span> <span class='ocrx_word' id='word_1_43' title='bbox 1871 1624 2002 1655; x_wconf 89' lang='lat' dir='ltr'>eram</span> 
     </span>
     <span class='ocr_line' id='line_1_7' title="bbox 196 1688 1998 1755; baseline 0.001 -18"><span class='ocrx_word' id='word_1_44' title='bbox 196 1688 441 1738; x_wconf 89' lang='lat' dir='ltr'>vindicare</span> <span class='ocrx_word' id='word_1_45' title='bbox 477 1689 569 1737; x_wconf 91' lang='lat' dir='ltr'>sibi</span> <span class='ocrx_word' id='word_1_46' title='bbox 610 1691 834 1755; x_wconf 89' lang='lat' dir='ltr'>spatium.</span> <span class='ocrx_word' id='word_1_47' title='bbox 886 1691 1039 1738; x_wconf 90' lang='lat' dir='ltr'>Tanta</span> <span class='ocrx_word' id='word_1_48' title='bbox 1073 1690 1205 1737; x_wconf 92' lang='lat' dir='ltr'>enim</span> <span class='ocrx_word' id='word_1_49' title='bbox 1245 1690 1295 1736; x_wconf 86' lang='lat' dir='ltr'>i&#39;n</span> <span class='ocrx_word' id='word_1_50' title='bbox 1328 1689 1432 1737; x_wconf 90' lang='lat' dir='ltr'>dies</span> <span class='ocrx_word' id='word_1_51' title='bbox 1469 1690 1805 1738; x_wconf 88' lang='lat' dir='ltr'>succrescebat</span> <span class='ocrx_word' id='word_1_52' title='bbox 1844 1690 1998 1739; x_wconf 92' lang='lat' dir='ltr'>histo-</span> 
     </span>
     <span class='ocr_line' id='line_1_8' title="bbox 193 1773 1997 1840; baseline 0.002 -20"><span class='ocrx_word' id='word_1_53' title='bbox 193 1774 376 1822; x_wconf 88' lang='lat' dir='ltr'>riarum</span> <span class='ocrx_word' id='word_1_54' title='bbox 409 1774 574 1838; x_wconf 89' lang='lat' dir='ltr'>copia,</span> <span class='ocrx_word' id='word_1_55' title='bbox 608 1783 663 1821; x_wconf 91' lang='lat' dir='ltr'>ut</span> <span class='ocrx_word' id='word_1_56' title='bbox 689 1773 919 1821; x_wconf 86' lang='lat' dir='ltr'>volumen</span> <span class='ocrx_word' id='word_1_57' title='bbox 956 1776 1182 1834; x_wconf 85' lang='lat' dir='ltr'>tertium,</span> <span class='ocrx_word' id='word_1_58' title='bbox 1213 1791 1314 1839; x_wconf 91' lang='lat' dir='ltr'>quo</span> <span class='ocrx_word' id='word_1_59' title='bbox 1337 1774 1587 1822; x_wconf 88' lang='lat' dir='ltr'>absolvere</span> <span class='ocrx_word' id='word_1_60' title='bbox 1613 1791 1811 1840; x_wconf 90' lang='lat' dir='ltr'>operam</span> <span class='ocrx_word' id='word_1_61' title='bbox 1842 1792 1997 1824; x_wconf 89' lang='lat' dir='ltr'>meam</span> 
     </span>
     <span class='ocr_line' id='line_1_9' title="bbox 195 1857 2001 1923; baseline 0.001 -18"><span class='ocrx_word' id='word_1_62' title='bbox 195 1857 534 1916; x_wconf 88' lang='lat' dir='ltr'>decreveram,</span> <span class='ocrx_word' id='word_1_63' title='bbox 570 1858 648 1904; x_wconf 81' lang='lat' dir='ltr'>vix</span> <span class='ocrx_word' id='word_1_64' title='bbox 672 1858 730 1904; x_wconf 90' lang='lat' dir='ltr'>iis</span> <span class='ocrx_word' id='word_1_65' title='bbox 756 1857 1003 1906; x_wconf 84' lang='lat' dir='ltr'>sufficeret</span> <span class='ocrx_word' id='word_1_66' title='bbox 1036 1857 1383 1923; x_wconf 89' lang='lat' dir='ltr'>scriptoribus,</span> <span class='ocrx_word' id='word_1_67' title='bbox 1420 1875 1545 1923; x_wconf 90' lang='lat' dir='ltr'>quos</span> <span class='ocrx_word' id='word_1_68' title='bbox 1581 1857 1756 1906; x_wconf 91' lang='lat' dir='ltr'>ordine</span> <span class='ocrx_word' id='word_1_69' title='bbox 1781 1859 2001 1907; x_wconf 85' lang='lat' dir='ltr'>chrono-</span> 
     </span>
     <span class='ocr_line' id='line_1_10' title="bbox 194 1940 1998 2007; baseline 0.001 -19"><span class='ocrx_word' id='word_1_70' title='bbox 194 1941 353 2004; x_wconf 90' lang='lat' dir='ltr'>logico</span> <span class='ocrx_word' id='word_1_71' title='bbox 392 1940 453 1988; x_wconf 92' lang='lat' dir='ltr'>ad</span> <span class='ocrx_word' id='word_1_72' title='bbox 481 1941 790 1989; x_wconf 86' lang='lat' dir='ltr'>Constantini</span> <span class='ocrx_word' id='word_1_73' title='bbox 815 1943 978 2007; x_wconf 88' lang='lat' dir='ltr'>Magni</span> <span class='ocrx_word' id='word_1_74' title='bbox 1020 1958 1175 2006; x_wconf 91' lang='lat' dir='ltr'>usque</span> <span class='ocrx_word' id='word_1_75' title='bbox 1212 1952 1432 2007; x_wconf 87' lang='lat' dir='ltr'>tempora</span> <span class='ocrx_word' id='word_1_76' title='bbox 1467 1959 1717 1991; x_wconf 87' lang='lat' dir='ltr'>recensere</span> <span class='ocrx_word' id='word_1_77' title='bbox 1752 1943 1998 1992; x_wconf 90' lang='lat' dir='ltr'>deberem.</span> 
     </span>
     <span class='ocr_line' id='line_1_11' title="bbox 196 2025 2000 2092; baseline 0.002 -21"><span class='ocrx_word' id='word_1_78' title='bbox 196 2029 364 2089; x_wconf 88' lang='lat' dir='ltr'>Itaque</span> <span class='ocrx_word' id='word_1_79' title='bbox 407 2034 741 2073; x_wconf 88' lang='lat' dir='ltr'>trecentorum</span> <span class='ocrx_word' id='word_1_80' title='bbox 785 2035 832 2072; x_wconf 90' lang='lat' dir='ltr'>et</span> <span class='ocrx_word' id='word_1_81' title='bbox 871 2025 1083 2090; x_wconf 90' lang='lat' dir='ltr'>amplius</span> <span class='ocrx_word' id='word_1_82' title='bbox 1133 2042 1303 2090; x_wconf 88' lang='lat' dir='ltr'>agmen</span> <span class='ocrx_word' id='word_1_83' title='bbox 1351 2025 1732 2086; x_wconf 86' lang='lat' dir='ltr'>historicorum,</span> <span class='ocrx_word' id='word_1_84' title='bbox 1787 2045 2000 2092; x_wconf 88' lang='lat' dir='ltr'>quorum</span> 
     </span>
     <span class='ocr_line' id='line_1_12' title="bbox 197 2108 2003 2175; baseline 0.003 -21"><span class='ocrx_word' id='word_1_85' title='bbox 197 2118 306 2155; x_wconf 84' lang='lat' dir='ltr'>aetas</span> <span class='ocrx_word' id='word_1_86' title='bbox 333 2118 406 2154; x_wconf 88' lang='lat' dir='ltr'>est</span> <span class='ocrx_word' id='word_1_87' title='bbox 431 2109 682 2169; x_wconf 83' lang='lat' dir='ltr'>incertior,</span> <span class='ocrx_word' id='word_1_88' title='bbox 713 2125 811 2155; x_wconf 90' lang='lat' dir='ltr'>una</span> <span class='ocrx_word' id='word_1_89' title='bbox 835 2125 948 2156; x_wconf 90' lang='lat' dir='ltr'>cum</span> <span class='ocrx_word' id='word_1_90' title='bbox 974 2108 1224 2156; x_wconf 86' lang='lat' dir='ltr'>Addendis</span> <span class='ocrx_word' id='word_1_91' title='bbox 1254 2119 1299 2155; x_wconf 92' lang='lat' dir='ltr'>et</span> <span class='ocrx_word' id='word_1_92' title='bbox 1324 2109 1579 2157; x_wconf 91' lang='lat' dir='ltr'>Indicibus</span> <span class='ocrx_word' id='word_1_93' title='bbox 1605 2109 2003 2175; x_wconf 88' lang='lat' dir='ltr'>locupletissimis</span> 
     </span>
     <span class='ocr_line' id='line_1_13' title="bbox 196 2191 1998 2259; baseline 0.002 -21"><span class='ocrx_word' id='word_1_94' title='bbox 196 2192 245 2238; x_wconf 90' lang='lat' dir='ltr'>iu</span> <span class='ocrx_word' id='word_1_95' title='bbox 276 2208 459 2238; x_wconf 88' lang='lat' dir='ltr'>novum</span> <span class='ocrx_word' id='word_1_96' title='bbox 491 2191 643 2239; x_wconf 93' lang='lat' dir='ltr'>hocce</span> <span class='ocrx_word' id='word_1_97' title='bbox 668 2191 899 2239; x_wconf 87' lang='lat' dir='ltr'>volumen</span> <span class='ocrx_word' id='word_1_98' title='bbox 925 2191 1118 2239; x_wconf 86' lang='lat' dir='ltr'>deduxi.</span> <span class='ocrx_word' id='word_1_99' title='bbox 1151 2195 1333 2239; x_wconf 86' lang='lat' dir='ltr'>Verum</span> <span class='ocrx_word' id='word_1_100' title='bbox 1362 2209 1425 2239; x_wconf 87' lang='lat' dir='ltr'>ne</span> <span class='ocrx_word' id='word_1_101' title='bbox 1452 2193 1522 2240; x_wconf 90' lang='lat' dir='ltr'>sic</span> <span class='ocrx_word' id='word_1_102' title='bbox 1546 2193 1744 2257; x_wconf 90' lang='lat' dir='ltr'>quidem</span> <span class='ocrx_word' id='word_1_103' title='bbox 1780 2195 1998 2259; x_wconf 90' lang='lat' dir='ltr'>requiem</span> 
     </span>
     <span class='ocr_line' id='line_1_14' title="bbox 196 2275 2001 2343; baseline 0.002 -21"><span class='ocrx_word' id='word_1_104' title='bbox 196 2275 319 2322; x_wconf 83' lang='lat' dir='ltr'>mihi</span> <span class='ocrx_word' id='word_1_105' title='bbox 344 2275 458 2323; x_wconf 89' lang='lat' dir='ltr'>fecit</span> <span class='ocrx_word' id='word_1_106' title='bbox 480 2278 720 2323; x_wconf 76' lang='lat' dir='ltr'>FmMmth</span> <span class='ocrx_word' id='word_1_107' title='bbox 752 2278 927 2323; x_wconf 71' lang='lat' dir='ltr'>Dmor.</span> <span class='ocrx_word' id='word_1_108' title='bbox 949 2279 1047 2341; x_wconf 88' lang='lat' dir='ltr'>Ego</span> <span class='ocrx_word' id='word_1_109' title='bbox 1073 2277 1202 2324; x_wconf 89' lang='lat' dir='ltr'>enim</span> <span class='ocrx_word' id='word_1_110' title='bbox 1231 2293 1384 2341; x_wconf 92' lang='lat' dir='ltr'>quum</span> <span class='ocrx_word' id='word_1_111' title='bbox 1411 2287 1543 2324; x_wconf 90' lang='lat' dir='ltr'>stans</span> <span class='ocrx_word' id='word_1_112' title='bbox 1568 2278 1824 2342; x_wconf 90' lang='lat' dir='ltr'>promissis</span> <span class='ocrx_word' id='word_1_113' title='bbox 1857 2278 2001 2343; x_wconf 89' lang='lat' dir='ltr'>longe</span> 
     </span>
     <span class='ocr_line' id='line_1_15' title="bbox 196 2352 2017 2428; baseline 0.003 -24"><span class='ocrx_word' id='word_1_114' title='bbox 196 2358 350 2422; x_wconf 91' lang='lat' dir='ltr'>majus</span> <span class='ocrx_word' id='word_1_115' title='bbox 374 2358 493 2406; x_wconf 89' lang='lat' dir='ltr'>mihi</span> <span class='ocrx_word' id='word_1_116' title='bbox 512 2359 680 2407; x_wconf 71' lang='lat' dir='ltr'>Fecisse</span> <span class='ocrx_word' id='word_1_117' title='bbox 703 2359 909 2418; x_wconf 85' lang='lat' dir='ltr'>viderer,</span> <span class='ocrx_word' id='word_1_118' title='bbox 930 2376 1079 2425; x_wconf 90' lang='lat' dir='ltr'>quam</span> <span class='ocrx_word' id='word_1_119' title='bbox 1102 2377 1194 2426; x_wconf 92' lang='lat' dir='ltr'>pro</span> <span class='ocrx_word' id='word_1_120' title='bbox 1212 2361 1301 2408; x_wconf 89' lang='lat' dir='ltr'>aevi</span> <span class='ocrx_word' id='word_1_121' title='bbox 1323 2362 1479 2408; x_wconf 90' lang='lat' dir='ltr'>nostri</span> <span class='ocrx_word' id='word_1_122' title='bbox 1501 2361 1695 2409; x_wconf 87' lang='lat' dir='ltr'>levitate</span> <span class='ocrx_word' id='word_1_123' title='bbox 1715 2352 2017 2428; x_wconf 29' lang='lat' dir='ltr'>exspectare*</span> 
     </span>
     <span class='ocr_line' id='line_1_16' title="bbox 195 2442 1999 2510; baseline 0.002 -22"><span class='ocrx_word' id='word_1_124' title='bbox 195 2442 485 2507; x_wconf 88' lang='lat' dir='ltr'>prudentior</span> <span class='ocrx_word' id='word_1_125' title='bbox 516 2444 724 2507; x_wconf 87' lang='lat' dir='ltr'>quisque</span> <span class='ocrx_word' id='word_1_126' title='bbox 746 2444 1013 2508; x_wconf 89' lang='lat' dir='ltr'>potuisset,</span> <span class='ocrx_word' id='word_1_127' title='bbox 1045 2444 1288 2491; x_wconf 88' lang='lat' dir='ltr'>Firminus</span> <span class='ocrx_word' id='word_1_128' title='bbox 1311 2444 1463 2492; x_wconf 87' lang='lat' dir='ltr'>Didot</span> <span class='ocrx_word' id='word_1_129' title='bbox 1502 2445 1643 2492; x_wconf 88' lang='lat' dir='ltr'>aliam</span> <span class='ocrx_word' id='word_1_130' title='bbox 1680 2462 1879 2510; x_wconf 91' lang='lat' dir='ltr'>prorsus</span> <span class='ocrx_word' id='word_1_131' title='bbox 1906 2445 1999 2493; x_wconf 92' lang='lat' dir='ltr'>sibi</span> 
     </span>
     <span class='ocr_line' id='line_1_17' title="bbox 194 2526 1999 2593; baseline 0.002 -21"><span class='ocrx_word' id='word_1_132' title='bbox 194 2526 347 2588; x_wconf 89' lang='lat' dir='ltr'>legem</span> <span class='ocrx_word' id='word_1_133' title='bbox 389 2526 593 2590; x_wconf 88' lang='lat' dir='ltr'>scripsit.</span> <span class='ocrx_word' id='word_1_134' title='bbox 633 2529 792 2585; x_wconf 88' lang='lat' dir='ltr'>Quem</span> <span class='ocrx_word' id='word_1_135' title='bbox 834 2527 875 2574; x_wconf 91' lang='lat' dir='ltr'>si</span> <span class='ocrx_word' id='word_1_136' title='bbox 909 2527 1099 2588; x_wconf 86' lang='lat' dir='ltr'>audias,</span> <span class='ocrx_word' id='word_1_137' title='bbox 1148 2529 1391 2593; x_wconf 90' lang='lat' dir='ltr'>promissa</span> <span class='ocrx_word' id='word_1_138' title='bbox 1433 2529 1658 2593; x_wconf 82' lang='lat' dir='ltr'>praestitis</span> <span class='ocrx_word' id='word_1_139' title='bbox 1699 2546 1798 2577; x_wconf 92' lang='lat' dir='ltr'>non</span> <span class='ocrx_word' id='word_1_140' title='bbox 1849 2528 1999 2576; x_wconf 91' lang='lat' dir='ltr'>modo</span> 
     </span>
     <span class='ocr_line' id='line_1_18' title="bbox 195 2603 2001 2678; baseline 0.002 -22"><span class='ocrx_word' id='word_1_141' title='bbox 195 2608 491 2674; x_wconf 83' lang='lat' dir='ltr'>exaequanda</span> <span class='ocrx_word' id='word_1_142' title='bbox 517 2609 600 2658; x_wconf 90' lang='lat' dir='ltr'>sed</span> <span class='ocrx_word' id='word_1_143' title='bbox 627 2611 772 2658; x_wconf 90' lang='lat' dir='ltr'>etiam</span> <span class='ocrx_word' id='word_1_144' title='bbox 797 2611 1072 2676; x_wconf 89' lang='lat' dir='ltr'>superanda</span> <span class='ocrx_word' id='word_1_145' title='bbox 1107 2622 1253 2672; x_wconf 85' lang='lat' dir='ltr'>sunt,</span> <span class='ocrx_word' id='word_1_146' title='bbox 1291 2621 1437 2677; x_wconf 89' lang='lat' dir='ltr'>atque</span> <span class='ocrx_word' id='word_1_147' title='bbox 1472 2613 1609 2660; x_wconf 86' lang='lat' dir='ltr'>favor</span> <span class='ocrx_word' id='word_1_148' title='bbox 1642 2612 1872 2678; x_wconf 89' lang='lat' dir='ltr'>publicus</span> <span class='ocrx_word' id='word_1_149' title='bbox 1898 2603 2001 2678; x_wconf 91' lang='lat' dir='ltr'>quo</span> 
     </span>
     <span class='ocr_line' id='line_1_19' title="bbox 195 2695 1999 2761; baseline 0.002 -21"><span class='ocrx_word' id='word_1_150' title='bbox 195 2703 354 2758; x_wconf 86' lang='lat' dir='ltr'>coepta</span> <span class='ocrx_word' id='word_1_151' title='bbox 378 2703 545 2741; x_wconf 88' lang='lat' dir='ltr'>nostra</span> <span class='ocrx_word' id='word_1_152' title='bbox 577 2695 905 2760; x_wconf 81' lang='lat' dir='ltr'>excipiuntur,</span> <span class='ocrx_word' id='word_1_153' title='bbox 930 2712 1031 2743; x_wconf 91' lang='lat' dir='ltr'>non</span> <span class='ocrx_word' id='word_1_154' title='bbox 1066 2697 1325 2761; x_wconf 86' lang='lat' dir='ltr'>praemium</span> <span class='ocrx_word' id='word_1_155' title='bbox 1357 2713 1462 2744; x_wconf 90' lang='lat' dir='ltr'>esse</span> <span class='ocrx_word' id='word_1_156' title='bbox 1489 2696 1663 2756; x_wconf 86' lang='lat' dir='ltr'>debet,</span> <span class='ocrx_word' id='word_1_157' title='bbox 1705 2713 1807 2761; x_wconf 91' lang='lat' dir='ltr'>quo</span> <span class='ocrx_word' id='word_1_158' title='bbox 1833 2696 1999 2744; x_wconf 90' lang='lat' dir='ltr'>fruen-</span> 
     </span>
     <span class='ocr_line' id='line_1_20' title="bbox 194 2778 1999 2846; baseline 0.002 -21"><span class='ocrx_word' id='word_1_159' title='bbox 194 2787 266 2825; x_wconf 92' lang='lat' dir='ltr'>tes</span> <span class='ocrx_word' id='word_1_160' title='bbox 285 2778 617 2843; x_wconf 90' lang='lat' dir='ltr'>quiescamus,</span> <span class='ocrx_word' id='word_1_161' title='bbox 662 2796 833 2827; x_wconf 89' lang='lat' dir='ltr'>verum</span> <span class='ocrx_word' id='word_1_162' title='bbox 855 2780 1084 2828; x_wconf 90' lang='lat' dir='ltr'>stimulus</span> <span class='ocrx_word' id='word_1_163' title='bbox 1106 2789 1155 2828; x_wconf 90' lang='lat' dir='ltr'>et</span> <span class='ocrx_word' id='word_1_164' title='bbox 1177 2784 1279 2846; x_wconf 83' lang='grc' dir='ltr'>ἱερὸς</span> <span class='ocrx_word' id='word_1_165' title='bbox 1311 2781 1448 2845; x_wconf 89' lang='lat' dir='ltr'>quasi</span> <span class='ocrx_word' id='word_1_166' title='bbox 1478 2780 1643 2844; x_wconf 79' lang='grc' dir='ltr'><strong>οἶστρος</strong></span> <span class='ocrx_word' id='word_1_167' title='bbox 1672 2797 1772 2845; x_wconf 92' lang='lat' dir='ltr'>quo</span> <span class='ocrx_word' id='word_1_168' title='bbox 1797 2781 1909 2844; x_wconf 89' lang='lat' dir='ltr'>quis</span> <span class='ocrx_word' id='word_1_169' title='bbox 1937 2781 1999 2828; x_wconf 88' lang='lat' dir='ltr'>ad</span> 
     </span>
     <span class='ocr_line' id='line_1_21' title="bbox 193 2863 1999 2928; baseline 0.001 -19"><span class='ocrx_word' id='word_1_170' title='bbox 193 2863 378 2926; x_wconf 90' lang='lat' dir='ltr'>majora</span> <span class='ocrx_word' id='word_1_171' title='bbox 414 2863 686 2911; x_wconf 88' lang='lat' dir='ltr'>incalescat.</span> <span class='ocrx_word' id='word_1_172' title='bbox 748 2863 1180 2924; x_wconf 89' lang='lat' dir='ltr'>Quemadmodum</span> <span class='ocrx_word' id='word_1_173' title='bbox 1234 2865 1378 2928; x_wconf 88' lang='lat' dir='ltr'>igitur</span> <span class='ocrx_word' id='word_1_174' title='bbox 1424 2881 1550 2912; x_wconf 86' lang='lat' dir='ltr'>nova</span> <span class='ocrx_word' id='word_1_175' title='bbox 1593 2863 1675 2912; x_wconf 92' lang='lat' dir='ltr'>illa</span> <span class='ocrx_word' id='word_1_176' title='bbox 1720 2864 1908 2927; x_wconf 90' lang='lat' dir='ltr'>Polybii</span> <span class='ocrx_word' id='word_1_177' title='bbox 1953 2875 1999 2912; x_wconf 89' lang='lat' dir='ltr'>et</span> 
     </span>
     <span class='ocr_line' id='line_1_22' title="bbox 193 2946 1999 3013; baseline 0.001 -21"><span class='ocrx_word' id='word_1_178' title='bbox 193 2946 415 3010; x_wconf 87' lang='lat' dir='ltr'>Dionysii</span> <span class='ocrx_word' id='word_1_179' title='bbox 446 2957 494 2994; x_wconf 91' lang='lat' dir='ltr'>et</span> <span class='ocrx_word' id='word_1_180' title='bbox 519 2947 726 2995; x_wconf 89' lang='lat' dir='ltr'>Diodori</span> <span class='ocrx_word' id='word_1_181' title='bbox 769 2948 1030 3012; x_wconf 85' lang='lat' dir='ltr'>fragmenta</span> <span class='ocrx_word' id='word_1_182' title='bbox 1062 2965 1118 2996; x_wconf 87' lang='lat' dir='ltr'>ex</span> <span class='ocrx_word' id='word_1_183' title='bbox 1166 2949 1368 3013; x_wconf 85' lang='lat' dir='ltr'>pulvere</span> <span class='ocrx_word' id='word_1_184' title='bbox 1395 2948 1715 2996; x_wconf 88' lang='lat' dir='ltr'>Escorialensi</span> <span class='ocrx_word' id='word_1_185' title='bbox 1755 2949 1805 2995; x_wconf 92' lang='lat' dir='ltr'>in</span> <span class='ocrx_word' id='word_1_186' title='bbox 1839 2949 1999 2995; x_wconf 87' lang='lat' dir='ltr'>lucem</span> 
     </span>
     <span class='ocr_line' id='line_1_23' title="bbox 194 3019 1996 3095; baseline 0.001 -20"><span class='ocrx_word' id='word_1_187' title='bbox 194 3019 437 3093; x_wconf 87' lang='lat' dir='ltr'>protracta</span> <span class='ocrx_word' id='word_1_188' title='bbox 463 3030 704 3077; x_wconf 90' lang='lat' dir='ltr'>volumini</span> <span class='ocrx_word' id='word_1_189' title='bbox 739 3030 959 3078; x_wconf 87' lang='lat' dir='ltr'>secundo</span> <span class='ocrx_word' id='word_1_190' title='bbox 996 3032 1225 3091; x_wconf 87' lang='lat' dir='ltr'>inseruit,</span> <span class='ocrx_word' id='word_1_191' title='bbox 1263 3032 1311 3078; x_wconf 94' lang='lat' dir='ltr'>in</span> <span class='ocrx_word' id='word_1_192' title='bbox 1352 3032 1491 3079; x_wconf 88' lang='lat' dir='ltr'>tertia</span> <span class='ocrx_word' id='word_1_193' title='bbox 1520 3041 1683 3079; x_wconf 88' lang='lat' dir='ltr'>autem</span> <span class='ocrx_word' id='word_1_194' title='bbox 1715 3040 1850 3095; x_wconf 88' lang='lat' dir='ltr'>parte</span> <span class='ocrx_word' id='word_1_195' title='bbox 1885 3029 1996 3076; x_wconf 89' lang='lat' dir='ltr'>reli-</span> 
     </span>
     <span class='ocr_line' id='line_1_24' title="bbox 195 3113 1999 3180; baseline -0.001 -20"><span class='ocrx_word' id='word_1_196' title='bbox 195 3113 332 3177; x_wconf 91' lang='lat' dir='ltr'>quias</span> <span class='ocrx_word' id='word_1_197' title='bbox 354 3113 539 3161; x_wconf 87' lang='lat' dir='ltr'>Nicolai</span> <span class='ocrx_word' id='word_1_198' title='bbox 566 3116 850 3162; x_wconf 87' lang='lat' dir='ltr'>Damasceni</span> <span class='ocrx_word' id='word_1_199' title='bbox 884 3126 931 3162; x_wconf 93' lang='lat' dir='ltr'>et</span> <span class='ocrx_word' id='word_1_200' title='bbox 957 3116 1166 3180; x_wconf 83' lang='lat' dir='ltr'>Dexippi</span> <span class='ocrx_word' id='word_1_201' title='bbox 1189 3125 1236 3162; x_wconf 88' lang='lat' dir='ltr'>et</span> <span class='ocrx_word' id='word_1_202' title='bbox 1255 3115 1450 3163; x_wconf 89' lang='lat' dir='ltr'>Eusebii</span> <span class='ocrx_word' id='word_1_203' title='bbox 1478 3133 1504 3161; x_wconf 86' lang='lat' dir='ltr'>e</span> <span class='ocrx_word' id='word_1_204' title='bbox 1533 3115 1705 3161; x_wconf 89' lang='lat' dir='ltr'>codice</span> <span class='ocrx_word' id='word_1_205' title='bbox 1732 3114 1999 3178; x_wconf 88' lang='lat' dir='ltr'>Hispanico</span> 
     </span>
     <span class='ocr_line' id='line_1_25' title="bbox 195 3197 1997 3261; baseline -0.001 -18"><span class='ocrx_word' id='word_1_206' title='bbox 195 3206 242 3243; x_wconf 89' lang='lat' dir='ltr'>et</span> <span class='ocrx_word' id='word_1_207' title='bbox 278 3213 334 3244; x_wconf 86' lang='lat' dir='ltr'>ex</span> <span class='ocrx_word' id='word_1_208' title='bbox 372 3197 502 3244; x_wconf 80' lang='lat' dir='ltr'>Atho</span> <span class='ocrx_word' id='word_1_209' title='bbox 533 3199 715 3245; x_wconf 91' lang='lat' dir='ltr'>montis</span> <span class='ocrx_word' id='word_1_210' title='bbox 755 3198 994 3246; x_wconf 88' lang='lat' dir='ltr'>thesauris</span> <span class='ocrx_word' id='word_1_211' title='bbox 1040 3200 1242 3246; x_wconf 87' lang='lat' dir='ltr'>literatis</span> <span class='ocrx_word' id='word_1_212' title='bbox 1276 3200 1408 3246; x_wconf 88' lang='lat' dir='ltr'>auxit</span> <span class='ocrx_word' id='word_1_213' title='bbox 1460 3200 1790 3261; x_wconf 85' lang='lat' dir='ltr'>maximopere</span> <span class='ocrx_word' id='word_1_214' title='bbox 1824 3215 1833 3242; x_wconf 73' lang='grc' dir='ltr'>ε</span> <span class='ocrx_word' id='word_1_215' title='bbox 1866 3197 1997 3244; x_wconf 85' lang='lat' dir='ltr'>simi-</span> 
     </span>
     <span class='ocr_line' id='line_1_26' title="bbox 193 3279 1998 3347; baseline 0 -21"><span class='ocrx_word' id='word_1_216' title='bbox 193 3279 303 3327; x_wconf 89' lang='lat' dir='ltr'>liter</span> <span class='ocrx_word' id='word_1_217' title='bbox 337 3291 567 3346; x_wconf 90' lang='lat' dir='ltr'>quartum</span> <span class='ocrx_word' id='word_1_218' title='bbox 595 3299 795 3347; x_wconf 91' lang='lat' dir='ltr'>quoque</span> <span class='ocrx_word' id='word_1_219' title='bbox 834 3283 1064 3331; x_wconf 91' lang='lat' dir='ltr'>volumen</span> <span class='ocrx_word' id='word_1_220' title='bbox 1099 3283 1213 3330; x_wconf 91' lang='lat' dir='ltr'>dote</span> <span class='ocrx_word' id='word_1_221' title='bbox 1239 3283 1401 3347; x_wconf 90' lang='lat' dir='ltr'>aliqua</span> <span class='ocrx_word' id='word_1_222' title='bbox 1434 3283 1564 3330; x_wconf 90' lang='lat' dir='ltr'>haud</span> <span class='ocrx_word' id='word_1_223' title='bbox 1607 3281 1836 3346; x_wconf 86' lang='lat' dir='ltr'>stipulata</span> <span class='ocrx_word' id='word_1_224' title='bbox 1862 3280 1998 3327; x_wconf 90' lang='lat' dir='ltr'>locu-</span> 
     </span>
     <span class='ocr_line' id='line_1_27' title="bbox 195 3361 1998 3429; baseline -0.002 -19"><span class='ocrx_word' id='word_1_225' title='bbox 195 3361 367 3427; x_wconf 88' lang='lat' dir='ltr'>pletari</span> <span class='ocrx_word' id='word_1_226' title='bbox 387 3364 554 3412; x_wconf 89' lang='lat' dir='ltr'>voluit.</span> <span class='ocrx_word' id='word_1_227' title='bbox 574 3365 805 3413; x_wconf 89' lang='lat' dir='ltr'>Videlicet</span> <span class='ocrx_word' id='word_1_228' title='bbox 836 3366 1121 3429; x_wconf 84' lang='lat' dir='ltr'>colligendis</span> <span class='ocrx_word' id='word_1_229' title='bbox 1155 3377 1199 3413; x_wconf 89' lang='lat' dir='ltr'>et</span> <span class='ocrx_word' id='word_1_230' title='bbox 1236 3365 1549 3414; x_wconf 87' lang='lat' dir='ltr'>resarciendis</span> <span class='ocrx_word' id='word_1_231' title='bbox 1589 3363 1864 3427; x_wconf 84' lang='lat' dir='ltr'>fragmentis</span> <span class='ocrx_word' id='word_1_232' title='bbox 1895 3379 1998 3408; x_wconf 75' lang='lat' dir='ltr'>non</span> 
     </span>
    </p>
   </div>
  </div>
 </body>
</html>
