2372 3704
182 278 258 310 666

181 358 283 408 μας].
309 374 325 390 τι
353 358 466 394 Haud
491 358 606 394 dubie
633 358 878 394 scribendum
905 356 998 402 ὅστις
1018 359 1222 398 ΔΗΠΟΤΕ

182 415 233 462 εἴη
244 444 256 465 ,
277 429 322 453 ex
335 429 413 465 quo
424 417 476 452 sic
493 417 695 453 obscurato
713 416 902 455 AHTOIC
917 425 1042 453 ortum
1060 418 1187 459 αὐτοῖς.
1205 434 1219 450 υ

178 477 355 522 ΒΰηΝΕιι,
384 485 515 523 acute,
531 478 587 513 uti
614 477 722 515 solet.
747 478 919 513 Ceterum
936 490 974 515 v-
1000 477 1114 519 αὐτοῖς
1132 478 1172 514 11.
1199 479 1222 515 l.

180 549 259 571 non
276 537 497 581 molestum;
522 544 558 571 et
580 536 768 584 particula
785 533 912 580 δήποτε
931 536 991 571 vel
1012 549 1096 571 ποτε
1114 537 1225 572 etiam

180 606 306 630 carere
322 595 427 639 licet,
446 601 490 630 ut
519 596 558 629 in
577 601 670 630 noto
702 595 768 629 illo
792 594 983 643 Euripidis
1008 590 1112 639 Ζεὺς,
1133 591 1226 636 ὅστις

177 653 197 689 ὃ
210 650 297 694 Ζεύς
316 653 566 690 οῑἐί11111ἰ11115.

232 709 322 759 Pag.
337 710 424 759 389,
438 712 503 748 lin.
523 710 567 746 16
576 740 583 748 .
599 730 650 738 —
660 708 862 759 προσεῖπεν]
874 711 955 758 lege
966 713 1128 758 προεῖπεν
1140 722 1226 745 cum

179 770 323 806 Federo
341 777 377 805 et
395 770 560 805 Piccolo.
573 767 677 804 Nihil
691 775 924 804 mutaveram
941 768 990 802 ob
1005 768 1131 803 locum
1150 768 1225 803 Eu-

179 828 311 876 ripidis
324 829 408 876 Iph.
428 829 539 864 Taur.
560 827 656 873 3703
675 826 739 862 sed
752 826 805 861 ibi
823 838 979 873 quoque
994 839 1094 861 nunc
1112 825 1226 874 προεῖ-

178 901 245 927 πας
258 899 329 934 pro
344 890 537 937 προσεῖπας
554 886 763 934 repositum
784 892 850 920 est.
868 906 919 911 —
936 885 998 920 Fr.
1017 883 1083 932 55,
1104 884 1169 921 lin.
1190 885 1224 919 6.

178 943 370 994 ἀναὸἧσαι]
381 945 606 980 Particulam
617 941 658 979 ἂν
667 943 774 979 addit
783 943 930 987 Feder.,
940 955 1014 989 qua
1026 955 1103 977 non
1118 955 1224 990 opus·

177 1024 230 1031 -—
244 1005 329 1041 Lin.
355 1003 390 1039 8.
407 1001 528 1038 παλαί’
558 1000 669 1050 ἅττα]
692 1003 776 1037 Hoc
807 1002 1008 1037 Diibnerus
1023 1001 1115 1035 mihi
1131 1014 1226 1048 pro-

177 1070 369 1110 posuerat.
402 1063 572 1098 Fortasse
609 1060 705 1096 illud
741 1058 832 1095 ἄλλα
870 1067 996 1095 ortum
1032 1071 1077 1094 ex
1111 1059 1225 1094 ditto-

178 1121 336 1168 graphia
359 1121 463 1155 vocis
494 1118 597 1156 ἄττα.
633 1118 689 1156 Cf.
720 1118 818 1153 infra
837 1117 937 1154 Add.
971 1117 1020 1153 ad
1047 1130 1088 1165 p.
1126 1121 1200 1159 402
1216 1145 1225 1162 ‚

182 1179 249 1216 lin.
273 1178 310 1216 8.
343 1179 484 1215 Contra
512 1177 679 1214 Federus
711 1189 719 1212 :
750 1193 766 1208 ιι
799 1177 900 1212 Illud
923 1174 1106 1226 πρόὸατα,
1141 1189 1227 1212 sane

176 1245 266 1286 post
284 1236 372 1273 ἄλλα
388 1235 476 1272 ἄττα
494 1235 700 1280 inficetum,
715 1248 787 1284 pro
800 1235 1020 1282 glossemate
1032 1235 1194 1272 recidas.
1212 1250 1226 1267 υ

179 1296 293 1343 Quod
309 1308 387 1331 non
403 1307 595 1343 assequor.
613 1316 664 1321 —
683 1295 766 1331 Lin.
786 1306 825 1341 9.
851 1293 887 1329 αἱ
909 1291 943 1329 δὲ
967 1290 1023 1329 διὰ
1039 1293 1160 1343 τοῦτο]
1183 1295 1229 1335 ὡς

177 1351 213 1390 δὲ
231 1351 287 1391 διὰ
304 1356 402 1390 τοῦτο
416 1354 529 1389 tacite
548 1353 720 1400 maleque
736 1353 870 1389 Feder.
888 1373 940 1379 -—-
958 1353 1043 1388 Lin.
1075 1365 1135 1389 10.
1158 1350 1227 1401 ἐγί·

176 1412 277 1463 νετο]
299 1410 434 1462 ἐγένετο
454 1411 566 1448 tacite
579 1412 713 1447 Feder.
737 1411 1020 1459 Imperfectum,
1042 1411 1146 1459 quod
1163 1424 1230 1447 co-

177 1472 251 1507 dex
268 1472 383 1507 habet
395 1499 404 1516 ‚
417 1472 530 1506 unice
545 1478 689 1518 aptum.
705 1491 756 1496 —
769 1471 854 1506 Lin.
873 1482 932 1518 19.
957 1468 1112 1520 Ἰτώνῳ]
1126 1468 1224 1507 Ἰτω-

177 1529 238 1581 νίῳ
251 1530 388 1568 Feder.
403 1543 412 1574 ;
430 1530 516 1566 fort.
539 1529 742 1576 typothetae
765 1529 889 1576 culpa.

230 1588 320 1636 Pag.
342 1588 411 1636 391
427 1615 438 1633 ‚
452 1587 500 1624 fr.
522 1586 592 1635 58,
608 1588 673 1624 lin.
689 1599 724 1632 7.
745 1608 797 1612 —
815 1585 1015 1636 ἐπὶτοῦτο]
1035 1588 1136 1634 Lege
1168 1585 1228 1623 ἐπὶ

177 1646 311 1697 τούτῳ,
334 1654 488 1682 auctore
505 1646 703 1683 Dfibnero.
734 1666 786 1673 —
805 1647 890 1682 Lin.
915 1650 972 1688 14.
990 1645 1128 1682 πολλῶν
1150 1644 1227 1681 δια-

177 1703 348 1757 φέροντα]
366 1705 486 1755 πολλῷ
507 1703 539 1740 δ.
561 1703 660 1750 conj.
683 1703 863 1749 Piccolo;
885 1702 899 1753 [
921 1703 1016 1754 τῶν]
1035 1704 1173 1740 πολλῶν
1198 1703 1228 1740 δ.

178 1765 328 1812 scripsit
348 1764 481 1800 Feder.

230 1821 322 1870 Pag.
344 1821 439 1869 393,
463 1821 506 1856 fr.
532 1820 686 1866 6ο,1ῑη.
711 1819 747 1857 3.
768 1813 816 1857 ὧν
835 1816 978 1872 Εὐαγ.]
996 1812 1043 1856 ὧν
1065 1833 1102 1856 se
1120 1820 1228 1856 addi-

178 1881 274 1915 disse
292 1880 413 1916 Feder
431 1881 504 1924 ait3
528 1886 567 1914 at
584 1886 639 1914 est
665 1879 704 1913 in
720 1879 868 1915 codice.
893 1879 1042 1914 Ibidem
1057 1891 1129 1927 pro
1147 1876 1227 1921 3²3*oe-

176 1935 293 1988 γαγὼν
305 1950 368 1986 ap.
382 1938 569 1973 Federum
586 1937 724 1984 legitur
737 1934 881 1986 ἐξάγων.
900 1957 951 1963 —
967 1937 1052 1974 Lin.
1071 1949 1127 1972 10.
1144 1938 1225 1985 lege

177 1997 347 2032 ἐπιθοῖντο
363 2009 433 2044 pro
450 1993 634 2032 ἐπίθοιντο.
656 1995 712 2031 Ib.
732 2003 820 2044 post
835 2008 873 2032 v.
903 1993 1134 2045 βασιλεύοντα
1159 1997 1229 2032 Fe-

177 2055 288 2091 derus
307 2054 455 2090 addidit
475 2052 516 2090 ἂν
528 2081 538 2098 ,
556 2054 666 2091 bene.

230 2112 321 2161 Pag.
345 2112 417 2160 394
431 2139 440 2156 ‚
457 2113 523 2148 lin.
549 2117 586 2155 4.
605 2107 799 2153 —‘'Oo·t2<
827 2104 870 2156 ἦν
890 2109 1048 2161 Γόργου]
1069 2113 1115 2149 V.
1135 2109 1228 2154 ὅστις

181 2172 346 2208 Federus
359 2173 397 2206 in
417 2171 639 2218 apographo
660 2183 728 2206 suo
747 2171 911 2207 omisisse
925 2171 1094 2216 videtur3
1112 2183 1229 2218 quare

177 2229 342 2276 conjecit
365 2242 372 2264 :
396 2227 456 2264 καὶ
474 2227 606 2278 Γόργου
632 2226 694 2275 μὲν
709 2221 762 2273 ἦν.
786 2251 831 2256 -
849 2230 934 2265 Lin.
970 2229 1014 2264 16
1042 2242 1114 2277 pro
1144 2242 1228 2264 cor-

176 2295 290 2334 rupto
307 2285 561 2336 ἐστρατεύσατο
590 2286 745 2322 Piccolo
770 2287 879 2322 fuisse
910 2294 1035 2322 censet
1058 2285 1228 2336 ηὐτρεπί-

177 2359 275 2382 σατο.
294 2366 342 2372 -
358 2347 419 2381 Fr.
444 2345 488 2380 61
506 2374 514 2390 ,
534 2347 598 2380 lin.
619 2346 638 2380 3
653 2346 733 2393 lege
752 2344 839 2394 [ἃς]
855 2345 893 2381 οὐ
919 2343 1053 2396 λάθρα,
1070 2347 1126 2380 uti
1137 2359 1230 2381 cen-

176 2411 257 2438 sent
287 2404 483 2439 Piccolous
509 2411 545 2439 ct
570 2404 751 2439 Federus.
782 2426 831 2431 —
848 2406 933 2439 Lin.
967 2417 1008 2440 11
1035 2417 1107 2452 pro
1127 2403 1229 2440 αὐτὸν

177 2459 356 2509 δράσαντα
374 2462 454 2509 lege
473 2475 560 2497 cum
575 2454 819 2498 Diibnero'dw
840 2460 896 2498 τὸν
915 2462 968 2512 δρ.
984 2491 993 2509 ,
1014 2464 1074 2498 vel
1091 2464 1231 2511 simpli-

177 2520 271 2554 citer
289 2518 346 2555 τὸν
369 2519 421 2568 δρ.

230 2576 322 2626 Pag.
349 2576 515 2624 395,lin.
538 2576 573 2613 3.
589 2598 637 2606 —
649 2575 902 2627 “ΟἸσο’δημος]
919 2579 1165 2618 ὃο111.1’<“θ(101·.
1178 2602 1229 2608 -

175 2636 257 2671 Lin.
277 2636 313 2672 6.
332 2633 470 2672 θανόντι
491 2633 557 2671 ὑπὸ
571 2635 764 2687 τάδελφοῦ]
783 2635 991 2672 ἀποθάνοντι
1009 2636 1074 2672 ὑπὸ
1095 2637 1151 2674 ἀδ.
1174 2646 1229 2675 ta-

176 2695 249 2730 cite
265 2694 356 2730 Fed.
380 2715 430 2720 —
446 2692 529 2729 Lin.
555 2695 617 2732 23.
636 2695 770 2733 Feder.
798 2695 958 2741 conjecit
980 2709 987 2730 ;
1019 2693 1110 2731 θύειν
1134 2697 1228 2747 αὐτῷ

175 2750 235 2787 καὶ
251 2749 294 2787 τὰ
311 2750 386 2802 ἱερὰ
405 2750 532 2802 [ῥέζειν
543 2752 575 2802 ],
590 2753 705 2800 idque
719 2754 986 2802 probabiliter.
999 2755 1145 2791 —Lin.
1163 2756 1224 2791 32.

175 2809 400 2860 στράτευμα]
420 2810 566 2859 στρατὸν
587 2813 720 2849 Feder.

227 2870 318 2917 Pag.
342 2869 438 2916 398,
462 2871 527 2906 lin.
547 2884 582 2916 7.
603 2893 655 2898 —-·
678 2868 862 2921 Παρέχοι]
882 2872 963 2919 leg.
981 2869 1140 2922 παρέχῃ,
1156 2885 1226 2907 au-

175 2934 279 2963 ctore
291 2929 457 2963 Piccolo.
478 2949 529 2954 ——
543 2930 629 2964 Lin.
652 2929 701 2964 28
727 2931 799 2977 leg.
823 2927 1084 2979 Ἀρτεμὸάρεω,
1102 2931 1157 2965 uti
1175 2939 1228 2967 est

174 2987 214 3020 in
229 2987 304 3021 ima
315 2987 451 3034 pagina
462 3014 472 3034 ‚
489 3000 560 3034 pro
576 2985 606 3023 'A
615 2985 826 3038 ρτεμὸάρου.
842 2989 992 3022 Monuit
1017 2988 1224 3027 Diibnerus.

227 3043 322 3092 Pag.
352 3044 449 3092 399,
477 3046 543 3079 lin.
573 3044 610 3082 5.
631 3044 790 3096 Μεγάλῳ
820 3042 916 3098 ὄντι]
938 3045 1029 3096 μέγα
1050 3049 1226 3097 φρονοῦντι

174 3103 276 3149 conj.
295 3104 461 3139 Piccolo.
719 3114 727 3118 ⁴

227 3160 316 3209 Pag.
340 3166 436 3208 400,
459 3161 485 3197 1.
510 3161 547 3198 3.
573 3183 624 3189 -
650 3163 743 3198 Cum
763 3163 946 3199 Diibnero
970 3165 1044 3212 leg.
1075 3164 1225 3201 videtur

175 3217 234 3270 [ὃ]
251 3217 504 3266 οἰωνισάμενος.
524 3220 666 3255 Eodem
676 3221 832 3266 jubente
848 3250 858 3269 ,
878 3222 959 3269 lege
976 3223 1105 3270 paullo
1137 3231 1224 3271 post

173 3276 330 3318 ποδαπὸς
357 3275 444 3328 [τὸ]
472 3275 579 3325 γένος.
605 3300 652 3305 -
675 3280 759 3314 Lin.
797 3293 831 3324 7.
861 3279 1042 3331 Οἰὸάρας]
1071 3281 1223 3329 Ubique

173 3335 433 3384 reponendum
451 3333 610 3385 Οἱὸάρας
622 3350 706 3371 cum
719 3338 853 3384 spiritu
867 3350 1013 3386 aspero,
1033 3340 1127 3375 Vide
1147 3343 1222 3389 Ap-

172 3394 373 3442 pendicem
403 3395 442 3428 in
471 3395 638 3430 Piccoloi
667 3395 759 3433 edit.
789 3396 919 3443 fragm.
947 3398 1094 3433 Nicolai
1109 3426 1119 3443 ‚
1150 3400 1216 3434 ubi

172 3454 225 3489 M.
260 3454 300 3489 F..
339 3453 539 3499 Barnous„
577 3454 635 3488 vir
668 3451 951 3500 celeberrimus,
990 3468 1099 3502 quem
1134 3456 1219 3492 Pic-

876 269 1120 310 ADDENDA
1148 270 1214 310 ET
1241 268 1570 310 CORRIGENDA

1286 360 1417 396 colous
1437 357 1648 404 consuluit,
1672 357 1788 393 fusius
1819 357 1866 393 de
1886 357 1959 393 hoc
1981 357 2136 393 nomine
2163 357 2333 406 exponit.

1285 419 1433 454 Etenim
1463 415 1623 468 Οῑὸάρας
1657 415 1823 453 Zendica
1856 416 1983 465 lingua
2017 416 2208 452 Zoroastri
2238 415 2338 452 foret

1286 476 1449 521 hubam,
1467 477 1494 511 i.
1521 488 1555 513 e.
1577 473 1747 522 afferens
1762 475 1911 522 bonum,
1929 472 2185 524 ἀγαθάγγελος,
2205 473 2338 510 Indice

1288 534 1390 570 idem
1416 546 1556 570 nomen
1572 534 1800 570 scriberetur
1816 533 1984 570 subhdra
1994 559 2004 578 ,
2023 533 2162 581 quibus
2175 545 2338 581 respon-

1288 592 1352 628 det
1377 605 1517 628 nomen
1543 591 1716 627 Saebares
1736 604 1809 640 pro
1829 592 1997 628 OEbares
2016 590 2121 640 apud
2133 592 2154 626 J
2159 591 2335 628 ustinum.

1288 652 1474 686 Praeterea
1485 649 1713 686 Burnoufius
1734 657 1864 686 monet
1881 661 2016 686 vocem
2040 649 2207 694 lmbdra,
2233 646 2340 695 affe-

1287 722 1370 744 rens
1388 710 1536 752 bonum,
1572 709 1718 756 tropice
1744 709 1857 745 etiam
1881 707 2093 757 significare
2125 720 2236 758 posse
2249 705 2341 753 sor-

1288 776 1434 811 tunam,
1470 775 1690 816 potestatem
1702 795 1712 813 ‚
1747 767 1896 806 πλοῦτον
1922 765 1983 803 καὶ
2014 764 2174 814 δυνάμιν,
2205 772 2341 814 utpote

1289 839 1371 874 quae
1400 826 1593 862 bonorum
1610 834 1785 862 auctores
1812 826 1898 861 sint.
1923 825 2050 872 Quare
2071 823 2274 861 Piccolous
2301 825 2342 860 in

1288 884 1411 919 verbis
1423 881 1542 934 ὥσπερ
1556 882 1616 920 καὶ
1626 881 1779 931 τοῦνομα
1789 880 1884 933 λέγει
1899 883 2074 919 excidisse
2088 890 2213 919 censet
2223 881 2342 919 verba

1288 944 1347 978 τοῦ
1372 940 1494 992 ἀνδρὸς
1525 955 1554 980 S.
1587 944 1646 979 τοῦ
1676 938 1871 991 ἀνθρώπου.
1891 943 1993 978 Alias
2010 942 2090 978 haec
2110 942 2342 990 pertinerent

1291 1001 1338 1036 ad
1352 1013 1486 1036 vocem
1498 1028 1507 1046 ,
1527 1013 1609 1049 quae
1626 1001 1771 1036 fumum
1790 1001 1972 1048 equinum
1989 998 2192 1036 Persarum
2210 1000 2340 1049 lingua

1292 1059 1488 1108 significat.

1342 1116 1434 1166 Pag.
1465 1122 1558 1162 401,
1576 1118 1602 1153 l.
1630 1131 1662 1156 1.
1689 1139 1734 1146 --
1760 1115 2071 1168 Ἐνασυλώτατος]
2098 1115 2340 1166 ἐναισιμώτα-

1288 1190 1344 1217 τος
1374 1175 1477 1222 conj.
1510 1174 1666 1212 Piccolo
1685 1203 1696 1224 ,
1727 1174 1997 1224 ἐναμιλλότατος
2014 1177 2076 1212 vel
2095 1173 2343 1218 εὗὸουλότατος

1289 1235 1462 1270 Diibner.
1481 1255 1534 1262 -
1548 1236 1633 1272 Lin.
1661 1248 1707 1271 10
1727 1236 1774 1271 ab
1791 1237 1880 1272 ima.
1904 1234 2141 1287 προελθόντα]
2160 1232 2341 1287 προελθόν-

1289 1305 1344 1333 τες
1359 1293 1474 1328 scribi
1494 1294 1589 1328 vult.
1608 1293 1778 1330 Diibner.

1342 1349 1435 1399 Pag.
1457 1356 1547 1397 402,
1566 1352 1593 1389 l.
1611 1351 1634 1387 8
1652 1373 1700 1379 ——-
1719 1349 1830 1389 Ἀλλα
1841 1348 1958 1402 ὅπλα]
1974 1352 2142 1388 Alterum
2153 1359 2282 1388 utrum
2297 1363 2344 1389 ex

1291 1409 1551 1458 dittographia
1568 1417 1693 1446 ortum
1713 1423 1791 1446 esse
1808 1418 1910 1447 recte
1920 1411 2056 1459 procul
2072 1411 2191 1447 dubio
2207 1411 2341 1447 statuit

1290 1468 1505 1504 Diibnerus.
1537 1468 1593 1505 Cf.
1628 1482 1667 1517 p.
1687 1468 1777 1516 389,
1798 1469 1843 1508 fr.
1865 1467 1927 1515 55,
1947 1470 2015 1507 lin.
2030 1468 2069 1507 8.
2091 1470 2241 1506 —Lin.
2275 1483 2339 1519 29.

1292 1523 1453 1575 ἐπανίοι]
1476 1527 1502 1563 l.
1521 1525 1646 1577 ἐπανίῃ
1659 1553 1669 1571 ,
1694 1534 1848 1562 auctore
1858 1526 2032 1564 Piccolo.

1342 1582 1434 1632 Pag.
1454 1585 1528 1628 403
1542 1614 1553 1635 ,
1567 1592 1648 1621 not.
1674 1589 1736 1631 47.
1755 1607 1807 1614 -
1821 1583 1974 1623 Αἴπολον
1992 1583 2098 1622 κακὸν
2120 1585 2220 1633 conj.
2236 1587 2344 1624 Diih·

1292 1655 1416 1680 nerus.

1349 1699 1443 1749 Pag.
1465 1705 1557 1748 404,
1584 1702 1652 1740 lin.
1673 1715 1737 1748 27.
1767 1723 1817 1730 —-
1839 1699 1928 1753 Περὶ
1952 1699 2078 1752 αὐτὸν]
2100 1703 2125 1741 l.
2144 1717 2184 1739 π.
2212 1702 2340 1752 αὑτὸν,

1291 1767 1421 1795 monet
1437 1758 1608 1798 Piccolo.
1623 1782 1675 1788 -
1687 1761 1747 1796 Ib.
1765 1762 1793 1796 l.
1811 1761 1834 1798 8
1845 1762 1891 1797 ab
1906 1762 1982 1797 ima
1990 1762 2194 1798 Diibnerus
2205 1764 2256 1799 ita
2267 1764 2339 1813 legi

1291 1819 1371 1853 vult
1393 1830 1401 1855 :
1424 1815 1447 1863 ἢ
1467 1817 1671 1868 [νικήσασιν
1695 1818 1739 1869 ἢ]
1755 1819 1950 1864 ἡττηθεῖσι.

1346 1875 1441 1925 Pag.
1465 1876 1538 1921 405
1552 1905 1562 1923 ‚
1580 1878 1648 1915 lin.
1672 1891 1731 1927 19.
1750 1900 1801 1907 —
1818 1876 1886 1916 Διὰ
1910 1875 2019 1926 μέσου
2036 1876 2072 1915 δὲ
2101 1877 2285 1930 διεξιέναι]
2307 1878 2335 1917 δ.

1293 1950 1331 1984 μ.
1355 1933 1390 1971 δὲ
1409 1933 1543 1984 μηδένα
1560 1934 1643 1979 διεξ.
1663 1935 1765 1983 conj.
1787 1937 2010 1986 Piccolous3
2029 1936 2062 1974 δ.
2085 1952 2124 1986 μ.
2139 1935 2176 1974 δὲ
2193 1936 2343 1982 διεξιεῖσι

1294 1994 1509 2031 Diibnerus.
2329 2018 2332 2022 ι

1346 2051 1440 2101 Pag.
1461 2053 1557 2098 406,
1573 2054 1641 2091 lin.
1662 2058 1727 2097 24.
1751 2074 1803 2080 —
1823 2051 2018 2104 Ὠφέλουν]
2034 2055 2116 2104 lege
2125 2053 2342 2106 ὠφελοῦντο,

1293 2112 1508 2160 corrigente
1523 2112 1688 2148 Piccolo.

1347 2170 1441 2218 Pag.
1467 2170 1564 2219 408,
1580 2178 1659 2207 not.
1687 2184 1745 2209 10.
1765 2192 1818 2199 —
1838 2169 1905 2213 ‘sse
1934 2169 1982 2220 μὴ
2007 2170 2248 2218 συναπόληται
2266 2173 2340 2221 leg.

1294 2236 1421 2264 censet
1440 2230 1611 2265 Piccolo.

1343 2286 1436 2336 Pag.
1458 2291 1478 2330 4
1489 2287 1532 2322 13
1544 2315 1553 2331 ,
1566 2288 1634 2324 lin.
1652 2287 1714 2334 33,
1727 2295 1811 2325 not.
1830 2300 1894 2326 22.
1913 2308 1965 2315 —-
1979 2285 2171 2338 Ἀποίκων]
2183 2301 2230 2324 an
2241 2287 2343 2324 ἀπει-

1293 2344 1473 2396 ρηκότωνὶ)
1490 2346 1660 2384 Piccolo.

1346 2403 1439 2453 Pag.
1461 2405 1555 2450 430,
1574 2418 1655 2454 cap.
1672 2406 1694 2442 6
1712 2419 1808 2442 verS.
1825 2405 1893 2442 fin.
1914 2419 1922 2442 :
1937 2426 1988 2433 —
2000 2419 2084 2442 cum
2100 2406 2253 2442 Piccolo
2265 2406 2338 2454 leg.

1291 2474 1426 2498 censeo
1451 2476 1458 2498 :
1481 2464 1526 2505 ὣς
1544 2461 1594 2512 μὴ
1614 2462 1676 2509 τὴν
1709 2462 1893 2502 δίαιταν...
1926 2461 2134 2513 μεταὸαλὼν
2164 2460 2226 2508 τὴν
2255 2461 2340 2509 ὅλην

1291 2518 1357 2563 ἕξιν
1376 2521 1454 2560 κτλ.

1344 2578 1436 2627 Pag.
1458 2579 1548 2624 433,
1565 2588 1647 2616 not.
1667 2593 1702 2618 2.
1717 2581 1981 2630 —Vulgatam
1997 2581 2032 2617 ἐν
2052 2582 2095 2631 τῇ
2115 2578 2204 2629 μετὰ
2227 2579 2339 2617 ταῦτα

1294 2636 1364 2686 (sc.
1389 2636 1530 2687 ἡλικίᾳ)
1550 2646 1675 2684 recte,
1708 2640 1862 2688 opinor,
1893 2647 2021 2676 tuetur
2045 2638 2213 2677 Piccolo.
2234 2639 2340 2676 Idem

1290 2696 1389 2731 linea
1405 2704 1586 2743 sequente
1599 2710 1671 2745 pro
1687 2696 1723 2733 ἐν
1744 2695 1853 2747 ἔργοις
1871 2699 1999 2734 mallet
2013 2696 2205 2748 ἐπ’ἔργοις.

1343 2753 1435 2802 Pag.
1461 2755 1550 2800 434,
1571 2755 1617 2790 fr.
1646 2768 1733 2800 101,
1756 2757 1822 2795 lin.
1844 2769 1882 2792 2.
1905 2758 2044 2792 —Nisi
2060 2757 2172 2805 plura
2185 2755 2337 2793 excide-

1289 2813 1384 2857 rint,
1404 2813 1560 2848 fortasse
1575 2814 1776 2862 legendum
1805 2827 1882 2850 esse
1900 2815 2053 2850 Piccolo
2072 2821 2195 2850 censet
2211 2826 2220 2849 :
2240 2811 2333 2861 ἄγων

1289 2869 1322 2906 ἐν
1344 2869 1560 2920 Ἀπολλωνίᾳ
1578 2873 1634 2907 vel
1665 2872 1841 2907 disertius
1865 2885 1874 2907 :
1906 2872 1940 2907 ἐν
1962 2871 2104 2909 Ἀπολλ.
2127 2873 2222 2918 μῆνα
2242 2869 2334 2918 μετὰ

1287 2926 1349 2973 τὴν
1370 2929 1409 2964 ἐκ
1438 2926 1581 2975 Ῥώμης
1603 2927 1816 2977 ἀποδημίαν.
1837 2950 1889 2957 -
1907 2930 1991 2966 Lin.
2021 2929 2166 2977 penult.
2199 2926 2331 2979 διατρί-

1287 2986 1403 3037 ψοιεν]
1422 2988 1447 3024 l.
1467 2986 1687 3038 διατρίψειεν.

1339 3045 1432 3094 Pag.
1466 3044 1563 3094 435,
1591 3053 1671 3082 not.
1698 3046 1756 3081 16.
1778 3067 1830 3072 --
1853 3047 1953 3094 Lege
1979 3057 2026 3081 ex
2051 3044 2224 3081 Piccoloi
2251 3058 2334 3082 cor·

1285 3105 1454 3140 rectione
1478 3117 1485 3139 :
1507 3102 1663 3154 Τιμωροὶ
1684 3102 1719 3140 δὲ
1745 3104 1796 3140 ἐσ.
1821 3105 1865 3141 Κ.
1895 3103 2167 3153 προσεδοκῶντο.
2195 3124 2249 3132 --
2276 3104 2334 3142 lb.

1287 3175 1369 3210 cap.
1399 3176 1441 3208 17
1453 3192 1461 3207 ,
1478 3170 1560 3198 not.
1590 3175 1605 3197 1
1617 3191 1625 3199 .
1645 3163 1874 3210 Apollodori
1887 3175 2027 3198 nomen
2054 3163 2093 3198 in
2111 3169 2252 3199 textum
2267 3175 2335 3199 re—

1284 3223 1409 3270 posuit
1424 3220 1590 3257 Piccolo.

1339 3279 1431 3328 Pag.
1451 3279 1548 3324 436,
1566 3287 1647 3317 not.
1674 3293 1686 3315 1
1700 3293 1733 3317 1.
1768 3301 1820 3307 ——
1834 3277 1884 3317 Οἵ
1902 3293 1939 3316 τε
1958 3278 2040 3329 τῆς]
2063 3279 2092 3315 εἰ
2118 3277 2178 3316 καὶ
2195 3277 2243 3328 μὴ
2272 3282 2333 3326 τῆς

1284 3351 1353 3377 scr.
1379 3338 1482 3377 Pice.

1272 3427 1283 3436 .
1337 3397 1427 3446 Pag.
1448 3398 1538 3443 437,
1562 3410 1644 3445 cap.
1666 3397 1723 3443 18,
1739 3399 1805 3435 lin.
1823 3397 1858 3434 3.
1873 3418 1923 3425 -
1940 3395 2097 3446 Ἐποίει]
2118 3394 2220 3446 ἐπῄει
2239 3396 2330 3434 Pic-

1285 3457 1526 3504 0010510010,
1543 3463 1650 3503 puto.
1682 3477 1728 3482 —
1749 3455 1849 3490 Ibid.
1871 3461 1958 3503 post
1974 3461 2053 3492 nol.
2086 3455 2121 3491 3.
2141 3453 2216 3491 Pro
2243 3452 2331 3491 ἀπέ-
