2372 3704
706 197 898 237 HlPPIAE
927 197 1204 237 ERYTHRAEI
1232 198 1568 238 FRAGMENTA.

216 319 493 378 HIPPIAS
531 319 1011 378 ERYTHRAEUS.

408 443 527 482 ΠΕΡι
555 441 815 516 ΕΡγΘΡΩΝ.

372 549 403 584 Ε
431 548 583 585 LIBRO
613 547 853 586 SECUNDO.

140 639 340 677 Athenaeus
355 640 428 688 Vl,
445 651 483 687 p.
503 637 599 684 258,
615 639 644 675 F
665 651 674 674 ε
696 635 838 680 Ἱππίας
857 637 886 675 δ’
904 638 921 674 ὃ
938 636 1142 692 Ἐρυθραῖος

90 699 125 736 ἐν
144 700 187 749 τῇ
209 696 353 749 δευτέρᾳ
364 698 432 734 τῶν
452 695 542 747 Περὶ
560 699 622 743 τ’ῆς
638 695 802 748 πατρίδος
821 697 994 748 ἱστοριῶν,
1007 696 1143 748 διηγού-

90 771 190 804 μενος
209 758 254 799 ὡς
271 759 294 803 ἡ
314 757 463 794 Κνωποῦ
484 753 645 807 βασιλεία
667 754 733 792 ὑπὸ
746 757 815 792 τῶν
835 753 964 793 ἐκείνου
983 754 1142 794 κολάκων

87 813 260 860 κατελύθη
273 844 284 863 ,
315 813 400 867 φησὶ
431 813 491 852 καὶ
516 818 645 852 ταῦτα·
678 831 692 847 τι
728 815 868 866 Κνωπῷ
898 814 1142 867 μαντευομένῳ

87 871 166 924 περὶ
187 871 361 925 σωτηρίας
382 875 400 911 ὁ
420 871 494 916 θεὸς
516 871 645 924 ἔχρησε
667 871 758 910 θύειν
783 871 902 925 Ἑρμῇ
925 872 1039 926 δολίῳ.
1072 872 1143 912 Καὶ

89 929 179 980 μετὰ
203 933 315 978 ταῦθ’,
350 930 570 982 ὁρμήσαντος
598 931 704 968 αὐτοῦ
734 932 780 974 εἷς
805 930 984 983 Δελφοὺς,
1018 933 1049 970 οἱ
1079 931 1142 979 τὴν

90 989 271 1041 βασιλείαν
292 991 396 1028 αὐτοῦ
413 991 611 1028 καταλῦσαι
633 989 858 1042 βουλόμενοι,
874 988 919 1028 ἵν’
937 990 1143 1043 ὀλιγαρχίαν

87 1047 380 1095 καταστήσωνται
398 1043 504 1100 (ἦσαν
526 1048 554 1086 δ’
574 1043 669 1087 οῦτοι
687 1048 869 1101 Ὀρτύγης
890 1049 949 1087 καὶ
967 1042 1062 1102 Ἶρος
1083 1049 1144 1087 καὶ

87 1105 266 1159 Ἔχαρος,
289 1105 322 1145 οἳ
340 1107 528 1145 ἐκαλοῦντο
545 1105 602 1144 διὰ
621 1105 661 1144 τὸ
673 1106 754 1159 περὶ
773 1105 835 1151 τὰς
855 1107 1039 1160 θεραπείας
1055 1101 1143 1146 εἶναι

88 1167 156 1204 τῶν
179 1167 354 1219 ἐπιφανῶν
375 1164 566 1217 πρόσκυνες
593 1164 653 1203 καὶ
682 1165 874 1217 κόλακες),
904 1165 1145 1217 συμπλέοντες

89 1217 148 1261 οῦν
166 1225 216 1276 τῷ
237 1226 397 1276 Κνωπῷ,
411 1226 457 1266 ὡς
476 1223 544 1270 ἤδη
563 1222 682 1275 πόρρω
698 1226 760 1271 τῆς
778 1226 841 1274 γῆς
854 1218 958 1272 ἦσαν,
977 1224 1146 1271 δήσαντες

87 1281 146 1320 τὸν
166 1281 317 1322 Κνωπὸν
341 1281 486 1335 ἔρριψαν
507 1283 553 1325 εἷς
572 1281 612 1326 τὸ
635 1281 785 1332 πέλαγος
798 1313 808 1330 ,
833 1281 893 1320 καὶ
915 1282 1146 1335 καταχθέντες

89 1341 136 1383 εἰς
152 1340 254 1388 Χίον,
270 1339 330 1379 καὶ
348 1339 496 1390 δύναμιν
510 1339 608 1392 παρὰ
623 1342 693 1378 τῶν
709 1341 782 1378 ἐκεῖ
793 1339 967 1393 τυράννων
980 1341 1147 1386 λαὸόντες

89 1398 281 1450 Ἀμφίκλου
314 1399 374 1437 καὶ
405 1397 649 1448 Πολυτέκνου,
678 1397 800 1442 νυκτὸς
826 1398 1070 1438 κατέπλευσαν
1099 1400 1146 1443 εἷς

88 1455 149 1500 τὰς
167 1455 346 1510 Ἐρυθράς.
367 1457 470 1496 Κατὰ
486 1456 526 1494 τὸ
543 1455 628 1495 αὐτὸ
647 1455 708 1494 καὶ
729 1455 769 1495 τὸ
788 1460 847 1495 τοῦ
868 1459 1017 1496 Κνωποῦ
1039 1460 1143 1509 σῶμα

88 1514 278 1567 ἐξεὸράσθη
297 1520 373 1559 ταῖς
395 1514 580 1567 Ἐρυθραῖς
598 1514 689 1552 κατὰ
710 1515 773 1561 τὴν
793 1515 916 1564 ἀκτὴν,
933 1516 956 1563 ἢ
974 1519 1034 1554 νῦν
1053 1516 1145 1556 Λεό-

87 1575 191 1612 ποδον
209 1574 383 1612 καλεῖται.
408 1576 484 1620 Τῆς
503 1573 538 1611 δὲ
557 1572 719 1623 γυναικὸς
737 1577 797 1612 τοῦ
819 1577 971 1614 Κνωποῦ
996 1574 1140 1614 Κλεονί·

87 1648 151 1680 κης
181 1632 261 1686 περὶ
294 1631 357 1680 τὴν
397 1636 458 1670 τοῦ
494 1631 656 1682 σώματος
687 1632 829 1679 κηδείαν
865 1633 1047 1684 γινομένης
1081 1628 1144 1685 (ἦν

87 1689 118 1728 δ’
137 1689 239 1742 ἑορτὴ
259 1690 320 1728 καὶ
343 1690 533 1741 πανήγυρις
561 1689 715 1742 ἀγομένη
736 1690 911 1744 Ἀρτέμιδι
928 1691 1100 1745 στροφαία
1114 1691 1142 1744 ),

87 1748 249 1802 ἐξαίφνης
270 1748 433 1787 ἀκούεται
457 1748 649 1800 σάλπιγγος
676 1748 758 1801 βοή·
775 1749 835 1788 καὶ
864 1750 1145 1803 καταληφθέντος

88 1811 149 1845 τοῦ
182 1807 303 1850 ἄστεος
332 1806 398 1845 ὑπὸ
417 1809 486 1845 τῶν
514 1807 594 1859 περὶ
620 1806 677 1845 τὸν
705 1807 894 1860 Ὀρτύγην,
927 1807 1051 1846 πολλοὶ
1080 1807 1143 1858 μὲν

91 1867 314 1918 ἀναιροῦνται
334 1868 402 1904 τῶν
432 1869 491 1904 τοῦ
519 1869 671 1905 Κνωποῦ
694 1865 818 1918 φίλων,
839 1866 899 1905 καὶ
918 1868 940 1914 ἡ
972 1868 1143 1913 Κλεονίκη

89 1928 248 1975 μαθοῦσα
263 1925 380 1977 φεύγει
395 1927 442 1968 εἷς
458 1925 668 1977 Κολοφῶνα.
685 1926 731 1963 Οἱ
746 1924 782 1963 δὲ
798 1925 877 1975 περὶ
893 1924 950 1963 τὸν
967 1924 1143 1977 Ὀρτύγην

87 1983 270 2036 τύραννοι,
289 1982 425 2035 ἔχοντες
440 1982 503 2029 τὴν
520 1985 560 2021 ἐκ
579 1982 668 2022 Χίου
685 1981 847 2033 δύναμιν,
862 1981 940 2026 τοὺς
959 1982 1144 2034 ἐνισταμέ-

402 2147 406 2150 ·
422 2129 490 2168 DE
520 2129 795 2169 ERYTHRIS.

419 2225 445 2256 E
462 2225 586 2256 Lumo
601 2226 810 2258 SECUNDO.

129 2302 257 2343 {lippias
268 2303 453 2342 Erythraeus
471 2303 612 2335 secundo
626 2304 708 2336 libro
729 2305 776 2336 De
789 2304 892 2344 patria
904 2313 964 2337 sua
981 2313 1145 2346 exponens

87 2364 154 2396 quo
171 2357 265 2396 pacto
278 2356 382 2397 cnopi
396 2365 528 2396 reguum
542 2357 583 2388 ab
599 2357 849 2390 assentatoribus
865 2358 960 2391 ruerit
973 2367 1122 2391 eversum
1134 2383 1142 2398 ,

89 2407 173 2438 inter
189 2407 250 2439 alia
280 2407 351 2439 haec
369 2407 479 2439 scribit
503 2420 511 2439 z
528 2420 542 2435 α
575 2411 689 2449 cnopo
705 2408 746 2441 de
769 2409 873 2441 salute
894 2419 953 2441 sua
976 2411 1142 2442 oraculum

88 2459 268 2490 consulenti
283 2459 445 2499 respondit
462 2460 559 2499 deus,
576 2468 704 2492 sacrum
720 2460 836 2492 faceret
847 2462 1006 2493 Mercurio
1017 2461 1140 2494 doloso.

88 2513 163 2543 Post
179 2512 248 2543 haec
261 2518 360 2552 quum
376 2512 515 2552 Delphos
532 2512 801 2553 proficisceretur,
816 2514 1006 2546 comitantes
1022 2523 1096 2546 eum
1111 2515 1142 2546 hi

87 2563 143 2603 qui
159 2571 291 2603 regnum
307 2563 375 2604 ejus
388 2572 534 2596 eversum
549 2564 733 2605 cupiebant,
748 2567 783 2596 ut
795 2565 864 2605 ejus
876 2565 946 2597 loco
964 2575 1141 2606 paucorum

87 2616 245 2656 erigerent
266 2616 469 2648 dominatum
487 2617 603 2657 (erant
625 2618 732 2650 autem
752 2618 785 2649 hi
803 2620 940 2659 Ortyges
963 2621 996 2651 et
1019 2622 1090 2651 Irus
1111 2621 1143 2652 et

88 2669 249 2708 Echarus;
269 2669 343 2709 qui,
361 2669 449 2710 quod
470 2670 502 2701 in
519 2678 557 2701 eo
574 2670 715 2702 maxime
737 2672 828 2702 erant
843 2672 991 2712 occupati
1011 2673 1048 2704 ut
1065 2673 1141 2704 illu-

88 2722 170 2753 stres
183 2721 268 2753 viros
280 2721 475 2762 obsequiose'
489 2722 647 2761 colerent,
660 2722 862 2755 adoratores
886 2725 918 2756 et
934 2723 1141 2757 adulatores

88 2773 311 2815 vocabantur)
337 2775 393 2806 :hi
415 2774 511 2815 igitur
534 2784 607 2806 cum
637 2784 710 2815 rege
725 2776 927 2817 navigantes,
954 2786 1055 2817 quum
1075 2778 1141 2818 Jam

89 2826 199 2866 procul
214 2834 233 2857 a
246 2826 429 2859 continente
442 2828 565 2866 essent,
586 2827 730 2859 vinctum
748 2829 896 2868 Cnopum
914 2828 947 2860 in
967 2838 1056 2861 mare
1072 2839 1142 2870 pro-

88 2877 248 2917 jecerunt.
265 2880 348 2910 Tum
371 2878 490 2911 Chium
511 2879 671 2919 petentes,
693 2879 832 2920 acceptis
846 2879 891 2911 ibi
906 2880 947 2912 ab
963 2880 1074 2913 insulae
1089 2883 1141 2923 ty-

89 2930 197 2962 rannis
214 2931 382 2972 Amphicle
398 2932 430 2963 et
443 2932 617 2972 Polytecno
635 2932 778 2970 auxiliis,
794 2934 890 2964 noctu
919 2934 1073 2974 Erythras
1092 2944 1141 2967 re-

89 2983 171 3014 versi
184 2985 270 3015 sunt.
287 2986 346 3016 Per
358 2983 443 3015 idem
457 2993 534 3016 vero
547 2987 676 3025 tempus
692 2985 830 3017 cadaver
847 2986 950 3027 cnopi
963 2995 982 3018 a
995 2986 1143 3020 fluctibus

89 3042 188 3076 prope
202 3035 354 3076 Erythras
370 3035 403 3067 in
422 3036 511 3068 littus
526 3037 595 3068 erat
619 3036 776 3077 ejectum,
793 3046 832 3069 eo
851 3037 922 3070 loco
937 3038 993 3079 qui
1017 3041 1139 3080 Leopo-

90 3086 167 3117 dum
185 3086 279 3119 hodie
305 3088 448 3120 vocatur.
477 3089 627 3128 Dumque
644 3097 726 3119 uxor
741 3089 841 3129 Cnopi
860 3089 1010 3122 cleonice
1035 3091 1068 3122 iu
1082 3100 1140 3123 cu-

91 3137 189 3169 rando
202 3138 312 3171 funere
319 3140 387 3171 erat
396 3141 553 3179 occupata
563 3162 571 3177 ,
579 3140 740 3180 simulque
751 3140 975 3172 celebrabatur
983 3142 1141 3182 frequenti

91 3188 258 3222 hominum
272 3192 431 3222 conventu
447 3191 562 3223 festum
579 3192 691 3224 Dianae
706 3192 895 3233 Strophaeae,
909 3193 1077 3225 exauditur
1089 3202 1142 3225 su-

91 3240 158 3272 bito
171 3241 259 3273 tubae
272 3245 406 3281 cantus;
429 3246 461 3274 et
473 3245 567 3284 capta
592 3243 672 3275 urbe
688 3243 728 3274 ab
742 3245 860 3284 Ortyge
878 3244 1009 3284 eJ‘usque
1025 3245 1141 3276 sodali-

91 3290 169 3332 bus,
189 3293 284 3325 multi
308 3294 513 3326 trucidantur
529 3303 570 3326 ex
597 3294 698 3335 cnopi
714 3295 825 3326 amicis
844 3308 851 3326 :
871 3295 1022 3327 cleonice
1046 3305 1140 3335 vero,

92 3353 126 3377 re
142 3347 322 3387 comperta,
334 3348 553 3388 colophonem
567 3348 718 3388 profugit.
731 3350 816 3380 Tum
830 3357 907 3380 vero
920 3350 1056 3389 Ortyges
1066 3358 1141 3381 cum

92 3398 268 3437 tyrannidis
280 3399 391 3440 sociis,
409 3400 507 3441 copiis
522 3409 561 3433 ex
583 3400 663 3433 Chio
676 3400 797 3441 adjuti,
815 3401 1012 3442 quicumque
1029 3410 1142 3434 eorum

2173 209 2244 243 431

1203 299 1279 329 νους
1302 286 1416 322 αὐτῶν
1437 286 1508 328 τοῖς
1527 284 1712 336 πράγμασι
1733 284 1936 338 διέφθειρον,
1956 287 2016 326 καὶ
2039 288 2116 334 τοὺς
2135 289 2259 341 νόμους

1203 342 1483 391 καταλύσαντες,
1501 342 1597 380 αὐτοὶ
1618 344 1748 381 διεῖπον
1773 343 1818 381 τὰ
1837 344 1928 383 κατὰ
1949 345 2012 394 τὴν
2039 347 2152 397 πόλιν,
2169 349 2261 394 ἐντὸς

1203 401 1340 453 τείχους
1358 399 1481 440 οὐδένα
1511 400 1692 453 δεχόμενοι
1719 403 1788 439 τῶν
1815 403 1987 453 δημοτῶν.
2013 403 2109 451 Ἔξω
2135 407 2170 445 δὲ
2194 408 2260 460 πρὸ

1204 463 1275 498 τῶν
1296 461 1415 498 πυλῶν
1433 459 1655 511 δικαστήριον
1682 460 2027 511 κατασκευάσαντες,
2046 463 2106 508 τὰς
2131 465 2262 518 κρίσεις

1205 521 1404 566 ἐποιοῦντο,
1431 518 1586 571 ἁλουργὰ
1607 517 1670 569 μὲν
1690 519 1930 571 ἀμπεχόμενοι
1952 522 2180 573 περιὸόλαια,
2201 526 2261 564 καὶ

1203 580 1356 630 χιτῶνας
1387 577 1604 621 ἐνδεδυκότες
1638 577 1927 631 περιπορφύρους.
1961 578 2188 620 Ὑπεδέδεντο
2225 583 2262 622 δὲ

1205 636 1265 674 καὶ
1294 638 1492 689 πολυσχιδῆ
1513 635 1682 675 σανδάλια
1702 639 1764 674 τοῦ
1785 636 1919 689 θέρους,
1949 642 2010 676 τοῦ
2029 638 2063 677 δὲ
2091 643 2263 692 χειμῶνος

1205 695 1240 732 ἐν
1259 694 1465 745 γυναικείοις
1484 693 1686 744 ὑποδήμασι
1703 694 1874 733 διετέλουν
1894 699 2184 747 περιπατοῦντες,
2203 694 2262 737 κ’ό-

1207 767 1274 800 μας
1289 767 1326 790 τε
1346 751 1486 805 ἔτρεφον
1506 751 1567 790 καὶ
1586 753 1807 803 πλοκαμῖδας
1826 752 1918 806 ἔχειν
1936 754 2082 805 ἤσκουν,
2100 755 2263 807 διειλημ-

1208 809 1304 860 μένοι
1322 810 1384 854 τὰς
1407 810 1562 864 κεφαλὰς
1585 811 1780 863 διαδήμασι
1803 812 1961 863 μηλίνοις
1977 813 2037 851 καὶ
2063 821 2263 868 πορφυροῖς.

1207 862 1314 921 Εἶχον
1332 868 1368 908 δὲ
1394 870 1454 908 καὶ
1475 869 1606 920 κόσμον
1631 870 1822 923 ὁλόχρυσον
1851 871 1980 922 ὁμοίως
2000 877 2076 916 ταῖς
2091 873 2261 924 γυναιξίν.

1207 927 1426 979 Ἢνάγκαζόν
1441 944 1479 966 τε
1500 931 1567 966 τῶν
1587 930 1740 968 πολιτῶν
1755 928 1834 973 τοὺς
1851 929 1914 981 μὲν
1935 931 2168 984 διφροφορεῖν,
2186 931 2266 976 τοῦς

1209 986 1244 1025 δὲ
1274 986 1494 1040 ραὅδουχεῗν,
1521 986 1598 1031 τοὺς
1626 986 1662 1025 δὲ
1690 987 1753 1032 τὰς
1781 987 1878 1033 ὁδοὺς
1901 990 2160 1043 ἀνακαθαίρειν.
2193 990 2266 1030 Καὶ

1206 1048 1274 1083 τῶν
1300 1045 1362 1096 μὲν
1383 1044 1459 1089 τοὺς
1479 1046 1560 1090 υἱεῖς
1576 1047 1624 1089 εἷς
1646 1044 1707 1090 τὰς
1733 1046 1850 1091 κοινὰς
1878 1048 2059 1092 συνουσίας
2087 1048 2265 1100 μετεπέμ-

1206 1119 1332 1152 ποντο,
1359 1104 1431 1148 τοῖς
1458 1103 1495 1142 δὲ
1523 1103 1584 1149 τὰς
1603 1104 1692 1148 ἷδίας
1712 1106 1880 1157 γυναῖκας
1899 1105 1958 1144 καὶ
1987 1106 2048 1151 τὰς
2076 1107 2266 1160 θυγατέρας

1208 1162 1304 1214 ἄγειν
1320 1162 1565 1216 παρήγγελλον
1578 1175 1587 1185 ·
1609 1163 1688 1208 τοὺς
1704 1165 1736 1202 δ’
1753 1166 1980 1210 ἀπειθοῦντας
1998 1171 2077 1210 ταῖς
2096 1167 2264 1219 ἐσχάταις

1206 1220 1390 1274 τιμωρίαις
1411 1221 1657 1273 περιέὸαλλον.
1686 1224 1731 1262 Εἰ
1753 1222 1793 1261 δέ
1810 1239 1862 1268 τις
1886 1226 1954 1262 τῶν
1974 1225 2014 1262 ἐκ
2031 1227 2092 1272 τῆς
2112 1225 2266 1277 ἑταιρίας

1208 1281 1321 1317 αὐτῶν
1341 1279 1529 1328 ἀποθάνοι,
1551 1280 1755 1332 συνάγοντες
1771 1281 1850 1326 τοὺς
1874 1283 2018 1327 πολίτας
2037 1282 2128 1335 μετὰ
2142 1300 2265 1336 γυναι-

1207 1339 1277 1375 κῶν
1297 1337 1357 1376 καὶ
1374 1337 1517 1386 τέκνων,
1537 1339 1735 1390 ἠνάγκαζον
1754 1342 1891 1393 θρηνεῖν
1913 1340 1992 1385 τοὺς
2011 1342 2264 1390 ἀποθανόντας,

1207 1395 1267 1434 καὶ
1283 1400 1588 1449 στερνοτυπεῖσθαι
1608 1397 1698 1448 μετὰ
1714 1398 1791 1451 βίας
1804 1428 1815 1450 ,
1835 1399 1894 1437 καὶ
1916 1402 2002 1452 βοᾶν
2017 1399 2075 1444 ὀξὺ
2092 1399 2153 1438 καὶ
2173 1400 2265 1452 μέγα

1207 1457 1283 1499 ταῖς
1315 1456 1446 1508 φωναῖς
1458 1486 1470 1507 ,
1506 1457 1735 1509 ἐφεστηκότος
1770 1457 2029 1511 μαστιγοφόρου
2065 1462 2125 1497 τοῦ
2153 1462 2265 1497 ταῦτα

1207 1518 1316 1551 ποιεῖν
1335 1514 1608 1565 ἀναγκάζοντος,
1628 1514 1693 1559 ἕως
1708 1514 1877 1564 Ἱππότης
1897 1518 1915 1554 ὂ
1933 1518 2085 1556 Κνωποῦ
2102 1516 2262 1570 ἀδελφὸς,

1210 1571 1297 1621 μετὰ
1315 1572 1495 1621 δυνάμεως
1513 1572 1668 1612 ἐπελθὼν
1684 1576 1760 1618 ταῖς
1780 1574 1964 1627 Ἐρυθραῖς
1977 1605 1988 1624 ,
2009 1576 2130 1628 ἑορτῆς
2143 1575 2264 1623 οὔσης,

1207 1632 1275 1668 τῶν
1291 1630 1507 1684 Ἐρυθραίων
1526 1632 1852 1684 προσὸοηθούντων,
1884 1635 2014 1681 ἐπῆλθε
2036 1634 2108 1678 τοῖς
2134 1634 2262 1687 τυράν-

1207 1704 1294 1738 νοις,
1310 1690 1370 1727 καὶ
1390 1690 1540 1735 πολλοὺς
1552 1691 1776 1741 αἰκισάμενος
1794 1694 1862 1730 τῶν
1879 1692 1960 1745 περ),
1975 1692 2115 1741 αὐτοὺς,
2138 1692 2265 1745 Ὀρτύ·

1209 1764 1274 1800 γην
1305 1747 1368 1799 μὲν
1390 1748 1560 1803 φεύγοντα
1581 1749 1808 1798 συνεκέντησε
1827 1750 1887 1789 καὶ
1913 1750 1992 1795 τοὺς
2012 1751 2101 1802 μετὰ
2120 1750 2264 1801 τούτου,

1209 1806 1272 1850 τὰς
1291 1807 1327 1845 δὲ
1351 1810 1518 1859 γυναῖκας
1534 1810 1646 1847 αὐτῶν
1664 1809 1723 1847 καὶ
1739 1808 1784 1847 τὰ
1803 1809 1908 1848 τέκνα
1937 1811 2056 1853 δεινῶς
2078 1810 2264 1860 αἰκισάμε-

1206 1881 1279 1914 νος,
1295 1865 1360 1913 τὴν
1379 1867 1533 1918 πατρίδα
1553 1867 1804 1920 ἠλευθέρωσεν.
1824 1887 1840 1902 »

1259 1928 1316 1962 De
1344 1926 1478 1976 Cnopo
1510 1928 1762 1975 Erythrarum
1792 1941 1882 1977 rege
1910 1928 1959 1967 cf.
1987 1928 2124 1965 Strabo
2156 1930 2263 1975 XIV,

1205 1997 1246 2034 p.
1271 1984 1547 2033 6333P01yaen.
1562 1986 1672 2031 VIII,
1690 1986 1754 2030 43.
1770 1987 1947 2035 Stephan.
1960 1987 2051 2035 Byz.
2072 2000 2080 2022 :
2096 1984 2262 2038 Ἐρυθρά,

1206 2095 1301 2126 rebus
1311 2096 1512 2136 consiliisque
1529 2096 1744 2136 obsistebant,
1760 2105 1872 2128 omnes
1884 2105 1902 2128 e
1915 2096 2021 2128 medio
2034 2095 2190 2128 tollebant
2206 2107 2214 2127 :
2231 2096 2264 2129 et

1206 2147 1365 2188 abrogatis
1378 2148 1519 2188 legibus,
1539 2150 1641 2181 totam
1662 2149 1896 2189 rempublicam
1917 2148 1975 2189 ipsi
1999 2157 2055 2188 per
2070 2157 2104 2180 se
2119 2148 2258 2180 admini-

1207 2200 1364 2240 strabant,
1385 2201 1546 2232 neminem
1572 2201 1693 2233 civium
1714 2202 1798 2233 intra
1820 2210 1930 2233 muros
1951 2201 2150 2241 recipientes.
2175 2202 2259 2234 Ante

1206 2253 1313 2292 portas
1328 2261 1406 2284 vero
1422 2252 1510 2284 urbis
1522 2254 1628 2285 erecto
1647 2253 1800 2285 tribunali
1820 2253 1873 2293 Jus
1895 2252 2046 2284 dicebant
2058 2277 2067 2292 ,
2091 2253 2260 2293 purpureis

1204 2303 1315 2335 amicti
1326 2304 1447 2343 palliis,
1463 2304 1674 2345 tunicamque
1687 2313 1829 2346 purpura
1845 2305 2036 2345 praetextam
2053 2304 2168 2336 induti.
2183 2306 2262 2336 San-

1204 2354 1288 2386 dalia
1304 2363 1400 2395 vero,
1430 2356 1543 2387 aestivo
1567 2357 1734 2396 tempore,
1765 2356 1934 2396 gestabant
1955 2356 2133 2396 multitida;
2157 2356 2261 2388 hieme

1204 2408 1315 2439 autem
1328 2407 1443 2439 calceis
1460 2407 1673 2440 muliebribus
1691 2417 1816 2449 semper
1841 2407 2044 2439 incedebant.
2061 2410 2262 2448 comamque

1203 2459 1349 2499 alebant3
1369 2463 1469 2500 utque
1493 2459 1648 2491 cincinnis
1666 2460 1789 2500 crispus
1813 2459 1948 2500 capillus
1975 2460 2058 2491 esset
2081 2460 2260 2500 curabant,

1203 2511 1307 2551 capita
1332 2511 1427 2543 luteis
1450 2511 1482 2542 et
1500 2511 1669 2551 purpureis
1696 2511 1888 2543 diadematis
1913 2511 2063 2543 redimiti.
2093 2511 2261 2544 Habebant

1203 2573 1281 2596 vero
1293 2564 1389 2596 etiam
1405 2566 1594 2596 ornamenta
1609 2573 1651 2596 ex
1664 2564 1765 2596 solido
1779 2573 1860 2596 auro
1872 2588 1881 2603 ‚
1898 2573 2029 2604 prorsus
2046 2564 2082 2595 ut
2095 2563 2257 2596 mulieres.

1203 2616 1298 2648 Cives
1311 2616 1407 2648 iidem
1419 2616 1574 2657 cogebant
1587 2615 1665 2648 alios
1677 2616 1736 2648 sibi
1748 2616 1925 2648 lecticarios
1938 2625 2005 2647 esse
2015 2640 2024 2655 ‚
2039 2615 2119 2647 alios
2132 2616 2261 2648 lictores

1202 2670 1235 2701 et
1250 2670 1447 2710 apparitores
1459 2694 1467 2708 ‚
1494 2669 1573 2701 alios
1602 2669 1671 2700 vias
1696 2678 1832 2710 purgare
1859 2681 1865 2700 ε
1895 2670 1928 2701 et
1952 2669 2088 2700 aliorum
2115 2668 2196 2700 lilios
2218 2669 2260 2701 ad

1203 2729 1389 2761 congressus
1404 2720 1573 2752 obscoenos
1594 2720 1816 2760 arcessebant,
1835 2720 1904 2752 aliis
1922 2721 1959 2751 ut
1985 2720 2128 2761 proprias
2143 2729 2260 2752 uxores

1204 2773 1348 2815 filiasque
1360 2774 1418 2806 sibi
1429 2774 1626 2806 adducerent
1640 2774 1853 2813 imperarunt;
1868 2773 1960 2814 siqui
1973 2773 2060 2805 dicto
2073 2782 2138 2805 non
2153 2777 2259 2805 essent

1202 2825 1387 2865 audientes,
1406 2826 1530 2857 ultimis
1552 2825 1714 2865 suppliciis
1733 2825 1966 2856 afficiebantur.
1984 2824 2106 2862 Quodsi
2129 2825 2201 2865 quis
2217 2834 2259 2857 ex

1203 2878 1345 2919 ipsorum
1361 2879 1525 2911 sodalibus
1542 2879 1681 2910 mortem
1694 2878 1842 2917 obiisset,
1860 2879 2067 2919 congregatos
2083 2878 2168 2910 cives
2182 2887 2257 2910 cum

1202 2932 1358 2963 uxoribus
1379 2933 1410 2963 et
1427 2931 1536 2963 liberis
1548 2931 1664 2963 deflere
1680 2931 1834 2971 cogebant
1846 2933 2013 2963 mortuum
2027 2955 2036 2970 ,
2063 2933 2258 2971 pectoraque

1202 2983 1307 3015 valide
1323 2984 1470 3023 plangere
1482 3008 1491 3022 ‚
1515 2984 1548 3015 et
1562 2991 1677 3022 magna
1693 2984 1852 3023 acutaque
1868 2991 1946 3014 voce
1969 2983 2086 3014 lessum
2101 2982 2255 3022 ejulatus-

1202 3043 1266 3075 que
1278 3034 1389 3072 edere,
1406 3034 1551 3066 adstante
1564 3034 1766 3073 llagellifero,
1781 3034 1835 3075 qui
1849 3034 1889 3065 ad
1905 3034 1937 3065 id
1952 3034 2132 3066 faciendum
2146 3034 2255 3065 verbe-

1202 3088 1290 3119 ribus
1303 3096 1356 3119 eos
1376 3087 1593 3127 compelleret.
1609 3087 1660 3119 Sic
1676 3088 1721 3119 illi
1736 3097 1786 3119 res
1797 3096 1871 3119 suas
1883 3088 2020 3127 agebant
2038 3097 2045 3118 :
2061 3087 2163 3118 donec
2174 3087 2254 3127 Hip—

1203 3140 1291 3178 potes
1302 3163 1312 3177 ,
1324 3139 1426 3179 cnopi
1440 3138 1551 3178 frater,
1566 3147 1640 3186 cum
1655 3138 1768 3171 idonea
1784 3147 1882 3170 manu
1898 3139 2050 3179 Erythras
2061 3138 2233 3170 adveniens
2243 3161 2252 3176 ,

1202 3200 1267 3231 quo
1292 3192 1436 3231 tempore
1462 3191 1577 3222 festum
1604 3191 1769 3231 agebatur,
1802 3190 2031 3231 adjuvantibus
2060 3189 2251 3230 Erythraeis,

1202 3243 1318 3275 invasit
1334 3244 1507 3283 tyrannos;
1532 3244 1708 3284 multisque
1723 3253 1764 3276 ex
1789 3253 1900 3276 eorum
1916 3243 2079 3275 sodalibus
2097 3242 2252 3282 supplicio

1201 3294 1341 3334 affectis,
1356 3294 1423 3335 ipso
1440 3297 1559 3336 Ortyge
1576 3296 1733 3335 sociisque
1757 3295 1826 3335 ejus
1842 3295 1874 3327 in
1896 3295 1969 3335 fuga
1983 3294 2151 3332 confossis,
2166 3301 2250 3323 uxo-

1204 3347 1357 3387 ribusque
1372 3356 1484 3380 eorum
1502 3356 1539 3380 ac
1560 3347 1668 3381 liberis
1689 3348 1778 3380 omni
1794 3348 1938 3381 cruciatu
1950 3347 2091 3386 afflictis,
2113 3346 2248 3386 patriam

1202 3400 1359 3433 liberavit.
