2372 3704
140 270 214 304 598

138 350 279 389 ὑπάτων
296 349 356 388 καὶ
376 349 529 402 ἔπαρχος
547 353 608 397 τῆς
627 350 776 398 πόλεως,
794 351 871 396 τοὺς
884 352 1091 403 δυναμένους
1110 353 1181 391 ἐπι-

138 414 235 460 σχεῖν
254 407 298 447 τὰ
314 408 537 462 πραττόμενα
557 407 692 447 στέλλει
706 439 717 458 ,
738 409 798 448 καὶ
814 410 878 458 τὴν
900 411 1025 453 Δεκίου
1041 427 1179 463 προκα-

136 466 396 519 ταληψομένους
416 466 671 506 ἐπανάστασιν·
701 467 802 511 αὐτός
819 484 856 506 τε
876 468 938 507 σὺν
962 473 1034 514 τοῖς
1058 469 1178 508 παισὶν

137 526 380 564 ἐπακολουθεῖν
399 524 643 576 ἐπηγγείλατο.
661 525 720 569 Ὡς
738 525 773 564 δὲ
790 527 822 570 ἐς
836 526 897 573 τὴν
915 527 1059 577 Ῥώμην
1075 527 1177 580 ἔφθα·

136 599 200 621 σαν
213 583 269 627 οὓς
284 583 418 637 ἔπεμψε
433 583 628 631 Φίλιππος,
643 583 762 635 δώροις
776 600 814 623 τε
829 586 888 623 καὶ
905 585 1104 630 κολακείαις
1119 589 1179 624 τοῦ

137 642 248 692 δήμου
277 642 337 680 καὶ
359 646 420 690 τῆς
452 643 577 694 βουλῆς
607 642 842 694 ὑπαχθέντες,
866 643 1121 696 ἀπαγορεύουσί
1141 660 1179 683 τε

137 699 311 752 Φιλίππῳ
336 700 396 739 καὶ
417 700 473 738 τὸν
503 699 626 740 Δέκιον
647 700 883 752 αὐτοκράτορα
904 700 966 739 σὺν
997 703 1065 746 τοῖς
1084 701 1180 741 Ῥω-

138 758 252 808 μαίοις
270 758 578 812 προσαγορεύουσι.
610 757 752 798 Τούτων
773 759 1007 809 ἀγγελθέντων
1031 763 1079 813 τῷ
1107 761 1179 799 Φι-

137 817 257 870 λίππῳ
269 847 278 864 ,
298 818 390 856 κατὰ
409 816 472 864 τὴν
491 819 622 870 Βερόην
643 817 842 870 φεύγοντι’Ηι
862 818 921 855 καὶ
943 824 1013 862 τοῖς
1030 820 1179 856 ὗποκολ-

136 875 228 920 πίοις
248 876 376 930 ξίφεσιν
398 878 607 928 ἀναιροῦσιν,
626 875 787 924 πέμπτον
804 876 957 913 ἐνιαυτὸν
977 876 1179 930 προστάντα

135 936 204 972 τῶν
223 935 457 987 πραγμάτων.
479 935 540 974 Ἐν
558 934 593 972 δὲ
611 937 653 986 τῇ
672 933 796 985 Ῥώμῃ
813 933 872 971 τὸν
885 935 995 972 παῖδα
1010 935 1132 973 τούτου
1147 937 1179 973 οἱ

136 994 197 1038 τῆς
216 992 348 1036 πόλεως
367 996 578 1045 στρατιῶται
598 992 806 1045 διέφθειραν.
832 993 903 1031 Καὶ
929 992 974 1030 τὰ
1005 992 1067 1044 μὲν
1087 993 1179 1031 κατὰ

135 1050 274 1094 τούτους
289 1055 441 1090 τοιοῦτον
458 1051 540 1103 ἔσχε
559 1050 665 1095 τέλος.

619 1149 706 1193 149.

552 1232 757 1270 ΔΕΚΙΟΣ.

188 1316 278 1352 Exe.
300 1317 355 1350 De
382 1316 470 1352 virt.
500 1327 539 1362 p.
563 1314 636 1359 384
661 1327 669 1352 :
691 1313 774 1352 ι’Ότι
803 1312 923 1357 Δέκιος
943 1317 960 1352 ὃ
989 1313 1179 1365 Ῥωμαίων

138 1371 298 1423 βασιλεὺς
313 1371 495 1410 Φιλίππου
511 1372 672 1424 διάδοχος
688 1373 858 1425 βασιλικῷ
874 1372 1086 1423 θεσπίσματι
1103 1372 1180 1417 τοὺς

136 1429 178 1467 τὰ
197 1431 415 1481 Χριστιανῶν
437 1429 637 1474 δοξάζοντας
657 1430 822 1469 ἔθανάτου
842 1431 900 1469 καὶ
926 1431 1003 1474 τοὺς
1022 1433 1059 1469 οὐ
1086 1430 1180 1475 θεοὺς

134 1493 337 1540 προσκυνεῖν
359 1487 518 1531 θέλοντας
535 1487 727 1539 ἠνάγκαζε.

615 1581 699 1618 150.

298 1662 498 1701 ΓΑΛΛΟΣ
531 1664 559 1700 Κ
568 1663 616 1700 ΑΙ
644 1663 1017 1701 ΒΟΛΟΥΣΙΑΝΟΣ.

187 1743 277 1780 Exc.
306 1745 363 1779 De
388 1745 457 1780 ins.
482 1757 521 1792 p.
548 1744 594 1790 57
623 1757 632 1782 ι
664 1742 748 1782 ’Ότι
768 1743 824 1781 ἐπὶ
848 1742 985 1782 Γάλλου
1006 1742 1066 1781 καὶ
1086 1745 1179 1782 Βου-

134 1800 317 1838 λουσιανοῧ
340 1801 543 1850 Αἰμιλιανὸς
563 1804 581 1839 ὁ
602 1804 661 1847 τῆς
687 1801 824 1844 Μυσίας
850 1801 1001 1853 ἔπαρχος
1023 1818 1179 1840 καινοτο-

135 1858 211 1907 μεῖν
232 1858 443 1909 ἐπεὸάλετο,
471 1861 565 1911 αὑτῷ
583 1875 620 1897 τε
641 1858 704 1905 τὴν
735 1859 913 1909 βασιλείαν
934 1860 972 1897 ἐκ
1001 1860 1178 1912 προγόνων

134 1915 319 1968 ἁρμόττειν
339 1918 554 1969 φιλονεικῶν,
573 1917 633 1954 καὶ
650 1920 711 1963 τῆς
726 1916 914 1966 Ῥωμαίων
935 1919 1062 1970 βουλῆς
1079 1919 1178 1969 μεγί-

134 1990 217 2018 στας
238 1975 447 2028 κατηγορίας
467 1975 688 2026 ποιούμενος·
709 1975 761 2028 ἐφ’
780 1971 819 2014 οἷ
851 1978 881 2014 οἱ
902 1979 961 2023 τῆς
990 1976 1178 2027 Ῥωμαίων

133 2037 407 2086 προστατοῦντες
427 2033 597 2081 ἐξουσίας,
618 2034 773 2086 μεγίστῳ
798 2035 922 2080 πλήθει
942 2035 1178 2087 στρατεύσαν-

133 2107 199 2137 τες,
211 2091 276 2129 ὖπὸ
287 2094 354 2130 τῶν
367 2093 500 2130 οἰκείων
513 2092 812 2137 ἓπιὸουλευθέντες
824 2093 1070 2146 διεφθάρησαν,
1082 2093 1181 2131 οὔπω

132 2148 246 2201 τρίτον
266 2150 418 2188 ἐνιαυτὸν
434 2153 468 2188 ἐν
488 2153 530 2203 τῇ
547 2151 744 2205 προστασίᾳ
760 2154 828 2189 τῶν
846 2153 968 2189 κοινῶν
991 2153 1180 2190 διατετελε-

931 264 1143 305 JOANNlS
1171 264 1492 304 ANTIOCHENI

1239 351 1354 400 κότες,
1375 352 1455 390 οὖδέ
1475 367 1508 391 τι
1532 352 1695 404 λαμπρὸν
1718 353 1741 400 ἢ
1772 353 1950 406 βασιλείας
1977 354 2070 400 ἄξιον
2093 371 2283 409 κατειργα-

1240 410 1380 460 σμένοι,
1410 412 1445 449 ἓν
1471 410 1593 463 μνήμῃ
1623 411 1659 450 δὲ
1685 411 1773 464 μόνῃ
1794 414 1863 451 τῶν
1889 413 2060 465 βασιλέων
2087 415 2280 464 γενόμενοι.

1238 466 1290 508 ‘¹0
1309 484 1347 519 γε
1368 467 1437 519 μὴν
1457 468 1665 519 Αἰμιλιανὸς
1684 469 1903 517 ἐπιπηδήσας
1927 474 1971 524 τῇ
1997 473 2089 525 ἀρχῇ
2108 473 2199 511 κατὰ
2219 472 2284 520 τὴν

1241 528 1387 566 Σκυθῶν
1410 526 1531 579 χώραν
1549 526 1610 565 καὶ
1629 526 1691 573 τὴν
1710 527 1769 567 ἐπὶ
1786 527 1932 579 Ῥώμην
1953 530 2064 584 ἄφιξιν
2084 531 2284 584 προθυμού-

1241 597 1340 635 μενος
1349 614 1358 631 ,
1376 584 1529 638 τετάρτῳ
1544 584 1628 636 μηνὶ
1640 588 1702 632 τῆς
1715 586 1913 639 τυραννίδος
1926 589 2160 643 προδιεφθάρη
2172 605 2210 628 τε
2223 589 2284 628 καὶ

1240 644 1280 680 ἑκ
1298 645 1367 681 τῶν
1388 643 1578 696 ἀνθρώπων
1598 643 1801 701 ἠφάνισται.

1722 731 1807 770 151.

1293 805 1386 840 Exc.
1402 804 1516 841 Salm.
1533 817 1574 853 p.
1593 804 1667 854 397
1686 817 1695 842 ε
1714 804 1852 844 Γάλλου
1869 805 2155 858 βασιλεύσαντος,
2170 807 2210 846 ιε’
2225 806 2286 856 ἔτη

1242 859 1420 912 (μῆναςῖ)
1452 861 1623 913 ἐκράτησε
1653 862 1798 912 λοιμὸς,
1825 863 1974 911 κινηθεὶς
2005 863 2075 904 ἀπὸ
2104 866 2287 911 Αἰθιοπίας

1242 917 1305 962 ἕως
1323 921 1383 966 τῆς
1401 918 1529 963 δύσεως
1544 935 1553 943 ·
1575 919 1772 969 μετεδίδοτο
1792 921 1828 959 δὲ
1847 922 1918 960 ἀπὸ
1936 922 2085 973 ἱματίων
2104 924 2164 963 καὶ
2184 926 2288 978 ψιλῆς

1241 976 1336 1021 θέας·
1367 977 1428 1015 καὶ
1458 979 1489 1016 οἱ
1521 978 1655 1016 Σκύθαι
1683 979 1897 1031 περάσαντες
1915 980 1974 1019 τὸν
2002 981 2141 1035 Ἴστρον
2161 981 2287 1022 ἔλαὸον

1240 1035 1274 1088 φ’
1300 1035 1430 1079 πόλεις.
1459 1035 1534 1080 Τὰς
1552 1042 1718 1086 γυναῖκας
1739 1038 1951 1090 βουλομένας
1971 1039 2114 1092 ἐγκύους
2129 1041 2287 1092 γενέσθαι
2313 1051 2315 1053 “

1240 1093 1380 1145 λέγουσι
1395 1093 1504 1132 πίνειν
1525 1094 1595 1133 ἀπὸ
1613 1098 1672 1134 τοῦ
1694 1096 1893 1149 Στρυμόνος
1911 1102 2073 1148 ποταμοῦ
2092 1098 2153 1137 καὶ
2173 1098 2281 1138 κύειν.

1714 1167 1801 1204 152.

1602 1254 1903 1294 ΓΑΛΛΙΗΝΟΣ.

1297 1342 1383 1376 Exc.
1402 1342 1459 1377 De
1475 1342 1546 1379 ins.
1562 1355 1602 1391 p.
1628 1341 1674 1388 57
1694 1355 1703 1380 ;
1719 1339 1810 1380 εὈτι
1828 1341 2020 1390 Γαλλιηνὸς
2036 1342 2186 1395 ἀνῃρέθη
2202 1343 2289 1396 πρὸς

1242 1398 1312 1434 τῶν
1332 1396 1466 1435 οἰκείων
1487 1401 1725 1449 στρατιωτῶν,
1745 1401 1778 1443 ἐς
1799 1399 1902 1452 ὀργὴν
1923 1401 2153 1453 ἀναφθέντων,
2172 1399 2224 1440 ὅτι
2244 1402 2287 1450 δὴ

1241 1453 1340 1492 πόλιν
1359 1456 1591 1507 Μογοντίναν,
1607 1457 1849 1510 συναραμένην
1867 1459 2062 1510 Αολλιανῷ,
2079 1459 2116 1498 ὃν
2129 1460 2289 1512 νεωτερί-

1244 1528 1354 1551 σαντα
1375 1515 1512 1552 καθεῖλε
1535 1516 1771 1566 Ποστούμιος,
1794 1516 1986 1569 διαρπάσαι
2003 1516 2092 1568 μετὰ
2107 1517 2170 1564 τὴν
2189 1518 2288 1565 νίκην

1241 1572 1279 1609 οὐ
1297 1572 1531 1624 συνεχώρησε.
1562 1573 1663 1612 Μετὰ
1681 1574 1715 1613 δὲ
1731 1578 1849 1613 τοῦτον
1865 1575 1996 1627 Μάριος
2007 1605 2017 1623 ,
2043 1575 2130 1628 ἀνὴρ
2146 1576 2288 1623 εὐτελὴς

1241 1629 1299 1667 καὶ
1312 1632 1379 1668 τῶν
1395 1631 1474 1683 περὶ
1487 1631 1548 1675 τὰς
1563 1632 1754 1684 βαναύσους
1767 1633 1915 1685 γεγονὼς
1927 1634 2065 1686 τέχνας,
2079 1634 2142 1682 τὴν
2161 1635 2288 1687 ἁλουρ·

1241 1688 1320 1739 γίδα
1340 1689 1577 1741 περιθέμενος.
1596 1691 1738 1744 δευτέρα
1759 1695 1819 1738 τῆς
1839 1692 2017 1743 βασιλείας
2036 1692 2153 1746 ἡμέρᾳ
2169 1708 2287 1732 κατα-

1241 1746 1424 1784 κτείνεται.
1454 1747 1535 1800 Ἐφ’
1556 1743 1584 1801 ᾧ
1604 1751 1810 1802 Βικτωρῖνος
1833 1753 1900 1788 τῶν
1924 1750 2082 1789 Γαλλίων
2103 1751 2141 1789 τὸ
2164 1751 2288 1803 κράτος

1242 1803 1443 1856 ἐκδέχεται·
1465 1805 1602 1858 ἄριστος
1624 1809 1686 1856 μὲν
1708 1810 1741 1846 ἐν
1761 1809 1831 1851 τοῖς
1852 1809 2039 1858 πολέμοις,
2067 1814 2143 1852 ταῖς
2171 1809 2207 1847 δὲ
2227 1813 2289 1848 τοῦ

1244 1861 1405 1912 σώματος
1433 1864 1573 1910 ἡδοναῖς
1602 1864 1813 1914 ἡττημένος,
1832 1867 2030 1919 ἀλλοτρίους
2047 1883 2083 1905 τε
2103 1866 2289 1920 ἔνυὸρίζων

1241 1919 1390 1971 γάμους,
1408 1922 1468 1959 καὶ
1485 1921 1670 1973 παρθένους
1690 1923 1867 1975 ἁρπάζων.
1882 1921 1990 1963 ιὌθεν
2010 1926 2044 1962 ἐν
2060 1924 2288 1978 Ἀγριππίνῳ,

1243 1977 1343 2015 πόλει
1362 1980 1542 2031 Γαλατικῇ
1554 2009 1564 2025 ,
1585 1980 1670 2032 πρός
1690 1996 1780 2024 τινος
1799 1981 2015 2033 στρατιώτου
2032 1981 2288 2036 διαφθείρεται,

1244 2035 1393 2089 δευτέρῳ
1411 2040 1472 2083 τ’ἧς
1492 2038 1676 2088 ἡγεμονίας
1693 2040 1850 2091 ἐνιαυτῷ.
1874 2039 1944 2078 Καὶ
1963 2043 2082 2078 τοῦτον
2099 2043 2160 2086 τῆς
2177 2042 2290 2092 ἀρχῆς

1245 2094 1444 2146 διαδέχεται
1458 2098 1491 2135 Τ
1494 2096 1625 2149 έτρικος
1638 2099 1706 2134 τῶν
1724 2097 1793 2135 ἀπὸ
1808 2101 1870 2145 τ’ῆς
1886 2095 2082 2149 συγκλήτου
2104 2099 2240 2150 βουλῆς·
2255 2098 2291 2143 ὃς

1245 2151 1308 2200 τὴν
1339 2153 1540 2192 Ἀκυτανίαν
1572 2154 1738 2207 πρότερον
1767 2156 2001 2207 ἡγεμονεύων,
2033 2156 2194 2208 βασιλεὺς
2223 2157 2290 2196 ὑπὸ

174 2261 228 2291 Fr.
250 2262 318 2291 148.
339 2261 410 2292 Σὺν
427 2263 507 2296 τοῖς
523 2260 663 2302 παισὶ]
678 2262 734 2293 σὺν
747 2265 792 2302 τῷ
805 2262 916 2293 natea?
929 2281 971 2287 -
983 2263 1047 2292 καὶ
1061 2262 1313 2304 κολακείαις]
1326 2265 1379 2295 καὶ
1393 2264 1515 2301 λακίαις
1532 2265 1645 2297 codex.
1663 2266 1766 2298 Possis
1781 2266 1902 2298 etiam:
1924 2267 1977 2298 καὶ
1996 2267 2127 2303 λαλιαῖς.
2142 2269 2218 2300 Mox
2232 2269 2281 2301 la-

134 2314 225 2337 cunae
241 2307 365 2346 signnm
379 2308 482 2347 posui.
498 2310 668 2348 Eutropius
685 2311 728 2340 lX
739 2333 747 2347 ,
762 2311 781 2340 3
798 2322 804 2340 :
820 2309 923 2341 Ambo
937 2308 1059 2341 deinde
1073 2309 1117 2341 ab
1132 2311 1288 2342 exercitu
1304 2310 1480 2350 interfecti
1493 2314 1590 2352 sunt,
1606 2313 1717 2344 senior
1733 2313 1917 2354 Philippus
1937 2315 2090 2353 Veronae,
2102 2315 2214 2346 Romae
2223 2315 2285 2355 ju-

136 2355 225 2385 nior.
243 2356 352 2385 Annis
366 2357 519 2395 quinque
533 2357 803 2395 imperaverunt.

175 2402 216 2431 Fr
250 2405 318 2432 150.
338 2402 440 2433 Series
455 2402 646 2434 narrationis
662 2402 773 2434 eadem
790 2411 841 2442 ap.
860 2403 994 2442 Eutrop.
1013 2404 1075 2440 IX,
1100 2405 1118 2434 4
1135 2415 1143 2435 ι
1162 2404 1241 2435 Mox
1264 2405 1490 2444 imperatores
1511 2406 1618 2436 creati
1638 2407 1721 2438 sunt
1745 2405 1883 2444 Gallus,
1903 2405 2121 2439 Hostilianas
2141 2409 2175 2438 et
2195 2407 2288 2441 Galli

134 2446 228 2481 ricius
260 2448 477 2482 Volusianus,
491 2448 558 2479 Sub
571 2448 626 2480 his
641 2450 854 2480 AEmilianus
870 2451 905 2480 in
921 2451 1040 2481 Moesia
1055 2457 1109 2481 res
1124 2458 1231 2482 novas
1247 2451 1384 2482 molitus
1401 2452 1472 2484 est‚·
1491 2451 1538 2482 ad
1560 2460 1661 2492 quem
1676 2452 1941 2492 opprimendum
1964 2461 2072 2494 quum
2096 2453 2195 2491 ambo
2208 2462 2289 2494 pro·

128 2494 218 2534 secti
235 2496 365 2530 essent,
386 2497 593 2526 Interamn&
607 2496 780 2534 interfecti
795 2498 895 2530 sunt,
913 2505 979 2527 non
993 2497 1157 2536 completo
1179 2497 1325 2530 biennio.
1353 2498 1450 2530 Nihil
1472 2500 1612 2530 omnino
1625 2500 1764 2531 clarum
1776 2501 1964 2539 qesserunt.
1981 2499 2062 2531 Sola
2081 2500 2288 2539 pestilentia

135 2542 169 2572 et
182 2541 308 2572 morbis
325 2543 432 2581 alque
447 2541 719 2581 aeyrituclinibus
739 2544 839 2574 not-us
851 2551 969 2574 eorum
982 2545 1205 2583 principatus
1211 2544 1299 2584 suit.
1317 2545 1527 2576 AEmitianus
1541 2545 1780 2577 obscurissime
1794 2547 1901 2577 natus
1914 2546 2093 2578 obscurius
2107 2550 2285 2587 reynavit,

135 2595 177 2618 ac
189 2589 290 2619 tertio
306 2596 418 2619 mense
434 2590 628 2620 exstinctus
643 2591 705 2620 est.
719 2606 761 2612 —
773 2590 1084 2631 Βουλουσιανός]
1099 2591 1143 2622 sic
1153 2592 1248 2622 etiam
1262 2591 1294 2623 in
1309 2591 1445 2631 syncelli
1456 2591 1549 2623 codd.
1568 2601 1598 2632 p.
1616 2595 1688 2631 376,
1703 2595 1727 2623 Α
1738 2616 1746 2630 ,
1761 2600 1877 2623 nomen
1894 2592 2063 2632 scribitur3
2081 2591 2135 2623 ubi
2152 2594 2291 2634 Scaliger

137 2635 277 2666 correxit
294 2636 422 2666 Βολουσ.
439 2653 479 2658 —-
493 2637 752 2678 Αἰμιλιανὸς]
775 2639 849 2677 Αἱμ.
865 2637 936 2668 cod.
953 2655 991 2664 ν·-
1005 2637 1057 2676 ἐφ’
1075 2638 1119 2668 οὗ
1131 2637 1142 2678 ]
1155 2638 1189 2679 ἐφ
1207 2638 1250 2669 ὢν
1264 2638 1336 2669 cod.
1354 2638 1514 2669 -οῠπω
1529 2638 1660 2678 τρίτον
1678 2637 1878 2678 ἐνιαυτὸν]
1894 2646 1960 2670 non
1978 2638 2141 2679 completo
2156 2639 2292 2672 biennio

136 2683 285 2720 Eutrop.,
303 2682 437 2721 Syncell.
462 2691 469 2712 :
490 2683 518 2714 οἳ
537 2684 587 2713 καὶ
612 2683 812 2723 βασιλεύουσι
828 2684 909 2715 κατὰ
927 2684 1079 2719 Δέξιππον
1101 2685 1161 2723 (fr.
1180 2686 1237 2724 16)
1254 2688 1349 2726 μῆνας
1367 2683 1428 2723 ιη’,
1446 2684 1609 2724 πράξαντες
1632 2685 1718 2716 οὐδὲν
1738 2684 1912 2723 ἀξιόλογον·
1929 2685 2010 2716 κατὰ
2027 2685 2059 2716 δὲ
2076 2685 2185 2722 ἄλλους
2207 2687 2291 2724 τινὰς

137 2729 190 2764 ἐτη
204 2726 231 2766 γ’
245 2749 254 2764 ,
271 2727 323 2757 καὶ
340 2726 408 2757 κατ’
423 2728 542 2768 ἑτέρους
560 2727 612 2765 ἔτη
632 2727 672 2769 β’.
691 2730 769 2760 Tres
784 2738 885 2760 annos
900 2728 995 2760 habet
1009 2729 1129 2761 chron.
1147 2731 1257 2761 Pasch.
1275 2740 1304 2771 p.
1323 2736 1382 2764 505
1399 2733 1450 2764 ed.
1470 2733 1572 2764 Bonn.
1591 2733 1684 2764 Plura
1698 2733 1738 2765 de
1755 2733 1803 2764 his
1821 2741 1853 2762 v.
1870 2741 1921 2773 ap.
1936 2732 2118 2765 Tillemout.
2133 2735 2212 2765 tom.
2228 2735 2288 2774 ln,

136 2784 168 2815 p.
188 2777 247 2806 508
261 2783 330 2814 sqq.
345 2794 387 2800 —
399 2775 570 2815 τετάρτῳ
590 2775 701 2816 μηνὶ]
719 2778 820 2808 tertio
833 2785 947 2808 mense
963 2777 1098 2816 Eutrop.
1122 2777 1206 2807 Cum
1224 2778 1334 2808 nostro
1349 2779 1423 2810 facit
1441 2781 1580 2810 Zonaras
1596 2788 1627 2818 p.
1647 2783 1726 2818 629,
1746 2782 1770 2810 Α
1787 2779 1870 2819 (592
1888 2778 1937 2810 ed.
1953 2778 2079 2819 Bonn.)
2099 2791 2107 2810 ε
2124 2778 2290 2811 Κτείνουσι

137 2823 189 2854 τὸν
207 2822 383 2862 Αἰμιλιανὸν
400 2822 487 2853 οὔπω
504 2823 656 2863 τέσσαρας
673 2826 769 2863 μῆνας
783 2823 1045 2864 ἡγεμονεύσαντα.
1063 2824 1222 2860 Quattuor
1241 2832 1364 2855 menses
1380 2824 1408 2856 ei
1422 2825 1534 2856 tribuit
1549 2826 1658 2856 Victor
1673 2828 1705 2857 et
1719 2826 1839 2857 Chron.
1855 2828 1915 2856 An.
1930 2825 1999 2856 cod.
2018 2825 2117 2856 Paris.
2132 2827 2204 2857 854.

178 2870 231 2900 Fr.
256 2873 324 2901 151.
346 2871 395 2900 Ex
418 2869 531 2900 eodem
554 2870 641 2901 sonte
656 2870 704 2901 vel
724 2879 762 2901 ex
784 2871 850 2910 ipso
872 2873 995 2902 Joanne
1016 2869 1121 2902 hausit
1139 2870 1260 2901 Chron.
1281 2873 1438 2910 Anonym.
1467 2871 1539 2902 cod.
1566 2871 1665 2903 Paris.
1691 2874 1752 2903 754
1772 2871 1803 2902 in
1823 2873 1966 2903 Cramer.
1990 2873 2048 2902 An.
2070 2872 2122 2910 11,
2145 2878 2176 2910 p.
2198 2874 2258 2904 289
2280 2883 2289 2903 ε

138 2916 251 2958 Γάλλος
266 2917 319 2947 καὶ
337 2917 561 2953 Βουλουσιανὸς
579 2918 783 2950 ἐδασίλευσαν
801 2920 855 2956 ἔτη
874 2919 902 2959 β’
916 2943 925 2958 ,
941 2922 1037 2959 μῆνας
1050 2918 1092 2955 η’.
1109 2917 1219 2957 Γέγονε
1235 2918 1267 2949 δὲ
1284 2918 1314 2949 ἐν
1327 2921 1392 2954 ταῖς
1408 2919 1534 2958 ἡμέραις
1549 2918 1650 2949 αὐτῶν
1667 2919 1772 2958 λοιμὸς
1783 2942 1793 2958 ,
1810 2918 1940 2956 κινηθεὶς
1958 2917 2019 2948 ἀπὸ
2035 2917 2184 2955 ἀνατολῆς
2201 2919 2291 2959 μέχρι

137 2966 190 3000 τῆς
212 2963 328 2998 δύσεως
341 2974 348 2980 ·
364 2965 416 2994 καὶ
437 2964 566 3004 οὐδεμία
581 2965 668 3001 πόλις
687 2967 793 3006 εὑρέθη
810 2966 936 3007 ἄμοιρος
952 2965 1064 3002 ταύτης
1088 2968 1141 3002 τῆς
1158 2964 1300 3003 ἀπειλῆς·
1318 2964 1468 3005 ἐκράτησε
1491 2965 1523 2995 δὲ
1540 2965 1592 3002 ἐτη
1619 2965 1659 2995 ια’
1688 2964 1746 3004 (ιε’
1764 2973 1795 2996 n.
1814 2965 1853 2996 fr.
1866 2965 1876 3004 )
1888 2987 1897 3002 ,
1923 2964 2093 3004 ἀρχόμενος
2109 2964 2172 2996 ἀπὸ
2190 2966 2289 3005 φθινο-

137 3009 244 3050 πώρου
260 3010 313 3040 καὶ
330 3009 433 3048 λήγων
449 3013 486 3050 τῄ
509 3013 565 3041 τοῦ
583 3011 680 3047 Κυνὸς
696 3011 832 3052 ἐπιτολῇ.
856 3011 1041 3043 Μιτεδίδοτο
1057 3011 1089 3042 δὲ
1111 3012 1130 3048 ’ἡ
1147 3009 1236 3047 νόσος
1256 3011 1334 3048 αὕτη
1356 3011 1419 3042 ἀπό
1440 3021 1473 3042 τε
1492 3011 1625 3051 ἱματίων
1648 3012 1702 3042 καὶ
1725 3011 1814 3051 ψιλῆς
1835 3011 1917 3046 θέας.
1936 3010 1996 3040 Καὶ
2013 3011 2042 3041 οἱ
2060 3010 2174 3041 Σκύθαι
2193 3011 2291 3052 περά-

139 3065 247 3091 σαντες
262 3055 314 3086 τὸν
332 3055 473 3096 Ἴστρον,
490 3059 595 3087 πᾶσαν
613 3058 668 3094 τήν
685 3057 771 3088 δύσιν
788 3058 841 3089 καὶ
862 3058 995 3089 Ἰταλίαν
1007 3080 1017 3096 ,
1034 3057 1186 3094 ἀνατολήν
1203 3068 1238 3088 τε
1253 3059 1307 3088 καὶ
1323 3057 1427 3090 Ἀσίαν
1444 3058 1619 3098 ἐπόρθησαν
1638 3059 1692 3089 καὶ
1708 3058 1899 3097 κατέλαὸον,
1918 3057 1992 3098 δίχα
2010 3056 2103 3097 μόνης
2124 3056 2216 3090 Ἰλίου
2237 3059 2290 3090 καὶ

140 3102 286 3138 Κυζίκου.

182 3149 233 3180 Fr.
259 3152 326 3180 152.
347 3148 390 3179 “O
400 3159 437 3179 τι
461 3150 484 3180 Γ
494 3160 514 3180 α
524 3150 567 3180 λλ
578 3162 587 3181 ι
598 3161 617 3187 η
627 3162 642 3181 ν
653 3151 669 3182 ὸ
680 3150 715 3191 ς]
734 3153 811 3182 Haec
826 3151 1020 3192 excerptoris
1035 3151 1129 3192 culpa
1149 3151 1276 3183 turbata
1292 3153 1375 3183 sunt.
1391 3151 1536 3184 Dehebat
1560 3163 1567 3182 z
1586 3151 1632 3182 ὅτι
1647 3152 1699 3185 ,ἐπὶ
1717 3153 1886 3189 Γαλλιηνοῠ
1910 3152 2108 3192 Ποστούμιος
2121 3152 2291 3194 ἀνῃρέθη...

140 3197 280 3234 καθεῖλε,
305 3196 473 3236 διαρπάσαι
497 3199 563 3228 κτλ.
593 3199 729 3238 Eutrop.
745 3201 806 3237 lx,
832 3202 848 3231 7
868 3211 875 3230 z
898 3201 961 3236 Qui
979 3199 1192 3239 (Postumus)
1207 3198 1371 3231 seditione
1392 3198 1550 3229 militum
1566 3197 1770 3237 interfectus
1786 3200 1856 3236 est,
1885 3198 1978 3239 quod
2005 3200 2289 3238 Moquntiacum,

141 3252 218 3284 quae
231 3242 395 3275 adversus
411 3251 488 3274 eum
505 3244 754 3279 rebellaverat,
777 3245 932 3276 Lolliano
948 3255 1002 3277 res
1020 3254 1123 3278 novas
1139 3247 1312 3281 moliente,
1328 3244 1567 3285 diripiendam
1584 3245 1755 3277 militibus
1771 3245 1912 3277 tradere
1925 3246 2103 3277 noluisset.
2120 3247 2201 3277 Post
2213 3254 2292 3277 eum

141 3291 304 3325 Marius,
329 3290 521 3321 vilissimus
540 3289 677 3329 opifex,
708 3300 905 3331 purpuram
923 3295 1072 3333 accepit,
1099 3296 1133 3325 et
1157 3293 1306 3325 secundo
1333 3292 1390 3324 die
1414 3291 1617 3331 interfectus
1640 3293 1700 3323 est.
1729 3293 1923 3324 Victorinus
1946 3294 2067 3330 postea
2090 3292 2292 3324 Galliarum

143 3338 274 3377 accepit
290 3338 472 3376 imperium
483 3360 491 3375 ,
507 3338 562 3367 vir
575 3339 845 3369 strenuissimus,
866 3338 932 3370 Sed
945 3348 1051 3380 quum
1066 3342 1182 3371 nimiae
1195 3340 1350 3372 libidinis
1363 3341 1466 3378 esset,
1481 3340 1515 3370 et
1527 3339 1755 3370 matrimonia
1769 3339 1889 3370 aliena
1903 3340 2157 3379 corrumperet,
2172 3341 2292 3379 Aqrip-

141 3384 234 3423 pinae
249 3383 377 3413 occisus
391 3383 460 3420 est,
476 3383 638 3413 actuario
660 3382 811 3422 quodam
836 3384 1061 3416 machinante
1078 3386 1214 3425 dolum,
1242 3387 1380 3426 imperii
1402 3387 1457 3417 sui
1481 3393 1574 3416 anno
1589 3384 1747 3416 secundo.
1771 3387 1859 3417 Huic
1873 3385 2035 3417 successit
2061 3387 2212 3417 Tetricus
2236 3393 2289 3416 se-

144 3430 260 3466 nator,
279 3429 339 3469 qui
357 3430 581 3470 Aquitaniam
598 3427 723 3461 honore
745 3429 906 3469 praesidis
925 3431 1198 3473 administrans,
1217 3433 1340 3466 absens
1363 3441 1386 3465 a
1403 3431 1578 3464 militibus
1603 3433 1793 3472 imperator
1810 3431 1935 3465 electus
1952 3434 2023 3471 est,
2040 3434 2074 3464 et
2089 3431 2186 3472 apud
2200 3433 2291 3463 Bur*-
