2372 3704
110 237 182 270 334
662 266 665 268 .
697 272 704 277 ,
1043 226 1361 268 ARISTOCRITI

99 316 191 368 ὁρμῇ
208 313 381 352 πείθονται
404 327 413 353 :
435 313 653 364 κνυζωμένου
674 329 710 351 τε
726 312 857 361 ἴσασιν,
875 313 932 352 ὅτε
951 312 1000 363 μὴ
1021 318 1146 365 θυμοῦ-

99 389 158 411 ται
170 404 181 422 ,
199 372 260 411 καὶ
279 373 509 416 ὑλακτοῦντος
527 371 589 419 τὴν
609 369 716 424 ὀργὴν
742 377 892 411 συνιᾶσι.
920 374 1035 412 Τοῦτο
1055 372 1085 410 εἴ
1102 389 1149 424 τῳ

99 431 217 474 ἱκανὸς
230 430 438 483 Ἕρμιππος
461 433 720 484 τεκμηριῶσαι,
738 429 898 482 μάρτυρά
918 430 949 467 οἱ
967 433 1026 467 τοῦ
1046 429 1150 481 λόγου

100 489 314 540 ἐπαγόμενος
334 489 614 542 Ἀριστοκρέοντα
636 489 720 541 (sic.
749 489 956 528 Schneider
972 502 1045 539 pro
1073 491 1149 539 vig.

101 549 134 588 'A
141 547 391 602 ριστοκλέωνα)
401 578 411 596 ,
430 547 591 588 πειθέτω.

154 609 257 645 Nihil
280 609 406 645 obstat
429 610 522 657 quin
539 609 619 644 haec
647 608 879 656 Hermippus
905 608 945 643 in
971 607 1076 642 libris
1095 608 1152 642 De

100 669 186 704 vitis
206 669 526 717 philosophorum
556 666 769 704 tradiderit.
799 665 855 704 Cf.
883 665 1074 702 Plutarch.
1095 666 1152 700 De

103 739 296 765 commun.
322 727 433 764 notit.
456 739 490 762 c.
526 725 596 774 16,
618 738 657 774 p.
689 725 803 769 1064,
824 725 854 761 B
885 737 892 759 :
920 721 1043 764 Ἐθνος
1067 716 1154 758 εἶναί

103 797 207 835 φασιν
230 782 425 832 Αἰθιόπων,
457 780 543 820 ὅπου
571 781 662 820 κύων
698 779 872 832 βασιλεύει
902 778 962 816 καὶ
993 777 1154 830 βασιλεὺς

109 841 424 892 προσαγορεύεται,
451 839 512 878 καὶ
535 838 621 892 γέρα
652 838 712 876 καὶ
739 837 842 887 τιμὰς
870 837 942 889 ἔχει
964 835 1153 888 βασιλέως,

104 898 222 951 ἄνδρες
242 899 277 937 δὲ
297 899 512 952 πράσσουσιν
540 897 629 948 ἅπερ
657 895 806 947 ἡγεμόσι
826 895 961 933 πόλεων
983 894 1154 946 προσήκει

104 956 164 995 καὶ
184 957 364 1008 ἄρχουσιν.
395 958 541 1005 Quibus
565 956 717 1003 subjicit
739 968 747 991 ε
771 948 845 1005 ’Ἆρ’
874 947 932 991 οῧν
958 951 1056 1005 παρὰ
1085 957 1156 996 τοῖς

105 1017 274 1058 Στωϊκοῖς
291 1014 416 1066 ὁμοίως
428 1015 466 1052 τὸ
481 1013 542 1065 μὲν
554 1013 665 1064 ὄνομα
676 1011 736 1051 καὶ
749 1011 788 1049 τὸ
808 1014 931 1063 σχῆμα
945 1014 1012 1065 ἱ’τοῦ
1027 1013 1154 1061 ἀγαθοῦ

105 1072 254 1124 πάρεστι
269 1076 310 1125 τῇ
329 1075 447 1124 ἀρετῇ,
457 1071 516 1110 καὶ
531 1071 639 1122 μόνην
655 1070 786 1117 ταύτην
796 1069 929 1122 αἱρετὸν
948 1068 1009 1108 καὶ
1027 1067 1154 1121 ὠφέλι-

109 1146 175 1180 μον
203 1131 264 1169 καὶ
285 1130 459 1183 συμφέρον
487 1131 650 1177 καλοῦσι,
682 1129 872 1181 πράττουσι
893 1127 929 1166 δὲ
957 1131 1068 1166 ταῦτα
1094 1126 1155 1165 καὶ

105 1191 328 1242 φιλοσοφοῦσι
355 1189 416 1228 καὶ
436 1191 520 1234 ζῶσι
546 1187 605 1227 καὶ
636 1186 928 1238 ἀποθνήσκουσιν,
951 1184 1070 1239 ὥσπερ
1087 1186 1156 1224 ἀπὸ

104 1246 370 1300 προστάγματος
384 1249 452 1285 τῶν
471 1246 680 1300 ἀδιαφόρων.

157 1308 248 1354 Quae
273 1307 451 1356 leguntur
474 1306 524 1343 ad
552 1306 753 1355 Hermippi
777 1305 911 1354 fragm.
944 1304 992 1350 76
1021 1303 1111 1341 inde
1136 1316 1156 1341 a

105 1366 230 1402 verbis
254 1379 261 1401 ε
286 1366 455 1402 Ceterum
476 1377 497 1401 e
514 1366 657 1409 Plinio,
684 1377 730 1400 ea
749 1364 896 1412 deleas,
912 1363 1039 1399 velim.

613 1463 649 1500 3.

159 1550 301 1584 Plinius
320 1550 369 1584 H.
390 1549 435 1585 N.
451 1550 496 1594 V,
523 1561 583 1595 10,
599 1561 640 1597 p.
661 1547 737 1584 316
751 1548 871 1584 Tchn.
893 1560 902 1582 ε
922 1548 1156 1582 Aristocreon

106 1609 156 1644 ab
171 1609 203 1643 Ε
206 1609 423 1656 leplzantide
441 1609 496 1643 ad
505 1620 609 1644 mare
618 1607 767 1644 DCCL.
793 1609 850 1644 M.
862 1619 1039 1655 passuum
1054 1604 1156 1655 (esse

108 1666 237 1715 dicit).

592 1791 765 1804 -οθυ-τ

350 1895 908 1955 ARISTOCRITUS.

433 2024 556 2063 ΠΕΡΙ
585 2023 834 2062 ΜιΛΗΤοΥ.

621 2136 654 2161 1.

164 2212 293 2248 Schol.
318 2212 498 2260 Apollon.
517 2212 592 2248 Rh.
615 2212 645 2258 Ι,
666 2210 737 2247 186
760 2223 768 2246 ε
787 2207 832 2248 Ὁ
852 2207 888 2246 δὲ
908 2208 1080 2258 Μίλητος,
1100 2208 1162 2261 ἀφ’

111 2263 152 2306 οὗ
178 2269 237 2306 καὶ
263 2272 285 2315 ἠ
313 2269 411 2313 πόλις
440 2269 618 2316 Μίλητος,
649 2267 839 2312 Εὔξαντίου
858 2271 917 2305 τοῦ
948 2266 1086 2310 Μίνωος
1103 2262 1157 2314 ἦν.

111 2329 159 2366 Οἱ
180 2327 215 2364 δέ
233 2343 338 2380 φασιν
361 2328 463 2366 αὐτὸν
485 2318 704 2370 ’Ἀπόλλωνος
729 2326 788 2364 καὶ
815 2325 944 2378 Ἀρείας
964 2328 1025 2372 τῆς
1052 2325 1164 2364 Κλεό-

112 2400 224 2437 χου...
264 2386 334 2424 Καὶ
364 2386 615 2438 Ἀριστόκριτος
644 2385 748 2437 φησὶν
777 2384 831 2422 ὅτι
866 2383 979 2436 Ἀρεία
1009 2384 1164 2436 θυγάτηρ

113 2442 247 2494 ἐγένετο
265 2444 424 2496 Κλεόχου
440 2474 450 2493 ,
472 2439 511 2490 ἧς
531 2444 590 2482 καὶ
607 2444 821 2486 Ἀπόλλωνος
838 2443 997 2493 γενέσθαι
1020 2442 1160 2495 βρέφος,

115 2556 315 2595 murmurat,
330 2564 405 2587 eum
429 2565 494 2586 non
510 2555 628 2586 iratum
651 2563 719 2586 esse
734 2556 871 2593 norunt;
896 2553 922 2585 si
947 2555 1064 2593 latrat,
1084 2554 1164 2586 iram

115 2610 302 2649 agnoscunt.
320 2610 405 2648 Hoc,
422 2608 448 2640 si
473 2608 526 2639 cui
542 2607 724 2639 tesumonio
741 2606 902 2647 sufficiens
918 2606 1063 2638 videatur
1088 2608 1164 2638 Her·

116 2662 261 2702 mippus.
274 2662 390 2694 testem
402 2651 463 2694 sibi
487 2661 678 2693 narrationis
701 2659 864 2691 adducens
879 2659 1144 2691 Aristocreontem
1154 2682 1164 2699 ,

118 2714 240 2747 credat.

491 2795 557 2834 DE
585 2793 790 2834 MILETO.

625 2884 658 2916 1.

161 2950 302 2990 Miletus,
314 2958 333 2980 a
343 2958 408 2989 quo
420 2949 548 2981 Miletus
558 2948 635 2980 urbs
645 2955 763 2980 nomen
774 2945 871 2978 habet
883 2970 892 2984 ‚
906 2943 1055 2977 Euxantii
1069 2944 1164 2983 iilius,

121 3002 236 3035 Minois
250 3010 348 3042 nepos
361 3000 431 3032 suit.
456 3000 517 3032 Alii
533 3000 677 3040 Apolline
689 3000 721 3031 et
734 3001 815 3031 Area
831 2996 960 3030 Cleochi
977 2995 1040 3027 filia
1052 2997 1164 3027 natum

122 3055 244 3087 dicunt.
267 3053 471 3086 Aristocritus
485 3061 614 3093 quoque
624 3055 738 3084 Arcam
753 3051 796 3082 ait
807 3050 902 3081 filiam
915 3049 1044 3082 elenchi
1058 3048 1165 3088 ruisse,

123 3114 260 3146 eamque
272 3114 311 3136 ex
327 3105 472 3145 Apolline
491 3104 647 3144 peperisse
662 3104 836 3141 infantem,
862 3101 950 3142 quod
974 3102 1006 3132 in
1019 3101 1166 3132 milacem

125 3158 213 3197 (sive
226 3157 291 3187 smi
297 3155 422 3194 lacem)
436 3154 650 3194 exposuisset;
665 3154 841 3185 Cleochum
855 3161 932 3183 vero
948 3152 1120 3191 suscepisse
1137 3153 1167 3184 et

125 3218 144 3241 a
157 3209 269 3240 milace
292 3215 409 3238 nomen
423 3206 451 3238 ei
475 3206 598 3237 dedisse
619 3206 738 3238 Mileto.
755 3207 848 3237 Hunc
860 3205 976 3236 deinde
1002 3205 1167 3243 adultum,

125 3269 226 3301 quum
234 3259 345 3291 Minois
355 3257 473 3289 invidia
483 3258 692 3297 premeretur,
706 3257 737 3288 in
747 3259 879 3289 Samum
892 3256 1028 3288 insulam
1045 3256 1168 3295 abiisse,

127 3313 182 3345 ubi
196 3312 292 3344 etiam
308 3311 400 3342 locus
424 3310 554 3350 quidam
573 3309 701 3341 Miletus
727 3309 767 3340 dc
782 3310 910 3340 nomine
929 3308 998 3347 eJus
1021 3310 1167 3341 vocatur.

126 3368 222 3398 Samo
235 3363 384 3402 deinceps
400 3361 431 3392 in
448 3360 574 3392 Cariam
591 3361 752 3401 profectus
768 3361 988 3400 cognominem
1003 3359 1060 3400 ipsi
1079 3359 1167 3392 Mile·

128 3420 198 3450 tum
214 3415 326 3448 urbem
339 3413 490 3446 condidit.

1210 315 1270 354 καὶ
1286 319 1384 354 τοῦτο
1401 317 1580 360 ἐκτεθῆναι
1599 317 1645 360 εἷς
1664 315 1817 367 μίλακα.
1830 316 1899 356 Τὸν
1921 317 1956 355 δὲ
1977 312 2133 372 Κλέοχον
2150 321 2264 360 ἀνελέ-

1211 376 1290 412 σθαι
1305 405 1316 422 ,
1333 373 1394 412 καὶ
1414 374 1583 425 ὀνομάσαι
1603 373 1674 412 ἀπὸ
1691 377 1751 422 τῆς
1769 375 1913 426 μίλακος
1940 377 2111 424 Μίλητον.
2128 381 2261 419 Τοῦτον

1214 430 1250 469 δὲ
1269 431 1486 484 ἀνδρωθέντα
1503 431 1563 470 καὶ
1583 432 1809 485 φθονούμενον
1827 434 1894 471 ὑπὸ
1907 437 1965 472 τοῦ
1992 436 2129 480 Μίνωος
2141 466 2154 486 ,
2178 438 2264 476 ἀνα·

1211 493 1374 542 χωρῆσαι
1394 491 1442 533 εἰς
1459 487 1520 536 τὴν
1539 489 1679 540 Σάμον·
1701 493 1759 543 ἀφ’
1780 485 1818 529 οῧ
1838 491 1897 530 καὶ
1920 492 2023 537 τόπος
2047 494 2120 533 ἐστὶ
2144 494 2263 544 Μίλη-

1212 563 1286 591 τος·
1302 547 1362 586 καὶ
1379 547 1449 586 ἀπὸ
1461 550 1522 594 τ’ῆς
1535 547 1659 598 Σάμου
1675 549 1830 599 μεταὸὰς
1843 551 1889 594 εἷς
1904 550 1966 598 τὴν
1985 552 2136 606 Καρίαν,
2150 552 2264 592 ἔκτισε

1213 605 1331 653 πόλιν,
1353 605 1512 652 Μίλητον
1530 608 1590 658 ἀφ’
1608 608 1729 645 ἑαυτοῦ
1750 608 1915 652 καλέσας.

1267 663 1457 708 Εὐξαντίου
1476 667 1535 702 τοῦ
1547 659 1715 716 Μίνωος]
1734 679 1782 703 ex
1801 668 1888 704 cod.
1910 669 2043 716 Paris.;
2068 669 2112 709 E.
2135 685 2170 708 τ.
2191 670 2263 710 Μί-

1215 738 1323 765 κωνος
1340 724 1419 759 sch.
1441 731 1532 760 vett.
1550 724 1664 772 Apud
1679 726 1906 773 Apollodor.
1924 728 1997 773 ΙΙΙ,
2023 741 2058 773 1,
2077 741 2117 777 2,
2145 728 2168 765 6
2191 730 2266 767 Mi-

1214 783 1297 817 nois
1313 789 1351 818 et
1364 781 1554 817 Dexitheae
1574 780 1672 818 filius
1688 790 1743 818 est
1761 781 1960 827 Εὐξοίνθιος.
1983 786 2097 832 Quod
2114 799 2162 824 ne
2177 800 2215 825 n.
2237 789 2264 824 l.
2318 811 2320 814 -

1214 839 1476 886 reponendum
1493 846 1667 887 putemus
1680 840 1769 876 facit
1787 843 1913 890 Etym.
1934 845 1986 879 M.
2008 857 2048 892 p.
2068 844 2142 893 394
2155 873 2166 893 ‚
2188 845 2235 890 34
2256 860 2264 882 :

1218 894 1422 939 Εὐξαντίδος
1442 898 1578 947 γενεῆς,
1611 895 1817 941 Εὖξοίντιος·
1842 899 1882 936 τὸ
1905 902 2172 952 πατρωνυμικὸν
2193 903 2266 942 Ευ-

1217 951 1400 999 ξαντιάδης
1420 954 1499 992 κτλ.
1521 954 1641 993 Bekk.
1664 957 1736 994 An.
1756 969 1798 1005 p.
1822 957 1920 1004 830,
1937 958 1985 995 25
2004 971 2013 997 :
2030 959 2070 996 τὸ
2087 958 2122 997 δὲ
2138 959 2268 1004 Εὸξαν-

1216 1009 1292 1053 τιὰς
1318 1009 1388 1048 ἀπὸ
1412 1014 1472 1048 τοῦ
1495 1009 1694 1054 Εὖξοίντιος.
1726 1015 2026 1052 Euxantidarum
2055 1017 2164 1068 (bene
2184 1033 2268 1055 car-

1218 1070 1457 1119 minatorum)
1476 1083 1592 1119 genus
1615 1071 1802 1108 Milesium
1830 1073 1942 1110 fuisse
1967 1075 2132 1116 videtur.
2157 1075 2269 1114 Cele-

1217 1127 1378 1165 brantur
1403 1126 1566 1184 Μιλήσια
1592 1126 1681 1179 ἔρια.
1710 1130 1767 1168 Cf.
1800 1132 1976 1170 Dindorf.
2010 1134 2051 1168 in
2077 1133 2131 1171 St.
2155 1135 2266 1174 Thes.

1217 1197 1254 1223 v.
1274 1183 1459 1228 Εὐξάντιος
1473 1193 1510 1222 et
1520 1184 1662 1224 Μίκων.
1675 1186 1964 1238 -φθονούμενον
1974 1189 2070 1240 κτλ.]
2082 1191 2140 1230 Cf.
2153 1192 2266 1229 Ovid.

1218 1243 1309 1280 Met.
1330 1256 1366 1290 9,
1387 1248 1478 1287 442.
1498 1244 1573 1280 Alii
1594 1245 1715 1283 aliter.
1732 1247 1779 1283 V.
1796 1243 2065 1298 Nicander'ap.
2084 1251 2266 1287 Antonin.

1216 1301 1302 1339 Lib.
1325 1301 1395 1347 3⁰3
1417 1303 1642 1350 Apollodor.
1660 1305 1730 1350 ΙΙΙ,
1752 1317 1786 1350 1,
1813 1317 1850 1342 2.
1871 1306 1964 1354 ibiq.
1980 1307 2138 1356 interpr.
2157 1307 2271 1346 Plura

1218 1359 1264 1395 de
1272 1360 1329 1395 his
1338 1361 1562 1408 praebebunt
1577 1362 1855 1411 Rambach.De
1865 1365 2009 1410 Mileto,
2026 1366 2130 1402 Halae
2153 1378 2266 1415 1790.

1218 1418 1430 1456 Schroeder.
1452 1418 1506 1456 De
1521 1420 1635 1456 rebus
1649 1421 1900 1468 Milesiorum,
1915 1423 2124 1462 Stralsund.
2151 1424 2267 1472 1827.

1217 1477 1372 1515 Soldau.
1390 1479 1532 1514 Rerum
1551 1479 1670 1517 Miles.
1689 1475 1797 1519 Com.
1823 1482 1852 1516 I.
1872 1482 2091 1520 Darmstadt
2109 1483 2223 1533 1829.

1726 1580 1763 1603 2.

1271 1653 1490 1689 Parthenius
1505 1653 1608 1692 Erot.
1631 1667 1664 1692 c.
1685 1667 1726 1690 11
1755 1668 1763 1690 :
1782 1654 1889 1707 Περὶ
1916 1655 2143 1701 Βυὸλίδος.
2160 1656 2271 1698 Ἱστο-

1220 1715 1270 1761 ρεῖ
1289 1709 1539 1761 Ἀριστόκριτος
1553 1709 1631 1762 περὶ
1652 1709 1814 1756 Μιλήτου
1834 1711 1894 1749 καὶ
1911 1712 2140 1758 Ἀπολλώνιος
2157 1717 2175 1752 ὁ
2191 1715 2271 1755 Ῥό-

1220 1768 1288 1810 διος
1309 1766 1453 1806 Καύναυ
1469 1767 1594 1808 κτίσει.
1617 1791 1668 1797 —
1685 1768 1774 1819 Περὶ
1794 1768 1830 1806 δὲ
1851 1770 1991 1808 Καύνου
2010 1770 2070 1808 καὶ
2087 1772 2267 1822 Βυὸλίδος,

1219 1828 1286 1863 τῶν
1303 1826 1473 1873 Μιλήτου
1482 1827 1629 1875 παίδων,
1651 1827 1820 1879 διαφόρως
1844 1830 2045 1880 ἱστορεῖται.
2070 1832 2272 1876 Νικαίνετος

1222 1882 1285 1933 μὲν
1306 1883 1373 1936 γάρ
1396 1899 1479 1937 φησι
1498 1884 1556 1922 τὸν
1574 1886 1711 1923 Καῦνον
1733 1884 1921 1937 ἐρασθέντα
1947 1889 2009 1933 τῆς
2034 1888 2206 1940 ἀδελφῆς,
2224 1892 2271 1934 ὥς

1222 1943 1283 1980 οὐκ
1300 1942 1403 1992 ἔληγε
1419 1947 1479 1980 τοῦ
1496 1942 1646 1993 πάθους,
1671 1944 1853 1981 ἀπολιπεῖν
1874 1943 1936 1991 τὴν
1957 1946 2068 1983 οἰκίαν
2093 1946 2153 1984 καὶ
2172 1947 2271 1986 ὁδεύ-

1223 2015 1333 2037 σαντα
1351 2000 1472 2053 πόρρω
1495 2003 1556 2046 τῆς
1576 2000 1704 2044 οἰκείας
1726 2000 1865 2053 χώρας,
1890 2002 1990 2041 πόλιν
2015 2019 2052 2041 τε
2077 2004 2194 2043 κτίσαι
2212 2006 2272 2045 καὶ

1221 2058 1297 2102 τοὺς
1317 2058 1640 2110 ἀπεσκεδασμένους
1658 2058 1736 2098 τότε
1759 2058 1892 2104 Ἴωνας
1927 2061 2108 2100 ἐνοικίσαι·
2127 2063 2219 2115 λέγει
2237 2063 2273 2104 δὲ

1224 2116 1323 2155 ἔπεσι
1343 2118 1475 2156 τοῖσδε·

1307 2222 1410 2263 Αὐτὰρ
1423 2222 1479 2258 ὅγε
1495 2223 1672 2264 προτέρωσε
1684 2224 1759 2254 κιὼν
1774 2224 1943 2256 Οἶκούσιον
1959 2225 2039 2257 ἄστυ

1306 2269 1459 2300 κτίσσατο
1469 2294 1478 2309 ,
1493 2270 1654 2310 Τραγασίῃ
1669 2271 1700 2301 δὲ
1716 2271 1881 2306 Κελαινοῦς
1895 2271 1996 2311 εἴχετο
2009 2272 2095 2303 παιδὶ
2105 2295 2114 2307 ,

1315 2315 1334 2351 ἦ
1349 2317 1378 2346 οἱ
1399 2317 1520 2346 Καῦνον
1537 2316 1652 2346 ἔτικτεν
1668 2316 1714 2346 ἀεὶ
1729 2316 1869 2356 φιλέοντα
1882 2317 2026 2357 θέμιστας
2037 2326 2044 2332 ·

1309 2362 1432 2400 γείνατο
1446 2362 1478 2393 δὲ
1491 2362 1623 2403 ῥαδαλῇς
1637 2362 1807 2402 ἐναλίγκιον
1827 2363 2000 2403 ἀρκεύθοισι

1311 2409 1446 2440 Βυὸλίδα
1457 2432 1466 2447 ,
1483 2413 1536 2447 τῆς
1553 2410 1621 2447 ἦτοι
1638 2409 1739 2440 ἀέκων
1756 2408 1916 2450 ἠράσσατο
1936 2412 2073 2446 Καῦνος·

1310 2457 1350 2496 βῆ
1364 2456 1395 2487 δὲ
1412 2456 1507 2496 πέρην
1519 2455 1594 2492 Δίας
1604 2479 1612 2494 ,
1625 2455 1745 2496 φεύγων
1758 2455 1892 2495 ὀριώδεα
1904 2456 2027 2498 Κύπρον

2235 2294 2258 2312 6

1737 2569 1774 2601 2.
1871 2592 1875 2595 -

1597 2648 1663 2686 DE
1677 2648 1908 2687 BYBLIDE.

1267 2745 1405 2777 Narrant
1423 2744 1633 2777 Aristocritus
1656 2747 1705 2777 De
1725 2746 1854 2786 Mileto,
1868 2746 1901 2778 et
1925 2745 2110 2787 Apollonius
2131 2745 2276 2779 Rhodius

1226 2799 1274 2828 De
1289 2798 1397 2828 cauno
1416 2796 1558 2828 condita.

1267 2850 1314 2879 De
1323 2849 1434 2879 Cauno
1444 2849 1475 2879 et
1490 2847 1610 2879 Biblide
1619 2871 1628 2887 ,
1640 2847 1738 2879 Mileti
1749 2848 1874 2887 liberis,
1885 2848 2097 2882 diversimode
2110 2851 2270 2882 narratur.

1227 2899 1407 2933 Nicaenetus
1424 2901 1508 2933 enim
1523 2901 1567 2933 ait
1583 2903 1732 2932 Caunum
1751 2902 1914 2933 adamasse
1938 2911 2098 2942 sororem,
2124 2905 2157 2935 et
2173 2912 2274 2944 quum

1227 2960 1290 2983 non
1309 2953 1484 2992 quiesceret
1502 2952 1536 2983 in
1554 2961 1592 2984 eo
1611 2953 1663 2984 hic
1678 2953 1831 2991 affectus,
1854 2953 2018 2993 reliquisse
2035 2957 2198 2994 paternam
2214 2954 2274 2986 do-

1226 3011 1333 3043 mum,
1348 3004 1522 3044 proculque
1545 3012 1565 3034 a
1583 3003 1684 3043 patria
1703 3004 1881 3043 profectum
1899 3004 2079 3036 condidisse
2095 3005 2225 3046 urbem,
2241 3006 2273 3037 in

1227 3062 1324 3094 quam
1343 3054 1499 3094 dispersos
1516 3063 1554 3085 eo
1570 3055 1714 3094 tempore
1729 3056 1819 3086 lones
1832 3055 2041 3095 congregarit.
2054 3057 2186 3095 Versus,
2201 3056 2273 3096 qui-

1227 3105 1288 3137 bus
1304 3105 1372 3136 haec
1384 3105 1472 3145 dicit,
1491 3105 1522 3136 hi
1535 3106 1609 3136 sunt
1625 3117 1633 3136 e

1301 3184 1443 3219 (Milvius)
1454 3191 1526 3212 vero
1538 3183 1645 3220 procul
1660 3183 1760 3212 abiens
1773 3184 1927 3213 OEcusium
1939 3185 2044 3214 urbem

1302 3229 1437 3258 condidit
1446 3237 1454 3263 ;
1464 3231 1494 3257 et
1503 3231 1651 3264 Tragaseae
1664 3236 1694 3257 se
1704 3229 1839 3258 Celaem'is
1846 3230 1946 3264 junxit
1959 3230 2026 3259 iiliae
2034 3251 2043 3266 ‚

1299 3283 1364 3312 quae
1377 3276 1402 3304 ei
1416 3277 1551 3303 Caunum
1563 3275 1678 3311 peperit
1694 3275 1784 3311 aequis
1793 3283 1909 3312 semper
1918 3275 2095 3312 gaudentem
2108 3277 2237 3314 usgiban

1302 3323 1404 3357 genuit
1416 3322 1624 3351 etiam-teneris
1637 3322 1761 3352 similem
1771 3323 1920 3358 juniperis

1302 3366 1471 3406 Byblidem‚
1485 3376 1573 3404 quam
1587 3368 1707 3404 quidem
1720 3369 1831 3397 invitus
1842 3368 1965 3398 ardebat
1977 3371 2094 3398 Caunus
2105 3380 2113 3402 ;

1303 3424 1394 3453 quare
1404 3415 1475 3445 abin
1487 3418 1570 3444 trans
1584 3415 1687 3450 Diam,
1704 3413 1820 3450 fugiens
1833 3416 2018 3451 anguiscram
2034 3419 2167 3453 Cyprum
