<?xml version="1.0" encoding="UTF-8"?>
<!DOCTYPE html PUBLIC "-//W3C//DTD XHTML 1.0 Transitional//EN"
    "http://www.w3.org/TR/xhtml1/DTD/xhtml1-transitional.dtd">
<html xmlns="http://www.w3.org/1999/xhtml" xml:lang="en" lang="en">
 <head>
  <title>
</title>
<meta http-equiv="Content-Type" content="text/html;charset=utf-8" />
  <meta name='ocr-system' content='tesseract 3.04.00' />
  <meta name='ocr-capabilities' content='ocr_page ocr_carea ocr_par ocr_line ocrx_word'/>
</head>
<body>
  <div class='ocr_page' id='page_1' title='image "./fragmentahistori04mueluoft_0439.png"; bbox 0 0 2372 3704; ppageno 0'>
   <div class='ocr_carea' id='block_1_1' title="bbox 549 223 1840 289">
    <p class='ocr_par' dir='ltr' id='par_1_1' title="bbox 549 223 1840 289">
     <span class='ocr_line' id='line_1_1' title="bbox 549 223 1840 289; baseline 0.004 -7"><span class='ocrx_word' id='word_1_1' title='bbox 549 223 795 289; x_wconf 65' lang='lat' dir='ltr'><strong>&#39;HERMAEL</strong></span> <span class='ocrx_word' id='word_1_2' title='bbox 825 240 1272 284; x_wconf 83' lang='lat' dir='ltr'>HERMESIANACTIS</span> <span class='ocrx_word' id='word_1_3' title='bbox 1301 244 1476 284; x_wconf 81' lang='lat' dir='ltr'><strong>CYPRu</strong></span> <span class='ocrx_word' id='word_1_4' title='bbox 1503 244 1840 288; x_wconf 87' lang='lat' dir='ltr'><strong>FRAGMENTA.</strong></span> 
     </span>
    </p>
   </div>
   <div class='ocr_carea' id='block_1_2' title="bbox 119 327 1169 559">
    <p class='ocr_par' dir='ltr' id='par_1_2' title="bbox 119 327 1169 559">
     <span class='ocr_line' id='line_1_2' title="bbox 123 327 1166 382; baseline -0.001 -14"><span class='ocrx_word' id='word_1_5' title='bbox 123 329 199 382; x_wconf 78' lang='grc' dir='ltr'>ρεὺς</span> <span class='ocrx_word' id='word_1_6' title='bbox 215 330 434 380; x_wconf 82' lang='grc' dir='ltr'>ἓνισταμενος</span> <span class='ocrx_word' id='word_1_7' title='bbox 453 327 546 381; x_wconf 81' lang='grc' dir='ltr'>λέγει</span> <span class='ocrx_word' id='word_1_8' title='bbox 566 329 626 368; x_wconf 78' lang='grc' dir='ltr'><strong>καὶ</strong></span> <span class='ocrx_word' id='word_1_9' title='bbox 646 332 822 381; x_wconf 84' lang='grc' dir='ltr'>Μεγαρεῖς</span> <span class='ocrx_word' id='word_1_10' title='bbox 838 327 923 382; x_wconf 84' lang='grc' dir='ltr'>πρὸς</span> <span class='ocrx_word' id='word_1_11' title='bbox 942 328 1095 382; x_wconf 83' lang='grc' dir='ltr'>ἑσπέραν</span> <span class='ocrx_word' id='word_1_12' title='bbox 1109 345 1166 367; x_wconf 85' lang='grc' dir='ltr'><strong>τε·</strong></span> 
     </span>
     <span class='ocr_line' id='line_1_3' title="bbox 120 386 1168 440; baseline 0 -14"><span class='ocrx_word' id='word_1_13' title='bbox 120 387 306 440; x_wconf 86' lang='grc' dir='ltr'>τραμμένα</span> <span class='ocrx_word' id='word_1_14' title='bbox 316 388 361 426; x_wconf 84' lang='grc' dir='ltr'><strong>τὰ</strong></span> <span class='ocrx_word' id='word_1_15' title='bbox 377 387 528 440; x_wconf 85' lang='grc' dir='ltr'>σώματα</span> <span class='ocrx_word' id='word_1_16' title='bbox 544 391 613 426; x_wconf 81' lang='grc' dir='ltr'><strong>τῶν</strong></span> <span class='ocrx_word' id='word_1_17' title='bbox 641 389 771 440; x_wconf 82' lang='grc' dir='ltr'>νεκρῶν</span> <span class='ocrx_word' id='word_1_18' title='bbox 790 386 941 425; x_wconf 82' lang='grc' dir='ltr'>τιθέναι·</span> <span class='ocrx_word' id='word_1_19' title='bbox 974 388 1035 426; x_wconf 77' lang='grc' dir='ltr'><strong>καὶ</strong></span> <span class='ocrx_word' id='word_1_20' title='bbox 1053 390 1168 439; x_wconf 86' lang='grc' dir='ltr'>μεῖζον</span> 
     </span>
     <span class='ocr_line' id='line_1_4' title="bbox 120 445 1169 499; baseline 0.001 -14"><span class='ocrx_word' id='word_1_21' title='bbox 120 445 171 485; x_wconf 84' lang='grc' dir='ltr'><strong>ἔτι</strong></span> <span class='ocrx_word' id='word_1_22' title='bbox 185 445 329 499; x_wconf 81' lang='grc' dir='ltr'>τούτου,</span> <span class='ocrx_word' id='word_1_23' title='bbox 353 447 436 499; x_wconf 88' lang='grc' dir='ltr'>μίαν</span> <span class='ocrx_word' id='word_1_24' title='bbox 457 446 603 485; x_wconf 81' lang='grc' dir='ltr'>ἕκαστον</span> <span class='ocrx_word' id='word_1_25' title='bbox 620 445 809 493; x_wconf 88' lang='grc' dir='ltr'>Ἀθηναίων</span> <span class='ocrx_word' id='word_1_26' title='bbox 824 445 917 499; x_wconf 73' lang='grc' dir='ltr'>ἔχειν</span> <span class='ocrx_word' id='word_1_27' title='bbox 936 446 1060 494; x_wconf 83' lang='grc' dir='ltr'>θήκην,</span> <span class='ocrx_word' id='word_1_28' title='bbox 1089 448 1169 486; x_wconf 85' lang='grc' dir='ltr'>Με-</span> 
     </span>
     <span class='ocr_line' id='line_1_5' title="bbox 119 505 1078 559; baseline 0.001 -15"><span class='ocrx_word' id='word_1_29' title='bbox 119 505 254 558; x_wconf 86' lang='grc' dir='ltr'>γαρέων</span> <span class='ocrx_word' id='word_1_30' title='bbox 271 506 307 544; x_wconf 81' lang='grc' dir='ltr'><strong>δὲ</strong></span> <span class='ocrx_word' id='word_1_31' title='bbox 328 506 389 545; x_wconf 80' lang='grc' dir='ltr'><strong>καὶ</strong></span> <span class='ocrx_word' id='word_1_32' title='bbox 407 506 498 559; x_wconf 86' lang='grc' dir='ltr'>τρεῖς</span> <span class='ocrx_word' id='word_1_33' title='bbox 517 505 578 545; x_wconf 73' lang='grc' dir='ltr'><strong>καὶ</strong></span> <span class='ocrx_word' id='word_1_34' title='bbox 594 506 767 558; x_wconf 86' lang='grc' dir='ltr'>τέσσαρας</span> <span class='ocrx_word' id='word_1_35' title='bbox 787 506 822 543; x_wconf 84' lang='grc' dir='ltr'>ἐν</span> <span class='ocrx_word' id='word_1_36' title='bbox 846 511 911 558; x_wconf 79' lang='grc' dir='ltr'><strong>μιᾷ</strong></span> <span class='ocrx_word' id='word_1_37' title='bbox 932 509 1078 545; x_wconf 87' lang='grc' dir='ltr'>κεῖσθαι.</span> 
     </span>
    </p>
   </div>
   <div class='ocr_carea' id='block_1_3' title="bbox 628 585 664 619">
    <p class='ocr_par' dir='ltr' id='par_1_3' title="bbox 628 585 664 619">
     <span class='ocr_line' id='line_1_6' title="bbox 628 585 664 619; baseline -0.028 0"><span class='ocrx_word' id='word_1_38' title='bbox 628 585 664 619; x_wconf 84' lang='grc'><strong>3.</strong></span> 
     </span>
    </p>
   </div>
   <div class='ocr_carea' id='block_1_4' title="bbox 117 655 1176 1479">
    <p class='ocr_par' dir='ltr' id='par_1_4' title="bbox 117 655 1175 1179">
     <span class='ocr_line' id='line_1_7' title="bbox 171 655 1172 708; baseline 0 -14"><span class='ocrx_word' id='word_1_39' title='bbox 171 657 282 694; x_wconf 87' lang='lat' dir='ltr'>Idem</span> <span class='ocrx_word' id='word_1_40' title='bbox 297 658 353 696; x_wconf 86' lang='lat' dir='ltr'><strong>ib.</strong></span> <span class='ocrx_word' id='word_1_41' title='bbox 372 671 404 695; x_wconf 94' lang='lat' dir='ltr'><strong>c.</strong></span> <span class='ocrx_word' id='word_1_42' title='bbox 425 658 473 695; x_wconf 80' lang='lat'><strong>32</strong></span> <span class='ocrx_word' id='word_1_43' title='bbox 510 670 519 696; x_wconf 89' lang='lat'>:</span> <span class='ocrx_word' id='word_1_44' title='bbox 548 655 731 699; x_wconf 81' lang='grc' dir='ltr'>Ἐλθόντες</span> <span class='ocrx_word' id='word_1_45' title='bbox 749 656 825 708; x_wconf 92' lang='lat' dir='ltr'><strong>(sc.</strong></span> <span class='ocrx_word' id='word_1_46' title='bbox 855 657 1079 706; x_wconf 81' lang='lat' dir='ltr'><strong>Tyndaridae</strong></span> <span class='ocrx_word' id='word_1_47' title='bbox 1100 659 1172 694; x_wconf 90' lang='lat' dir='ltr'><strong>He-</strong></span> 
     </span>
     <span class='ocr_line' id='line_1_8' title="bbox 119 709 1172 767; baseline 0.001 -15"><span class='ocrx_word' id='word_1_48' title='bbox 119 716 243 752; x_wconf 86' lang='lat' dir='ltr'><strong>lenam</strong></span> <span class='ocrx_word' id='word_1_49' title='bbox 272 716 499 766; x_wconf 79' lang='lat' dir='ltr'><strong>repetituri)</strong></span> <span class='ocrx_word' id='word_1_50' title='bbox 519 709 577 754; x_wconf 67' lang='grc' dir='ltr'><strong>οἶν</strong></span> <span class='ocrx_word' id='word_1_51' title='bbox 598 714 656 753; x_wconf 81' lang='grc' dir='ltr'><strong>ἐπὶ</strong></span> <span class='ocrx_word' id='word_1_52' title='bbox 687 714 748 758; x_wconf 82' lang='grc' dir='ltr'><strong>τὰς</strong></span> <span class='ocrx_word' id='word_1_53' title='bbox 784 713 944 767; x_wconf 82' lang='grc' dir='ltr'>Ἀφίδνας</span> <span class='ocrx_word' id='word_1_54' title='bbox 973 715 1033 753; x_wconf 84' lang='grc' dir='ltr'><strong>καὶ</strong></span> <span class='ocrx_word' id='word_1_55' title='bbox 1073 714 1172 767; x_wconf 85' lang='grc' dir='ltr'>μάχῃ</span> 
     </span>
     <span class='ocr_line' id='line_1_9' title="bbox 120 772 1174 826; baseline 0 -15"><span class='ocrx_word' id='word_1_56' title='bbox 120 773 362 826; x_wconf 80' lang='grc' dir='ltr'>κρατήσαντες</span> <span class='ocrx_word' id='word_1_57' title='bbox 390 773 518 818; x_wconf 82' lang='grc' dir='ltr'>ἐξεῖλον</span> <span class='ocrx_word' id='word_1_58' title='bbox 554 772 594 811; x_wconf 84' lang='grc' dir='ltr'><strong>τὸ</strong></span> <span class='ocrx_word' id='word_1_59' title='bbox 630 773 771 826; x_wconf 84' lang='grc' dir='ltr'>χωρίον.</span> <span class='ocrx_word' id='word_1_60' title='bbox 803 772 980 813; x_wconf 76' lang='grc' dir='ltr'>Ἐνταῧθά</span> <span class='ocrx_word' id='word_1_61' title='bbox 1001 789 1087 826; x_wconf 89' lang='grc' dir='ltr'>φασι</span> <span class='ocrx_word' id='word_1_62' title='bbox 1114 774 1174 812; x_wconf 84' lang='grc' dir='ltr'><strong>καὶ</strong></span> 
     </span>
     <span class='ocr_line' id='line_1_10' title="bbox 117 828 1173 887; baseline -0.001 -16"><span class='ocrx_word' id='word_1_63' title='bbox 117 828 265 871; x_wconf 79' lang='grc' dir='ltr'>Ἄλυκον</span> <span class='ocrx_word' id='word_1_64' title='bbox 293 838 411 871; x_wconf 86' lang='grc' dir='ltr'>πεσεῖν</span> <span class='ocrx_word' id='word_1_65' title='bbox 444 832 503 870; x_wconf 83' lang='grc' dir='ltr'><strong>τὸν</strong></span> <span class='ocrx_word' id='word_1_66' title='bbox 534 832 727 887; x_wconf 80' lang='grc' dir='ltr'>Σκείρωνος</span> <span class='ocrx_word' id='word_1_67' title='bbox 757 832 830 873; x_wconf 77' lang='grc' dir='ltr'>υἱὸν.</span> <span class='ocrx_word' id='word_1_68' title='bbox 854 833 1173 886; x_wconf 85' lang='grc' dir='ltr'>συστρατευόμενον</span> 
     </span>
     <span class='ocr_line' id='line_1_11' title="bbox 118 885 1175 945; baseline 0 -17"><span class='ocrx_word' id='word_1_69' title='bbox 118 890 197 929; x_wconf 82' lang='grc' dir='ltr'>τότε</span> <span class='ocrx_word' id='word_1_70' title='bbox 211 896 282 935; x_wconf 84' lang='grc' dir='ltr'>τοῖς</span> <span class='ocrx_word' id='word_1_71' title='bbox 302 891 541 945; x_wconf 87' lang='grc' dir='ltr'>Διοσκούροις·</span> <span class='ocrx_word' id='word_1_72' title='bbox 563 892 622 942; x_wconf 85' lang='grc' dir='ltr'><strong>ἀφ’</strong></span> <span class='ocrx_word' id='word_1_73' title='bbox 637 885 676 929; x_wconf 65' lang='grc' dir='ltr'>οἷ</span> <span class='ocrx_word' id='word_1_74' title='bbox 693 889 754 929; x_wconf 79' lang='grc' dir='ltr'><strong>καὶ</strong></span> <span class='ocrx_word' id='word_1_75' title='bbox 767 889 874 930; x_wconf 84' lang='grc' dir='ltr'>τόπον</span> <span class='ocrx_word' id='word_1_76' title='bbox 890 894 951 938; x_wconf 74' lang='grc' dir='ltr'><strong>τῆς</strong></span> <span class='ocrx_word' id='word_1_77' title='bbox 968 893 1175 944; x_wconf 77' lang='grc' dir='ltr'>Μεγαρικῆς</span> 
     </span>
     <span class='ocr_line' id='line_1_12' title="bbox 118 947 1175 1002; baseline -0.002 -14"><span class='ocrx_word' id='word_1_78' title='bbox 118 947 267 989; x_wconf 81' lang='grc' dir='ltr'>Ἄλυκον</span> <span class='ocrx_word' id='word_1_79' title='bbox 299 951 482 988; x_wconf 88' lang='grc' dir='ltr'>καλεῖσθαι</span> <span class='ocrx_word' id='word_1_80' title='bbox 515 953 574 988; x_wconf 76' lang='grc' dir='ltr'><strong>τοῦ</strong></span> <span class='ocrx_word' id='word_1_81' title='bbox 603 948 765 1000; x_wconf 83' lang='grc' dir='ltr'>σώματος</span> <span class='ocrx_word' id='word_1_82' title='bbox 797 948 1008 1002; x_wconf 80' lang='grc' dir='ltr'>ἐνταφέντος.</span> <span class='ocrx_word' id='word_1_83' title='bbox 1045 949 1175 999; x_wconf 83' lang='grc' dir='ltr'>Ἡρέας</span> 
     </span>
     <span class='ocr_line' id='line_1_13' title="bbox 118 1007 1174 1061; baseline 0.001 -16"><span class='ocrx_word' id='word_1_84' title='bbox 118 1007 148 1045; x_wconf 90' lang='grc' dir='ltr'><strong>δ’</strong></span> <span class='ocrx_word' id='word_1_85' title='bbox 168 1007 235 1046; x_wconf 80' lang='grc' dir='ltr'><strong>ὑπὸ</strong></span> <span class='ocrx_word' id='word_1_86' title='bbox 245 1007 395 1056; x_wconf 82' lang='grc' dir='ltr'>Θησέως</span> <span class='ocrx_word' id='word_1_87' title='bbox 410 1011 517 1047; x_wconf 79' lang='grc' dir='ltr'>αὐτοῦ</span> <span class='ocrx_word' id='word_1_88' title='bbox 531 1008 611 1061; x_wconf 79' lang='grc' dir='ltr'>περὶ</span> <span class='ocrx_word' id='word_1_89' title='bbox 625 1009 785 1061; x_wconf 83' lang='grc' dir='ltr'>Ἀφίδνας</span> <span class='ocrx_word' id='word_1_90' title='bbox 801 1009 985 1046; x_wconf 81' lang='grc' dir='ltr'>ἀποθανεῖν</span> <span class='ocrx_word' id='word_1_91' title='bbox 995 1008 1052 1046; x_wconf 81' lang='grc' dir='ltr'><strong>τὸν</strong></span> <span class='ocrx_word' id='word_1_92' title='bbox 1068 1008 1174 1047; x_wconf 86' lang='grc' dir='ltr'>Ἄλυ-</span> 
     </span>
     <span class='ocr_line' id='line_1_14' title="bbox 117 1066 1172 1121; baseline 0 -16"><span class='ocrx_word' id='word_1_93' title='bbox 117 1082 178 1105; x_wconf 85' lang='grc' dir='ltr'><strong>κον</strong></span> <span class='ocrx_word' id='word_1_94' title='bbox 206 1066 390 1119; x_wconf 85' lang='grc' dir='ltr'>ἱστόρηκε·</span> <span class='ocrx_word' id='word_1_95' title='bbox 418 1068 479 1106; x_wconf 72' lang='lat' dir='ltr'><strong>&gt;uzi</strong></span> <span class='ocrx_word' id='word_1_96' title='bbox 499 1066 677 1120; x_wconf 83' lang='grc' dir='ltr'>μαρτύρια</span> <span class='ocrx_word' id='word_1_97' title='bbox 699 1066 800 1105; x_wconf 80' lang='grc' dir='ltr'>ταυτὶ</span> <span class='ocrx_word' id='word_1_98' title='bbox 816 1066 860 1106; x_wconf 84' lang='grc' dir='ltr'><strong>τὰ</strong></span> <span class='ocrx_word' id='word_1_99' title='bbox 878 1066 946 1114; x_wconf 84' lang='grc' dir='ltr'>ἔπη</span> <span class='ocrx_word' id='word_1_100' title='bbox 976 1067 1172 1121; x_wconf 78' lang='grc' dir='ltr'>παρέχεται</span> 
     </span>
     <span class='ocr_line' id='line_1_15' title="bbox 117 1125 465 1179; baseline 0.003 -16"><span class='ocrx_word' id='word_1_101' title='bbox 117 1125 198 1179; x_wconf 86' lang='grc' dir='ltr'>περὶ</span> <span class='ocrx_word' id='word_1_102' title='bbox 217 1130 278 1164; x_wconf 80' lang='grc' dir='ltr'><strong>τοῦ</strong></span> <span class='ocrx_word' id='word_1_103' title='bbox 297 1125 443 1165; x_wconf 82' lang='grc' dir='ltr'>Ἀλύκου</span> <span class='ocrx_word' id='word_1_104' title='bbox 455 1141 465 1150; x_wconf 87' lang='grc'><em>·</em></span> 
     </span>
    </p>

    <p class='ocr_par' dir='ltr' id='par_1_5' title="bbox 205 1208 732 1250">
     <span class='ocr_line' id='line_1_16' title="bbox 205 1208 732 1250; baseline -0.002 -10"><span class='ocrx_word' id='word_1_105' title='bbox 205 1209 309 1240; x_wconf 91' lang='grc' dir='ltr'>....τὸν</span> <span class='ocrx_word' id='word_1_106' title='bbox 323 1209 354 1240; x_wconf 84' lang='grc' dir='ltr'>ἐν</span> <span class='ocrx_word' id='word_1_107' title='bbox 368 1208 526 1250; x_wconf 83' lang='grc' dir='ltr'>εὐρυχόρῳ</span> <span class='ocrx_word' id='word_1_108' title='bbox 539 1208 732 1249; x_wconf 79' lang='grc' dir='ltr'>ποτἈφίδνῃ</span> 
     </span>
    </p>

    <p class='ocr_par' dir='ltr' id='par_1_6' title="bbox 201 1255 928 1298">
     <span class='ocr_line' id='line_1_17' title="bbox 201 1255 928 1298; baseline 0 -11"><span class='ocrx_word' id='word_1_109' title='bbox 201 1256 394 1298; x_wconf 84' lang='grc' dir='ltr'>μαρνάμενον</span> <span class='ocrx_word' id='word_1_110' title='bbox 406 1257 528 1294; x_wconf 81' lang='grc' dir='ltr'>Θησεὺς</span> <span class='ocrx_word' id='word_1_111' title='bbox 543 1257 667 1294; x_wconf 82' lang='grc' dir='ltr'>Ἑλένης</span> <span class='ocrx_word' id='word_1_112' title='bbox 684 1255 762 1287; x_wconf 81' lang='grc' dir='ltr'>ἕνεκ’</span> <span class='ocrx_word' id='word_1_113' title='bbox 773 1255 928 1296; x_wconf 85' lang='grc' dir='ltr'>ἠϋκόμοιο</span> 
     </span>
    </p>

    <p class='ocr_par' dir='ltr' id='par_1_7' title="bbox 119 1307 1176 1479">
     <span class='ocr_line' id='line_1_18' title="bbox 201 1307 329 1335; baseline 0 0"><span class='ocrx_word' id='word_1_114' title='bbox 201 1307 329 1335; x_wconf 86' lang='grc' dir='ltr'>κτεῖνεν.</span> 
     </span>
     <span class='ocr_line' id='line_1_19' title="bbox 119 1365 1176 1421; baseline -0.001 -14"><span class='ocrx_word' id='word_1_115' title='bbox 119 1367 174 1407; x_wconf 62' lang='lat' dir='ltr'><strong>Oi}</strong></span> <span class='ocrx_word' id='word_1_116' title='bbox 191 1365 262 1418; x_wconf 87' lang='grc' dir='ltr'>μὴν</span> <span class='ocrx_word' id='word_1_117' title='bbox 283 1366 375 1411; x_wconf 81' lang='grc' dir='ltr'>εἰκὸς</span> <span class='ocrx_word' id='word_1_118' title='bbox 394 1366 543 1415; x_wconf 82' lang='grc' dir='ltr'>Θησέως</span> <span class='ocrx_word' id='word_1_119' title='bbox 561 1366 732 1421; x_wconf 82' lang='grc' dir='ltr'>παρόντος</span> <span class='ocrx_word' id='word_1_120' title='bbox 750 1366 884 1405; x_wconf 81' lang='grc' dir='ltr'>ἁλῶναι</span> <span class='ocrx_word' id='word_1_121' title='bbox 897 1365 961 1413; x_wconf 80' lang='grc' dir='ltr'><strong>τήν</strong></span> <span class='ocrx_word' id='word_1_122' title='bbox 982 1382 1018 1405; x_wconf 87' lang='grc' dir='ltr'><strong>τε</strong></span> <span class='ocrx_word' id='word_1_123' title='bbox 1039 1366 1176 1420; x_wconf 86' lang='grc' dir='ltr'>μητέρα</span> 
     </span>
     <span class='ocr_line' id='line_1_20' title="bbox 119 1425 440 1479; baseline 0.003 -15"><span class='ocrx_word' id='word_1_124' title='bbox 119 1426 179 1464; x_wconf 86' lang='grc' dir='ltr'><strong>καὶ</strong></span> <span class='ocrx_word' id='word_1_125' title='bbox 190 1426 253 1470; x_wconf 90' lang='grc' dir='ltr'><strong>τὰς</strong></span> <span class='ocrx_word' id='word_1_126' title='bbox 268 1425 440 1479; x_wconf 85' lang='grc' dir='ltr'>Ἀφίδνας.</span> 
     </span>
    </p>
   </div>
   <div class='ocr_carea' id='block_1_5' title="bbox 116 1552 1176 1900">
    <p class='ocr_par' dir='ltr' id='par_1_8' title="bbox 116 1552 1176 1725">
     <span class='ocr_line' id='line_1_21' title="bbox 170 1552 1174 1606; baseline 0 -14"><span class='ocrx_word' id='word_1_127' title='bbox 170 1556 299 1594; x_wconf 88' lang='lat' dir='ltr'><strong>Schol.</strong></span> <span class='ocrx_word' id='word_1_128' title='bbox 332 1556 462 1606; x_wconf 88' lang='lat' dir='ltr'><strong>Apoll.</strong></span> <span class='ocrx_word' id='word_1_129' title='bbox 482 1555 610 1593; x_wconf 87' lang='lat' dir='ltr'><strong>Rhod.</strong></span> <span class='ocrx_word' id='word_1_130' title='bbox 635 1557 678 1600; x_wconf 91' lang='grc' dir='ltr'>Ι,</span> <span class='ocrx_word' id='word_1_131' title='bbox 707 1567 783 1592; x_wconf 80' lang='lat'><strong>212</strong></span> <span class='ocrx_word' id='word_1_132' title='bbox 806 1566 816 1593; x_wconf 87' lang='lat'><strong>:</strong></span> <span class='ocrx_word' id='word_1_133' title='bbox 849 1552 1052 1606; x_wconf 88' lang='grc' dir='ltr'>Ἧσαγόρας</span> <span class='ocrx_word' id='word_1_134' title='bbox 1071 1553 1108 1592; x_wconf 80' lang='grc' dir='ltr'><strong>δὲ</strong></span> <span class='ocrx_word' id='word_1_135' title='bbox 1139 1556 1174 1592; x_wconf 84' lang='grc' dir='ltr'>ἐν</span> 
     </span>
     <span class='ocr_line' id='line_1_22' title="bbox 116 1611 1176 1664; baseline 0.001 -13"><span class='ocrx_word' id='word_1_136' title='bbox 116 1617 186 1656; x_wconf 86' lang='grc' dir='ltr'>τοῖς</span> <span class='ocrx_word' id='word_1_137' title='bbox 206 1614 420 1664; x_wconf 84' lang='grc' dir='ltr'>Μεγαρικοῖς</span> <span class='ocrx_word' id='word_1_138' title='bbox 440 1612 498 1650; x_wconf 84' lang='grc' dir='ltr'><strong>τὸν</strong></span> <span class='ocrx_word' id='word_1_139' title='bbox 524 1611 588 1659; x_wconf 81' lang='grc' dir='ltr'><strong>τὴν</strong></span> <span class='ocrx_word' id='word_1_140' title='bbox 618 1611 819 1664; x_wconf 86' lang='grc' dir='ltr'>Ὠρείθυιαν</span> <span class='ocrx_word' id='word_1_141' title='bbox 849 1611 1061 1664; x_wconf 86' lang='grc' dir='ltr'>ἁρπάσαντα</span> <span class='ocrx_word' id='word_1_142' title='bbox 1098 1614 1176 1652; x_wconf 87' lang='grc' dir='ltr'>Βο-</span> 
     </span>
     <span class='ocr_line' id='line_1_23' title="bbox 119 1670 1054 1725; baseline -0.001 -16"><span class='ocrx_word' id='word_1_143' title='bbox 119 1670 199 1725; x_wconf 84' lang='grc' dir='ltr'>ρέαν</span> <span class='ocrx_word' id='word_1_144' title='bbox 214 1671 285 1710; x_wconf 77' lang='grc' dir='ltr'>υἱὸν</span> <span class='ocrx_word' id='word_1_145' title='bbox 306 1670 506 1725; x_wconf 87' lang='grc' dir='ltr'>Στρυμόνος</span> <span class='ocrx_word' id='word_1_146' title='bbox 526 1671 648 1724; x_wconf 82' lang='grc' dir='ltr'>φησὶν,</span> <span class='ocrx_word' id='word_1_147' title='bbox 671 1670 748 1723; x_wconf 77' lang='grc' dir='ltr'>οὐχὶ</span> <span class='ocrx_word' id='word_1_148' title='bbox 764 1670 801 1709; x_wconf 81' lang='grc' dir='ltr'><strong>δὲ</strong></span> <span class='ocrx_word' id='word_1_149' title='bbox 819 1670 878 1709; x_wconf 81' lang='grc' dir='ltr'><strong>τὸν</strong></span> <span class='ocrx_word' id='word_1_150' title='bbox 899 1671 1054 1724; x_wconf 78' lang='grc' dir='ltr'>ἀνεψιόν.</span> 
     </span>
    </p>

    <p class='ocr_par' dir='ltr' id='par_1_9' title="bbox 116 1729 1175 1900">
     <span class='ocr_line' id='line_1_24' title="bbox 170 1729 1175 1783; baseline -0.001 -15"><span class='ocrx_word' id='word_1_151' title='bbox 170 1733 246 1768; x_wconf 89' lang='lat' dir='ltr'><strong>Pro</strong></span> <span class='ocrx_word' id='word_1_152' title='bbox 263 1729 465 1783; x_wconf 82' lang='grc' dir='ltr'>Ἦσαγόρας</span> <span class='ocrx_word' id='word_1_153' title='bbox 497 1731 586 1769; x_wconf 91' lang='lat' dir='ltr'><strong>cod.</strong></span> <span class='ocrx_word' id='word_1_154' title='bbox 609 1732 728 1770; x_wconf 86' lang='lat' dir='ltr'><strong>Paris.</strong></span> <span class='ocrx_word' id='word_1_155' title='bbox 763 1738 801 1767; x_wconf 85' lang='lat' dir='ltr'><strong>et</strong></span> <span class='ocrx_word' id='word_1_156' title='bbox 831 1731 1005 1767; x_wconf 84' lang='lat' dir='ltr'><strong>Eudocia</strong></span> <span class='ocrx_word' id='word_1_157' title='bbox 1023 1745 1065 1780; x_wconf 83' lang='lat' dir='ltr'><strong>p.</strong></span> <span class='ocrx_word' id='word_1_158' title='bbox 1098 1736 1175 1775; x_wconf 77' lang='lat'><strong>440</strong></span> 
     </span>
     <span class='ocr_line' id='line_1_25' title="bbox 117 1788 1174 1842; baseline 0.001 -16"><span class='ocrx_word' id='word_1_159' title='bbox 117 1791 300 1827; x_wconf 80' lang='lat' dir='ltr'>exhibent</span> <span class='ocrx_word' id='word_1_160' title='bbox 318 1788 533 1842; x_wconf 87' lang='grc' dir='ltr'>Ἥραγόρας.</span> <span class='ocrx_word' id='word_1_161' title='bbox 556 1792 768 1839; x_wconf 85' lang='lat' dir='ltr'><strong>Hesagoras</strong></span> <span class='ocrx_word' id='word_1_162' title='bbox 783 1797 838 1826; x_wconf 86' lang='lat' dir='ltr'><strong>est</strong></span> <span class='ocrx_word' id='word_1_163' title='bbox 857 1791 972 1826; x_wconf 85' lang='lat' dir='ltr'><strong>etiam</strong></span> <span class='ocrx_word' id='word_1_164' title='bbox 986 1790 1089 1839; x_wconf 86' lang='lat' dir='ltr'><strong>apud</strong></span> <span class='ocrx_word' id='word_1_165' title='bbox 1103 1791 1174 1827; x_wconf 91' lang='lat' dir='ltr'><strong>Co-</strong></span> 
     </span>
     <span class='ocr_line' id='line_1_26' title="bbox 116 1849 1146 1900; baseline 0.001 -15"><span class='ocrx_word' id='word_1_166' title='bbox 116 1850 198 1888; x_wconf 87' lang='lat' dir='ltr'><strong>mit.</strong></span> <span class='ocrx_word' id='word_1_167' title='bbox 222 1851 347 1886; x_wconf 88' lang='lat' dir='ltr'><strong>Natal.</strong></span> <span class='ocrx_word' id='word_1_168' title='bbox 367 1863 408 1900; x_wconf 87' lang='lat' dir='ltr'><strong>p.</strong></span> <span class='ocrx_word' id='word_1_169' title='bbox 430 1849 523 1897; x_wconf 79' lang='lat'><strong>874.</strong></span> <span class='ocrx_word' id='word_1_170' title='bbox 547 1850 643 1885; x_wconf 90' lang='lat' dir='ltr'>Mihi</span> <span class='ocrx_word' id='word_1_171' title='bbox 657 1850 799 1885; x_wconf 75' lang='lat' dir='ltr'><strong>Her-eas</strong></span> <span class='ocrx_word' id='word_1_172' title='bbox 811 1849 962 1886; x_wconf 83' lang='lat' dir='ltr'><strong>laudari</strong></span> <span class='ocrx_word' id='word_1_173' title='bbox 977 1849 1146 1888; x_wconf 87' lang='lat' dir='ltr'><strong>videtur.</strong></span> 
     </span>
    </p>
   </div>
   <div class='ocr_carea' id='block_1_6' title="bbox 539 1961 757 1977">
    <p class='ocr_par' dir='ltr' id='par_1_10' title="bbox 539 1961 757 1977">
     <span class='ocr_line' id='line_1_27' title="bbox 539 1961 757 1977; baseline 0 1727"><span class='ocrx_word' id='word_1_174' title='bbox 539 1961 757 1977; x_wconf 95' lang='lat' dir='ltr'><strong> </strong></span> 
     </span>
    </p>
   </div>
   <div class='ocr_carea' id='block_1_7' title="bbox 225 2080 1066 2237">
    <p class='ocr_par' dir='ltr' id='par_1_11' title="bbox 225 2080 1066 2237">
     <span class='ocr_line' id='line_1_28' title="bbox 225 2080 1066 2150; baseline 0.002 -10"><span class='ocrx_word' id='word_1_175' title='bbox 225 2085 597 2144; x_wconf 87' lang='lat' dir='ltr'>HERMAEUS</span> <span class='ocrx_word' id='word_1_176' title='bbox 637 2080 1016 2148; x_wconf 87' lang='lat' dir='ltr'>(HERMEAS</span> <span class='ocrx_word' id='word_1_177' title='bbox 1029 2081 1066 2150; x_wconf 87' lang='lat'><strong>).</strong></span> 
     </span>
     <span class='ocr_line' id='line_1_29' title="bbox 421 2199 871 2237; baseline 0 0"><span class='ocrx_word' id='word_1_178' title='bbox 421 2199 544 2237; x_wconf 76' lang='grc' dir='ltr'>ΠΕΡΙ</span> <span class='ocrx_word' id='word_1_179' title='bbox 574 2199 871 2237; x_wconf 76' lang='grc' dir='ltr'>ΑΙΓΥΠΤΙΩΝ.</span> 
     </span>
    </p>
   </div>
   <div class='ocr_carea' id='block_1_8' title="bbox 117 2289 1174 2402">
    <p class='ocr_par' dir='ltr' id='par_1_12' title="bbox 117 2289 1174 2402">
     <span class='ocr_line' id='line_1_30' title="bbox 171 2289 1174 2342; baseline 0.003 -16"><span class='ocrx_word' id='word_1_180' title='bbox 171 2289 363 2329; x_wconf 80' lang='lat' dir='ltr'><strong>Plutarch.</strong></span> <span class='ocrx_word' id='word_1_181' title='bbox 383 2293 441 2327; x_wconf 89' lang='lat' dir='ltr'><strong>De</strong></span> <span class='ocrx_word' id='word_1_182' title='bbox 454 2293 502 2327; x_wconf 91' lang='lat' dir='ltr'><strong>Is.</strong></span> <span class='ocrx_word' id='word_1_183' title='bbox 523 2298 561 2327; x_wconf 88' lang='lat' dir='ltr'><strong>et</strong></span> <span class='ocrx_word' id='word_1_184' title='bbox 586 2292 684 2329; x_wconf 85' lang='lat' dir='ltr'><strong>Osir.</strong></span> <span class='ocrx_word' id='word_1_185' title='bbox 704 2304 739 2329; x_wconf 83' lang='lat' dir='ltr'><strong>e.</strong></span> <span class='ocrx_word' id='word_1_186' title='bbox 761 2291 806 2338; x_wconf 84' lang='lat'><strong>37</strong></span> <span class='ocrx_word' id='word_1_187' title='bbox 834 2304 842 2327; x_wconf 89' lang='lat'>:</span> <span class='ocrx_word' id='word_1_188' title='bbox 867 2289 1035 2342; x_wconf 85' lang='grc' dir='ltr'>Ἀρίστων</span> <span class='ocrx_word' id='word_1_189' title='bbox 1060 2291 1174 2329; x_wconf 88' lang='grc' dir='ltr'>τοίνυν</span> 
     </span>
     <span class='ocr_line' id='line_1_31' title="bbox 117 2345 1174 2402; baseline 0.003 -18"><span class='ocrx_word' id='word_1_190' title='bbox 117 2349 136 2384; x_wconf 99' lang='lat'>6</span> <span class='ocrx_word' id='word_1_191' title='bbox 151 2345 333 2399; x_wconf 88' lang='grc' dir='ltr'>γεγραφὼς</span> <span class='ocrx_word' id='word_1_192' title='bbox 353 2346 541 2393; x_wconf 79' lang='grc' dir='ltr'>Ἀθηναίων</span> <span class='ocrx_word' id='word_1_193' title='bbox 561 2348 725 2387; x_wconf 88' lang='grc' dir='ltr'>ἀποικίαν</span> <span class='ocrx_word' id='word_1_194' title='bbox 740 2350 906 2401; x_wconf 81' lang='grc' dir='ltr'>ἐπιστολῇ</span> <span class='ocrx_word' id='word_1_195' title='bbox 926 2365 992 2387; x_wconf 91' lang='grc' dir='ltr'>τινι</span> <span class='ocrx_word' id='word_1_196' title='bbox 1013 2349 1174 2402; x_wconf 80' lang='grc' dir='ltr'>Ἀλεξάρ-</span> 
     </span>
    </p>
   </div>
   <div class='ocr_carea' id='block_1_9' title="bbox 2203 251 2277 291">
    <p class='ocr_par' dir='ltr' id='par_1_13' title="bbox 2203 251 2277 291">
     <span class='ocr_line' id='line_1_32' title="bbox 2203 251 2277 291; baseline 0 0"><span class='ocrx_word' id='word_1_197' title='bbox 2203 251 2277 291; x_wconf 73' lang='lat'><strong>42⁴1</strong></span> 
     </span>
    </p>
   </div>
   <div class='ocr_carea' id='block_1_10' title="bbox 1233 330 2291 1496">
    <p class='ocr_par' dir='ltr' id='par_1_14' title="bbox 1233 330 2285 562">
     <span class='ocr_line' id='line_1_33' title="bbox 1237 330 2283 386; baseline 0.008 -17"><span class='ocrx_word' id='word_1_198' title='bbox 1237 330 1349 384; x_wconf 85' lang='grc' dir='ltr'>σαφὴς</span> <span class='ocrx_word' id='word_1_199' title='bbox 1367 332 1421 383; x_wconf 81' lang='grc' dir='ltr'>(ἐν</span> <span class='ocrx_word' id='word_1_200' title='bbox 1442 334 1492 385; x_wconf 81' lang='grc' dir='ltr'><strong>τῷ</strong></span> <span class='ocrx_word' id='word_1_201' title='bbox 1509 332 1603 385; x_wconf 85' lang='grc' dir='ltr'>ἄλφα</span> <span class='ocrx_word' id='word_1_202' title='bbox 1619 332 1826 385; x_wconf 81' lang='grc' dir='ltr'>γράμματι)</span> <span class='ocrx_word' id='word_1_203' title='bbox 1851 334 2035 386; x_wconf 85' lang='grc' dir='ltr'>λέγεσθαι,</span> <span class='ocrx_word' id='word_1_204' title='bbox 2050 338 2232 384; x_wconf 76' lang='grc' dir='ltr'>δηλοῦντος</span> <span class='ocrx_word' id='word_1_205' title='bbox 2244 338 2283 377; x_wconf 83' lang='grc' dir='ltr'><strong>τὸ</strong></span> 
     </span>
     <span class='ocr_line' id='line_1_34' title="bbox 1234 390 2284 450; baseline 0.01 -23"><span class='ocrx_word' id='word_1_206' title='bbox 1234 392 1390 443; x_wconf 81' lang='grc' dir='ltr'>ἀνδρεῖον</span> <span class='ocrx_word' id='word_1_207' title='bbox 1408 395 1468 429; x_wconf 84' lang='grc' dir='ltr'><strong>τοῦ</strong></span> <span class='ocrx_word' id='word_1_208' title='bbox 1490 390 1671 442; x_wconf 84' lang='grc' dir='ltr'>ὀνόματος.</span> <span class='ocrx_word' id='word_1_209' title='bbox 1695 392 1883 445; x_wconf 81' lang='grc' dir='ltr'>Ἔμφαίνει</span> <span class='ocrx_word' id='word_1_210' title='bbox 1903 392 1938 431; x_wconf 81' lang='grc' dir='ltr'><strong>δὲ</strong></span> <span class='ocrx_word' id='word_1_211' title='bbox 1959 399 2060 434; x_wconf 80' lang='grc' dir='ltr'>τοῦτο</span> <span class='ocrx_word' id='word_1_212' title='bbox 2078 396 2138 434; x_wconf 82' lang='grc' dir='ltr'><strong>καὶ</strong></span> <span class='ocrx_word' id='word_1_213' title='bbox 2159 400 2177 435; x_wconf 83' lang='grc' dir='ltr'><em>ὃ</em></span> <span class='ocrx_word' id='word_1_214' title='bbox 2197 397 2284 450; x_wconf 84' lang='grc' dir='ltr'><strong>Ἕρ-</strong></span> 
     </span>
     <span class='ocr_line' id='line_1_35' title="bbox 1234 449 2285 509; baseline 0.009 -23"><span class='ocrx_word' id='word_1_215' title='bbox 1234 454 1335 498; x_wconf 86' lang='grc' dir='ltr'><strong>μαῖος</strong></span> <span class='ocrx_word' id='word_1_216' title='bbox 1375 450 1410 488; x_wconf 82' lang='grc' dir='ltr'>ἐν</span> <span class='ocrx_word' id='word_1_217' title='bbox 1433 452 1477 502; x_wconf 81' lang='grc' dir='ltr'><strong>τῇ</strong></span> <span class='ocrx_word' id='word_1_218' title='bbox 1496 449 1619 502; x_wconf 84' lang='grc' dir='ltr'>πρώτῃ</span> <span class='ocrx_word' id='word_1_219' title='bbox 1655 449 1746 500; x_wconf 76' lang='grc' dir='ltr'>Περὶ</span> <span class='ocrx_word' id='word_1_220' title='bbox 1782 452 2005 502; x_wconf 82' lang='grc' dir='ltr'>Αἰγυπτίων·</span> <span class='ocrx_word' id='word_1_221' title='bbox 2026 453 2198 507; x_wconf 74' lang='grc' dir='ltr'>ὄμὸριμον</span> <span class='ocrx_word' id='word_1_222' title='bbox 2217 456 2285 509; x_wconf 92' lang='grc' dir='ltr'>γάρ</span> 
     </span>
     <span class='ocr_line' id='line_1_36' title="bbox 1233 501 2034 562; baseline 0.005 -17"><span class='ocrx_word' id='word_1_223' title='bbox 1233 523 1318 560; x_wconf 88' lang='grc' dir='ltr'>φησι</span> <span class='ocrx_word' id='word_1_224' title='bbox 1339 508 1681 560; x_wconf 87' lang='grc' dir='ltr'>μεθερμηνευόμενον</span> <span class='ocrx_word' id='word_1_225' title='bbox 1697 501 1785 546; x_wconf 65' lang='grc' dir='ltr'>εἶναι</span> <span class='ocrx_word' id='word_1_226' title='bbox 1804 509 1862 547; x_wconf 83' lang='grc' dir='ltr'><strong>τὸν</strong></span> <span class='ocrx_word' id='word_1_227' title='bbox 1879 507 2034 562; x_wconf 86' lang='grc' dir='ltr'>Ὄσιριν.</span> 
     </span>
    </p>

    <p class='ocr_par' dir='ltr' id='par_1_15' title="bbox 1233 565 2289 797">
     <span class='ocr_line' id='line_1_37' title="bbox 1286 565 2287 621; baseline 0.006 -17"><span class='ocrx_word' id='word_1_228' title='bbox 1286 569 1393 604; x_wconf 84' lang='lat' dir='ltr'>Idem</span> <span class='ocrx_word' id='word_1_229' title='bbox 1412 569 1508 606; x_wconf 89' lang='lat' dir='ltr'><strong>ibid.</strong></span> <span class='ocrx_word' id='word_1_230' title='bbox 1532 582 1566 606; x_wconf 93' lang='lat' dir='ltr'><strong>c.</strong></span> <span class='ocrx_word' id='word_1_231' title='bbox 1589 573 1651 612; x_wconf 77' lang='lat'><strong>42.</strong></span> <span class='ocrx_word' id='word_1_232' title='bbox 1671 566 1717 606; x_wconf 86' lang='lat' dir='ltr'><strong>‘O</strong></span> <span class='ocrx_word' id='word_1_233' title='bbox 1730 566 1798 620; x_wconf 81' lang='grc' dir='ltr'>γὰρ</span> <span class='ocrx_word' id='word_1_234' title='bbox 1824 565 1966 621; x_wconf 87' lang='grc' dir='ltr'>Ὄσιρις</span> <span class='ocrx_word' id='word_1_235' title='bbox 1987 571 2210 621; x_wconf 83' lang='grc' dir='ltr'>ἀγαθοποιὸς,</span> <span class='ocrx_word' id='word_1_236' title='bbox 2225 572 2287 610; x_wconf 86' lang='grc' dir='ltr'><strong>καὶ</strong></span> 
     </span>
     <span class='ocr_line' id='line_1_38' title="bbox 1233 624 2286 680; baseline 0.004 -17"><span class='ocrx_word' id='word_1_237' title='bbox 1233 624 1386 676; x_wconf 84' lang='grc' dir='ltr'>τοῦνομα</span> <span class='ocrx_word' id='word_1_238' title='bbox 1406 625 1522 664; x_wconf 86' lang='grc' dir='ltr'>πολλὰ</span> <span class='ocrx_word' id='word_1_239' title='bbox 1545 625 1688 679; x_wconf 85' lang='grc' dir='ltr'>φράζει,</span> <span class='ocrx_word' id='word_1_240' title='bbox 1706 627 1771 678; x_wconf 84' lang='grc' dir='ltr'>οὐχ</span> <span class='ocrx_word' id='word_1_241' title='bbox 1785 625 1913 673; x_wconf 82' lang='grc' dir='ltr'>ἥκιστα</span> <span class='ocrx_word' id='word_1_242' title='bbox 1938 626 1973 664; x_wconf 83' lang='grc' dir='ltr'><strong>δὲ</strong></span> <span class='ocrx_word' id='word_1_243' title='bbox 1993 626 2116 679; x_wconf 88' lang='grc' dir='ltr'>κράτος</span> <span class='ocrx_word' id='word_1_244' title='bbox 2128 629 2286 680; x_wconf 78' lang='grc' dir='ltr'>ἐνεργοῦν</span> 
     </span>
     <span class='ocr_line' id='line_1_39' title="bbox 1234 682 2287 737; baseline 0.002 -15"><span class='ocrx_word' id='word_1_245' title='bbox 1234 684 1293 722; x_wconf 75' lang='grc' dir='ltr'><strong>καὶ</strong></span> <span class='ocrx_word' id='word_1_246' title='bbox 1314 684 1539 735; x_wconf 81' lang='grc' dir='ltr'>ἀγαθοποιὸν,</span> <span class='ocrx_word' id='word_1_247' title='bbox 1559 683 1577 722; x_wconf 82' lang='grc' dir='ltr'>ὃ</span> <span class='ocrx_word' id='word_1_248' title='bbox 1592 682 1748 735; x_wconf 87' lang='grc' dir='ltr'>λέγουσι.</span> <span class='ocrx_word' id='word_1_249' title='bbox 1765 684 1819 723; x_wconf 85' lang='grc' dir='ltr'><strong>Τὸ</strong></span> <span class='ocrx_word' id='word_1_250' title='bbox 1832 686 1863 722; x_wconf 86' lang='grc' dir='ltr'><strong>δ’</strong></span> <span class='ocrx_word' id='word_1_251' title='bbox 1876 684 1991 737; x_wconf 78' lang='grc' dir='ltr'>ἕτερον</span> <span class='ocrx_word' id='word_1_252' title='bbox 2007 684 2117 735; x_wconf 82' lang='grc' dir='ltr'>ὄνομα</span> <span class='ocrx_word' id='word_1_253' title='bbox 2133 690 2192 724; x_wconf 78' lang='grc' dir='ltr'><strong>τοῦ</strong></span> <span class='ocrx_word' id='word_1_254' title='bbox 2209 690 2287 725; x_wconf 75' lang='grc' dir='ltr'>θεοῦ</span> 
     </span>
     <span class='ocr_line' id='line_1_40' title="bbox 1234 739 2289 797; baseline 0.001 -16"><span class='ocrx_word' id='word_1_255' title='bbox 1234 742 1292 781; x_wconf 85' lang='grc' dir='ltr'><strong>τὸν</strong></span> <span class='ocrx_word' id='word_1_256' title='bbox 1311 739 1449 797; x_wconf 88' lang='grc' dir='ltr'>Ὄμφιν</span> <span class='ocrx_word' id='word_1_257' title='bbox 1468 742 1652 797; x_wconf 78' lang='grc' dir='ltr'>εὐεργέτην</span> <span class='ocrx_word' id='word_1_258' title='bbox 1670 745 1688 781; x_wconf 89' lang='lat'>6</span> <span class='ocrx_word' id='word_1_259' title='bbox 1707 742 1877 797; x_wconf 83' lang='grc' dir='ltr'>Ἑρμαῖός</span> <span class='ocrx_word' id='word_1_260' title='bbox 1902 758 2007 796; x_wconf 86' lang='grc' dir='ltr'>φησιν</span> <span class='ocrx_word' id='word_1_261' title='bbox 2034 743 2158 791; x_wconf 74' lang='grc' dir='ltr'>δηλοῦν</span> <span class='ocrx_word' id='word_1_262' title='bbox 2180 746 2289 797; x_wconf 82' lang='grc' dir='ltr'>ἑρμη-</span> 
     </span>
    </p>

    <p class='ocr_par' dir='ltr' id='par_1_16' title="bbox 1236 802 1430 852">
     <span class='ocr_line' id='line_1_41' title="bbox 1304 802 1313 816; baseline 0 0"><span class='ocrx_word' id='word_1_263' title='bbox 1304 802 1313 816; x_wconf 83' lang='grc' dir='ltr'><strong><em>Ι</em></strong></span> 
     </span>
     <span class='ocr_line' id='line_1_42' title="bbox 1236 818 1430 852; baseline 0.005 -12"><span class='ocrx_word' id='word_1_264' title='bbox 1236 818 1430 852; x_wconf 84' lang='grc' dir='ltr'>νευομενον.</span> 
     </span>
    </p>

    <p class='ocr_par' dir='ltr' id='par_1_17' title="bbox 1235 854 2291 1496">
     <span class='ocr_line' id='line_1_43' title="bbox 1289 854 2291 910; baseline -0.001 -15"><span class='ocrx_word' id='word_1_265' title='bbox 1289 854 1482 910; x_wconf 81' lang='grc' dir='ltr'>Ἑρμαῖος]</span> <span class='ocrx_word' id='word_1_266' title='bbox 1500 858 1552 894; x_wconf 89' lang='lat' dir='ltr'><strong>sic</strong></span> <span class='ocrx_word' id='word_1_267' title='bbox 1570 857 1744 902; x_wconf 85' lang='lat' dir='ltr'><strong>codices,</strong></span> <span class='ocrx_word' id='word_1_268' title='bbox 1776 857 1836 892; x_wconf 88' lang='lat' dir='ltr'><strong>uti</strong></span> <span class='ocrx_word' id='word_1_269' title='bbox 1861 856 2030 894; x_wconf 90' lang='lat' dir='ltr'><strong>videtur.</strong></span> <span class='ocrx_word' id='word_1_270' title='bbox 2060 857 2143 894; x_wconf 91' lang='lat' dir='ltr'><strong>Sec.</strong></span> <span class='ocrx_word' id='word_1_271' title='bbox 2171 858 2291 894; x_wconf 85' lang='lat' dir='ltr'><strong>Arca-</strong></span> 
     </span>
     <span class='ocr_line' id='line_1_44' title="bbox 1237 913 2287 966; baseline 0.002 -14"><span class='ocrx_word' id='word_1_272' title='bbox 1237 916 1343 952; x_wconf 89' lang='lat' dir='ltr'><strong>dium</strong></span> <span class='ocrx_word' id='word_1_273' title='bbox 1358 919 1415 953; x_wconf 91' lang='lat' dir='ltr'><strong>De</strong></span> <span class='ocrx_word' id='word_1_274' title='bbox 1431 930 1509 955; x_wconf 84' lang='lat' dir='ltr'><strong>acc,</strong></span> <span class='ocrx_word' id='word_1_275' title='bbox 1529 930 1571 966; x_wconf 87' lang='lat' dir='ltr'><strong>p.</strong></span> <span class='ocrx_word' id='word_1_276' title='bbox 1593 917 1658 962; x_wconf 70' lang='lat'><strong>43,</strong></span> <span class='ocrx_word' id='word_1_277' title='bbox 1680 916 1702 952; x_wconf 92' lang='grc'><strong>8</strong></span> <span class='ocrx_word' id='word_1_278' title='bbox 1717 916 1963 953; x_wconf 85' lang='lat' dir='ltr'><strong>scribendum</strong></span> <span class='ocrx_word' id='word_1_279' title='bbox 1987 916 2086 952; x_wconf 84' lang='lat' dir='ltr'><strong>foret</strong></span> <span class='ocrx_word' id='word_1_280' title='bbox 2101 913 2287 966; x_wconf 52' lang='lat' dir='ltr'><strong>‘&#39;Epimtoc.</strong></span> 
     </span>
     <span class='ocr_line' id='line_1_45' title="bbox 1235 974 2291 1024; baseline 0 -13"><span class='ocrx_word' id='word_1_281' title='bbox 1235 977 1279 1012; x_wconf 92' lang='lat' dir='ltr'><strong>V.</strong></span> <span class='ocrx_word' id='word_1_282' title='bbox 1300 976 1431 1024; x_wconf 87' lang='lat' dir='ltr'><strong>Steph.</strong></span> <span class='ocrx_word' id='word_1_283' title='bbox 1450 975 1560 1010; x_wconf 87' lang='lat' dir='ltr'><strong>Thes.</strong></span> <span class='ocrx_word' id='word_1_284' title='bbox 1581 988 1608 1011; x_wconf 91' lang='lat' dir='ltr'><strong>s.</strong></span> <span class='ocrx_word' id='word_1_285' title='bbox 1626 987 1679 1021; x_wconf 82' lang='lat' dir='ltr'><strong>v.,</strong></span> <span class='ocrx_word' id='word_1_286' title='bbox 1691 975 1758 1011; x_wconf 90' lang='lat' dir='ltr'><strong>ubi</strong></span> <span class='ocrx_word' id='word_1_287' title='bbox 1772 975 1866 1011; x_wconf 81' lang='lat' dir='ltr'><strong>alios</strong></span> <span class='ocrx_word' id='word_1_288' title='bbox 1880 974 1991 1022; x_wconf 91' lang='lat' dir='ltr'><strong>hujus</strong></span> <span class='ocrx_word' id='word_1_289' title='bbox 2009 975 2174 1011; x_wconf 88' lang='lat' dir='ltr'><strong>nominis</strong></span> <span class='ocrx_word' id='word_1_290' title='bbox 2190 976 2291 1011; x_wconf 87' lang='lat' dir='ltr'><strong>viros</strong></span> 
     </span>
     <span class='ocr_line' id='line_1_46' title="bbox 1236 1031 2290 1084; baseline -0.001 -14"><span class='ocrx_word' id='word_1_291' title='bbox 1236 1035 1377 1070; x_wconf 87' lang='lat' dir='ltr'><strong>excitat</strong></span> <span class='ocrx_word' id='word_1_292' title='bbox 1406 1033 1641 1070; x_wconf 79' lang='lat' dir='ltr'><strong>Dindorfius.</strong></span> <span class='ocrx_word' id='word_1_293' title='bbox 1666 1031 1854 1084; x_wconf 83' lang='grc' dir='ltr'>Ἑρμείας,</span> <span class='ocrx_word' id='word_1_294' title='bbox 1884 1034 1951 1081; x_wconf 87' lang='lat' dir='ltr'><strong>qui</strong></span> <span class='ocrx_word' id='word_1_295' title='bbox 1981 1041 2104 1070; x_wconf 88' lang='lat' dir='ltr'><strong>metro</strong></span> <span class='ocrx_word' id='word_1_296' title='bbox 2122 1034 2290 1070; x_wconf 85' lang='lat' dir='ltr'><strong>iambico</strong></span> 
     </span>
     <span class='ocr_line' id='line_1_47' title="bbox 1235 1090 2291 1145; baseline 0 -15"><span class='ocrx_word' id='word_1_297' title='bbox 1235 1091 1279 1130; x_wconf 87' lang='grc' dir='ltr'><strong>τὰ</strong></span> <span class='ocrx_word' id='word_1_298' title='bbox 1299 1091 1431 1144; x_wconf 88' lang='grc' dir='ltr'>πάτρια</span> <span class='ocrx_word' id='word_1_299' title='bbox 1452 1091 1722 1145; x_wconf 81' lang='grc' dir='ltr'>Ἑρμουπόλεώς</span> <span class='ocrx_word' id='word_1_300' title='bbox 1749 1107 1786 1129; x_wconf 89' lang='grc' dir='ltr'><strong>τε</strong></span> <span class='ocrx_word' id='word_1_301' title='bbox 1803 1092 1863 1129; x_wconf 82' lang='grc' dir='ltr'><strong>καὶ</strong></span> <span class='ocrx_word' id='word_1_302' title='bbox 1881 1091 1971 1129; x_wconf 82' lang='grc' dir='ltr'>ἄλλα</span> <span class='ocrx_word' id='word_1_303' title='bbox 1994 1090 2073 1130; x_wconf 81' lang='grc' dir='ltr'>τινὰ</span> <span class='ocrx_word' id='word_1_304' title='bbox 2097 1094 2291 1142; x_wconf 85' lang='lat' dir='ltr'><strong>scripsisse</strong></span> 
     </span>
     <span class='ocr_line' id='line_1_48' title="bbox 1237 1152 2289 1202; baseline -0.003 -12"><span class='ocrx_word' id='word_1_305' title='bbox 1237 1154 1396 1200; x_wconf 89' lang='lat' dir='ltr'><strong>dicitur,</strong></span> <span class='ocrx_word' id='word_1_306' title='bbox 1438 1153 1618 1189; x_wconf 87' lang='lat' dir='ltr'><strong>laudatur</strong></span> <span class='ocrx_word' id='word_1_307' title='bbox 1655 1165 1718 1202; x_wconf 92' lang='lat' dir='ltr'><strong>ap.</strong></span> <span class='ocrx_word' id='word_1_308' title='bbox 1763 1153 1876 1188; x_wconf 90' lang='lat' dir='ltr'><strong>Phot.</strong></span> <span class='ocrx_word' id='word_1_309' title='bbox 1923 1152 2022 1190; x_wconf 89' lang='lat' dir='ltr'><strong>Bibl.</strong></span> <span class='ocrx_word' id='word_1_310' title='bbox 2062 1152 2151 1190; x_wconf 89' lang='lat' dir='ltr'><strong>cod.</strong></span> <span class='ocrx_word' id='word_1_311' title='bbox 2193 1164 2289 1200; x_wconf 84' lang='lat'><strong>279,</strong></span> 
     </span>
     <span class='ocr_line' id='line_1_49' title="bbox 1235 1211 2291 1260; baseline -0.002 -12"><span class='ocrx_word' id='word_1_312' title='bbox 1235 1225 1276 1260; x_wconf 90' lang='lat' dir='ltr'><strong>p.</strong></span> <span class='ocrx_word' id='word_1_313' title='bbox 1298 1211 1392 1257; x_wconf 84' lang='lat'><strong>536,</strong></span> <span class='ocrx_word' id='word_1_314' title='bbox 1406 1225 1445 1258; x_wconf 86' lang='lat' dir='ltr'><strong>a,</strong></span> <span class='ocrx_word' id='word_1_315' title='bbox 1462 1224 1486 1260; x_wconf 89' lang='lat'>9</span> <span class='ocrx_word' id='word_1_316' title='bbox 1501 1212 1561 1249; x_wconf 91' lang='lat' dir='ltr'><strong>ed.</strong></span> <span class='ocrx_word' id='word_1_317' title='bbox 1580 1211 1740 1249; x_wconf 82' lang='lat' dir='ltr'><strong>Bekker.</strong></span> <span class='ocrx_word' id='word_1_318' title='bbox 1760 1213 1934 1247; x_wconf 84' lang='lat' dir='ltr'>Fortasse</span> <span class='ocrx_word' id='word_1_319' title='bbox 1954 1212 2125 1247; x_wconf 87' lang='lat' dir='ltr'><strong>Hermias</strong></span> <span class='ocrx_word' id='word_1_320' title='bbox 2141 1211 2202 1246; x_wconf 91' lang='lat' dir='ltr'><strong>hic</strong></span> <span class='ocrx_word' id='word_1_321' title='bbox 2219 1211 2291 1246; x_wconf 88' lang='lat' dir='ltr'><strong>fuit</strong></span> 
     </span>
     <span class='ocr_line' id='line_1_50' title="bbox 1235 1270 2287 1320; baseline -0.002 -13"><span class='ocrx_word' id='word_1_322' title='bbox 1235 1279 1346 1320; x_wconf 88' lang='lat' dir='ltr'><strong>pater</strong></span> <span class='ocrx_word' id='word_1_323' title='bbox 1360 1271 1561 1307; x_wconf 86' lang='lat' dir='ltr'>Nicanoris</span> <span class='ocrx_word' id='word_1_324' title='bbox 1585 1270 1833 1306; x_wconf 83' lang='lat' dir='ltr'><strong>Alexandrini</strong></span> <span class='ocrx_word' id='word_1_325' title='bbox 1853 1272 2115 1320; x_wconf 78' lang='lat' dir='ltr'>grammatici,</span> <span class='ocrx_word' id='word_1_326' title='bbox 2141 1271 2209 1319; x_wconf 89' lang='lat' dir='ltr'><strong>qui</strong></span> <span class='ocrx_word' id='word_1_327' title='bbox 2239 1270 2287 1306; x_wconf 92' lang='lat' dir='ltr'><strong>de</strong></span> 
     </span>
     <span class='ocr_line' id='line_1_51' title="bbox 1237 1327 2288 1378; baseline -0.002 -12"><span class='ocrx_word' id='word_1_328' title='bbox 1237 1329 1459 1366; x_wconf 85' lang='lat' dir='ltr'><strong>Alexandro</strong></span> <span class='ocrx_word' id='word_1_329' title='bbox 1491 1330 1656 1378; x_wconf 82' lang='lat' dir='ltr'><strong>scripsit.</strong></span> <span class='ocrx_word' id='word_1_330' title='bbox 1688 1329 1803 1376; x_wconf 89' lang='lat' dir='ltr'><strong>Quod</strong></span> <span class='ocrx_word' id='word_1_331' title='bbox 1834 1331 1866 1365; x_wconf 89' lang='lat' dir='ltr'><strong>si</strong></span> <span class='ocrx_word' id='word_1_332' title='bbox 1900 1337 1976 1375; x_wconf 89' lang='lat' dir='ltr'><strong>est,</strong></span> <span class='ocrx_word' id='word_1_333' title='bbox 1999 1330 2046 1366; x_wconf 90' lang='lat' dir='ltr'><strong>de</strong></span> <span class='ocrx_word' id='word_1_334' title='bbox 2070 1336 2175 1366; x_wconf 78' lang='lat' dir='ltr'><strong>aetate</strong></span> <span class='ocrx_word' id='word_1_335' title='bbox 2205 1327 2288 1375; x_wconf 89' lang='lat' dir='ltr'><strong>ejus</strong></span> 
     </span>
     <span class='ocr_line' id='line_1_52' title="bbox 1237 1387 2285 1426; baseline -0.001 -2"><span class='ocrx_word' id='word_1_336' title='bbox 1237 1389 1325 1424; x_wconf 85' lang='lat' dir='ltr'><strong>satis</strong></span> <span class='ocrx_word' id='word_1_337' title='bbox 1342 1396 1543 1425; x_wconf 84' lang='lat' dir='ltr'><strong>constaret.</strong></span> <span class='ocrx_word' id='word_1_338' title='bbox 1574 1389 1669 1423; x_wconf 89' lang='lat' dir='ltr'><strong>Nam</strong></span> <span class='ocrx_word' id='word_1_339' title='bbox 1701 1389 1931 1426; x_wconf 85' lang='lat' dir='ltr'><strong>Nicanorem</strong></span> <span class='ocrx_word' id='word_1_340' title='bbox 1949 1390 2088 1426; x_wconf 86' lang='lat' dir='ltr'><strong>scimus</strong></span> <span class='ocrx_word' id='word_1_341' title='bbox 2113 1387 2285 1424; x_wconf 88' lang='lat' dir='ltr'><strong>floruisse</strong></span> 
     </span>
     <span class='ocr_line' id='line_1_53' title="bbox 1237 1446 1722 1496; baseline -0.002 -13"><span class='ocrx_word' id='word_1_342' title='bbox 1237 1454 1410 1496; x_wconf 89' lang='lat' dir='ltr'><strong>tempore</strong></span> <span class='ocrx_word' id='word_1_343' title='bbox 1426 1447 1614 1483; x_wconf 88' lang='lat' dir='ltr'><strong>Hadriani</strong></span> <span class='ocrx_word' id='word_1_344' title='bbox 1628 1446 1722 1495; x_wconf 90' lang='lat' dir='ltr'>imp.</span> 
     </span>
    </p>
   </div>
   <div class='ocr_carea' id='block_1_11' title="bbox 1641 1549 1885 1564">
    <p class='ocr_par' dir='ltr' id='par_1_18' title="bbox 1641 1549 1885 1564">
     <span class='ocr_line' id='line_1_54' title="bbox 1641 1549 1885 1564; baseline 0 2140"><span class='ocrx_word' id='word_1_345' title='bbox 1641 1549 1885 1564; x_wconf 95' lang='lat' dir='ltr'><strong> </strong></span> 
     </span>
    </p>
   </div>
   <div class='ocr_carea' id='block_1_12' title="bbox 1319 1636 2217 1700">
    <p class='ocr_par' dir='ltr' id='par_1_19' title="bbox 1319 1636 2217 1700">
     <span class='ocr_line' id='line_1_55' title="bbox 1319 1636 2217 1700; baseline 0.006 -7"><span class='ocrx_word' id='word_1_346' title='bbox 1319 1636 1853 1695; x_wconf 86' lang='lat' dir='ltr'><strong>HERMESIANAX</strong></span> <span class='ocrx_word' id='word_1_347' title='bbox 1893 1638 2217 1700; x_wconf 89' lang='lat' dir='ltr'><strong>CYPRIUS.</strong></span> 
     </span>
    </p>
   </div>
   <div class='ocr_carea' id='block_1_13' title="bbox 1523 1755 2003 1893">
    <p class='ocr_par' dir='ltr' id='par_1_20' title="bbox 1523 1755 2003 1893">
     <span class='ocr_line' id='line_1_56' title="bbox 1626 1755 1904 1796; baseline 0.007 -2"><span class='ocrx_word' id='word_1_348' title='bbox 1626 1755 1764 1795; x_wconf 89' lang='grc' dir='ltr'>ΦΡΥΓ</span> <span class='ocrx_word' id='word_1_349' title='bbox 1766 1756 1816 1794; x_wconf 84' lang='grc' dir='ltr'><strong>ΙΑ</strong></span> <span class='ocrx_word' id='word_1_350' title='bbox 1823 1757 1904 1796; x_wconf 89' lang='grc' dir='ltr'><strong>ΚΑ.</strong></span> 
     </span>
     <span class='ocr_line' id='line_1_57' title="bbox 1523 1853 2003 1893; baseline 0.008 -5"><span class='ocrx_word' id='word_1_351' title='bbox 1523 1853 1553 1888; x_wconf 89' lang='grc' dir='ltr'>Ε</span> <span class='ocrx_word' id='word_1_352' title='bbox 1581 1853 1733 1889; x_wconf 86' lang='lat' dir='ltr'>LIBRO</span> <span class='ocrx_word' id='word_1_353' title='bbox 1763 1854 2003 1893; x_wconf 86' lang='lat' dir='ltr'><strong>SECUNDO.</strong></span> 
     </span>
    </p>
   </div>
   <div class='ocr_carea' id='block_1_14' title="bbox 1290 1947 2293 2053">
    <p class='ocr_par' dir='ltr' id='par_1_21' title="bbox 1290 1947 2293 2053">
     <span class='ocr_line' id='line_1_58' title="bbox 1750 1947 1785 1972; baseline 0.057 -2"><span class='ocrx_word' id='word_1_354' title='bbox 1750 1947 1785 1972; x_wconf 90' lang='lat'><strong>1.</strong></span> 
     </span>
     <span class='ocr_line' id='line_1_59' title="bbox 1290 1997 2293 2053; baseline 0.005 -18"><span class='ocrx_word' id='word_1_355' title='bbox 1290 1999 1479 2035; x_wconf 85' lang='lat' dir='ltr'><strong>Plutarch.</strong></span> <span class='ocrx_word' id='word_1_356' title='bbox 1496 2000 1554 2035; x_wconf 91' lang='lat' dir='ltr'><strong>De</strong></span> <span class='ocrx_word' id='word_1_357' title='bbox 1573 1997 1666 2037; x_wconf 88' lang='lat' dir='ltr'><strong>fluv.</strong></span> <span class='ocrx_word' id='word_1_358' title='bbox 1690 2011 1752 2047; x_wconf 84' lang='lat'><strong>12,</strong></span> <span class='ocrx_word' id='word_1_359' title='bbox 1777 2003 1816 2045; x_wconf 77' lang='lat'><strong>4,</strong></span> <span class='ocrx_word' id='word_1_360' title='bbox 1850 2000 1897 2036; x_wconf 88' lang='lat' dir='ltr'><strong>de</strong></span> <span class='ocrx_word' id='word_1_361' title='bbox 1911 2001 2094 2050; x_wconf 80' lang='lat' dir='ltr'><strong>Sangario</strong></span> <span class='ocrx_word' id='word_1_362' title='bbox 2120 2003 2293 2053; x_wconf 77' lang='lat' dir='ltr'><strong>Phrygiae</strong></span> 
     </span>
    </p>
   </div>
   <div class='ocr_carea' id='block_1_15' title="bbox 1237 2056 2294 2406">
    <p class='ocr_par' dir='ltr' id='par_1_22' title="bbox 1237 2056 2294 2406">
     <span class='ocr_line' id='line_1_60' title="bbox 1237 2056 2286 2113; baseline 0.005 -20"><span class='ocrx_word' id='word_1_363' title='bbox 1237 2056 1357 2094; x_wconf 90' lang='lat' dir='ltr'><strong>fluvio</strong></span> <span class='ocrx_word' id='word_1_364' title='bbox 1378 2071 1387 2094; x_wconf 86' lang='lat'>:</span> <span class='ocrx_word' id='word_1_365' title='bbox 1406 2059 1573 2096; x_wconf 82' lang='grc' dir='ltr'>Γεννᾶται</span> <span class='ocrx_word' id='word_1_366' title='bbox 1594 2056 1623 2093; x_wconf 88' lang='grc' dir='ltr'><strong>δ’</strong></span> <span class='ocrx_word' id='word_1_367' title='bbox 1643 2058 1678 2094; x_wconf 82' lang='grc' dir='ltr'>ἐν</span> <span class='ocrx_word' id='word_1_368' title='bbox 1713 2058 1810 2109; x_wconf 80' lang='grc' dir='ltr'>αὐτῷ</span> <span class='ocrx_word' id='word_1_369' title='bbox 1835 2057 1927 2101; x_wconf 86' lang='grc' dir='ltr'>λίθος</span> <span class='ocrx_word' id='word_1_370' title='bbox 1938 2058 2150 2109; x_wconf 85' lang='grc' dir='ltr'>καλούμενος</span> <span class='ocrx_word' id='word_1_371' title='bbox 2161 2061 2286 2113; x_wconf 80' lang='grc' dir='ltr'>ἀστήρ.</span> 
     </span>
     <span class='ocr_line' id='line_1_61' title="bbox 1239 2109 2291 2168; baseline 0.004 -15"><span class='ocrx_word' id='word_1_372' title='bbox 1239 2109 1353 2158; x_wconf 68' lang='grc' dir='ltr'>Οῧτος</span> <span class='ocrx_word' id='word_1_373' title='bbox 1382 2113 1480 2153; x_wconf 87' lang='grc' dir='ltr'>εἴωθε</span> <span class='ocrx_word' id='word_1_374' title='bbox 1497 2114 1618 2158; x_wconf 84' lang='grc' dir='ltr'>νυκτὸς</span> <span class='ocrx_word' id='word_1_375' title='bbox 1636 2114 1776 2166; x_wconf 87' lang='grc' dir='ltr'>βαθείας</span> <span class='ocrx_word' id='word_1_376' title='bbox 1794 2115 1902 2167; x_wconf 82' lang='grc' dir='ltr'>πυρὸς</span> <span class='ocrx_word' id='word_1_377' title='bbox 1931 2116 2029 2164; x_wconf 89' lang='grc' dir='ltr'>δίκην</span> <span class='ocrx_word' id='word_1_378' title='bbox 2049 2118 2215 2168; x_wconf 83' lang='grc' dir='ltr'>λάμπειν,</span> <span class='ocrx_word' id='word_1_379' title='bbox 2231 2123 2291 2157; x_wconf 74' lang='grc' dir='ltr'><strong>τοῦ</strong></span> 
     </span>
     <span class='ocr_line' id='line_1_62' title="bbox 1238 2171 2293 2230; baseline 0.006 -20"><span class='ocrx_word' id='word_1_380' title='bbox 1238 2172 1455 2225; x_wconf 83' lang='grc' dir='ltr'>φθινοπώρου</span> <span class='ocrx_word' id='word_1_381' title='bbox 1474 2171 1538 2219; x_wconf 82' lang='grc' dir='ltr'><strong>τὴν</strong></span> <span class='ocrx_word' id='word_1_382' title='bbox 1560 2172 1672 2225; x_wconf 83' lang='grc' dir='ltr'>ἀρχὴν</span> <span class='ocrx_word' id='word_1_383' title='bbox 1704 2172 1965 2223; x_wconf 64' lang='grc' dir='ltr'>λαμίῗάνοντος·</span> <span class='ocrx_word' id='word_1_384' title='bbox 1995 2178 2293 2230; x_wconf 84' lang='grc' dir='ltr'>προσαγορεύεται</span> 
     </span>
     <span class='ocr_line' id='line_1_63' title="bbox 1237 2228 2290 2288; baseline 0.005 -20"><span class='ocrx_word' id='word_1_385' title='bbox 1237 2230 1274 2269; x_wconf 83' lang='grc' dir='ltr'><strong>δὲ</strong></span> <span class='ocrx_word' id='word_1_386' title='bbox 1290 2234 1332 2284; x_wconf 84' lang='grc' dir='ltr'><strong>τῇ</strong></span> <span class='ocrx_word' id='word_1_387' title='bbox 1352 2230 1525 2283; x_wconf 85' lang='grc' dir='ltr'>διαλέκτῳ</span> <span class='ocrx_word' id='word_1_388' title='bbox 1544 2234 1612 2269; x_wconf 82' lang='grc' dir='ltr'><strong>τῶν</strong></span> <span class='ocrx_word' id='word_1_389' title='bbox 1641 2232 1820 2284; x_wconf 83' lang='grc' dir='ltr'>ἐγχωρίων</span> <span class='ocrx_word' id='word_1_390' title='bbox 1836 2228 2028 2284; x_wconf 42' lang='grc' dir='ltr'>’βαλλὴῃ</span> <span class='ocrx_word' id='word_1_391' title='bbox 2048 2233 2133 2287; x_wconf 80' lang='grc' dir='ltr'>ὅπερ</span> <span class='ocrx_word' id='word_1_392' title='bbox 2165 2240 2290 2288; x_wconf 86' lang='grc' dir='ltr'>μεθερ-</span> 
     </span>
     <span class='ocr_line' id='line_1_64' title="bbox 1237 2290 2293 2344; baseline 0.005 -17"><span class='ocrx_word' id='word_1_393' title='bbox 1237 2290 1470 2341; x_wconf 87' lang='grc' dir='ltr'>μηνευόμενόν</span> <span class='ocrx_word' id='word_1_394' title='bbox 1486 2291 1559 2329; x_wconf 81' lang='grc' dir='ltr'>ἐστι</span> <span class='ocrx_word' id='word_1_395' title='bbox 1576 2290 1738 2342; x_wconf 84' lang='grc' dir='ltr'>βασιλεύς</span> <span class='ocrx_word' id='word_1_396' title='bbox 1750 2306 1759 2315; x_wconf 93' lang='grc'><em>·</em></span> <span class='ocrx_word' id='word_1_397' title='bbox 1775 2290 1889 2335; x_wconf 85' lang='grc' dir='ltr'>καθὼς</span> <span class='ocrx_word' id='word_1_398' title='bbox 1900 2293 2032 2344; x_wconf 82' lang='grc' dir='ltr'>ἱστορεῖ</span> <span class='ocrx_word' id='word_1_399' title='bbox 2046 2292 2293 2344; x_wconf 81' lang='grc' dir='ltr'>Ἑρμησιάναξ</span> 
     </span>
     <span class='ocr_line' id='line_1_65' title="bbox 1239 2349 2294 2406; baseline 0.003 -18"><span class='ocrx_word' id='word_1_400' title='bbox 1239 2349 1395 2402; x_wconf 83' lang='grc' dir='ltr'>Κύπριος</span> <span class='ocrx_word' id='word_1_401' title='bbox 1412 2351 1446 2387; x_wconf 85' lang='grc' dir='ltr'>ἐν</span> <span class='ocrx_word' id='word_1_402' title='bbox 1469 2350 1500 2402; x_wconf 86' lang='grc' dir='ltr'><strong>β’</strong></span> <span class='ocrx_word' id='word_1_403' title='bbox 1527 2352 1759 2402; x_wconf 84' lang='grc' dir='ltr'>Φρυγιακῶν.</span> <span class='ocrx_word' id='word_1_404' title='bbox 1780 2353 2005 2389; x_wconf 86' lang='lat' dir='ltr'><strong>Praecedunt</strong></span> <span class='ocrx_word' id='word_1_405' title='bbox 2021 2354 2101 2390; x_wconf 87' lang='lat' dir='ltr'><strong>haec</strong></span> <span class='ocrx_word' id='word_1_406' title='bbox 2130 2368 2138 2390; x_wconf 95' lang='lat'><strong>:</strong></span> <span class='ocrx_word' id='word_1_407' title='bbox 2164 2353 2294 2406; x_wconf 81' lang='grc' dir='ltr'>Παρά-</span> 
     </span>
    </p>
   </div>
   <div class='ocr_carea' id='block_1_16' title="bbox 116 2401 2291 2524">
    <p class='ocr_par' dir='ltr' id='par_1_23' title="bbox 116 2401 2291 2524">
     <span class='ocr_line' id='line_1_66' title="bbox 116 2401 2290 2465; baseline 0.004 -22"><span class='ocrx_word' id='word_1_408' title='bbox 116 2419 182 2457; x_wconf 90' lang='grc' dir='ltr'><strong>χου</strong></span> <span class='ocrx_word' id='word_1_409' title='bbox 198 2405 416 2457; x_wconf 85' lang='grc' dir='ltr'>περιέπεσεν,</span> <span class='ocrx_word' id='word_1_410' title='bbox 437 2407 471 2444; x_wconf 81' lang='grc' dir='ltr'>ἓν</span> <span class='ocrx_word' id='word_1_411' title='bbox 492 2401 516 2458; x_wconf 67' lang='grc' dir='ltr'>ᾗ</span> <span class='ocrx_word' id='word_1_412' title='bbox 535 2406 615 2451; x_wconf 85' lang='grc' dir='ltr'>Διὸς</span> <span class='ocrx_word' id='word_1_413' title='bbox 646 2408 836 2459; x_wconf 80' lang='grc' dir='ltr'>ἱστορεῖται</span> <span class='ocrx_word' id='word_1_414' title='bbox 863 2408 923 2445; x_wconf 83' lang='grc' dir='ltr'><strong>καὶ</strong></span> <span class='ocrx_word' id='word_1_415' title='bbox 942 2405 1073 2452; x_wconf 85' lang='grc' dir='ltr'>Ἴσιδος</span> <span class='ocrx_word' id='word_1_416' title='bbox 1104 2408 1176 2452; x_wconf 81' lang='grc' dir='ltr'>υἱὸς</span> <span class='ocrx_word' id='word_1_417' title='bbox 1236 2424 1348 2447; x_wconf 89' lang='grc' dir='ltr'>κειται</span> <span class='ocrx_word' id='word_1_418' title='bbox 1370 2409 1403 2447; x_wconf 82' lang='grc' dir='ltr'><strong>δ’</strong></span> <span class='ocrx_word' id='word_1_419' title='bbox 1420 2410 1517 2462; x_wconf 76' lang='grc' dir='ltr'>αὐτῷ</span> <span class='ocrx_word' id='word_1_420' title='bbox 1537 2407 1614 2461; x_wconf 84' lang='grc' dir='ltr'>ὄρος</span> <span class='ocrx_word' id='word_1_421' title='bbox 1630 2410 1852 2456; x_wconf 89' lang='grc' dir='ltr'>Βαλληναῒον</span> <span class='ocrx_word' id='word_1_422' title='bbox 1865 2411 2194 2465; x_wconf 81' lang='grc' dir='ltr'>καλούμενον,ὁ’περ</span> <span class='ocrx_word' id='word_1_423' title='bbox 2215 2412 2290 2451; x_wconf 81' lang='grc' dir='ltr'>ἐστὶ</span> 
     </span>
     <span class='ocr_line' id='line_1_67' title="bbox 118 2461 2291 2524; baseline 0.005 -24"><span class='ocrx_word' id='word_1_424' title='bbox 118 2461 165 2500; x_wconf 82' lang='grc' dir='ltr'>ὢν</span> <span class='ocrx_word' id='word_1_425' title='bbox 184 2465 202 2500; x_wconf 90' lang='lat'>6</span> <span class='ocrx_word' id='word_1_426' title='bbox 215 2464 379 2508; x_wconf 91' lang='grc' dir='ltr'>Διόνυσος</span> <span class='ocrx_word' id='word_1_427' title='bbox 397 2464 464 2503; x_wconf 79' lang='grc' dir='ltr'><strong>ὑπὸ</strong></span> <span class='ocrx_word' id='word_1_428' title='bbox 481 2465 702 2517; x_wconf 83' lang='grc' dir='ltr'>Αἰγυπτίων,</span> <span class='ocrx_word' id='word_1_429' title='bbox 723 2468 786 2505; x_wconf 77' lang='grc' dir='ltr'><strong>οὐκ</strong></span> <span class='ocrx_word' id='word_1_430' title='bbox 803 2465 961 2520; x_wconf 85' lang='grc' dir='ltr'>Ὄσιρις,</span> <span class='ocrx_word' id='word_1_431' title='bbox 979 2466 1071 2505; x_wconf 86' lang='grc' dir='ltr'>ἀλλὰ</span> <span class='ocrx_word' id='word_1_432' title='bbox 1089 2467 1173 2519; x_wconf 86' lang='grc' dir='ltr'><strong>Ἀρ-</strong></span> <span class='ocrx_word' id='word_1_433' title='bbox 1239 2467 1582 2520; x_wconf 76' lang='grc' dir='ltr'>μεθερμηνευόμενον</span> <span class='ocrx_word' id='word_1_434' title='bbox 1620 2467 1814 2520; x_wconf 84' lang='grc' dir='ltr'>βασιλικὸν,</span> <span class='ocrx_word' id='word_1_435' title='bbox 1849 2468 1913 2516; x_wconf 84' lang='grc' dir='ltr'><strong>τὴν</strong></span> <span class='ocrx_word' id='word_1_436' title='bbox 1950 2471 2186 2524; x_wconf 83' lang='grc' dir='ltr'>προσηγορίαν</span> <span class='ocrx_word' id='word_1_437' title='bbox 2212 2471 2291 2524; x_wconf 81' lang='grc' dir='ltr'>ἔχον</span> 
     </span>
    </p>
   </div>
   <div class='ocr_carea' id='block_1_17' title="bbox 142 2541 2283 2558">
    <p class='ocr_par' dir='ltr' id='par_1_24' title="bbox 142 2541 2283 2558">
     <span class='ocr_line' id='line_1_68' title="bbox 142 2541 2283 2558; baseline 0 1146"><span class='ocrx_word' id='word_1_438' title='bbox 142 2541 2283 2558; x_wconf 95' lang='lat' dir='ltr'><strong> </strong></span> 
     </span>
    </p>
   </div>
   <div class='ocr_carea' id='block_1_18' title="bbox 629 2592 664 2624">
    <p class='ocr_par' dir='ltr' id='par_1_25' title="bbox 629 2592 664 2624">
     <span class='ocr_line' id='line_1_69' title="bbox 629 2592 664 2624; baseline 0 0"><span class='ocrx_word' id='word_1_439' title='bbox 629 2592 664 2624; x_wconf 84' lang='grc'><strong>3.</strong></span> 
     </span>
    </p>
   </div>
   <div class='ocr_carea' id='block_1_19' title="bbox 119 2649 1179 2956">
    <p class='ocr_par' dir='ltr' id='par_1_26' title="bbox 119 2649 1179 2956">
     <span class='ocr_line' id='line_1_70' title="bbox 163 2649 1179 2693; baseline 0.008 -13"><span class='ocrx_word' id='word_1_440' title='bbox 163 2649 356 2690; x_wconf 81' lang='lat' dir='ltr'><strong>Tyndaridae</strong></span> <span class='ocrx_word' id='word_1_441' title='bbox 374 2659 475 2691; x_wconf 92' lang='lat' dir='ltr'><strong>quum</strong></span> <span class='ocrx_word' id='word_1_442' title='bbox 495 2651 669 2684; x_wconf 80' lang='lat' dir='ltr'><strong>movissent</strong></span> <span class='ocrx_word' id='word_1_443' title='bbox 685 2653 848 2693; x_wconf 83' lang='lat' dir='ltr'><strong>Aphidnas</strong></span> <span class='ocrx_word' id='word_1_444' title='bbox 864 2655 897 2686; x_wconf 92' lang='lat' dir='ltr'><strong>et</strong></span> <span class='ocrx_word' id='word_1_445' title='bbox 915 2654 1053 2687; x_wconf 87' lang='lat' dir='ltr'><strong>victores</strong></span> <span class='ocrx_word' id='word_1_446' title='bbox 1075 2656 1179 2688; x_wconf 68' lang='lat' dir='ltr'><strong>aesent</strong></span> 
     </span>
     <span class='ocr_line' id='line_1_71' title="bbox 120 2701 1178 2748; baseline 0.008 -16"><span class='ocrx_word' id='word_1_447' title='bbox 120 2701 244 2742; x_wconf 61' lang='lat' dir='ltr'><strong>praelio,</strong></span> <span class='ocrx_word' id='word_1_448' title='bbox 256 2706 522 2743; x_wconf 82' lang='lat' dir='ltr'><strong>expugnaverunt</strong></span> <span class='ocrx_word' id='word_1_449' title='bbox 531 2704 696 2745; x_wconf 88' lang='lat' dir='ltr'><strong>oppidum.</strong></span> <span class='ocrx_word' id='word_1_450' title='bbox 714 2706 759 2737; x_wconf 87' lang='lat' dir='ltr'><strong>lbi</strong></span> <span class='ocrx_word' id='word_1_451' title='bbox 775 2706 911 2746; x_wconf 81' lang='lat' dir='ltr'><strong>Aiycum</strong></span> <span class='ocrx_word' id='word_1_452' title='bbox 919 2716 1049 2748; x_wconf 89' lang='lat' dir='ltr'><strong>quoque</strong></span> <span class='ocrx_word' id='word_1_453' title='bbox 1060 2708 1178 2748; x_wconf 85' lang='lat' dir='ltr'><strong>serunt,</strong></span> 
     </span>
     <span class='ocr_line' id='line_1_72' title="bbox 122 2753 1179 2798; baseline 0.006 -12"><span class='ocrx_word' id='word_1_454' title='bbox 122 2753 264 2786; x_wconf 72' lang='lat' dir='ltr'><strong>Scironis</strong></span> <span class='ocrx_word' id='word_1_455' title='bbox 274 2754 387 2795; x_wconf 80' lang='lat' dir='ltr'><strong>tilium,</strong></span> <span class='ocrx_word' id='word_1_456' title='bbox 401 2756 654 2788; x_wconf 81' lang='lat' dir='ltr'><strong>commilitonem</strong></span> <span class='ocrx_word' id='word_1_457' title='bbox 667 2757 697 2788; x_wconf 91' lang='lat' dir='ltr'><strong>id</strong></span> <span class='ocrx_word' id='word_1_458' title='bbox 712 2758 865 2798; x_wconf 89' lang='lat' dir='ltr'><strong>temporis</strong></span> <span class='ocrx_word' id='word_1_459' title='bbox 875 2759 1015 2791; x_wconf 88' lang='lat' dir='ltr'><strong>Castoris</strong></span> <span class='ocrx_word' id='word_1_460' title='bbox 1027 2761 1060 2792; x_wconf 91' lang='lat' dir='ltr'><strong>et</strong></span> <span class='ocrx_word' id='word_1_461' title='bbox 1075 2761 1179 2792; x_wconf 90' lang='lat' dir='ltr'><strong>Pollu-</strong></span> 
     </span>
     <span class='ocr_line' id='line_1_73' title="bbox 119 2804 1178 2853; baseline 0.007 -16"><span class='ocrx_word' id='word_1_462' title='bbox 119 2804 184 2846; x_wconf 83' lang='lat' dir='ltr'><strong>cis,</strong></span> <span class='ocrx_word' id='word_1_463' title='bbox 197 2807 387 2840; x_wconf 88' lang='lat' dir='ltr'><strong>occubuisse</strong></span> <span class='ocrx_word' id='word_1_464' title='bbox 404 2820 413 2840; x_wconf 73' lang='grc' dir='ltr'>ε</span> <span class='ocrx_word' id='word_1_465' title='bbox 430 2816 523 2849; x_wconf 86' lang='lat' dir='ltr'><strong>aquo</strong></span> <span class='ocrx_word' id='word_1_466' title='bbox 541 2808 648 2840; x_wconf 87' lang='lat' dir='ltr'><strong>iocum</strong></span> <span class='ocrx_word' id='word_1_467' title='bbox 662 2810 824 2850; x_wconf 83' lang='lat' dir='ltr'><strong>quendam</strong></span> <span class='ocrx_word' id='word_1_468' title='bbox 835 2810 901 2851; x_wconf 87' lang='lat' dir='ltr'><strong>agri</strong></span> <span class='ocrx_word' id='word_1_469' title='bbox 912 2812 1072 2851; x_wconf 87' lang='lat' dir='ltr'><strong>Megarici,</strong></span> <span class='ocrx_word' id='word_1_470' title='bbox 1090 2813 1178 2853; x_wconf 84' lang='lat' dir='ltr'><strong>quod</strong></span> 
     </span>
     <span class='ocr_line' id='line_1_74' title="bbox 121 2859 1175 2902; baseline 0.007 -13"><span class='ocrx_word' id='word_1_471' title='bbox 121 2865 238 2898; x_wconf 85' lang='lat' dir='ltr'><strong>corpus</strong></span> <span class='ocrx_word' id='word_1_472' title='bbox 259 2859 327 2899; x_wconf 76' lang='lat' dir='ltr'><strong>eJus</strong></span> <span class='ocrx_word' id='word_1_473' title='bbox 342 2860 386 2891; x_wconf 94' lang='lat' dir='ltr'><strong>ibi</strong></span> <span class='ocrx_word' id='word_1_474' title='bbox 410 2860 452 2892; x_wconf 92' lang='lat' dir='ltr'><strong>sit</strong></span> <span class='ocrx_word' id='word_1_475' title='bbox 482 2860 670 2900; x_wconf 87' lang='lat' dir='ltr'><strong>humatum,</strong></span> <span class='ocrx_word' id='word_1_476' title='bbox 695 2862 830 2902; x_wconf 83' lang='lat' dir='ltr'><strong>Alycum</strong></span> <span class='ocrx_word' id='word_1_477' title='bbox 848 2863 1050 2895; x_wconf 82' lang='lat' dir='ltr'><strong>nominatum</strong></span> <span class='ocrx_word' id='word_1_478' title='bbox 1068 2865 1175 2896; x_wconf 80' lang='lat' dir='ltr'><strong>fuisse.</strong></span> 
     </span>
     <span class='ocr_line' id='line_1_75' title="bbox 121 2911 1176 2956; baseline 0.008 -15"><span class='ocrx_word' id='word_1_479' title='bbox 121 2911 242 2942; x_wconf 87' lang='lat' dir='ltr'><strong>Hereas</strong></span> <span class='ocrx_word' id='word_1_480' title='bbox 265 2920 343 2943; x_wconf 81' lang='lat' dir='ltr'><strong>vero</strong></span> <span class='ocrx_word' id='word_1_481' title='bbox 363 2911 404 2943; x_wconf 87' lang='lat' dir='ltr'><strong>ab</strong></span> <span class='ocrx_word' id='word_1_482' title='bbox 420 2912 489 2952; x_wconf 86' lang='lat' dir='ltr'><strong>ipso</strong></span> <span class='ocrx_word' id='word_1_483' title='bbox 509 2913 630 2945; x_wconf 89' lang='lat' dir='ltr'><strong>Theseo</strong></span> <span class='ocrx_word' id='word_1_484' title='bbox 652 2914 792 2954; x_wconf 78' lang='lat' dir='ltr'><strong>prodidit</strong></span> <span class='ocrx_word' id='word_1_485' title='bbox 808 2915 849 2946; x_wconf 90' lang='lat' dir='ltr'><strong>ad</strong></span> <span class='ocrx_word' id='word_1_486' title='bbox 878 2916 1041 2956; x_wconf 84' lang='lat' dir='ltr'><strong>Aphidnas</strong></span> <span class='ocrx_word' id='word_1_487' title='bbox 1056 2926 1176 2949; x_wconf 85' lang='lat' dir='ltr'><strong>caesum</strong></span> 
     </span>
    </p>
   </div>
   <div class='ocr_carea' id='block_1_20' title="bbox 120 2963 1175 3046">
    <p class='ocr_par' dir='ltr' id='par_1_27' title="bbox 120 2963 1175 3046">
     <span class='ocr_line' id='line_1_76' title="bbox 120 2963 1175 3009; baseline 0.009 -16"><span class='ocrx_word' id='word_1_488' title='bbox 120 2963 277 3003; x_wconf 86' lang='lat' dir='ltr'><strong>Alycum‚</strong></span> <span class='ocrx_word' id='word_1_489' title='bbox 295 2965 328 2996; x_wconf 87' lang='lat' dir='ltr'><strong>et</strong></span> <span class='ocrx_word' id='word_1_490' title='bbox 353 2964 385 2995; x_wconf 92' lang='lat' dir='ltr'><strong>in</strong></span> <span class='ocrx_word' id='word_1_491' title='bbox 403 2965 627 2997; x_wconf 87' lang='lat' dir='ltr'><strong>testimonium</strong></span> <span class='ocrx_word' id='word_1_492' title='bbox 650 2966 719 2998; x_wconf 80' lang='lat' dir='ltr'><strong>haec</strong></span> <span class='ocrx_word' id='word_1_493' title='bbox 739 2967 780 2999; x_wconf 91' lang='lat' dir='ltr'><strong>de</strong></span> <span class='ocrx_word' id='word_1_494' title='bbox 799 2967 900 3008; x_wconf 87' lang='lat' dir='ltr'><strong>Alyco</strong></span> <span class='ocrx_word' id='word_1_495' title='bbox 931 2969 1081 3009; x_wconf 80' lang='lat' dir='ltr'><strong>producit</strong></span> <span class='ocrx_word' id='word_1_496' title='bbox 1102 2971 1175 3002; x_wconf 70' lang='lat' dir='ltr'><strong>car-‘</strong></span> 
     </span>
     <span class='ocr_line' id='line_1_77' title="bbox 122 3022 232 3046; baseline 0.009 -1"><span class='ocrx_word' id='word_1_497' title='bbox 122 3022 232 3046; x_wconf 82' lang='lat' dir='ltr'><strong>mina:</strong></span> 
     </span>
    </p>
   </div>
   <div class='ocr_carea' id='block_1_21' title="bbox 194 3100 963 3186">
    <p class='ocr_par' dir='ltr' id='par_1_28' title="bbox 194 3100 963 3186">
     <span class='ocr_line' id='line_1_78' title="bbox 194 3100 963 3140; baseline 0.008 -13"><span class='ocrx_word' id='word_1_498' title='bbox 194 3100 285 3128; x_wconf 80' lang='lat' dir='ltr'><strong>Hunc</strong></span> <span class='ocrx_word' id='word_1_499' title='bbox 300 3100 423 3129; x_wconf 69' lang='lat' dir='ltr'><strong>Helenae</strong></span> <span class='ocrx_word' id='word_1_500' title='bbox 440 3108 527 3131; x_wconf 86' lang='lat' dir='ltr'><strong>causa</strong></span> <span class='ocrx_word' id='word_1_501' title='bbox 542 3102 680 3132; x_wconf 78' lang='lat' dir='ltr'><strong>iormosae</strong></span> <span class='ocrx_word' id='word_1_502' title='bbox 694 3103 797 3140; x_wconf 84' lang='lat' dir='ltr'><strong>proelia</strong></span> <span class='ocrx_word' id='word_1_503' title='bbox 811 3104 963 3140; x_wconf 86' lang='lat' dir='ltr'><strong>quondam</strong></span> 
     </span>
     <span class='ocr_line' id='line_1_79' title="bbox 194 3145 923 3186; baseline 0.008 -13"><span class='ocrx_word' id='word_1_504' title='bbox 194 3145 369 3175; x_wconf 81' lang='lat' dir='ltr'><strong>miscentem</strong></span> <span class='ocrx_word' id='word_1_505' title='bbox 377 3146 504 3176; x_wconf 79' lang='lat' dir='ltr'><strong>Theseus</strong></span> <span class='ocrx_word' id='word_1_506' title='bbox 516 3149 642 3186; x_wconf 85' lang='lat' dir='ltr'><strong>spatiosa</strong></span> <span class='ocrx_word' id='word_1_507' title='bbox 653 3149 760 3178; x_wconf 82' lang='lat' dir='ltr'><strong>stravit</strong></span> <span class='ocrx_word' id='word_1_508' title='bbox 773 3150 923 3186; x_wconf 82' lang='lat' dir='ltr'><strong>Aphidna.</strong></span> 
     </span>
    </p>
   </div>
   <div class='ocr_carea' id='block_1_22' title="bbox 124 3214 1175 3314">
    <p class='ocr_par' dir='ltr' id='par_1_29' title="bbox 124 3214 1175 3314">
     <span class='ocr_line' id='line_1_80' title="bbox 125 3214 1175 3262; baseline 0.008 -16"><span class='ocrx_word' id='word_1_509' title='bbox 125 3214 217 3246; x_wconf 80' lang='lat' dir='ltr'><strong>Haud</strong></span> <span class='ocrx_word' id='word_1_510' title='bbox 246 3224 423 3248; x_wconf 91' lang='lat' dir='ltr'><strong>consonum</strong></span> <span class='ocrx_word' id='word_1_511' title='bbox 452 3217 549 3250; x_wconf 85' lang='lat' dir='ltr'><strong>suerit</strong></span> <span class='ocrx_word' id='word_1_512' title='bbox 566 3220 675 3252; x_wconf 89' lang='lat' dir='ltr'><strong>tamen</strong></span> <span class='ocrx_word' id='word_1_513' title='bbox 698 3220 845 3261; x_wconf 87' lang='lat' dir='ltr'><strong>veritati,</strong></span> <span class='ocrx_word' id='word_1_514' title='bbox 869 3223 1027 3262; x_wconf 74' lang='lat' dir='ltr'><strong>praesente</strong></span> <span class='ocrx_word' id='word_1_515' title='bbox 1040 3222 1175 3262; x_wconf 86' lang='lat' dir='ltr'><strong>Theseo,</strong></span> 
     </span>
     <span class='ocr_line' id='line_1_81' title="bbox 124 3267 820 3314; baseline 0.007 -15"><span class='ocrx_word' id='word_1_516' title='bbox 124 3267 220 3300; x_wconf 74' lang='lat' dir='ltr'><strong>ruisse</strong></span> <span class='ocrx_word' id='word_1_517' title='bbox 236 3271 373 3301; x_wconf 88' lang='lat' dir='ltr'><strong>matrem</strong></span> <span class='ocrx_word' id='word_1_518' title='bbox 387 3270 457 3310; x_wconf 89' lang='lat' dir='ltr'><strong>ejus</strong></span> <span class='ocrx_word' id='word_1_519' title='bbox 472 3272 505 3303; x_wconf 89' lang='lat' dir='ltr'><strong>et</strong></span> <span class='ocrx_word' id='word_1_520' title='bbox 517 3273 682 3313; x_wconf 84' lang='lat' dir='ltr'><strong>Aphidnas</strong></span> <span class='ocrx_word' id='word_1_521' title='bbox 700 3275 820 3314; x_wconf 85' lang='lat' dir='ltr'><strong>captas.</strong></span> 
     </span>
    </p>
   </div>
   <div class='ocr_carea' id='block_1_23' title="bbox 634 3347 671 3378">
    <p class='ocr_par' dir='ltr' id='par_1_30' title="bbox 634 3347 671 3378">
     <span class='ocr_line' id='line_1_82' title="bbox 634 3347 671 3378; baseline -0.027 0"><span class='ocrx_word' id='word_1_522' title='bbox 634 3347 671 3378; x_wconf 82' lang='lat'><strong>4.</strong></span> 
     </span>
    </p>
   </div>
   <div class='ocr_carea' id='block_1_24' title="bbox 125 3402 1174 3500">
    <p class='ocr_par' dir='ltr' id='par_1_31' title="bbox 125 3402 1174 3500">
     <span class='ocr_line' id='line_1_83' title="bbox 167 3402 1174 3451; baseline 0.01 -19"><span class='ocrx_word' id='word_1_523' title='bbox 167 3402 285 3434; x_wconf 84' lang='lat' dir='ltr'><strong>Hereas</strong></span> <span class='ocrx_word' id='word_1_524' title='bbox 303 3403 335 3434; x_wconf 90' lang='lat' dir='ltr'><strong>in</strong></span> <span class='ocrx_word' id='word_1_525' title='bbox 351 3405 518 3446; x_wconf 82' lang='lat' dir='ltr'><strong>Megaricis</strong></span> <span class='ocrx_word' id='word_1_526' title='bbox 537 3406 694 3448; x_wconf 81' lang='lat' dir='ltr'><strong>Orithyiae</strong></span> <span class='ocrx_word' id='word_1_527' title='bbox 718 3408 882 3448; x_wconf 85' lang='lat' dir='ltr'><strong>raptorem</strong></span> <span class='ocrx_word' id='word_1_528' title='bbox 903 3409 1039 3441; x_wconf 81' lang='lat' dir='ltr'><strong>Boream</strong></span> <span class='ocrx_word' id='word_1_529' title='bbox 1058 3409 1174 3451; x_wconf 77' lang='lat' dir='ltr'><strong>filium,</strong></span> 
     </span>
     <span class='ocr_line' id='line_1_84' title="bbox 125 3458 847 3500; baseline 0.012 -16"><span class='ocrx_word' id='word_1_530' title='bbox 125 3460 190 3485; x_wconf 86' lang='lat' dir='ltr'><strong>non</strong></span> <span class='ocrx_word' id='word_1_531' title='bbox 203 3463 280 3487; x_wconf 89' lang='lat' dir='ltr'><strong>vero</strong></span> <span class='ocrx_word' id='word_1_532' title='bbox 293 3458 442 3497; x_wconf 77' lang='lat' dir='ltr'><strong>nepotem</strong></span> <span class='ocrx_word' id='word_1_533' title='bbox 455 3460 634 3500; x_wconf 86' lang='lat' dir='ltr'><strong>Strymonis</strong></span> <span class='ocrx_word' id='word_1_534' title='bbox 654 3469 722 3493; x_wconf 86' lang='lat' dir='ltr'><strong>esse</strong></span> <span class='ocrx_word' id='word_1_535' title='bbox 738 3461 847 3493; x_wconf 80' lang='lat' dir='ltr'><strong>refert.</strong></span> 
     </span>
    </p>
   </div>
   <div class='ocr_carea' id='block_1_25' title="bbox 1580 2605 1946 2645">
    <p class='ocr_par' dir='ltr' id='par_1_32' title="bbox 1580 2605 1946 2645">
     <span class='ocr_line' id='line_1_85' title="bbox 1580 2605 1946 2645; baseline 0.005 -2"><span class='ocrx_word' id='word_1_536' title='bbox 1580 2605 1655 2644; x_wconf 73' lang='lat' dir='ltr'><strong>vDE</strong></span> <span class='ocrx_word' id='word_1_537' title='bbox 1675 2605 1946 2645; x_wconf 82' lang='lat' dir='ltr'><strong>AEGYPTiIS.</strong></span> 
     </span>
    </p>
   </div>
   <div class='ocr_carea' id='block_1_26' title="bbox 1235 2685 2293 3192">
    <p class='ocr_par' dir='ltr' id='par_1_33' title="bbox 1236 2685 2293 2988">
     <span class='ocr_line' id='line_1_86' title="bbox 1279 2685 2292 2729; baseline 0.002 -11"><span class='ocrx_word' id='word_1_538' title='bbox 1279 2685 1384 2718; x_wconf 82' lang='lat' dir='ltr'><strong>Aristo</strong></span> <span class='ocrx_word' id='word_1_539' title='bbox 1397 2686 1451 2727; x_wconf 88' lang='lat' dir='ltr'><strong>qui</strong></span> <span class='ocrx_word' id='word_1_540' title='bbox 1468 2685 1637 2719; x_wconf 85' lang='lat' dir='ltr'><strong>Coloniam</strong></span> <span class='ocrx_word' id='word_1_541' title='bbox 1655 2686 1897 2718; x_wconf 81' lang='lat' dir='ltr'><strong>Atheniensium</strong></span> <span class='ocrx_word' id='word_1_542' title='bbox 1911 2687 2056 2728; x_wconf 85' lang='lat' dir='ltr'><strong>scripsit,</strong></span> <span class='ocrx_word' id='word_1_543' title='bbox 2077 2687 2108 2719; x_wconf 90' lang='lat' dir='ltr'><strong>in</strong></span> <span class='ocrx_word' id='word_1_544' title='bbox 2122 2687 2292 2729; x_wconf 86' lang='lat' dir='ltr'><strong>epistolam</strong></span> 
     </span>
     <span class='ocr_line' id='line_1_87' title="bbox 1238 2740 2293 2781; baseline 0.004 -11"><span class='ocrx_word' id='word_1_545' title='bbox 1238 2740 1398 2780; x_wconf 85' lang='lat' dir='ltr'><strong>quandam</strong></span> <span class='ocrx_word' id='word_1_546' title='bbox 1423 2740 1593 2772; x_wconf 84' lang='lat' dir='ltr'><strong>Alexarchi</strong></span> <span class='ocrx_word' id='word_1_547' title='bbox 1621 2740 1751 2779; x_wconf 88' lang='lat' dir='ltr'><strong>incidit,</strong></span> <span class='ocrx_word' id='word_1_548' title='bbox 1766 2740 1798 2771; x_wconf 92' lang='lat' dir='ltr'><strong>in</strong></span> <span class='ocrx_word' id='word_1_549' title='bbox 1815 2749 1879 2780; x_wconf 87' lang='lat' dir='ltr'><strong>qua</strong></span> <span class='ocrx_word' id='word_1_550' title='bbox 1904 2741 2130 2781; x_wconf 84' lang='lat' dir='ltr'><strong>perhibebatur</strong></span> <span class='ocrx_word' id='word_1_551' title='bbox 2149 2743 2293 2774; x_wconf 83' lang='lat' dir='ltr'><strong>Bacchus</strong></span> 
     </span>
     <span class='ocr_line' id='line_1_88' title="bbox 1237 2782 2292 2833; baseline 0.002 -10"><span class='ocrx_word' id='word_1_552' title='bbox 1237 2792 1326 2824; x_wconf 85' lang='lat' dir='ltr'><strong>Jovis</strong></span> <span class='ocrx_word' id='word_1_553' title='bbox 1341 2793 1373 2823; x_wconf 89' lang='lat' dir='ltr'><strong>et</strong></span> <span class='ocrx_word' id='word_1_554' title='bbox 1386 2791 1477 2823; x_wconf 89' lang='lat' dir='ltr'><strong>Isidis</strong></span> <span class='ocrx_word' id='word_1_555' title='bbox 1492 2792 1574 2823; x_wconf 79' lang='lat' dir='ltr'><strong>iilius</strong></span> <span class='ocrx_word' id='word_1_556' title='bbox 1586 2791 1627 2823; x_wconf 87' lang='lat' dir='ltr'><strong>ab</strong></span> <span class='ocrx_word' id='word_1_557' title='bbox 1642 2792 1794 2832; x_wconf 84' lang='lat' dir='ltr'><strong>AEgyptiis</strong></span> <span class='ocrx_word' id='word_1_558' title='bbox 1813 2792 1922 2823; x_wconf 89' lang='lat' dir='ltr'><strong>haberi</strong></span> <span class='ocrx_word' id='word_1_559' title='bbox 1935 2816 1944 2831; x_wconf 91' lang='lat'><em>‚</em></span> <span class='ocrx_word' id='word_1_560' title='bbox 1961 2793 2014 2833; x_wconf 90' lang='lat' dir='ltr'><strong>qui</strong></span> <span class='ocrx_word' id='word_1_561' title='bbox 2029 2802 2092 2825; x_wconf 92' lang='lat' dir='ltr'><strong>non</strong></span> <span class='ocrx_word' id='word_1_562' title='bbox 2110 2782 2220 2832; x_wconf 67' lang='lat' dir='ltr'><strong>osiris,</strong></span> <span class='ocrx_word' id='word_1_563' title='bbox 2237 2793 2292 2825; x_wconf 89' lang='lat' dir='ltr'><strong>sed</strong></span> 
     </span>
     <span class='ocr_line' id='line_1_89' title="bbox 1236 2843 2292 2884; baseline 0.001 -9"><span class='ocrx_word' id='word_1_564' title='bbox 1236 2844 1394 2884; x_wconf 83' lang='lat' dir='ltr'><strong>Arsaphes</strong></span> <span class='ocrx_word' id='word_1_565' title='bbox 1415 2853 1535 2875; x_wconf 84' lang='lat' dir='ltr'><strong>nomen</strong></span> <span class='ocrx_word' id='word_1_566' title='bbox 1559 2847 1666 2884; x_wconf 83' lang='lat' dir='ltr'><strong>gerat,</strong></span> <span class='ocrx_word' id='word_1_567' title='bbox 1681 2852 1747 2884; x_wconf 89' lang='lat' dir='ltr'><strong>quo</strong></span> <span class='ocrx_word' id='word_1_568' title='bbox 1762 2843 1854 2875; x_wconf 82' lang='lat' dir='ltr'><strong>sortis</strong></span> <span class='ocrx_word' id='word_1_569' title='bbox 1870 2844 2076 2884; x_wconf 84' lang='lat' dir='ltr'><strong>significatur.</strong></span> <span class='ocrx_word' id='word_1_570' title='bbox 2092 2845 2216 2877; x_wconf 79' lang='lat' dir='ltr'><strong>indicat</strong></span> <span class='ocrx_word' id='word_1_571' title='bbox 2230 2846 2292 2876; x_wconf 90' lang='lat' dir='ltr'><strong>hoc</strong></span> 
     </span>
     <span class='ocr_line' id='line_1_90' title="bbox 1236 2896 2289 2937; baseline 0.002 -10"><span class='ocrx_word' id='word_1_572' title='bbox 1236 2896 1333 2927; x_wconf 78' lang='lat' dir='ltr'><strong>etiam</strong></span> <span class='ocrx_word' id='word_1_573' title='bbox 1363 2898 1533 2927; x_wconf 82' lang='lat' dir='ltr'><strong>Hermaeus</strong></span> <span class='ocrx_word' id='word_1_574' title='bbox 1548 2896 1652 2934; x_wconf 90' lang='lat' dir='ltr'><strong>primo</strong></span> <span class='ocrx_word' id='word_1_575' title='bbox 1668 2897 1715 2927; x_wconf 90' lang='lat' dir='ltr'><strong>De</strong></span> <span class='ocrx_word' id='word_1_576' title='bbox 1732 2896 1886 2936; x_wconf 77' lang='lat' dir='ltr'><strong>AEgyptiis</strong></span> <span class='ocrx_word' id='word_1_577' title='bbox 1905 2896 2006 2936; x_wconf 85' lang='lat' dir='ltr'><strong>libro,</strong></span> <span class='ocrx_word' id='word_1_578' title='bbox 2031 2897 2191 2929; x_wconf 79' lang='lat' dir='ltr'><strong>validum</strong></span> <span class='ocrx_word' id='word_1_579' title='bbox 2210 2905 2289 2937; x_wconf 87' lang='lat' dir='ltr'><strong>esse,</strong></span> 
     </span>
     <span class='ocr_line' id='line_1_91' title="bbox 1236 2946 1810 2988; baseline -0.002 -8"><span class='ocrx_word' id='word_1_580' title='bbox 1236 2948 1262 2980; x_wconf 88' lang='lat' dir='ltr'><strong>si</strong></span> <span class='ocrx_word' id='word_1_581' title='bbox 1278 2948 1518 2988; x_wconf 85' lang='lat' dir='ltr'><strong>interpretetur,</strong></span> <span class='ocrx_word' id='word_1_582' title='bbox 1533 2946 1638 2978; x_wconf 81' lang='lat' dir='ltr'><strong>Osirin</strong></span> <span class='ocrx_word' id='word_1_583' title='bbox 1652 2946 1810 2987; x_wconf 90' lang='lat' dir='ltr'><strong>inquiens.</strong></span> 
     </span>
    </p>

    <p class='ocr_par' dir='ltr' id='par_1_34' title="bbox 1235 3000 2292 3192">
     <span class='ocr_line' id='line_1_92' title="bbox 1277 3000 2291 3042; baseline 0 -10"><span class='ocrx_word' id='word_1_584' title='bbox 1277 3002 1332 3032; x_wconf 88' lang='lat' dir='ltr'><strong>Est</strong></span> <span class='ocrx_word' id='word_1_585' title='bbox 1362 3000 1461 3032; x_wconf 84' lang='lat' dir='ltr'><strong>Osiris</strong></span> <span class='ocrx_word' id='word_1_586' title='bbox 1479 3000 1642 3031; x_wconf 83' lang='lat' dir='ltr'><strong>beneficus</strong></span> <span class='ocrx_word' id='word_1_587' title='bbox 1659 3009 1666 3030; x_wconf 94' lang='lat'><strong>:</strong></span> <span class='ocrx_word' id='word_1_588' title='bbox 1695 3000 1727 3031; x_wconf 87' lang='lat' dir='ltr'><strong>et</strong></span> <span class='ocrx_word' id='word_1_589' title='bbox 1748 3008 1866 3031; x_wconf 86' lang='lat' dir='ltr'><strong>nomen</strong></span> <span class='ocrx_word' id='word_1_590' title='bbox 1885 3001 1944 3032; x_wconf 87' lang='lat' dir='ltr'><strong>hoc</strong></span> <span class='ocrx_word' id='word_1_591' title='bbox 1972 3001 2075 3033; x_wconf 82' lang='lat' dir='ltr'><strong>multa</strong></span> <span class='ocrx_word' id='word_1_592' title='bbox 2094 3001 2291 3042; x_wconf 83' lang='lat' dir='ltr'><strong>significans,</strong></span> 
     </span>
     <span class='ocr_line' id='line_1_93' title="bbox 1236 3051 2291 3093; baseline 0.001 -10"><span class='ocrx_word' id='word_1_593' title='bbox 1236 3053 1395 3093; x_wconf 81' lang='lat' dir='ltr'><strong>praecipue</strong></span> <span class='ocrx_word' id='word_1_594' title='bbox 1420 3051 1487 3083; x_wconf 86' lang='lat' dir='ltr'><strong>vim</strong></span> <span class='ocrx_word' id='word_1_595' title='bbox 1515 3051 1678 3084; x_wconf 85' lang='lat' dir='ltr'><strong>efficacem</strong></span> <span class='ocrx_word' id='word_1_596' title='bbox 1706 3053 1739 3083; x_wconf 90' lang='lat' dir='ltr'><strong>et</strong></span> <span class='ocrx_word' id='word_1_597' title='bbox 1767 3051 1944 3084; x_wconf 84' lang='lat' dir='ltr'><strong>beneficam</strong></span> <span class='ocrx_word' id='word_1_598' title='bbox 1970 3052 2124 3093; x_wconf 83' lang='lat' dir='ltr'><strong>designat.</strong></span> <span class='ocrx_word' id='word_1_599' title='bbox 2146 3053 2291 3085; x_wconf 78' lang='lat' dir='ltr'><strong>Alterum</strong></span> 
     </span>
     <span class='ocr_line' id='line_1_94' title="bbox 1237 3103 2292 3147; baseline -0.001 -10"><span class='ocrx_word' id='word_1_600' title='bbox 1237 3106 1332 3145; x_wconf 79' lang='lat' dir='ltr'><strong>huJ&#39;us</strong></span> <span class='ocrx_word' id='word_1_601' title='bbox 1343 3105 1394 3137; x_wconf 89' lang='lat' dir='ltr'><strong>dei</strong></span> <span class='ocrx_word' id='word_1_602' title='bbox 1403 3113 1523 3137; x_wconf 90' lang='lat' dir='ltr'><strong>nomen</strong></span> <span class='ocrx_word' id='word_1_603' title='bbox 1535 3128 1545 3145; x_wconf 93' lang='lat'>‚</span> <span class='ocrx_word' id='word_1_604' title='bbox 1560 3103 1647 3145; x_wconf 87' lang='lat' dir='ltr'><strong>quod</strong></span> <span class='ocrx_word' id='word_1_605' title='bbox 1655 3105 1703 3136; x_wconf 85' lang='lat' dir='ltr'><strong>cst</strong></span> <span class='ocrx_word' id='word_1_606' title='bbox 1717 3104 1870 3146; x_wconf 85' lang='lat' dir='ltr'><strong>Omphis,</strong></span> <span class='ocrx_word' id='word_1_607' title='bbox 1885 3107 2054 3138; x_wconf 85' lang='lat' dir='ltr'><strong>Hermaeus</strong></span> <span class='ocrx_word' id='word_1_608' title='bbox 2063 3106 2292 3147; x_wconf 83' lang='lat' dir='ltr'><strong>interpretatur</strong></span> 
     </span>
     <span class='ocr_line' id='line_1_95' title="bbox 1235 3158 1428 3192; baseline -0.005 -2"><span class='ocrx_word' id='word_1_609' title='bbox 1235 3158 1428 3192; x_wconf 79' lang='lat' dir='ltr'><strong>beneficum.</strong></span> 
     </span>
    </p>
   </div>
   <div class='ocr_carea' id='block_1_27' title="bbox 1607 3222 1920 3262">
    <p class='ocr_par' dir='ltr' id='par_1_35' title="bbox 1607 3222 1920 3262">
     <span class='ocr_line' id='line_1_96' title="bbox 1607 3222 1920 3262; baseline 0.003 -2"><span class='ocrx_word' id='word_1_610' title='bbox 1607 3222 1920 3262; x_wconf 86' lang='lat' dir='ltr'><strong>PHRYGIACA.</strong></span> 
     </span>
    </p>
   </div>
   <div class='ocr_carea' id='block_1_28' title="bbox 1234 3306 2288 3508">
    <p class='ocr_par' dir='ltr' id='par_1_36' title="bbox 1234 3306 2288 3508">
     <span class='ocr_line' id='line_1_97' title="bbox 1742 3306 1776 3339; baseline -0.029 0"><span class='ocrx_word' id='word_1_611' title='bbox 1742 3306 1776 3339; x_wconf 87' lang='lat'><strong>1.</strong></span> 
     </span>
     <span class='ocr_line' id='line_1_98' title="bbox 1275 3359 2288 3404; baseline 0 -13"><span class='ocrx_word' id='word_1_612' title='bbox 1275 3360 1422 3392; x_wconf 88' lang='lat' dir='ltr'><strong>Nascitur</strong></span> <span class='ocrx_word' id='word_1_613' title='bbox 1435 3361 1469 3393; x_wconf 86' lang='lat' dir='ltr'><strong>in</strong></span> <span class='ocrx_word' id='word_1_614' title='bbox 1479 3362 1630 3403; x_wconf 77' lang='lat' dir='ltr'><strong>sangario</strong></span> <span class='ocrx_word' id='word_1_615' title='bbox 1643 3362 1735 3404; x_wconf 86' lang='lat' dir='ltr'><strong>lapis,</strong></span> <span class='ocrx_word' id='word_1_616' title='bbox 1750 3364 1850 3395; x_wconf 80' lang='lat' dir='ltr'><strong>Aster</strong></span> <span class='ocrx_word' id='word_1_617' title='bbox 1862 3362 1979 3403; x_wconf 90' lang='lat' dir='ltr'><strong>dictus,</strong></span> <span class='ocrx_word' id='word_1_618' title='bbox 1994 3362 2048 3403; x_wconf 89' lang='lat' dir='ltr'><strong>qui</strong></span> <span class='ocrx_word' id='word_1_619' title='bbox 2066 3362 2171 3393; x_wconf 85' lang='lat' dir='ltr'><strong>lucere</strong></span> <span class='ocrx_word' id='word_1_620' title='bbox 2182 3359 2288 3392; x_wconf 86' lang='lat' dir='ltr'><strong>media</strong></span> 
     </span>
     <span class='ocr_line' id='line_1_99' title="bbox 1234 3413 2287 3456; baseline -0.001 -12"><span class='ocrx_word' id='word_1_621' title='bbox 1234 3414 1329 3445; x_wconf 89' lang='lat' dir='ltr'><strong>nocte</strong></span> <span class='ocrx_word' id='word_1_622' title='bbox 1342 3413 1443 3446; x_wconf 85' lang='lat' dir='ltr'><strong>instar</strong></span> <span class='ocrx_word' id='word_1_623' title='bbox 1461 3415 1541 3456; x_wconf 85' lang='lat' dir='ltr'><strong>ignis</strong></span> <span class='ocrx_word' id='word_1_624' title='bbox 1556 3415 1624 3456; x_wconf 89' lang='lat' dir='ltr'><strong>ipso</strong></span> <span class='ocrx_word' id='word_1_625' title='bbox 1637 3415 1804 3448; x_wconf 87' lang='lat' dir='ltr'><strong>auctumni</strong></span> <span class='ocrx_word' id='word_1_626' title='bbox 1821 3415 1912 3447; x_wconf 87' lang='lat' dir='ltr'><strong>initio</strong></span> <span class='ocrx_word' id='word_1_627' title='bbox 1928 3414 2106 3447; x_wconf 89' lang='lat' dir='ltr'><strong>consuevit.</strong></span> <span class='ocrx_word' id='word_1_628' title='bbox 2122 3413 2287 3452; x_wconf 87' lang='lat' dir='ltr'><strong>Indigena-</strong></span> 
     </span>
     <span class='ocr_line' id='line_1_100' title="bbox 1234 3464 2287 3508; baseline -0.001 -12"><span class='ocrx_word' id='word_1_629' title='bbox 1234 3473 1305 3497; x_wconf 89' lang='lat' dir='ltr'><strong>rum</strong></span> <span class='ocrx_word' id='word_1_630' title='bbox 1323 3464 1461 3499; x_wconf 78' lang='lat' dir='ltr'><strong>dialecto</strong></span> <span class='ocrx_word' id='word_1_631' title='bbox 1477 3467 1602 3500; x_wconf 81' lang='lat' dir='ltr'><strong>Ballen</strong></span> <span class='ocrx_word' id='word_1_632' title='bbox 1620 3469 1765 3508; x_wconf 83' lang='lat' dir='ltr'><strong>vocatur,</strong></span> <span class='ocrx_word' id='word_1_633' title='bbox 1783 3466 1869 3507; x_wconf 86' lang='lat' dir='ltr'><strong>quod</strong></span> <span class='ocrx_word' id='word_1_634' title='bbox 1886 3467 1911 3499; x_wconf 94' lang='lat' dir='ltr'><strong>si</strong></span> <span class='ocrx_word' id='word_1_635' title='bbox 1929 3465 2162 3506; x_wconf 83' lang='lat' dir='ltr'><strong>interpreteris,</strong></span> <span class='ocrx_word' id='word_1_636' title='bbox 2182 3472 2287 3504; x_wconf 79' lang='lat' dir='ltr'><strong>regem</strong></span> 
     </span>
    </p>
   </div>
  </div>
 </body>
</html>
