2372 3704
169 264 242 298 ⁴10

248 378 576 438 GORGIAS
615 380 1118 441 ATHENIENSIS.

496 498 621 537 ΠΕΡΙ
649 499 891 540 ΕΤΑΙΡΩΝ.

671 601 704 626 1.

217 663 417 699 Athenaeus
438 629 537 700 XIII
550 690 561 709 ‚
579 677 619 712 p.
636 663 726 708 583,
748 667 817 702 D.
841 665 887 702 Αἱ
903 663 970 716 γὰρ
986 663 1093 702 καλαι
1111 665 1210 713 ἡμων

166 719 307 766 Ἀθῆναι
338 724 498 759 τοσοῦτον
533 723 663 768 πλῆθος
693 722 844 772 ἤνεγκαν
877 724 1037 774 ἑταιρῶν,
1054 722 1136 773 περὶ
1161 724 1209 759 ὥν

164 778 469 830 ἐπεξελεύσομαι’
449 795 528 818 οσον
545 795 584 830 γε
602 779 776 830 δύναμαι,
789 779 868 818 οσον
879 780 983 832 ὄχλον
999 781 1210 830 εὖανδρουσα

161 837 260 881 πόλις
282 839 345 876 οὔκ
379 837 493 890 ἔσχεν.
552 838 740 891 Ἀνέγραψε
768 842 849 888 γοῦν
881 839 972 889 Ἀρι
982 854 1002 876 σ
1013 854 1033 876 τ
1043 854 1060 876 0
1071 854 1093 891 φ
1106 839 1183 885 άνη
1195 855 1211 882 ς

161 895 225 946 μὲν
261 899 280 934 ὁ
313 897 452 941 Βυζάν
465 912 554 940 τιος
594 896 719 935 ἑκατὸν
764 897 824 934 καὶ
860 897 1047 949 τριάκοντα
1085 897 1208 942 πέντε,

161 954 497 1008 Ἀπολλόδωρος
524 954 559 993 δὲ
580 954 709 993 τούτων
739 954 892 1002 πλείους,
915 958 933 993 ὁ
955 955 1147 1006 Γοργίας
1175 955 1210 992 δὲ

163 1013 328 1061 πλέονας,
348 1015 628 1066 παραλειφθῆναι
647 1013 835 1066 φάσκοντες
855 1013 922 1050 ὑπὸ
938 1017 998 1051 τοῦ
1019 1013 1211 1065 Ἀριστο-

161 1071 326 1125 φᾶνους
346 1071 434 1122 μετὰ
457 1073 602 1122 ἑταιρῶν
624 1071 792 1110 πλειόνων
813 1071 872 1109 καὶ
892 1071 999 1110 τάσδε
1012 1086 1021 1095 ·
1039 1070 1102 1118 τὴν
1127 1071 1210 1111 Ποί-

163 1145 272 1183 ροινον
287 1131 552 1177 ἐπικληθεῖσαν,
570 1130 629 1168 καὶ
644 1130 859 1183 Λαμπυρίδα
869 1160 878 1178 ,
890 1131 950 1168 καὶ
963 1130 1190 1183 Εὐφροσύνην
1201 1146 1209 1155 ·

161 1188 251 1236 αὕτη
273 1189 308 1227 δὲ
324 1183 366 1236 ἦν
380 1189 538 1241 γναφέως
554 1189 724 1243 θυγάτηρ.
783 1189 952 1243 Ἄγραφοι
967 1191 997 1227 δ’
1012 1189 1099 1227 εἰσὶν
1115 1191 1210 1243 αὐτῷ

161 1246 322 1298 Μεγίστη
337 1279 347 1295 ,
385 1248 545 1299 Ἀγαλλὶς
557 1279 567 1297 ,
617 1249 844 1301 Θαυμάριον,
878 1248 1052 1287 Θεόκλεια
1065 1263 1074 1272 ·
1121 1247 1209 1297 αὕτη

162 1307 192 1343 δ’
206 1307 412 1345 ἐπεκαλεῖτο
433 1306 582 1360 Κορώνη
595 1322 603 1331 ·
624 1307 905 1354 Ληναιτόκυστος
917 1337 927 1355 ,
949 1306 1101 1360 Ἄστρα,
1117 1306 1208 1346 Γνά-

159 1367 280 1411 θαινα,
303 1365 363 1403 καὶ
383 1365 513 1413 ταύτης
543 1368 732 1418 θυγατριδῆ
763 1366 988 1406 Γναθαίνιον·
1012 1366 1072 1404 καὶ
1092 1365 1207 1417 Σιγὴ,

159 1423 220 1461 καὶ
243 1425 398 1477 Συνωρὶς
426 1429 448 1472 ἡ
474 1425 610 1477 Λύχνος
629 1424 912 1475 ἐπικαλουμένη,
939 1425 1000 1464 καὶ
1030 1427 1209 1474 Εὔκλεια,

158 1482 218 1520 καὶ
238 1483 492 1533 Γρυμαία,καὶ
503 1485 698 1534 Θρυαλλὶς,
719 1482 769 1522 ἔτι
786 1483 947 1536 Χίμαιρα
958 1483 1018 1521 καὶ
1036 1482 1206 1533 Λαμπάς.

213 1543 389 1590 Ejusdem
433 1544 581 1591 Gorgiae
629 1545 831 1580 Athenaeus
872 1545 1046 1579 meminit
1087 1545 1184 1580 XIII
1196 1570 1207 1589 ‚

159 1614 199 1649 p.
222 1600 354 1647 567,A
374 1615 382 1637 :
406 1599 456 1639 Σὺ
474 1600 521 1647 δὲ,
537 1594 564 1638 ὦ
585 1601 745 1653 σοφιστὰ,
765 1602 800 1638 ἐν
814 1601 883 1644 τοῖς
902 1600 1105 1648 καπηλείοις
1125 1617 1207 1639 συν·

159 1657 342 1710 αναφύρῃ,
369 1661 406 1696 οὐ
428 1661 502 1709 μεθ’
528 1659 688 1710 ἑταίρων,
711 1658 802 1697 ἀλλὰ
833 1658 922 1710 μετὰ
947 1661 1105 1711 ἑταιρῶν,
1135 1674 1208 1709 μα-

159 1716 415 1766 στροπευούσας
437 1717 516 1768 περὶ
537 1717 662 1755 σαυτὸν
683 1719 746 1756 οὐκ
762 1717 880 1768 ὀλίγας
903 1716 1008 1770 ἔχων,
1023 1718 1087 1755 ’καὶ
1109 1733 1210 1771 περι-

159 1775 271 1828 φέρων
312 1776 366 1813 ἀεὶ
407 1775 541 1814 τοιαυτὶ
580 1776 699 1828 βιὸλία
745 1776 1093 1829 Ἀριστοφάνους
1146 1775 1208 1814 καὶ

158 1833 420 1887 Ἀπολλοδώρου
438 1835 498 1873 καὶ
514 1835 552 1872 Ἀ
565 1835 758 1885 μμωνίου
791 1835 862 1873 καὶ
897 1835 1208 1888 ’Λντιφάνους,

157 1892 208 1931 ἔτι
229 1892 265 1931 δὲ
282 1895 471 1946 Γοργίου
491 1897 550 1932 τοῦ
570 1894 773 1940 Ἀθηναίου,
795 1894 935 1932 πάντων
959 1892 1092 1932 τούτων
1119 1908 1203 1944 συγ-

156 1952 379 2005 γεγραφότων
393 1953 473 2005 περὶ
493 1955 560 1991 τῶν
578 1952 760 2000 Ἀθήνησιν
779 1952 970 2005 ἑταιρίδων.

660 2044 697 2069 2.

207 2103 316 2139 Idem
338 2104 458 2152 XIII,
486 2116 526 2152 p.
550 2101 641 2151 596,
668 2103 728 2140 F:
750 2103 976 2153 Στρατοκλῆς
999 2101 1027 2138 δ’
1046 2103 1064 2139 ὁ
1091 2100 1208 2154 ῥήτωρ

155 2159 332 2212 ἐρωμένην
357 2164 430 2212 εἶχε
454 2159 516 2206 τὴν
543 2160 789 2206 ἐπικληθεῖσαν
811 2159 940 2210 Λήμην
965 2159 1121 2211 ἑταίραν,
1144 2158 1206 2206 τὴν

155 2217 372 2267 καλουμένην
401 2217 603 2270 Παρόραμα
624 2216 848 2271 (παρόραμον
873 2217 1207 2269 εᾶ.Α1ᾶ.·,δίδρα-

155 2291 246 2348 χμον
265 2278 367 2325 conj.
383 2278 630 2315 Valckenar:
622 2277 830 2327 ,πάνορμον
845 2277 1002 2327 Jacobs)
1021 2276 1078 2314 διὰ
1091 2275 1130 2314 τὸ
1146 2275 1206 2314 καὶ

157 2336 216 2373 δύο
246 2337 414 2387 δραχμων
442 2341 563 2388 φοιτᾶν
592 2335 678 2387 πρὸς
709 2336 767 2374 τὸν
799 2334 1019 2387 βουλόμενον,
1050 2334 1094 2378 ὥς
1123 2351 1206 2388 φησι

157 2395 187 2433 l
196 2393 343 2443 οργίας
361 2395 394 2431 ἐν
414 2395 463 2430 τῶ
482 2393 606 2445 Περι(
592 2397 748 2446 εταιρῶν.

211 2453 418 2490 «Fortasse
450 2454 610 2502 Gorgias
640 2455 742 2500 idem
773 2460 828 2490 est
851 2454 958 2501 cujus
979 2455 1121 2490 librum
1142 2455 1199 2490 De
1232 2497 1236 2500 Δ

433 2593 496 2630 DE
519 2591 921 2630 MERETRICIBUS.

666 2677 698 2709 1.

197 2743 366 2783 Elegantes
387 2743 508 2774 nostrae
533 2742 666 2774 Athenae
696 2742 819 2774 tantam
846 2742 1088 2774 multitudinem
1119 2742 1203 2773 tule-

156 2797 231 2828 runt
248 2797 470 2837 meretricum,
487 2796 527 2827 de
543 2795 660 2836 quibus
681 2795 787 2835 quoad
807 2794 875 2827 fieri
894 2795 1010 2836 poterit
1033 2795 1184 2826 disseram
1196 2819 1204 2833 ,

156 2849 309 2888 quantam
324 2847 459 2879 sortibus
478 2847 554 2879 viris
567 2848 652 2879 clara
667 2847 780 2879 civitas
795 2847 883 2878 nulla
896 2846 1020 2878 habuit.
1037 2847 1206 2878 Recensuit

155 2900 285 2940 quidem
295 2901 520 2940 Aristophanes
530 2901 703 2942 Byzantius
715 2901 844 2932 eentum
858 2901 890 2932 et
902 2899 1031 2940 triginta
1041 2899 1183 2939 quinque
1196 2909 1203 2929 :

155 2953 367 2993 Apollodorus
387 2963 464 2986 vero
487 2954 640 2994 maj0rem
666 2962 857 2994 numerum,
883 2954 915 2985 et
929 2953 1034 2984 adhuc
1052 2951 1203 2992 majorem

156 3006 287 3046 Gorgias
295 3017 304 3045 ;
320 3007 374 3046 qui
388 3006 500 3038 dicunt
517 3007 557 3038 ab
569 3007 778 3048 Aristophane
790 3007 923 3038 omissas
936 3015 1004 3038 esse
1017 3015 1117 3046 quum
1127 3006 1206 3037 alias

155 3058 286 3097 multas,
297 3059 365 3089 tum
380 3058 494 3090 hasce:
512 3060 679 3090 Paroenam
695 3058 749 3099 (id
761 3060 808 3090 est
826 3058 1001 3098 Vinosam)
1013 3066 1086 3098 quae
1097 3066 1206 3096 cogno-

155 3109 277 3140 minata
303 3112 370 3148 est,
402 3113 434 3141 et
463 3110 706 3150 Lampyridem‚
734 3111 765 3142 et
796 3110 1024 3150 Euphrosynen
1036 3134 1046 3149 ‚
1079 3109 1206 3140 fullonis

155 3159 261 3191 tiliam.
276 3160 408 3192 Silentio
422 3170 498 3192 vero
514 3161 610 3193 etiam
630 3161 737 3192 abillo
755 3162 925 3202 praeteritae
941 3163 1015 3193 sunt
1029 3171 1036 3192 2
1054 3161 1185 3201 Megista
1197 3185 1205 3200 ,

154 3212 271 3253 Agailis
282 3237 291 3252 ‚
303 3213 517 3245 Thaumarion
530 3237 539 3253 ,
553 3213 723 3253 Theoclea,
739 3223 812 3254 quae
834 3215 961 3246 Cornix
982 3214 1205 3254 cognominata

154 3265 221 3303 est,
236 3266 492 3304 Lenaetocystus,
509 3265 619 3304 Astra,
637 3266 835 3304 Gnathaena‚
846 3267 878 3297 et
892 3265 988 3305 huJus
1000 3265 1104 3306 neptis
1121 3267 1202 3297 Gna-

153 3316 317 3348 thaenium·
333 3329 340 3348 :
358 3317 429 3348 tum
452 3319 541 3357 Siga,
565 3320 597 3348 et
624 3317 753 3357 synoris
774 3318 963 3358 cognomine
989 3319 1156 3358 Lyclmus,
1173 3319 1204 3350 et

154 3369 290 3408 Euclea,
317 3371 348 3401 et
376 3371 543 3409 &yma-a,
568 3370 601 3400 et
625 3369 797 3409 Thryallis3
814 3368 952 3409 denique
971 3370 1132 3402 Chimaera
1145 3394 1153 3410 ,
1171 3370 1204 3402 et

156 3422 303 3461 Lampas.

780 259 996 300 GORGIAE
1029 261 1390 316 ATHENIENSIS‚
1436 261 1649 307 GORGON
1653 269 1698 308 IS
1706 299 1715 318 ,

1275 353 1406 403 figuris
1422 355 1586 391 Rutilius
1607 358 1737 404 Lupus
1755 357 1793 391 in
1808 357 1974 405 linguam
1989 357 2140 394 latinam
2158 365 2320 396 transtu·

1271 413 1340 458 iit,
1362 413 1409 449 de
1429 426 1505 461 quo
1530 415 1665 452 Cicero
1694 417 1792 464 Epp.
1821 415 1870 452 ad
1889 417 1973 453 Div.
1990 416 2087 454 XVI
2101 444 2112 463 ,
2141 430 2211 463 213
2231 418 2320 454 Plu-

1275 471 1395 507 tarch.
1415 473 1494 508 Cic.
1532 478 1594 517 24.
1631 473 1686 511 Cf.
1707 474 1911 512 Ruhnken.
1932 475 2079 523 praefat.
2114 476 2165 512 ad
2195 471 2319 513 Rutu.

1273 531 1370 578 Lup.
1386 542 1426 578 p.
1451 543 1496 567 10
1514 542 1570 579 sq.
1592 546 1607 564 »
1630 533 1894 569 Westermann
1914 532 1963 569 ad
1980 535 2082 571 voss.
2097 546 2140 583 p.
2163 538 2254 578 444.

1637 757 1960 815 GORGON.

1403 843 1538 922 ’ΠΕΡΙ
1565 883 1671 923 ΤΩΝ
1706 885 1772 924 EN
1810 885 1945 940 ΡοΔῼ
1976 886 2177 927 ΘΥΣιΩΝ.

1782 993 1816 1016 1.

1326 1060 1524 1096 Athenaeus
1532 1060 1614 1106 XV,
1624 1072 1665 1109 p.
1683 1059 1774 1109 696,
1787 1061 1818 1099 F
1831 1073 1841 1096 e
1862 1059 1960 1099 Καὶὸ
1974 1061 2021 1105 εἷς
2035 1062 2255 1112 Πτολεμαῖον
2272 1061 2322 1110 δὲ,

1273 1117 1331 1155 τὸν
1360 1119 1497 1170 πρῶτον
1518 1117 1700 1169 Αἰγύπτου
1722 1117 1980 1169 βασιλεύσαντα
1994 1149 2004 1168 ,
2026 1119 2134 1158 παιάν
2162 1122 2266 1169 ἐστιν,
2283 1121 2320 1160 ὃν

1274 1176 1396 1230 ᾄδουσι
1414 1174 1562 1215 Ῥόδιοι·
1584 1175 1656 1228 ἔχει
1669 1175 1737 1229 γὰρ
1756 1175 1796 1214 τὸ
1820 1176 1871 1223 Ἰὴ
1899 1175 2008 1215 παιὰν
2039 1177 2259 1230 ἐπίφθεγμα,
2275 1178 2321 1224 ὥς

1273 1250 1358 1289 φησι
1374 1235 1516 1287 Γόργων
1534 1236 1568 1273 ἓν
1591 1237 1641 1287 τῷ
1659 1234 1748 1286 Περὶ
1767 1237 1836 1273 τῶν
1855 1236 1890 1273 ἐν
1910 1235 2024 1288 Ῥόδῳ
2044 1239 2184 1279 θυσιῶν.

1325 1295 1434 1332 Libri
1453 1293 1632 1346 Γεωργὸς,
1647 1295 1754 1343 quod
1773 1296 1940 1332 correxit
1953 1295 2211 1336 casaubonus.
2234 1294 2319 1349 Γόρ-

1272 1369 1342 1404 γων
1360 1367 1503 1390 nomen
1529 1355 1698 1390 occurrit
1719 1355 1832 1390 etiam
1851 1355 1892 1390 in
1903 1356 2078 1405 inscript.
2103 1357 2228 1392 Attica
2255 1367 2316 1405 ap.

1272 1413 1439 1449 Boeckh.
1461 1412 1505 1451 C.
1528 1413 1547 1448 I
1583 1414 1679 1462 1‚p.
1704 1425 1779 1462 29²
1795 1440 1806 1459 ,
1828 1412 1891 1449 32.

1776 1509 1814 1534 2.

1326 1572 1492 1619 Hesych.
1510 1585 1518 1607 ι
1538 1571 1908 1622 Καταρραπτίτης
1925 1571 2070 1622 (codex
2087 1571 2317 1624 Καταραπτί-

1270 1632 1374 1679 της).
1396 1628 1538 1680 Γόργων
1559 1630 1594 1666 ἐν
1611 1631 1660 1681 τῷ
1674 1629 1771 1681 μΠερὶ
1791 1632 1928 1667 θυσιῶν.

1325 1687 1657 1735 Ἐπιπολιαῖος,
1698 1687 1835 1740 Ἑρμῆς
1860 1690 1895 1726 ἐν
1924 1687 2057 1741 Ῥόδῳ,
2095 1690 2142 1732 ὡς
2177 1688 2319 1741 Γόργων

1269 1747 1408 1798 ἱστορεῖ.

1324 1808 1499 1844 Ceterum
1520 1819 1599 1842 non
1619 1806 1665 1842 de
1685 1805 1876 1842 sacrificiis
1902 1814 2068 1852 tantum,
2090 1807 2157 1843 sed
2176 1807 2223 1843 de
2239 1808 2319 1843 aliis

1271 1878 1425 1914 quoque
1445 1866 1557 1900 rebus
1572 1878 1654 1913 quae
1673 1865 1723 1900 ad
1740 1866 1913 1902 Rhodios
1928 1867 2134 1916 pertinent,
2157 1866 2314 1915 Gorgo-

1269 1937 1357 1961 nem
1377 1925 1565 1972 scripsisse
1582 1925 1737 1972 colligas
1755 1937 1773 1960 e
1788 1925 1910 1963 schol.
1931 1925 2098 1962 Pindari.

1777 2004 1815 2042 3.

1324 2079 1450 2116 Schol.
1473 2078 1626 2116 Pindar.
1659 2079 1710 2114 ad
1736 2079 1890 2128 Olymp.
1915 2080 2004 2123 VII,
2035 2092 2050 2115 1
2082 2078 2211 2128 (quod
2235 2091 2318 2116 car·

1271 2151 1359 2175 men
1369 2139 1543 2187 Diagorae
1559 2138 1715 2174 Rhodio
1732 2135 1936 2187 scriptum)
1959 2151 1968 2174 :
1982 2135 2127 2184 Ταύτην
2142 2137 2205 2182 τὴν
2225 2137 2318 2190 ᾠδὴν

1273 2194 1479 2233 ἀνακεῖσθαί
1500 2210 1584 2248 φησι
1614 2194 1756 2246 Γόργων
1789 2198 1824 2234 ἐν
1854 2198 1903 2247 τῷ
1922 2198 1984 2242 τῆς
2011 2195 2154 2239 Λινδίας
2174 2195 2318 2241 Ἀθηνᾶς

1267 2255 1349 2307 ἱερῷ
1368 2258 1507 2307 χρυσοῖς
1526 2254 1746 2305 γράμμασιν.
1767 2257 1809 2291 V.
1840 2255 1997 2292 Boeckh.
2025 2255 2072 2291 ad
2092 2256 2132 2292 h.
2151 2268 2314 2292 carmen.

1267 2317 1324 2352 De
1344 2317 1508 2364 Diagora
1531 2314 1580 2352 cf.
1602 2327 1717 2363 supra
1737 2314 1871 2364 fragm.
1888 2315 2044 2363 Apollae.

1685 2425 1901 2441 ⁴0-—

1310 2615 1483 2648 stratocles
1506 2616 1616 2647 orator
1628 2617 1782 2646 amasiam
1799 2613 1931 2654 habuit,
1952 2615 2074 2646 Lemen
2088 2612 2148 2653 (id
2160 2614 2228 2649 esc,
2244 2621 2316 2654 gra·

1266 2668 1363 2699 miam
1378 2669 1387 2707 )
1405 2668 1662 2707 cognominatam
1673 2692 1681 2707 ‚
1696 2676 1770 2707 quae
1784 2669 1982 2699 Par-orama
1999 2665 2084 2708 [sive
2104 2665 2315 2705 Didrachma,

1265 2723 1333 2752 sive
1343 2720 1550 2762 PanormusP]
1559 2720 1785 2752 nominabatur
1798 2729 1835 2752 eo
1849 2719 1936 2761 quod
1944 2720 2082 2751 duarum
2089 2719 2316 2751 drachmarum

1265 2772 1366 2811 pretio
1389 2781 1627 2812 quemcumque
1645 2773 1805 2804 volentem
1823 2771 2056 2812 conveniebat,
2070 2771 2107 2803 ut
2121 2771 2166 2803 ait
2185 2771 2316 2811 Gorgias

1266 2823 1298 2853 in
1314 2823 1394 2854 libro
1413 2826 1458 2855 De
1471 2823 1703 2855 meretricibus.

1517 2892 1582 2930 DE
1601 2891 1775 2930 SACRIS
1794 2892 1847 2930 IN
1867 2891 2059 2931 RHODO.

1772 2969 1804 3001 1.

1306 3030 1389 3062 liiud
1414 3030 1491 3061 item
1504 3053 1513 3069 ‚
1533 3030 1619 3070 quod
1634 3029 1666 3061 in
1680 3030 1891 3062 Ptolemaeum
1912 3028 2052 3070 primum
2068 3029 2194 3070 AEgypti
2207 3037 2313 3070 regem

1265 3083 1384 3114 canunt
1398 3081 1533 3121 Rhodii,
1548 3090 1621 3113 vere
1631 3090 1724 3122 paean
1740 3082 1787 3112 est
1804 3093 1811 3112 :
1828 3081 1924 3112 habet
1936 3080 2022 3112 enim
2037 3081 2312 3122 acclamationem,

1265 3137 1299 3166 Ie
1316 3136 1420 3166 Poean
1429 3143 1442 3171 ;
1460 3134 1497 3164 ut
1509 3133 1553 3164 ait
1569 3135 1697 3173 Gorgon
1707 3132 1740 3164 in
1751 3132 1833 3164 libro
1847 3134 1893 3164 De
1904 3131 2103 3164 Rhodiorum
2113 3132 2222 3165 sacris.

1774 3188 1807 3219 2.

1306 3242 1571 3283 Καταρραπτίτης.
1594 3243 1722 3281 Gorgon
1741 3241 1774 3273 in
1794 3241 1875 3274 libro
1891 3243 1938 3274 De
1952 3240 2062 3273 sacris.

1305 3294 1514 3331 Ἐπιπολιαῖος
1523 3317 1533 3334 ,
1545 3293 1722 3326 Mercurius
1733 3294 1767 3325 in
1781 3293 1893 3326 Rhodo
1902 3317 1912 3333 ,
1925 3294 1963 3326 ut
1975 3295 2103 3334 Gorgon
2115 3293 2235 3326 scribit.

1417 3357 1422 3360 ·
1769 3349 1804 3382 3.

1305 3406 1372 3437 Hoc
1386 3404 1514 3437 Pindari
1535 3413 1664 3436 carmen
1679 3405 1784 3437 aureis
1796 3404 1895 3438 literis
1907 3405 2073 3438 exaratum
2087 3404 2226 3446 positum
2239 3411 2309 3436 esse

1264 3456 1295 3487 in
1312 3457 1382 3488 fano
1400 3456 1553 3489 Minervae
1568 3456 1698 3489 Lindiae.
