2326 3724
92 206 162 238 100

87 283 290 332 ἀναζεύξας,
309 287 379 328 τοῖς
401 289 587 337 κρατοῦσιν
614 288 682 324 τῶν
706 285 800 339 ἑῴων
818 285 1006 336 Ῥωμαίων
1024 286 1130 323 πόλε-

86 358 149 391 μον
170 342 231 380 καὶ
252 343 533 396 ἀνδραποδισμὸν
562 347 623 390 τῆς
651 343 770 397 χώρας
799 345 1036 396 κατήγγελλεν
1050 376 1060 393 ‚
1083 348 1130 388 ὡς

85 400 134 449 μὴ
170 401 428 454 ἐκπεμφθέντας
465 407 524 440 τοῦ
563 403 660 454 παρὰ
692 403 881 442 Θεοδοσίου
917 403 1130 454 τεταγμένου

84 460 203 512 φόρου.

321 552 384 576 20.
412 539 525 588 (453.
544 541 729 576 Marciani
749 552 810 576 an.
839 539 898 588 4.)

136 633 285 668 Ibidem
303 646 345 682 p.
370 639 419 677 40
442 644 450 670 Ζ
471 632 558 670 εὈτι
577 632 607 671 ’A
617 630 819 684 ρδαόούριος
840 633 857 669 ὁ
877 635 936 669 τοῦ
957 630 1130 683 Ἄσπαρος

84 691 304 742 Σαρακηνοῒς
324 689 486 740 ἐπολέμει
505 690 596 728 κατὰ
617 690 679 736 τὴν
700 690 892 740 Δαμασκόν
905 706 912 713 ·
935 690 994 727 καὶ
1018 691 1129 727 ἐκεῖσε

82 748 365 800 παραγενομένου
386 749 580 799 Μαξιμίνου
595 753 654 787 τοῦ
671 747 866 801 στρατηγοῦ
888 749 948 787 καὶ
970 749 1128 800 Πρίσκου

81 811 143 845 τοῦ
157 808 401 860 συγγραφέως,
416 803 512 860 εὗρον
529 808 631 846 αὐτὸν
647 809 714 852 τοῖς
729 810 945 860 Σαρακηνῶν
960 808 1129 860 πρέσῦεσι

83 866 163 918 περὶ
182 867 320 918 εἰρήνης
340 867 599 918 διαλεγόμενον.

134 929 191 962 De
211 927 429 962 Ardaburio
458 928 588 971 locus,
618 940 732 974 quem
752 928 880 963 Prisco
900 927 1129 963 Niebuhrius

81 986 269 1031 vindicat,
299 987 438 1033 legitur
454 986 558 1034 apud
580 986 737 1021 Suidam
769 999 777 1021 :
801 983 1041 1036 Ἀρδαέούριος
1060 984 1128 1028 υἱὸς

81 1040 278 1094 Ἀσπαρος,
307 1043 462 1093 γενναῖος
487 1042 545 1079 τὸν
576 1042 681 1091 θυμὸν
707 1042 867 1085 καὶτοὺς
893 1041 956 1088 τὴν
984 1041 1127 1095 Θρᾴκην

80 1100 249 1144 πολλάκις
282 1099 570 1151 καταδραμόντας
608 1100 804 1152 βαρὸάρους
834 1099 1012 1151 εὐρώστως
1037 1102 1127 1138 ἀπο-

79 1159 328 1209 κρουσάμενος.
348 1159 472 1210 Τούτῳ
496 1153 553 1196 οὖν
573 1159 676 1210 γέρας
708 1161 889 1211 ἀριστειῶν
920 1162 938 1196 ὁ
966 1159 1128 1209 βασιλεὺς

78 1212 281 1263 Μαρκιανὸς
311 1211 508 1263 παρέσχετο
538 1210 600 1257 τὴν
633 1210 756 1264 Ἱίῴαν
781 1212 1123 1264 στρατοπεδαρχίαν.

79 1269 307 1309 Καταλαὸὼν
332 1269 367 1307 δὲ
397 1271 431 1308 ἐν
453 1268 572 1321 εἰρήνῃ
605 1269 740 1316 ταύτην
771 1273 789 1308 ὃ
823 1270 1015 1322 στρατηγὸς
1042 1270 1127 1321 πρὸς

80 1328 195 1366 ἄνεσιν
214 1328 347 1380 ἐτράπη
365 1328 425 1366 καὶ
442 1328 622 1381 ῥᾳστώνην
637 1330 875 1381 θηλυδριῶτιν.
894 1326 1045 1380 Ἔχαιρε
1059 1329 1127 1381 γὰρ

80 1388 197 1437 μίμοις
212 1387 272 1424 καὶ
291 1390 559 1437 θαυματοποιοῖς
570 1387 629 1425 καὶ
643 1394 731 1425 πᾶσι
745 1388 920 1434 σκηνικοῗς
934 1386 1126 1438 ἀθύρμασι,

78 1445 138 1483 καὶ
158 1447 227 1490 τοῖς
250 1446 414 1489 τοιούτοις
429 1446 643 1498 διημερεύων
658 1449 814 1498 αἰσχροῖς
832 1445 949 1496 ἠλόγει
968 1447 1125 1495 πάμπαν

79 1507 146 1542 τῶν
176 1505 262 1557 πρὸς
291 1503 451 1543 εὔκλειαν
481 1506 673 1543 τεινόντων.
699 1527 747 1532 ——
777 1507 982 1556 Μαρκιανοῧ
1011 1503 1046 1542 δὲ
1065 1509 1125 1542 τοῦ

79 1563 250 1613 βασιλέως
269 1568 427 1614 χρηστοῦ
450 1563 512 1614 μὲν
532 1562 730 1614 γεγονότος,
754 1567 876 1601 θᾶττον
898 1563 932 1600 δὲ
955 1562 1125 1600 ἐκὸεὸιω-

78 1622 195 1670 κότος,
225 1623 488 1675 αὐτοκελεύστῳ
509 1623 634 1674 γνώμῃ
655 1621 793 1671 ’Άσπαρ
813 1621 946 1661 Λέοντα
967 1622 1124 1674 διάδοχον

78 1683 183 1719 αὐτοῦ
202 1681 359 1732 γενέσθαι
376 1681 648 1733 παρεσκεύασεν.
664 1684 795 1718 Prisco
812 1684 890 1718 haec
905 1683 1023 1718 tribui
1036 1696 1124 1731 pos-

77 1751 185 1787 sunt,
209 1744 240 1777 si
259 1755 305 1778 ex
324 1744 370 1778 iis
391 1755 474 1790 quae
504 1744 654 1778 Priscus
681 1755 751 1790 per
772 1743 900 1790 plures
932 1743 1050 1778 libros
1079 1743 1125 1779 de

76 1802 295 1838 Ardaburio
314 1814 488 1838 narrasse
509 1802 642 1846 debet,
664 1814 783 1849 pauca
804 1801 987 1837 delibasse
1003 1802 1124 1837 Suidae

76 1868 271 1897 auctorem
304 1862 492 1897 statueris.
533 1863 588 1897 De
631 1873 672 1896 re
707 1860 755 1896 cf.
801 1861 1018 1898 Tillemont.
1052 1862 1122 1906 VI,

74 1933 114 1968 p.
137 1921 211 1969 296
229 1933 285 1968 sq.

307 2021 370 2044 21.
393 2007 509 2057 (453.
536 2009 721 2043 Marciani
742 2019 803 2042 an.
826 2012 888 2056 4.)

127 2106 219 2141 Exc.
239 2106 296 2140 De
312 2104 382 2152 leg.
398 2110 499 2151 gent.
515 2116 556 2151 p.
582 2107 644 2145 40.
665 2107 709 2144 41
734 2098 844 2139 ε”Οτι
862 2098 1045 2148 Βλέμμυες
1063 2099 1123 2136 καὶ

73 2213 319 2254 imperatoribus
333 2213 365 2244 in
381 2213 511 2244 Oriente
524 2213 645 2244 bellum
659 2213 691 2243 et
701 2211 937 2252 populationem
952 2210 1122 2241 denuntia·-

76 2265 143 2303 vit‚
165 2266 333 2304 propterea
357 2264 445 2304 quod
468 2264 627 2296 tributum
646 2262 704 2295 sibi
721 2271 739 2293 a
762 2261 942 2294 Theodosio
964 2261 1122 2292 constitu-

75 2319 143 2348 tum
158 2325 222 2348 non
238 2316 427 2347 solveretur.

569 2380 626 2412 20.

115 2452 331 2491 Ardaburius,
364 2452 489 2491 Asparis
518 2451 619 2489 filius,
645 2451 684 2482 ad
712 2453 908 2482 Damascum
945 2452 1121 2482 Saracenos

74 2505 256 2537 debellavit.
285 2507 329 2535 Eo
354 2504 528 2535 Maximino
554 2503 635 2534 duce
658 2504 690 2534 et
710 2503 834 2542 Prisco,
857 2502 951 2541 hujus
979 2502 1119 2533 historia>

74 2560 246 2600 scriptore,
277 2558 542 2596 advenientibus,
573 2557 776 2588 offenderunt
805 2555 1020 2588 Ardaburium
1047 2564 1122 2587 cum

75 2616 311 2646 Saracenorum
327 2610 438 2650 legatis
453 2610 493 2641 (le
506 2618 582 2649 pace
597 2610 801 2640 tractantem.

117 2663 330 2702 ArdaburiuS,
347 2662 474 2702 Asparis
491 2661 548 2700 lil.‚
572 2661 620 2692 vir
637 2661 727 2692 fortis
743 2661 775 2691 et
785 2661 935 2692 strenuus
946 2683 955 2698 ,
970 2659 1123 2692 barbaros

73 2717 242 2749 Thraciam
260 2716 458 2747 incursantes
475 2714 599 2746 fortiter
623 2722 707 2754 saepe
726 2714 852 2753 repulit.
872 2715 966 2745 Hunc
982 2713 1120 2752 impera-

75 2773 127 2802 tor
158 2768 339 2801 Marcianus
370 2768 558 2807 praefectum
592 2767 790 2798 exercituum
818 2765 958 2798 Orientis
983 2765 1120 2804 creavit,

73 2830 171 2863 quam
185 2821 372 2860 dignitatem
389 2819 430 2850 ob
444 2828 494 2850 res
508 2819 659 2858 praeclare
681 2820 784 2858 gestas
800 2818 922 2858 proemii
939 2818 1009 2848 loco
1022 2817 1050 2848 ei
1067 2817 1121 2848 tri-

73 2874 157 2905 buit.
187 2875 296 2909 Quum
318 2872 427 2902 autem
449 2872 561 2910 pacata
584 2870 694 2901 omnia
727 2871 848 2907 essent,
877 2869 926 2900 vir
955 2868 1046 2900 bellis
1067 2877 1118 2900 as-

73 2925 185 2956 suetus
203 2923 269 2954 otio
288 2923 321 2954 et
343 2921 491 2953 muliebri
506 2921 640 2960 ignaviae
654 2921 817 2960 indulgere
832 2921 938 2960 coepit.
951 2919 1120 2952 Gaudebat

74 2977 159 3008 enim
182 2974 290 3006 mimis
313 2974 344 3005 et
371 2972 654 3013 praestigiatoribus
678 2973 711 3003 et
735 2971 942 3003 histrionibus
967 2971 1118 3012 scenicis,

72 3031 222 3069 totosque
240 3027 308 3058 dies
331 3026 423 3057 soedis
440 3025 618 3057 istiusmodi
643 3025 887 3056 oblectamentis
910 3033 1118 3064 consumens,

73 3081 182 3123 gloriae
207 3088 274 3112 suae
295 3078 415 3109 nullam
438 3077 570 3108 omnino
596 3078 752 3108 rationem
780 3077 928 3107 babebat.
953 3096 992 3101 —
1012 3079 1119 3114 Quum

73 3132 256 3166 Marcianus
279 3130 450 3169 imperator
470 3128 574 3159 bonus
590 3129 720 3168 quidem
736 3128 862 3165 suisset,
886 3128 940 3158 sed
953 3127 1048 3159 cilius
1063 3127 1120 3159 de-

75 3186 238 3224 offlsisset,
256 3187 354 3224 Aspar
372 3182 498 3223 propria
518 3183 683 3213 voluntate
706 3182 811 3213 effecit
833 3182 868 3212 ut
886 3183 949 3212 Leo
964 3181 1020 3221 ipsi
1047 3189 1120 3213 suc-

76 3239 212 3270 cederet.

570 3289 607 3320 21
621 3312 628 3320 .

120 3361 300 3400 Blemmyes
316 3361 347 3392 et
361 3360 520 3398 Nubades,
538 3360 717 3391 aRomanis
733 3360 807 3390 victi
818 3384 826 3398 ,
846 3360 963 3399 legatos
979 3368 1016 3390 ex
1034 3359 1120 3389 utra-

78 3420 143 3454 que
157 3413 249 3453 gente
263 3411 303 3444 ad
318 3411 529 3445 Maximinum
547 3411 633 3452 pacis
650 3411 818 3443 exorandae
834 3411 934 3451 gratia
947 3410 1100 3442 miserunt
1113 3433 1122 3449 ,

956 200 1122 240 PRISCI
1153 200 1355 239 PANlTAE

1193 287 1371 329 Νουὲάδες
1392 287 1589 335 ἡττηθέντες
1605 287 1670 325 ὑπὸ
1690 287 1876 337 Ῥωμαίων
1889 289 2051 341 πρέσὸεις
2066 287 2161 341 παρὰ
2179 288 2238 327 τὸν

1193 346 1386 396 Μαξιμῒνον
1408 347 1563 395 ἔπεμπον
1582 345 1616 390 ἐξ
1635 346 1840 399 ἀμφοτέρων
1857 348 1960 384 ἐθνῶν
1974 376 1985 396 ,
2003 346 2140 398 εἰρήνης
2158 347 2238 399 πέρι

1195 405 1395 456 βουλόμενοι
1421 405 1640 443 σπένδεσθαι.
1668 404 1739 444 Καὶ
1768 404 1896 451 ταύτην
1921 405 2131 457 διατηρῆσαι
2153 404 2236 456 ἔφα-

1193 479 1275 511 σαν,
1293 466 1344 517 ἐφ’
1372 463 1449 501 ὅσον
1477 466 1494 501 ὁ
1519 463 1713 513 Μαξιμῗνος
1733 463 1795 510 τὴν
1814 463 1986 509 Θηὸαίων
2006 462 2237 514 ἐγκαταμένοι

1191 521 1321 573 χώραν.
1334 524 1406 561 Τοῦ
1423 522 1456 559 δὲ
1474 522 1522 572 μὴ
1538 521 1815 574 προσδεξαμένου
1831 521 1888 559 ἐπὶ
1901 521 2017 574 χρόνῳ
2031 521 2236 560 σπένδεσθαι

1192 580 1364 633 τοσούτῳ,
1378 580 1494 630 ἔλεγον
1509 581 1590 632 ἄχρι
1601 584 1663 627 τῆς
1675 582 1780 618 αὐτοῦ
1794 583 1881 626 ζωῆς
1897 580 1945 630 μὴ
1961 580 2115 627 κινήσειν
2126 579 2234 619 ὅπλα.

1194 636 1258 680 Ὡς
1272 638 1306 675 δὲ
1325 637 1401 675 οὐδὲ
1417 637 1492 680 τοὺς
1511 638 1686 690 δευτέρους
1706 641 1767 683 τῆς
1782 638 1974 690 πρεσὸείας
1990 638 2151 690 προσίετο
2175 638 2235 676 λό-

1191 710 1287 744 γους,
1306 696 1559 739 ἑκατοντούτεις
1581 696 1693 735 ἔθεντο
1717 697 1883 739 σπονδάς·
1900 698 1934 734 ἐν
1950 690 2003 740 αἷς
2023 696 2133 734 ἐδόκει
2146 696 2237 735 Ῥω-

1193 754 1305 803 μαίων
1336 755 1398 804 μὲν
1423 754 1667 807 αἰχμαλώτους
1695 755 1774 793 ἄνευ
1802 754 1936 807 λύτρων
1957 755 2141 808 ἀφεῖσθαι,
2168 754 2237 793 εἴτε

1191 813 1268 850 κατ’
1281 814 1426 861 ἐκείνην,
1437 814 1505 852 εἴτε
1519 817 1595 852 καθ’
1611 814 1729 866 ἑτέραν
1741 814 1859 866 ἔφοδον
1875 814 2018 860 ἥλωσαν
2029 843 2039 860 ,
2053 813 2097 851 τὰ
2110 812 2146 851 δὲ
2158 813 2235 851 τότε

1191 871 1395 923 ἀπαχθέντα
1418 874 1631 919 ἀποδοθῆναι
1657 873 1887 924 βοσκήματα,
1912 872 1971 910 καὶ
1990 874 2058 910 τῶν
2079 872 2237 918 δαπανη-

1193 930 1318 967 θέντων
1335 930 1580 969 κατατίθεσθαι
1598 930 1659 977 τὴν
1679 931 1910 981 ἀποτίμησιν·
1930 930 2081 982 ὁμήρους
2100 930 2136 968 δὲ
2157 929 2237 973 τοὺς

1193 988 1429 1040 (τριακοσίους
1443 990 1545 1037 conj.
1566 989 1636 1040 N.)
1657 983 1695 1027 εὖ
1711 989 1895 1040 γεγονότας
1912 989 2010 1041 παρά
2031 1004 2128 1041 σφισι
2145 988 2236 1027 δίδο-

1191 1049 1271 1082 σθαι
1285 1045 1436 1083 πίστεων
1454 1045 1554 1085 ἕνεκα
1568 1050 1636 1085 τῶν
1652 1050 1822 1087 σπονδῶν.
1845 1041 1948 1086 Εἶναι
1962 1046 1997 1084 δὲ
2012 1048 2127 1090 αὐτοῖς
2142 1047 2235 1085 κατὰ

1189 1103 1247 1140 τὸν
1264 1102 1413 1141 παλαιὸν
1429 1104 1532 1154 νόμον
1547 1104 1724 1143 ἀκώλυτον
1735 1104 1798 1151 τὴν
1814 1107 1860 1148 εἷς
1875 1105 1914 1143 τὸ
1927 1104 2017 1157 ἱερὸν
2033 1107 2095 1150 τῆς
2109 1104 2236 1148 Ἴσιδος

1190 1161 1364 1209 διάὸασιν,
1376 1165 1437 1199 τοῦ
1449 1163 1622 1212 ποταμίου
1635 1162 1787 1216 σκάφους
1797 1162 2000 1213 Αἰγυπτίων
2012 1162 2162 1214 ἐχόντων
2173 1163 2236 1210 τὴν

1190 1220 1390 1270 ἐπιμέλειαν
1403 1251 1412 1268 ,
1435 1223 1470 1259 ἐν
1490 1216 1586 1273 ᾧπερ
1605 1222 1645 1260 τὸ
1671 1221 1816 1273 ἄγαλμα
1844 1225 1905 1268 τῆς
1924 1225 2000 1260 θεοῦ
2021 1221 2235 1272 ἐντιθέμενον

1190 1279 1495 1332 διαπορθμεύεται,
1531 1280 1591 1319 Ἐν
1615 1283 1709 1334 ῥητῷ
1731 1279 1798 1332 γὰρ
1819 1282 1850 1319 οἱ
1872 1280 2045 1334 βάρὸαροι
2070 1280 2183 1334 χρόνῳ
2202 1283 2236 1325 ἐς

1188 1337 1252 1384 τὴν
1270 1338 1397 1376 οἰκείαν
1417 1339 1675 1390 διακομίζοντες
1694 1338 1734 1377 τὸ
1751 1338 1891 1384 ξόανον,
1909 1338 2014 1377 πάλιν
2030 1340 2125 1392 αὐτῷ
2142 1354 2234 1390 χρη-

1189 1398 1462 1449 στηριασάμενοι
1477 1400 1508 1441 ἐς
1529 1398 1591 1444 τὴν
1609 1401 1711 1444 ν’ῆσον
1727 1397 1977 1443 ἀποσώζουσιν.
1999 1397 2234 1448 Tamen-›035-

1188 1471 1243 1493 ναι
1265 1456 1377 1494 τοίνυν
1400 1459 1433 1495 ἐν
1451 1460 1499 1509 τῷ
1517 1458 1584 1508 [ἐν]
1605 1458 1734 1500 Φίλαις
1753 1458 1834 1508 ἱερῷ
1853 1456 1914 1500 τὰς
1929 1455 2100 1503 συνθήκας
2120 1456 2232 1495 ἐδόκει

1188 1517 1236 1567 τῷ
1252 1514 1440 1568 Μαξιμίνῳ
1461 1515 1655 1562 ἐπιτήδειον
1674 1516 1724 1554 ὄν.
1755 1514 1980 1565 Ἐπέμποντο
2001 1514 2228 1567 μετεξέτεροι.

1189 1574 1422 1625 Παρεγίνοντο
1442 1572 1477 1611 δὲ
1503 1575 1562 1612 καὶ
1586 1577 1654 1612 τῶν
1674 1574 1874 1624 Βλεμμύων
1901 1576 1961 1612 καὶ
1982 1573 2175 1613 Νουὸάδων
2196 1576 2227 1612 οἱ

1189 1631 1251 1674 τὰς
1271 1632 1423 1676 σπονδὰς
1450 1634 1484 1670 ἐν
1503 1636 1546 1685 τῇ
1576 1633 1672 1685 νήσῳ
1692 1632 1875 1682 τιθέμενοι.
1907 1631 2171 1684 Ἐγγραφέντων
2195 1631 2232 1670 δὲ

1186 1691 1253 1727 τῶν
1269 1690 1504 1734 συνδοξάντων
1519 1689 1579 1728 καὶ
1593 1693 1661 1727 τῶν
1677 1689 1821 1741 ὁμήρων
1838 1690 2104 1741 παραδοθέντων
2121 1684 2233 1741 (ἦσαν
2280 1691 2284 1694 ”
2322 1698 2324 1700 ’

1187 1747 1223 1786 δὲ
1252 1751 1319 1786 τῶν
1340 1765 1378 1788 τε
1407 1748 1697 1801 τυραννησάντων
1721 1747 1781 1786 καὶ
1802 1747 1869 1785 ὑπὸ
1898 1748 2074 1800 τυράννων
2094 1749 2244 1800 γεγονό-,

1185 1822 1273 1854 των,
1291 1804 1376 1860 ὅπερ
1393 1807 1471 1845 οὐδὲ
1489 1806 1631 1845 πώποτε
1661 1808 1695 1844 ἐν
1715 1807 1802 1858 τῷδε
1831 1807 1881 1858 τῷ
1913 1805 2059 1857 πολέμῳ
2079 1805 2231 1856 ἐγένετο·

1186 1865 1309 1904 οὔποτε
1325 1868 1392 1919 γὰρ
1411 1867 1606 1905 Νουὸάδων
1623 1867 1683 1904 καὶ
1703 1865 1901 1916 Βλεμμύων
1917 1865 2016 1916 παρὰ
2036 1865 2231 1916 Ἱ)ωμαίοις

1185 1925 1393 1974 ὡμήρευσαν
1414 1925 1578 1975 παῖδες),
1597 1924 1790 1976 συνηνέχθη
1806 1922 1841 1961 δὲ
1858 1922 1916 1960 τὸν
1931 1922 2125 1973 Μαξιμῗνον
2142 1925 2231 1961 ἀνω·

1187 1982 1306 2032 μάλως
1326 1984 1524 2030 διατεθῆναι
1547 1982 1585 2021 τὸ
1605 1986 1708 2032 σῶμα
1727 1981 1787 2021 καὶ
1807 1985 2006 2021 ἀποθανεῖν.
2027 1981 2104 2029 Τὴν
2122 1981 2157 2020 δὲ
2171 1986 2230 2020 τοῦ

1187 2041 1382 2090 Μαξιμίνου
1400 2040 1561 2088 τελευτὴν
1577 2040 1741 2092 μαθόντες
1757 2042 1787 2078 οἷ
1807 2039 1978 2092 βάρὸαροι
1991 2038 2070 2083 τούς
2089 2055 2125 2078 τε
2139 2039 2232 2092 ὁμή-

1187 2115 1263 2150 ρους
1281 2100 1461 2151 ἀφείλοντο
1477 2099 1696 2151 βιασάμενοι,
1705 2098 1764 2137 καὶ
1777 2097 1840 2145 τὴν
1856 2097 1977 2150 χώραν
1993 2098 2228 2150 κατέδραμον.

1182 2218 1279 2249 quam
1291 2219 1324 2241 se
1338 2212 1519 2241 servaturos
1529 2209 1739 2249 spondebant,
1754 2208 1860 2249 quoad
1874 2218 1976 2249 usque
1990 2209 2183 2240 Maximinus
2198 2207 2231 2240 111

1181 2261 1408 2292 Thebanorum
1425 2262 1549 2301 regione
1563 2262 1827 2292 commoraretur.
1844 2261 1902 2292 1110
1916 2269 1989 2291 vero
2004 2259 2044 2291 ad
2058 2259 2090 2291 id
2103 2261 2231 2299 tempus

1181 2314 1341 2346 abnuente
1354 2314 1457 2346 foedus
1471 2314 1566 2352 icere,
1579 2313 1801 2353 subjecerunt,
1817 2322 1849 2343 se
1859 2337 1868 2352 ‚
1885 2312 2040 2352 quamdiu
2055 2312 2231 2344 Maximino

1184 2367 1247 2397 vita
1263 2368 1457 2406 suppeteret,
1475 2366 1507 2397 in
1529 2366 1634 2397 officio
1656 2366 1780 2396 futuros
1799 2373 1858 2396 nec
1880 2364 2024 2395 moturos
2043 2372 2143 2395 arma.
2164 2365 2231 2395 Hac

1181 2426 1310 2458 quoque
1323 2418 1505 2449 conditione
1515 2442 1523 2456 ,
1536 2426 1633 2457 quam
1644 2416 1736 2456 legati
1754 2415 1942 2454 offerebant,
1956 2415 2084 2455 rejecta,
2100 2417 2230 2446 centum

1183 2480 1342 2503 annorum
1359 2471 1502 2502 inducias
1521 2471 1675 2502 fecerunt.
1695 2469 1748 2501 His
1766 2468 1938 2500 foederibus
1954 2469 2074 2508 placuit
2085 2469 2229 2508 captivos

1182 2526 1343 2555 Romanos
1355 2547 1364 2560 ,
1385 2522 1439 2562 qui
1458 2524 1490 2553 et
1507 2523 1567 2553 boc
1583 2524 1614 2553 et
1630 2521 1792 2561 superiore
1809 2520 1919 2560 proelio
1936 2520 2019 2559 capti
2033 2519 2142 2558 erant,
2159 2520 2229 2551 sine

1187 2576 1254 2606 ullo
1270 2574 1496 2614 redemptionis
1507 2574 1621 2614 prelio,
1642 2573 1758 2604 liberos
1771 2571 1888 2603 dimitti
1907 2584 1913 2603 :
1930 2579 2045 2611 pecora
2057 2571 2136 2602 tunc
2151 2570 2228 2602 aba·

1184 2629 1236 2659 eta
1250 2626 1355 2665 reddi,
1371 2629 1403 2657 ct
1419 2627 1682 2665 consumptorum
1698 2624 1941 2655 aestimationem
1959 2622 2082 2655 restitui
2097 2635 2105 2654 ι
2121 2621 2161 2654 ad
2174 2622 2229 2653 lir-

1181 2680 1330 2711 mandam
1343 2677 1437 2709 iidem
1452 2676 1579 2708 foederis
1592 2676 1716 2707 obsides
1725 2685 1766 2706 ex
1777 2674 1985 2708 nobilioribus
1994 2673 2063 2706 dari
2076 2686 2083 2705 :
2096 2673 2228 2705 liberam

1179 2740 1246 2763 esse
1262 2730 1337 2771 ipsis
1349 2729 1526 2762 secundum
1538 2728 1703 2768 antiquam
1716 2727 1818 2766 legem
1835 2727 1875 2758 ad
1889 2727 2045 2766 templum
2059 2725 2151 2757 Isidis
2163 2727 2227 2757 tra-

1177 2783 1348 2823 jectionem
1362 2806 1372 2822 ,
1386 2781 1464 2812 ‹lum
1476 2780 1612 2820 AEgyptii
1626 2787 1737 2810 curam
1751 2778 1876 2818 cymbae
1891 2777 2062 2809 fluminalis
2074 2777 2228 2809 baberent

1179 2835 1212 2866 in
1226 2843 1291 2875 qua
1309 2834 1433 2874 signum
1451 2832 1520 2863 deae
1542 2830 1726 2870 impositum
1743 2829 2013 2861 transveheretur.
2030 2830 2127 2861 Certo
2140 2828 2227 2860 enim

1182 2889 1327 2926 tempore
1339 2884 1467 2917 barbari
1480 2885 1619 2916 statuam
1642 2881 1729 2920 deae,
1751 2890 1769 2912 e
1789 2881 1908 2920 templo
1927 2880 1959 2911 in
1981 2889 2046 2920 quo
2065 2881 2112 2911 ost
2125 2879 2225 2911 collo-

1181 2941 1264 2980 cata,
1279 2939 1410 2971 domum
1424 2937 1632 2978 importantes
1645 2934 1818 2974 tcajiciunt‚
1833 2935 1865 2964 et
1880 2932 2017 2964 oraculis
2030 2932 2071 2963 ab
2084 2940 2120 2962 ea
2136 2940 2222 2964 acce·

1180 2993 1260 3033 ptis,
1274 2999 1383 3022 rursus
1396 2990 1428 3021 in
1442 2989 1578 3021 insulam
1596 2986 1765 3018 reducunt.
1782 2987 1870 3017 Hanc
1889 2983 2068 3025 pactionem
2083 2983 2180 3014 Philis
2193 2983 2226 3014 in

1180 3043 1300 3084 templo
1316 3042 1400 3082 affigi
1415 3040 1587 3073 Maximino
1603 3039 1708 3069 visum
1727 3038 1787 3076 est,
1801 3038 1832 3068 et
1844 3036 1884 3067 ad
1897 3043 1968 3067 eam
1985 3043 2052 3066 rem
2066 3034 2151 3066 missi
2167 3033 2225 3076 [ex

1181 3096 1251 3136 ejus
1270 3093 1453 3126 necessariis
1466 3092 1477 3133 ]
1490 3091 1645 3123 nonnulli.
1688 3089 1859 3122 Al'suerunt
1880 3088 1976 3119 etiam
1998 3096 2038 3118 ex
2054 3085 2226 3126 Blemmyis
2274 3105 2279 3110 -

1181 3150 1213 3179 et
1229 3146 1414 3179 Nubadibus
1424 3144 1478 3184 qui
1492 3143 1610 3175 foedera
1626 3142 1657 3173 in
1674 3141 1776 3173 insula
1789 3139 1994 3180 deponerent.
2010 3138 2143 3170 Findere
2155 3146 2226 3178 per-

1182 3201 1299 3241 scripto
1312 3202 1343 3231 et
1359 3198 1521 3230 obsidibus
1533 3195 1659 3228 traditis
1673 3195 1783 3233 (erant
1795 3195 1902 3224 autem
1916 3199 1955 3224 ex
1969 3191 2033 3230 his,
2052 3190 2108 3231 qui
2122 3190 2224 3222 domi·

1182 3254 1293 3284 natum
1310 3249 1532 3285 exercuerant,
1547 3248 1604 3278 aut
1619 3255 1658 3277 ex
1678 3245 1750 3276 filiis
1766 3253 1895 3282 eorum;
1911 3242 1995 3283 quod
2011 3243 2043 3273 in
2067 3242 2127 3272 boc
2139 3241 2224 3272 bello

1183 3304 1314 3335 minime
1321 3302 1426 3333 adbuc
1434 3299 1621 3338 contigerat,
1629 3306 1732 3337 neque
1739 3305 1881 3336 unquam
1891 3296 1983 3326 antea
1991 3295 2016 3325 N
2021 3293 2160 3324 ubadum
2168 3295 2225 3324 aut

1183 3357 1386 3394 Blemmyum
1411 3352 1467 3383 filii
1488 3349 1612 3382 obsides
1640 3348 1722 3388 apud
1750 3350 1908 3380 Romanos
1928 3345 2073 3384 fucrant)
2086 3368 2095 3383 ,
2119 3343 2222 3375 Maxi-

1184 3408 1291 3440 minus
1307 3407 1338 3438 in
1350 3404 1499 3437 morbum
1515 3401 1638 3442 incidit,
1654 3402 1686 3433 et
1705 3399 1851 3431 mortuus
1869 3398 1928 3430 est.
1954 3398 2128 3437 Postquam
2143 3403 2221 3427 vero

2315 3294 2326 3342 :zeum
2308 3005 2326 3289 mmm-:armanum
2315 2875 2326 3002 fflaffi
2318 2862 2326 2868 2
2315 2768 2326 2858 lema-..l
2319 2713 2326 2739 ..α
2322 2702 2326 2709 ,.
