2372 3704
1031 245 1364 288 FRAGMENTA.

117 327 207 367 ὥστε
226 328 325 379 μόλις
343 327 506 380 κρύπτειν
527 327 567 367 τὸ
592 328 736 382 σφυρόν·
758 329 834 367 ἀλλ’
861 328 957 368 οὐδὲν
984 326 1086 378 ἧττον
1107 349 1165 371 το-

117 389 236 425 σοῦτον
268 386 409 438 ἔρχεται
432 388 563 434 πλῆθος
585 386 726 438 ἰχθύων,
757 387 849 426 ὥστε
877 388 955 433 τοὺς
973 390 1166 442 περιοίκους

117 443 275 488 ἅπαντας
294 443 411 482 ἱκανὸν
432 446 479 488 εἷς
498 443 560 491 τὴν
577 447 708 484 ἑαυτῶν
725 445 846 497 χρείαν
860 447 1054 485 συντιθέναι
1070 448 1166 500 τάρι·

118 517 193 554 χος.
217 503 433 552 Θαυμαστὸν
462 502 499 541 δέ
525 505 598 541 ε’στι
617 503 655 542 τὸ
675 503 724 554 μὴ
752 505 1009 556 παραλλάττειν
1038 506 1077 545 τὸ
1105 511 1166 545 τοῦ

117 560 285 599 Ὀλύνθου
309 566 492 611 μνημεῖον.
515 561 688 613 Πρότερον
718 562 780 612 μὲν
799 557 856 601 οῧν
876 579 961 616 φασι
980 564 1057 610 τοὺς
1075 565 1167 604 κατὰ

115 618 177 665 τὴν
197 619 430 658 Ἀπολλωνίαν
452 620 758 673 Ἐλαφηὸολιῶνος
780 621 823 659 τὰ
840 622 973 672 νόμιμα
990 626 1164 662 συντελεῖν

114 679 185 721 τοῖς
202 678 453 726 τελευτήσασι,
478 682 536 716 νῦν
568 678 603 716 δὲ
624 679 920 733 Ἀνθεστηριῶνος.
943 681 1011 719 Διὰ
1035 682 1165 729 ταύτην

118 729 176 774 οὖν
197 735 259 782 τὴν
279 736 393 774 αἰτίαν
414 735 529 786 μόνοις
544 736 676 781 τούτοις
699 744 769 781 τοῖς
788 739 876 789 μησὶ
896 739 971 783 τοὺς
991 741 1087 792 ἰχθῦς
1103 741 1165 787 τὴν

115 793 288 832 ἀνάδασιν
307 798 499 843 ποιεῖσθαι,
515 796 550 832 ἐν
566 788 615 838 οἷς
633 794 710 839 τοὺς
722 796 1010 844 τετελευτηκότας
1026 797 1166 836 εἰώθασι

114 859 234 904 τιμᾶν.
255 870 270 887 ²⁰

605 918 667 956 41.

133 1030 135 1033 f
167 988 274 1024 Idem
291 989 344 1034 ΙΙ,
361 1002 399 1038 p.
418 987 465 1025 52
477 1016 487 1032 ,
510 991 541 1025 A
557 1001 565 1027 :
586 988 770 1040 Πύθερμος
784 988 818 1028 δὲ
835 990 982 1043 ἱστορεῖ,
1001 990 1047 1035 ὥς
1063 1006 1166 1044 φησιν

115 1045 373 1098 Ἡγήσανδρος,
397 1047 476 1084 καθ’
497 1046 598 1085 αὑτὸν
619 1046 679 1091 τὰς
698 1048 910 1098 συκαμίνους
933 1051 995 1088 οὐκ
1018 1051 1166 1100 ἐνεγκεῖν

116 1103 249 1155 καρπὸν
267 1105 351 1142 ἐτῶν
365 1103 484 1150 εἴκοσι,
502 1104 561 1142 καὶ
575 1105 733 1155 γενέσθαι
746 1107 936 1154 ἐπιδημίαν
951 1108 1166 1159 ποδαγρικὴν

114 1162 303 1214 τοσαύτην,
320 1161 410 1200 ὥστε
427 1162 477 1213 μὴ
499 1162 601 1210 μόνον
622 1163 747 1216 ἄνδρας
764 1167 812 1216 τῷ
830 1166 931 1204 πάθει
948 1168 1165 1218 ἐνσχεθῆναι,

116 1219 207 1258 ἀλλὰ
225 1220 285 1259 καὶ
310 1221 437 1264 παῖδας
461 1220 521 1258 καὶ
542 1221 645 1273 κόρας
671 1222 730 1259 καὶ
751 1223 954 1275 εὐνούχους,
975 1224 1026 1263 ἔτι
1047 1225 1082 1263 δὲ
1102 1241 1164 1277 γυ-

115 1284 248 1323 ναῖκας.
268 1281 477 1332 Περιπεσεῖν
494 1279 529 1317 δὲ
554 1279 645 1318 οὕτω
663 1280 702 1318 τὸ
729 1281 836 1319 δεινὸν
854 1282 914 1320 καὶ
934 1283 1102 1336 αἰπολίῳ,
1122 1286 1168 1328 ὡς

115 1336 160 1374 τὰ
179 1337 239 1375 δύο
256 1336 344 1390 μέρη
365 1340 434 1375 τῶν
450 1337 636 1389 προὸάτων
653 1339 855 1391 ἐνσχεθῆναι
873 1343 922 1394 τῷ
938 1343 1031 1395 αὐτῷ
1047 1342 1164 1381 πάθει.

168 1397 273 1433 Idem
283 1410 323 1446 p.
340 1396 402 1442 83,
420 1400 465 1446 A,
483 1398 587 1446 apud
604 1400 869 1448 Hegesandum
886 1402 970 1437 citri
980 1415 1167 1452 nusquam

116 1456 347 1492 mentionem
363 1454 446 1492 fieri
461 1455 566 1495 dicit.
1140 1466 1144 1467 ⁷

608 1518 671 1558 42.

169 1589 276 1626 Idem
297 1590 376 1635 1X,
405 1603 447 1639 p.
472 1595 546 1635 400
560 1617 572 1638 ,
601 1592 635 1627 D
660 1603 668 1626 :
691 1588 932 1644 Ἡγήσανδρος
948 1592 976 1629 δ’
997 1595 1014 1630 ὁ
1034 1593 1166 1647 Δελφὸς

116 1646 151 1684 ἐν
166 1645 435 1697 ’Υπομνήμασῃ
453 1646 544 1685 κατὰ
562 1645 624 1693 τὴν
640 1646 832 1698 Ἀντιγόνου
848 1652 909 1687 τοῦ
924 1652 1063 1689 Γονατᾶ
1080 1667 1166 1704 φησι

119 1704 297 1756 βασιλείαν
314 1709 475 1743 τοσοῦτον
495 1706 625 1751 πλῆθος
654 1705 812 1757 γενέσθαι
839 1708 956 1758 λαγῶν
981 1710 1015 1747 ἐν
1039 1709 1165 1748 Ἀστυ-

115 1763 271 1816 παλαία,
294 1765 341 1807 ὡς
368 1763 447 1807 τοὺς
474 1764 742 1808 Ἀστυπαλαιεῖς
762 1765 842 1817 περὶ
870 1767 985 1804 αὐτῶν
1010 1768 1185 1818 μαντεύ-”

116 1825 258 1861 σασθαι.
291 1821 362 1861 Καὶ
381 1822 444 1868 τὴν
478 1823 613 1862 Πυθίαν
643 1825 769 1872 εἰπεῖν,
802 1823 907 1868 κύνας
938 1825 1074 1878 τρέφειν
1104 1827 1165 1865 καὶ

115 1882 333 1931 κυνηγετεῖν·
354 1880 488 1918 ἁλῶναί
503 1896 541 1919 τε
562 1882 598 1919 ἐν
621 1882 768 1934 ἐνιαυτῷ
784 1883 922 1927 πλείους
938 1887 1007 1922 τῶν
1026 1884 1163 1929 ἑξακισ-

115 1937 254 1990 χιλίων.
274 1938 436 1989 Ἐγένετο
452 1938 488 1977 δὲ
507 1939 546 1977 τὸ
569 1942 699 1986 πλῆθος
717 1944 838 1988 τοῦτο,
856 1941 1044 1995 Ἀναφαίου
1068 1944 1159 1989 τινὸς

115 1995 326 2046 ἐμὸαλόντος
347 1997 408 2036 δύο
424 1997 580 2047 λαγωοὺς
596 2001 644 2043 εἷς
668 2000 731 2045 τὴν
750 2001 852 2045 νῆσον
864 2012 873 2022 ·
895 2002 940 2044 ὡς
958 2001 1018 2039 καὶ
1037 2003 1166 2054 πρότε-

115 2070 186 2107 ρον,
205 2055 485 2100 Ἀστυπαλαιέως
507 2056 595 2100 τινὸς
615 2057 758 2109 ἀφέντος
778 2057 838 2095 δύο
857 2058 1021 2111 πέρδικας
1035 2062 1081 2104 εἷς
1099 2061 1162 2108 τὴν

2193 261 2263 294 421

1228 334 1391 388 Ἀνάφην,
1419 338 1582 374 τοσοῦτον
1616 339 1746 384 πλῆθος
1778 338 1913 389 ἐγένετο
1951 340 2122 391 περδίκων
2159 343 2194 380 ἐν
2230 345 2274 393 τῇ

1229 392 1377 446 Ἀνάφῃ,
1397 396 1443 437 ὡς
1458 395 1675 433 κινδυνεῦσαι
1700 396 1917 441 ἀναστάτους
1935 399 2093 448 γενέσθαι
2112 399 2189 444 τοὺς
2211 416 2276 438 κα-

1228 455 1440 495 τοικοῦντας.
1459 454 1550 491 Κατ’
1565 453 1674 505 ἀρχὰς
1694 452 1763 501 δὲή
1786 454 1848 506 μὲν
1867 456 2103 495 Ἀστυπάλαια
2121 460 2184 497 οὐκ
2203 453 2276 511 εἶχε

1228 509 1363 561 λαγὼς,
1385 510 1475 548 ἀλλὰ
1490 510 1666 564 πέρδικας.

1282 645 1389 681 Idem
1408 647 1509 691 XIV,
1527 660 1567 695 p.
1593 646 1684 693 652,
1700 650 1729 685 F
1749 661 1758 686 :
1779 647 1991 699 Θεόπομπος
2006 649 2035 686 δ’
2054 649 2201 703 Εἰρήνῃ,
2220 651 2281 696 τὰς

1229 703 1421 754 Τιθρασίας
1444 705 1594 742 ἐπαινῶν
1610 705 1762 757 ἰσχάδας
1775 737 1785 757 ,
1807 708 1911 758 φησὶν
1931 707 2056 752 οὕτως·

1313 762 1417 797 Μᾶζαι
1428 784 1436 799 ,
1451 762 1640 800 πλακοῦντες
1649 787 1657 802 ,
1671 764 1795 804 ἰσχάδες
1809 765 1983 808 Τιθράσιαι.

1229 805 1335 845 Οὕτω
1369 806 1404 845 δὲ
1431 802 1522 854 ἦσαν
1553 810 1849 862 περισπούδαστοι
1882 818 1989 850 πᾶσιν
2021 813 2212 866 ἀνθρώποις
2244 817 2279 852 αἱ

1229 865 1370 918 ἰσχάδες
1387 865 1509 912 (ὅντως
1523 866 1591 920 γὰρ
1604 897 1615 915 ,
1639 867 1730 907 κατὰ
1749 869 1806 907 τὸν
1824 869 2071 924 Ἀριστοφάνην

1313 954 1412 986 Οὐδὲν
1424 954 1483 996 γὰρ
1497 954 1591 992 ὄντως
1605 956 1786 998 γλυκύτερον
1799 961 1860 989 τῶν
1874 958 2046 1000 ἰσχάδων),

1229 1025 1275 1066 ὡς
1294 1023 1353 1060 καὶ
1375 1023 1642 1076 Ἀμιτροχάτην,
1661 1025 1718 1063 τὸν
1736 1028 1805 1064 τῶν
1827 1027 1946 1066 Ἰνδῶν
1968 1029 2129 1080 βασιλέα,
2144 1031 2279 1085 γράψαι

1229 1081 1409 1134 Ἀντιόχῳ,
1429 1081 1588 1126 ἀξιοῦντα
1606 1083 1728 1136 (φησὶν
1746 1084 2006 1139 Ἡγήσανδρος)
2027 1087 2165 1142 πέμψαι
2186 1091 2280 1143 αὐτῷ

1229 1139 1371 1191 γλυκὺν,
1397 1140 1456 1179 καὶΙ
1476 1141 1641 1193 ἰσχάδας,
1666 1143 1727 1181 καὶ
1756 1144 1921 1198 σοφιστὴν
1948 1147 2184 1198 ἀγοράσαντα.
2209 1150 2280 1188 Καὶ

1228 1199 1286 1237 τὸν
1315 1199 1489 1251 Ἀντίοχον
1511 1201 1741 1255 ἀντιγράψαι·
1762 1220 1777 1238 ‹x
1799 1203 1964 1255 Ἰσχάδας
1989 1204 2052 1255 μὲν
2072 1205 2131 1243 καὶ
2151 1206 2280 1257 γλυκὺν

1231 1259 1490 1310 ἀποστελοῦμέν
1511 1276 1586 1310 σοι,
1602 1259 1767 1314 σοφιστὴν
1786 1262 1814 1299 δ’
1836 1263 1870 1299 ἐν
1885 1259 2060 1310 Ἕλλησιν
2075 1265 2111 1302 οὐ
2133 1264 2279 1316 νόμιμον

1229 1318 1434 1358 πωλεῖσθαι.
1455 1337 1471 1353 υ
1492 1321 1547 1360 Cf.
1564 1322 1749 1371 Droysen.
1769 1323 1984 1362 Hellenism.
2000 1325 2052 1370 ΙΙ,
2073 1338 2114 1373 p.
2137 1324 2225 1373 319.

1280 1465 1387 1502 Idem
1405 1467 1509 1512 XIV,
1530 1479 1570 1515 p.
1601 1467 1692 1514 656,
1725 1468 1754 1507 C
1780 1480 1790 1506 ε
1820 1467 1909 1521 Περὶ
1927 1467 1963 1507 δὲ
1986 1468 2158 1521 περδίκων
2178 1469 2211 1508 τί
2231 1471 2281 1509 δεῖ

1230 1521 1289 1560 καὶ
1310 1522 1420 1573 λέγειν
1441 1522 1527 1574 ἐμὲ,
1545 1524 1700 1562 πλεόνων
1718 1526 1909 1578 εἰρημένων
1929 1529 1986 1580 ὑφ’
2005 1530 2121 1578 ὑμῶν,
2145 1530 2223 1567 ἀλλ’
2240 1530 2279 1567 οὐ

1227 1578 1435 1634 παραλείψω
1466 1581 1505 1620 τὸ
1539 1582 1717 1634 ἱστορηθὲν
1752 1583 1820 1622 ὑπὸ
1852 1584 2097 1638 Ἡγησάνδρου
2137 1589 2171 1625 ἐν
2208 1593 2280 1631 τοῖς

1228 1638 1512 1690 Ὑπομνήμασιν.
1539 1640 1639 1688 Φησὶ
1660 1641 1726 1693 γὰρ
1756 1641 1808 1680 ὅτι
1834 1642 1982 1693 Σάμιοι,
2001 1643 2214 1689 πλεύσαντες
2234 1647 2282 1689 εἷς

1228 1696 1384 1750 Σύὸαριν
1402 1698 1461 1736 καὶ
1482 1698 1717 1751 κατασχόντες
1731 1698 1793 1747 τὴν
1813 1702 1946 1754 Σιρῖτιν
1960 1701 2092 1754 χώραν,
2107 1703 2279 1756 περδίκων

1228 1756 1455 1794 ἀναπτάντων
1477 1757 1537 1796 καὶ
1557 1758 1780 1805 ποιησάντων
1803 1759 1926 1813 ψόφον,
1951 1762 2180 1812 ἐκπλαγέντες
2198 1762 2280 1817 ἔφυ-

1226 1829 1299 1866 γον,
1327 1814 1386 1853 καὶ
1407 1815 1575 1867 ἐμὸάντες
1594 1818 1639 1861 εἰς
1667 1816 1729 1861 τὰς
1749 1821 1830 1862 ναῦς
1851 1819 2089 1859 ἀπέπλευσαν.

1723 1894 1786 1938 45.

1349 1973 1460 2026 Περὶ
1481 1974 1756 2027 ἀνδριάντων
1776 1976 1852 2014 καὶ
1870 1977 2156 2028 ἀγαλμάτων.

1280 2066 1387 2102 Idem
1406 2069 1450 2111 V,
1472 2080 1514 2115 p.
1534 2080 1625 2115 210,
1645 2069 1673 2103 Β
1700 2080 1710 2106 :
1739 2065 1980 2120 Ἡγήσανδρος
2001 2070 2029 2106 δ’
2053 2071 2070 2107 ὁ
2089 2070 2221 2123 Δελφὸς
2245 2073 2280 2112 ἐν

131 2131 2261 2157 Ἢ

114 2175 227 2199 omnes
240 2167 359 2199 accolae
386 2168 654 2200 salsamentorum
673 2170 817 2210 copiam,
838 2179 912 2211 quac
928 2172 1068 2212 ipsorum
1094 2173 1167 2205 usui

114 2219 271 2258 sufficiat,
285 2219 447 2252 condiant.
461 2220 579 2252 Mirum
596 2222 644 2252 est
661 2229 756 2259 vero,
771 2230 835 2253 non
851 2222 934 2254 ultra
955 2223 1086 2264 Olynthi
1099 2233 1168 2255 mo·

114 2272 305 2302 numentum
321 2280 376 2303 eos
388 2271 567 2304 ascendere.
581 2272 666 2305 Olim
680 2272 788 2312 igitur,
799 2273 901 2314 aiunt,
919 2274 1167 2315 Elaphebolione

115 2328 224 2354 mense
240 2322 458 2363 Apolloniatas
481 2323 707 2355 defunctorum
728 2324 878 2357 manibus
899 2326 1075 2358 celebrasse
1090 2327 1167 2359 infe-

115 2374 196 2414 rias,
223 2384 312 2406 nunc
331 2384 409 2407 vero
435 2376 677 2409 Anthesterione
697 2390 704 2409 :
721 2386 858 2418 eamque
875 2378 917 2410 ob
939 2387 1067 2410 eausam
1093 2379 1168 2411 solis

116 2425 165 2458 his
184 2426 346 2459 mensibus
364 2427 465 2467 pisces
480 2428 671 2468 ascendere,
686 2429 804 2470 quibus
824 2429 987 2462 mensibus
1009 2430 1168 2463 defunctis

112 2478 198 2518 justa
209 2480 312 2512 facere
325 2481 541 2513 consuessent.
556 2494 571 2509 υ

157 2588 361 2628 Pythermus,
378 2589 416 2621 ut
432 2589 528 2621 refert
540 2590 751 2631 Hegesander‚
766 2593 930 2625 memoriae
941 2594 1096 2635 prodidit,
1109 2604 1167 2628 sua

116 2641 211 2671 aetate
227 2648 333 2672 moros
346 2641 456 2681 viginti
470 2641 561 2673 annis
575 2642 716 2673 fructum
726 2652 791 2675 non
805 2644 938 2676 edidisse
947 2670 956 2685 ‚
974 2647 1005 2677 et
1015 2646 1165 2686 epidemi-

116 2701 191 2724 oum
213 2693 362 2725 morbum
383 2694 590 2734 podagricum
606 2696 764 2728 exstitisse
780 2698 846 2728 tam
873 2697 937 2729 late
959 2701 1164 2739 grassantem,

117 2744 154 2774 ut
167 2752 230 2775 non
249 2743 346 2776 modo
358 2745 440 2784 viri,
454 2744 509 2777 sed
521 2747 554 2777 et
568 2746 658 2786 pueri
671 2748 704 2778 et
717 2747 831 2787 puellae
847 2749 879 2780 et
891 2750 1031 2781 eunuchi
1048 2752 1081 2782 et
1093 2760 1166 2782 mu-

115 2793 208 2827 lieres
221 2795 305 2827 malo
316 2795 371 2827 illo
383 2796 628 2836 corriperentur.
645 2799 682 2830 ln
692 2797 893 2839 eundemque
906 2801 1055 2832 morbum
1069 2803 1167 2834 etiam

115 2847 273 2886 pecudum
281 2857 389 2888 greges
401 2849 548 2882 incidisse
558 2872 567 2889 ,
579 2850 659 2882 adeo
668 2850 821 2883 utovium
833 2851 914 2884 duas
922 2856 1029 2893 partes
1044 2855 1165 2886 malum

115 2895 195 2930 illud
211 2900 382 2932 astrixerit.

612 2958 672 2992 42.

160 3011 276 3042 Narrat
292 3011 493 3051 Hagesander
508 3012 651 3052 Delphus
665 3013 699 3044 in
726 3014 990 3055 Commentariis,
1016 3018 1167 3055 regnante

116 3062 274 3103 Antigono
291 3063 434 3103 Gonata,
448 3064 572 3095 tantam
588 3064 736 3104 leporum
761 3066 1000 3098 multitudinem
1018 3067 1113 3099 fuisse
1133 3068 1166 3100 in

116 3114 294 3154 Astypalaea
315 3113 438 3153 insula,
453 3102 601 3155 ufsuper
614 3115 659 3148 eis
677 3117 842 3148 oraculum
857 3118 1059 3150 consulerent
1076 3121 1164 3159 Asty-

117 3166 301 3206 palaeenses.
317 3166 440 3204 Quibus
454 3176 556 3207 quum
585 3169 797 3209 respondisset
822 3170 952 3209 Pythia,
968 3179 1070 3203 canes
1093 3172 1165 3203 ale-

116 3219 214 3256 rent,
226 3220 259 3250 et
269 3220 493 3255 venarentur,
510 3220 620 3259 captos
630 3229 696 3252 esse
708 3229 772 3252 uno
787 3230 872 3253 anno
888 3222 971 3253 ultra
984 3230 1039 3254 sex
1053 3223 1164 3254 millia.

116 3269 290 3301 Exstiterat
304 3271 412 3301 autem
430 3269 484 3301 illa
505 3271 679 3303 multitudo
698 3280 739 3304 ex
754 3281 819 3312 quo
832 3273 1014 3312 Anaphaeus
1035 3273 1165 3313 quidam

117 3318 197 3351 duos
211 3320 334 3360 lepores
347 3321 379 3352 in
392 3330 463 3353 eam
486 3322 624 3354 insulam
649 3323 835 3363 conjecisset
858 3333 876 3354 :¹
891 3324 1165 3364 quemadmodum

118 3371 191 3404 ante
204 3371 235 3402 id
257 3372 396 3412 tempus,
414 3382 515 3412 quum
529 3375 772 3415 Astypalaeensis
787 3375 917 3416 quidam
932 3375 1011 3407 duas
1024 3376 1166 3415 perdices

118 3422 151 3454 in
165 3424 315 3464 Anaphen
328 3425 516 3466 dimisisset,
529 3429 618 3460 tanta
631 3428 795 3469 perdicum
813 3427 988 3460 multitudo
1002 3428 1035 3460 in
1053 3429 1107 3460 illa
1121 3429 1165 3461 in-

1228 2175 1298 2207 sula
1314 2179 1468 2216 prognata
1486 2179 1551 2218 est,
1566 2179 1603 2209 ut
1616 2179 1848 2218 propemodum
1862 2188 1879 2210 e
1895 2179 1998 2219 patria
2011 2181 2167 2221 emigrare
2184 2192 2278 2224 coge-

1228 2228 1340 2258 rentur
1356 2229 1503 2260 insulani.
1527 2230 1608 2261 Ante
1630 2229 1661 2260 id
1678 2231 1805 2271 tempus
1821 2231 1964 2272 perdices
1979 2232 2110 2272 quidem
2124 2233 2281 2267 habuerat

1228 2280 1408 2320 Astypalaea
1417 2305 1426 2321 ‚
1440 2281 1494 2313 sed
1509 2281 1615 2314 nullos
1628 2281 1761 2323 lepores⁴

1723 2352 1781 2384 43.

1269 2409 1495 2451 Theopompus
1517 2412 1550 2459 in
1566 2413 1648 2444 Pace
1675 2412 1870 2446 Tithrasias
1893 2414 2028 2447 laudans
2043 2415 2183 2457 caricas,
2205 2418 2274 2450 ait:

1299 2496 1403 2532 Mazae,
1418 2497 1574 2532 placentae,
1590 2498 1695 2528 caricae
1711 2498 1870 2528 Tithrasiae.

1228 2573 1330 2604 Tanto
1354 2581 1428 2604 vero
1447 2574 1554 2605 studio
1570 2575 1719 2607 omnibus
1745 2576 1930 2608 hominibus
1951 2577 2101 2618 expetitae
2118 2579 2210 2611 erant
2229 2588 2281 2611 ca-

1227 2624 1302 2656 ricae
1323 2624 1394 2665 <Re
1412 2634 1493 2658 vera
1509 2629 1614 2666 enim,
1641 2630 1677 2659 ut
1701 2628 1747 2659 ait
1762 2629 2006 2669 Aristophanes,
2022 2638 2061 2661 re
2083 2638 2165 2662 vera
2188 2631 2279 2663 nihil

1228 2676 1366 2710 dulcius
1394 2687 1501 2719 quam
1529 2681 1699 2720 caricae),
1724 2682 1758 2712 ut
1780 2681 2014 2713 Amitrochates
2039 2682 2152 2722 etiam,
2180 2683 2279 2714 Indiae

1228 2737 1281 2760 rex
1292 2753 1300 2768 ,
1317 2730 1473 2761 Antiocho
1489 2731 1660 2769 scriberet,
1675 2732 1686 2771 (
1699 2732 1786 2772 quod
1800 2732 1897 2764 tradit
1921 2734 2124 2772 Hegesander
2138 2734 2148 2773 )
2169 2737 2279 2774 petens

1227 2779 1268 2811 ab
1287 2789 1325 2812 eo
1337 2805 1348 2819 ,
1361 2783 1485 2813 emeret
1507 2782 1571 2813 sibi
1588 2784 1809 2823 mitteretque
1831 2782 1930 2814 dulce
1956 2783 2096 2820 vinum,
2118 2787 2254 2817 caricas
2266 2809 2274 2824 ‚

1227 2833 1260 2863 et
1275 2832 1473 2872 sophistam.
1492 2833 1552 2865 Cui
1571 2833 1747 2865 Antiochus
1775 2835 1960 2875 rescripsit:
1982 2837 2123 2868 caricas
2140 2837 2279 2878 quidem

1227 2885 1262 2915 et
1282 2886 1402 2916 vinum
1428 2884 1528 2916 dulce
1551 2884 1614 2916 tibi
1634 2886 1813 2918 mittemus
1831 2897 1842 2918 .·
1859 2887 2050 2927 sophistam
2075 2896 2155 2920 vero
2178 2889 2275 2930 apud

1232 2935 1361 2967 Graecos
1380 2935 1482 2967 vendi
1499 2935 1682 2976 prohibent
1699 2936 1796 2976 leqes.

1718 3007 1778 3040 44.

1268 3070 1314 3099 De
1336 3067 1518 3107 perdicibus
1537 3075 1613 3100 vero
1638 3068 1716 3109 quid
1735 3069 1840 3101 dicam
1858 3071 1929 3110 post
1942 3070 2009 3101 tam
2025 3071 2147 3109 multa,
2164 3079 2237 3110 quae
2259 3079 2277 3101 a

1227 3119 1318 3151 vobis
1333 3118 1418 3150 dicta
1429 3120 1525 3150 sunt?
1538 3120 1603 3151 Nec
1613 3120 1722 3152 tamen
1741 3122 1984 3160 praetermittam
2000 3122 2031 3153 id
2054 3121 2140 3161 quod
2159 3121 2200 3152 ab
2214 3123 2275 3153 He·

1227 3170 1380 3210 gesandro
1395 3171 1544 3201 narratur
1560 3171 1593 3202 in
1609 3172 1865 3204 Commentariis.
1885 3173 1937 3204 Ait
1949 3173 2053 3212 enim,
2077 3172 2201 3205 Samios
2217 3177 2277 3213 Sy-

1229 3213 1318 3243 barin
1329 3211 1523 3251 navigantes,
1535 3221 1636 3252 quum
1650 3213 1757 3244 Siritin
1769 3214 1929 3254 regionem
1942 3213 2130 3253 tenuissent,
2147 3215 2276 3246 evolan-

1203 3278 1207 3283 ·
1227 3264 1312 3296 tibus
1325 3272 1398 3295 cum
1418 3255 1532 3303 mag'no
1555 3265 1687 3305 strepitu
1705 3265 1886 3305 perdicibus
1910 3266 2038 3297 territos
2051 3266 2229 3307 auiugisse,
2245 3267 2276 3297 et

1226 3314 1406 3348 conscensis
1418 3315 1553 3347 navibus
1565 3315 1754 3349 discessisse.

1721 3377 1779 3409 45.

1268 3430 1468 3471 Hegoeander
1503 3431 1642 3471 Delphus
1673 3431 1713 3463 in·
1734 3431 1976 3464 Commentario
2007 3432 2061 3472 qui
2093 3430 2273 3477 inscribitur
