2372 3704
990 226 1044 264 ΙΝ
1078 225 1348 264 VOLUMtNE
1377 225 1409 262 Ι.

128 318 359 355 lamblichus
375 321 417 357 V.
444 318 552 366 Pyth.
576 316 624 353 36
645 317 742 352 inter
768 317 1025 365 Pythagoreos
1043 328 1176 352 recen-

128 386 197 426 set,
217 380 287 414 nisi
309 378 406 414 forte
425 378 547 413 virum
574 389 660 412 cum
687 376 827 412 femina
853 375 1038 412 confundi
1061 382 1178 423 puta-

129 439 239 474 veris.
259 437 409 474 Etenim
436 436 553 473 schol.
574 436 667 472 Luc.
688 435 819 471 laudat
836 431 949 482 Δημὼ
975 434 1152 470 feminam
1166 461 1175 478 ,

131 508 213 543 quae
223 496 373 543 mythos
387 495 590 543 allegorice
606 495 855 542 interpretata
881 501 957 538 est,
985 504 1177 541 quamque

129 553 178 590 de
191 553 273 590 aliis
283 554 420 590 fabulis
433 553 564 589 laudat
575 553 790 589 Eustathius
803 552 851 589 ad
868 553 981 588 Hom.
996 565 1036 601 p.
1055 565 1070 587 1
1082 565 1097 588 1
1107 550 1153 594 54
1162 578 1172 596 ,

127 612 171 658 C,
189 619 227 649 et
239 612 357 649 schol.
380 613 425 650 Il.
446 609 477 663 β’
492 640 503 661 ,
525 610 616 657 205,
639 619 676 648 et
695 609 736 657 ε’,
761 624 850 658 727.

544 749 757 764 -Φοθοφ-ο

456 841 848 887 FRAGMENTA.

182 959 468 999 HECATAEUS·.
488 960 578 1008 Pag.
603 958 625 994 8
639 986 648 1004 ,
664 958 712 996 fr.
734 958 820 994 123.
842 978 896 985 —
914 957 970 995 Cf.
996 957 1180 994 Hellanici

128 1020 174 1056 fr.
187 1033 202 1055 1
216 1032 273 1056 10.

183 1079 226 1116 P.
269 1091 309 1114 11
323 1108 333 1124 ‚
363 1077 411 1114 fr.
457 1077 542 1113 160.
575 1097 625 1103 -—
654 1077 746 1111 Haec
781 1077 958 1111 Hecataeo
990 1075 1180 1111 Abderitae

129 1136 323 1173 vindicavi
341 1138 380 1171 in
399 1143 493 1172 tom.
517 1136 577 1180 11,
591 1147 631 1183 p.
651 1134 747 1179 388,
765 1134 812 1171 fr.
833 1134 855 1168 6
876 1147 912 1170 α.

183 1197 223 1232 Ρ.
242 1208 256 1230 1
268 1209 304 1241 7,
318 1195 363 1232 sr.
373 1193 462 1238 254:
477 1193 593 1230 —Cf.
603 1192 1094 1231 Choerohoscusinssekker.
1105 1193 1178 1228 An.

130 1268 168 1303 p.
195 1268 208 1290 1
222 1254 287 1290 181
309 1266 317 1292 :
339 1252 384 1291 Ὁ
403 1254 515 1297 Χνᾶς,
527 1254 588 1289 ’ῐ-οῧ
603 1252 693 1289 Χνᾶ·
705 1250 795 1288 ὀὕτω
810 1248 878 1301 γὰρ
895 1249 1031 1299 ἐλέγετο
1046 1252 1064 1287 ὃ
1078 1248 1180 1300 'AY-ti·

130 1327 216 1364 νωρ,
240 1310 316 1350 ὅθεν
329 1311 390 1349 καὶ
407 1314 429 1357 ἡ
445 1310 597 1356 Φοινίκη
616 1309 731 1361 Ὀχνᾶ
749 1310 878 1356 (Χνᾶῖ
899 1311 1065 1348 Canaan.
1087 1310 1098 1359 )
1118 1308 1180 1346 λέ-

129 1376 242 1423 γεται,
258 1372 306 1408 de
324 1372 510 1419 quibusv.
526 1372 744 1406 Buttmann.
758 1369 964 1416 Mstlzolog.
975 1370 992 1404 I
1003 1395 1014 1414 ,
1026 1382 1067 1416 p.
1086 1368 1178 1417 233,

131 1433 270 1468 citante
303 1432 364 1467 F'r.
396 1431 581 1467 Creuzero
610 1430 648 1464 in
685 1431 852 1467 Wiener.
886 1429 1022 1464 Jahrb.
1063 1441 1075 1463 1
1087 1428 1177 1473 844,-

134 1498 227 1526 tom.
242 1490 343 1534 CIV,
358 1502 399 1537 p.-
425 1487 489 1526 35.
509 1488 685 1526 Ceterum
701 1488 828 1523 nescio
841 1500 888 1523 an
904 1488 1028 1536 aptius
1043 1487 1089 1525 fr.
1104 1486 1178 1530 254

130 1549 315 1585 referatur
344 1548 393 1583 ad
415 1549 632 1583 Hecataeum
659 1546 880 1582 Abderitam
894 1573 904 1590 ,
938 1559 1052 1594 quem
1071 1547 1181 1582 istam

130 1608 326 1656 regionem
341 1606 474 1642 adiisse
488 1605 613 1653 deque
624 1617 667 1640 ea
681 1605 871 1653 scripsisse
888 1612 1046 1642 constat.

185 1667 226 1703 P.
249 1666 314 1710 2³0,
333 1665 380 1700 fr.
402 1671 491 1714 291.
509 1685 560 1690 -—
575 1665 660 1700 Hoc
684 1675 839 1711 quoque
857 1665 1034 1699 Hecataeo
1056 1663 1183 1700 Abde-

131 1725 212 1761 ritae
243 1724 360 1760 tribui
380 1725 420 1758 iri
444 1730 538 1758 tom.
559 1723 611 1766 11,
630 1735 670 1770 p.
696 1721 784 1769 389,
803 1721 850 1757 fr.
875 1734 934 1756 10.
971 1722 1119 1757 Ibidem
1145 1722 1183 1757 in

132 1773 265 1821 annot.
283 1783 382 1818 inter
398 1781 587 1818 Abderitae
607 1780 815 1829 fragmenta
834 1781 943 1828 posui
960 1781 1087 1815 locum
1102 1782 1183 1816 Da-

133 1843 284 1888 mascii‚
303 1842 371 1877 ubi
395 1841 442 1876 de
463 1838 731 1888 AEg'yptiorum
750 1836 894 1887 placito
914 1834 1183 1888 philosophico

133 1902 331 1937 Hecataeus
373 1898 564 1935 laudatur.
604 1899 809 1934 Creuzerus
850 1910 937 1933 eum
979 1898 1028 1933 ad
1072 1899 1183 1934 Mile-

132 1961 229 1996 sium
250 1961 467 1994 Hecataeum
495 1956 610 1991 refert
629 1955 653 1991 l.
679 1955 704 1992 l.
733 1955 900 2002 itemque
928 1956 967 1990 in
995 1957 1184 2005 Anzeigen

131 2021 166 2055 il.
194 2017 408 2054 Munclmer
434 2016 612 2052 Academ.
642 2013 765 2058 1848,
790 2015 902 2050 Num.
935 2026 1022 2049 110.
1045 2017 1184 2050 Verum

133 2078 278 2113 etiamsi
299 2075 481 2124 placitum
500 2073 595 2109 illud
619 2070 701 2121 (τὸν
721 2070 819 2117 ἥλιον
838 2064 926 2108 εἶναι
951 2070 1008 2108 τὸν
1028 2074 1106 2108 νοῦν
1126 2071 1184 2109 τὸν

132 2134 248 2188 νοερόν
263 2135 290 2184 ),
306 2134 414 2183 quod
424 2133 613 2181 AEgyptiis
624 2130 832 2179 affingunt5
850 2131 896 2166 ab
912 2132 1048 2166 Ionicis
1060 2132 1182 2180 philo·

133 2196 262 2244 sophis
271 2207 351 2230 non
360 2194 521 2229 alienum
533 2198 601 2235 est,
617 2197 744 2226 tamen
756 2190 804 2226 ad
822 2189 1044 2226 Abderitam
1057 2191 1186 2226 locum

134 2256 247 2290 istum
265 2252 398 2289 referri
416 2250 704 2298 malui‚quippe
724 2261 837 2296 quem
856 2255 1004 2284 constat
1023 2247 1109 2299 Περὶ
1124 2250 1186 2293 τῆς

134 2310 339 2361 Αἰγυπτίων
371 2308 572 2362 φιλοσοφίας
595 2308 802 2356 scripsisse,
832 2307 925 2342 dum
948 2307 1067 2342 simile
1092 2307 1186 2354 quid

57 2401 71 2406 -
135 2372 183 2408 de
196 2371 342 2408 Milesio
363 2375 602 2416 compertum
622 2379 702 2402 non
719 2366 915 2403 habemus.

188 2432 233 2468 P.
253 2429 301 2466 25
317 2445 328 2475 ,-
347 2429 392 2466 fr.
416 2427 505 2464 333.
527 2448 578 2454 --
602 2426 658 2463 Cf.
678 2433 759 2461 not.
793 2425 842 2460 ad
867 2425 1042 2461 Characis
1064 2424 1111 2463 fr.
1137 2425 1185 2469 48

135 2492 175 2526 in
195 2498 289 2526 tom.
313 2490 393 2533 ΙΙΙ,
411 2501 450 2536 p.
468 2487 560 2530 644.

190 2551 230 2586 P.
255 2548 320 2593 26,
355 2548 404 2582 fr.
438 2546 529 2587 341.
549 2566 604 2571 -
618 2544 684 2579 Ibi·
711 2543 828 2579 addas
859 2543 979 2581 schol.
1011 2535 1182 2592 Thucyd.

138 2611 171 2654 Ι,
192 2607 213 2644 3
226 2636 237 2655 ,
260 2606 366 2655 quod
382 2606 423 2640 in
441 2605 615 2652 Prolegg.
635 2616 677 2651 p.
699 2607 768 2638 xvl
785 2602 1063 2650 adscripsimus.
1091 2604 1187 2638 Rem

138 2674 277 2704 tractat
295 2667 499 2702 Cr'euzerus
524 2663 564 2698 in
591 2659 723 2707 Briefe
757 2662 847 2696 tiber
862 2662 1000 2696 Homer
1030 2674 1066 2697 ιι,
1097 2663 1184 2697 Hes.

137 2741 178 2777 p.
199 2725 292 2771 218,
308 2725 400 2761 etin
415 2720 609 2769 Symbolik
625 2727 717 2758 tom.
736 2721 808 2765 lv,
829 2732 870 2768 p.
890 2720 962 2756 186
988 2719 1047 2757 ed.
1081 2726 1185 2766 tert.;

138 2786 329 2823 VVclcker.
351 2783 476 2820 AEsclz.
498 2782 589 2818 Tril.
604 2786 644 2828 p.
667 2791 731 2816 20.-

193 2847 236 2881 P.
263 2844 328 2888 28,
347 2842 393 2878 fr.
425 2839 514 2886 357.
534 2847 588 2866 ·—
607 2840 695 2874 tlaec
719 2837 869 2886 plenius
891 2835 1046 2873 exhibet
1069 2838 1187 2875 schol.

140 2904 284 2940 codicis
297 2901 431 2939 Veneti
450 2898 522 2948 (ed.
536 2898 656 2935 Cobet
672 2896 683 2946 )
704 2909 747 2934 t..
762 2894 904 2947 γράφων
921 2893 1041 2937 οὕτως·
1057 2913 1071 2928 «
1089 2894 1135 2934 ‘O
1152 2894 1187 2933 δὲ

140 2962 317 3013 Αἴγυπτος
335 2958 439 3002 αὐτὸς
454 2956 517 3009 μὲν
534 2957 597 2995 οὒκ
612 2950 715 3002 ἦλθεν
733 2956 780 2998 εἷς
796 2952 932 3006 Ἄργος.
956 2955 1093 2998 Παῖδας
1113 2953 1189 3004 μὲν,

139 3025 186 3068 ὡς
217 3020 279 3072 μὲν
309 3011 352 3058 ’Ἢ
361 3017 470 3060 σίοδος
486 3047 497 3067 ‚
528 3014 670 3061 ἐποίησε
700 3012 917 3060 πεντήκοντα
930 3043 939 3060 ,
969 3015 1016 3057 ὡς
1040 3012 1132 3063 λέγω
1153 3012 1189 3050 δὲ

143 3083 183 3132 (l.
216 3083 262 3123 ὡς
278 3077 347 3130 ἐγὼ
363 3077 398 3115 ’δὲ
413 3075 507 3125 λέγω
521 3074 551 3126 ),
565 3074 643 3112 οὐδὲ
660 3073 760 3112 εἰσίν.
779 3092 794 3106 »
812 3072 884 3111 Καὶ
901 3072 1079 3116 Διονύσιος
1098 3075 1115 3110 ὃ
1129 3088 1188 3110 κυ-

140 3138 335 3191 κλογράφος
348 3138 382 3175 ἐν
400 3137 449 3187 τῷ
467 3133 596 3186 πρώτῳ
611 3132 655 3171 τὰ
675 3131 908 3185 παραπλήσιά
923 3146 1021 3183 φησι.
1041 3132 1190 3179 Λέγεται

142 3197 179 3236 δέ
198 3213 247 3240 τις
267 3197 353 3235 κτλΙρ
365 3197 461 3231 utin
481 3195 605 3231 editis,
626 3195 777 3230 Novum
796 3193 871 3228 hoc
891 3192 1104 3240 exemplum
1121 3197 1187 3234 est,

143 3257 251 3306 quod
271 3256 319 3292 de
345 3255 454 3298 crisi,
478 3266 592 3301 quam
611 3252 880 3288 vetustissimus
899 3251 1099 3286 historicus
1131 3249 1188 3284 sa-

142 3317 243 3352 bulis
259 3314 495 3357 adhibuerit,
520 3324 589 3347 nos
604 3312 754 3349 doceat.
779 3310 834 3347 Cf.
855 3310 900 3346 fr.
922 3310 1011 3345 332.

197 3376 240 3412 P.
264 3386 327 3422 29.
346 3394 398 3400 -—
418 3373 506 3407 Post
532 3371 667 3418 fragm.
701 3369 770 3404 361
792 3370 911 3404 insere
938 3368 1016 3402 haec
1035 3380 1042 3401 z
1062 3366 1187 3402 Schol.

145 3433 327 3482 Sophocl.
346 3431 391 3469 Ο.
405 3430 445 3468 C.
471 3429 568 3465 1320
589 3442 596 3464 ε
615 3426 728 3476 Ἰἐζνιοι
748 3428 784 3464 οὐ
803 3426 859 3463 τὸν
879 3423 1089 3470 Ἀταλάντης
1107 3421 1190 3474 φασὶ

2206 226 2280 269 627

1244 311 1506 362 Παρθενοπαῖον
1535 315 1745 363 στρατεῦσαι
1773 314 1783 362 (
1799 328 1850 353 se.
1888 314 1946 352 ἐπὶ
1980 315 2111 361 Θηῧῶν
2127 316 2160 366 ),
2193 316 2284 353 ἀλλὰ

1242 368 1300 406 τὸν
1315 368 1521 416 Ταλαοῧ,ὃν
1532 368 1615 407 ἔνιοι
1632 369 1688 408 διὰ
1702 374 1762 408 τοῦ
1780 386 1801 408 κ
1814 372 1954 410 Καλαὸν
1968 373 2278 425 προσαγορεύουσι,

1241 428 1401 480 καθάπερ
1421 427 1649 480 Ἀρίσταρχος
1667 431 1686 466 ὁ
1705 430 1882 478 Τεγεάτης
1911 431 1970 468 καὶ
1991 433 2171 478 Φιλοκλῆς
2189 435 2284 471 ἱστο-

1243 490 1359 538 ροῦσι,
1397 486 1626 539 συγγραφέων
1659 486 1695 525 δὲ
1729 486 1917 531 Ἑκαταῖος
1952 491 1970 526 ὁ
2005 489 2189 536 Μιλήσιος.
2227 493 2280 529 Cf.

1240 546 1423 595 Apollod.
1450 548 1481 592 Ι,
1515 558 1562 595 9,
1588 546 1646 585 13.

1294 606 1336 641 P.
1379 605 1440 643 3ο.
1467 627 1521 632 —
1547 607 1636 641 Post
1669 606 1715 642 fr.
1760 606 1831 652 371
1871 607 1968 643 adde
2008 609 2186 656 Apollon.
2230 610 2287 644 De

1240 669 1416 712 pronom.
1439 678 1478 713 p.
1506 664 1579 700 118
1606 665 1669 702 ed.
1704 665 1823 700 Bekk.
1849 678 1857 700 :
1894 665 1939 701 Αἱ
1970 663 2200 708 πληθυντικαὶ
2229 665 2288 702 καὶ

1241 723 1538 759 κοινολεκτοῧνται
1554 724 1634 759 κατ’
1653 723 1788 759 εὐθεῖαν
1807 721 1892 773 πρός
1908 737 1944 759 τε
1960 721 2089 760 Ἰώνων
2106 722 2165 758 καὶ
2180 721 2288 760 ’Ama

1241 782 1312 818 κῶν
1325 810 1336 830 ‚
1355 781 1506 830 ἡμεῖς,
1523 783 1542 818 ὑ
1555 786 1626 830 μεῖ
1638 797 1671 828 ς,
1692 782 1828 833 σφεῖς.
1850 778 1957 819 Ἔστι
1972 779 2214 821 πιστώσασθαι
2230 782 2289 819 καὶ

1241 839 1280 878 τὸ
1299 839 1492 892 ἀδιαίρετον
1512 842 1573 885 τ’ἧς
1590 839 1721 883 εὐθείας
1740 841 1825 891 παρ’
1841 838 1962 878 Ἴωσιν
1984 840 2099 876 ἐκτῶν
2123 838 2202 890 περὶ
2222 843 2292 886 Δη-

1243 896 1420 950 μόκριτον,
1440 898 1658 951 Φερεκύδην,
1669 898 1872 938 ἹΞκαταῖον·
1887 897 1926 936 τὸ
1944 897 2010 950 γὰρ
2027 899 2061 935 ἐν
2080 899 2288 950 Εἰδωλοφα-

1242 957 1293 994 νεῖ
1312 955 1437 1007 ὑμέες
1453 987 1463 1004 ,
1492 957 1636 997 αἷόλιον.
1660 979 1712 986 -
1735 960 1921 994 Praeterea
1939 971 2165 994 memorasse
2180 956 2291 994 liceat

1241 1017 1400 1064 glossam
1416 1017 1609 1064 Hesychii,v
1623 1029 1706 1064 quae
1716 1018 1828 1065 vulgo
1840 1017 2040 1053 sichabet:
2057 1017 2075 1051 ὓ
2088 1017 2125 1051 π’
2144 1031 2164 1052 α
2175 1016 2220 1052 ὗν
2231 1015 2291 1061 ήν·

1241 1073 1326 1126 παρῗ
1357 1073 1538 1126 Ἑκαταίῳ
1567 1075 1741 1119 Φιλητᾶς.
1780 1078 1828 1111 At
1849 1075 1971 1111 codex
1995 1088 2002 1110 :
2027 1073 2100 1111 ὑπ’
2133 1073 2290 1120 αὐνὴν,
2337 1064 2343 1068 ,

1241 1131 1449 1183 παρεκατέω
1467 1131 1614 1184 φιλιτοίς.
1632 1134 1912 1181 Reponendum
1932 1147 2007 1169 esse
2031 1133 2194 1178 Φιλητᾶς
2218 1142 2289 1183 pro

1243 1190 1412 1238 Φιλιτοίς,
1435 1193 1558 1228 forma
1578 1205 1640 1240 ap.
1664 1194 1829 1241 Hesych.
1853 1200 2067 1228 constanter
2077 1193 2190 1229 obvia
2212 1194 2291 1241 (uti

1244 1251 1405 1286 Bachius
1422 1251 1519 1286 Phil.
1544 1255 1660 1287 carm.
1687 1264 1728 1299 p.
1754 1264 1801 1297 77
1828 1253 1879 1286 ait
1899 1250 1932 1300 ),
1954 1258 2096 1286 certum
2116 1252 2182 1296 s'it;
2204 1253 2291 1287 reli-

1243 1322 1317 1357 qua
1334 1310 1428 1358 quid
1443 1311 1514 1345 sibi
1526 1311 1660 1356 velint,
1680 1310 1851 1346 nondum
1870 1311 2003 1358 liquet.

1297 1427 1511 1464 CHARON.
1536 1429 1578 1465 P.
1609 1427 1679 1473 34,
1702 1441 1737 1464 α.
1769 1450 1815 1455 —-
1838 1430 1934 1463 Ante
1964 1428 2098 1476 fragm.
2133 1427 2155 1462 8
2176 1428 2293 1464 addas

1246 1486 1324 1521 haec
1339 1513 1349 1531 ‚
1370 1499 1452 1533 quae
1470 1498 1516 1521 ex
1528 1481 1654 1535 Ὥροις
1671 1486 1922 1534 Λαμψακηνῶν
1937 1487 2013 1521 sive
2025 1499 2069 1522 ex
2084 1486 2189 1521 libris
2205 1485 2291 1536 Περὶ

1244 1545 1466 1595 Λαμψακοῧ,
1489 1548 1655 1592 quorum
1687 1546 1849 1592 primam
1873 1551 2021 1592 partem
2047 1542 2204 1580 Κτίσεων
2220 1557 2292 1579 no—

1244 1604 1345 1638 mine
1375 1603 1559 1651 signatam
1592 1604 1773 1652 reperisse
1795 1603 1936 1638 alicubi
1965 1602 2099 1638 Suidas
2117 1603 2288 1648 videtur,

1247 1661 1475 1709 deprompta
1491 1662 1633 1697 fuerint
1654 1674 1663 1697 z

1299 1718 1411 1757 Phot.
1432 1722 1525 1757 LeX.
1551 1732 1559 1757 ζ
1584 1717 1646 1757 Κύ
1665 1716 1819 1765 ὃηὸος,
1837 1720 1855 1755 ὃ
1872 1717 2104 1769 κατεχόμενος
2123 1721 2166 1770 τῇ
2186 1717 2292 1768 μητρὶ

1245 1779 1312 1815 τῶν
1335 1779 1438 1823 θεῶν,
1454 1777 1670 1830 θεοφόρητος.
1687 1776 1819 1828 Χάρων
1837 1776 1872 1817 δὲ
1891 1779 1908 1814 ὁ
1924 1776 2164 1829 Λαμψακηνὸς
2183 1778 2223 1814 ἐν
2240 1780 2293 1828 τῇ

1247 1836 1397 1887 ’πρώττί
1418 1835 1481 1881 τὴν
1501 1835 1702 1888 Ἀφροδίτην
1725 1835 1791 1872 ὑπὸ
1813 1837 1966 1886 Φρυγῶν
1993 1835 2053 1872 καὶ
2074 1836 2197 1874 Λυδῶν
2221 1837 2292 1874 Κυ-

1249 1895 1363 1942 ὅήὸην
1380 1893 1542 1944 λέγεσθαι
1563 1896 1574 1944 (
1590 1908 1641 1931 sc.
1659 1892 1762 1946 φησίν
1778 1894 1804 1943 ).
1824 1896 1880 1933 Cf.
1901 1893 2030 1943 Steph.
2049 1895 2158 1930 Thes.
2178 1908 2215 1930 v.
2237 1906 2295 1931 xuss

1248 1952 1384 1999 ὅήὸειν.

1300 2013 1407 2049 Idem
1427 2014 1479 2049 ib.
1509 2026 1515 2047 :
1547 2010 1792 2057 Ὀστακός,
1814 2012 1844 2047 οἱ
1880 2009 1917 2047 δὲ
1947 2009 2149 2052 ἀστακός·
2181 2009 2295 2060 καρά-

1248 2069 1313 2108 ὅου
1331 2064 1430 2113 εἶδος·
1448 2069 1508 2107 καὶ
1529 2068 1591 2115 τὴν
1612 2069 1712 2106 πόλιν
1727 2069 1788 2114 τὴν
1808 2068 1996 2115 Ἄστακον,
2015 2065 2196 2106 Ὄστακον
2213 2065 2294 2106 ’‘lw-

1247 2143 1310 2171 νες.
1331 2130 1422 2179 Παρ’
1444 2126 1462 2164 ὃ
1481 2128 1491 2178 (
1508 2128 1574 2179 κάρ
1591 2120 1619 2164 ῶ
1635 2129 1741 2174 cod.;
1762 2127 1949 2175 ejicienda
1963 2139 2063 2163 cens.
2082 2127 2265 2163 Dobraeus
2283 2128 2292 2176 )

1250 2186 1394 2238 Χάρων·
1414 2205 1428 2220 α
1444 2185 1620 2229 Ὄστακος
1638 2186 1777 2232 ἐκτίσθη
1798 2185 1865 2222 ὑπὸ
1880 2183 2146 2230 Χαλκηδονίων.
2166 2201 2181 2218 »
2200 2187 2296 2222 Mela

1248 2249 1277 2291 I,
1292 2260 1350 2295 19,
1363 2246 1498 2282 Strabo
1512 2247 1606 2290 ΧΠ,-
1617 2259 1655 2294 p.
1669 2245 1743 2282 563
1756 2242 1793 2281 et
1811 2245 1998 2282 Memnon.
2009 2257 2039 2279 c.
2059 2257 2104 2280 21
2122 2249 2298 2281 Astacum

1247 2306 1524 2354 Megarensium
1541 2304 1731 2340 coloniam
1745 2305 1895 2349 dicunt,
1915 2303 2020 2351 quod
2036 2303 2190 2350 quidem
2205 2305 2298 2338 nihil

1247 2376 1554 2411 morarer‚quum
1564 2363 1808 2401 Chalcedonii
1821 2364 1908 2398 item
1919 2369 2040 2397 essent
2048 2362 2295 2409 Megarenses,

1246 2424 1319 2459 nisi
1337 2423 1521 2459 Eusebius
1539 2425 1718 2458 Astacum
1739 2422 1786 2458 33
1805 2422 1909 2458 annis
1922 2427 2007 2456 ante
2022 2420 2299 2456 chalcedonem

1249 2495 1325 2518 esse
1337 2482 1530 2518 conditam
1545 2481 1701 2518 diceret.
1715 2482 1772 2517 Sc.
1785 2483 1962 2516 Astacum
1971 2480 2024 2514 ait
2032 2479 2225 2514 conditam
2238 2470 2296 2517 ol'.

1253 2540 1311 2586 18,
1328 2553 1362 2576 2.
1381 2553 1476 2587 7073
1493 2540 1772 2577 chalcedonem
1787 2540 1846 2575 Ol.
1866 2538 1931 2582 26,
1948 2537 1984 2572 3.
2003 2537 2093 2583 674.
2107 2538 2298 2573 Memnon.-

1249 2600 1281 2638 ε’.
1303 2612 1348 2635 21
1375 2598 1494 2648 (tom.
1516 2600 1589 2636 III.
1610 2611 1650 2647 p.
1676 2598 1772 2641 536)
1792 2597 1920 2633 Astaci
1940 2597 2103 2644 origines
2123 2596 2237 2631 refert
2251 2587 2299 2632 ad

1249 2659 1307 2696 Ol.
1334 2671 1376 2704 17
1395 2685 1405 2703 ‚
1434 2671 1466 2694 1.
1491 2670 1580 2703 712.
1600 2656 1720 2693 Aliter
1740 2656 1787 2691 de
1806 2656 1864 2691 his
1884 2655 2051 2690 statuisse
2068 2653 2181 2689 debet
2201 2654 2298 2706 Cha-⁴

1248 2726 1321 2752 ro‘n
1339 2718 1641 2764 Lampsacenus3
1666 2716 1737 2750 nisi
1757 2714 1855 2750 forte
1874 2714 1921 2749 ad
1951 2713 2178 2748 tralaticium
2196 2708 2298 2748 istud

1249 2775 1452 2823 refugeris,
1474 2787 1553 2809 non
1573 2774 1620 2809 de
1646 2774 1779 2822 primis
1799 2772 2062 2809 conditoribus
2085 2771 2297 2807 Charoneni

1249 2835 1322 2870 hoc
1347 2835 1432 2868 loco
1456 2833 1592 2868 dixisse
1610 2844 1778 2875 censens,
1797 2831 1864 2866 sed
1883 2830 1932 2866 de
1950 2831 2015 2874 iis,
2038 2830 2101 2877 qui
2122 2836 2295 2877 postmo÷

1251 2893 1341 2928 dum
1362 2891 1497 2927 urbem
1518 2891 1625 2926 bellis
1645 2892 1804 2926 accisam
1824 2890 1950 2925 denuo
1972 2889 2106 2924 incolis
2121 2888 2280 2934 frequen

1251 2960 1345 2987 tasse
1361 2949 1574 2986 videantur.
1592 2970 1644 2976 —-
1657 2951 1713 2984 De
1728 2947 1872 2997 ἀστακῷ
1889 2944 1911 2991 ἢ
1931 2945 2072 2997 ὀστακῷ
2086 2945 2135 2981 cf.
2156 2945 2291 2981 Athen.

1249 3012 1316 3054 111,
1335 3022 1372 3057 p.
1399 3006 1484 3052 105,
1499 3009 1542 3043 B.
1913 3054 1915 3057 y

1304 3070 1344 3105 P.
1368 3066 1414 3102 35
1430 3093 1439 3110 ‚
1460 3067 1490 3109 b,
1514 3064 1560 3102 fr.
1590 3070 1649 3103 12'.
1672 3088 1723 3093 —-
1738 3068 1826 3101 Post
1837 3065 1954 3101 verba
1970 3060 2194 3113 συγγενέσθαι
2209 3061 2297 3111 αὐτῇ

1250 3127 1368 3163 schol.
1385 3125 1514 3173 Apoll.-
1529 3126 1602 3162 Rh.
1624 3126 1676 3161 sic
1694 3125 1810 3160 habet
1828 3136 1837 3160 :
1861 3121 2033 3172 ὑπέσχετο
2051 3121 2168 3158 δοῦναι
2182 3122 2296 3163 τοῦτο’,

1252 3182 1467 3237 φυλάξασθαι
1484 3181 1602 3230 μέντοι
1619 3198 1658 3233 γε
1677 3181 1797 3234 ἑτέρας
1816 3180 1977 3231 γυναικὸς
1997 3178 2137 3228 ὁμιλίαν
2158 3175 2295 3226 παρήγ-

1252 3243 1364 3293 γειλεν
1375 3255 1382 3263 ·
1393 3239 1532 3277 ἔσεσθαι
1548 3238 1582 3277 δὲ
1595 3240 1723 3289 μεταξὺ
1739 3242 1852 3278 αὐτῶν
1867 3238 2012 3290 ἄγγελον
2027 3236 2195 3286 μέλισσαν
2211 3243 2294 3279 etc„

1252 3310 1294 3339 ut
1314 3314 1374 3349 ap.
1393 3302 1517 3346 Etym.
1536 3301 1607 3345 M.,
1626 3302 1696 3337 nisi
1711 3300 1816 3349 quod
1831 3301 1868 3334 in
1883 3298 1957 3334 fine
1975 3298 2088 3332 habet
2106 3307 2114 3332 ε
2131 3295 2294 3343 πηρωθῆ-

1252 3377 1309 3400 ναι
1332 3362 1448 3401 αὐτόν.

1306 3423 1348 3457 Ρ.
1371 3421 1416 3456 35
1434 3449 1443 3465 ,
1467 3422 1499 3465 b,
1523 3421 1568 3457 sr.
1604 3420 1662 3457 13.
1684 3440 1732 3444 —
1757 3416 1826 3454 Καὶ
1846 3414 1907 3460 τὴν
1925 3416 1999 3463 γῆν
2026 3408 2194 3462 χώματι]
2215 3410 2295 3457 lege

2106 3478 2151 3504 40.
