2372 3704
686 239 988 280 CHRYSERMI
1015 240 1285 281 CORINTHII
1315 241 1649 281 FRAGMENTA.

701 341 710 363 ε
738 325 1046 379 Ἐπιγραμμάτων
1080 329 1144 378 βι-
1209 342 1262 364 σιν
1285 327 1567 379 ἐπερειδόμενος,
1588 327 1649 370 τὰς
1667 329 1735 365 τῶν
1756 330 1884 380 νεκρῶν
1914 329 2077 382 ἁρπάζων
2095 331 2245 372 ἀσπίδας

101 327 247 364 stodori
280 333 522 370 recensentur
550 328 663 364 etiam

102 383 183 422 ὅλία
205 384 254 436 γ’,
276 383 494 424 Ἐπιστολῶν
513 384 558 424 δ’.

123 597 613 656 CHRYSERMUS
653 597 1122 657 CORINTHlUS.

373 721 875 762 ΠΕΛΟΠΟΝΝΗΣΙΑΚΑ.

415 821 446 856 Ε
473 820 623 868 Lumo
653 793 823 857 mmo.

604 907 638 933 1.

150 968 342 1007 Plutarch.
365 970 422 1005 De
440 966 545 1006 flum.
568 969 635 1014 18,
659 982 679 1015 7
702 981 711 1005 ε
733 966 940 1020 Χρύσερμος
968 965 1004 1005 δὲ
1026 969 1045 1005 ὁ
1070 968 1145 1006 Ko-

101 1024 224 1079 ρίνθιος
258 1026 293 1063 ἐν
331 1024 363 1063 α’
400 1027 741 1072 Πελοποννησιακῶν
779 1025 933 1079 ἱστορίας
970 1025 1146 1076 μέμνηται

100 1083 278 1131 τοιαύτης.
299 1083 465 1135 Περσέως
479 1083 669 1137 φερομένου
689 1084 864 1136 μετεώρου
878 1114 889 1132 ,
907 1083 1071 1136 καὶκατὰ
1087 1083 1144 1121 τὸν

98 1141 205 1194 λόφον
220 1141 487 1192 (Ἀπαίσαντον)
506 1140 690 1192 γενομένου
710 1145 844 1193 τοῦτον,
862 1142 1019 1187 ἐξέπεσεν
1040 1143 1145 1180 αὐτοῦ

98 1202 159 1247 τ’ἥς
168 1199 283 1244 λαὸἧς
298 1203 359 1238 τοῦ
381 1199 495 1252 ξίφους
514 1202 531 1238 ὁ
549 1200 672 1250 μύκης.
689 1201 903 1252 Γοργοφόνος
922 1199 983 1250 δὲ,
1005 1203 1023 1238 ὃ
1041 1203 1146 1252 βασι-

96 1258 176 1302 λεὺς
195 1257 449 1311 Ἐπιδαυρίων,
469 1257 628 1297 ἐκπεσὼν
649 1261 711 1305 τῆς
728 1260 840 1311 ἀρχῆς
859 1258 965 1297 ἔλαὸε
981 1257 1144 1310 χρησμὸν

98 1317 335 1370 ἐμπεριελθεῒν
349 1316 410 1361 τὰς
428 1316 632 1369 Ἀργολικὰς
650 1316 767 1361 πόλεις
778 1347 790 1368 ,
808 1317 868 1355 καὶ
894 1315 980 1355 ὅπου
1001 1316 1042 1354 ἂν
1059 1315 1143 1368 εὕρῃ

99 1375 215 1429 ξίφους
232 1374 373 1426 μύκητα
387 1405 398 1427 ,
417 1377 492 1414 ἐκεῖ
511 1375 628 1414 κτίσαι
652 1375 768 1416 πόλιν.
788 1375 980 1426 Γενόμενος
1001 1373 1037 1413 δὲ
1054 1373 1146 1412 κατὰ

97 1432 138 1471 τὸ
152 1431 291 1485 ’Άργιον
323 1431 422 1486 ὄρος,
443 1432 504 1471 καὶ
533 1432 641 1486 εὓρὼν
671 1432 735 1480 τὴν
770 1433 996 1487 ἐλεφαντίνην
1013 1431 1143 1481 λαὸὴν,

98 1490 199 1530 πόλιν
219 1490 369 1541 ἔκτισεν,
380 1490 423 1538 ἣν
441 1491 510 1529 ἀπὸ
526 1496 586 1530 τοῦ
603 1491 874 1544 συγκυρήματος
886 1490 1146 1544 προσηγόρευσε

98 1548 283 1597 Μυκήνας.
306 1551 363 1588 Cf.
386 1552 551 1588 Hecataei
570 1551 619 1590 fr.
642 1551 732 1590 360.

408 1638 438 1673 Ε
464 1638 615 1674 LIBRO
643 1638 836 1676 TERTIO.

606 1725 641 1749 2.

150 1781 343 1818 Plutarch.
378 1783 606 1820 Paral.min.
638 1795 670 1819 c.
701 1781 722 1817 3
757 1780 827 1831 (p.
855 1780 931 1827 376
954 1780 1086 1819 Didot.
1103 1776 1144 1831 ):

97 1838 263 1891 Ἀργείων
288 1838 348 1877 καὶ
367 1838 658 1889 Λακεδαιμονίων
683 1839 774 1891 ὑπὲρ
799 1836 1011 1890 Θυρεάτιδος
1030 1837 1147 1890 χώρας

97 1896 359 1947 πολεμούντων,
378 1898 409 1935 οἱ
428 1898 674 1950 Ἀμφικτύονες
690 1896 827 1949 ἔκριναν
843 1898 1045 1947 πολεμῆσαι
1059 1898 1146 1934 ἑκα-

97 1954 235 2007 τέρους,
253 1955 313 1994 καὶ
333 1958 402 1993 τῶν
421 1955 638 2002 νικησάντων
669 1949 758 1993 εἶναι
785 1954 848 2001 τὴν
875 1954 1008 2007 χώραν.
1030 1957 1146 1993 Λακε-

100 2014 272 2064 δαιμόνιοι
309 2012 370 2064 μὲν
401 2008 459 2051 οὖν
493 2014 692 2066 Ὀθρυάδην
728 2013 895 2060 ἐποίησαν
936 2011 1143 2064 στρατηγὸν,

98 2071 248 2125 Ἀργεῖοι
267 2071 304 2110 δὲ
320 2072 558 2124 Θέρσανδρον.
583 2071 838 2123 Πολεμούντων
861 2070 915 2119 δὲ,
939 2070 998 2108 δύο
1025 2072 1143 2108 ἐκτῶν

99 2130 263 2183 Ἀργείων
282 2130 592 2182 περιελείφθησαν,
613 2130 767 2182 Ἀγήνωρ
785 2130 845 2169 καὶ
867 2130 1045 2182 Χρόμιος,
1067 2127 1143 2167 οἵτι-

99 2204 154 2233 νες
164 2191 210 2233 εἷς
224 2188 287 2236 τὴν
299 2190 399 2227 πόλιν
412 2190 579 2241 ἤγγειλαν
594 2188 658 2236 τὴν
674 2189 787 2236 νίκην.
804 2189 976 2240 Ἤρεμίας
989 2190 1020 2226 δ’
1032 2190 1144 2240 ὑπαρ-

98 2246 248 2299 χούσης,
268 2249 286 2285 ὁ
304 2247 501 2301 Ὀθρυάδης
521 2247 687 2294 ἐπιζήσας
702 2247 762 2286 καὶ
787 2246 1017 2298 ἡμικλάστοις
1036 2246 1139 2298 δόρα-

377 2389 441 2428 ΡΕ
447 2389 846 2430 LOPONNIESIACA
853 2417 863 2428 .

607 2472 641 2505 1.

139 2542 351 2584 Chrysermns
366 2544 551 2576 corinthius
568 2544 671 2585 primo
694 2542 1032 2585 Pelomnnoeiamrum
1053 2542 1149 2583 hujus

97 2595 237 2628 historiae
249 2596 406 2629 meminit.
420 2599 527 2634 Quum
542 2599 676 2629 Perseus
689 2597 722 2628 in
733 2596 870 2629 sublime
889 2597 1042 2636 ferretur,
1059 2596 1091 2628 et
1106 2595 1146 2627 ad

88 2646 185 2678 'hunc
197 2646 208 2687 (
219 2648 442 2688 Apaesantum)
458 2650 601 2680 montem
614 2648 798 2689 appulisset,
810 2647 929 2680 decidit
945 2648 1027 2679 sorte
1039 2647 1147 2687 gladii,

97 2707 194 2739 quem
206 2698 344 2739 ferebat,
361 2699 525 2740 capulum.
539 2700 752 2740 Gorgophono
763 2701 884 2740 autem,
902 2698 1148 2740 Epidauriorum

97 2751 176 2790 regi,
187 2749 229 2782 ab
242 2750 378 2790 imperio
391 2751 484 2791 pulso
498 2751 660 2791 respondit
671 2751 850 2791 oraculum,
862 2752 899 2783 ut
912 2751 1072 2791 Argolicas
1089 2751 1146 2782 cir-

97 2802 235 2834 cumiret
248 2801 406 2842 civitates,
417 2805 450 2834 et
459 2803 501 2834 ibi
515 2800 629 2834 urbem
641 2802 810 2841 conderet,
824 2802 878 2834 ubi
891 2802 985 2843 gladii
997 2802 1147 2842 capulum

97 2853 288 2885 offenderet.
306 2856 413 2892 Quum
426 2863 500 2895 ergo
517 2854 556 2886 ad
568 2856 711 2886 montem
727 2854 858 2895 Argium
872 2854 1026 2893 venisset,
1042 2854 1149 2894 ibique

97 2905 248 2945 capulum
262 2905 439 2937 eburneum
456 2906 635 2946 reperisset,
647 2906 811 2938 civitatem
824 2905 984 2946 condidit,
999 2914 1098 2947 quam
1107 2905 1147 2937 ab

96 2959 214 2991 eventu
227 2960 375 2999 Mycenas
383 2959 568 3000 'appellavit-

139 3073 261 3112 Argivis
272 3073 305 3105 et
315 3073 565 3105 Lacedaemoniis
571 3073 611 3105 de
621 3082 697 3115 agro
705 3073 895 3115 Thyreatico
906 3072 1147 3112 altercantibus,

97 3124 346 3165 Amphictyones
360 3134 467 3166 pugna
483 3125 632 3166 utrinque
651 3126 807 3158 lectorum
822 3126 988 3157 hominum
1006 3133 1073 3156 rem
1090 3124 1144 3155 de-

98 3177 290 3209 cernendam
300 3180 506 3217 censuerunt,
520 3179 699 3219 victorique
708 3187 820 3219 agrum
830 3178 928 3210 istum
940 3176 1146 3209 deferendum

98 3236 176 3261 esse.
189 3228 423 3261 Lacedaemonii
430 3239 450 3261 a
462 3239 520 3262 sua
530 3232 620 3270 parte
628 3230 823 3271 Othryadem
831 3238 967 3261 summae
976 3228 1032 3267 rei,
1041 3227 1146 3268 Argivi

98 3281 334 3313 Thersandrum
347 3283 569 3323 praefecerunt.
578 3283 691 3316 Praelio
701 3283 741 3315 de
752 3282 876 3324 Argivis
888 3282 952 3314 duo
961 3280 1148 3322 superstites

99 3331 246 3371 suerunt,
263 3336 387 3373 Agenor
399 3335 432 3366 et
449 3334 621 3367 Chromius
632 3358 640 3374 ,
658 3335 712 3375 qui
728 3334 768 3366 de
782 3334 914 3366 victoria
933 3332 1056 3364 civibus
1069 3340 1148 3363 nun-

99 3383 182 3415 tium
195 3384 384 3417 attulerunt.
404 3387 502 3417 Facta
514 3388 622 3419 autem
636 3386 743 3427 quiete
755 3409 764 3424 ‚
779 3385 958 3426 Othryades
971 3385 1148 3416 etiamnum

101 3434 228 3476 vivens,
247 3435 408 3477 fultusque
429 3437 596 3471 hastilibus
611 3437 816 3478 semifractis,
835 3437 1037 3469 mortuorum
1056 3434 1148 3467 scuta

2168 253 2235 287 301

1206 385 1416 436 περιείλετο·
1431 385 1492 424 καὶ
1505 385 1669 437 τρόπαιον
1685 385 1835 434 στήσας,
1855 389 1894 426 ἐκ
1913 392 1973 426 τοῦ
1989 389 2076 428 ἰδίου
2097 389 2246 440 αἵματος

1207 443 1381 497 ἐπέγραψε
1402 443 1460 483 Διὶ
1485 443 1720 496 τροπαιούχῳ.
1741 444 1814 483 Καὶ
1834 447 1900 483 τῶν
1921 446 1981 485 δύο
2000 447 2121 486 στάσιν
2143 447 2246 499 ἐχόν-

1206 516 1286 549 των,
1305 504 1336 540 οἱ
1359 501 1608 554 Ἀμφικτυόνες
1627 501 1798 540 αὐτόπται
1816 502 1993 553 γενόμενοι
2022 507 2245 556 Λακεδαιμο-

1206 558 1295 603 νίους
1315 559 1559 612 προκρίνουσι·
1577 558 1735 611 καθάπερ
1755 559 1959 612 Χρύσερμος
1987 563 2021 599 ἔν
2047 562 2152 616 τρίτῳ
2170 565 2246 602 Πε-

1204 618 1500 665 λοποννησιακῶν.
1517 618 1573 657 Cf.
1594 619 1746 656 Miiller.
1769 620 1860 657 Dor.
1876 621 1914 666 I,
1931 633 1971 669 p.
1999 621 2085 660 158.

1604 721 1848 760 ΠΕΡΣΙΚΑ.

1487 814 1518 849 Ε
1547 813 1698 850 LIBRO
1727 813 1967 850 SECUNDO.

1714 893 1751 932 3.

1260 966 1368 1003 Idem
1386 966 1480 1004 ibid.
1502 980 1537 1005 c.
1564 980 1626 1017 ιο,
1645 980 1686 1016 p.
1715 967 1791 1015 379
1808 979 1817 1003 ε
1841 966 1988 1017 Περσῶν
2006 964 2070 1012 τὴν
2089 964 2248 1005 Ἑλλάδα

1205 1023 1483 1075 λεηλατούντων,
1499 1024 1718 1071 Παυσανίας,
1730 1027 1748 1062 ὁ
1759 1025 1828 1062 τῶν
1842 1023 2129 1073 Λακεδαιμονίων
2145 1040 2251 1078 στρα-

1206 1083 1310 1134 τηγὸς
1322 1114 1332 1131 ,
1351 1082 1567 1120 πεντακόσια
1584 1086 1715 1135 χρυσοῦ
1733 1082 1889 1120 τάλαντα
1911 1081 2010 1133 παρὰ
2030 1081 2163 1133 Ξέρξου
2180 1083 2250 1120 λα-

1208 1140 1292 1188 ὅὼν,
1313 1141 1437 1191 ἔμελλε
1454 1141 1653 1193 προδιδόναι
1674 1141 1736 1187 τὴν
1755 1141 1940 1193 Σπάρτην.
1963 1141 2193 1193 Φωραθέντος
2213 1139 2250 1178 δὲ

1207 1199 1331 1237 τούτου
1345 1230 1354 1247 ,
1369 1199 1576 1251 Ἀγησίλαος
1595 1202 1613 1237 ὁ
1629 1198 1747 1252 πατὴρ
1769 1198 1875 1251 μέχρι
1894 1203 1953 1238 τοῦ
1971 1203 2054 1237 ναοῦ
2074 1202 2134 1246 τῆς
2150 1201 2250 1238 Χαλ·

1207 1258 1339 1297 κιοίκου
1354 1257 1555 1302 συνεδίωξεν
1576 1258 1742 1308 Ἀθηνᾶς,
1762 1258 1822 1296 καὶ
1842 1257 1904 1301 τὰς
1933 1257 2036 1310 θύρας
2066 1261 2125 1296 τοῦ
2143 1257 2250 1308 τεμέ-

1206 1331 1283 1360 νους
1301 1317 1433 1368 πλίνθῳ
1449 1316 1599 1369 φράξας,
1618 1318 1712 1368 λιμῷ
1731 1315 1930 1354 ἀπέκτεινεν
1943 1331 1951 1339 ·
1964 1319 1986 1362 ἡ
2004 1315 2040 1354 δὲ
2055 1316 2172 1368 μήτηρ
2188 1315 2251 1354 καὶ

1208 1375 1339 1427 ἄταφον
1360 1374 1495 1428 ἔρριψεν
1506 1390 1514 1398 ·
1530 1377 1576 1419 ὡς
1595 1374 1803 1427 Χρύσερμος
1819 1375 1852 1412 ἐν
1869 1374 2016 1426 δευτέρῳ
2030 1373 2248 1426 Ἱστορικῶν.

1207 1434 1338 1471 Scribe
1362 1434 1547 1484 Περσικῶν
1573 1446 1659 1470 cum
1678 1434 1829 1471 Stobaeo
1848 1434 1887 1468 in
1907 1434 2036 1471 Floril.
2061 1434 2250 1482 XXXIX,

1212 1492 1256 1528 31
1275 1520 1287 1542 ,
1305 1493 1372 1528 ubi
1386 1492 1530 1529 eadem.

1635 1592 1830 1631 ΙΝΔΙΚΑ.

1501 1685 1531 1722 Ε
1559 1685 1710 1722 LIBRO
1740 1683 1960 1721 OCTAVO?

1711 1768 1749 1807 [ι.

1260 1841 1454 1879 Plutarch.
1471 1842 1526 1877 De
1544 1839 1651 1876 flum.
1672 1841 1691 1876 I
1703 1867 1713 1885 ‚
1737 1843 1758 1882 4
1773 1849 1782 1876 :
1801 1838 1848 1876 Οἵ
1862 1837 1893 1874 δ’
1914 1836 2076 1890 ἐγχώριοι
2095 1835 2156 1881 τὰς
2171 1839 2254 1876 ἀσε-

1208 1898 1276 1942 6ῶς
1293 1897 1596 1950 ἀναστρεφομένας
1613 1895 1802 1948 παρθένους
1822 1897 1984 1947 σταυροῖς
2001 1895 2253 1946 προσηλώσαν-

1208 1972 1281 2006 τες,
1298 1957 1345 1999 εἷς
1362 1955 1464 1993 αὐτὸν
1482 1954 1558 2005 (τὸν
1575 1953 1779 2003 <Υδάσπην)
1800 1953 1987 2004 βάλλουσι,
2006 1957 2049 2003 τῇ
2064 1957 2160 2006 σφῶν
2175 1956 2252 1992 δια·

1206 2013 1319 2066 λε’κτῳ
1333 2013 1389 2051 τὸν
1404 2013 1605 2065 Ἀφροδίτης
1625 2011 1731 2062 ὕμνον
1748 2011 1899 2064 ᾅδοντες.
1914 2034 1967 2041 -
1981 2012 2247 2063 Κατορύσσουσι

1208 2071 1243 2109 δὲ
1272 2072 1349 2110 κατ’
1369 2071 1522 2109 ἐνιαυτὸν
1548 2074 1657 2123 γραῦν
1677 2070 1902 2122 κατάκριτον,
1921 2069 2019 2121 παρὰ
2040 2069 2098 2108 τὸν
2119 2071 2252 2120 ὄνομα-

1206 2129 1348 2180 ζόμενον
1376 2129 1480 2181 λόφον
1513 2128 1711 2182 Θηρόγονον
1724 2143 1733 2152 ·
1765 2127 1840 2178 ἅμα
1875 2127 1943 2180 γὰρ
1968 2128 2030 2174 τὴν
2061 2128 2251 2181 πρεσὸῦτιν

1206 2189 1360 2239 ἑρπετῶν
1386 2189 1515 2234 πλῆθος
1538 2189 1577 2225 ἐκ
1594 2190 1654 2234 τῆς
1681 2186 1872 2240 ἀκρωρείας
1898 2186 2096 2238 ἐξέρχεται,
2121 2186 2182 2224 καὶ
2210 2186 2253 2224 τὰ

1206 2245 1465 2299 περιϊπτάμενα
1499 2247 1568 2283 τῶν
1604 2246 1738 2295 ἀλόγων
1783 2243 1878 2297 ζῴων
1919 2245 2112 2283 κατεσθίει·
2140 2244 2253 2289 καθὼς

1205 2353 1349 2393 abstulit,
1358 2355 1516 2393 tropaeum
1524 2353 1635 2391 erexit,
1645 2361 1768 2393 suoque
1778 2352 1930 2391 sanguine
1938 2351 1968 2383 id
1977 2352 2049 2383 Jovi
2058 2353 2254 2392 tropaeorum

1205 2405 1306 2437 tutori
1329 2404 1498 2445 inscripsit.
1514 2406 1671 2443 Integrata
1685 2403 1740 2435 lite
1759 2403 2008 2443 Amphictyones
2024 2403 2056 2435 in
2082 2412 2149 2435 rem
2172 2412 2254 2444 prae·

1206 2459 1328 2490 sentem
1344 2458 1520 2496 venerunt,
1532 2457 1684 2497 litemque
1695 2456 1872 2488 secundum
1886 2456 2144 2488 Lacedaemonios
2157 2456 2254 2488 dede·

1206 2513 1294 2543 runt.
1306 2510 1575 2551 SicChrysermus
1583 2507 1663 2541 libro
1669 2509 1764 2541 tertio
1775 2511 1892 2541 Rerum
1902 2509 2252 2550 Peloponnesiacarum.

1614 2586 1844 2626 PERSICA.

1714 2660 1748 2692 3.

1248 2720 1350 2753 Persis
1369 2720 1526 2753 Graeciam
1542 2720 1787 2761 populantibus,
1804 2718 1978 2751 Pausanias
1993 2719 2253 2751 Lacedaemonio-

1206 2782 1278 2804 rum
1289 2772 1356 2804 dux
1369 2772 1506 2813 acceptis
1518 2781 1536 2803 a
1550 2774 1654 2804 Xerxe
1663 2771 1843 2812 quingentis
1855 2771 1983 2802 talentis
1995 2771 2096 2803 voluit
2108 2773 2253 2812 Spartam

1206 2824 1350 2864 prodere.
1366 2826 1411 2856 Re
1424 2825 1600 2864 comperta,
1612 2824 1701 2864 pater
1715 2823 1877 2863 Agesilaus
1890 2830 1964 2854 eum
1978 2831 2081 2863 usque
2094 2822 2133 2853 ad
2146 2823 2254 2854 fanum

1207 2877 1358 2909 Minervae
1373 2877 1561 2910 Chalcioecae
1578 2877 1765 2916 prosecutus
1780 2876 1839 2914 est,
1856 2874 2078 2915 obturatisque
2091 2875 2155 2906 sani
2176 2875 2252 2906 fori-

1207 2929 1267 2961 bus
1287 2929 1387 2960 latere
1407 2931 1517 2966 cocto,
1543 2928 1626 2959 same
1650 2926 1785 2958 necavit.
1811 2927 1913 2957 Mater
1937 2926 2032 2957 etiam
2058 2926 2252 2968 insepultum

1206 2980 1331 3021 abJecit.
1347 2980 1557 3020 chrysermus
1572 2978 1775 3011 Persicorum
1791 2977 1873 3009 libro
1885 2977 2037 3009 secundo.

1631 3042 1821 3082 INDlCA.

1707 3115 1742 3147 4.
1772 3143 1776 3149 .

1246 3178 1406 3218 indigenae
1428 3177 1567 3216 virgines
1585 3185 1658 3217 quae
1674 3185 1739 3208 non
1761 3176 1846 3208 caste
1867 3174 2025 3213 vixerint,
2049 3173 2147 3205 clavis
2165 3171 2251 3204 cruci

1205 3229 1337 3269 affigunt
1352 3228 1428 3260 etin
1441 3228 1528 3260 hunc
1537 3228 1671 3259 fluvium
1684 3227 1735 3267 (in
1744 3226 1924 3267 Hydaspen)
1938 3224 2101 3264 dejiciunt,
2115 3223 2251 3254 dialecto

1205 3279 1376 3312 vernacula
1388 3279 1522 3311 Veneris
1535 3279 1692 3319 hymnum
1709 3279 1868 3310 canentes.
1884 3276 2054 3308 Desodiunt
2064 3276 2095 3306 et
2112 3273 2250 3305 vetulam

1205 3331 1448 3363 condemnatam
1462 3331 1632 3372 quotannis
1642 3330 1735 3371 Juxta
1749 3328 1900 3361 verticem
1917 3328 2153 3366 Therogonum.
2172 3324 2251 3355 llluc

1206 3383 1292 3415 enim
1309 3382 1470 3422 reptilium
1487 3381 1660 3414 multitudo
1673 3380 1713 3412 ad
1735 3380 1877 3412 vetulam
1891 3387 1932 3410 ex
1950 3376 2115 3409 cacumine
2139 3374 2249 3406 statim

1206 3431 1340 3474 accedit,
1350 3434 1382 3466 et
1391 3442 1464 3474 quae
1472 3432 1705 3466 circumvolant
1714 3432 1803 3464 muta
1810 3429 1957 3462 animalia
1965 3431 2067 3467 vorat,
2077 3427 2113 3458 ut
2120 3426 2250 3458 narrant
