2326 3724
143 261 217 294 240

605 360 653 419 36
681 373 715 396 a.

190 447 325 484 Suidas
346 459 355 483 :
377 446 436 485 Οὔ
458 445 595 496 μέλον
627 447 759 499 αὐτῷ·
780 446 818 484 οὗ
839 445 1072 499 φροντιστέον.
1108 445 1184 485 Μέ-

142 506 304 557 νανδρος·
326 523 342 538 ει
358 504 480 556 Ταύτῃ
501 520 553 543 τοι
571 503 631 543 καὶ
650 507 711 551 τῆς
734 504 890 548 Νισίὸιος
917 503 1118 556 πολιορκίας
1143 505 1182 543 οὗ

145 562 248 614 μέλον
264 564 374 616 αὐτῷ.
395 581 410 598 υ
429 567 486 602 De
502 565 624 601 Nisibi
640 577 663 601 a
678 565 892 610 Marciano,
920 565 987 613 qui
1014 576 1077 600 an.
1103 564 1178 610 572

139 624 218 660 dux
251 624 416 660 Orientis
450 624 676 659 constitutus
697 630 769 669 est,
788 623 957 669 obsessa,
981 635 1016 660 v.
1049 623 1176 659 Theo-

139 682 256 731 phan.
274 683 362 730 Byz.
383 694 446 731 ap.
466 683 574 718 Phot.
590 689 628 718 et
642 684 757 730 Eugr.
776 684 822 727 V,
843 681 880 718 8.

368 788 431 834 37.
465 786 579 837 (575.
616 787 754 823 Justini
778 799 840 823 an.
877 786 961 835 ιι.)

190 885 281 921 Exc.
297 884 355 919 De
373 882 444 931 leg.
464 888 563 930 gent.
582 894 622 930 p.
646 881 734 920 118.
764 893 869 930 119:
895 877 981 918 ‘'O-tt
1002 877 1078 916 ἐπεὶ
1100 877 1186 916 Ἰου-

139 942 250 984 στῖνος
277 939 339 983 τὰς
370 938 494 992 φρένας
513 938 697 990 παρεκόπη
726 937 786 976 καὶ
804 937 972 1010 Τιὸέριον
989 935 1186 980 ἀνεδείξατο

139 1000 278 1037 διοικεῖν
300 1014 360 1044 της
384 997 561 1040 πολιτείας
578 995 623 1034 τὰ
650 996 869 1048 πράγματα,
893 997 928 1033 ἐν
954 995 1075 1047 ἀπόρω
1094 998 1185 1042 ἠσαν

139 1057 240 1101 αὐτός
257 1073 293 1095 τε
311 1055 473 1108 Ἰιὸέριος
489 1055 549 1094 καὶ
568 1058 590 1102 ἧ
613 1054 748 1107 βασιλὶς
769 1053 923 1108 Σοφία”
902 1070 995 1098 οπως
1017 1053 1186 1092 διάθοιντο

138 1116 182 1155 τὰ
214 1119 283 1154 τῶν
313 1115 489 1164 πολέμων.
512 1113 617 1162 Ἀλλὰ
648 1113 715 1184 γὰρ
736 1113 836 1152 ἔλυσε
868 1113 907 1152 τὸ
938 1113 1069 1166 ἄπορον
1090 1115 1186 1165 σφῶν

141 1165 305 1228 βασιλευς
333 1176 351 1211 ὁ
381 1175 527 1226 Περσῶν
561 1175 607 1216 ως
635 1172 693 1210 τὸν
727 1171 916 1222 Ῥωμαίων
949 1171 1186 1222 αὐτοκράτορα

140 1233 280 1274 στείλας
300 1231 483 1278 Ἰάκωὸον,
498 1230 533 1274 ὃς
546 1229 591 1268 τὰ
609 1229 767 1282 Περσικὰ
784 1229 925 1282 ῥήματα
942 1232 985 1283 τῇ
1005 1228 1187 1275 Ελληνίδι

139 1294 235 1343 φωνῇ
258 1289 514 1342 διασαφηνίζειν
542 1287 731 1335 ἠπίστατο.
764 1287 966 1335 Συννοήσας
985 1286 1052 1340 γὰρ
1076 1290 1121 1330 ὡς
1139 1289 1186 1331 εἷς

139 1350 287 1402 ἔσχατον
322 1351 380 1386 νῦν
421 1348 559 1391 ἐλπίδος
598 1349 629 1385 οἱ
662 1346 837 1396 Ῥωμαῖοι
871 1346 1187 1393 κατολισθήσαντες

138 1408 278 1455 ἥδιστον
300 1406 362 1457 μὲν
383 1406 425 1444 ἂν
443 1406 554 1459 ἔχοιεν
575 1405 631 1444 ἐπι
651 1422 727 1449 ταις
743 1407 895 1444 οἱαισοῦν
913 1404 1093 1451 ξυνθήκαις
1110 1405 1183 1442 δια-

139 1469 243 1505 λῦσαι
263 1466 319 1504 τὸν
330 1466 496 1516 πόλεμον,
511 1467 549 1503 οὐ
578 1463 647 1515 μὴν
677 1464 887 1526 θαρρήσειαν
904 1463 1050 1534 πρεσὸἕ
1040 1479 1093 1500 ιαν
1109 1462 1185 1502 τινὰ

139 1528 274 1564 στεῖλαι
295 1525 352 1564 διὰ
379 1525 418 1563 τὸ
448 1525 511 1563 οὐκ
542 1523 767 1575 εὐπρόσωπον
799 1527 885 1561 εἰναι
914 1523 972 1561 τὸν
994 1521 1184 1596 ἀρξάμενον

139 1585 295 1635 πολέμου
328 1583 441 1636 ἀπάρ
426 1583 548 1622 ῗασθαι
587 1582 646 1620 καὶ
681 1582 845 1627 ἱκετείας·
879 1581 1096 1633 προτερήσας
1127 1584 1185 1619 οὖν

139 1647 157 1681 ὁ
179 1646 323 1696 Περσῶν
346 1641 507 1694 βασιλευς
530 1640 592 1688 τὴν
621 1640 791 1692 αἰσχύνην
811 1642 1016 1694 προανεῖλε,
1044 1638 1105 1677 καὶ
1136 1642 1186 1677 τῶ

140 1701 377 1753 κατεπτηχότι
401 1704 462 1747 τ’ἦς
489 1700 629 1751 γνώμης
660 1701 772 1737 αὐτῶν
803 1699 966 1745 ἐπενόησε
994 1698 1184 1750 πρόφασιν,

142 1764 188 1805 ὡς
208 1761 248 1799 ἂν
270 1762 396 1798 ἔλθοιεν
415 1762 447 1803 ἐς
465 1759 586 1810 λόγους
603 1757 826 1808 αἰτησόμενοι
847 1757 920 1808 μεθ’
945 1757 1121 1808 ἱκετηρίας
1140 1758 1186 1795 εἶ-

141 1819 263 1872 ρήνην.
290 1818 438 1858 Στέλλει
457 1817 570 1856 τοίνυν
587 1817 773 1864 Ἰοίκωὸον,
796 1815 936 1867 ἄμεινόν
956 1831 1030 1859 πως
1048 1816 1188 1867 βουλευ-

141 1879 306 1949 σάμενος,
331 1879 377 1920 ὡς
402 1878 440 1914 οὐ
467 1876 608 1914 πώποτε
629 1875 670 1914 αν
701 1875 941 1927 εὐκλεέστερον
972 1875 1110 1925 Πέρσαι
1130 1873 1187 1911 τὸν

138 1937 222 1990 πρὸς
242 1935 439 1985 Ῥωμαίους
455 1935 661 1974 κατάθοιντο
682 1935 845 1984 πόλεμον·
864 1937 1016 1972 τοσαῦτα
1040 1931 1109 1984 γὰρ
1133 1933 1187 1970 ἐν·

138 1996 258 2034 δώσειν
280 1994 496 2045 Ῥωμαίους,
522 1991 587 2031 ὅσα
617 1993 658 2032 αν
688 1993 879 2040 ἐθελήσωσι
902 1991 1039 2045 Πέρσαι
1063 1989 1180 2030 αὐτοί.

140 2055 187 2095 Ἡ
216 2055 251 2093 δὲ
280 2055 447 2092 σταλεῖσα
472 2053 562 2114 πρὸς
597 2054 701 2091 αὐτου
734 2054 780 2095 ὡς
810 2051 996 2091 Ἰουστῒνον
1021 2048 1185 2095 ἐπιστολὴ

139 2114 216 2152 οὔτε
238 2116 299 2160 τ’ἧς
316 2113 486 2159 ηλικίας
469 2127 510 2159 ην
527 2126 587 2149 του
613 2113 761 2162 Περσων
785 2108 975 2170 βασιλεως,
996 2106 1187 2160 μειρακιώ-

138 2176 199 2220 δης
219 2176 306 2212 οὐσα
325 2171 521 2219 παντοίως,
541 2169 619 2208 οὔτε
640 2169 675 2208 δὲ
696 2169 803 2207 ἄλλου
828 2167 916 2212 τινὸς
933 2172 1030 2218 οἶμαι
1055 2168 1186 2220 ἐμφρο-

615 2289 661 2321 36
683 2295 717 2321 a.

180 2355 248 2386 Hac
263 2352 303 2384 de
317 2358 413 2383 causa
432 2357 533 2391 quum
553 2348 669 2382 Nisibis
691 2348 779 2380 urbis
799 2345 922 2379 obsidio
940 2345 999 2386 ipsi
1016 2353 1103 2376 curae
1120 2352 1183 2375 non

137 2408 229 2439 esset.

631 2456 675 2487 37
683 2480 690 2487 .

179 2525 288 2561 Quum
299 2522 318 2553 J
322 2519 446 2552 ustinus
459 2516 575 2549 mentis
585 2515 800 2548 imbecillitate
810 2514 969 2547 laboraret
979 2513 1010 2545 et
1022 2512 1183 2545 Tiberium

138 2575 322 2617 reipublicae
351 2568 611 2603 administrandae
628 2568 843 2608 praefecisset,
861 2566 1006 2598 Tiberius
1022 2567 1054 2597 et
1079 2566 1186 2605 regina

138 2629 251 2662 incerti
272 2627 381 2665 erant,
399 2623 476 2665 quid
494 2623 533 2654 de
551 2622 645 2654 rebus
661 2621 782 2652 bellicis
806 2621 998 2659 statuerent;
1018 2618 1072 2650 sed
1095 2618 1185 2648 dubi-

137 2682 292 2714 tationem
309 2677 429 2711 exemit
442 2677 610 2707 Persarum
634 2681 709 2712 rex‚
726 2672 782 2712 qui
796 2672 956 2704 Jacobum
979 2671 1119 2710 legatum
1144 2669 1184 2700 ad

138 2737 357 2767 Romanorum
382 2728 607 2768 imperatorem
629 2725 726 2756 misit.
745 2726 775 2755 ls
803 2723 928 2755 Persica
953 2722 1052 2754 verba
1073 2722 1186 2752 Graece

139 2785 317 2826 exprimere
333 2780 476 2813 nov.erat
497 2780 579 2811 Nam
603 2779 771 2809 Persarum
787 2784 862 2815 rex,
894 2777 1112 2806 Romanorum
1136 2781 1185 2803 res

139 2840 171 2870 in
185 2837 335 2868 ultimum
352 2831 521 2864 discrimen
537 2829 693 2861 adductas
707 2836 774 2860 esse
796 2829 906 2864 ratus,
923 2827 955 2858 et
979 2825 1057 2856 nihil
1071 2823 1184 2863 jucun·

129 2891 214 2921 'dius
229 2889 262 2920 et
277 2884 490 2927 opportunius
503 2882 564 2913 illis
573 2881 756 2919 contingere
773 2887 883 2920 posse,
903 2886 1001 2918 quam
1019 2876 1185 2916 quibusvis

140 2938 373 2972 conditionibus
383 2934 505 2967 bellum
519 2941 597 2972 pace
612 2931 724 2969 finire,
742 2930 834 2970 cujus
844 2930 887 2961 rei
902 2929 1001 2969 gratia
1010 2931 1118 2960 tamen
1132 2937 1184 2959 eos

141 2992 274 3034 puderet
291 2989 479 3030 legationem
495 2987 622 3018 mittere
634 3010 642 3024 ,
656 2984 743 3026 quod
754 2984 939 3016 indecorum
953 2983 1182 3021 existimarent,

140 3054 215 3078 eum
241 3043 295 3084 qui
317 3041 436 3073 bellum
459 3039 667 3079 suscepisset,
690 3038 818 3069 initium
839 3036 1035 3077 supplicandi
1064 3036 1182 3075 facere,

141 3099 227 3129 hunc
243 3094 396 3136 pudorem
415 3090 639 3132 prfflveniendo
655 3089 796 3121 sustulit.
815 3091 853 3120 Et
871 3088 1023 3128 quoniam
1042 3089 1182 3118 conster-

141 3149 206 3181 nati
220 3147 326 3179 animo
341 3145 448 3182 erant,
466 3142 622 3174 rationem
639 3143 671 3173 et
690 3142 888 3172 occasionem
914 3139 1124 3179 excogitavit,
1148 3139 1185 3170 ut

82 3212 84 3215 ’
141 3211 196 3243 per
212 3199 349 3241 speciem
368 3195 517 3236 colloquii
535 3204 644 3235 pacem
658 3194 815 3235 supplices
831 3194 974 3225 orarent.
991 3194 1101 3232 ltaque
1114 3191 1183 3223 mit·

140 3256 180 3288 tit
205 3253 380 3290 sarchum,
410 3252 521 3281 Persas
548 3256 712 3288 nunquam
738 3247 905 3287 gloriosius
935 3246 1053 3277 bellum
1073 3246 1184 3276 contra

141 3310 303 3340 Romanos
317 3304 474 3344 deponere
490 3309 580 3341 posse
596 3300 798 3337 existimans,
813 3298 888 3339 quia
910 3297 1044 3330 Romani
1058 3297 1163 3328 omnia
1174 3320 1186 3336 ‚

142 3367 215 3400 quae
230 3360 333 3390 Persae
346 3354 522 3390 voluerint,
546 3353 650 3383 essent
675 3350 866 3382 concessuri.
885 3351 988 3389 Atque
1009 3349 1078 3380 haec
1091 3348 1185 3380 missa

142 3420 198 3452 per
208 3409 362 3442 Jacobum
380 3405 420 3437 ad
442 3404 605 3436 Justinum
625 3402 756 3443 epistola
777 3410 880 3441 neque
896 3401 982 3432 aetati
1002 3400 1083 3440 regis
1108 3402 1184 3431 Per-

143 3470 250 3495 sarum
269 3457 509 3492 accommodata
530 3455 598 3487 erat
616 3455 713 3495 (nam
736 3454 890 3495 puerilem
914 3454 945 3485 in
964 3453 1094 3485 modum
1112 3462 1186 3484 con-

885 253 1157 294 MENANDRI
1188 255 1532 297 PROTECTORIS

1247 345 1428 386 νεστάτου.
1449 345 1598 400 εΈτερον
1600 346 1686 408 mycitp
1711 347 1769 387 τὸν
1789 351 1966 389 ὁντιναοῦν
1995 351 2292 398 ἀπαυθαδίζεσθαι

1248 405 1310 442 οὐκ
1340 404 1410 442 ἀπὸ
1441 404 1569 458 τρόπου
1597 409 1652 453 ἠν·
1689 408 1818 446 ἐκεῖνον
1846 408 1963 459 μέντοι
1998 411 2036 447 οὗ
2069 410 2290 463 βρενθύεσθαι

1247 459 1330 505 ἴσως
1347 462 1467 514 ἐχρην,
1485 463 1562 501 οὐδὲ
1581 464 1758 518 ὓψαγόραν
1775 466 1852 504 τινὰ
1866 461 2027 506 εἶναικαὶ
2044 468 2288 522 ἀπειρόκαλον.

1248 519 1293 558 ‘H
1313 519 1380 572 γὰρ
1401 521 1566 569 ἐπιστολὴ
1589 522 1720 576 υὸρεώς
1744 539 1780 563 τε
1803 524 1914 575 μεστὴ
1932 527 1991 564 καὶ
2017 527 2214 578 ὀνειδισμοῦ
2232 529 2295 568 καὶ

1249 578 1520 629 μεμεθυσμένων
1540 580 1737 632 ῥημάτων(
1724 585 1875 635 υπῆρχε.
1903 583 1974 622 Καὶ
1996 587 2018 631 ἡ
2043 583 2105 635 μὲν
2126 586 2292 634 ἐπιστολὴ

1248 636 1487 710 ὑπερηφανίας
1509 653 1546 675 τε
1569 633 1614 686 ην
1632 654 1692 678 και
1718 641 1918 686 ἀλαζονείας
1939 643 2093 695 πλήρης·
2114 644 2290 696 εἰσάγεται

1249 694 1278 732 δ’
1305 689 1364 733 ουν
1394 694 1578 744 Ἰάκωὸος,
1604 698 1642 735 οὗ
1678 697 1784 749 μὴνε
1766 715 1812 744 ως
1841 699 2040 752 Ἰουστῖνον,
2069 700 2131 740 ἅτε
2156 702 2291 750 νοσώδη

1248 752 1486 805 τυγχάνοντα,
1511 754 1602 794 ἀλλὰ
1627 754 1695 808 γὰρ
1722 759 1768 801 ως
1795 757 1858 805 τὴν
1882 758 2068 810 βασιλίδα,
2100 759 2176 799 ἐπεὶ
2203 759 2292 809 αὐτὴ

1249 810 1306 855 ξὺν
1337 811 1490 865 Τιὸερίῳ
1521 813 1661 852 ἅπαντα
1689 813 1872 869 ἔπραττεν.
1901 817 2153 869 Ἀναλεξαμένη
2179 819 2292 859 τοίνυν

1250 869 1294 907 τὰ
1323 869 1520 921 γράμματα
1552 872 1784 924 ἐπηγγείλατο
1823 875 1882 913 καὶ
1919 875 2006 923 αὐτὴ
2043 877 2197 916 στέλλειν
2235 878 2294 917 τὸν

1250 927 1550 979 πρεσὸευσόμενον
1580 932 1625 973 ὥς
1654 931 1801 982 βασιλέα
1834 935 1980 985 Περσων
2011 935 2071 973 καὶ
2103 935 2193 989 ἀμφὶ
2223 938 2294 975 τῶν

1249 988 1407 1025 ὁπωσοῦν
1448 988 1683 1038 κεκινημένων
1716 990 2056 1059 διαλεχθησόμενον.
2101 994 2294 1034 Στέλλεται

1249 1046 1279 1083 δ’
1295 1039 1353 1082 ουν
1383 1046 1587 1099 Ζαχαρίας,
1615 1049 1649 1086 ἐν
1677 1050 1749 1092 τοῖς
1779 1050 1966 1100 βασιλείοις
1991 1052 2235 1104 καταταττόμε
2238 1068 2294 1097 νος

1249 1105 1396 1155 ἷατροῒς,
1417 1105 1661 1157 ἐπιφερόμενος
1680 1106 1828 1160 γράμμα
1850 1124 1889 1147 εκ
1907 1112 1969 1156 τῆς
1991 1109 2178 1162 βασιλίδος.

1604 1217 1689 1267 (38.
1722 1231 1783 1255 an.
1811 1219 1926 1271 575.)

1527 1315 1594 1352 ΕΚ
1625 1315 1729 1354 ΤΟΥ
1759 1315 1811 1366 (ζ’
1835 1317 2015 1359 ΛΟΓΟΥ.

1299 1403 1390 1438 Exc
1407 1403 1463 1438 De
1487 1403 1559 1452 leg.
1583 1405 1694 1440 Rom.
1721 1418 1759 1454 p.
1794 1405 1899 1453 157.
1920 1403 2007 1445 “on
2026 1409 2048 1454 ἡ
2066 1407 2200 1459 βασιλις
2220 1409 2293 1448 Σο-

1247 1458 1307 1512 φία
1337 1459 1524 1498 Ἰουστίνου
1556 1461 1771 1514 [Ζαχαρίαν]
1805 1463 1958 1514 πρέσὸυν
1994 1465 2170 1504 στέλλειε
2151 1483 2198 1510 ως
2221 1469 2290 1506 τῶν

1248 1519 1394 1570 Περσῶν
1422 1518 1568 1570 βασιλέα
1596 1520 1771 1580 Χοσρόην,
1799 1537 1834 1558 εν
1857 1528 1927 1566 τοῖς
1951 1523 2172 1598 βασιλείοις’
2163 1527 2291 1579 ιατροῖς

1246 1576 1567 1626 καταταττόμενον.
1604 1577 1674 1615 Και
1706 1582 1802 1622 οὗτος
1831 1580 1893 1629 μὲν
1925 1581 2030 1619 αὐτοῦ
2059 1582 2288 1635 ἀφικόμενος,

1251 1636 1617 1688 τεσσαρακονταπέντε
1644 1637 1805 1688 χιλιάδας
1829 1654 1959 1690 χρυσου
1989 1639 2201 1692 νομίσματος
2222 1657 2289 1680 πα-

1249 1693 1404 1746 ρασχὼν,
1420 1694 1549 1731 τίθεται
1565 1693 1626 1737 τας
1641 1694 1808 1742 ξυνθήκας
1824 1696 1891 1734 ἀνὰ
1907 1696 1969 1744 τὴν
1994 1696 2040 1736 ἕω
2063 1699 2293 1748 ἐνιαυσιαίας,

1247 1754 1292 1795 ὡς
1307 1751 1347 1789 ἂν
1369 1752 1479 1790 ἔσοιτο
1493 1752 1681 1804 ἐκεχειρία.
1708 1753 1769 1792 Ἐν
1788 1754 1941 1807 τοσούτῳ
1963 1756 2030 1808 γὰρ
2051 1756 2180 1810 ἔφασκε
2204 1774 2290 1797 στα-

1248 1811 1416 1858 λήσεσθαι
1433 1811 1517 1862 πρὸς
1535 1815 1596 1859 τῆς
1619 1812 1794 1863 βασιλίδος
1815 1813 1977 1864 μέγιστον
2001 1815 2216 1868 πρεσὸευτὴν
2233 1817 2292 1855 τὸν

1249 1869 1444 1923 τελεώτερά
1471 1887 1544 1914 πως
1577 1871 1658 1924 περὶ
1688 1871 1852 1910 ἁπάντων
1886 1873 2262 1947 διαλεχθησόμενον,”
2243 1892 2294 1914 ετι

1249 1929 1318 1979 μὴν
1338 1929 1397 1967 καὶ
1424 1928 1481 1967 τὸν
1500 1929 1652 1980 πόλεμον
1678 1930 1905 1978 διαλύσοντα,
1925 1933 2029 1983 τυχὸν
2047 1934 2081 1970 ἐν
2112 1933 2208 1987 μέσῳ
2233 1934 2294 1972 καὶ

1246 1991 1305 2026 τοῦ
1319 1986 1509 2062 Ῥωμαίων
1523 1988 1692 2040 βασιλέως
1706 1988 1994 2036 μεταὸαλόντος’
1979 2007 2013 2033 ες
2027 1990 2067 2029 τὸ
2084 1991 2292 2043 ἐρρωμένον,

1247 2046 1353 2085 Ουτω
1368 2046 1430 2097 μὲν
1445 2045 1507 2089 τὰς
1525 2049 1579 2084 ἐπ’
1601 2047 1754 2085 ἐνιαυτὸν
1777 2048 2013 2099 ποιησάμενος
2033 2050 2186 2094 σπονδὰς
2208 2050 2291 2104 περὶ

1247 2121 1308 2151 της
1327 2103 1419 2143 κατὰ
1440 2104 1502 2150 τὴν
1519 2103 1565 2142 ἑω
1590 2105 1814 2155 Ρωμαίων
1799 2106 2039 2159 επικρατείας,
2069 2109 2108 2146 οὗ
2133 2108 2202 2159 μὴν
2230 2109 2291 2148 καὶ

1247 2163 1326 2216 περὶ
1340 2166 1400 2210 τῆς
1414 2165 1448 2202 ἐν
1466 2163 1648 2217 Ἀρμενία,
1665 2163 1897 2215 καταθέμενος
1917 2165 2086 2212 δήπουθεν
2107 2168 2213 2206 αὐτοῦ
2231 2165 2294 2206 καὶ

1247 2268 1364 2309 scripta
1379 2269 1470 2307 erat)
1485 2291 1494 2306 ,
1511 2277 1615 2308 neque
1627 2269 1757 2301 alterius
1777 2269 1891 2310 opinor
1907 2269 1967 2301 viri
1982 2270 2152 2311 prudentia
2166 2271 2291 2312 proediti

1248 2320 1318 2352 suit.
1337 2319 1442 2352 Alium
1457 2319 1541 2351 enim
1562 2321 1744 2360 quempiam
1768 2320 1957 2353 insolentem
1974 2330 2060 2362 esse,
2077 2331 2141 2354 non
2153 2323 2292 2355 alienum

1247 2371 1369 2409 suisset,
1383 2371 1439 2402 sed
1450 2371 1541 2402 illum
1551 2371 1681 2403 minime
1693 2372 1856 2412 superbire
1871 2373 1928 2403 aut
1940 2372 2186 2414 audaciusloqui
2200 2373 2293 2407 dece-

1248 2423 1311 2455 bat.
1324 2424 1463 2464 Epistola
1479 2424 1532 2455 illa
1550 2423 1755 2456 contumeliae
1765 2426 1797 2456 et
1807 2425 1915 2465 probri
1930 2426 1961 2456 et
1975 2425 2145 2458 verborum
2157 2426 2292 2459 insolen-

1245 2476 1327 2508 tium
1340 2477 1432 2517 plena
1455 2477 1526 2508 suit.
1546 2478 1656 2517 ltaque
1672 2477 1794 2509 etiamsi
1811 2478 1943 2518 epistola
1956 2478 2144 2518 arrogantiae
2160 2481 2193 2511 et
2211 2487 2291 2512 cou-

1246 2530 1386 2569 temptus
1411 2529 1503 2569 plena
1520 2530 1620 2569 esset,
1645 2531 1752 2561 tamen
1769 2529 1970 2562 introductus
1991 2531 2039 2562 est
2053 2531 2208 2571 Jacohus,
2226 2540 2291 2564 non

1249 2581 1379 2620 quidem
1389 2581 1429 2612 ad
1443 2580 1604 2613 Justinum
1615 2605 1623 2620 ,
1638 2581 1692 2621 qui
1709 2581 1796 2620 gravi
1809 2582 1923 2613 morbo
1935 2581 2070 2614 afflictus
2085 2584 2165 2622 erat,
2179 2582 2234 2615 sed
2250 2583 2291 2615 ad

1246 2633 1404 2673 reginam,
1424 2642 1497 2673 quae
1516 2634 1623 2665 omnia
1640 2634 1759 2674 imperii
1776 2635 1902 2675 negotia
1922 2644 1995 2666 cum
2010 2635 2136 2667 Tiberio
2149 2636 2290 2668 curabat.
2324 2676 2326 2678 q

1248 2686 1342 2716 Lecta
1367 2684 1500 2725 epistola
1513 2708 1522 2724 ‚
1536 2685 1643 2725 regina
1668 2686 1843 2726 respondit,
1856 2695 1889 2718 se
1904 2695 2034 2727 quoque
2055 2687 2226 2719 missuram
2241 2687 2289 2720 le-

1244 2737 1352 2775 gatum
1365 2736 1406 2767 ad
1419 2745 1524 2776 regem
1539 2739 1719 2776 Persarum,
1732 2737 1787 2777 qui
1800 2737 1840 2769 de
1853 2737 2068 2778 omnibus,’de
2080 2738 2196 2778 quibus
2207 2738 2290 2771 inter

1246 2786 1328 2826 ipsos
1340 2786 1555 2817 controversia
1568 2788 1655 2817 mota
1669 2788 1748 2826 erat,
1763 2789 1881 2827 ageret.
1898 2790 2010 2828 ltaque
2023 2788 2161 2820 mittitur
2173 2789 2288 2821 Zacha-

1246 2837 1324 2876 rias,
1341 2837 1423 2869 inter
1440 2837 1641 2878 imperatoris
1653 2837 1793 2869 medicos
1806 2837 2002 2879 adscriptus,
2020 2839 2076 2880 qui
2090 2839 2163 2872 tulit
2180 2839 2290 2872 literas
2323 2846 2326 2848 ·

1245 2888 1371 2928 reginae.

1733 2944 1789 2976 38.

1560 3016 1590 3054 Ε
1621 3015 1772 3054 LIBRO
1802 3016 1976 3055 SEXTO.

1284 3090 1472 3131 imperatrix
1485 3089 1602 3130 Sophia
1620 3089 1630 3129 (
1648 3090 1864 3122 Zachariam
1884 3092 1896 3131 )
1913 3090 2030 3122 Justini
2045 3091 2184 3131 legatum
2201 3093 2288 3126 misit
2323 3111 2326 3119 =

1243 3141 1282 3174 ad
1302 3142 1463 3174 chosroen
1476 3165 1484 3180 ‚
1501 3144 1668 3174 Persarum
1685 3150 1789 3181 regem
1800 3165 1808 3180 ‚
1829 3150 1870 3172 ex
1887 3141 2017 3173 medicis
2032 3142 2243 3183 imperatoris.
2258 3147 2288 3178 is
2318 3154 2326 3181 ,j

1244 3193 1297 3225 ubi
1318 3193 1358 3224 ad
1375 3195 1482 3224 Persas
1495 3193 1647 3232 accessit,
1665 3192 1873 3232 quadraginta
1898 3193 2041 3233 quinque
2062 3194 2162 3226 millia
2176 3203 2286 3228 aureo·
2320 3192 2326 3234 J

1245 3253 1315 3276 rum
1329 3244 1416 3275 dedit
1429 3245 1460 3275 et
1474 3243 1617 3275 inducias
1629 3252 1751 3274 annuas
1767 3252 1822 3283 per
1839 3243 1999 3276 Orientem
2014 3244 2088 3276 fecit
2099 3268 2108 3284 ,
2121 3246 2285 3287 tantisper,
2318 3263 2326 3290 3.-

1245 3299 1280 3328 ut
1292 3296 1436 3335 dicebat,
1453 3295 1531 3326 dum
1555 3295 1596 3326 ab
1611 3295 1811 3336 imperatrice
1827 3296 1987 3327 maximus
2004 3296 2124 3336 legatus
2143 3297 2286 3330 mittere·

1244 3351 1309 3388 tur,
1326 3348 1378 3388 qui
1393 3348 1433 3379 de
1448 3347 1596 3379 omnibus
1611 3348 1705 3379 rebus
1718 3348 1898 3380 accuratius
1919 3350 2027 3388 ageret
2039 3350 2072 3380 et
2084 3349 2169 3381 bello
2190 3350 2286 3382 tinem
2319 3342 2326 3365 ’ἶ

1246 3401 1439 3440 imponeret,
1464 3398 1490 3430 si
1514 3399 1595 3430 forte
1613 3399 1710 3430 etiam
1737 3399 1855 3431 interea
1880 3400 2059 3439 accideret,
2083 3403 2119 3431 ut
2142 3402 2286 3434 Justinus
2319 3394 2326 3418 ’-

1245 3445 1489 3484 convalesceret.
1507 3451 1618 3491 ltaque
1631 3450 1663 3482 in
1677 3451 1821 3491 Oriente,
1836 3460 1899 3492 qua
1913 3451 2060 3483 Romanis
2073 3451 2220 3493 parebat,
2232 3461 2285 3485 ex-
2322 3453 2326 3494 ξ
