2372 3704
938 270 990 308 IN
1021 268 1295 310 VOLUMlNE
1325 271 1393 310 Ill.

87 362 172 394 nIus
187 358 431 406 Apolloniam
441 383 452 402 ‚
465 356 572 404 cujus
584 358 756 393 meminit
769 359 914 393 Tzetzes
928 358 967 393 in
980 359 1136 406 ExegeS.

88 417 138 454 ad
161 417 209 454 11.
228 429 267 465 p.
295 420 315 459 4
330 444 342 461 ,
370 428 415 451 10
507 412 626 466 ὥσπερ
646 413 705 451 καὶ
725 413 953 458 Ποσειδώνιος
972 417 990 452 ὃ
1015 414 1139 452 Ἀπολ·

86 472 259 520 λωνιάτης
278 475 295 511 ὁ
318 474 368 525 τῷ
388 472 542 525 Ἡσιόδῳ
561 472 693 524 μέμψιν
714 473 852 524 ἐπάγων
873 475 919 517 ὡς
940 473 1137 526 παραφθεί-

89 532 186 584 ραντί
219 547 313 575 τινας
331 533 399 569 τῶν
428 531 589 584 Ὁμήρου
623 531 772 579 λέξεων,
800 531 858 570 τὸν
890 531 1014 570 Ὀϊλέα
1045 531 1139 570 Ἰλέα

89 590 219 629 εἰπόντι
231 620 242 641 ,
275 589 335 628 καὶ
364 588 422 628 τὸν
462 590 614 641 νήδυμον
645 590 800 641 ἥδυμον,
832 590 892 628 καὶ
921 590 1012 628 ἄλλα
1051 590 1139 628 ἄττα

87 653 247 689 τοιαῦτα.
262 650 316 688 Cf.
338 649 393 686 id.
412 662 453 698 p.
483 663 551 700 19,
572 663 608 689 2.
636 650 728 697 126,
752 663 815 688 20.
837 670 887 677 -—
907 650 1015 686 Adde
1035 651 1140 686 Posi-

91 710 250 746 donium
269 709 396 745 nescio
417 721 531 756 quem
547 722 608 757 ap.
632 710 759 756 Etym.
782 710 832 745 M.
859 721 900 757 p.
925 708 1024 754 645,
1053 708 1099 745 52
1129 722 1136 744 ;

86 763 238 820 Ὀψις,
262 769 308 809 ὥς
331 765 394 816 μὲν
428 765 659 812 Ποσιδώνιος,
694 765 792 818 παρὰ
818 765 857 804 τὸ
890 765 1010 814 ἅπτω,
1040 766 1139 818 ἅψω,

89 825 170 878 ἇψίς
198 840 249 868 τις
282 818 370 863 ουσα
403 827 426 871 ἡ
458 827 528 876 φῶς
558 826 754 872 ἐμποιοῦσα
783 824 843 863 καὶ
871 824 1139 876 καταυγᾶζουσα

88 886 157 922 τῶν
179 883 419 933 ὖποκειμένων
436 882 622 931 ἕκαστος(
604 900 651 927 ως
668 889 750 937 πῦρ.

144 945 236 996 Pag.
274 946 346 983 251
365 973 375 991 ‚
414 947 455 990 b,
497 948 566 985 lin.
603 952 624 990 4
674 948 723 983 ab
758 948 846 985 ima.
884 968 926 974 ·—
970 948 1030 982 Ex
1063 950 1142 996 ipso

87 1007 146 1044 M.
175 1007 285 1041 Brute·
302 1004 479 1052 facinore
508 1007 614 1042 cluoeit
632 1003 844 1057 originem]
874 1008 958 1042 Hoc
981 1007 1142 1042 nimium

87 1073 142 1101 est
163 1064 224 1114 (ν.
244 1065 376 1101 Cicero
391 1066 502 1102 Tusc.
524 1066 596 1109 IV,
631 1078 645 1100 1
664 1078 676 1114 3
705 1067 843 1101 Brutus
859 1078 892 1102 c.
916 1068 958 1111 [¹3
982 1065 1030 1101 ad
1060 1068 1135 1101 Att.

87 1136 182 1169 xm,
202 1128 222 1167 4
240 1124 273 1170 );
296 1130 463 1159 attamen
476 1136 522 1160 cx
538 1124 706 1160 facinore
724 1125 777 1160 ita
797 1126 904 1172 quasi
920 1123 1139 1161 confirmata

88 1190 166 1228 est,
183 1189 226 1218 ut
246 1183 286 1218 in
301 1182 529 1218 severiorem
545 1183 743 1218 historiam
763 1183 934 1232 irrepere
954 1184 1135 1232 potuerit.

142 1239 236 1290 Pag.
266 1238 359 1290 259,
384 1248 466 1278 not.
495 1240 545 1276 ad
565 1241 608 1278 fr.
631 1253 694 1279 20.
712 1263 763 1268 -—
783 1243 901 1277 Error
920 1242 1087 1278 Athenaei
1105 1242 1142 1276 in

88 1313 134 1338 eo
153 1301 283 1349 potius
299 1299 524 1348 quaerendus
539 1300 712 1348 estquod
733 1301 931 1336 Seleucum
951 1300 1057 1335 illum
1080 1301 1142 1349 βα-

89 1355 320 1395 σιλέα-ΐυίεεε
340 1358 449 1395 dicit.
477 1358 667 1394 Nimirum
692 1370 815 1393 sermo
837 1365 890 1394 est
907 1357 954 1393 de
981 1358 1140 1394 Seleuco

88 1417 268 1454 Antiochi
284 1416 424 1453 Sidetis
443 1417 542 1465 regis
557 1415 656 1462 filio,
678 1417 743 1464 qui
758 1423 907 1464 patrem
922 1418 962 1451 in
985 1417 1142 1464 expedi-

87 1477 192 1514 tione
208 1476 383 1512 Parthica
403 1477 604 1511 comitatus
624 1476 671 1511 ab
687 1479 825 1512 Arsace
844 1483 978 1524 captus
1000 1483 1072 1518 est,
1087 1477 1143 1511 uti

88 1535 266 1572 discimus
286 1548 330 1572 ex
358 1535 593 1583 Porphyrio.
627 1534 723 1571 Vide
752 1541 845 1571 tom.
869 1535 952 1582 111,
978 1547 1018 1582 p.
1047 1534 1142 1579 713,

86 1600 170 1633 not.
195 1606 232 1640 7.

141 1651 233 1702 Pag.
257 1665 354 1699 272,
371 1652 416 1689 fr.
436 1656 500 1698 47,
528 1660 611 1690 not.
637 1673 689 1679 ——
708 1650 800 1688 Post
821 1652 952 1687 eadem
976 1652 1144 1699 leguntur

87 1711 214 1749 adde:
236 1724 286 1748 ex
306 1713 453 1748 Joanne
470 1710 712 1747 Antiocheno.

141 1769 235 1821 Pag.
257 1784 348 1818 277.
366 1791 418 1798 ·-
431 1770 625 1806 Posidonii
639 1771 885 1806 historiarum
903 1769 1138 1818 fragmentis,

88 1843 255 1880 quorum
288 1831 435 1866 incerta
453 1829 560 1865 sedes
594 1836 648 1865 est
662 1857 671 1874 ,
704 1829 803 1865 adde
835 1830 926 1864 Exc.
951 1830 1007 1864 De
1041 1836 1136 1864 sent.

88 1891 253 1939 Eunapii
272 1889 283 1939 (
299 1889 346 1928 fr.
371 1887 441 1936 35)
463 1902 503 1937 p.
537 1888 613 1924 268
634 1888 695 1926 ed.
719 1889 806 1924 Mai.
833 1901 841 1925 :
865 1883 952 1925 εὈτι
974 1888 991 1924 ὁ
1013 1887 1140 1924 Ποσει-

92 1947 210 1992 δώνιος
235 1946 370 1998 ἔλεγεν,
387 1945 594 1989 ἀπελθόντος
611 1944 834 1997 Ἀλεξάνδρου
855 1944 893 1982 τὸ
910 1944 1142 1997 στρατόπεδον

88 2007 235 2047 ἐοικέναι
259 2009 328 2044 τῶν
351 2005 563 2045 Μακεδόνων
581 2005 875 2057 ἐκτετυφλωμένῳ
898 2005 1083 2043 Κύκλωπι.

140 2067 232 2117 Pag.
267 2066 360 2113 287,
393 2066 527 2115 fragm.
553 2065 603 2101 80
621 2079 658 2101 α.
685 2087 735 2093 —
758 2065 885 2102 Schol.
910 2066 1035 2100 Basilii
1066 2066 1140 2100 mi-

87 2128 192 2163 noris
212 2127 261 2163 ad
283 2127 444 2175 Gregor.
465 2126 689 2163 Nazianzen,
711 2125 751 2160 iu
779 2124 867 2160 cod.
898 2124 1015 2161 Paris.
1042 2123 1114 2170 573
1128 2152 1139 2172 ‚

87 2187 155 2223 fol.
177 2199 199 2223 2
210 2185 254 2222 16
267 2198 349 2228 vs0,
369 2185 475 2234 quod
489 2184 611 2220 edidit
625 2186 668 2219 E.
692 2184 859 2219 Millerus
876 2184 913 2218 in
929 2184 1080 2231 Pe'riple
1093 2184 1140 2219 cle

89 2247 283 2290 Marcien,
311 2259 350 2294 p.
378 2243 447 2290 137
472 2257 481 2279 ε
504 2241 736 2284 Ποσειδώνιος
751 2240 787 2279 δὲ
805 2240 865 2278 καὶ
884 2240 1139 2292 Ἐρατοσθένης

89 2304 128 2341 ἐκ
149 2304 219 2340 τῶν
238 2303 493 2354 σκιαθηρικῶν,
514 2299 672 2338 τουτέστι
688 2302 756 2338 τῶν
775 2299 837 2343 τὰς
858 2299 955 2342 σκιὰς
975 2299 1137 2351 θηρευόν-

90 2377 159 2400 των
177 2361 333 2415 ὀργάνων
350 2360 410 2398 καὶ
426 2359 636 2412 ὡρολογίων,
651 2359 710 2397 καὶ
725 2358 854 2402 πλάτος
865 2359 971 2404 αὐτῆς
988 2358 997 2411 (
1012 2373 1064 2398 sc.
1079 2361 1139 2405 τῆς

88 2423 154 2472 γῆς
169 2424 179 2470 )
195 2420 254 2459 καὶ
270 2423 381 2471 μ’ἧκος
394 2419 641 2471 παραδιδόασι.
659 2417 892 2461 Ποσειδώνιος
914 2416 976 2468 μὲν
995 2419 1063 2456 ἀπὸ
1080 2421 1137 2455 τοῦ

87 2478 179 2517 κατὰ
193 2478 255 2525 τὴν
274 2477 500 2530 μεσημὸρίαν
518 2477 690 2517 Κανώὸου
707 2476 849 2530 ἀστέρος
862 2480 1088 2526 σημειοῧται,
1104 2475 1140 2520 ὃς

89 2538 152 2589 μὲν
166 2540 200 2576 ἐν
214 2537 363 2577 Ἑλλάδι
378 2537 453 2575 οὐδὲ
467 2539 603 2589 ὁρᾶται,
617 2535 734 2574 ἀπὸδὲ
751 2539 818 2573 τῶν
837 2537 1010 2588 ἀρκτικῶν
1023 2536 1068 2578 εἷς
1081 2551 1138 2585 με-

89 2596 265 2649 σημὸρίαν
283 2598 410 2643 ἷοῧσιν,
429 2597 464 2633 ἐν
482 2595 595 2647 Ῥόδῳ
616 2595 721 2648 φησὶν
742 2594 855 2648 ὀφθεὶς
870 2593 973 2645 μόνον
995 2593 1049 2632 ἐπὶ
1079 2598 1138 2632 τοῦ

88 2656 271 2708 ὁρίζοντος,
284 2655 406 2699 εὐθέως
420 2658 464 2707 τῇ
484 2658 616 2708 στροφῇ
632 2652 844 2693 καταδύεται
861 2657 919 2692 τοῦ
937 2652 1070 2704 κόσμου
1081 2669 1089 2677 ·
1105 2655 1137 2691 ἐν

90 2714 327 2768 Ἀλεξανδρείᾳ
338 2714 388 2761 δὲ,
410 2714 548 2753 ἐπειδὰν
562 2712 822 2765 μεσουρανήσῃ,
837 2712 1000 2765 τέταρτον
1015 2712 1138 2757 ζωδίου

88 2773 219 2826 ἐπέχει,
233 2773 337 2812 ὅέστι
353 2772 632 2824 τεσσαρακοστὸν
654 2772 773 2824 ὄγδοον
791 2788 849 2811 του
862 2771 919 2810 διὰ
938 2771 1060 2811 Ῥόδου
1079 2771 1138 2810 καὶ

89 2833 347 2885 Ἀλεξανδρείας
362 2832 619 2885 μεσημὸρινοῧ.
636 2831 788 2882 Ὁμοίως
801 2831 837 2869 δὲ
852 2830 911 2868 καὶ
925 2830 963 2869 τὸ
950 2830 1137 2903 ὐὑπερκεί·

91 2908 193 2943 μενον
209 2893 314 2930 αὐτοῦ
338 2892 400 2943 μη’
419 2907 462 2942 με
454 2891 521 2943 ’ρος
540 2893 645 2930 αὐτου
665 2893 773 2930 ἐστιν.
796 2890 897 2930 Ἐπει
931 2893 990 2927 οὖν
1016 2905 1075 2927 και
1100 2891 1139 2928 τὸ

90 2951 339 3003 υπερκείμενον
355 2966 399 3000 με
384 2965 458 3002 ..ρος
469 2952 599 3001 τῆςγῆς
614 2965 663 2986 τω
674 2947 994 2999 τμηματισταδιων
1013 2947 1136 3000 εέστι,

90 3010 150 3048 καὶ
167 3009 210 3048 τὰ
234 3010 303 3054 τοῖς
321 3009 438 3053 ἄλλοις
452 3007 684 3061 ὑπερκείμενα
698 3007 826 3058 ὁμοίως
843 3006 922 3058 ‘exe'
945 3009 1042 3056 (leg.
1069 3022 1094 3058 ,ε
1110 3009 1136 3056 ),

90 3071 110 3107 ὁ
127 3068 195 3122 ἄρα
215 3068 378 3119 μέγιστος
388 3071 449 3114 τῆς
459 3070 522 3119 γῆς
532 3066 657 3110 κύκλος
680 3066 878 3118 εὑρίσκεται
895 3064 1070 3117 μυριάδων
1086 3064 1139 3103 κδ’

91 3127 418 3178 (24000οΞ5000
430 3137 464 3169 χ
475 3128 539 3173 48,
557 3135 689 3163 contra
700 3126 800 3163 5025
814 3134 846 3166 ><
861 3125 1136 3172 48:252000,

91 3189 156 3236 qui
177 3195 379 3236 computus
395 3195 449 3223 est
462 3186 757 3235 Eratosthenis).

144 3245 235 3295 Pag.
259 3246 356 3296 296,
377 3246 426 3282 ad
455 3245 501 3282 fr.
529 3257 596 3281 101
617 3245 758 3281 addere
784 3246 870 3280 licet
892 3245 966 3278 haec
994 3256 1037 3278 ex
1065 3245 1140 3278 Da·-

91 3307 232 3342 mascio
260 3318 299 3354 p.
328 3305 376 3351 78
404 3305 444 3339 in
469 3303 644 3352 Append.
670 3304 717 3339 ad
738 3303 875 3339 Stobaei
899 3301 1025 3339 Floril.
1046 3302 1137 3337 edit.

91 3364 205 3401 Gaisf.
226 3376 235 3400 :
269 3361 497 3404 Ποσειδώνιος
519 3360 586 3398 ὑπὸ
610 3359 671 3409 μὲν
695 3363 755 3406 τῆς
789 3358 933 3406 σελήνης
970 3358 1137 3396 κινεῖσθαι

96 3423 105 3471 (
120 3419 202 3472 φησὶ
219 3419 230 3472 )
250 3419 326 3463 τοὺς
347 3420 506 3469 ἀνέμους,
522 3418 591 3456 ὑπὸ
610 3418 646 3455 δὲ
660 3418 790 3457 τούτων
806 3418 848 3455 τὰ
865 3417 1016 3468 πελάγη,
1034 3417 1066 3453 ἓν
1093 3410 1140 3460 οἷς

94 3478 137 3517 τὰ
155 3478 387 3531 προειρημένα
405 3477 558 3527 γίνεσθαι
578 3476 685 3524 πάθη.
735 3502 765 3522 .

2166 284 2232 316 (361

1256 357 1347 408 Pag.
1376 359 1464 396 306.
1482 382 1532 387 —
1553 362 1657 397 Fui-t.
1682 363 1918 410 Asclepiades
1938 364 2132 412 AEgyptius
2149 363 2244 401 Oe)-

1202 415 1420 467 λογουμένων
1441 426 1573 454 auctor
1596 419 1694 455 idem
1714 427 1766 455 est
1787 433 1872 455 cum
1893 434 1937 457 eo
1959 423 2022 469 qui
2055 423 2093 457 in
2115 424 2244 459 inscri-

1202 477 1336 524 ptione
1346 477 1446 525 apud
1463 478 1658 515 Falconer.
1685 477 1696 526 (
1713 477 1816 524 cujus
1831 481 2243 529 meminitBernhardy.

1205 536 1269 573 Gr.
1295 537 1367 570 Lit.
1388 537 1427 580 1,
1448 549 1487 584 p.
1514 535 1615 584 369)
1645 537 1830 584 occurrit,
1850 538 1915 572 ubi
1935 539 1986 574 sic
2009 550 2016 575 :
2042 537 2248 585 Ἀσκληπιά-

1203 593 1266 638 δην
1289 592 1559 645 Ἀλεξανδρέα,..
1588 593 1755 645 νεωκόρον
1780 597 1839 631 τοῦ
1866 594 2019 645 μεγάλου
2052 597 2251 648 Σαράπιδος

1202 650 1261 688 καὶ
1283 653 1351 688 τῶν
1371 653 1405 689 ἐν
1426 651 1588 703 Μουσείῳ
1609 650 1818 701 σιτουμένων
1837 652 1967 689 ἀτελῶν
1989 654 2193 705 φιλοσόφων.

1255 710 1349 760 Pag.
1368 711 1460 760 338,
1475 718 1576 760 post.
1600 711 1646 749 fr.
1684 724 1728 746 12
1754 724 1855 759 pone
1874 712 2059 748 scholium
2081 715 2247 749 Vatican.

1202 772 1333 819 Eurip.
1354 771 1541 809 Androm.
1567 782 1612 806 10
1627 797 1636 815 ,
1652 770 1718 805 ubi
1736 783 1808 818 pro
1826 768 1999 812 Λυσανίας
2014 771 2115 807 haud
2138 772 2253 808 dubie

1203 830 1446 866 scribendum
1466 837 1520 866 est
1540 827 1760 879 Λυσίμαχος.
1782 829 1875 866 Vide
1899 830 2024 865 locum
2045 831 2084 865 in
2101 831 2252 867 Adden-

1207 888 1263 924 dis
1283 889 1331 924 ad
1352 889 1535 924 Hellanici
1558 889 1603 923 fr.
1629 886 1664 925 5.

1256 946 1346 996 Pag.
1370 946 1444 989 345
1477 961 1526 996 a,
1545 948 1612 983 lin.
1642 960 1703 992 27.
1725 955 1780 974 -’-
1800 949 1975 982 Attamen
2000 948 2147 983 titulum
2169 948 2254 998 Περὶ

1204 1002 1411 1051 Ἑλληνικῆς
1430 1004 1581 1055 ἱστορίας
1598 1013 1767 1042 recenset
1787 1006 1898 1041 etiam
1916 1006 2080 1041 Valesius
2102 1007 2140 1041 in
2158 1019 2252 1055 prae-

1203 1069 1268 1107 fat.
1288 1069 1336 1105 ad
1362 1071 1454 1105 Exc.
1485 1071 1541 1105 De
1568 1070 1717 1114 virtut.,
1752 1069 1847 1104 adeo
1876 1076 1917 1104 ut
1942 1069 2094 1106 aliunde
2126 1070 2173 1106 de
2206 1084 2250 1107 eo

1203 1135 1374 1164 constare
1387 1128 1574 1165 videatur.

1255 1185 1346 1235 Pag.
1367 1186 1454 1229 348.
1473 1209 1525 1213 —
1543 1189 1587 1222 In
1604 1187 1749 1222 Nicolai
1770 1187 1937 1235 reliquiis
1955 1195 2093 1236 praeter
2111 1200 2153 1224 ea
2171 1201 2252 1236 quae

1202 1256 1285 1280 sero
1307 1245 1346 1280 in
1362 1257 1516 1281 arenam
1532 1244 1780 1289 descendens,
1797 1246 1900 1292 quasi
1918 1243 2073 1296 ἔφεδρος,
2092 1247 2254 1282 Ρειῖσνιω·

1203 1305 1374 1350 praestitit
1391 1305 1469 1352 (Cf.
1483 1317 1595 1352 supra
1609 1317 1646 1352 p.
1660 1303 1737 1339 650
1749 1302 1776 1351 l,
1792 1304 1931 1352 largam
1945 1305 2253 1341 emendationum

1204 1369 1242 1398 et
1260 1363 1563 1410 conjecturarum
1580 1374 1736 1397 messem
1753 1363 1822 1397 viri
1839 1362 2136 1408 conjunctissimi
2153 1377 2254 1412 prae-

1203 1421 1388 1466 buerunt,
1408 1423 1459 1459 N.
1498 1422 1692 1457 Psccolous
1708 1428 1746 1456 et
1771 1422 1834 1457 Fr.
1861 1422 2065 1457 Diibnerus.
2085 1423 2253 1469 Quorum

1204 1481 1266 1516 hic
1300 1480 1455 1528 quidem
1482 1477 1570 1530 ἀνὴρ
1603 1476 1868 1530 κριτικώτατος,
1905 1493 2021 1527 quum
2049 1480 2145 1528 ,iamt
2164 1482 2253 1516 olim

1204 1539 1306 1575 haud
1323 1551 1446 1588 pauca
1464 1538 1710 1584 correxisset,
1724 1551 1824 1574 nune
1844 1540 1957 1574 etiam
1978 1537 2143 1589 δευτέρων
2155 1553 2255 1590 φρον-

1204 1593 1305 1634 τίδων
1336 1596 1447 1634 ἄωτον
1480 1597 1602 1633 edidit
1633 1597 1673 1631 in
1707 1596 1926 1632 Praefatione
1961 1597 2009 1632 ad
2042 1599 2251 1633 Himerium

1204 1669 1243 1705 p.
1264 1669 1360 1693 xxvx
1385 1668 1490 1704 sqq.;
1512 1657 1574 1691 ille
1593 1667 1706 1699 vero,
1730 1654 1945 1690 Adamantii
1968 1655 2098 1692 Corais
2125 1657 2162 1690 in
2183 1657 2251 1692 hac

1204 1715 1299 1751 urbe
1312 1727 1513 1760 successor,
1526 1714 1795 1763 amplissimum
1807 1714 1900 1749 illud
1914 1715 2254 1763 corruptissimum-

1205 1787 1279 1823 que
1299 1775 1448 1812 Nicolai
1465 1774 1513 1809 de
1531 1774 1609 1809 vita
1626 1773 1784 1821 Augusti
1802 1773 2055 1822 fragmentum
2079 1775 2250 1810 Escoria-

1204 1834 1305 1869 lense
1321 1833 1504 1882 peculiari
1525 1832 1654 1867 libello
1679 1832 1919 1867 tractandum
1936 1832 2006 1867 sibi
2023 1833 2168 1880 selegit,
2192 1833 2253 1867 id-

1205 1905 1278 1941 que
1296 1893 1570 1929 commentario
1588 1891 1764 1926 instruxit
1775 1891 1886 1926 bonae
1900 1890 2015 1939 frugis
2025 1892 2252 1938 plenissimo,

1204 1953 1242 1987 in
1262 1963 1339 1999 quo
1362 1952 1474 1987 etiam
1502 1950 1658 1998 reliquis
1677 1950 1902 1986 Damasceni
1934 1950 2142 1998 excerptis,
2168 1963 2249 1997 quae

1202 2010 1394 2045 medicum
1425 2009 1554 2045 adhuc'
1581 2008 1867 2056 exspectabant,
1901 2020 2053 2043 manum
2079 2008 2250 2043 admovit

1204 2066 1459 2104 delinientem.
1477 2069 1522 2103 In
1538 2067 1671 2102 eodem
1694 2066 1857 2113 denique
1876 2067 2004 2101 libello
2026 2066 2072 2102 de
2090 2067 2250 2102 Nicolan

1202 2135 1238 2164 et
1255 2128 1301 2164 de
1315 2129 1397 2176 ipso
1415 2127 1511 2162 adeo
1529 2129 1697 2174 Augusto
1715 2126 1943 2172 imperatore
1959 2125 2100 2172 optime
2116 2127 2252 2161 meruit

1202 2188 1358 2235 egregiae
1375 2187 1454 2235 spei
1481 2184 1630 2232 juvenis
1644 2212 1653 2229 ,
1674 2182 1856 2231 Alfreclus
1876 2184 2030 2219 Didotus
2042 2210 2051 2228 ,
2077 2185 2142 2232 qui
2159 2196 2252 2232 grae-

1202 2257 1285 2280 cam
1299 2245 1468 2280 historici
1491 2245 1691 2280 laevitatem
1712 2243 1895 2279 versionis
1912 2242 2053 2290 gallieae
2067 2243 2253 2291 elegantia

1201 2305 1348 2352 assequi
1363 2303 1506 2339 studuit
1523 2303 1692 2339 feliciter.

1254 2361 1345 2412 Pag.
1367 2362 1457 2410 349,
1477 2362 1523 2397 fr.
1551 2374 1588 2406 2,
1607 2361 1672 2396 lin.
1699 2373 1735 2409 9.
1755 2381 1808 2388 —
1828 2357 1897 2396 Καὶ
1918 2358 1961 2395 δι’
1984 2356 2090 2404 αὐτὴν
2111 2373 2251 2403 ποιητι-

1200 2421 1288 2472 κῆς]
1318 2419 1400 2466 καὶ,
1424 2418 1496 2470 [νὴ]
1531 2419 1620 2464 Δία,
1649 2420 1710 2464 τῆς
1740 2419 1923 2464 ποιητικῆς
1953 2417 2054 2464 conj.
2079 2419 2244 2454 Piccolo.

1200 2480 1402 2529 Sequentia
1420 2480 1520 2516 idem
1548 2480 1606 2514 vir
1626 2477 1866 2514 doctissimus
1899 2478 1949 2512 ita
1975 2476 2134 2524 legenda
2163 2489 2250 2511 cen-

1200 2547 1257 2575 set
1286 2552 1293 2577 ε
1332 2537 1527 2590 τραγῳδίας
1566 2535 1673 2574 ἐποίει
1712 2535 1771 2572 καὶ
1805 2533 2000 2586 κωμῳδίας·
2034 2533 2248 2583 ηὐδοκίμησε

1203 2598 1232 2635 δ
1254 2596 1304 2635 ἔτι
1325 2595 1496 2646 μᾶλλον“
1479 2610 1619 2648 υστερον
1641 2593 1815 2639 αὐξηθεὶς,
1837 2591 1926 2630 ὥστε
1945 2592 2004 2629 καὶ
2021 2591 2083 2638 τὴν
2102 2590 2246 2642 δύναμιν

1202 2658 1414 2703 συνανθῆσαι
1435 2656 1619 2708 ρητορικης
1635 2662 1725 2698 εἶα,
1749 2654 1883 2689 omissa
1899 2665 1983 2687 eum
2000 2651 2116 2687 codd
2142 2653 2183 2688 B.
2203 2651 2245 2689 C

1202 2728 1294 2752 voce
1314 2714 1527 2763 ἐπεμελεῖτο.
1545 2714 1669 2749 —1b.
1690 2720 1770 2749 not.
1793 2724 1832 2759 9.
1850 2713 1989 2747 Vocem
2005 2700 2249 2760 προσσυμῧαί-

1201 2774 1371 2822 vetjure,
1396 2780 1572 2822 utputo,
1597 2772 1748 2808 damnat
1781 2769 2156 2817 Piccolo.Legeri1n
2178 2783 2249 2809 πως

1202 2831 1399 2882 συμὸαίνει.

1253 2891 1349 2941 Pag.
1371 2889 1462 2935 350,
1487 2891 1555 2927 lin.
1584 2902 1641 2925 11.
1668 2909 1720 2915 —
1735 2884 1893 2924 Ἥκοντα
1916 2884 1950 2922 δὲ
1969 2900 2026 2922 τον
2052 2883 2249 2923 Νικόλαον*

1202 2948 1388 2999 δεόμενοι]
1406 2946 1540 2999 εἴχοντο
1561 2945 1595 2983 δὲ
1615 2949 1674 2982 τοῦ
1698 2943 1875 2983 Νικολάου
1891 2943 2048 2993 δεόμενοι
2070 2945 2139 2992 leg.
2159 2956 2248 2979 cen-

1201 3017 1256 3045 set
1274 3009 1430 3044 Piccolo
1447 3007 1710 3055 probabiliter.

1254 3067 1345 3115 Pag.
1379 3066 1471 3111 352,
1491 3067 1557 3100 lin.
1597 3078 1655 3110 ¹7·
1678 3085 1729 3091 —
1747 3060 1912 3111 Γίνεται]
1935 3059 2088 3111 γίγνεται
2109 3060 2241 3096 chci.

1202 3127 1325 3162 tacite.

1256 3182 1348 3232 Pag.
1366 3182 1545 3228 353‚not.
1564 3194 1625 3218 22.
1645 3203 1695 3207 -—
1711 3176 1982 3217 Συνέπλευσεν
1965 3188 1981 3212 ο
2012 3169 2068 3213 οὖν
2086 3174 2246 3225 ]ospa1-

1203 3243 1356 3278 ticulam
1388 3242 1500 3276 tacite
1532 3240 1659 3274 intulit
1687 3239 1852 3275 Fedcrus
1865 3265 1874 3281 ‚
1907 3237 2011 3284 quasi
2043 3246 2171 3269 carc-rc
2203 3246 2246 3268 ea

1203 3300 1303 3336 haud
1334 3301 1466 3347 possis.
1488 3299 1660 3335 Ceterum
1681 3311 1728 3334 ne
1749 3298 1832 3345 quis
1862 3297 2020 3331 miretur
2051 3291 2245 3327 confiden-

1205 3360 1277 3394 tius
1298 3370 1357 3394 me
1382 3358 1430 3393 de
1450 3357 1592 3393 codicis
1612 3358 1793 3404 scriptura
1823 3355 1940 3400 loqui.
1960 3352 2102 3387 Etenim
2123 3349 2244 3394 majo—

1202 3430 1282 3453 rem
1294 3417 1438 3455 Nicolai
1451 3415 1584 3464 fragm.
1601 3423 1746 3463 partem
1758 3426 1800 3448 ex
1812 3411 2029 3460 apographo
2042 3410 2080 3443 E.
2096 3407 2244 3450 Minori,

1203 3483 1271 3517 viri
1291 3478 1494 3516 doctissimi
1517 3482 1552 3509 et
1577 3475 1614 3508 in
1636 3473 1801 3521 legendis
1827 3467 2155 3512 describendisquc
2179 3478 2244 3499 vo—
