<?xml version="1.0" encoding="UTF-8"?>
<!DOCTYPE html PUBLIC "-//W3C//DTD XHTML 1.0 Transitional//EN"
    "http://www.w3.org/TR/xhtml1/DTD/xhtml1-transitional.dtd">
<html xmlns="http://www.w3.org/1999/xhtml" xml:lang="en" lang="en">
 <head>
  <title>
</title>
<meta http-equiv="Content-Type" content="text/html;charset=utf-8" />
  <meta name='ocr-system' content='tesseract 3.04.00' />
  <meta name='ocr-capabilities' content='ocr_page ocr_carea ocr_par ocr_line ocrx_word'/>
</head>
<body>
  <div class='ocr_page' id='page_1' title='image "./fragmentahistori04mueluoft_0602.png"; bbox 0 0 2372 3704; ppageno 0'>
   <div class='ocr_carea' id='block_1_1' title="bbox 144 246 218 279">
    <p class='ocr_par' dir='ltr' id='par_1_1' title="bbox 144 246 218 279">
     <span class='ocr_line' id='line_1_1' title="bbox 144 246 218 279; baseline -0.014 0"><span class='ocrx_word' id='word_1_1' title='bbox 144 246 218 279; x_wconf 83' lang='lat'>590</span> 
     </span>
    </p>
   </div>
   <div class='ocr_carea' id='block_1_2' title="bbox 931 240 1492 283">
    <p class='ocr_par' dir='ltr' id='par_1_2' title="bbox 931 240 1492 283">
     <span class='ocr_line' id='line_1_2' title="bbox 931 240 1492 283; baseline 0.007 -4"><span class='ocrx_word' id='word_1_2' title='bbox 931 240 953 278; x_wconf 84' lang='lat' dir='ltr'>J</span> <span class='ocrx_word' id='word_1_3' title='bbox 957 240 1142 280; x_wconf 84' lang='lat' dir='ltr'><strong>OANNIS</strong></span> <span class='ocrx_word' id='word_1_4' title='bbox 1171 242 1471 283; x_wconf 88' lang='lat' dir='ltr'><strong>ANTIOCHEN</strong></span> <span class='ocrx_word' id='word_1_5' title='bbox 1476 245 1492 282; x_wconf 90' lang='lat'><em>1</em></span> 
     </span>
    </p>
   </div>
   <div class='ocr_carea' id='block_1_3' title="bbox 140 326 2275 442">
    <p class='ocr_par' dir='ltr' id='par_1_3' title="bbox 140 326 2275 442">
     <span class='ocr_line' id='line_1_3' title="bbox 141 326 2275 388; baseline 0.004 -22"><span class='ocrx_word' id='word_1_6' title='bbox 141 331 298 367; x_wconf 81' lang='grc' dir='ltr'>Τοιαῦτα</span> <span class='ocrx_word' id='word_1_7' title='bbox 318 326 354 366; x_wconf 82' lang='grc' dir='ltr'>δὲ</span> <span class='ocrx_word' id='word_1_8' title='bbox 379 327 536 380; x_wconf 82' lang='grc' dir='ltr'>πράττων</span> <span class='ocrx_word' id='word_1_9' title='bbox 566 328 631 366; x_wconf 78' lang='grc' dir='ltr'>ὑπό</span> <span class='ocrx_word' id='word_1_10' title='bbox 651 344 687 366; x_wconf 89' lang='grc' dir='ltr'>τε</span> <span class='ocrx_word' id='word_1_11' title='bbox 705 329 774 386; x_wconf 84' lang='grc' dir='ltr'>τῶν</span> <span class='ocrx_word' id='word_1_12' title='bbox 807 328 915 382; x_wconf 85' lang='grc' dir='ltr'>ἔργων</span> <span class='ocrx_word' id='word_1_13' title='bbox 935 329 1178 386; x_wconf 53' lang='grc' dir='ltr'>ἐλαυνόμενος,</span> <span class='ocrx_word' id='word_1_14' title='bbox 1237 331 1405 376; x_wconf 84' lang='grc' dir='ltr'>πολλάκις</span> <span class='ocrx_word' id='word_1_15' title='bbox 1419 331 1627 371; x_wconf 88' lang='grc' dir='ltr'>ἀπέσκωπτε</span> <span class='ocrx_word' id='word_1_16' title='bbox 1644 334 1701 371; x_wconf 89' lang='grc' dir='ltr'>τὸν</span> <span class='ocrx_word' id='word_1_17' title='bbox 1717 334 1895 385; x_wconf 87' lang='grc' dir='ltr'>Μακρῖνον</span> <span class='ocrx_word' id='word_1_18' title='bbox 1907 336 1952 378; x_wconf 83' lang='grc' dir='ltr'>ὡς</span> <span class='ocrx_word' id='word_1_19' title='bbox 1966 335 2078 382; x_wconf 82' lang='grc' dir='ltr'>διαίτη</span> <span class='ocrx_word' id='word_1_20' title='bbox 2096 336 2275 388; x_wconf 81' lang='grc' dir='ltr'>ἐλευθερίῳ</span> 
     </span>
     <span class='ocr_line' id='line_1_4' title="bbox 140 375 2264 442; baseline 0.003 -18"><span class='ocrx_word' id='word_1_21' title='bbox 140 387 200 424; x_wconf 78' lang='grc' dir='ltr'>καὶ</span> <span class='ocrx_word' id='word_1_22' title='bbox 214 386 300 438; x_wconf 82' lang='grc' dir='ltr'>πρὸς</span> <span class='ocrx_word' id='word_1_23' title='bbox 313 385 375 432; x_wconf 82' lang='grc' dir='ltr'>τὴν</span> <span class='ocrx_word' id='word_1_24' title='bbox 390 387 424 424; x_wconf 85' lang='grc' dir='ltr'>ἐν</span> <span class='ocrx_word' id='word_1_25' title='bbox 437 389 480 439; x_wconf 80' lang='grc' dir='ltr'>τῇ</span> <span class='ocrx_word' id='word_1_26' title='bbox 496 385 597 425; x_wconf 88' lang='grc' dir='ltr'>πόλει</span> <span class='ocrx_word' id='word_1_27' title='bbox 612 386 793 439; x_wconf 71' lang='grc' dir='ltr'>διατριὸὴν</span> <span class='ocrx_word' id='word_1_28' title='bbox 807 388 967 439; x_wconf 82' lang='grc' dir='ltr'>ἀπεχθῶς</span> <span class='ocrx_word' id='word_1_29' title='bbox 979 387 1081 440; x_wconf 83' lang='grc' dir='ltr'>ἔχων,</span> <span class='ocrx_word' id='word_1_30' title='bbox 1097 390 1181 426; x_wconf 80' lang='grc' dir='ltr'>ἀπε·</span> <span class='ocrx_word' id='word_1_31' title='bbox 1238 389 1430 442; x_wconf 85' lang='grc' dir='ltr'>χρώμενον.</span> <span class='ocrx_word' id='word_1_32' title='bbox 2063 378 2068 387; x_wconf 44' lang='lat'>⁸</span> <span class='ocrx_word' id='word_1_33' title='bbox 2257 375 2264 391; x_wconf 47' lang='lat'><em>⁵</em></span> 
     </span>
    </p>
   </div>
   <div class='ocr_carea' id='block_1_4' title="bbox 131 444 1180 2830">
    <p class='ocr_par' dir='ltr' id='par_1_4' title="bbox 131 444 1180 2830">
     <span class='ocr_line' id='line_1_5' title="bbox 142 444 1179 497; baseline 0.001 -14"><span class='ocrx_word' id='word_1_34' title='bbox 142 445 245 495; x_wconf 81' lang='grc' dir='ltr'>δήμει</span> <span class='ocrx_word' id='word_1_35' title='bbox 260 448 322 491; x_wconf 71' lang='grc' dir='ltr'>τῆς</span> <span class='ocrx_word' id='word_1_36' title='bbox 337 444 491 495; x_wconf 82' lang='grc' dir='ltr'>Ῥώμης,</span> <span class='ocrx_word' id='word_1_37' title='bbox 510 448 556 489; x_wconf 84' lang='grc' dir='ltr'>ὡς</span> <span class='ocrx_word' id='word_1_38' title='bbox 575 445 616 492; x_wconf 84' lang='grc' dir='ltr'>δὴ</span> <span class='ocrx_word' id='word_1_39' title='bbox 632 445 691 483; x_wconf 80' lang='grc' dir='ltr'>καὶ</span> <span class='ocrx_word' id='word_1_40' title='bbox 706 444 749 483; x_wconf 84' lang='grc' dir='ltr'>τὰ</span> <span class='ocrx_word' id='word_1_41' title='bbox 766 445 983 497; x_wconf 88' lang='grc' dir='ltr'>στρατόπεδα</span> <span class='ocrx_word' id='word_1_42' title='bbox 996 446 1179 493; x_wconf 82' lang='grc' dir='ltr'>διοικήσων</span> 
     </span>
     <span class='ocr_line' id='line_1_6' title="bbox 140 502 1179 556; baseline 0.001 -16"><span class='ocrx_word' id='word_1_43' title='bbox 140 503 199 541; x_wconf 82' lang='grc' dir='ltr'>καὶ</span> <span class='ocrx_word' id='word_1_44' title='bbox 215 502 259 542; x_wconf 82' lang='grc' dir='ltr'>τὰ</span> <span class='ocrx_word' id='word_1_45' title='bbox 274 503 351 550; x_wconf 80' lang='grc' dir='ltr'>ἔθνη</span> <span class='ocrx_word' id='word_1_46' title='bbox 368 503 592 556; x_wconf 80' lang='grc' dir='ltr'>ἐποψόμενος.</span> <span class='ocrx_word' id='word_1_47' title='bbox 611 502 712 542; x_wconf 70' lang='grc' dir='ltr'>Ἐπεὶ</span> <span class='ocrx_word' id='word_1_48' title='bbox 723 502 759 541; x_wconf 80' lang='grc' dir='ltr'>δὲ</span> <span class='ocrx_word' id='word_1_49' title='bbox 770 502 827 541; x_wconf 76' lang='grc' dir='ltr'>τὸν</span> <span class='ocrx_word' id='word_1_50' title='bbox 840 502 977 556; x_wconf 84' lang='grc' dir='ltr'>Ἴστρον</span> <span class='ocrx_word' id='word_1_51' title='bbox 990 503 1179 554; x_wconf 67' lang='grc' dir='ltr'>κατέλαὸε,</span> 
     </span>
     <span class='ocr_line' id='line_1_7' title="bbox 140 561 1179 615; baseline 0.001 -16"><span class='ocrx_word' id='word_1_52' title='bbox 140 561 200 600; x_wconf 81' lang='grc' dir='ltr'>καὶ</span> <span class='ocrx_word' id='word_1_53' title='bbox 216 561 294 606; x_wconf 84' lang='grc' dir='ltr'>τοὺς</span> <span class='ocrx_word' id='word_1_54' title='bbox 310 563 420 600; x_wconf 78' lang='grc' dir='ltr'>ἐκεῖσε</span> <span class='ocrx_word' id='word_1_55' title='bbox 437 561 634 614; x_wconf 81' lang='grc' dir='ltr'>Γερμανοὺς</span> <span class='ocrx_word' id='word_1_56' title='bbox 654 561 941 615; x_wconf 87' lang='grc' dir='ltr'>ἐφιλοποιήσατο,</span> <span class='ocrx_word' id='word_1_57' title='bbox 956 564 1002 606; x_wconf 78' lang='grc' dir='ltr'>ὡς</span> <span class='ocrx_word' id='word_1_58' title='bbox 1017 562 1078 600; x_wconf 87' lang='grc' dir='ltr'>καὶ</span> <span class='ocrx_word' id='word_1_59' title='bbox 1091 577 1179 612; x_wconf 83' lang='grc' dir='ltr'>συμ-</span> 
     </span>
     <span class='ocr_line' id='line_1_8' title="bbox 139 618 1180 672; baseline -0.002 -13"><span class='ocrx_word' id='word_1_60' title='bbox 139 620 274 672; x_wconf 86' lang='grc' dir='ltr'>μάχους</span> <span class='ocrx_word' id='word_1_61' title='bbox 292 622 376 672; x_wconf 87' lang='grc' dir='ltr'>παρ’</span> <span class='ocrx_word' id='word_1_62' title='bbox 399 622 513 658; x_wconf 80' lang='grc' dir='ltr'>αὐτῶν</span> <span class='ocrx_word' id='word_1_63' title='bbox 526 619 646 658; x_wconf 75' lang='grc' dir='ltr'>λαὸεῒν</span> <span class='ocrx_word' id='word_1_64' title='bbox 662 619 721 658; x_wconf 81' lang='grc' dir='ltr'>καὶ</span> <span class='ocrx_word' id='word_1_65' title='bbox 740 623 802 658; x_wconf 81' lang='grc' dir='ltr'>τοῦ</span> <span class='ocrx_word' id='word_1_66' title='bbox 825 618 986 669; x_wconf 83' lang='grc' dir='ltr'>σώματος</span> <span class='ocrx_word' id='word_1_67' title='bbox 1005 619 1180 672; x_wconf 76' lang='grc' dir='ltr'>φρουροὺς,</span> 
     </span>
     <span class='ocr_line' id='line_1_9' title="bbox 138 677 1179 731; baseline -0.002 -14"><span class='ocrx_word' id='word_1_68' title='bbox 138 679 198 717; x_wconf 86' lang='grc' dir='ltr'>καὶ</span> <span class='ocrx_word' id='word_1_69' title='bbox 218 680 294 722; x_wconf 84' lang='grc' dir='ltr'>ταῖς</span> <span class='ocrx_word' id='word_1_70' title='bbox 316 677 490 731; x_wconf 83' lang='grc' dir='ltr'>φορεσίαις</span> <span class='ocrx_word' id='word_1_71' title='bbox 510 679 624 717; x_wconf 80' lang='grc' dir='ltr'>αὐτῶν</span> <span class='ocrx_word' id='word_1_72' title='bbox 643 680 808 731; x_wconf 74' lang='grc' dir='ltr'>χρῆσθαι.</span> <span class='ocrx_word' id='word_1_73' title='bbox 830 677 935 715; x_wconf 82' lang='grc' dir='ltr'>Οὕτω</span> <span class='ocrx_word' id='word_1_74' title='bbox 958 692 996 715; x_wconf 88' lang='grc' dir='ltr'>τε</span> <span class='ocrx_word' id='word_1_75' title='bbox 1015 677 1084 715; x_wconf 79' lang='grc' dir='ltr'>ὑπὸ</span> <span class='ocrx_word' id='word_1_76' title='bbox 1111 680 1179 716; x_wconf 86' lang='grc' dir='ltr'>τῶν</span> 
     </span>
     <span class='ocr_line' id='line_1_10' title="bbox 139 735 1180 791; baseline -0.002 -16"><span class='ocrx_word' id='word_1_77' title='bbox 139 737 325 791; x_wconf 74' lang='grc' dir='ltr'>βαρὸάρων</span> <span class='ocrx_word' id='word_1_78' title='bbox 345 737 405 776; x_wconf 82' lang='grc' dir='ltr'>καὶ</span> <span class='ocrx_word' id='word_1_79' title='bbox 435 737 501 775; x_wconf 76' lang='grc' dir='ltr'>ὑπὸ</span> <span class='ocrx_word' id='word_1_80' title='bbox 523 739 590 775; x_wconf 84' lang='grc' dir='ltr'>τῶν</span> <span class='ocrx_word' id='word_1_81' title='bbox 625 739 843 789; x_wconf 82' lang='grc' dir='ltr'>στρατιωτῶν</span> <span class='ocrx_word' id='word_1_82' title='bbox 871 738 1051 787; x_wconf 80' lang='grc' dir='ltr'>ἠγαπᾶτο,</span> <span class='ocrx_word' id='word_1_83' title='bbox 1071 735 1180 778; x_wconf 81' lang='grc' dir='ltr'>κοινὸς</span> 
     </span>
     <span class='ocr_line' id='line_1_11' title="bbox 137 793 1177 849; baseline -0.004 -14"><span class='ocrx_word' id='word_1_84' title='bbox 137 796 185 835; x_wconf 81' lang='grc' dir='ltr'>ὢν</span> <span class='ocrx_word' id='word_1_85' title='bbox 204 797 288 849; x_wconf 82' lang='grc' dir='ltr'>πρὸς</span> <span class='ocrx_word' id='word_1_86' title='bbox 305 797 474 844; x_wconf 85' lang='grc' dir='ltr'>ἅπαντας,</span> <span class='ocrx_word' id='word_1_87' title='bbox 493 799 538 840; x_wconf 84' lang='grc' dir='ltr'>ὣς</span> <span class='ocrx_word' id='word_1_88' title='bbox 553 795 812 848; x_wconf 83' lang='grc' dir='ltr'>συστρατιώτης</span> <span class='ocrx_word' id='word_1_89' title='bbox 827 795 960 846; x_wconf 80' lang='grc' dir='ltr'>μᾶλλον</span> <span class='ocrx_word' id='word_1_90' title='bbox 974 793 996 840; x_wconf 80' lang='grc' dir='ltr'>ἢ</span> <span class='ocrx_word' id='word_1_91' title='bbox 1016 793 1177 846; x_wconf 81' lang='grc' dir='ltr'>βασιλεὺς</span> 
     </span>
     <span class='ocr_line' id='line_1_12' title="bbox 137 849 1178 907; baseline -0.004 -15"><span class='ocrx_word' id='word_1_92' title='bbox 137 857 220 907; x_wconf 88' lang='grc' dir='ltr'>παρ’</span> <span class='ocrx_word' id='word_1_93' title='bbox 253 856 365 893; x_wconf 77' lang='grc' dir='ltr'>αὐτῶν</span> <span class='ocrx_word' id='word_1_94' title='bbox 385 854 519 907; x_wconf 83' lang='grc' dir='ltr'>χαίρειν</span> <span class='ocrx_word' id='word_1_95' title='bbox 552 852 746 904; x_wconf 88' lang='grc' dir='ltr'>λεγόμενος.</span> <span class='ocrx_word' id='word_1_96' title='bbox 769 851 872 892; x_wconf 71' lang='grc' dir='ltr'>Ἐπεὶ</span> <span class='ocrx_word' id='word_1_97' title='bbox 898 849 934 889; x_wconf 78' lang='grc' dir='ltr'>δὲ</span> <span class='ocrx_word' id='word_1_98' title='bbox 964 851 1023 890; x_wconf 83' lang='grc' dir='ltr'>καὶ</span> <span class='ocrx_word' id='word_1_99' title='bbox 1043 853 1091 894; x_wconf 90' lang='grc' dir='ltr'>εἷς</span> <span class='ocrx_word' id='word_1_100' title='bbox 1116 851 1178 897; x_wconf 71' lang='grc' dir='ltr'>τὴν</span> 
     </span>
     <span class='ocr_line' id='line_1_13' title="bbox 137 908 1176 966; baseline -0.005 -15"><span class='ocrx_word' id='word_1_101' title='bbox 137 912 357 952; x_wconf 85' lang='grc' dir='ltr'>Μακεδονίαν</span> <span class='ocrx_word' id='word_1_102' title='bbox 397 913 556 966; x_wconf 88' lang='grc' dir='ltr'>ἀφίκετο,</span> <span class='ocrx_word' id='word_1_103' title='bbox 586 910 707 954; x_wconf 79' lang='grc' dir='ltr'>εὐθέως</span> <span class='ocrx_word' id='word_1_104' title='bbox 738 925 774 948; x_wconf 92' lang='grc' dir='ltr'>τε</span> <span class='ocrx_word' id='word_1_105' title='bbox 807 909 1026 960; x_wconf 83' lang='grc' dir='ltr'>Ἀλέξανδρον</span> <span class='ocrx_word' id='word_1_106' title='bbox 1057 908 1176 947; x_wconf 83' lang='grc' dir='ltr'>ἑαυτὸν</span> 
     </span>
     <span class='ocr_line' id='line_1_14' title="bbox 136 967 1178 1022; baseline -0.004 -13"><span class='ocrx_word' id='word_1_107' title='bbox 136 971 315 1020; x_wconf 78' lang='grc' dir='ltr'>ὠνόμασεν</span> <span class='ocrx_word' id='word_1_108' title='bbox 329 987 336 995; x_wconf 90' lang='grc'><em>·</em></span> <span class='ocrx_word' id='word_1_109' title='bbox 357 971 483 1009; x_wconf 87' lang='grc' dir='ltr'>ἐκεῖθέν</span> <span class='ocrx_word' id='word_1_110' title='bbox 496 986 533 1009; x_wconf 89' lang='grc' dir='ltr'>τε</span> <span class='ocrx_word' id='word_1_111' title='bbox 550 971 596 1014; x_wconf 87' lang='grc' dir='ltr'>εἷς</span> <span class='ocrx_word' id='word_1_112' title='bbox 609 969 797 1022; x_wconf 79' lang='grc' dir='ltr'>Πέργαμον</span> <span class='ocrx_word' id='word_1_113' title='bbox 822 967 1030 1020; x_wconf 88' lang='grc' dir='ltr'>παρεγένετο</span> <span class='ocrx_word' id='word_1_114' title='bbox 1046 967 1105 1006; x_wconf 81' lang='grc' dir='ltr'>καὶ</span> <span class='ocrx_word' id='word_1_115' title='bbox 1122 967 1178 1006; x_wconf 76' lang='grc' dir='ltr'>ἐπὶ</span> 
     </span>
     <span class='ocr_line' id='line_1_15' title="bbox 135 1026 1177 1082; baseline -0.005 -14"><span class='ocrx_word' id='word_1_116' title='bbox 135 1029 193 1068; x_wconf 77' lang='grc' dir='ltr'>τὸν</span> <span class='ocrx_word' id='word_1_117' title='bbox 211 1030 394 1081; x_wconf 80' lang='grc' dir='ltr'>Ἀχιλλέως</span> <span class='ocrx_word' id='word_1_118' title='bbox 409 1029 515 1082; x_wconf 86' lang='grc' dir='ltr'>τάφον</span> <span class='ocrx_word' id='word_1_119' title='bbox 531 1059 539 1076; x_wconf 93' lang='grc'>,</span> <span class='ocrx_word' id='word_1_120' title='bbox 561 1028 620 1066; x_wconf 78' lang='grc' dir='ltr'>καὶ</span> <span class='ocrx_word' id='word_1_121' title='bbox 641 1026 819 1080; x_wconf 86' lang='grc' dir='ltr'>στεφάνοις</span> <span class='ocrx_word' id='word_1_122' title='bbox 835 1026 1016 1077; x_wconf 83' lang='grc' dir='ltr'>κοσμήσας</span> <span class='ocrx_word' id='word_1_123' title='bbox 1036 1026 1095 1064; x_wconf 88' lang='grc' dir='ltr'>καὶ</span> <span class='ocrx_word' id='word_1_124' title='bbox 1114 1026 1177 1064; x_wconf 84' lang='grc' dir='ltr'>ἅν-</span> 
     </span>
     <span class='ocr_line' id='line_1_16' title="bbox 135 1084 1178 1140; baseline -0.004 -14"><span class='ocrx_word' id='word_1_125' title='bbox 135 1093 228 1139; x_wconf 83' lang='grc' dir='ltr'>θεσι,</span> <span class='ocrx_word' id='word_1_126' title='bbox 247 1089 304 1126; x_wconf 89' lang='grc' dir='ltr'>τὸν</span> <span class='ocrx_word' id='word_1_127' title='bbox 326 1087 486 1140; x_wconf 82' lang='grc' dir='ltr'>Ἀχιλλέα</span> <span class='ocrx_word' id='word_1_128' title='bbox 514 1087 683 1137; x_wconf 81' lang='grc' dir='ltr'>ἐμιμεῖτο.</span> <span class='ocrx_word' id='word_1_129' title='bbox 711 1085 783 1125; x_wconf 78' lang='grc' dir='ltr'>Καὶ</span> <span class='ocrx_word' id='word_1_130' title='bbox 813 1084 869 1123; x_wconf 85' lang='grc' dir='ltr'>διὰ</span> <span class='ocrx_word' id='word_1_131' title='bbox 893 1087 955 1132; x_wconf 71' lang='grc' dir='ltr'>τῆς</span> <span class='ocrx_word' id='word_1_132' title='bbox 982 1084 1097 1128; x_wconf 87' lang='grc' dir='ltr'>Ἀσίας</span> <span class='ocrx_word' id='word_1_133' title='bbox 1118 1084 1178 1122; x_wconf 78' lang='grc' dir='ltr'>καὶ</span> 
     </span>
     <span class='ocr_line' id='line_1_17' title="bbox 135 1142 1178 1196; baseline -0.004 -12"><span class='ocrx_word' id='word_1_134' title='bbox 135 1150 203 1185; x_wconf 88' lang='grc' dir='ltr'>τῶν</span> <span class='ocrx_word' id='word_1_135' title='bbox 236 1147 349 1185; x_wconf 85' lang='grc' dir='ltr'>ἄλλων</span> <span class='ocrx_word' id='word_1_136' title='bbox 371 1148 472 1184; x_wconf 82' lang='grc' dir='ltr'>ἐθνῶν</span> <span class='ocrx_word' id='word_1_137' title='bbox 505 1147 550 1188; x_wconf 87' lang='grc' dir='ltr'>εἷς</span> <span class='ocrx_word' id='word_1_138' title='bbox 577 1143 786 1196; x_wconf 87' lang='grc' dir='ltr'>Ἀντιόχειαν</span> <span class='ocrx_word' id='word_1_139' title='bbox 817 1142 975 1195; x_wconf 87' lang='grc' dir='ltr'>ἀφίκετο,</span> <span class='ocrx_word' id='word_1_140' title='bbox 1008 1142 1068 1181; x_wconf 80' lang='grc' dir='ltr'>καὶ</span> <span class='ocrx_word' id='word_1_141' title='bbox 1101 1145 1178 1181; x_wconf 90' lang='grc' dir='ltr'>δια-</span> 
     </span>
     <span class='ocr_line' id='line_1_18' title="bbox 134 1201 1176 1258; baseline -0.003 -16"><span class='ocrx_word' id='word_1_142' title='bbox 134 1205 257 1258; x_wconf 71' lang='grc' dir='ltr'>τρίψας</span> <span class='ocrx_word' id='word_1_143' title='bbox 275 1205 397 1257; x_wconf 88' lang='grc' dir='ltr'>χρόνον</span> <span class='ocrx_word' id='word_1_144' title='bbox 417 1203 513 1254; x_wconf 78' lang='grc' dir='ltr'>τινὰ,</span> <span class='ocrx_word' id='word_1_145' title='bbox 539 1203 597 1242; x_wconf 80' lang='grc' dir='ltr'>ἐπὶ</span> <span class='ocrx_word' id='word_1_146' title='bbox 619 1203 681 1250; x_wconf 84' lang='grc' dir='ltr'>τὴν</span> <span class='ocrx_word' id='word_1_147' title='bbox 702 1202 956 1255; x_wconf 84' lang='grc' dir='ltr'>Ἀλεξάνδρειαν</span> <span class='ocrx_word' id='word_1_148' title='bbox 977 1201 1176 1248; x_wconf 79' lang='grc' dir='ltr'>ἐστέλλετο,</span> 
     </span>
     <span class='ocr_line' id='line_1_19' title="bbox 135 1260 1178 1316; baseline -0.002 -14"><span class='ocrx_word' id='word_1_149' title='bbox 135 1265 308 1316; x_wconf 89' lang='grc' dir='ltr'>πρόφασιν</span> <span class='ocrx_word' id='word_1_150' title='bbox 327 1262 530 1313; x_wconf 80' lang='grc' dir='ltr'>ποιούμενος</span> <span class='ocrx_word' id='word_1_151' title='bbox 542 1262 658 1300; x_wconf 80' lang='grc' dir='ltr'>ποθεῖν</span> <span class='ocrx_word' id='word_1_152' title='bbox 673 1261 734 1308; x_wconf 80' lang='grc' dir='ltr'>τὴν</span> <span class='ocrx_word' id='word_1_153' title='bbox 752 1260 973 1314; x_wconf 81' lang='grc' dir='ltr'>Ἀλεξάνδρου</span> <span class='ocrx_word' id='word_1_154' title='bbox 987 1260 1101 1299; x_wconf 91' lang='grc' dir='ltr'>πόλιν.</span> <span class='ocrx_word' id='word_1_155' title='bbox 1118 1260 1178 1305; x_wconf 87' lang='grc' dir='ltr'>Ὡς</span> 
     </span>
     <span class='ocr_line' id='line_1_20' title="bbox 135 1318 1175 1373; baseline -0.004 -13"><span class='ocrx_word' id='word_1_156' title='bbox 135 1322 169 1360; x_wconf 83' lang='grc' dir='ltr'>δὲ</span> <span class='ocrx_word' id='word_1_157' title='bbox 190 1322 371 1368; x_wconf 79' lang='grc' dir='ltr'>εἰσήλασεν</span> <span class='ocrx_word' id='word_1_158' title='bbox 391 1323 425 1359; x_wconf 92' lang='grc' dir='ltr'>ἐν</span> <span class='ocrx_word' id='word_1_159' title='bbox 446 1322 534 1373; x_wconf 76' lang='grc' dir='ltr'>αὐτῇ</span> <span class='ocrx_word' id='word_1_160' title='bbox 555 1320 616 1359; x_wconf 75' lang='grc' dir='ltr'>σὺν</span> <span class='ocrx_word' id='word_1_161' title='bbox 639 1320 744 1358; x_wconf 82' lang='grc' dir='ltr'>παντὶ</span> <span class='ocrx_word' id='word_1_162' title='bbox 765 1322 814 1373; x_wconf 82' lang='grc' dir='ltr'>τῷ</span> <span class='ocrx_word' id='word_1_163' title='bbox 831 1321 988 1372; x_wconf 81' lang='grc' dir='ltr'>στρατῷ,</span> <span class='ocrx_word' id='word_1_164' title='bbox 1003 1318 1175 1371; x_wconf 75' lang='grc' dir='ltr'>ὑπεδέχθη</span> 
     </span>
     <span class='ocr_line' id='line_1_21' title="bbox 133 1377 1178 1433; baseline -0.004 -14"><span class='ocrx_word' id='word_1_165' title='bbox 133 1380 230 1433; x_wconf 84' lang='grc' dir='ltr'>παρὰ</span> <span class='ocrx_word' id='word_1_166' title='bbox 250 1382 317 1418; x_wconf 87' lang='grc' dir='ltr'>τῶν</span> <span class='ocrx_word' id='word_1_167' title='bbox 334 1378 595 1432; x_wconf 82' lang='grc' dir='ltr'>Ἀλεξανδρέων,</span> <span class='ocrx_word' id='word_1_168' title='bbox 617 1381 662 1422; x_wconf 83' lang='grc' dir='ltr'>ὡς</span> <span class='ocrx_word' id='word_1_169' title='bbox 680 1378 778 1417; x_wconf 87' lang='grc' dir='ltr'>οὔπω</span> <span class='ocrx_word' id='word_1_170' title='bbox 794 1395 844 1421; x_wconf 87' lang='grc' dir='ltr'>τις</span> <span class='ocrx_word' id='word_1_171' title='bbox 866 1377 1036 1430; x_wconf 86' lang='grc' dir='ltr'>βασιλέων</span> <span class='ocrx_word' id='word_1_172' title='bbox 1052 1377 1178 1430; x_wconf 70' lang='grc' dir='ltr'>πρότε·ι</span> 
     </span>
     <span class='ocr_line' id='line_1_22' title="bbox 134 1435 1174 1490; baseline -0.003 -14"><span class='ocrx_word' id='word_1_173' title='bbox 134 1453 204 1490; x_wconf 87' lang='grc' dir='ltr'>ρον.</span> <span class='ocrx_word' id='word_1_174' title='bbox 227 1438 298 1477; x_wconf 82' lang='grc' dir='ltr'>Καὶ</span> <span class='ocrx_word' id='word_1_175' title='bbox 318 1437 424 1476; x_wconf 82' lang='grc' dir='ltr'>ἐλθὼν</span> <span class='ocrx_word' id='word_1_176' title='bbox 439 1439 485 1481; x_wconf 89' lang='grc' dir='ltr'>εἷς</span> <span class='ocrx_word' id='word_1_177' title='bbox 499 1437 537 1475; x_wconf 86' lang='grc' dir='ltr'>τὸ</span> <span class='ocrx_word' id='word_1_178' title='bbox 553 1437 775 1490; x_wconf 80' lang='grc' dir='ltr'>Ἀλεξάνδρου</span> <span class='ocrx_word' id='word_1_179' title='bbox 795 1440 916 1486; x_wconf 80' lang='grc' dir='ltr'>μνῆμα</span> <span class='ocrx_word' id='word_1_180' title='bbox 927 1467 936 1484; x_wconf 94' lang='grc'>,</span> <span class='ocrx_word' id='word_1_181' title='bbox 954 1435 1016 1482; x_wconf 80' lang='grc' dir='ltr'>τήν</span> <span class='ocrx_word' id='word_1_182' title='bbox 1032 1451 1069 1474; x_wconf 91' lang='grc' dir='ltr'>τε</span> <span class='ocrx_word' id='word_1_183' title='bbox 1086 1437 1174 1487; x_wconf 81' lang='grc' dir='ltr'>χλα-</span> 
     </span>
     <span class='ocr_line' id='line_1_23' title="bbox 134 1493 1173 1549; baseline -0.004 -14"><span class='ocrx_word' id='word_1_184' title='bbox 134 1496 226 1546; x_wconf 88' lang='grc' dir='ltr'>μύδα</span> <span class='ocrx_word' id='word_1_185' title='bbox 255 1497 297 1543; x_wconf 78' lang='grc' dir='ltr'>ἣν</span> <span class='ocrx_word' id='word_1_186' title='bbox 333 1495 446 1549; x_wconf 85' lang='grc' dir='ltr'>ἐφόρει</span> <span class='ocrx_word' id='word_1_187' title='bbox 481 1495 540 1534; x_wconf 82' lang='grc' dir='ltr'>καὶ</span> <span class='ocrx_word' id='word_1_188' title='bbox 576 1495 633 1534; x_wconf 85' lang='grc' dir='ltr'>τὸν</span> <span class='ocrx_word' id='word_1_189' title='bbox 669 1494 852 1533; x_wconf 84' lang='grc' dir='ltr'>δακτύλιον</span> <span class='ocrx_word' id='word_1_190' title='bbox 890 1494 948 1532; x_wconf 81' lang='grc' dir='ltr'>καὶ</span> <span class='ocrx_word' id='word_1_191' title='bbox 973 1493 1036 1540; x_wconf 83' lang='grc' dir='ltr'>τὴν</span> <span class='ocrx_word' id='word_1_192' title='bbox 1061 1493 1173 1540; x_wconf 88' lang='grc' dir='ltr'>ζώνην</span> 
     </span>
     <span class='ocr_line' id='line_1_24' title="bbox 133 1551 1175 1605; baseline -0.003 -13"><span class='ocrx_word' id='word_1_193' title='bbox 133 1555 192 1592; x_wconf 80' lang='grc' dir='ltr'>καὶ</span> <span class='ocrx_word' id='word_1_194' title='bbox 212 1553 244 1592; x_wconf 86' lang='grc' dir='ltr'>εἴ</span> <span class='ocrx_word' id='word_1_195' title='bbox 266 1570 299 1592; x_wconf 89' lang='grc' dir='ltr'>τι</span> <span class='ocrx_word' id='word_1_196' title='bbox 324 1553 526 1601; x_wconf 82' lang='grc' dir='ltr'>πολυτελὲς,</span> <span class='ocrx_word' id='word_1_197' title='bbox 553 1552 794 1605; x_wconf 83' lang='grc' dir='ltr'>περιελόμενος</span> <span class='ocrx_word' id='word_1_198' title='bbox 813 1551 959 1598; x_wconf 83' lang='grc' dir='ltr'>ἐπέθηκε</span> <span class='ocrx_word' id='word_1_199' title='bbox 978 1555 1020 1604; x_wconf 83' lang='grc' dir='ltr'>τῇ</span> <span class='ocrx_word' id='word_1_200' title='bbox 1047 1551 1175 1590; x_wconf 88' lang='grc' dir='ltr'>ἐκείνου</span> 
     </span>
     <span class='ocr_line' id='line_1_25' title="bbox 133 1610 1174 1664; baseline -0.002 -14"><span class='ocrx_word' id='word_1_201' title='bbox 133 1615 238 1664; x_wconf 81' lang='grc' dir='ltr'>σορῷ.</span> <span class='ocrx_word' id='word_1_202' title='bbox 261 1612 307 1652; x_wconf 88' lang='grc' dir='ltr'>Ὁ</span> <span class='ocrx_word' id='word_1_203' title='bbox 327 1612 361 1650; x_wconf 86' lang='grc' dir='ltr'>δὲ</span> <span class='ocrx_word' id='word_1_204' title='bbox 379 1613 485 1663; x_wconf 76' lang='grc' dir='ltr'>δῆμος</span> <span class='ocrx_word' id='word_1_205' title='bbox 500 1613 587 1664; x_wconf 86' lang='grc' dir='ltr'>ὁρῶν</span> <span class='ocrx_word' id='word_1_206' title='bbox 605 1611 811 1663; x_wconf 78' lang='grc' dir='ltr'>ὑπερέχαιρε</span> <span class='ocrx_word' id='word_1_207' title='bbox 833 1610 1049 1662; x_wconf 82' lang='grc' dir='ltr'>παννυχίζων</span> <span class='ocrx_word' id='word_1_208' title='bbox 1063 1625 1100 1648; x_wconf 92' lang='grc' dir='ltr'>τε</span> <span class='ocrx_word' id='word_1_209' title='bbox 1116 1610 1174 1648; x_wconf 86' lang='grc' dir='ltr'>καὶ</span> 
     </span>
     <span class='ocr_line' id='line_1_26' title="bbox 133 1667 1171 1722; baseline -0.002 -14"><span class='ocrx_word' id='word_1_210' title='bbox 133 1671 320 1722; x_wconf 79' lang='grc' dir='ltr'>ἑορτάζων,</span> <span class='ocrx_word' id='word_1_211' title='bbox 343 1671 405 1708; x_wconf 76' lang='grc' dir='ltr'>οὐκ</span> <span class='ocrx_word' id='word_1_212' title='bbox 427 1669 523 1713; x_wconf 86' lang='grc' dir='ltr'>εἰδὼς</span> <span class='ocrx_word' id='word_1_213' title='bbox 542 1668 604 1716; x_wconf 78' lang='grc' dir='ltr'>τὴν</span> <span class='ocrx_word' id='word_1_214' title='bbox 624 1668 743 1707; x_wconf 91' lang='grc' dir='ltr'>τούτου</span> <span class='ocrx_word' id='word_1_215' title='bbox 763 1669 996 1707; x_wconf 85' lang='grc' dir='ltr'>λανθάνουσαν</span> <span class='ocrx_word' id='word_1_216' title='bbox 1016 1667 1171 1719; x_wconf 86' lang='grc' dir='ltr'>γνώμην.</span> 
     </span>
     <span class='ocr_line' id='line_1_27' title="bbox 133 1726 1174 1781; baseline -0.003 -14"><span class='ocrx_word' id='word_1_217' title='bbox 133 1728 253 1778; x_wconf 76' lang='grc' dir='ltr'>’Ἔγνω</span> <span class='ocrx_word' id='word_1_218' title='bbox 269 1729 336 1781; x_wconf 80' lang='grc' dir='ltr'>γὰρ</span> <span class='ocrx_word' id='word_1_219' title='bbox 357 1730 391 1766; x_wconf 89' lang='grc' dir='ltr'>ἐν</span> <span class='ocrx_word' id='word_1_220' title='bbox 407 1732 449 1780; x_wconf 80' lang='grc' dir='ltr'>τῇ</span> <span class='ocrx_word' id='word_1_221' title='bbox 469 1727 594 1779; x_wconf 84' lang='grc' dir='ltr'>Ῥώμῃ</span> <span class='ocrx_word' id='word_1_222' title='bbox 610 1729 656 1771; x_wconf 86' lang='grc' dir='ltr'>ὡς</span> <span class='ocrx_word' id='word_1_223' title='bbox 674 1727 725 1765; x_wconf 77' lang='grc' dir='ltr'>ὅτι</span> <span class='ocrx_word' id='word_1_224' title='bbox 742 1726 855 1765; x_wconf 88' lang='grc' dir='ltr'>πολλὰ</span> <span class='ocrx_word' id='word_1_225' title='bbox 875 1727 920 1770; x_wconf 83' lang='grc' dir='ltr'>εἷς</span> <span class='ocrx_word' id='word_1_226' title='bbox 940 1726 1042 1764; x_wconf 82' lang='grc' dir='ltr'>αὐτόν</span> <span class='ocrx_word' id='word_1_227' title='bbox 1060 1741 1098 1764; x_wconf 92' lang='grc' dir='ltr'>τε</span> <span class='ocrx_word' id='word_1_228' title='bbox 1115 1726 1174 1764; x_wconf 82' lang='grc' dir='ltr'>καὶ</span> 
     </span>
     <span class='ocr_line' id='line_1_28' title="bbox 134 1784 1174 1839; baseline -0.002 -15"><span class='ocrx_word' id='word_1_229' title='bbox 134 1787 196 1833; x_wconf 83' lang='grc' dir='ltr'>τὴν</span> <span class='ocrx_word' id='word_1_230' title='bbox 219 1787 353 1839; x_wconf 85' lang='grc' dir='ltr'>μητέρα</span> <span class='ocrx_word' id='word_1_231' title='bbox 380 1786 608 1839; x_wconf 79' lang='grc' dir='ltr'>ἀπέσκωψαν.</span> <span class='ocrx_word' id='word_1_232' title='bbox 631 1786 793 1838; x_wconf 87' lang='grc' dir='ltr'>Ὀργίλος</span> <span class='ocrx_word' id='word_1_233' title='bbox 811 1801 848 1823; x_wconf 91' lang='grc' dir='ltr'>τε</span> <span class='ocrx_word' id='word_1_234' title='bbox 867 1784 914 1822; x_wconf 86' lang='grc' dir='ltr'>ὢν</span> <span class='ocrx_word' id='word_1_235' title='bbox 941 1784 1041 1837; x_wconf 87' lang='grc' dir='ltr'>φύσει</span> <span class='ocrx_word' id='word_1_236' title='bbox 1060 1787 1077 1822; x_wconf 83' lang='grc' dir='ltr'><strong><em>ὃ</em></strong></span> <span class='ocrx_word' id='word_1_237' title='bbox 1095 1785 1174 1823; x_wconf 89' lang='grc' dir='ltr'>Ἀν-</span> 
     </span>
     <span class='ocr_line' id='line_1_29' title="bbox 133 1838 1174 1894; baseline 0.001 -12"><span class='ocrx_word' id='word_1_238' title='bbox 133 1842 289 1892; x_wconf 78' lang='grc' dir='ltr'>τωνῖνος,</span> <span class='ocrx_word' id='word_1_239' title='bbox 311 1848 357 1889; x_wconf 82' lang='grc' dir='ltr'>ὡς</span> <span class='ocrx_word' id='word_1_240' title='bbox 386 1838 454 1882; x_wconf 69' lang='grc' dir='ltr'>εἶδε</span> <span class='ocrx_word' id='word_1_241' title='bbox 473 1850 590 1882; x_wconf 81' lang='grc' dir='ltr'>πᾶσαν</span> <span class='ocrx_word' id='word_1_242' title='bbox 610 1843 673 1890; x_wconf 83' lang='grc' dir='ltr'>τὴν</span> <span class='ocrx_word' id='word_1_243' title='bbox 702 1843 802 1881; x_wconf 91' lang='grc' dir='ltr'>πόλιν</span> <span class='ocrx_word' id='word_1_244' title='bbox 830 1843 982 1890; x_wconf 81' lang='grc' dir='ltr'>πλήθους</span> <span class='ocrx_word' id='word_1_245' title='bbox 1012 1843 1174 1894; x_wconf 88' lang='grc' dir='ltr'>μεγίστου</span> 
     </span>
     <span class='ocr_line' id='line_1_30' title="bbox 133 1900 1174 1955; baseline -0.001 -15"><span class='ocrx_word' id='word_1_246' title='bbox 133 1902 426 1954; x_wconf 82' lang='grc' dir='ltr'>πεπληρωμένην,</span> <span class='ocrx_word' id='word_1_247' title='bbox 447 1902 503 1940; x_wconf 79' lang='grc' dir='ltr'>διὰ</span> <span class='ocrx_word' id='word_1_248' title='bbox 523 1901 797 1955; x_wconf 83' lang='grc' dir='ltr'>προγράμματος</span> <span class='ocrx_word' id='word_1_249' title='bbox 815 1900 878 1948; x_wconf 76' lang='grc' dir='ltr'>τὴν</span> <span class='ocrx_word' id='word_1_250' title='bbox 898 1901 1056 1939; x_wconf 89' lang='grc' dir='ltr'>νεολαίαν</span> <span class='ocrx_word' id='word_1_251' title='bbox 1076 1900 1123 1945; x_wconf 86' lang='grc' dir='ltr'>εἴς</span> <span class='ocrx_word' id='word_1_252' title='bbox 1141 1916 1174 1939; x_wconf 90' lang='grc' dir='ltr'>τι</span> 
     </span>
     <span class='ocr_line' id='line_1_31' title="bbox 133 1958 1175 2012; baseline -0.001 -14"><span class='ocrx_word' id='word_1_253' title='bbox 133 1960 250 1999; x_wconf 82' lang='grc' dir='ltr'>πεδίον</span> <span class='ocrx_word' id='word_1_254' title='bbox 270 1960 403 1998; x_wconf 84' lang='grc' dir='ltr'>κελεύει</span> <span class='ocrx_word' id='word_1_255' title='bbox 435 1962 622 2009; x_wconf 85' lang='grc' dir='ltr'>συνελθεῖν,</span> <span class='ocrx_word' id='word_1_256' title='bbox 651 1960 763 2012; x_wconf 85' lang='grc' dir='ltr'>φήσας</span> <span class='ocrx_word' id='word_1_257' title='bbox 794 1962 840 2003; x_wconf 85' lang='grc' dir='ltr'>εἷς</span> <span class='ocrx_word' id='word_1_258' title='bbox 859 1958 923 2006; x_wconf 79' lang='grc' dir='ltr'>τὴν</span> <span class='ocrx_word' id='word_1_259' title='bbox 955 1959 1175 2011; x_wconf 83' lang='grc' dir='ltr'>Ἀλεξάνδρου</span> 
     </span>
     <span class='ocr_line' id='line_1_32' title="bbox 133 2017 1173 2072; baseline -0.001 -15"><span class='ocrx_word' id='word_1_260' title='bbox 133 2018 236 2068; x_wconf 79' lang='grc' dir='ltr'>τιμὴν</span> <span class='ocrx_word' id='word_1_261' title='bbox 253 2020 418 2072; x_wconf 82' lang='grc' dir='ltr'>φάλαγγα</span> <span class='ocrx_word' id='word_1_262' title='bbox 437 2018 620 2072; x_wconf 86' lang='grc' dir='ltr'>βούλεσθαι</span> <span class='ocrx_word' id='word_1_263' title='bbox 636 2017 888 2064; x_wconf 85' lang='grc' dir='ltr'>συστήσασθαι.</span> <span class='ocrx_word' id='word_1_264' title='bbox 901 2017 1053 2061; x_wconf 84' lang='grc' dir='ltr'>Ταύταις</span> <span class='ocrx_word' id='word_1_265' title='bbox 1070 2019 1173 2056; x_wconf 75' lang='grc' dir='ltr'>αὐτοῦ</span> 
     </span>
     <span class='ocr_line' id='line_1_33' title="bbox 132 2075 1174 2129; baseline -0.001 -14"><span class='ocrx_word' id='word_1_266' title='bbox 132 2078 206 2121; x_wconf 86' lang='grc' dir='ltr'>ταῖς</span> <span class='ocrx_word' id='word_1_267' title='bbox 226 2077 436 2129; x_wconf 80' lang='grc' dir='ltr'>ὑποσχέσεσι</span> <span class='ocrx_word' id='word_1_268' title='bbox 456 2077 650 2121; x_wconf 90' lang='grc' dir='ltr'>πεισθέντες</span> <span class='ocrx_word' id='word_1_269' title='bbox 668 2078 699 2115; x_wconf 79' lang='grc' dir='ltr'>οἱ</span> <span class='ocrx_word' id='word_1_270' title='bbox 727 2076 796 2115; x_wconf 89' lang='grc' dir='ltr'>νέοι</span> <span class='ocrx_word' id='word_1_271' title='bbox 816 2077 981 2123; x_wconf 76' lang='grc' dir='ltr'>συνῆλθον</span> <span class='ocrx_word' id='word_1_272' title='bbox 1003 2075 1077 2126; x_wconf 80' lang='grc' dir='ltr'>ἅμα</span> <span class='ocrx_word' id='word_1_273' title='bbox 1105 2091 1174 2127; x_wconf 92' lang='grc' dir='ltr'>γο-</span> 
     </span>
     <span class='ocr_line' id='line_1_34' title="bbox 132 2134 1171 2189; baseline -0.001 -15"><span class='ocrx_word' id='word_1_274' title='bbox 132 2140 226 2174; x_wconf 72' lang='grc' dir='ltr'>νεῦσι</span> <span class='ocrx_word' id='word_1_275' title='bbox 253 2136 312 2175; x_wconf 82' lang='grc' dir='ltr'>καὶ</span> <span class='ocrx_word' id='word_1_276' title='bbox 334 2137 491 2189; x_wconf 73' lang='grc' dir='ltr'>ἀδελφοῖς</span> <span class='ocrx_word' id='word_1_277' title='bbox 518 2135 758 2187; x_wconf 87' lang='grc' dir='ltr'>συνηδομένοις</span> <span class='ocrx_word' id='word_1_278' title='bbox 777 2136 889 2173; x_wconf 74' lang='grc' dir='ltr'>αὐτῶν</span> <span class='ocrx_word' id='word_1_279' title='bbox 922 2135 998 2178; x_wconf 81' lang='grc' dir='ltr'>ταῖς</span> <span class='ocrx_word' id='word_1_280' title='bbox 1022 2134 1171 2174; x_wconf 87' lang='grc' dir='ltr'>ἐλπίσιν.</span> 
     </span>
     <span class='ocr_line' id='line_1_35' title="bbox 133 2189 1172 2245; baseline -0.003 -12"><span class='ocrx_word' id='word_1_281' title='bbox 133 2194 178 2233; x_wconf 90' lang='lat' dir='ltr'>‘O</span> <span class='ocrx_word' id='word_1_282' title='bbox 201 2193 236 2232; x_wconf 84' lang='grc' dir='ltr'>δὲ</span> <span class='ocrx_word' id='word_1_283' title='bbox 262 2195 457 2238; x_wconf 82' lang='grc' dir='ltr'>Ἀντωνῖνος</span> <span class='ocrx_word' id='word_1_284' title='bbox 484 2196 530 2238; x_wconf 80' lang='grc' dir='ltr'>ὡς</span> <span class='ocrx_word' id='word_1_285' title='bbox 551 2189 637 2232; x_wconf 63' lang='grc' dir='ltr'>εἶδεν</span> <span class='ocrx_word' id='word_1_286' title='bbox 669 2192 792 2237; x_wconf 74' lang='grc' dir='ltr'>αὖτοὺς</span> <span class='ocrx_word' id='word_1_287' title='bbox 820 2195 973 2236; x_wconf 81' lang='grc' dir='ltr'>ἑστῶτας</span> <span class='ocrx_word' id='word_1_288' title='bbox 995 2193 1172 2245; x_wconf 82' lang='grc' dir='ltr'>στιχηδὸν,</span> 
     </span>
     <span class='ocr_line' id='line_1_36' title="bbox 134 2246 1174 2306; baseline -0.002 -16"><span class='ocrx_word' id='word_1_289' title='bbox 134 2253 234 2296; x_wconf 77' lang='grc' dir='ltr'>αὐτὸς</span> <span class='ocrx_word' id='word_1_290' title='bbox 248 2252 309 2303; x_wconf 80' lang='grc' dir='ltr'>μὲν</span> <span class='ocrx_word' id='word_1_291' title='bbox 324 2252 489 2300; x_wconf 69' lang='grc' dir='ltr'>ὑπεξῆλθε</span> <span class='ocrx_word' id='word_1_292' title='bbox 508 2253 581 2303; x_wconf 80' lang='grc' dir='ltr'>μεθ’</span> <span class='ocrx_word' id='word_1_293' title='bbox 598 2248 638 2300; x_wconf 72' lang='grc' dir='ltr'>ἧς</span> <span class='ocrx_word' id='word_1_294' title='bbox 652 2246 723 2304; x_wconf 70' lang='grc' dir='ltr'>εἶχε</span> <span class='ocrx_word' id='word_1_295' title='bbox 739 2258 886 2306; x_wconf 82' lang='grc' dir='ltr'>φρουρᾶς</span> <span class='ocrx_word' id='word_1_296' title='bbox 898 2268 905 2276; x_wconf 95' lang='grc'><em>·</em></span> <span class='ocrx_word' id='word_1_297' title='bbox 921 2251 997 2295; x_wconf 80' lang='grc' dir='ltr'>τοὺς</span> <span class='ocrx_word' id='word_1_298' title='bbox 1013 2251 1049 2289; x_wconf 81' lang='grc' dir='ltr'>δὲ</span> <span class='ocrx_word' id='word_1_299' title='bbox 1067 2266 1174 2302; x_wconf 86' lang='grc' dir='ltr'>στρα-</span> 
     </span>
     <span class='ocr_line' id='line_1_37' title="bbox 132 2308 1174 2365; baseline -0.003 -16"><span class='ocrx_word' id='word_1_300' title='bbox 132 2310 257 2354; x_wconf 84' lang='grc' dir='ltr'>τιώτας</span> <span class='ocrx_word' id='word_1_301' title='bbox 273 2314 443 2365; x_wconf 74' lang='grc' dir='ltr'>ἐπαφῆκε,</span> <span class='ocrx_word' id='word_1_302' title='bbox 457 2311 516 2349; x_wconf 74' lang='grc' dir='ltr'>καὶ</span> <span class='ocrx_word' id='word_1_303' title='bbox 528 2317 645 2348; x_wconf 85' lang='grc' dir='ltr'>πᾶσαν</span> <span class='ocrx_word' id='word_1_304' title='bbox 658 2311 752 2362; x_wconf 84' lang='grc' dir='ltr'>[τὴν]</span> <span class='ocrx_word' id='word_1_305' title='bbox 761 2313 794 2348; x_wconf 85' lang='grc' dir='ltr'>ἐν</span> <span class='ocrx_word' id='word_1_306' title='bbox 807 2311 902 2363; x_wconf 87' lang='grc' dir='ltr'>μέσῳ</span> <span class='ocrx_word' id='word_1_307' title='bbox 916 2308 1075 2348; x_wconf 85' lang='grc' dir='ltr'>νεολαίαν</span> <span class='ocrx_word' id='word_1_308' title='bbox 1090 2324 1174 2347; x_wconf 85' lang='grc' dir='ltr'>συν-</span> 
     </span>
     <span class='ocr_line' id='line_1_38' title="bbox 133 2367 1173 2422; baseline 0 -17"><span class='ocrx_word' id='word_1_309' title='bbox 133 2368 267 2422; x_wconf 78' lang='grc' dir='ltr'>έκοψεν.</span> <span class='ocrx_word' id='word_1_310' title='bbox 288 2370 364 2408; x_wconf 80' lang='grc' dir='ltr'>Οὔκ</span> <span class='ocrx_word' id='word_1_311' title='bbox 390 2368 497 2418; x_wconf 87' lang='grc' dir='ltr'>ὀλίγοι</span> <span class='ocrx_word' id='word_1_312' title='bbox 515 2369 549 2407; x_wconf 77' lang='grc' dir='ltr'>δὲ</span> <span class='ocrx_word' id='word_1_313' title='bbox 568 2367 626 2406; x_wconf 68' lang='grc' dir='ltr'>καῖΙ</span> <span class='ocrx_word' id='word_1_314' title='bbox 653 2370 720 2406; x_wconf 89' lang='grc' dir='ltr'>τῶν</span> <span class='ocrx_word' id='word_1_315' title='bbox 741 2370 961 2420; x_wconf 86' lang='grc' dir='ltr'>στρατιωτῶν</span> <span class='ocrx_word' id='word_1_316' title='bbox 981 2367 1173 2406; x_wconf 83' lang='grc' dir='ltr'>ἀπώλοντο.</span> 
     </span>
     <span class='ocr_line' id='line_1_39' title="bbox 131 2426 1174 2478; baseline -0.002 -13"><span class='ocrx_word' id='word_1_317' title='bbox 131 2429 165 2465; x_wconf 91' lang='grc' dir='ltr'>Τ</span> <span class='ocrx_word' id='word_1_318' title='bbox 168 2431 305 2470; x_wconf 74' lang='grc' dir='ltr'>οσοῧτος</span> <span class='ocrx_word' id='word_1_319' title='bbox 323 2426 358 2464; x_wconf 80' lang='grc' dir='ltr'>δὲ</span> <span class='ocrx_word' id='word_1_320' title='bbox 375 2426 508 2477; x_wconf 87' lang='grc' dir='ltr'>ἐγένετο</span> <span class='ocrx_word' id='word_1_321' title='bbox 519 2426 616 2478; x_wconf 85' lang='grc' dir='ltr'>φόνος</span> <span class='ocrx_word' id='word_1_322' title='bbox 634 2428 679 2470; x_wconf 81' lang='grc' dir='ltr'>ὡς</span> <span class='ocrx_word' id='word_1_323' title='bbox 694 2426 753 2464; x_wconf 79' lang='grc' dir='ltr'>καὶ</span> <span class='ocrx_word' id='word_1_324' title='bbox 771 2426 883 2464; x_wconf 86' lang='grc' dir='ltr'>πάντα</span> <span class='ocrx_word' id='word_1_325' title='bbox 895 2426 951 2464; x_wconf 82' lang='grc' dir='ltr'>τὸν</span> <span class='ocrx_word' id='word_1_326' title='bbox 965 2427 1090 2465; x_wconf 61' lang='grc' dir='ltr'>Νεῖλον</span> <span class='ocrx_word' id='word_1_327' title='bbox 1109 2426 1174 2463; x_wconf 79' lang='grc' dir='ltr'>ὑπὸ</span> 
     </span>
     <span class='ocr_line' id='line_1_40' title="bbox 132 2483 1174 2536; baseline -0.002 -13"><span class='ocrx_word' id='word_1_328' title='bbox 132 2489 191 2523; x_wconf 74' lang='grc' dir='ltr'>τοῦ</span> <span class='ocrx_word' id='word_1_329' title='bbox 213 2485 359 2535; x_wconf 73' lang='grc' dir='ltr'>αἵματος</span> <span class='ocrx_word' id='word_1_330' title='bbox 386 2488 616 2536; x_wconf 76' lang='grc' dir='ltr'>φοινιχθῆναι.</span> <span class='ocrx_word' id='word_1_331' title='bbox 651 2484 808 2523; x_wconf 80' lang='grc' dir='ltr'>Τοιαῧτά</span> <span class='ocrx_word' id='word_1_332' title='bbox 839 2499 916 2522; x_wconf 89' lang='grc' dir='ltr'>τινα</span> <span class='ocrx_word' id='word_1_333' title='bbox 942 2483 1174 2536; x_wconf 88' lang='grc' dir='ltr'>ἐργασάμενος</span> 
     </span>
     <span class='ocr_line' id='line_1_41' title="bbox 133 2542 1174 2595; baseline -0.002 -14"><span class='ocrx_word' id='word_1_334' title='bbox 133 2544 236 2582; x_wconf 90' lang='grc' dir='ltr'>πάλιν</span> <span class='ocrx_word' id='word_1_335' title='bbox 255 2545 300 2586; x_wconf 89' lang='grc' dir='ltr'>εἷς</span> <span class='ocrx_word' id='word_1_336' title='bbox 320 2543 529 2594; x_wconf 83' lang='grc' dir='ltr'>Ἀντιόχειαν</span> <span class='ocrx_word' id='word_1_337' title='bbox 548 2542 704 2595; x_wconf 87' lang='grc' dir='ltr'>ἀφίκετο.</span> <span class='ocrx_word' id='word_1_338' title='bbox 727 2542 796 2581; x_wconf 66' lang='grc' dir='ltr'>Καὶ</span> <span class='ocrx_word' id='word_1_339' title='bbox 818 2542 905 2592; x_wconf 82' lang='grc' dir='ltr'>μετὰ</span> <span class='ocrx_word' id='word_1_340' title='bbox 925 2542 964 2581; x_wconf 80' lang='grc' dir='ltr'>τὸ</span> <span class='ocrx_word' id='word_1_341' title='bbox 980 2542 1174 2595; x_wconf 82' lang='grc' dir='ltr'>ψεύσασθαι</span> 
     </span>
     <span class='ocr_line' id='line_1_42' title="bbox 132 2600 1170 2654; baseline 0 -16"><span class='ocrx_word' id='word_1_342' title='bbox 132 2603 190 2639; x_wconf 86' lang='grc' dir='ltr'>τὸν</span> <span class='ocrx_word' id='word_1_343' title='bbox 203 2601 313 2652; x_wconf 89' lang='grc' dir='ltr'>γάμον</span> <span class='ocrx_word' id='word_1_344' title='bbox 325 2605 383 2639; x_wconf 81' lang='grc' dir='ltr'>τοῦ</span> <span class='ocrx_word' id='word_1_345' title='bbox 395 2600 596 2654; x_wconf 89' lang='grc' dir='ltr'>Παρθυαίου</span> <span class='ocrx_word' id='word_1_346' title='bbox 612 2600 779 2652; x_wconf 74' lang='grc' dir='ltr'>διέτριὸεν</span> <span class='ocrx_word' id='word_1_347' title='bbox 795 2603 828 2638; x_wconf 87' lang='grc' dir='ltr'>ἐν</span> <span class='ocrx_word' id='word_1_348' title='bbox 842 2604 884 2653; x_wconf 83' lang='grc' dir='ltr'>τῇ</span> <span class='ocrx_word' id='word_1_349' title='bbox 899 2600 1170 2652; x_wconf 82' lang='grc' dir='ltr'>Μεσοποταμίᾳ,</span> 
     </span>
     <span class='ocr_line' id='line_1_43' title="bbox 133 2658 1174 2712; baseline -0.002 -14"><span class='ocrx_word' id='word_1_350' title='bbox 133 2660 320 2711; x_wconf 75' lang='grc' dir='ltr'>ἡνιοχείαις</span> <span class='ocrx_word' id='word_1_351' title='bbox 346 2660 406 2698; x_wconf 73' lang='grc' dir='ltr'>καὶ</span> <span class='ocrx_word' id='word_1_352' title='bbox 437 2659 562 2712; x_wconf 90' lang='grc' dir='ltr'>θηρίων</span> <span class='ocrx_word' id='word_1_353' title='bbox 595 2659 775 2711; x_wconf 83' lang='grc' dir='ltr'>σχολάζων</span> <span class='ocrx_word' id='word_1_354' title='bbox 808 2665 973 2712; x_wconf 76' lang='grc' dir='ltr'>σφαγαῖς,</span> <span class='ocrx_word' id='word_1_355' title='bbox 1002 2659 1072 2696; x_wconf 85' lang='grc' dir='ltr'>δύω</span> <span class='ocrx_word' id='word_1_356' title='bbox 1097 2658 1174 2702; x_wconf 76' lang='grc' dir='ltr'>τοὺς</span> 
     </span>
     <span class='ocr_line' id='line_1_44' title="bbox 133 2716 1174 2770; baseline -0.002 -13"><span class='ocrx_word' id='word_1_357' title='bbox 133 2718 374 2770; x_wconf 73' lang='grc' dir='ltr'>στρατοπέδων</span> <span class='ocrx_word' id='word_1_358' title='bbox 394 2717 565 2770; x_wconf 85' lang='grc' dir='ltr'>ἐπάρχους</span> <span class='ocrx_word' id='word_1_359' title='bbox 584 2717 672 2769; x_wconf 85' lang='grc' dir='ltr'>ἔχων</span> <span class='ocrx_word' id='word_1_360' title='bbox 689 2717 761 2767; x_wconf 88' lang='grc' dir='ltr'>ἅμα</span> <span class='ocrx_word' id='word_1_361' title='bbox 774 2747 784 2764; x_wconf 95' lang='grc'>,</span> <span class='ocrx_word' id='word_1_362' title='bbox 802 2716 997 2756; x_wconf 85' lang='grc' dir='ltr'>Ἀδούεντον</span> <span class='ocrx_word' id='word_1_363' title='bbox 1019 2716 1078 2754; x_wconf 81' lang='grc' dir='ltr'>καὶ</span> <span class='ocrx_word' id='word_1_364' title='bbox 1096 2719 1174 2755; x_wconf 92' lang='grc' dir='ltr'>Μα-</span> 
     </span>
     <span class='ocr_line' id='line_1_45' title="bbox 133 2774 1171 2830; baseline -0.004 -15"><span class='ocrx_word' id='word_1_365' title='bbox 133 2783 262 2829; x_wconf 82' lang='grc' dir='ltr'>κρῖνον.</span> <span class='ocrx_word' id='word_1_366' title='bbox 284 2776 328 2816; x_wconf 88' lang='grc' dir='ltr'>Ὁ</span> <span class='ocrx_word' id='word_1_367' title='bbox 347 2776 408 2828; x_wconf 82' lang='grc' dir='ltr'>μὲν</span> <span class='ocrx_word' id='word_1_368' title='bbox 425 2777 490 2830; x_wconf 86' lang='grc' dir='ltr'>γὰρ</span> <span class='ocrx_word' id='word_1_369' title='bbox 507 2776 765 2828; x_wconf 82' lang='grc' dir='ltr'>στρατιωτικὸς,</span> <span class='ocrx_word' id='word_1_370' title='bbox 784 2778 802 2813; x_wconf 86' lang='grc' dir='ltr'>ὁ</span> <span class='ocrx_word' id='word_1_371' title='bbox 818 2774 853 2814; x_wconf 80' lang='grc' dir='ltr'>δὲ</span> <span class='ocrx_word' id='word_1_372' title='bbox 866 2774 1014 2827; x_wconf 88' lang='grc' dir='ltr'>λογικός.</span> <span class='ocrx_word' id='word_1_373' title='bbox 1034 2774 1097 2813; x_wconf 82' lang='grc' dir='ltr'>Διὸ</span> <span class='ocrx_word' id='word_1_374' title='bbox 1112 2774 1171 2812; x_wconf 86' lang='grc' dir='ltr'>καὶ</span> 
     </span>
    </p>
   </div>
   <div class='ocr_carea' id='block_1_5' title="bbox 1719 445 1803 482">
    <p class='ocr_par' dir='ltr' id='par_1_5' title="bbox 1719 445 1803 482">
     <span class='ocr_line' id='line_1_46' title="bbox 1719 445 1803 482; baseline 0 -2"><span class='ocrx_word' id='word_1_375' title='bbox 1719 445 1803 482; x_wconf 78' lang='lat'>133.</span> 
     </span>
    </p>
   </div>
   <div class='ocr_carea' id='block_1_6' title="bbox 1233 522 2280 2320">
    <p class='ocr_par' dir='ltr' id='par_1_6' title="bbox 1233 522 2280 1668">
     <span class='ocr_line' id='line_1_47' title="bbox 1291 522 2276 578; baseline 0.005 -18"><span class='ocrx_word' id='word_1_376' title='bbox 1291 526 1381 561; x_wconf 83' lang='lat' dir='ltr'>Exc.</span> <span class='ocrx_word' id='word_1_377' title='bbox 1403 526 1460 560; x_wconf 87' lang='lat' dir='ltr'>De</span> <span class='ocrx_word' id='word_1_378' title='bbox 1478 525 1543 559; x_wconf 85' lang='lat' dir='ltr'>ins.</span> <span class='ocrx_word' id='word_1_379' title='bbox 1561 537 1600 573; x_wconf 90' lang='lat' dir='ltr'>p.</span> <span class='ocrx_word' id='word_1_380' title='bbox 1625 525 1688 567; x_wconf 76' lang='lat'>43.</span> <span class='ocrx_word' id='word_1_381' title='bbox 1706 522 1791 563; x_wconf 77' lang='grc' dir='ltr'>&lt;Ὀτι</span> <span class='ocrx_word' id='word_1_382' title='bbox 1811 523 1878 563; x_wconf 88' lang='grc' dir='ltr'>ἔδει</span> <span class='ocrx_word' id='word_1_383' title='bbox 1896 525 1955 563; x_wconf 84' lang='grc' dir='ltr'>τὸν</span> <span class='ocrx_word' id='word_1_384' title='bbox 1977 525 2177 565; x_wconf 84' lang='grc' dir='ltr'>Ἀντωνίνου</span> <span class='ocrx_word' id='word_1_385' title='bbox 2203 526 2276 578; x_wconf 89' lang='grc' dir='ltr'>βίον</span> 
     </span>
     <span class='ocr_line' id='line_1_48' title="bbox 1238 580 2277 634; baseline 0.005 -16"><span class='ocrx_word' id='word_1_386' title='bbox 1238 580 1334 624; x_wconf 89' lang='grc' dir='ltr'>τέλος</span> <span class='ocrx_word' id='word_1_387' title='bbox 1349 580 1470 618; x_wconf 69' lang='grc' dir='ltr'>λαὸεῖν</span> <span class='ocrx_word' id='word_1_388' title='bbox 1482 597 1490 606; x_wconf 88' lang='grc'><em>·</em></span> <span class='ocrx_word' id='word_1_389' title='bbox 1510 580 1774 633; x_wconf 89' lang='grc' dir='ltr'>περιεργότατος</span> <span class='ocrx_word' id='word_1_390' title='bbox 1792 581 1859 633; x_wconf 83' lang='grc' dir='ltr'>γὰρ</span> <span class='ocrx_word' id='word_1_391' title='bbox 1875 581 1938 632; x_wconf 83' lang='grc' dir='ltr'>ὢν,</span> <span class='ocrx_word' id='word_1_392' title='bbox 1965 583 2135 631; x_wconf 71' lang='grc' dir='ltr'>ἐδουλήθη</span> <span class='ocrx_word' id='word_1_393' title='bbox 2157 585 2277 634; x_wconf 79' lang='grc' dir='ltr'>μαθεῖν</span> 
     </span>
     <span class='ocr_line' id='line_1_49' title="bbox 1238 638 2278 690; baseline 0.006 -15"><span class='ocrx_word' id='word_1_394' title='bbox 1238 638 1295 676; x_wconf 86' lang='grc' dir='ltr'>τὸν</span> <span class='ocrx_word' id='word_1_395' title='bbox 1327 638 1401 689; x_wconf 86' lang='grc' dir='ltr'>μετ’</span> <span class='ocrx_word' id='word_1_396' title='bbox 1420 638 1521 676; x_wconf 78' lang='grc' dir='ltr'>αὐτὸν</span> <span class='ocrx_word' id='word_1_397' title='bbox 1556 638 1830 690; x_wconf 84' lang='grc' dir='ltr'>βασιλεύσοντα,</span> <span class='ocrx_word' id='word_1_398' title='bbox 1852 640 2054 678; x_wconf 75' lang='grc' dir='ltr'>ὑποπτεύων</span> <span class='ocrx_word' id='word_1_399' title='bbox 2080 657 2118 680; x_wconf 90' lang='grc' dir='ltr'>τε</span> <span class='ocrx_word' id='word_1_400' title='bbox 2145 642 2278 687; x_wconf 87' lang='grc' dir='ltr'>πάντας</span> 
     </span>
     <span class='ocr_line' id='line_1_50' title="bbox 1240 696 2279 752; baseline 0.004 -18"><span class='ocrx_word' id='word_1_401' title='bbox 1240 699 1334 749; x_wconf 84' lang='grc' dir='ltr'>αὐτῷ</span> <span class='ocrx_word' id='word_1_402' title='bbox 1353 697 1438 749; x_wconf 83' lang='grc' dir='ltr'>πρὸς</span> <span class='ocrx_word' id='word_1_403' title='bbox 1456 696 1638 735; x_wconf 84' lang='grc' dir='ltr'>κολακείαν</span> <span class='ocrx_word' id='word_1_404' title='bbox 1658 696 1900 748; x_wconf 84' lang='grc' dir='ltr'>θεσπίζοντας,</span> <span class='ocrx_word' id='word_1_405' title='bbox 1921 697 2114 736; x_wconf 86' lang='grc' dir='ltr'>ἐπιστέλλει</span> <span class='ocrx_word' id='word_1_406' title='bbox 2133 701 2279 752; x_wconf 57' lang='grc' dir='ltr'>Ματερὲ</span> 
     </span>
     <span class='ocr_line' id='line_1_51' title="bbox 1239 753 2280 810; baseline 0.004 -18"><span class='ocrx_word' id='word_1_407' title='bbox 1239 757 1344 807; x_wconf 83' lang='grc' dir='ltr'>νιανῷ</span> <span class='ocrx_word' id='word_1_408' title='bbox 1371 754 1455 801; x_wconf 84' lang='grc' dir='ltr'>τινὶ,</span> <span class='ocrx_word' id='word_1_409' title='bbox 1483 754 1561 792; x_wconf 88' lang='grc' dir='ltr'>τότε</span> <span class='ocrx_word' id='word_1_410' title='bbox 1579 753 1696 798; x_wconf 89' lang='grc' dir='ltr'>πάσας</span> <span class='ocrx_word' id='word_1_411' title='bbox 1724 756 1819 807; x_wconf 77' lang='grc' dir='ltr'>αὐτῷ</span> <span class='ocrx_word' id='word_1_412' title='bbox 1838 754 1898 798; x_wconf 84' lang='grc' dir='ltr'>τὰς</span> <span class='ocrx_word' id='word_1_413' title='bbox 1929 757 1964 793; x_wconf 87' lang='grc' dir='ltr'>ἐν</span> <span class='ocrx_word' id='word_1_414' title='bbox 1984 755 2108 808; x_wconf 82' lang='grc' dir='ltr'>Ῥώμῃ</span> <span class='ocrx_word' id='word_1_415' title='bbox 2138 757 2280 810; x_wconf 77' lang='grc' dir='ltr'>πράξεις</span> 
     </span>
     <span class='ocr_line' id='line_1_52' title="bbox 1239 807 2279 866; baseline 0.005 -16"><span class='ocrx_word' id='word_1_416' title='bbox 1239 810 1548 865; x_wconf 83' lang='grc' dir='ltr'>ἐγκεχειρισμένῳ,</span> <span class='ocrx_word' id='word_1_417' title='bbox 1567 812 1767 866; x_wconf 79' lang='grc' dir='ltr'>πιστοτάτῳ</span> <span class='ocrx_word' id='word_1_418' title='bbox 1786 829 1822 851; x_wconf 88' lang='grc' dir='ltr'>τε</span> <span class='ocrx_word' id='word_1_419' title='bbox 1849 807 1935 852; x_wconf 70' lang='grc' dir='ltr'>εἶναι</span> <span class='ocrx_word' id='word_1_420' title='bbox 1957 814 2130 863; x_wconf 75' lang='grc' dir='ltr'>δοκοῦντι,</span> <span class='ocrx_word' id='word_1_421' title='bbox 2146 816 2279 855; x_wconf 80' lang='grc' dir='ltr'>κελεύει</span> 
     </span>
     <span class='ocr_line' id='line_1_53' title="bbox 1237 869 2278 927; baseline 0.005 -19"><span class='ocrx_word' id='word_1_422' title='bbox 1237 887 1273 909; x_wconf 86' lang='grc' dir='ltr'>τε</span> <span class='ocrx_word' id='word_1_423' title='bbox 1288 873 1382 923; x_wconf 82' lang='grc' dir='ltr'>αὐτῷ</span> <span class='ocrx_word' id='word_1_424' title='bbox 1399 870 1519 921; x_wconf 86' lang='grc' dir='ltr'>μάγων</span> <span class='ocrx_word' id='word_1_425' title='bbox 1532 869 1609 914; x_wconf 80' lang='grc' dir='ltr'>τοὺς</span> <span class='ocrx_word' id='word_1_426' title='bbox 1625 870 1782 922; x_wconf 86' lang='grc' dir='ltr'>ἀρίστους</span> <span class='ocrx_word' id='word_1_427' title='bbox 1799 871 2004 919; x_wconf 85' lang='grc' dir='ltr'>ζητήσαντι,</span> <span class='ocrx_word' id='word_1_428' title='bbox 2020 873 2124 926; x_wconf 73' lang='grc' dir='ltr'>νεκύα</span> <span class='ocrx_word' id='word_1_429' title='bbox 2138 888 2176 912; x_wconf 85' lang='grc' dir='ltr'>τε</span> <span class='ocrx_word' id='word_1_430' title='bbox 2189 889 2278 927; x_wconf 77' lang='grc' dir='ltr'>χρη·-</span> 
     </span>
     <span class='ocr_line' id='line_1_54' title="bbox 1237 927 2276 984; baseline 0.004 -17"><span class='ocrx_word' id='word_1_431' title='bbox 1237 929 1384 980; x_wconf 90' lang='grc' dir='ltr'>σάμενον</span> <span class='ocrx_word' id='word_1_432' title='bbox 1403 929 1538 978; x_wconf 86' lang='grc' dir='ltr'>μαθεῖν.</span> <span class='ocrx_word' id='word_1_433' title='bbox 1559 928 1605 968; x_wconf 83' lang='lat' dir='ltr'>‘O</span> <span class='ocrx_word' id='word_1_434' title='bbox 1626 927 1662 966; x_wconf 82' lang='grc' dir='ltr'>δὲ</span> <span class='ocrx_word' id='word_1_435' title='bbox 1683 930 1790 973; x_wconf 86' lang='grc' dir='ltr'>ἀδεῶς</span> <span class='ocrx_word' id='word_1_436' title='bbox 1805 935 1875 974; x_wconf 85' lang='grc' dir='ltr'>τοῖς</span> <span class='ocrx_word' id='word_1_437' title='bbox 1890 931 2077 969; x_wconf 85' lang='grc' dir='ltr'>κελευθεῖσι</span> <span class='ocrx_word' id='word_1_438' title='bbox 2094 931 2276 984; x_wconf 81' lang='grc' dir='ltr'>χρησάμε·</span> 
     </span>
     <span class='ocr_line' id='line_1_55' title="bbox 1237 986 2277 1041; baseline 0.003 -16"><span class='ocrx_word' id='word_1_439' title='bbox 1237 1002 1310 1033; x_wconf 92' lang='grc' dir='ltr'>νος,</span> <span class='ocrx_word' id='word_1_440' title='bbox 1334 987 1393 1024; x_wconf 83' lang='grc' dir='ltr'>καὶ</span> <span class='ocrx_word' id='word_1_441' title='bbox 1417 986 1535 1036; x_wconf 82' lang='grc' dir='ltr'>μαθὼν</span> <span class='ocrx_word' id='word_1_442' title='bbox 1555 986 1718 1037; x_wconf 90' lang='grc' dir='ltr'>σημαίνει</span> <span class='ocrx_word' id='word_1_443' title='bbox 1740 989 1789 1039; x_wconf 87' lang='grc' dir='ltr'>τῷ</span> <span class='ocrx_word' id='word_1_444' title='bbox 1811 989 1961 1039; x_wconf 88' lang='grc' dir='ltr'>βασιλεῖ.</span> <span class='ocrx_word' id='word_1_445' title='bbox 1987 990 2034 1028; x_wconf 81' lang='grc' dir='ltr'>Οἱ</span> <span class='ocrx_word' id='word_1_446' title='bbox 2059 988 2095 1027; x_wconf 85' lang='grc' dir='ltr'>δὲ</span> <span class='ocrx_word' id='word_1_447' title='bbox 2114 989 2277 1041; x_wconf 85' lang='grc' dir='ltr'>διακομί-</span> 
     </span>
     <span class='ocr_line' id='line_1_56' title="bbox 1238 1043 2276 1101; baseline 0.005 -19"><span class='ocrx_word' id='word_1_448' title='bbox 1238 1047 1348 1090; x_wconf 89' lang='grc' dir='ltr'>ζοντες</span> <span class='ocrx_word' id='word_1_449' title='bbox 1362 1043 1564 1097; x_wconf 81' lang='grc' dir='ltr'>ἐφίστανται</span> <span class='ocrx_word' id='word_1_450' title='bbox 1580 1048 1630 1096; x_wconf 82' lang='grc' dir='ltr'>τῷ</span> <span class='ocrx_word' id='word_1_451' title='bbox 1647 1045 1846 1099; x_wconf 87' lang='grc' dir='ltr'>Ἀντωνίνῳ,</span> <span class='ocrx_word' id='word_1_452' title='bbox 1862 1047 1929 1094; x_wconf 87' lang='grc' dir='ltr'>ἤδη</span> <span class='ocrx_word' id='word_1_453' title='bbox 1944 1062 1980 1085; x_wconf 89' lang='grc' dir='ltr'>τε</span> <span class='ocrx_word' id='word_1_454' title='bbox 2000 1045 2124 1094; x_wconf 82' lang='grc' dir='ltr'>σκευὴν</span> <span class='ocrx_word' id='word_1_455' title='bbox 2139 1047 2276 1101; x_wconf 82' lang='grc' dir='ltr'>ἡνιόχου</span> 
     </span>
     <span class='ocr_line' id='line_1_57' title="bbox 1237 1103 2278 1158; baseline 0.004 -17"><span class='ocrx_word' id='word_1_456' title='bbox 1237 1103 1447 1141; x_wconf 69' lang='grc' dir='ltr'>ἀναλαὸόντι</span> <span class='ocrx_word' id='word_1_457' title='bbox 1473 1103 1532 1141; x_wconf 76' lang='grc' dir='ltr'>καὶ</span> <span class='ocrx_word' id='word_1_458' title='bbox 1560 1107 1620 1141; x_wconf 82' lang='grc' dir='ltr'>τοῦ</span> <span class='ocrx_word' id='word_1_459' title='bbox 1647 1103 1802 1156; x_wconf 85' lang='grc' dir='ltr'>ἅρματος</span> <span class='ocrx_word' id='word_1_460' title='bbox 1829 1104 2061 1152; x_wconf 76' lang='grc' dir='ltr'>ἐπιὸαίνοντι,</span> <span class='ocrx_word' id='word_1_461' title='bbox 2082 1106 2278 1158; x_wconf 85' lang='grc' dir='ltr'>προσκομί-</span> 
     </span>
     <span class='ocr_line' id='line_1_58' title="bbox 1236 1157 2278 1212; baseline 0.005 -13"><span class='ocrx_word' id='word_1_462' title='bbox 1236 1161 1331 1207; x_wconf 89' lang='grc' dir='ltr'>ζουσί</span> <span class='ocrx_word' id='word_1_463' title='bbox 1345 1177 1381 1200; x_wconf 86' lang='grc' dir='ltr'>τε</span> <span class='ocrx_word' id='word_1_464' title='bbox 1397 1162 1453 1200; x_wconf 85' lang='grc' dir='ltr'>τὸν</span> <span class='ocrx_word' id='word_1_465' title='bbox 1474 1161 1662 1212; x_wconf 86' lang='grc' dir='ltr'>σύνδεσμον</span> <span class='ocrx_word' id='word_1_466' title='bbox 1678 1165 1744 1200; x_wconf 85' lang='grc' dir='ltr'>τῶν</span> <span class='ocrx_word' id='word_1_467' title='bbox 1763 1164 1964 1211; x_wconf 81' lang='grc' dir='ltr'>ἐπιστολῶν,</span> <span class='ocrx_word' id='word_1_468' title='bbox 1980 1165 2014 1202; x_wconf 92' lang='grc' dir='ltr'>ἐν</span> <span class='ocrx_word' id='word_1_469' title='bbox 2032 1157 2085 1208; x_wconf 72' lang='grc' dir='ltr'>αἶς</span> <span class='ocrx_word' id='word_1_470' title='bbox 2101 1159 2143 1212; x_wconf 71' lang='grc' dir='ltr'>ἦν</span> <span class='ocrx_word' id='word_1_471' title='bbox 2155 1164 2215 1204; x_wconf 78' lang='grc' dir='ltr'>καὶ</span> <span class='ocrx_word' id='word_1_472' title='bbox 2233 1165 2278 1204; x_wconf 82' lang='grc' dir='ltr'>τὰ</span> 
     </span>
     <span class='ocr_line' id='line_1_59' title="bbox 1235 1220 2276 1274; baseline 0.003 -16"><span class='ocrx_word' id='word_1_473' title='bbox 1235 1220 1315 1272; x_wconf 76' lang='grc' dir='ltr'>περὶ</span> <span class='ocrx_word' id='word_1_474' title='bbox 1330 1220 1510 1272; x_wconf 90' lang='grc' dir='ltr'>Μακρίνου</span> <span class='ocrx_word' id='word_1_475' title='bbox 1524 1220 1732 1272; x_wconf 91' lang='grc' dir='ltr'>γράμματα.</span> <span class='ocrx_word' id='word_1_476' title='bbox 1753 1220 1800 1260; x_wconf 88' lang='grc' dir='ltr'>Ὁ</span> <span class='ocrx_word' id='word_1_477' title='bbox 1821 1221 1856 1259; x_wconf 81' lang='grc' dir='ltr'>δὲ</span> <span class='ocrx_word' id='word_1_478' title='bbox 1874 1221 2074 1266; x_wconf 82' lang='grc' dir='ltr'>Ἀντωνῖνος</span> <span class='ocrx_word' id='word_1_479' title='bbox 2086 1222 2196 1274; x_wconf 80' lang='grc' dir='ltr'>ὁρμὴν</span> <span class='ocrx_word' id='word_1_480' title='bbox 2209 1223 2276 1271; x_wconf 86' lang='grc' dir='ltr'>ἤδη</span> 
     </span>
     <span class='ocr_line' id='line_1_60' title="bbox 1237 1278 2279 1334; baseline 0.004 -18"><span class='ocrx_word' id='word_1_481' title='bbox 1237 1278 1317 1330; x_wconf 86' lang='grc' dir='ltr'>περὶ</span> <span class='ocrx_word' id='word_1_482' title='bbox 1333 1278 1395 1325; x_wconf 83' lang='grc' dir='ltr'>τὴν</span> <span class='ocrx_word' id='word_1_483' title='bbox 1410 1279 1644 1332; x_wconf 80' lang='grc' dir='ltr'>ἱπποδρομίαν</span> <span class='ocrx_word' id='word_1_484' title='bbox 1660 1278 1764 1332; x_wconf 85' lang='grc' dir='ltr'>ἔχων,</span> <span class='ocrx_word' id='word_1_485' title='bbox 1785 1279 1918 1318; x_wconf 85' lang='grc' dir='ltr'>κελεύει</span> <span class='ocrx_word' id='word_1_486' title='bbox 1934 1282 1984 1334; x_wconf 87' lang='grc' dir='ltr'>τῷ</span> <span class='ocrx_word' id='word_1_487' title='bbox 2003 1280 2172 1334; x_wconf 85' lang='grc' dir='ltr'>Μακρίνῳ</span> <span class='ocrx_word' id='word_1_488' title='bbox 2192 1281 2279 1320; x_wconf 74' lang='grc' dir='ltr'>ἴδιά·</span> 
     </span>
     <span class='ocr_line' id='line_1_61' title="bbox 1236 1338 2276 1391; baseline 0.003 -17"><span class='ocrx_word' id='word_1_489' title='bbox 1236 1351 1334 1374; x_wconf 84' lang='grc' dir='ltr'>σαντι</span> <span class='ocrx_word' id='word_1_490' title='bbox 1355 1339 1507 1389; x_wconf 82' lang='grc' dir='ltr'>ἐντυχεῖν</span> <span class='ocrx_word' id='word_1_491' title='bbox 1535 1342 1604 1381; x_wconf 89' lang='grc' dir='ltr'>τοῖς</span> <span class='ocrx_word' id='word_1_492' title='bbox 1623 1338 1826 1390; x_wconf 89' lang='grc' dir='ltr'>γράμμασι,</span> <span class='ocrx_word' id='word_1_493' title='bbox 1849 1338 1908 1376; x_wconf 79' lang='grc' dir='ltr'>καὶ</span> <span class='ocrx_word' id='word_1_494' title='bbox 1937 1338 1969 1376; x_wconf 87' lang='grc' dir='ltr'>εἴ</span> <span class='ocrx_word' id='word_1_495' title='bbox 1986 1355 2020 1377; x_wconf 90' lang='grc' dir='ltr'>τι</span> <span class='ocrx_word' id='word_1_496' title='bbox 2045 1339 2182 1391; x_wconf 84' lang='grc' dir='ltr'>ἐπεῖγον</span> <span class='ocrx_word' id='word_1_497' title='bbox 2201 1338 2276 1387; x_wconf 82' lang='grc' dir='ltr'>εἴη,</span> 
     </span>
     <span class='ocr_line' id='line_1_62' title="bbox 1236 1394 2276 1450; baseline 0.005 -18"><span class='ocrx_word' id='word_1_498' title='bbox 1236 1394 1330 1446; x_wconf 85' lang='grc' dir='ltr'>ἄγειν</span> <span class='ocrx_word' id='word_1_499' title='bbox 1357 1395 1442 1447; x_wconf 86' lang='grc' dir='ltr'>πρὸς</span> <span class='ocrx_word' id='word_1_500' title='bbox 1464 1395 1582 1435; x_wconf 86' lang='grc' dir='ltr'>αὐτόν.</span> <span class='ocrx_word' id='word_1_501' title='bbox 1606 1395 1651 1436; x_wconf 90' lang='grc' dir='ltr'>Ὁ</span> <span class='ocrx_word' id='word_1_502' title='bbox 1674 1395 1709 1434; x_wconf 83' lang='grc' dir='ltr'>δὲ</span> <span class='ocrx_word' id='word_1_503' title='bbox 1730 1396 1912 1447; x_wconf 80' lang='grc' dir='ltr'>ἀναγνοὺς,</span> <span class='ocrx_word' id='word_1_504' title='bbox 1943 1397 2002 1435; x_wconf 85' lang='grc' dir='ltr'>καὶ</span> <span class='ocrx_word' id='word_1_505' title='bbox 2021 1397 2214 1450; x_wconf 86' lang='grc' dir='ltr'>περιτυχὼν</span> <span class='ocrx_word' id='word_1_506' title='bbox 2233 1400 2276 1450; x_wconf 83' lang='grc' dir='ltr'>τῇ</span> 
     </span>
     <span class='ocr_line' id='line_1_63' title="bbox 1235 1453 2277 1508; baseline 0.003 -17"><span class='ocrx_word' id='word_1_507' title='bbox 1235 1453 1313 1491; x_wconf 90' lang='grc' dir='ltr'>κατ’</span> <span class='ocrx_word' id='word_1_508' title='bbox 1325 1455 1428 1491; x_wconf 74' lang='grc' dir='ltr'>αὐτοῦ</span> <span class='ocrx_word' id='word_1_509' title='bbox 1447 1453 1677 1507; x_wconf 80' lang='grc' dir='ltr'>θανατηφόρῳ</span> <span class='ocrx_word' id='word_1_510' title='bbox 1690 1457 1819 1507; x_wconf 81' lang='grc' dir='ltr'>γραφῇ,</span> <span class='ocrx_word' id='word_1_511' title='bbox 1833 1455 1963 1503; x_wconf 87' lang='grc' dir='ltr'>ταύτην</span> <span class='ocrx_word' id='word_1_512' title='bbox 1975 1455 2037 1505; x_wconf 80' lang='grc' dir='ltr'>μὲν</span> <span class='ocrx_word' id='word_1_513' title='bbox 2049 1455 2277 1508; x_wconf 84' lang='grc' dir='ltr'>ἀποκρύπτει,</span> 
     </span>
     <span class='ocr_line' id='line_1_64' title="bbox 1234 1511 2279 1564; baseline 0.003 -15"><span class='ocrx_word' id='word_1_514' title='bbox 1234 1511 1313 1564; x_wconf 79' lang='grc' dir='ltr'>περὶ</span> <span class='ocrx_word' id='word_1_515' title='bbox 1333 1511 1368 1549; x_wconf 80' lang='grc' dir='ltr'>δὲ</span> <span class='ocrx_word' id='word_1_516' title='bbox 1386 1514 1453 1549; x_wconf 80' lang='grc' dir='ltr'>τῶν</span> <span class='ocrx_word' id='word_1_517' title='bbox 1469 1513 1598 1550; x_wconf 87' lang='grc' dir='ltr'>λοιπῶν</span> <span class='ocrx_word' id='word_1_518' title='bbox 1618 1513 1790 1564; x_wconf 84' lang='grc' dir='ltr'>ἀγγέλλει.</span> <span class='ocrx_word' id='word_1_519' title='bbox 1816 1513 1992 1561; x_wconf 71' lang='grc' dir='ltr'>Φοὸηθεὶς</span> <span class='ocrx_word' id='word_1_520' title='bbox 2005 1513 2041 1552; x_wconf 83' lang='grc' dir='ltr'>δὲ</span> <span class='ocrx_word' id='word_1_521' title='bbox 2059 1513 2107 1564; x_wconf 87' lang='grc' dir='ltr'>μὴ</span> <span class='ocrx_word' id='word_1_522' title='bbox 2123 1513 2185 1552; x_wconf 76' lang='grc' dir='ltr'>καὶ</span> <span class='ocrx_word' id='word_1_523' title='bbox 2200 1513 2279 1552; x_wconf 87' lang='grc' dir='ltr'>δεύ-</span> 
     </span>
     <span class='ocr_line' id='line_1_65' title="bbox 1234 1570 2276 1625; baseline 0.004 -18"><span class='ocrx_word' id='word_1_524' title='bbox 1234 1585 1330 1622; x_wconf 87' lang='grc' dir='ltr'>τερον</span> <span class='ocrx_word' id='word_1_525' title='bbox 1359 1574 1467 1608; x_wconf 78' lang='grc' dir='ltr'>ταῦτα</span> <span class='ocrx_word' id='word_1_526' title='bbox 1491 1573 1509 1608; x_wconf 81' lang='grc' dir='ltr'>ὁ</span> <span class='ocrx_word' id='word_1_527' title='bbox 1543 1570 1781 1623; x_wconf 80' lang='grc' dir='ltr'>Ματερνιανὸς</span> <span class='ocrx_word' id='word_1_528' title='bbox 1804 1571 2001 1624; x_wconf 86' lang='grc' dir='ltr'>ἐπιστείλῃ,</span> <span class='ocrx_word' id='word_1_529' title='bbox 2024 1574 2138 1625; x_wconf 76' lang='grc' dir='ltr'>τολμᾷ</span> <span class='ocrx_word' id='word_1_530' title='bbox 2169 1571 2210 1618; x_wconf 90' lang='grc' dir='ltr'>δή</span> <span class='ocrx_word' id='word_1_531' title='bbox 2242 1586 2276 1611; x_wconf 82' lang='grc' dir='ltr'>τι</span> 
     </span>
     <span class='ocr_line' id='line_1_66' title="bbox 1233 1632 1400 1668; baseline 0.018 -3"><span class='ocrx_word' id='word_1_532' title='bbox 1233 1632 1400 1668; x_wconf 80' lang='grc' dir='ltr'>τοιοῦτον.</span> 
     </span>
    </p>

    <p class='ocr_par' dir='ltr' id='par_1_7' title="bbox 1233 1680 2276 2320">
     <span class='ocr_line' id='line_1_67' title="bbox 1286 1680 2275 1740; baseline 0.003 -16"><span class='ocrx_word' id='word_1_533' title='bbox 1286 1699 1316 1726; x_wconf 87' lang='lat'>2.</span> <span class='ocrx_word' id='word_1_534' title='bbox 1346 1680 1418 1726; x_wconf 66' lang='grc' dir='ltr'>’Ἦν</span> <span class='ocrx_word' id='word_1_535' title='bbox 1449 1702 1500 1730; x_wconf 86' lang='grc' dir='ltr'>τις</span> <span class='ocrx_word' id='word_1_536' title='bbox 1521 1686 1772 1739; x_wconf 83' lang='grc' dir='ltr'>ἑκατόνταρχος</span> <span class='ocrx_word' id='word_1_537' title='bbox 1791 1686 2006 1740; x_wconf 88' lang='grc' dir='ltr'>Μαρτιάλιος</span> <span class='ocrx_word' id='word_1_538' title='bbox 2027 1690 2096 1726; x_wconf 88' lang='grc' dir='ltr'>τῶν</span> <span class='ocrx_word' id='word_1_539' title='bbox 2114 1703 2275 1738; x_wconf 89' lang='grc' dir='ltr'>σωματο-</span> 
     </span>
     <span class='ocr_line' id='line_1_68' title="bbox 1234 1744 2274 1800; baseline 0.003 -18"><span class='ocrx_word' id='word_1_540' title='bbox 1234 1745 1395 1796; x_wconf 82' lang='grc' dir='ltr'>φυλάκων</span> <span class='ocrx_word' id='word_1_541' title='bbox 1415 1744 1630 1784; x_wconf 86' lang='grc' dir='ltr'>Ἀντωνίνου·</span> <span class='ocrx_word' id='word_1_542' title='bbox 1647 1745 1768 1784; x_wconf 88' lang='grc' dir='ltr'>τούτου</span> <span class='ocrx_word' id='word_1_543' title='bbox 1791 1746 1848 1783; x_wconf 80' lang='grc' dir='ltr'>τὸν</span> <span class='ocrx_word' id='word_1_544' title='bbox 1868 1746 2013 1800; x_wconf 82' lang='grc' dir='ltr'>ἀδελφὸν</span> <span class='ocrx_word' id='word_1_545' title='bbox 2036 1746 2201 1799; x_wconf 76' lang='grc' dir='ltr'>ἀνῃρήκει</span> <span class='ocrx_word' id='word_1_546' title='bbox 2218 1746 2274 1785; x_wconf 82' lang='grc' dir='ltr'>ἐπὶ</span> 
     </span>
     <span class='ocr_line' id='line_1_69' title="bbox 1234 1802 2275 1858; baseline 0.002 -18"><span class='ocrx_word' id='word_1_547' title='bbox 1234 1803 1352 1854; x_wconf 77' lang='grc' dir='ltr'>ψευδεῖ</span> <span class='ocrx_word' id='word_1_548' title='bbox 1371 1803 1534 1854; x_wconf 71' lang='grc' dir='ltr'>διαὸολῇ,</span> <span class='ocrx_word' id='word_1_549' title='bbox 1555 1802 1691 1850; x_wconf 84' lang='grc' dir='ltr'>ἠπείλει</span> <span class='ocrx_word' id='word_1_550' title='bbox 1717 1819 1754 1842; x_wconf 90' lang='grc' dir='ltr'>τε</span> <span class='ocrx_word' id='word_1_551' title='bbox 1780 1803 1839 1842; x_wconf 78' lang='grc' dir='ltr'>καὶ</span> <span class='ocrx_word' id='word_1_552' title='bbox 1865 1806 1959 1856; x_wconf 79' lang='grc' dir='ltr'>αὐτῷ</span> <span class='ocrx_word' id='word_1_553' title='bbox 1977 1806 2027 1857; x_wconf 80' lang='grc' dir='ltr'>τῷ</span> <span class='ocrx_word' id='word_1_554' title='bbox 2052 1804 2275 1858; x_wconf 81' lang='grc' dir='ltr'>Μαρτιαλίῳ.</span> 
     </span>
     <span class='ocr_line' id='line_1_70' title="bbox 1233 1861 2274 1914; baseline -0.002 -13"><span class='ocrx_word' id='word_1_555' title='bbox 1233 1864 1366 1901; x_wconf 76' lang='grc' dir='ltr'>Τοῦτον</span> <span class='ocrx_word' id='word_1_556' title='bbox 1383 1861 1608 1910; x_wconf 84' lang='grc' dir='ltr'>ἐπιστάμενος</span> <span class='ocrx_word' id='word_1_557' title='bbox 1625 1863 1643 1899; x_wconf 82' lang='grc' dir='ltr'>ὁ</span> <span class='ocrx_word' id='word_1_558' title='bbox 1661 1864 1836 1914; x_wconf 84' lang='grc' dir='ltr'>Μακρῖνος</span> <span class='ocrx_word' id='word_1_559' title='bbox 1856 1864 2044 1913; x_wconf 75' lang='grc' dir='ltr'>ἀλγοῦντα,</span> <span class='ocrx_word' id='word_1_560' title='bbox 2063 1864 2174 1901; x_wconf 85' lang='grc' dir='ltr'>πείθει</span> <span class='ocrx_word' id='word_1_561' title='bbox 2198 1863 2274 1900; x_wconf 86' lang='grc' dir='ltr'>ἐπι-</span> 
     </span>
     <span class='ocr_line' id='line_1_71' title="bbox 1236 1919 2276 1974; baseline 0 -16"><span class='ocrx_word' id='word_1_562' title='bbox 1236 1920 1422 1958; x_wconf 69' lang='grc' dir='ltr'>δουλεῧσαι</span> <span class='ocrx_word' id='word_1_563' title='bbox 1441 1922 1492 1971; x_wconf 88' lang='grc' dir='ltr'>τῷ</span> <span class='ocrx_word' id='word_1_564' title='bbox 1511 1919 1712 1972; x_wconf 85' lang='grc' dir='ltr'>Ἀντωνίνῳ.</span> <span class='ocrx_word' id='word_1_565' title='bbox 1736 1923 1869 1972; x_wconf 73' lang='grc' dir='ltr'>Καιροῦ</span> <span class='ocrx_word' id='word_1_566' title='bbox 1889 1919 1926 1959; x_wconf 91' lang='grc' dir='ltr'>δέ</span> <span class='ocrx_word' id='word_1_567' title='bbox 1945 1936 2033 1965; x_wconf 93' lang='grc' dir='ltr'>τινος</span> <span class='ocrx_word' id='word_1_568' title='bbox 2049 1921 2276 1974; x_wconf 83' lang='grc' dir='ltr'>δραξάμενος,</span> 
     </span>
     <span class='ocr_line' id='line_1_72' title="bbox 1234 1977 2274 2031; baseline 0 -15"><span class='ocrx_word' id='word_1_569' title='bbox 1234 1978 1289 2016; x_wconf 83' lang='grc' dir='ltr'>ὅτε</span> <span class='ocrx_word' id='word_1_570' title='bbox 1310 1981 1327 2016; x_wconf 83' lang='grc' dir='ltr'>ὁ</span> <span class='ocrx_word' id='word_1_571' title='bbox 1348 1977 1507 2030; x_wconf 78' lang='grc' dir='ltr'>βασιλεὺς</span> <span class='ocrx_word' id='word_1_572' title='bbox 1525 1978 1595 2016; x_wconf 87' lang='grc' dir='ltr'>ἀπὸ</span> <span class='ocrx_word' id='word_1_573' title='bbox 1608 1980 1669 2024; x_wconf 73' lang='grc' dir='ltr'>τῆς</span> <span class='ocrx_word' id='word_1_574' title='bbox 1686 1979 1721 2016; x_wconf 87' lang='grc' dir='ltr'>ἐν</span> <span class='ocrx_word' id='word_1_575' title='bbox 1739 1978 1896 2031; x_wconf 86' lang='grc' dir='ltr'>Κάρραις</span> <span class='ocrx_word' id='word_1_576' title='bbox 1913 1980 2020 2026; x_wconf 69' lang='grc' dir='ltr'>αὐλῆς</span> <span class='ocrx_word' id='word_1_577' title='bbox 2040 1978 2098 2018; x_wconf 80' lang='grc' dir='ltr'>ἐπὶ</span> <span class='ocrx_word' id='word_1_578' title='bbox 2116 1979 2174 2017; x_wconf 85' lang='grc' dir='ltr'>τὸν</span> <span class='ocrx_word' id='word_1_579' title='bbox 2190 1978 2274 2017; x_wconf 90' lang='grc' dir='ltr'>νεὼν</span> 
     </span>
     <span class='ocr_line' id='line_1_73' title="bbox 1234 2035 2274 2089; baseline 0.001 -16"><span class='ocrx_word' id='word_1_580' title='bbox 1234 2035 1396 2087; x_wconf 83' lang='grc' dir='ltr'>ἠπείγετο</span> <span class='ocrx_word' id='word_1_581' title='bbox 1420 2038 1480 2082; x_wconf 79' lang='grc' dir='ltr'>τῆς</span> <span class='ocrx_word' id='word_1_582' title='bbox 1510 2035 1666 2083; x_wconf 83' lang='grc' dir='ltr'>Σελήνης</span> <span class='ocrx_word' id='word_1_583' title='bbox 1687 2035 1911 2089; x_wconf 82' lang='grc' dir='ltr'>(ἀφειστήκει</span> <span class='ocrx_word' id='word_1_584' title='bbox 1932 2035 1967 2074; x_wconf 84' lang='grc' dir='ltr'>δὲ</span> <span class='ocrx_word' id='word_1_585' title='bbox 1987 2039 2047 2084; x_wconf 75' lang='grc' dir='ltr'>τῆς</span> <span class='ocrx_word' id='word_1_586' title='bbox 2075 2035 2209 2081; x_wconf 86' lang='grc' dir='ltr'>πόλεως</span> <span class='ocrx_word' id='word_1_587' title='bbox 2235 2038 2274 2075; x_wconf 80' lang='grc' dir='ltr'>οὗ</span> 
     </span>
     <span class='ocr_line' id='line_1_74' title="bbox 1235 2093 2276 2147; baseline 0.001 -15"><span class='ocrx_word' id='word_1_588' title='bbox 1235 2093 1399 2147; x_wconf 86' lang='grc' dir='ltr'>μικρόν),</span> <span class='ocrx_word' id='word_1_589' title='bbox 1419 2094 1620 2145; x_wconf 87' lang='grc' dir='ltr'>ἐπειχθέντα</span> <span class='ocrx_word' id='word_1_590' title='bbox 1642 2093 1745 2132; x_wconf 76' lang='grc' dir='ltr'>αὑτὸν</span> <span class='ocrx_word' id='word_1_591' title='bbox 1766 2094 1849 2147; x_wconf 88' lang='grc' dir='ltr'>πρὸς</span> <span class='ocrx_word' id='word_1_592' title='bbox 1866 2094 1986 2147; x_wconf 86' lang='grc' dir='ltr'>χρείας</span> <span class='ocrx_word' id='word_1_593' title='bbox 2004 2096 2187 2143; x_wconf 74' lang='grc' dir='ltr'>ὑποτοπεῖ,</span> <span class='ocrx_word' id='word_1_594' title='bbox 2215 2094 2276 2133; x_wconf 82' lang='grc' dir='ltr'>καὶ</span> 
     </span>
     <span class='ocr_line' id='line_1_75' title="bbox 1235 2151 2276 2205; baseline -0.001 -14"><span class='ocrx_word' id='word_1_595' title='bbox 1235 2151 1430 2202; x_wconf 89' lang='grc' dir='ltr'>μονωθέντα</span> <span class='ocrx_word' id='word_1_596' title='bbox 1458 2152 1566 2192; x_wconf 88' lang='grc' dir='ltr'>παίει.</span> <span class='ocrx_word' id='word_1_597' title='bbox 1589 2152 1737 2205; x_wconf 87' lang='grc' dir='ltr'>Καιρίου</span> <span class='ocrx_word' id='word_1_598' title='bbox 1758 2151 1795 2191; x_wconf 85' lang='grc' dir='ltr'>δὲ</span> <span class='ocrx_word' id='word_1_599' title='bbox 1825 2155 1887 2200; x_wconf 79' lang='grc' dir='ltr'>τῆς</span> <span class='ocrx_word' id='word_1_600' title='bbox 1914 2155 2052 2202; x_wconf 78' lang='grc' dir='ltr'>πληγῆς</span> <span class='ocrx_word' id='word_1_601' title='bbox 2071 2154 2276 2204; x_wconf 84' lang='grc' dir='ltr'>γενομένης,</span> 
     </span>
     <span class='ocr_line' id='line_1_76' title="bbox 1234 2210 2276 2264; baseline 0 -15"><span class='ocrx_word' id='word_1_602' title='bbox 1234 2211 1292 2250; x_wconf 80' lang='grc' dir='ltr'>καὶ</span> <span class='ocrx_word' id='word_1_603' title='bbox 1310 2210 1472 2254; x_wconf 89' lang='grc' dir='ltr'>πεσόντος</span> <span class='ocrx_word' id='word_1_604' title='bbox 1491 2212 1614 2259; x_wconf 80' lang='grc' dir='ltr'>αὐτοῦ,</span> <span class='ocrx_word' id='word_1_605' title='bbox 1631 2211 1794 2258; x_wconf 83' lang='grc' dir='ltr'>πηδήσας</span> <span class='ocrx_word' id='word_1_606' title='bbox 1811 2210 1910 2264; x_wconf 81' lang='grc' dir='ltr'>ἵππῳ</span> <span class='ocrx_word' id='word_1_607' title='bbox 1937 2211 2057 2264; x_wconf 85' lang='grc' dir='ltr'>ἔφυγεν</span> <span class='ocrx_word' id='word_1_608' title='bbox 2076 2213 2094 2249; x_wconf 87' lang='grc' dir='ltr'>ὁ</span> <span class='ocrx_word' id='word_1_609' title='bbox 2114 2210 2276 2264; x_wconf 86' lang='grc' dir='ltr'>Μαρτιά-</span> 
     </span>
     <span class='ocr_line' id='line_1_77' title="bbox 1233 2268 1916 2320; baseline 0.001 -14"><span class='ocrx_word' id='word_1_610' title='bbox 1233 2270 1323 2315; x_wconf 91' lang='grc' dir='ltr'>λιος,</span> <span class='ocrx_word' id='word_1_611' title='bbox 1341 2268 1401 2306; x_wconf 74' lang='grc' dir='ltr'>καὶ</span> <span class='ocrx_word' id='word_1_612' title='bbox 1418 2268 1634 2320; x_wconf 80' lang='grc' dir='ltr'>ἐπιδιωχθεὶς</span> <span class='ocrx_word' id='word_1_613' title='bbox 1651 2268 1916 2316; x_wconf 85' lang='grc' dir='ltr'>κατηκοντίσθη.</span> 
     </span>
    </p>
   </div>
   <div class='ocr_carea' id='block_1_7' title="bbox 1716 2353 1800 2395">
    <p class='ocr_par' dir='ltr' id='par_1_8' title="bbox 1716 2353 1800 2395">
     <span class='ocr_line' id='line_1_78' title="bbox 1716 2353 1800 2395; baseline 0 -7"><span class='ocrx_word' id='word_1_614' title='bbox 1716 2353 1800 2395; x_wconf 76' lang='grc'>134.</span> 
     </span>
    </p>
   </div>
   <div class='ocr_carea' id='block_1_8' title="bbox 1234 2423 2274 2826">
    <p class='ocr_par' dir='ltr' id='par_1_9' title="bbox 1234 2423 2274 2826">
     <span class='ocr_line' id='line_1_79' title="bbox 1287 2423 2270 2476; baseline -0.002 -14"><span class='ocrx_word' id='word_1_615' title='bbox 1287 2428 1376 2464; x_wconf 84' lang='lat' dir='ltr'>Exc.</span> <span class='ocrx_word' id='word_1_616' title='bbox 1399 2427 1512 2465; x_wconf 87' lang='lat' dir='ltr'><strong>Salm.</strong></span> <span class='ocrx_word' id='word_1_617' title='bbox 1533 2440 1573 2476; x_wconf 92' lang='lat' dir='ltr'>p.</span> <span class='ocrx_word' id='word_1_618' title='bbox 1593 2427 1666 2476; x_wconf 85' lang='lat'>397</span> <span class='ocrx_word' id='word_1_619' title='bbox 1692 2440 1699 2462; x_wconf 70' lang='grc' dir='ltr'><em>τ</em></span> <span class='ocrx_word' id='word_1_620' title='bbox 1724 2425 1918 2468; x_wconf 88' lang='grc' dir='ltr'>Ἀντωνῖνος</span> <span class='ocrx_word' id='word_1_621' title='bbox 1943 2424 2004 2470; x_wconf 83' lang='grc' dir='ltr'>ἔτη</span> <span class='ocrx_word' id='word_1_622' title='bbox 2023 2423 2070 2472; x_wconf 73' lang='grc' dir='ltr'>ς’,</span> <span class='ocrx_word' id='word_1_623' title='bbox 2091 2426 2202 2474; x_wconf 82' lang='grc' dir='ltr'>μ’ῆνας</span> <span class='ocrx_word' id='word_1_624' title='bbox 2222 2424 2270 2476; x_wconf 87' lang='grc' dir='ltr'>β’.</span> 
     </span>
     <span class='ocr_line' id='line_1_80' title="bbox 1234 2482 2274 2535; baseline -0.003 -12"><span class='ocrx_word' id='word_1_625' title='bbox 1234 2484 1335 2523; x_wconf 85' lang='grc' dir='ltr'>Μετὰ</span> <span class='ocrx_word' id='word_1_626' title='bbox 1355 2484 1551 2522; x_wconf 84' lang='grc' dir='ltr'>Ἀντωνῖνον</span> <span class='ocrx_word' id='word_1_627' title='bbox 1568 2483 1625 2521; x_wconf 83' lang='grc' dir='ltr'>τὸν</span> <span class='ocrx_word' id='word_1_628' title='bbox 1657 2483 1888 2535; x_wconf 88' lang='grc' dir='ltr'>Καράκαλλον</span> <span class='ocrx_word' id='word_1_629' title='bbox 1917 2483 2096 2534; x_wconf 83' lang='grc' dir='ltr'>Μακρῖνος</span> <span class='ocrx_word' id='word_1_630' title='bbox 2124 2482 2198 2526; x_wconf 85' lang='grc' dir='ltr'>ἔτος</span> <span class='ocrx_word' id='word_1_631' title='bbox 2226 2482 2274 2530; x_wconf 87' lang='grc' dir='ltr'>α’,</span> 
     </span>
     <span class='ocr_line' id='line_1_81' title="bbox 1235 2539 2274 2594; baseline -0.001 -15"><span class='ocrx_word' id='word_1_632' title='bbox 1235 2542 1310 2591; x_wconf 84' lang='grc' dir='ltr'>μεθ’</span> <span class='ocrx_word' id='word_1_633' title='bbox 1335 2541 1371 2579; x_wconf 82' lang='grc' dir='ltr'>ὂν</span> <span class='ocrx_word' id='word_1_634' title='bbox 1393 2542 1581 2589; x_wconf 84' lang='grc' dir='ltr'>Βασιανὸς,</span> <span class='ocrx_word' id='word_1_635' title='bbox 1598 2541 1634 2580; x_wconf 84' lang='grc' dir='ltr'>ὃν</span> <span class='ocrx_word' id='word_1_636' title='bbox 1655 2544 1701 2585; x_wconf 84' lang='grc' dir='ltr'>ὥς</span> <span class='ocrx_word' id='word_1_637' title='bbox 1728 2541 1912 2594; x_wconf 78' lang='grc' dir='ltr'>ἱερωμένον</span> <span class='ocrx_word' id='word_1_638' title='bbox 1929 2540 2032 2591; x_wconf 81' lang='grc' dir='ltr'>ἡλίῳ,</span> <span class='ocrx_word' id='word_1_639' title='bbox 2051 2539 2088 2578; x_wconf 84' lang='grc' dir='ltr'>ὃν</span> <span class='ocrx_word' id='word_1_640' title='bbox 2113 2540 2274 2583; x_wconf 80' lang='grc' dir='ltr'>Φοίνικες</span> 
     </span>
     <span class='ocr_line' id='line_1_82' title="bbox 1234 2597 2272 2650; baseline -0.002 -12"><span class='ocrx_word' id='word_1_641' title='bbox 1234 2599 1453 2639; x_wconf 65' lang='grc' dir='ltr'>Ἐλεάὸαλον</span> <span class='ocrx_word' id='word_1_642' title='bbox 1463 2599 1634 2650; x_wconf 91' lang='grc' dir='ltr'>λέγουσιν,</span> <span class='ocrx_word' id='word_1_643' title='bbox 1649 2599 1907 2650; x_wconf 75' lang='grc' dir='ltr'>Ἥλιογάὸαλον</span> <span class='ocrx_word' id='word_1_644' title='bbox 1921 2598 2053 2650; x_wconf 87' lang='grc' dir='ltr'>ἔλεγον.</span> <span class='ocrx_word' id='word_1_645' title='bbox 2067 2597 2272 2648; x_wconf 84' lang='grc' dir='ltr'>Ὠνομάσθη</span> 
     </span>
     <span class='ocr_line' id='line_1_83' title="bbox 1235 2649 2274 2709; baseline -0.003 -13"><span class='ocrx_word' id='word_1_646' title='bbox 1235 2658 1269 2696; x_wconf 80' lang='grc' dir='ltr'>δὲ</span> <span class='ocrx_word' id='word_1_647' title='bbox 1286 2658 1493 2705; x_wconf 83' lang='grc' dir='ltr'>Ἀντωνῖνος,</span> <span class='ocrx_word' id='word_1_648' title='bbox 1508 2661 1553 2701; x_wconf 83' lang='grc' dir='ltr'>ὣς</span> <span class='ocrx_word' id='word_1_649' title='bbox 1568 2661 1627 2696; x_wconf 74' lang='grc' dir='ltr'>τοῦ</span> <span class='ocrx_word' id='word_1_650' title='bbox 1643 2658 1879 2709; x_wconf 85' lang='grc' dir='ltr'>Καρακάλλου</span> <span class='ocrx_word' id='word_1_651' title='bbox 1891 2656 2073 2707; x_wconf 87' lang='grc' dir='ltr'>λεγόμενος</span> <span class='ocrx_word' id='word_1_652' title='bbox 2087 2649 2175 2694; x_wconf 68' lang='grc' dir='ltr'>εἶναι</span> <span class='ocrx_word' id='word_1_653' title='bbox 2189 2654 2274 2702; x_wconf 79' lang='grc' dir='ltr'>υἱὸς,</span> 
     </span>
     <span class='ocr_line' id='line_1_84' title="bbox 1234 2712 2274 2767; baseline -0.003 -14"><span class='ocrx_word' id='word_1_654' title='bbox 1234 2716 1292 2754; x_wconf 78' lang='grc' dir='ltr'>καὶ</span> <span class='ocrx_word' id='word_1_655' title='bbox 1313 2715 1502 2767; x_wconf 85' lang='grc' dir='ltr'>ἐκράτησεν</span> <span class='ocrx_word' id='word_1_656' title='bbox 1522 2715 1582 2761; x_wconf 89' lang='grc' dir='ltr'>ἔτη</span> <span class='ocrx_word' id='word_1_657' title='bbox 1603 2715 1648 2758; x_wconf 79' lang='grc' dir='ltr'>ς’·</span> <span class='ocrx_word' id='word_1_658' title='bbox 1668 2717 1743 2764; x_wconf 89' lang='grc' dir='ltr'>μεθ’</span> <span class='ocrx_word' id='word_1_659' title='bbox 1761 2715 1798 2753; x_wconf 86' lang='grc' dir='ltr'>ὃν</span> <span class='ocrx_word' id='word_1_660' title='bbox 1814 2714 2030 2766; x_wconf 83' lang='grc' dir='ltr'>Ἀλέξανδρος</span> <span class='ocrx_word' id='word_1_661' title='bbox 2046 2716 2064 2751; x_wconf 84' lang='grc' dir='ltr'>ὁ</span> <span class='ocrx_word' id='word_1_662' title='bbox 2084 2712 2274 2764; x_wconf 80' lang='grc' dir='ltr'>Μαμαίας,</span> 
     </span>
     <span class='ocr_line' id='line_1_85' title="bbox 1235 2770 2274 2826; baseline -0.001 -15"><span class='ocrx_word' id='word_1_663' title='bbox 1235 2773 1413 2826; x_wconf 79' lang='grc' dir='ltr'>ἐξάδελφος</span> <span class='ocrx_word' id='word_1_664' title='bbox 1430 2774 1550 2823; x_wconf 79' lang='grc' dir='ltr'>αὐτοῦ,</span> <span class='ocrx_word' id='word_1_665' title='bbox 1569 2772 1628 2819; x_wconf 85' lang='grc' dir='ltr'>ἔτη</span> <span class='ocrx_word' id='word_1_666' title='bbox 1647 2773 1703 2810; x_wconf 86' lang='grc' dir='ltr'>ιδ’.</span> <span class='ocrx_word' id='word_1_667' title='bbox 1721 2772 1822 2811; x_wconf 79' lang='grc' dir='ltr'>Μετὰ</span> <span class='ocrx_word' id='word_1_668' title='bbox 1837 2771 2055 2824; x_wconf 82' lang='grc' dir='ltr'>Ἀλέξανδρον</span> <span class='ocrx_word' id='word_1_669' title='bbox 2072 2770 2274 2821; x_wconf 84' lang='grc' dir='ltr'>Μαξιμῖνος.</span> 
     </span>
    </p>
   </div>
   <div class='ocr_carea' id='block_1_9' title="bbox 148 2866 2266 2883">
    <p class='ocr_par' dir='ltr' id='par_1_10' title="bbox 148 2866 2266 2883">
     <span class='ocr_line' id='line_1_86' title="bbox 148 2866 2266 2883; baseline 0 821"><span class='ocrx_word' id='word_1_670' title='bbox 148 2866 2266 2883; x_wconf 95' lang='lat' dir='ltr'> </span> 
     </span>
    </p>
   </div>
   <div class='ocr_carea' id='block_1_10' title="bbox 133 2915 2277 3480">
    <p class='ocr_par' dir='ltr' id='par_1_11' title="bbox 133 2915 2275 3289">
     <span class='ocr_line' id='line_1_87' title="bbox 133 2915 2274 2965; baseline -0.004 -9"><span class='ocrx_word' id='word_1_671' title='bbox 133 2927 206 2956; x_wconf 88' lang='grc' dir='ltr'>τῶν</span> <span class='ocrx_word' id='word_1_672' title='bbox 219 2924 363 2965; x_wconf 86' lang='grc' dir='ltr'>ἔργων]</span> <span class='ocrx_word' id='word_1_673' title='bbox 377 2927 430 2961; x_wconf 85' lang='grc' dir='ltr'>τῆς</span> <span class='ocrx_word' id='word_1_674' title='bbox 446 2927 506 2955; x_wconf 86' lang='grc' dir='ltr'>τῶν</span> <span class='ocrx_word' id='word_1_675' title='bbox 520 2923 615 2965; x_wconf 76' lang='grc' dir='ltr'>ἔργων</span> <span class='ocrx_word' id='word_1_676' title='bbox 629 2923 782 2959; x_wconf 84' lang='grc' dir='ltr'>συνέσεως</span> <span class='ocrx_word' id='word_1_677' title='bbox 798 2922 917 2955; x_wconf 74' lang='lat' dir='ltr'><strong>Herod.</strong></span> <span class='ocrx_word' id='word_1_678' title='bbox 940 2924 1004 2962; x_wconf 81' lang='lat' dir='ltr'>lv,</span> <span class='ocrx_word' id='word_1_679' title='bbox 1018 2925 1035 2954; x_wconf 95' lang='lat'><strong>7</strong></span> <span class='ocrx_word' id='word_1_680' title='bbox 1047 2925 1106 2961; x_wconf 83' lang='lat'>,1.</span> <span class='ocrx_word' id='word_1_681' title='bbox 1130 2939 1170 2948; x_wconf 89' lang='lat'>-</span> <span class='ocrx_word' id='word_1_682' title='bbox 1192 2921 1231 2952; x_wconf 85' lang='grc' dir='ltr'>ἐν</span> <span class='ocrx_word' id='word_1_683' title='bbox 1249 2923 1303 2960; x_wconf 80' lang='grc' dir='ltr'>,τῇ</span> <span class='ocrx_word' id='word_1_684' title='bbox 1327 2931 1348 2951; x_wconf 88' lang='grc' dir='ltr'>π</span> <span class='ocrx_word' id='word_1_685' title='bbox 1360 2918 1520 2959; x_wconf 82' lang='grc' dir='ltr'>6λει]τῇ</span> <span class='ocrx_word' id='word_1_686' title='bbox 1534 2928 1603 2951; x_wconf 87' lang='lat' dir='ltr'>om.</span> <span class='ocrx_word' id='word_1_687' title='bbox 1618 2919 1709 2951; x_wconf 86' lang='lat' dir='ltr'>suid.</span> <span class='ocrx_word' id='word_1_688' title='bbox 1727 2937 1765 2944; x_wconf 86' lang='lat'>—</span> <span class='ocrx_word' id='word_1_689' title='bbox 1777 2918 1884 2949; x_wconf 81' lang='grc' dir='ltr'>οὕτω</span> <span class='ocrx_word' id='word_1_690' title='bbox 1901 2917 1942 2948; x_wconf 85' lang='grc' dir='ltr'>δὲ</span> <span class='ocrx_word' id='word_1_691' title='bbox 1957 2915 2058 2957; x_wconf 80' lang='grc' dir='ltr'>ὑπὸ]</span> <span class='ocrx_word' id='word_1_692' title='bbox 2081 2915 2208 2947; x_wconf 85' lang='grc' dir='ltr'>οὕτωτε</span> <span class='ocrx_word' id='word_1_693' title='bbox 2221 2917 2274 2947; x_wconf 77' lang='grc' dir='ltr'>καὶ</span> 
     </span>
     <span class='ocr_line' id='line_1_88' title="bbox 133 2961 2274 3011; baseline -0.004 -9"><span class='ocrx_word' id='word_1_694' title='bbox 133 2972 194 3002; x_wconf 87' lang='grc' dir='ltr'>ὑπὸ</span> <span class='ocrx_word' id='word_1_695' title='bbox 211 2970 298 3003; x_wconf 89' lang='lat' dir='ltr'><strong>Suid.</strong></span> <span class='ocrx_word' id='word_1_696' title='bbox 320 2987 362 2993; x_wconf 98' lang='lat'><strong>—</strong></span> <span class='ocrx_word' id='word_1_697' title='bbox 371 2981 423 3010; x_wconf 63' lang='grc' dir='ltr'>«χα</span> <span class='ocrx_word' id='word_1_698' title='bbox 432 2971 440 3001; x_wconf 95' lang='grc' dir='ltr'>ί</span> <span class='ocrx_word' id='word_1_699' title='bbox 449 2982 464 3011; x_wconf 88' lang='grc' dir='ltr'>ρ</span> <span class='ocrx_word' id='word_1_700' title='bbox 474 2981 487 3001; x_wconf 90' lang='grc' dir='ltr'>ε</span> <span class='ocrx_word' id='word_1_701' title='bbox 496 2982 504 3001; x_wconf 89' lang='grc' dir='ltr'>ι</span> <span class='ocrx_word' id='word_1_702' title='bbox 513 2982 528 3001; x_wconf 96' lang='grc' dir='ltr'>ν</span> <span class='ocrx_word' id='word_1_703' title='bbox 546 2971 608 3009; x_wconf 92' lang='grc' dir='ltr'>λεγ</span> <span class='ocrx_word' id='word_1_704' title='bbox 617 2970 634 3001; x_wconf 86' lang='grc' dir='ltr'><em>ὁ</em></span> <span class='ocrx_word' id='word_1_705' title='bbox 643 2981 685 3011; x_wconf 91' lang='grc' dir='ltr'>με</span> <span class='ocrx_word' id='word_1_706' title='bbox 695 2981 733 3001; x_wconf 92' lang='grc' dir='ltr'>νο</span> <span class='ocrx_word' id='word_1_707' title='bbox 744 2982 756 3007; x_wconf 89' lang='grc' dir='ltr'>ς</span> <span class='ocrx_word' id='word_1_708' title='bbox 769 2969 780 3010; x_wconf 88' lang='grc'>]</span> <span class='ocrx_word' id='word_1_709' title='bbox 795 2970 911 3011; x_wconf 86' lang='grc' dir='ltr'>χαίρειν</span> <span class='ocrx_word' id='word_1_710' title='bbox 924 2978 989 3001; x_wconf 86' lang='lat' dir='ltr'>om.</span> <span class='ocrx_word' id='word_1_711' title='bbox 1005 2968 1126 3002; x_wconf 80' lang='lat' dir='ltr'>suidas.</span> <span class='ocrx_word' id='word_1_712' title='bbox 1143 2966 1373 3008; x_wconf 84' lang='grc' dir='ltr'>συστρατιώτης</span> <span class='ocrx_word' id='word_1_713' title='bbox 1390 2977 1423 2997; x_wconf 86' lang='grc' dir='ltr'>τε</span> <span class='ocrx_word' id='word_1_714' title='bbox 1436 2965 1489 2997; x_wconf 76' lang='grc' dir='ltr'>ὑπ’</span> <span class='ocrx_word' id='word_1_715' title='bbox 1504 2965 1605 2996; x_wconf 79' lang='grc' dir='ltr'>αὐτῶν</span> <span class='ocrx_word' id='word_1_716' title='bbox 1621 2966 1735 3006; x_wconf 85' lang='grc' dir='ltr'>μᾶλλον</span> <span class='ocrx_word' id='word_1_717' title='bbox 1748 2966 1767 3002; x_wconf 87' lang='grc' dir='ltr'>ἢ</span> <span class='ocrx_word' id='word_1_718' title='bbox 1786 2964 1928 3004; x_wconf 83' lang='grc' dir='ltr'>βασιλεὺς</span> <span class='ocrx_word' id='word_1_719' title='bbox 1944 2963 2133 3003; x_wconf 82' lang='grc' dir='ltr'>καλούμενος</span> <span class='ocrx_word' id='word_1_720' title='bbox 2156 2961 2274 3002; x_wconf 83' lang='grc' dir='ltr'>χαίρειν</span> 
     </span>
     <span class='ocr_line' id='line_1_89' title="bbox 133 3008 2273 3059; baseline -0.005 -10"><span class='ocrx_word' id='word_1_721' title='bbox 133 3020 347 3059; x_wconf 87' lang='grc' dir='ltr'>προσεποιεῖτο</span> <span class='ocrx_word' id='word_1_722' title='bbox 362 3017 478 3048; x_wconf 81' lang='lat' dir='ltr'><strong>Herod.</strong></span> <span class='ocrx_word' id='word_1_723' title='bbox 499 3034 539 3039; x_wconf 92' lang='lat'>——</span> <span class='ocrx_word' id='word_1_724' title='bbox 555 3018 596 3049; x_wconf 84' lang='grc' dir='ltr'>εὐ</span> <span class='ocrx_word' id='word_1_725' title='bbox 608 3019 622 3049; x_wconf 90' lang='grc' dir='ltr'>θ</span> <span class='ocrx_word' id='word_1_726' title='bbox 635 3019 648 3050; x_wconf 90' lang='grc' dir='ltr'>έ</span> <span class='ocrx_word' id='word_1_727' title='bbox 659 3029 685 3048; x_wconf 89' lang='grc' dir='ltr'>ω</span> <span class='ocrx_word' id='word_1_728' title='bbox 696 3030 709 3054; x_wconf 89' lang='grc' dir='ltr'>ς</span> <span class='ocrx_word' id='word_1_729' title='bbox 728 3017 790 3058; x_wconf 91' lang='grc' dir='ltr'>τε]</span> <span class='ocrx_word' id='word_1_730' title='bbox 805 3027 870 3049; x_wconf 88' lang='lat' dir='ltr'>om.</span> <span class='ocrx_word' id='word_1_731' title='bbox 889 3016 1014 3049; x_wconf 83' lang='lat' dir='ltr'>suidas.</span> <span class='ocrx_word' id='word_1_732' title='bbox 1038 3014 1125 3047; x_wconf 79' lang='lat' dir='ltr'><strong>Part.</strong></span> <span class='ocrx_word' id='word_1_733' title='bbox 1146 3024 1179 3045; x_wconf 90' lang='grc' dir='ltr'>τε</span> <span class='ocrx_word' id='word_1_734' title='bbox 1195 3012 1308 3044; x_wconf 78' lang='lat' dir='ltr'><strong>melius</strong></span> <span class='ocrx_word' id='word_1_735' title='bbox 1319 3011 1459 3049; x_wconf 57' lang='lat' dir='ltr'><strong>abessen</strong></span> <span class='ocrx_word' id='word_1_736' title='bbox 1475 3011 1560 3046; x_wconf 83' lang='grc' dir='ltr'>εὐθὺς</span> <span class='ocrx_word' id='word_1_737' title='bbox 1577 3010 1764 3050; x_wconf 82' lang='grc' dir='ltr'>Ἀλέξανδρος</span> <span class='ocrx_word' id='word_1_738' title='bbox 1779 3009 1816 3047; x_wconf 88' lang='grc' dir='ltr'>ἦν</span> <span class='ocrx_word' id='word_1_739' title='bbox 1834 3008 1951 3040; x_wconf 84' lang='lat' dir='ltr'>Herod.</span> <span class='ocrx_word' id='word_1_740' title='bbox 1971 3009 2032 3044; x_wconf 81' lang='lat' dir='ltr'>IV,</span> <span class='ocrx_word' id='word_1_741' title='bbox 2050 3011 2068 3039; x_wconf 90' lang='lat'><strong>8</strong></span> <span class='ocrx_word' id='word_1_742' title='bbox 2079 3031 2088 3047; x_wconf 88' lang='lat'><strong><em>,</em></strong></span> <span class='ocrx_word' id='word_1_743' title='bbox 2108 3011 2134 3039; x_wconf 85' lang='lat'>1.</span> <span class='ocrx_word' id='word_1_744' title='bbox 2150 3023 2192 3030; x_wconf 93' lang='lat'>-</span> <span class='ocrx_word' id='word_1_745' title='bbox 2203 3018 2273 3039; x_wconf 87' lang='grc' dir='ltr'>πα-</span> 
     </span>
     <span class='ocr_line' id='line_1_90' title="bbox 133 3053 2274 3106; baseline -0.005 -11"><span class='ocrx_word' id='word_1_746' title='bbox 133 3075 198 3106; x_wconf 89' lang='grc' dir='ltr'>ρεγ</span> <span class='ocrx_word' id='word_1_747' title='bbox 207 3064 311 3095; x_wconf 87' lang='grc' dir='ltr'>ένετο</span> <span class='ocrx_word' id='word_1_748' title='bbox 321 3062 333 3103; x_wconf 95' lang='grc'>]</span> <span class='ocrx_word' id='word_1_749' title='bbox 345 3063 537 3104; x_wconf 82' lang='grc' dir='ltr'>παραγέγονε</span> <span class='ocrx_word' id='word_1_750' title='bbox 548 3063 672 3095; x_wconf 82' lang='lat' dir='ltr'>suidas.</span> <span class='ocrx_word' id='word_1_751' title='bbox 684 3081 725 3086; x_wconf 94' lang='lat'>—</span> <span class='ocrx_word' id='word_1_752' title='bbox 738 3065 755 3095; x_wconf 89' lang='grc' dir='ltr'><strong>ὁ</strong></span> <span class='ocrx_word' id='word_1_753' title='bbox 771 3064 809 3095; x_wconf 82' lang='grc' dir='ltr'>δὲ</span> <span class='ocrx_word' id='word_1_754' title='bbox 825 3064 868 3102; x_wconf 85' lang='grc' dir='ltr'>δῆ</span> <span class='ocrx_word' id='word_1_755' title='bbox 877 3073 923 3104; x_wconf 84' lang='grc' dir='ltr'>μο</span> <span class='ocrx_word' id='word_1_756' title='bbox 934 3075 947 3099; x_wconf 92' lang='grc' dir='ltr'>ς</span> <span class='ocrx_word' id='word_1_757' title='bbox 966 3063 1062 3104; x_wconf 84' lang='grc' dir='ltr'>ὁρῶν</span> <span class='ocrx_word' id='word_1_758' title='bbox 1076 3061 1142 3092; x_wconf 86' lang='grc' dir='ltr'>κτλ.</span> <span class='ocrx_word' id='word_1_759' title='bbox 1158 3059 1170 3100; x_wconf 96' lang='grc'>]</span> <span class='ocrx_word' id='word_1_760' title='bbox 1184 3059 1298 3091; x_wconf 85' lang='lat' dir='ltr'>Suidas</span> <span class='ocrx_word' id='word_1_761' title='bbox 1314 3070 1320 3089; x_wconf 76' lang='grc' dir='ltr'>ι</span> <span class='ocrx_word' id='word_1_762' title='bbox 1336 3058 1353 3088; x_wconf 85' lang='grc' dir='ltr'><strong>ὁ</strong></span> <span class='ocrx_word' id='word_1_763' title='bbox 1364 3058 1396 3089; x_wconf 85' lang='grc' dir='ltr'>δὲ</span> <span class='ocrx_word' id='word_1_764' title='bbox 1409 3058 1505 3097; x_wconf 83' lang='grc' dir='ltr'>δῆμος</span> <span class='ocrx_word' id='word_1_765' title='bbox 1516 3057 1637 3097; x_wconf 80' lang='grc' dir='ltr'>ἔχαιρεν</span> <span class='ocrx_word' id='word_1_766' title='bbox 1649 3079 1657 3095; x_wconf 94' lang='grc'>,</span> <span class='ocrx_word' id='word_1_767' title='bbox 1671 3057 1730 3087; x_wconf 84' lang='grc' dir='ltr'>οὐκ</span> <span class='ocrx_word' id='word_1_768' title='bbox 1741 3056 1829 3091; x_wconf 80' lang='grc' dir='ltr'>εἰδὼς</span> <span class='ocrx_word' id='word_1_769' title='bbox 1839 3056 1894 3092; x_wconf 85' lang='grc' dir='ltr'>τήν</span> <span class='ocrx_word' id='word_1_770' title='bbox 1908 3055 1971 3086; x_wconf 79' lang='lat' dir='ltr'><strong>ete.</strong></span> <span class='ocrx_word' id='word_1_771' title='bbox 1982 3053 2074 3085; x_wconf 88' lang='grc' dir='ltr'>-ἐν</span> <span class='ocrx_word' id='word_1_772' title='bbox 2089 3058 2133 3095; x_wconf 84' lang='grc' dir='ltr'>τῇ</span> <span class='ocrx_word' id='word_1_773' title='bbox 2146 3054 2274 3095; x_wconf 86' lang='grc' dir='ltr'>Ῥώμῃ</span> 
     </span>
     <span class='ocr_line' id='line_1_91' title="bbox 133 3099 2272 3151; baseline -0.006 -9"><span class='ocrx_word' id='word_1_774' title='bbox 133 3109 280 3150; x_wconf 78' lang='grc' dir='ltr'>ὡς]οηι.</span> <span class='ocrx_word' id='word_1_775' title='bbox 296 3109 383 3141; x_wconf 81' lang='lat' dir='ltr'><strong>suid.</strong></span> <span class='ocrx_word' id='word_1_776' title='bbox 407 3125 448 3132; x_wconf 90' lang='lat'>·--</span> <span class='ocrx_word' id='word_1_777' title='bbox 466 3110 741 3149; x_wconf 81' lang='grc' dir='ltr'>ἀπέσκωψαν...</span> <span class='ocrx_word' id='word_1_778' title='bbox 765 3107 1088 3151; x_wconf 82' lang='grc' dir='ltr'>προγράμματος]</span> <span class='ocrx_word' id='word_1_779' title='bbox 1113 3106 1316 3145; x_wconf 79' lang='grc' dir='ltr'>ἀπέσκωψαν·</span> <span class='ocrx_word' id='word_1_780' title='bbox 1339 3104 1389 3135; x_wconf 88' lang='grc' dir='ltr'>διὰ</span> <span class='ocrx_word' id='word_1_781' title='bbox 1407 3104 1440 3135; x_wconf 89' lang='grc' dir='ltr'>δὲ</span> <span class='ocrx_word' id='word_1_782' title='bbox 1463 3102 1716 3144; x_wconf 79' lang='grc' dir='ltr'>προγραμμάτων</span> <span class='ocrx_word' id='word_1_783' title='bbox 1738 3101 1863 3133; x_wconf 80' lang='lat' dir='ltr'>Suidas.</span> <span class='ocrx_word' id='word_1_784' title='bbox 1879 3118 1920 3123; x_wconf 97' lang='lat'>—</span> <span class='ocrx_word' id='word_1_785' title='bbox 1945 3111 1992 3132; x_wconf 88' lang='grc' dir='ltr'>συ</span> <span class='ocrx_word' id='word_1_786' title='bbox 2003 3100 2080 3137; x_wconf 85' lang='grc' dir='ltr'>στή</span> <span class='ocrx_word' id='word_1_787' title='bbox 2091 3100 2198 3131; x_wconf 85' lang='grc' dir='ltr'>σασθ</span> <span class='ocrx_word' id='word_1_788' title='bbox 2209 3099 2272 3141; x_wconf 88' lang='grc' dir='ltr'>αι]</span> 
     </span>
     <span class='ocr_line' id='line_1_92' title="bbox 134 3146 2273 3192; baseline -0.006 -4"><span class='ocrx_word' id='word_1_789' title='bbox 134 3157 210 3188; x_wconf 83' lang='lat' dir='ltr'><strong>Post</strong></span> <span class='ocrx_word' id='word_1_790' title='bbox 222 3155 303 3186; x_wconf 81' lang='lat' dir='ltr'>hanc</span> <span class='ocrx_word' id='word_1_791' title='bbox 317 3163 427 3186; x_wconf 77' lang='lat' dir='ltr'>vocem</span> <span class='ocrx_word' id='word_1_792' title='bbox 441 3153 552 3186; x_wconf 81' lang='lat' dir='ltr'>suidas</span> <span class='ocrx_word' id='word_1_793' title='bbox 566 3155 643 3186; x_wconf 83' lang='lat' dir='ltr'><strong>nihil</strong></span> <span class='ocrx_word' id='word_1_794' title='bbox 657 3155 715 3186; x_wconf 79' lang='lat' dir='ltr'><strong>nisi</strong></span> <span class='ocrx_word' id='word_1_795' title='bbox 738 3156 807 3187; x_wconf 73' lang='lat' dir='ltr'>hmo</span> <span class='ocrx_word' id='word_1_796' title='bbox 830 3155 925 3187; x_wconf 78' lang='lat' dir='ltr'>habet</span> <span class='ocrx_word' id='word_1_797' title='bbox 951 3164 958 3182; x_wconf 76' lang='lat'>²</span> <span class='ocrx_word' id='word_1_798' title='bbox 974 3156 1013 3186; x_wconf 76' lang='lat' dir='ltr'>ot</span> <span class='ocrx_word' id='word_1_799' title='bbox 1030 3155 1062 3186; x_wconf 85' lang='grc' dir='ltr'>δὲ</span> <span class='ocrx_word' id='word_1_800' title='bbox 1075 3154 1223 3190; x_wconf 88' lang='grc' dir='ltr'>συνῆλθον</span> <span class='ocrx_word' id='word_1_801' title='bbox 1239 3152 1367 3192; x_wconf 77' lang='grc' dir='ltr'>ἀγαθαῖς</span> <span class='ocrx_word' id='word_1_802' title='bbox 1380 3149 1495 3182; x_wconf 87' lang='grc' dir='ltr'>ἐλπίσι.</span> <span class='ocrx_word' id='word_1_803' title='bbox 1513 3150 1660 3190; x_wconf 89' lang='grc' dir='ltr'>Στιχηδὸν</span> <span class='ocrx_word' id='word_1_804' title='bbox 1674 3149 1706 3180; x_wconf 84' lang='grc' dir='ltr'>δὲ</span> <span class='ocrx_word' id='word_1_805' title='bbox 1720 3149 1854 3184; x_wconf 79' lang='grc' dir='ltr'>ἑστῶτας</span> <span class='ocrx_word' id='word_1_806' title='bbox 1867 3147 1942 3179; x_wconf 85' lang='grc' dir='ltr'>ἰδὼν</span> <span class='ocrx_word' id='word_1_807' title='bbox 1955 3146 2046 3182; x_wconf 85' lang='grc' dir='ltr'>αὐτὸς</span> <span class='ocrx_word' id='word_1_808' title='bbox 2060 3146 2114 3186; x_wconf 86' lang='grc' dir='ltr'>μὲν</span> <span class='ocrx_word' id='word_1_809' title='bbox 2136 3146 2273 3185; x_wconf 84' lang='grc' dir='ltr'>ἐξῆλθεν,</span> 
     </span>
     <span class='ocr_line' id='line_1_93' title="bbox 134 3191 2275 3243; baseline -0.006 -8"><span class='ocrx_word' id='word_1_810' title='bbox 134 3203 271 3243; x_wconf 83' lang='grc' dir='ltr'>ἐπαφῆκε</span> <span class='ocrx_word' id='word_1_811' title='bbox 281 3203 314 3234; x_wconf 88' lang='grc' dir='ltr'>δὲ</span> <span class='ocrx_word' id='word_1_812' title='bbox 326 3203 395 3239; x_wconf 83' lang='grc' dir='ltr'>τοὺς</span> <span class='ocrx_word' id='word_1_813' title='bbox 405 3202 592 3242; x_wconf 88' lang='grc' dir='ltr'>στρατιώτας</span> <span class='ocrx_word' id='word_1_814' title='bbox 608 3213 615 3221; x_wconf 88' lang='grc'><em>·</em></span> <span class='ocrx_word' id='word_1_815' title='bbox 629 3204 681 3234; x_wconf 78' lang='grc' dir='ltr'>καὶ</span> <span class='ocrx_word' id='word_1_816' title='bbox 694 3203 808 3239; x_wconf 85' lang='grc' dir='ltr'>πάντας</span> <span class='ocrx_word' id='word_1_817' title='bbox 818 3203 1003 3243; x_wconf 77' lang='grc' dir='ltr'>συνέκοψαν.</span> <span class='ocrx_word' id='word_1_818' title='bbox 1015 3204 1170 3237; x_wconf 73' lang='grc' dir='ltr'>Τοσοῦτος</span> <span class='ocrx_word' id='word_1_819' title='bbox 1182 3201 1215 3231; x_wconf 84' lang='grc' dir='ltr'>δὲ</span> <span class='ocrx_word' id='word_1_820' title='bbox 1225 3199 1343 3238; x_wconf 83' lang='grc' dir='ltr'>ἐγένετο</span> <span class='ocrx_word' id='word_1_821' title='bbox 1359 3198 1448 3238; x_wconf 84' lang='grc' dir='ltr'>φόνος</span> <span class='ocrx_word' id='word_1_822' title='bbox 1457 3220 1466 3235; x_wconf 95' lang='grc'>,</span> <span class='ocrx_word' id='word_1_823' title='bbox 1477 3197 1558 3228; x_wconf 83' lang='grc' dir='ltr'>ὥστε</span> <span class='ocrx_word' id='word_1_824' title='bbox 1571 3197 1623 3228; x_wconf 90' lang='grc' dir='ltr'>τὸν</span> <span class='ocrx_word' id='word_1_825' title='bbox 1636 3196 1742 3227; x_wconf 85' lang='grc' dir='ltr'>Νεῖλον</span> <span class='ocrx_word' id='word_1_826' title='bbox 1755 3195 1956 3236; x_wconf 83' lang='grc' dir='ltr'>φοινιχθῆναι.</span> <span class='ocrx_word' id='word_1_827' title='bbox 1969 3210 2011 3216; x_wconf 91' lang='grc'>--</span> <span class='ocrx_word' id='word_1_828' title='bbox 2032 3192 2061 3224; x_wconf 80' lang='grc' dir='ltr'>Ἀ</span> <span class='ocrx_word' id='word_1_829' title='bbox 2070 3193 2087 3223; x_wconf 89' lang='grc' dir='ltr'>δ</span> <span class='ocrx_word' id='word_1_830' title='bbox 2095 3203 2111 3223; x_wconf 90' lang='grc' dir='ltr'>ο</span> <span class='ocrx_word' id='word_1_831' title='bbox 2119 3192 2137 3224; x_wconf 72' lang='lat' dir='ltr'>{a</span> <span class='ocrx_word' id='word_1_832' title='bbox 2145 3191 2275 3234; x_wconf 88' lang='grc' dir='ltr'>εντον]</span> 
     </span>
     <span class='ocr_line' id='line_1_94' title="bbox 133 3239 2227 3289; baseline -0.008 -5"><span class='ocrx_word' id='word_1_833' title='bbox 133 3251 316 3285; x_wconf 83' lang='grc' dir='ltr'>Ἀδουέντιον</span> <span class='ocrx_word' id='word_1_834' title='bbox 332 3250 444 3282; x_wconf 78' lang='lat' dir='ltr'>codex.</span> <span class='ocrx_word' id='word_1_835' title='bbox 460 3252 513 3282; x_wconf 86' lang='lat' dir='ltr'>Est</span> <span class='ocrx_word' id='word_1_836' title='bbox 527 3252 571 3282; x_wconf 87' lang='lat' dir='ltr'>M.</span> <span class='ocrx_word' id='word_1_837' title='bbox 593 3252 789 3282; x_wconf 80' lang='lat' dir='ltr'><em>Coclatmus</em></span> <span class='ocrx_word' id='word_1_838' title='bbox 803 3251 987 3282; x_wconf 79' lang='lat' dir='ltr'><em>Adventus.</em></span> <span class='ocrx_word' id='word_1_839' title='bbox 1011 3251 1051 3281; x_wconf 91' lang='lat' dir='ltr'>V.</span> <span class='ocrx_word' id='word_1_840' title='bbox 1070 3249 1232 3289; x_wconf 85' lang='lat' dir='ltr'><strong>interpret.</strong></span> <span class='ocrx_word' id='word_1_841' title='bbox 1247 3247 1288 3279; x_wconf 84' lang='lat' dir='ltr'>ad</span> <span class='ocrx_word' id='word_1_842' title='bbox 1304 3244 1475 3278; x_wconf 79' lang='lat' dir='ltr'>Herodian.</span> <span class='ocrx_word' id='word_1_843' title='bbox 1495 3245 1541 3275; x_wconf 88' lang='lat' dir='ltr'>VI</span> <span class='ocrx_word' id='word_1_844' title='bbox 1551 3268 1560 3283; x_wconf 91' lang='lat'><em>‚</em></span> <span class='ocrx_word' id='word_1_845' title='bbox 1586 3247 1619 3274; x_wconf 84' lang='lat'>12</span> <span class='ocrx_word' id='word_1_846' title='bbox 1630 3267 1639 3282; x_wconf 89' lang='lat'>,</span> <span class='ocrx_word' id='word_1_847' title='bbox 1661 3247 1670 3273; x_wconf 86' lang='lat'>1</span> <span class='ocrx_word' id='word_1_848' title='bbox 1685 3253 1693 3281; x_wconf 92' lang='lat'>;</span> <span class='ocrx_word' id='word_1_849' title='bbox 1710 3241 1801 3273; x_wconf 89' lang='lat' dir='ltr'>Dion.</span> <span class='ocrx_word' id='word_1_850' title='bbox 1818 3242 1976 3273; x_wconf 83' lang='lat' dir='ltr'>Lxxvm</span> <span class='ocrx_word' id='word_1_851' title='bbox 1989 3263 1997 3278; x_wconf 93' lang='lat'><em>‚</em></span> <span class='ocrx_word' id='word_1_852' title='bbox 2016 3243 2051 3271; x_wconf 84' lang='lat'>13</span> <span class='ocrx_word' id='word_1_853' title='bbox 2062 3262 2070 3276; x_wconf 94' lang='lat'>,</span> <span class='ocrx_word' id='word_1_854' title='bbox 2087 3239 2156 3271; x_wconf 86' lang='lat' dir='ltr'><strong>not.</strong></span> <span class='ocrx_word' id='word_1_855' title='bbox 2175 3240 2227 3272; x_wconf 84' lang='lat'>74.</span> 
     </span>
    </p>

    <p class='ocr_par' dir='ltr' id='par_1_12' title="bbox 134 3286 2277 3480">
     <span class='ocr_line' id='line_1_95' title="bbox 175 3286 2277 3337; baseline -0.007 -6"><span class='ocrx_word' id='word_1_856' title='bbox 175 3301 230 3332; x_wconf 82' lang='lat' dir='ltr'>Fr.</span> <span class='ocrx_word' id='word_1_857' title='bbox 255 3302 324 3330; x_wconf 87' lang='lat'>1:33.</span> <span class='ocrx_word' id='word_1_858' title='bbox 344 3300 384 3330; x_wconf 90' lang='lat' dir='ltr'>V.</span> <span class='ocrx_word' id='word_1_859' title='bbox 402 3296 572 3330; x_wconf 82' lang='lat' dir='ltr'><strong>Herodian.</strong></span> <span class='ocrx_word' id='word_1_860' title='bbox 588 3298 650 3337; x_wconf 90' lang='lat' dir='ltr'>IV,</span> <span class='ocrx_word' id='word_1_861' title='bbox 668 3302 775 3329; x_wconf 82' lang='lat'><strong>12-13.</strong></span> <span class='ocrx_word' id='word_1_862' title='bbox 793 3317 834 3323; x_wconf 97' lang='lat'><strong>—</strong></span> <span class='ocrx_word' id='word_1_863' title='bbox 855 3299 1001 3330; x_wconf 86' lang='grc' dir='ltr'>Μαθεῖν</span> <span class='ocrx_word' id='word_1_864' title='bbox 1026 3297 1089 3328; x_wconf 89' lang='grc' dir='ltr'>τὸν</span> <span class='ocrx_word' id='word_1_865' title='bbox 1116 3297 1194 3337; x_wconf 86' lang='grc' dir='ltr'>μετ’</span> <span class='ocrx_word' id='word_1_866' title='bbox 1215 3295 1330 3327; x_wconf 87' lang='grc' dir='ltr'>αὐτὸν</span> <span class='ocrx_word' id='word_1_867' title='bbox 1359 3289 1675 3334; x_wconf 83' lang='grc' dir='ltr'>βασιλεύσοντα]</span> <span class='ocrx_word' id='word_1_868' title='bbox 1690 3290 1729 3320; x_wconf 86' lang='grc' dir='ltr'>τὰ</span> <span class='ocrx_word' id='word_1_869' title='bbox 1752 3288 1818 3320; x_wconf 84' lang='grc' dir='ltr'>θεῖά</span> <span class='ocrx_word' id='word_1_870' title='bbox 1841 3299 1874 3319; x_wconf 90' lang='grc' dir='ltr'>τε</span> <span class='ocrx_word' id='word_1_871' title='bbox 1886 3289 1938 3320; x_wconf 85' lang='grc' dir='ltr'>καὶ</span> <span class='ocrx_word' id='word_1_872' title='bbox 1961 3288 1999 3319; x_wconf 87' lang='grc' dir='ltr'>τὰ</span> <span class='ocrx_word' id='word_1_873' title='bbox 2011 3286 2156 3327; x_wconf 85' lang='grc' dir='ltr'>δαιμόνια</span> <span class='ocrx_word' id='word_1_874' title='bbox 2179 3287 2277 3318; x_wconf 77' lang='grc' dir='ltr'>πολυ·</span> 
     </span>
     <span class='ocr_line' id='line_1_96' title="bbox 134 3333 2274 3388; baseline -0.007 -9"><span class='ocrx_word' id='word_1_875' title='bbox 134 3347 320 3388; x_wconf 85' lang='grc' dir='ltr'>πραγμονεῖν</span> <span class='ocrx_word' id='word_1_876' title='bbox 336 3343 453 3376; x_wconf 85' lang='lat' dir='ltr'><strong>Herod.</strong></span> <span class='ocrx_word' id='word_1_877' title='bbox 470 3362 506 3368; x_wconf 89' lang='lat'><em>-</em></span> <span class='ocrx_word' id='word_1_878' title='bbox 521 3343 687 3375; x_wconf 86' lang='grc' dir='ltr'>ἐπιστέλλει</span> <span class='ocrx_word' id='word_1_879' title='bbox 705 3342 768 3383; x_wconf 88' lang='grc' dir='ltr'>Μ.]</span> <span class='ocrx_word' id='word_1_880' title='bbox 791 3345 880 3382; x_wconf 58' lang='lat' dir='ltr'>Her„</span> <span class='ocrx_word' id='word_1_881' title='bbox 897 3344 946 3374; x_wconf 86' lang='grc' dir='ltr'>ἐπὶ</span> <span class='ocrx_word' id='word_1_882' title='bbox 965 3344 1043 3375; x_wconf 79' lang='grc' dir='ltr'>τέλει</span> <span class='ocrx_word' id='word_1_883' title='bbox 1063 3342 1225 3383; x_wconf 88' lang='grc' dir='ltr'>Μαρτενίῳ</span> <span class='ocrx_word' id='word_1_884' title='bbox 1255 3340 1326 3373; x_wconf 84' lang='lat' dir='ltr'>cod.</span> <span class='ocrx_word' id='word_1_885' title='bbox 1351 3357 1392 3363; x_wconf 90' lang='lat'>—</span> <span class='ocrx_word' id='word_1_886' title='bbox 1409 3338 1657 3380; x_wconf 81' lang='grc' dir='ltr'>χρησάμενον</span> <span class='ocrx_word' id='word_1_887' title='bbox 1677 3335 1836 3377; x_wconf 82' lang='grc' dir='ltr'>μαθεῖν]</span> <span class='ocrx_word' id='word_1_888' title='bbox 1865 3333 2059 3376; x_wconf 85' lang='grc' dir='ltr'>χρησάμενον</span> <span class='ocrx_word' id='word_1_889' title='bbox 2082 3334 2188 3374; x_wconf 84' lang='grc' dir='ltr'>μαθεῖν</span> <span class='ocrx_word' id='word_1_890' title='bbox 2205 3333 2274 3374; x_wconf 82' lang='grc' dir='ltr'>περὶ</span> 
     </span>
     <span class='ocr_line' id='line_1_97' title="bbox 135 3379 2274 3432; baseline -0.007 -8"><span class='ocrx_word' id='word_1_891' title='bbox 135 3396 190 3424; x_wconf 81' lang='grc' dir='ltr'>τοῦ</span> <span class='ocrx_word' id='word_1_892' title='bbox 212 3392 316 3428; x_wconf 84' lang='grc' dir='ltr'>τέλους</span> <span class='ocrx_word' id='word_1_893' title='bbox 328 3394 383 3422; x_wconf 82' lang='grc' dir='ltr'>τοῦ</span> <span class='ocrx_word' id='word_1_894' title='bbox 398 3390 466 3432; x_wconf 85' lang='grc' dir='ltr'>βίου</span> <span class='ocrx_word' id='word_1_895' title='bbox 479 3390 574 3421; x_wconf 73' lang='grc' dir='ltr'>αὑτοῦ</span> <span class='ocrx_word' id='word_1_896' title='bbox 584 3413 593 3428; x_wconf 88' lang='grc'>,</span> <span class='ocrx_word' id='word_1_897' title='bbox 606 3391 659 3421; x_wconf 78' lang='grc' dir='ltr'>καὶ</span> <span class='ocrx_word' id='word_1_898' title='bbox 674 3389 716 3430; x_wconf 87' lang='grc' dir='ltr'>μή</span> <span class='ocrx_word' id='word_1_899' title='bbox 728 3400 771 3425; x_wconf 83' lang='grc' dir='ltr'>τις</span> <span class='ocrx_word' id='word_1_900' title='bbox 786 3389 845 3429; x_wconf 79' lang='grc' dir='ltr'>ἄρα</span> <span class='ocrx_word' id='word_1_901' title='bbox 859 3389 1050 3421; x_wconf 71' lang='grc' dir='ltr'>ἐπιδουλεύοι</span> <span class='ocrx_word' id='word_1_902' title='bbox 1064 3392 1101 3430; x_wconf 80' lang='grc' dir='ltr'>τῇ</span> <span class='ocrx_word' id='word_1_903' title='bbox 1117 3389 1196 3430; x_wconf 82' lang='grc' dir='ltr'>ἀρχῇ</span> <span class='ocrx_word' id='word_1_904' title='bbox 1213 3387 1330 3420; x_wconf 82' lang='lat' dir='ltr'>Herod.</span> <span class='ocrx_word' id='word_1_905' title='bbox 1348 3406 1389 3413; x_wconf 91' lang='lat'>—</span> <span class='ocrx_word' id='word_1_906' title='bbox 1402 3387 1419 3418; x_wconf 87' lang='grc' dir='ltr'><strong>ὁ</strong></span> <span class='ocrx_word' id='word_1_907' title='bbox 1436 3386 1474 3417; x_wconf 83' lang='grc' dir='ltr'>δὲ</span> <span class='ocrx_word' id='word_1_908' title='bbox 1491 3385 1556 3416; x_wconf 71' lang='grc' dir='ltr'>ἅδε</span> <span class='ocrx_word' id='word_1_909' title='bbox 1567 3383 1634 3424; x_wconf 86' lang='grc' dir='ltr'>ῶς]</span> <span class='ocrx_word' id='word_1_910' title='bbox 1653 3391 1693 3415; x_wconf 84' lang='lat' dir='ltr'>ex</span> <span class='ocrx_word' id='word_1_911' title='bbox 1710 3384 1783 3414; x_wconf 86' lang='lat' dir='ltr'><strong>Her.</strong></span> <span class='ocrx_word' id='word_1_912' title='bbox 1796 3404 1804 3421; x_wconf 92' lang='lat'>,</span> <span class='ocrx_word' id='word_1_913' title='bbox 1820 3383 1837 3413; x_wconf 88' lang='grc' dir='ltr'>ὁ</span> <span class='ocrx_word' id='word_1_914' title='bbox 1850 3382 1881 3412; x_wconf 87' lang='grc' dir='ltr'>δὲ</span> <span class='ocrx_word' id='word_1_915' title='bbox 1896 3383 1936 3416; x_wconf 89' lang='grc' dir='ltr'>ὡς</span> <span class='ocrx_word' id='word_1_916' title='bbox 1951 3380 2023 3412; x_wconf 86' lang='lat' dir='ltr'>cod.</span> <span class='ocrx_word' id='word_1_917' title='bbox 2048 3397 2087 3402; x_wconf 85' lang='lat'>—-—</span> <span class='ocrx_word' id='word_1_918' title='bbox 2101 3379 2120 3420; x_wconf 85' lang='lat'>§</span> <span class='ocrx_word' id='word_1_919' title='bbox 2135 3384 2164 3411; x_wconf 85' lang='lat'>2.</span> <span class='ocrx_word' id='word_1_920' title='bbox 2181 3379 2274 3420; x_wconf 79' lang='grc' dir='ltr'>Κάρ-</span> 
     </span>
     <span class='ocr_line' id='line_1_98' title="bbox 136 3436 624 3480; baseline -0.008 -9"><span class='ocrx_word' id='word_1_921' title='bbox 136 3450 151 3480; x_wconf 92' lang='grc' dir='ltr'>ρ</span> <span class='ocrx_word' id='word_1_922' title='bbox 163 3450 199 3470; x_wconf 88' lang='grc' dir='ltr'>αι</span> <span class='ocrx_word' id='word_1_923' title='bbox 210 3438 244 3479; x_wconf 88' lang='grc' dir='ltr'>ς]</span> <span class='ocrx_word' id='word_1_924' title='bbox 259 3439 408 3476; x_wconf 60' lang='lat' dir='ltr'><strong>Gramen</strong></span> <span class='ocrx_word' id='word_1_925' title='bbox 423 3436 538 3477; x_wconf 81' lang='grc' dir='ltr'>Κάραις</span> <span class='ocrx_word' id='word_1_926' title='bbox 553 3436 624 3468; x_wconf 86' lang='lat' dir='ltr'><strong>cod.</strong></span> 
     </span>
    </p>
   </div>
  </div>
 </body>
</html>
