2372 3704
1047 209 1179 248 FRAG
1188 209 1378 248 MENTA.
2221 218 2288 254 502

132 298 303 346 γασμένος
317 310 326 319 ·
346 294 404 333 τὸν
425 294 460 332 δὲ
481 293 699 345 Ἰουγούρθαν
717 300 860 347 συχναῖς
880 294 1092 333 ἐταπείνωσε
1112 296 1184 345 μά-

131 369 232 407 χαις,
252 353 368 397 πόλεις
387 356 455 391 τῶν
483 353 670 403 Νουμιδῶν
694 352 826 397 πολλὰς
846 352 939 392 κατὰ
958 353 1082 406 κράτος
1112 354 1183 398 ἐξε-

132 410 215 459 λὼν,
236 411 296 450 καὶ
314 412 381 450 τῶν
405 411 599 464 ἐλεφάντων
619 409 697 454 τοὺς
716 410 779 461 μὲν
809 412 1028 464 διαφθείρας,
1051 411 1128 456 τοὺς
1148 412 1183 450 δὲ

132 473 262 516 ζῶντας
279 469 551 523 χειρωσάμενος.
566 471 619 509 Οὐ
640 469 759 523 πόρρω
778 473 859 522 γοῦν
880 470 1022 523 ἀπέχων
1042 474 1101 509 τοῦ
1124 470 1184 508 τέ-

131 531 211 574 λους
229 531 298 568 τῶν
325 527 589 581 πραττομένων,
617 528 795 582 παρελύθη
827 532 888 576 τῆς
918 531 1052 582 ἀρχῆς,
1076 531 1104 568 Γ
1106 529 1183 568 aion

133 587 273 641 Μαρίου
299 586 361 634 τὴν
391 587 504 641 ἀρχὴν
535 583 796 636 διαδεξαμένου.
819 588 1048 640 Παραλαὸὼν
1069 588 1104 626 δὲ
1124 587 1185 632 τὰς

133 646 295 698 δυνάμεις
312 650 329 685 6
345 647 483 700 Μάριος
499 652 619 699 κρατεῖ
639 646 701 697 μὲν
720 646 1000 698 ἀντιταξαμένων
1019 650 1087 686 τῶν
1105 647 1184 700 περὶ

131 705 190 744 τὸν
213 700 429 758 Ἰουγούρθαν
453 706 510 744 τὸν
532 706 679 757 βασιλέα
703 708 772 744 τῶν
796 706 1046 758 Μαυρουσίων,
1068 707 1185 750 πόλεις

132 765 168 804 δὲ
185 764 244 803 καὶ
263 759 358 808 οὗτός
374 780 468 808 τινας
483 766 551 803 τῶν
562 766 749 815 Νουμιδῶν
762 764 929 812 καθελὼν,
946 766 992 809 ὡς
1004 764 1112 818 πέρας
1129 767 1184 804 εὖ-

132 823 234 876 τυχὲς
250 825 293 862 δι’
314 823 430 874 ὀλίγου
450 827 510 862 τοῦ
529 824 657 867 παντὸς
675 825 805 875 ἀγῶνος
825 823 984 877 ἀφίκετο,
1003 823 1093 876 ἔχων
1116 823 1184 862 ὑπὸ

131 887 234 935 χεῖρα
262 882 320 920 τὸν
341 876 488 935 βασιλέα
509 885 576 921 τῶν
607 882 784 930 ἐναντίων,
802 882 1011 935 προδοθέντα
1031 883 1093 933 μὲν
1117 883 1184 921 ὑπὸ

132 941 271 993 Βόκχου
290 945 352 979 τοῦ
374 940 596 993 Μαυρουσίου
616 942 806 993 συμμάχου
826 943 895 985 τοῖς
913 941 1090 990 ἐναντίοις,
1112 944 1182 995 ἀχ-

132 997 233 1038 θέντα
257 999 294 1038 δὲ
324 1000 549 1052 αἰχμάλωτον
572 1003 640 1039 ὑπὸ
664 1000 860 1053 Κορνηλίου
881 1001 1036 1050 Σύλλου,
1065 1002 1185 1054 ἀνδρὸς

133 1058 288 1109 μεγάλου
320 1073 357 1096 τε
387 1058 447 1096 καὶ
475 1059 632 1109 γενναίου
663 1057 708 1096 τὰ
737 1058 927 1109 πολεμικά.
961 1058 1006 1099 Ὁ
1037 1060 1103 1112 γάρ
1132 1076 1184 1099 τοι

131 1115 268 1168 Βόκχος
287 1117 549 1160 τιθασσευθεὶςε
537 1116 604 1154 υπὸ
623 1133 682 1156 του
703 1119 860 1165 Σύλλου,
876 1134 935 1156 και
951 1119 1183 1171 φιλοφροσύνῃ

131 1174 236 1227 λόγου
255 1175 339 1227 πρὸς
360 1174 494 1213 εὔνοιαν
514 1176 698 1228 ὑπαχθεὶς,
719 1175 776 1214 τὸν
798 1175 860 1226 μὲν
882 1176 1102 1230 Ἰουγούρθαν
1114 1194 1185 1225 αα-

131 1234 329 1287 ταφυγόντα
357 1233 446 1283 μετὰ
473 1233 537 1281 τὴν
556 1238 664 1281 ἧτταν
683 1236 729 1278 ὡς
754 1235 873 1282 αὐτὸν,
892 1235 1006 1274 καίτοι
1008 1235 1183 1304 ωγιιιμὸρὸν

132 1292 238 1340 ὄντα,
263 1291 324 1331 συν
348 1293 474 1344 ὀλίγοις
502 1292 733 1346 στρατιώταις
755 1293 963 1346 ἀφικόμενος
984 1296 1034 1332 τῶ
1062 1293 1184 1346 Σύλλᾳ

132 1351 271 1389 δίδωσιν
299 1350 408 1402 ἄγειν,
435 1350 537 1395 αὐτὸς
567 1350 603 1390 δὲ
631 1352 675 1390 τὰ
694 1351 882 1402 Ῥωμαίων
912 1334 1037 1393 εἵλετό.
1061 1353 1185 1397 Οὕτως

132 1409 202 1462 ἄρα
228 1409 330 1460 λόγος
352 1409 490 1462 μέτριος
508 1410 570 1448 καὶ
598 1410 830 1464 φιλοφροσύνη
853 1411 992 1461 μείζονα
1015 1412 1184 1456 πολλάκις

133 1484 200 1506 των
222 1467 339 1507 ὅπλων
365 1468 426 1506 καὶ
446 1471 515 1506 τῶν
538 1469 822 1522 πολυανθρωπων
843 1469 1054 1522 καθώρθωσε
1073 1486 1184 1523 στρα-

131 1542 216 1566 τοπε
203 1521 302 1566 ε’δων.
326 1526 372 1566 Ὁ
391 1531 474 1579 γοῦν
502 1523 676 1572 Σύλλας’
661 1529 719 1566 επὶ
741 1528 871 1567 τούτων
892 1529 1182 1581 μεγαλαυχούμε-

132 1599 207 1635 νος,
226 1584 287 1624 καὶ
306 1591 376 1623 πᾶν
393 1585 432 1623 τὸ
449 1584 603 1637 πραχθὲν
622 1601 701 1638 περι
718 1585 776 1624 τὸν
797 1585 1019 1639 Ἰουγούρθαν
1036 1587 1183 1626 οἰκειού·

134 1657 250 1693 μενος,
283 1644 317 1687 ἐς
344 1646 448 1682 τοῦτο
480 1645 631 1696 προῆλθε
664 1645 881 1697 φιλοτιμίας,
913 1647 959 1689 ὡς
987 1646 1184 1684 ἐντυπῶσαι

132 1701 307 1755 δακτυλίῳ
331 1700 395 1749 τὴν
424 1701 540 1740 εἰκόνα
563 1719 625 1750 της
650 1702 827 1756 πράξεως·
860 1703 1088 1755 ἐνεγέγλυπτο
1116 1705 1184 1758 γὰρ

132 1763 151 1799 6
175 1760 239 1811 μὲν
259 1761 394 1814 Βόκχος
414 1761 678 1821 παραδιδους,
665 1775 682 1799 ο
704 1761 740 1800 δὲ
760 1763 901 1806 Σύλλας
919 1762 978 1801 τὸν
1007 1763 1183 1817 Ἰουγούρ-

133 1822 196 1857 θαν
215 1819 531 1872 παραλαμὸάνων·
563 1820 614 1872 ἐφ’
639 1823 668 1873 ᾧ
689 1819 730 1866 δὴ
751 1820 977 1873 χαλεπαίνειν
1005 1823 1101 1860 αὐτῶ
1124 1823 1184 1861 καὶ

133 1875 267 1931 φθονεῖν
286 1877 425 1925 ἀδήλως
444 1880 462 1917 6
479 1877 616 1931 Μάριος
634 1878 779 1931 ἤρξατο

623 1956 688 1993 65.

185 2026 288 2063 Ibid.
321 2034 361 2074 p.
388 2025 462 2062 15:
484 2023 571 2064 *Ότι
599 2024 750 2077 Τρύφων
781 2024 838 2062 τὸν
874 2025 1021 2077 βασιλέα
1051 2027 1183 2079 Συρίας

132 2079 319 2135 Ἀντίοχον,
333 2087 372 2121 οὑ
388 2082 511 2135 μικρὸν
527 2082 674 2135 πρόσθεν
702 2083 890 2135 σύμμαχος
913 2085 1087 2136 ἐγεγόνει,
1110 2087 1181 2124 διε·

132 2142 291 2195 χρήσατο
307 2142 415 2194 δόλῳ·
435 2141 537 2185 αὐτός
564 2157 601 2180 τε
618 2143 680 2189 τὴν
705 2141 818 2194 ἀρχὴν
843 2142 1101 2193 διαδεξάμενος,
1120 2146 1181 2182 αὖ·

1248 293 1330 332 τίκα
1361 294 1428 332 tub
1457 297 1525 333 τῶν
1556 295 1678 347 Σύρων
1711 298 1955 350 διαφθείρεται.
2016 299 2150 351 Κρατεῖ
2166 299 2202 338 δὲ
2230 302 2292 345 τῆς

1247 353 1435 403 ἡγεμονίας
1468 353 1640 404 Ἀντίοχος
1665 357 1683 392 6
1702 355 1870 402 Σιδήτης,
1898 357 2100 408 Δημητρίου
2127 356 2190 407 μὲν
2210 363 2293 402 παὶ(

1246 413 1307 448 τοῦ
1326 410 1494 463 προτέρου
1512 414 1521 460 (
1541 426 1592 451 sc.
1614 416 1673 450 τοῦ
1697 415 1860 464 Σωτῆρος
1881 416 1889 463 )
1909 415 2075 465 γεγονὼς,
2093 417 2236 468 ἀδελφὸς
2256 415 2292 454 δὲ

1245 472 1306 507 τοῦ
1325 469 1481 522 δευτέρου
1498 470 1702 522 Δημητρίου
1721 472 1730 520 (
1744 485 1797 510 sc.
1819 475 1879 509 τοῦ
1895 473 2085 525 Νικάτορος
2101 475 2130 525 ).

1738 548 1801 585 66.

1299 615 1400 654 Ibid.
1425 629 1466 665 p.
1502 616 1546 652 15
1569 615 1682 654 τ”Οτι
1715 615 1888 668 Ἀντίοχος
1919 619 1937 654 6
1966 617 2116 664 Σιδήτης
2135 619 2292 667 ἐπίκλην,

1246 674 1264 710 6
1275 671 1338 719 τὴν
1351 673 1586 726 Ἰερουσαλὴμ
1600 673 1793 726 πορθήσας,
1813 675 1942 726 Συρίας
1955 675 2127 726 βασιλεὺς,
2144 676 2293 730 Ἀρσάκῃ

1245 733 1295 784 τῷ
1317 732 1529 784 Παρθυαίων
1561 733 1711 784 δυνάστῃ
1738 734 2050 786 προσπολεμῆσας,
2080 736 2292 787 ἀναιρεῖται,

1246 790 1357 843 ἐνάτῳ
1386 794 1448 838 τῆς
1475 790 1652 842 βασιλείας
1681 793 1840 845 ἐνιαυτῶ.
1863 792 2033 836 Σέλευκος
2054 793 2123 830 δὲ’
2108 793 2165 830 επὶ
2185 794 2295 846 τούτῳ

1245 849 1307 894 τὴν
1337 849 1450 902 ἀρχὴν
1478 850 1692 902 διαδέχεται.
1737 850 1828 889 Ἀλλ’
1858 854 1876 890 6
1909 851 1971 901 μὲν
2004 851 2070 889 {mh
2091 853 2294 904 Δημητρίου

1247 902 1340 952 αυθις
1367 909 1613 953 ἐπανελθόντος
1640 913 1859 962 καθαιρεῒται
1889 927 1950 958 της
1975 910 2149 961 ἐξουσίας,
2180 927 2295 949 κατα-

1246 967 1410 1019 φεύγειτε
1429 967 1515 1020 πρὸς
1529 967 1587 1005 τὸν
1611 969 1827 1021 Παρθυαῖον,
1848 969 1909 1007 καὶ
1924 968 1986 1016 τὴν
1999 971 2105 1008 αὐτοῦ
2126 969 2295 1022 θυγατέρα
2313 967 2323 980 ⁴

1245 1025 1380 1073 λαὸὼν,
1405 1026 1499 1076 μένει
1517 1026 1609 1064 κατὰ
1622 1027 1684 1073 τὴν
1704 1027 1835 1080 χώραν.

1299 1098 1328 1123 2.
1350 1086 1493 1124 Σκυθῶν
1518 1086 1554 1123 δὲ
1573 1085 1650 1124 τότε
1671 1085 1733 1132 τὴν
1758 1087 1867 1137 μέσην
1884 1089 1952 1125 τῶν
1974 1085 2143 1138 ποταμῶν
2162 1089 2296 1141 ἐπιτρε-

1245 1143 1393 1196 χόντων,
1419 1143 1479 1182 καὶ
1502 1144 1564 1191 τὴν
1586 1144 1757 1197 Ἀρσάκου
1785 1146 1965 1197 βασιλείαν
1985 1146 2214 1197 ληιζομένων,
2233 1149 2296 1185 αὖ·

1244 1202 1302 1246 τός
1325 1219 1362 1240 τε
1380 1206 1396 1241 6
1418 1205 1617 1255 Παρθυαῖος
1641 1203 1732 1241 κατὰ
1752 1203 1810 1242 τὸν
1829 1204 1982 1254 πόλεμον
2001 1206 2214 1258 ἀναιρεῖται,
2235 1206 2296 1243 καὶ

1245 1263 1262 1298 ὁ
1284 1260 1374 1311 μετὰ
1405 1265 1524 1299 τοῦτον
1549 1261 1611 1308 τὴν
1635 1262 1823 1313 ἠγεμονίαν
1845 1263 2091 1318 παρειληφὼς,
2120 1263 2295 1317 ὑπόφορος

1245 1319 1379 1372 γίνεται
1395 1320 1561 1363 Σκύθαις.

1301 1392 1330 1416 3.
1353 1378 1575 1430 Ἀλέξανδρος
1593 1378 1629 1417 δὲ
1661 1382 1679 1417 6
1707 1380 1963 1434 πρεσὸύτερος,
1988 1383 2026 1420 ἐκ
2053 1384 2114 1428 τ’ἧς
2133 1375 2295 1435 Ἀραδίοις

1246 1435 1357 1486 ἥκων,
1379 1437 1468 1474 πολύ
1487 1452 1524 1474 τε
1543 1438 1672 1483 πλῆθος
1689 1439 1899 1476 ἀκοντιστῶν
1921 1439 2152 1489 ἐπαγόμενος,
2173 1444 2297 1490 Δημη-

1247 1492 1332 1546 τρίῳ
1349 1492 1440 1531 κατὰ
1460 1494 1522 1540 τὴν
1553 1495 1685 1547 Συρίαν
1707 1496 1883 1546 ἐπολέμει.
1914 1496 2002 1535 Ἐπὶ
2020 1496 2108 1534 πολύ
2122 1513 2159 1534 τε
2182 1499 2296 1542 αὐτοῖς

1249 1554 1310 1598 τῆς
1336 1552 1454 1604 μάχης
1474 1554 1714 1604 ἐκτεινομένης
1735 1554 1853 1607 φεύγει
1882 1555 2083 1608 Δημήτριος
2103 1557 2148 1599 εἷς
2169 1555 2296 1608 Τύρον,

1246 1610 1307 1649 καὶ
1327 1611 1534 1664 συλληφθεὶς
1555 1613 1770 1665 ἀναιρεῖται,
1797 1613 1858 1660 ἔτη
1876 1613 1906 1651 δ’
1925 1617 1987 1660 τῆς
2007 1616 2118 1666 ἀρχῆς
2138 1615 2298 1652 ἀπολαύ-

1250 1685 1327 1714 σας.
1361 1671 1672 1724 Συνδιαφθείρεται
1699 1671 1734 1709 δὲ
1763 1671 1875 1725 τούτῳ
1901 1673 1994 1711 κατὰ
2019 1671 2081 1719 τὴν
2106 1673 2296 1723 Δαμασκὸν

1246 1728 1306 1767 καὶ
1324 1731 1342 1767 6
1361 1734 1444 1773 παῖς
1465 1730 1657 1779 Σέλευκος,
1677 1730 1743 1768 ὑπὸ
1766 1734 1826 1779 τ’ἧς
1848 1734 1970 1770 ἑαυτοῦ
2001 1731 2131 1784 μητρὸς
2154 1733 2296 1785 δολοφο-

1245 1789 1357 1835 νηθεὶς
1376 1788 1551 1840 Ἀπάμης.

1745 1845 1806 1891 67.

1298 1914 1392 1951 EXC.
1412 1915 1469 1949 De
1489 1915 1574 1948 virt.
1604 1925 1644 1962 p.
1681 1923 1781 1962 790:
1805 1912 1889 1952 εὈτι
1919 1913 2032 1951 αἰτίαν
2058 1912 2100 1966 τῇ
2132 1915 2294 1967 πολιτικῇ

1245 1968 1379 2014 κινήσει
1398 1972 1545 2021 παρεῖχε
1567 1971 1671 2014 Γάϊος
1688 1971 1841 2022 Μάριος,
1858 1971 1955 2009 ἕκτον
1979 1972 2129 2023 γεγονὼς
2150 1971 2294 2016 ὕπατος.

1246 2027 1291 2067 ‘H
1322 2028 1385 2078 μὲν
1419 2028 1485 2079 γὰρ
1515 2029 1622 2080 βουλὴ
1646 2028 1714 2067 τῶν
1745 2029 1810 2068 ὑπὸ
1834 2034 1892 2068 τοῦ
1925 2031 2139 2083 Μιθριδάτου
2174 2047 2296 2068 νεωτε-

1247 2086 1430 2138 ρισθέντων
1468 2088 1654 2138 αἰσθομένη
1692 2089 1758 2138 τήν,
1797 2104 1835 2126 τε
1873 2089 1990 2127 Ἀσίαν
2027 2089 2094 2136 ἤδη
2132 2089 2191 2127 καὶ
2229 2089 2293 2136 τὴν

1247 2145 1403 2184 Ἑλλάδα
1428 2147 1694 2200 κατειληφότος,
1714 2148 1907 2199 Κορνήλιον
1929 2147 2070 2186 Σύλλαν
2090 2147 2147 2186 τὸν
2164 2147 2293 2187 ὕπατον

132 2263 155 2286 α
168 2256 292 2286 senatu
303 2254 490 2295 reprobata
500 2256 561 2286 est.
575 2256 701 2286 Postea
709 2256 832 2286 contra
840 2254 999 2292 eundem,
1012 2257 1206 2297 insequenti
1218 2266 1323 2293 anno,
1339 2259 1486 2298 Spurius
1496 2258 1639 2290 Albinus
1648 2260 1847 2290 Postumius
1854 2258 2030 2299 profectus
2043 2261 2105 2291 est.
2119 2262 2151 2292 1s
2164 2268 2296 2300 quoque

130 2311 193 2345 per
201 2302 362 2343 fratrem
382 2303 607 2343 iqnominiose
622 2304 746 2334 contra
762 2302 932 2334 Numidas
947 2306 1136 2343 puynavit.
1159 2306 1268 2336 Tertio
1291 2306 1418 2337 missus
1440 2308 1477 2343 Q.
1502 2306 1656 2338 Gaecilius
1677 2306 1836 2338 Metellus
1859 2307 1998 2343 consul,
2023 2309 2215 2340 exercitum
2240 2309 2295 2339 in-

132 2351 225 2390 qenti
238 2351 425 2382 severitate
442 2358 482 2381 ac
499 2349 734 2381 moderatione
750 2352 962 2386 correctum,
983 2359 1091 2392 quum
1106 2352 1198 2383 nihil
1215 2353 1251 2383 in
1271 2357 1480 2392 quemquam
1497 2355 1681 2384 cruentum
1686 2352 1844 2393 faceret,
1863 2353 1912 2385 ad
1929 2354 2159 2394 disciplinam
2177 2357 2296 2386 Roma·

133 2403 218 2431 nam
243 2396 409 2436 redum&
433 2397 648 2438 Juqurtham
671 2398 781 2429 variis
811 2398 941 2437 proeliis
961 2400 1064 2435 vicit,
1098 2397 1301 2438 elephantos
1318 2398 1391 2437 ejus
1409 2398 1462 2429 vel
1478 2398 1602 2430 occidit
1627 2399 1681 2431 vel
1706 2401 1816 2439 cepit;
1834 2399 1966 2431 multas
1983 2401 2143 2432 civitates
2170 2401 2243 2440 ejvs
2259 2402 2297 2431 in

133 2446 300 2479 ditionem
314 2447 455 2486 accepit.
468 2447 516 2478 Et
534 2453 643 2487 quum
649 2444 728 2484 jam
745 2443 833 2476 betto
852 2444 954 2480 finem
971 2447 1196 2486 impositurus
1211 2447 1307 2481 esset,
1327 2454 1520 2477 successum
1537 2448 1588 2478 est
1603 2448 1633 2478 ei
1649 2455 1671 2478 a
1690 2449 1722 2478 C.
1739 2449 1864 2479 Mario,
1886 2450 1918 2479 Is
1934 2448 2152 2486 Juqurtliam
2166 2450 2199 2480 et
2217 2450 2298 2479 Boc-

132 2493 253 2529 chum,
270 2494 499 2525 Mauritaniae
520 2501 650 2532 reqem,
668 2493 729 2532 qui
744 2492 922 2524 auxilium
935 2493 1121 2532 Juqurthae
1134 2492 1238 2532 ferre
1259 2496 1428 2533 camerac,
1444 2495 1586 2534 pariter
1605 2496 1798 2534 superavit.
1816 2495 2011 2536 Aliquanta
2029 2497 2063 2527 et
2083 2498 2155 2536 ipse
2170 2495 2297 2536 oppida

132 2538 307 2574 Numidiae
329 2541 438 2580 cepit,
467 2540 621 2581 belloque
638 2541 825 2571 terminum
847 2542 963 2580 posuit
979 2543 1080 2581 capto
1098 2540 1277 2580 Juqurtha
1295 2548 1355 2580 per
1378 2543 1583 2581 quaestorem
1599 2549 1703 2572 suum
1730 2542 1926 2573 Cornelium
1953 2542 2104 2582 Syllam,
2126 2543 2298 2582 umentem

133 2590 272 2621 virum:
291 2587 448 2619 tradente
461 2587 591 2619 Boccho
614 2586 851 2626 Juqurtliam,
873 2589 933 2628 qui
954 2597 1017 2628 pro
1038 2597 1075 2620 eo
1100 2590 1182 2620 ante
1193 2591 1426 2628 puqnaverac.
1448 2608 1489 2615 -
1505 2591 1546 2625 ὡς
1566 2589 1680 2630 πέρας]
1699 2590 1807 2621 malim
1822 2591 1863 2626 εἰς
1878 2602 1910 2621 π.

174 2631 227 2666 Fr.
254 2638 305 2666 66.
331 2635 383 2673 τῷ
405 2631 662 2674 Παρθυαίων]
681 2635 741 2668 τῶς
764 2633 836 2665 cod.
851 2630 1109 2671 -Σέλευκος,
1116 2636 1220 2673 ..τὴν
1245 2635 1368 2676 ἀρχὴν
1391 2636 1642 2678 διαδέχεται]
1662 2638 1856 2678 Porphyrius
1880 2638 1936 2678 (v.
1960 2639 2041 2669 tom.
2066 2640 2130 2678 Ill,
2152 2647 2182 2678 p.
2211 2637 2298 2677 713)

133 2683 303 2723 postquam
317 2680 443 2713 dixerat
459 2680 653 2713 Antiochum
667 2680 796 2712 Sideten
811 2682 923 2721 proelio
937 2684 1048 2714 contra
1061 2688 1200 2715 Arsacen
1214 2683 1384 2715 commisso
1398 2683 1548 2716 cecidisse
1564 2685 1634 2722 (an.
1654 2687 1709 2715 158
1723 2685 1733 2724 )
1748 2709 1757 2724 ,
1776 2684 1865 2715 addit
1880 2694 1887 2715 ε
1907 2686 1950 2716 At
1964 2684 2164 2724 ejusfitium
2178 2687 2297 2716 tenera

133 2731 237 2762 aetate
261 2729 459 2764 Seleucum,
477 2731 536 2770 qui
559 2730 637 2760 erat
654 2729 691 2759 in
704 2731 820 2768 patris
836 2731 1024 2766 comitatu,
1050 2733 1192 2763 Arsaces
1209 2733 1388 2771 captivum
1410 2731 1559 2763 abduxit
1575 2733 1734 2772 reqioque
1753 2740 1847 2763 inore
1864 2731 2127 2764 custodiendum
2144 2729 2295 2765 curavit.

134 2777 292 2808 Praeterea
313 2775 407 2815 liujus
423 2776 545 2808 Seleuci
562 2776 603 2807 ab
620 2778 735 2807 Arsace
754 2778 849 2816 capti
866 2777 1061 2809 mentionem
1082 2778 1155 2809 facit
1169 2787 1187 2810 e
1211 2778 1371 2810 Posidonii
1388 2778 1448 2818 (fr.
1476 2779 1535 2818 19)
1560 2779 1707 2810 Historiis
1732 2779 1906 2810 Athenaeus
1925 2781 1980 2817 IV,
2008 2787 2039 2818 p.
2066 2782 2145 2818 153,
2171 2782 2214 2816 Α,
2230 2786 2298 2818 (μισ

132 2823 205 2855 loco
224 2831 298 2855 eum
320 2823 493 2863 βασιλέα
515 2822 663 2863 appellat.
684 2824 830 2855 Fortasse
850 2823 946 2864 igitur
973 2825 1127 2856 Seleucus
1151 2826 1296 2865 captivus
1314 2834 1370 2865 per
1389 2825 1519 2865 aliquod
1545 2829 1688 2865 tempus,
1709 2825 1890 2865 usquedum
1914 2826 2095 2857 Demetrius
2116 2826 2148 2856 iu
2170 2825 2294 2865 Syriam

126 2870 237 2906 ,redux
263 2878 397 2910 regnum
421 2869 598 2907 firmasset,
616 2871 706 2909 reqis
724 2869 855 2902 titulum
872 2870 931 2902 sibi
958 2871 1146 2902 vindicavit.
1166 2872 1266 2912 quue
1293 2872 1402 2903 fecerit
1418 2873 1549 2903 auctore
1575 2875 1711 2909 Arsace,
1738 2881 1858 2911 quein,
1883 2873 2012 2903 devicto
2028 2872 2202 2910 Antiocho,
2223 2879 2294 2912 ραν,-

132 2919 244 2950 nitere
265 2917 398 2949 dimissi
416 2919 581 2949 Demetrii
605 2919 707 2958 coepit
724 2928 735 2950 :
753 2917 801 2950 ad
816 2926 917 2959 quem
933 2918 1183 2951 retrahendum
1205 2928 1313 2960 quum
1334 2920 1469 2950 turmas
1496 2920 1653 2958 equitum
1666 2918 1840 2957 festinato
1865 2921 2032 2954 misisset,
2061 2920 2293 2952 Demetrium,

134 2964 196 2997 hoc
208 2966 322 3004 ipsum
341 2966 566 2999 metuentem,
582 2964 657 3003 jam
676 2966 711 2996 in
730 2973 834 3005 reqno
855 2967 951 2997 missi
977 2967 1205 3003 invenerunt,
1228 2967 1436 3006 frustraque
1451 2967 1570 2997 omnia
1591 2967 1710 2996 conati
1736 2965 1785 2997 ad
1802 2974 1915 3005 reqem
1937 2974 2041 2998 suum
2063 2967 2190 2997 reversi
2212 2966 2295 2996 sunt

134 3011 272 3051 (sustin.
293 3012 448 3050 XXXlX,
467 3014 503 3043 10
518 3011 542 3051 ).
563 3013 638 3042 Hoec
656 3019 751 3051 porro
766 3020 877 3042 ansam
893 3011 1039 3044 dederint
1062 3013 1149 3045 salsae
1174 3014 1224 3045 isti
1247 3013 1441 3050 narrationi,
1459 3021 1557 3052 quam
1579 3012 1726 3052 sequitur
1741 3014 1881 3044 Joannes
1899 3014 2020 3045 noster.
2037 3032 2079 3039 —
2093 3013 2216 3043 αὐτοῦ
2238 3012 2294 3042 θυ-

133 3057 305 3100 γατέρα]
320 3060 416 3090 αὑτοῦ
440 3059 467 3090 θ.
484 3058 598 3089 codex.
621 3059 813 3098 Magnopere
831 3067 945 3090 vereor
969 3068 1009 3090 ne
1028 3060 1199 3091 Seleucum
1224 3062 1336 3092 Noster
1353 3059 1533 3090 confuderit
1558 3068 1632 3090 cum
1649 3059 1812 3091 Demetrio
1828 3059 1993 3098 Nicatore,
2018 3060 2069 3091 cui
2087 3059 2213 3098 captivo
2235 3060 2294 3088 Ar-

133 3114 223 3138 saces
237 3106 434 3146 Rodogunen
451 3106 548 3137 filiam
565 3105 598 3136 in
625 3105 869 3137 matrimonium
886 3105 1030 3138 dederat.
1047 3123 1088 3129 —
1109 3112 1138 3138 2.
1171 3109 1218 3138 De
1243 3107 1346 3137 morte
1359 3105 1483 3137 Arsacis
1499 3107 1558 3137 vll
1587 3115 1611 3137 S.
1636 3106 1763 3137 Pliraati
1790 3108 1831 3138 ΙΙ.
1856 3115 1890 3137 v,
1917 3107 2035 3139 Justin.
2054 3108 2158 3144 XLlI,
2188 3110 2216 3143 1,
2242 3104 2293 3135 dc-

134 3162 199 3195 que
211 3153 280 3193 ejus
298 3162 480 3186 successore
494 3157 609 3185 Arsace
624 3154 696 3186 Vlll
719 3153 881 3185 Artabano
897 3155 945 3194 11,
968 3162 1000 3185 v.
1024 3154 1098 3185 ibid.
1113 3164 1142 3187 c.
1159 3159 1188 3186 2.
1207 3171 1247 3176 —
1271 3158 1301 3185 3.
1326 3154 1416 3189 Ἀλέξ.
1435 3154 1452 3184 ὁ
1474 3153 1762 3195 πρεσὸύτερος]
1779 3162 1824 3185 sc.
1847 3154 2025 3185 Alexander
2041 3156 2068 3185 11
2085 3153 2202 3185 zabina
2214 3175 2222 3190 ,
2237 3150 2294 3190 qui·

134 3200 288 3233 dicendus
308 3202 376 3233 erat
403 3202 421 3232 ὁ
452 3201 658 3240 Ινεώτερος,
676 3200 937 3240 quandoquidem
955 3201 1015 3232 hoc
1038 3202 1166 3233 nomine
1188 3201 1394 3240 distinguitur
1420 3201 1461 3231 ab
1478 3200 1660 3231 Alexandro
1686 3203 1700 3232 1
1730 3201 1819 3232 Bala.
1842 3203 1889 3233 De
1912 3202 2065 3233 Demetrii
2089 3201 2152 3232 fine
2173 3209 2205 3230 v.
2232 3201 2294 3229 Ju-

134 3249 210 3281 stin.
225 3250 356 3280 XXXIX
367 3272 376 3288 ,
395 3252 425 3286 2,
445 3247 612 3287 Porphyrii
626 3248 741 3287 fragm.
762 3247 906 3278 chronol.
923 3249 1003 3278 tom.
1024 3250 1065 3279 ΙΙΙ
1076 3271 1085 3286 ,
1104 3257 1135 3288 p.
1151 3252 1210 3280 713
1226 3248 1333 3286 ibique
1348 3246 1504 3277 laudatos.
1520 3266 1562 3272 —
1575 3246 1603 3278 Ἀ
1615 3247 1666 3278 πά
1677 3247 1769 3288 μης]
1785 3250 1852 3279 Hoc
1868 3249 1979 3279 salsum
2001 3251 2058 3279 est.
2076 3251 2194 3287 Apame
2211 3255 2293 3276 uxor

135 3296 196 3327 fuit
216 3295 345 3328 Seleuci
360 3297 531 3327 Nicatoris
548 3295 601 3334 (V.
621 3294 755 3334 Appiau.
772 3297 842 3333 Syr.
860 3295 940 3333 57);
959 3296 1149 3326 Demetrius
1169 3304 1243 3325 vero
1257 3296 1398 3325 Nicator
1411 3293 1548 3325 duxerat
1570 3295 1806 3335 Cleopatram,
1829 3296 1991 3327 Ptolemaei
2014 3292 2290 3331 1‘11i101m·10riss.;

134 3350 208 3383 quoe
225 3341 326 3373 tilium
344 3349 438 3372 suum
455 3341 625 3373 Seleucum
639 3341 766 3372 necavit
782 3342 856 3380 (an.
874 3345 931 3372 125
942 3342 965 3380 ).
981 3343 1019 3372 V.
1035 3341 1167 3381 Appian.
1183 3344 1253 3381 Syr.
1269 3344 1327 3380 68;
1344 3341 1453 3372 Livius
1470 3342 1550 3381 Epit.
1568 3346 1620 3373 60.
2234 3355 2250 3364 ν

177 3391 232 3421 Fr.
247 3392 286 3422 67
307 3390 439 3429 Eutrop.
463 3391 504 3428 V,
520 3392 536 3419 3
553 3398 560 3419 :
580 3390 748 3420 Caussam
763 3387 851 3419 bello
864 3388 958 3419 civili
978 3390 1013 3420 C.
1029 3389 1183 3423 Marius,
1207 3390 1317 3420 sexies
1334 3387 1471 3422 consul,
1488 3387 1594 3419 dedit.
1613 3389 1703 3419 Nam
1723 3397 1831 3428 quum
1849 3388 1943 3427 Sylla
1962 3386 2082 3418 consul
2098 3387 2217 3416 contra
2234 3386 2309 3415 Min·

137 3436 326 3469 thridatem
340 3437 500 3476 yesturus
515 3437 660 3475 bellum,
681 3442 739 3480 qui
754 3436 873 3467 Asiam
888 3437 920 3467 et
936 3435 1100 3468 Achaiam
1119 3437 1367 3476 occupaverat,
1385 3436 1598 3471 mitteretur,
1619 3437 1714 3475 isque
1734 3437 1923 3466 exercitum
1939 3443 1973 3465 in
1994 3434 2185 3472 Campania
2202 3438 2291 3471 pau<

321 3507 512 3531 rasennam
534 3504 657 3528 uisi-ou.
689 3507 741 3530 cn.
764 3517 796 3520 —
813 3508 882 3530 τοι,
905 3509 944 3531 ιν,
1607 3516 1612 3520 -
1915 3517 1917 3519 -
2076 3495 2110 3517 ⁵⁵⁴³
