2326 3724
958 186 1297 226 FRAGMENTA.

99 295 144 320 58.
163 279 328 332 Σαπφὼ
341 282 363 327 ἠ
394 276 529 318 Λεσὸία
547 277 594 315 δι’
613 275 727 328 ἔρωτα
752 275 900 319 Φάωνος
934 278 996 313 τοῦ
1022 276 1093 314 Μι·

45 339 230 386 τυληναίου
250 338 289 376 ἐκ
304 340 364 376 τοῦ
384 334 548 376 Λευκάτα
571 333 816 373 κατεπόντισεν
835 332 976 380 ἑαυτήν.

100 410 148 436 59.
177 396 415 450 Σοφοκλῆς
446 396 464 432 ὃ
488 392 650 446 τραγικὸς
677 392 823 444 μέλιττα
853 394 1012 430 ἐκαλεῖτο
1033 389 1090 429 διὰ

45 455 85 494 τὸ
99 454 179 502 ἡδύ.

99 527 148 553 ⁶0.
171 511 363 565 Σώφρων
385 511 644 565 Συρακούσιος,
673 508 936 560 Ἀγαθοκλέους,
962 507 1092 561 ἔγραψε

47 572 291 623 καταλογάδην
317 569 445 622 Δωρίδι
475 569 646 622 διαλέκτῳ
675 568 802 619 μίμους
831 567 1006 620 ἀνδρείους
1032 566 1092 605 καὶ

46 630 274 683 γυναικείους.
306 628 380 668 Καί
416 644 500 682 φασι
527 629 704 668 Πλάτωνα
730 626 790 665 τὸν
817 627 1003 680 φιλόσοφον
1038 625 1092 663 ἀεὶ

49 688 267 742 ἐντυγχάνειν
287 689 420 736 αὐτοῖς,
449 689 495 733 ὡς
513 687 574 727 καὶ
599 685 777 726 καθεύδειν
798 686 855 726 ἐπ’
880 688 994 724 αὐτῶν
1023 684 1093 723 ἔσθ’

47 747 119 788 ὅτε.

100 820 149 847 οι.
183 805 392 846 Στίλπων
423 807 442 843 ὁ
466 803 653 856 Μεγαρεὺς
685 806 837 843 τοιοῦτον
868 803 1093 856 εὑρησιλογίᾳ

47 865 106 905 καὶ
124 864 302 918 σοφιστείᾳ
319 867 452 916 προῆγε
468 862 544 907 τοὺς
559 863 703 911 ἄλλους,
720 862 810 900 ὥστε
828 866 952 915 μικροῦ
964 863 1093 909 Ιδεῆσαι

48 930 164 963 πᾶσαν
195 922 258 970 τὴν
283 922 440 962 Ἑλλάδα
471 923 655 974 ἀφορῶσαν
685 924 732 965 εἰς
756 922 858 959 αὐτὸν
890 920 1091 972 μεγαρίσαι.

46 981 248 1021 Ἀπέσπασε
269 982 331 1032 μὲν
349 976 407 1020 οὖν
423 980 483 1019 καὶ
499 981 625 1025 ἄλλους
637 979 787 1024 πολλοὺς
798 1009 807 1027 ,
825 979 967 1033 Δίφιλον
984 979 1019 1017 δὲ
1036 979 1094 1017 τὸν

48 1039 284 1093 Βοσποριανὸν
304 1039 364 1078 καὶ
383 1038 566 1092 Μύρμηκα
583 1038 641 1077 τὸν
660 1037 859 1083 Ἐξαινέτου
871 1068 880 1086 ,
897 1053 1096 1090 παραγενο-

49 1098 171 1150 μένους
186 1102 230 1142 ὡς
245 1098 456 1150 ἐλέγξοντας,
471 1097 628 1146 ζηλωτὰς
641 1097 741 1150 ἔσχε.
759 1100 891 1137 Τοῦτον
907 1096 1097 1150 ἀπεδέχετο

48 1157 108 1196 καὶ
129 1159 348 1206 Πτολεμαῖος
366 1160 383 1196 ὃ
401 1157 540 1210 Σωτήρ·
557 1156 618 1195 καὶ
632 1156 802 1209 ἐγκρατὴς
816 1155 988 1210 Μεγάρων
1000 1156 1096 1208 γενό·

50 1231 173 1267 μενος,
204 1216 318 1255 ἐδίδου
345 1232 383 1255 τε
408 1215 569 1268 ἀργύριον
595 1217 708 1267 αὐτῷ,
737 1215 797 1253 καὶ
828 1215 1021 1268 παρεκάλει
1052 1215 1098 1258 εἷς

47 1274 229 1327 Αἴγυπτον
250 1276 435 1326 συμπλεῖν.
454 1274 500 1314 ‘0
520 1273 556 1313 δὲ
585 1273 723 1326 μέτριον
741 1274 804 1324 μέν
823 1289 857 1312 τι
876 1272 1097 1326 τάργυριδίου

49 1334 251 1386 προσήκατο
266 1363 277 1384 ,
311 1332 547 1387 ἀρνησάμενος
575 1332 612 1371 δὲ
636 1333 698 1380 τὴν
731 1332 822 1380 ὁδὸν,
852 1333 1020 1383 μετῆλθεν
1052 1334 1099 1376 εἷς

48 1392 210 1445 Αἴγιναν,
228 1392 291 1437 ἕως
308 1393 434 1436 ἐκεῖνος
449 1392 680 1431 ἀπέπλευσεν.
695 1391 800 1430 Ἀλλὰ
819 1390 878 1429 καὶ
895 1390 1098 1443 Δημήτριος

50 1451 69 1488 ὃ
97 1450 289 1502 Ἀντιγόνου
316 1449 530 1489 καταλαὸὼν
557 1449 603 1487 τὰ
631 1449 801 1502 Μέγαρα,
827 1448 890 1495 τήν
918 1465 956 1487 τε
987 1447 1097 1487 οἰκίαν

51 1511 156 1547 αὐτοῦ
177 1511 418 1562 φυλαχθῆναι,
444 1508 505 1547 καὶ
524 1507 640 1547 πάντα
670 1508 715 1546 τὰ
746 1507 970 1561 ἁρπασθέντα
989 1508 1100 1560 προῦ-

53 1567 172 1615 νόησεν
187 1568 411 1614 ἀποδοθῆναι.
424 1566 516 1606 “Ore
531 1566 591 1605 καὶ
610 1567 809 1621 βουλομένῳ
819 1568 1015 1619 παράὗτοῧ
1031 1568 1099 1604 τῶν

52 1625 282 1665 ἀπολωλότων
301 1624 504 1678 ἀναγραφὴν
523 1625 658 1673 λαὸεῑν,
683 1625 747 1679 ἔφη
775 1625 884 1676 μηδὲν
909 1627 977 1662 τῶν
1004 1624 1099 1662 ἰδίων

53 1684 331 1723 ἀπολωλεκέναι·
349 1683 509 1722 παιδείαν
528 1683 596 1737 γὰρ
614 1684 746 1734 μηδένα
763 1683 1025 1736 ἐξενηνοχέναι,
1041 1683 1099 1722 τόν

51 1759 90 1781 τε
108 1742 209 1794 λόγον
230 1741 323 1795 ἔχειν
342 1742 401 1780 καὶ
428 1741 491 1789 τὴν
513 1742 726 1793 ἐπιστήμην.
761 1743 831 1781 Καὶ
862 1743 956 1795 αὐτῷ
987 1743 1101 1780 διαλε-

51 1801 145 1854 χθεὶς
159 1801 238 1851 περὶ
252 1800 440 1853 ἀνθρώπων
454 1801 777 1854 εὖεργεσίας,οῧτως
791 1795 881 1839 εἷλεν
896 1800 984 1839 ὥστε
997 1816 1102 1853 προσ-

55 1860 146 1913 έχειν
183 1862 292 1913 αὐτῷ.
321 1854 393 1900 ῗΗν
419 1860 455 1898 δὲ
482 1862 618 1907 ἀληθῶς
643 1862 861 1914 κομψότατος
889 1859 949 1898 καὶ
972 1859 1102 1913 ἀφελὴς

54 1918 113 1957 καὶ
141 1918 397 1963 ἀνεπίπλαστος
425 1918 509 1971 πρός
534 1935 571 1957 τε
597 1919 655 1957 τὸν
685 1919 822 1966 ἰδιώτην
852 1918 998 1964 εὔθετος.
1030 1914 1101 1958 Οῧ-

52 1993 108 2021 τος
128 1976 209 2015 ἷδὼν
229 1977 286 2015 τὸν
309 1977 479 2029 Κράτητα
494 1979 664 2029 χειμῶνος
679 1977 958 2028 συγκεκαυμένον
971 1993 979 2001 ·
1005 1995 1020 2012 «
1047 1973 1101 2016 ⁰³⁰ss

56 2036 210 2088 Κράτης,
229 2030 321 2084 εἶπε,
339 2038 448 2081 δοκεῖς
462 2052 521 2087 μοι
534 2036 653 2088 χρείαν
674 2036 765 2089 ἔχειν
777 2036 917 2087 ἱματίου
933 2041 1051 2076 καινοῦ
1063 2057 1079 2072 u
1090 2067 1101 2087 ‚

53 2094 132 2142 ἤτοι
157 2098 216 2132 νοῦ
246 2094 307 2133 καὶ
332 2094 488 2146 ἱματίου.
520 2094 592 2134 Καὶ
622 2094 659 2139 ὃς
690 2094 903 2148 παρῳδήσας
932 2089 1027 2134 εἶπεν
1056 2098 1103 2140 εἷς

57 2152 160 2192 αὐτὸν
180 2152 288 2193 οὕτω·

139 2225 200 2257 Καὶ
218 2225 278 2265 μὴν
291 2224 441 2256 Στίλπων’
456 2226 586 2257 εἰσεῖδον
599 2224 711 2267 χαλέπ’
727 2224 812 2265 ἄλγε’
826 2225 939 2267 ἔχοντα

138 2271 170 2303 ἐν
189 2271 360 2312 Μεγάροις,
380 2272 426 2303 ὅθι
444 2273 518 2313 φασὶ
534 2273 679 2312 Τυφωέος
692 2272 821 2313 ἔμμεναι
835 2271 935 2308 εὐνάς.

135 2317 254 2351 Ἐνθάδ’
266 2318 430 2359 ἐρίζεσκεν,
446 2319 554 2350 πολλοὶ
567 2319 594 2350 δ’
611 2319 685 2360 ἀμφ’
699 2319 790 2350 αὐτὸν
805 2320 936 2360 ἑταῖροι·

136 2365 191 2403 τὴν
207 2364 235 2397 δ’
252 2365 361 2407 ἀρετὴν
377 2366 461 2407 παρὰ
478 2365 610 2407 γράμμα
626 2366 788 2403 διώκοντες
807 2367 998 2408 κατέτριὸον.

56 2458 168 2509 Οὗτος
191 2466 208 2503 ὁ
239 2465 403 2504 Στίλπων
429 2465 587 2518 γηράσας
606 2465 665 2504 καὶ
684 2465 835 2513 νοσήσας
860 2460 948 2505 οἶνον
968 2466 1100 2520 προσή-

57 2537 143 2561 κατο
155 2554 164 2571 ,
183 2525 230 2567 ὡς
242 2523 364 2576 τάχιον
376 2525 532 2575 ἀποθάνῃ
547 2540 555 2548 ·
573 2524 591 2562 δ
613 2524 672 2562 καὶ
687 2526 840 2576 γέγονεν.
858 2520 970 2570 Οὗτος
985 2526 1104 2579 ἀνῄρει

57 2580 102 2619 τὰ
118 2581 191 2629 εἴδη
202 2598 210 2605 ·
230 2583 291 2636 καί
306 2582 402 2633 ἔλεγε
421 2582 479 2621 τὸν
495 2582 642 2635 λέγοντα
660 2583 839 2635 ἄνθρωπον
857 2578 944 2622 εἶναι
960 2585 1105 2636 μηδένα·

60 2638 139 2678 οὔτε
159 2639 227 2692 γὰρ
247 2641 343 2679 τόνδε
366 2634 453 2679 εἶναι
477 2642 555 2680 οὔτε
575 2641 671 2680 τόνδε
685 2658 694 2666 ·
710 2642 744 2680 τί
763 2642 830 2694 γὰρ
857 2645 988 2693 μᾶλλον
1010 2644 1106 2683 τόνδε

59 2697 84 2744 ἢ
103 2697 221 2748 τόνδε;
245 2701 316 2737 οὐδ’
339 2699 408 2752 ἄρα
426 2699 539 2741 τόνδε.
567 2701 638 2740 Καὶ
662 2700 788 2739 πάλιν·
813 2702 853 2740 τὸ
871 2702 1025 2755 λάχανον
1045 2705 1107 2742 οὐκ

61 2755 134 2795 ἔστι
146 2757 185 2795 τὸ
202 2757 437 2809 δεικνύμενον·
458 2758 611 2811 λάχανον
628 2759 695 2812 γὰρ
714 2754 757 2808 ἧν
775 2761 842 2814 πρὸ
858 2762 990 2815 μυρίων
1008 2764 1107 2802 ἐτῶν·

61 2816 125 2854 οὒκ
145 2815 213 2868 ἄρα
232 2816 306 2855 ἐστὶ
322 2820 422 2856 τοῦτο
439 2817 609 2870 λάχανον.

558 2926 606 2964 Τ.

118 3042 166 3072 62.
196 3032 384 3084 Τίμαιος
410 3035 672 3088 Ταυρομενίτης
699 3036 997 3091 γραοσυλλέκτρια
1032 3038 1110 3076 ἐλέ-

65 3105 144 3141 γετο
159 3120 172 3141 ‚
191 3091 247 3130 διὰ
263 3091 302 3130 τὸ
320 3091 365 3130 τὰ
379 3092 531 3146 τυχόντα
550 3095 774 3148 ἀναγράφειν.

2127 191 2201 229 ¹7⁵

1196 281 1247 311 58.
1259 277 1394 320 sappho
1419 277 1532 311 Lesbia
1547 286 1657 310 amore
1670 278 1807 311 Phaonis
1833 279 2008 320 Mytilenaei
2020 280 2135 314 ardens
2161 281 2203 314 de

1153 339 1292 371 Leucate
1304 338 1523 379 promontorio
1539 337 1571 369 in
1590 346 1678 370 mare
1696 338 1892 379 praecipitem
1908 347 1942 371 se
1957 339 2055 372 dedit.

1196 401 1246 430 59.
1261 396 1438 438 Sophocles
1454 396 1595 437 tragicus
1607 396 1674 437 apis
1692 397 1935 437 cognominatus
1951 398 2012 430 suit
2026 398 2069 430 ob
2091 400 2204 432 carmi·

1153 456 1204 489 nis
1221 456 1427 488 suavitatem.

1197 520 1249 550 60.
1264 514 1419 556 sophron
1433 513 1621 555 Syracusius
1631 513 1812 554 Agathoclis
1820 513 1906 546 filius
1921 514 2046 555 scripsit
2061 515 2205 549 oratione

1154 591 1260 623 soluta
1278 591 1312 622 et
1340 589 1457 622 Dorica
1480 588 1617 621 dialecto
1640 588 1755 621 Mimos
1777 589 1935 621 masculos
1961 590 1994 621 et
2015 589 2205 628 muliebres,

1154 672 1237 705 quos
1253 663 1420 696 Platonem
1432 669 1558 702 semper
1568 661 1599 692 in
1613 660 1763 693 manibus
1778 660 1927 693 habuisse
1945 660 2065 701 ferunt,
2082 660 2207 702 illisque

1155 739 1317 772 interdum
1333 740 1430 772 etiam
1446 738 1682 772 indormivisse.

1197 816 1247 846 61.
1267 814 1401 855 stilpon
1425 813 1617 854 Megarensis
1636 812 1832 845 inventionis
1853 812 1954 853 gratia
1966 812 1999 844 et
2023 812 2154 853 argutiis
2175 811 2209 843 in

1155 878 1283 910 tantum
1295 879 1457 918 superavit
1467 879 1602 917 ceteros,
1616 878 1653 909 ut
1666 878 1794 909 tantum
1807 885 1872 908 non
1886 876 1991 908 omnis
2005 875 2127 908 Graecia
2137 885 2209 907 con·

1154 938 1246 979 jectis
1257 939 1289 970 in
1303 947 1378 971 eum
1394 938 1497 971 oculis
1510 939 1633 970 intenta
1646 938 1853 978 megarissare
1868 937 2011 977 coeperit.
2025 937 2142 969 Avellit
2156 937 2210 969 ita·

1157 1007 1221 1039 que
1234 998 1274 1030 ab
1284 998 1346 1030 illis
1358 999 1477 1031 multos
1490 998 1682 1039 discipulos:
1699 999 1853 1039 praeterea
1869 998 2031 1039 Diphilum
2045 998 2211 1038 Bosporia-

1157 1067 1237 1090 num
1251 1060 1283 1091 et
1299 1060 1494 1100 Myrmecem
1508 1058 1655 1090 Exoeneti
1668 1058 1769 1090 filium
1783 1057 1823 1089 ad
1836 1067 1869 1090 se
1878 1058 2042 1091 venientes
2058 1058 2210 1099 arguendi

1157 1119 1258 1160 gratia
1273 1121 1445 1151 sectatores
1466 1119 1590 1151 habuit.
1609 1119 1712 1160 Magni
1732 1128 1807 1151 eum
1832 1118 1967 1151 faciebat
1982 1120 2078 1151 etiam
2102 1120 2211 1152 Ptole-

1158 1189 1259 1212 maeus
1284 1181 1395 1220 Soter;
1418 1179 1475 1220 qui
1497 1180 1598 1220 caplis
1625 1179 1760 1220 Megaris
1785 1180 1818 1212 et
1844 1179 2013 1220 pecuniam
2037 1180 2081 1212 illi
2106 1180 2210 1221 misit,

1158 1243 1191 1273 et
1219 1239 1367 1272 invitavit
1383 1241 1420 1272 ut
1444 1249 1555 1272 secum
1572 1240 1605 1272 in
1629 1241 1801 1281 AEgyptum
1827 1241 1962 1273 veniret.
1982 1241 2038 1273 llle
2065 1241 2212 1282 pecuniae

1159 1301 1339 1342 pauxillum
1354 1301 1488 1342 accepit,
1505 1301 1559 1333 sed
1583 1301 1615 1332 in
1641 1303 1813 1342 AEgyptum
1835 1301 1879 1333 ire
1895 1311 2046 1334 recusans
2064 1302 2213 1342 migravit

1159 1359 1324 1399 AEginam,
1344 1359 1446 1391 donec
1471 1359 1523 1391 ille
1537 1360 1674 1392 abiisset.
1703 1362 1887 1394 Demetrius
1917 1371 2045 1403 quoque
2065 1363 2213 1403 Antigoni

1161 1420 1245 1452 tilius
1261 1429 1364 1460 quum
1384 1420 1517 1460 cepisset
1538 1422 1718 1462 Megaram,
1742 1421 1877 1454 domum
1898 1423 1942 1454 illi
1955 1423 2075 1455 servari
2091 1424 2124 1455 et
2139 1432 2213 1464 quae

1160 1481 1284 1522 direpta
1304 1482 1408 1513 essent
1433 1482 1551 1513 cuncta
1576 1481 1700 1513 restitui
1726 1482 1862 1514 curavit.
1889 1483 1950 1515 Ubi
1963 1492 2064 1524 quum
2086 1493 2124 1516 ea
2139 1493 2214 1524 quae

1161 1541 1302 1574 amiserit
1315 1543 1351 1573 ut
1372 1541 1491 1582 scripto
1511 1542 1569 1573 sibi
1585 1541 1725 1574 traderet
1742 1534 1900 1582 moneret,
1916 1543 1995 1575 nihil
2013 1553 2122 1576 rerum
2139 1554 2215 1576 sua-

1161 1612 1235 1635 rum
1251 1611 1284 1635 se
1309 1602 1483 1643 perdidisse
1499 1602 1664 1643 respondit
1683 1615 1691 1634 :
1709 1603 1828 1643 quippe
1844 1603 2026 1636 doctrinam
2050 1606 2082 1636 et
2108 1604 2217 1640 erudi-

1161 1664 1282 1696 tionem
1307 1663 1366 1695 sibi
1385 1662 1543 1694 ademisse
1567 1663 1749 1702 neminem,
1778 1664 2000 1706 reliquamque
2018 1665 2077 1697 sibi
2101 1675 2168 1698 esse
2184 1667 2216 1698 et

1162 1724 1378 1765 eloquentiam
1406 1725 1439 1755 et
1467 1723 1679 1764 disciplinam.
1706 1725 1812 1765 Atque
1839 1725 1929 1757 illum
1965 1734 2039 1766 erga
2070 1726 2217 1759 homines

1162 1785 1382 1817 beneficentiae
1406 1784 1575 1816 admonuit
1592 1786 1682 1816 tanta
1698 1786 1852 1817 orationis
1865 1786 1910 1825 vi,
1926 1787 1962 1818 ut
1976 1795 2034 1818 rex
2046 1787 2133 1819 illius
2147 1787 2215 1827 ‚iam

1162 1846 1323 1878 studiosus
1336 1853 1465 1886 prorsus
1481 1844 1610 1876 auditor
1629 1844 1731 1877 fieret.
1754 1847 1831 1877 Erat
1845 1855 1957 1878 revera
1974 1847 2123 1888 festivus,
2137 1850 2216 1880 sim-

1163 1906 1249 1946 plex,
1258 1905 1470 1937 simulationis
1482 1904 1619 1945 nescius,
1628 1907 1660 1937 et
1673 1905 1807 1937 rudibus
1818 1907 2089 1940 accommodatus.
2107 1910 2217 1946 Quum

1166 1966 1296 1999 vidisset
1312 1967 1417 1998 hieme
1433 1966 1596 1999 Cratetem
1619 1966 1735 2006 frigore
1751 1966 1923 2007 adustum,
1944 1980 1958 1995 «
1976 1971 2003 2000 Ο
2018 1970 2147 2009 Crates,
2165 1970 2217 2001 in-

1163 2031 1251 2072 quit,
1266 2031 1383 2063 videris
1398 2029 1478 2062 milii
1502 2030 1645 2071 indigere
1668 2030 1765 2072 pallio
1782 2040 1869 2063 novo
1883 2032 2035 2073 (καινοῦ,
2054 2033 2087 2065 id
2103 2035 2150 2066 est
2163 2036 2217 2066 καὶ

1163 2099 1230 2136 νοῦ,
1247 2108 1262 2122 «
1282 2095 1379 2136 pallio
1398 2096 1430 2127 et
1447 2096 1557 2128 mente
1580 2095 1629 2136 n).
1652 2095 1745 2128 Unde
1766 2097 1879 2129 Crates
1902 2096 1996 2129 illum
2012 2098 2070 2130 tali
2085 2099 2218 2140 parodia

1163 2160 1239 2194 lusit
1253 2170 1262 2194 ε

1236 2224 1325 2260 Atqui
1337 2231 1392 2260 ego
1409 2224 1576 2261 Stilponem
1589 2224 1716 2260 Megaris
1726 2225 1803 2254 mala
1817 2227 1912 2255 multa
1923 2226 2070 2257 ferentem

1237 2272 1309 2306 vidi,
1322 2273 1372 2300 ubi
1386 2272 1545 2301 monstrosi
1560 2280 1621 2300 esse
1636 2271 1738 2301 ferunt
1753 2273 1900 2303 habitacla
1920 2275 2058 2312 Typhoei.

1236 2319 1293 2347 Hic
1306 2318 1509 2347 contendebat
1522 2319 1668 2353 Juvenum
1681 2319 1846 2348 comitante
1855 2323 1975 2350 caterva
1986 2343 1996 2358 ‚

1238 2366 1380 2395 virtutem
1389 2365 1546 2394 absumens
1558 2365 1651 2394 verbo
1671 2368 1758 2395 ter-us
1768 2368 1955 2397 assectando.

1168 2476 1267 2506 Porro
1284 2474 1409 2514 stilpon
1428 2473 1516 2506 senio
1529 2473 1696 2506 confectus
1711 2474 1890 2516 morboque
1908 2475 2086 2517 implicitus
2104 2477 2218 2510 vinum

1168 2533 1328 2574 poposcit,
1343 2542 1408 2574 quo
1425 2542 1510 2565 mors
1523 2533 1756 2566 acceleraretur
1774 2547 1782 2566 :
1798 2534 1885 2575 quod
1899 2536 1932 2567 et
1945 2535 2066 2568 evenit.
2082 2538 2142 2569 Hic
2154 2538 2220 2569 tol·

1168 2594 1254 2626 lebat
1271 2594 1416 2633 species:
1441 2594 1474 2624 et
1496 2593 1659 2625 bominem
1673 2616 1682 2631 ,
1705 2594 1762 2633 qui
1789 2603 1900 2626 secum
1923 2595 2126 2636 disputabat,
2152 2606 2220 2629 esse

1168 2653 1303 2693 negabat
1318 2661 1442 2693 :neque
1455 2652 1540 2684 enim
1555 2653 1610 2693 qui
1625 2652 1805 2693 disputaret
1829 2654 1916 2686 hunc
1941 2664 2008 2687 esse
2026 2656 2079 2688 vel
2097 2656 2183 2688 hunc
2210 2670 2218 2689 2

1169 2714 1226 2752 qui
1242 2712 1327 2744 enim
1347 2713 1432 2743 hunc
1450 2712 1550 2751 magis
1565 2720 1665 2752 quam
1683 2711 1791 2742 hunc?
1810 2720 1872 2743 non
1891 2711 1988 2752 igitur
2011 2712 2109 2745 bunc.
2135 2715 2219 2745 Rur-

1170 2779 1298 2811 susque,
1309 2783 1324 2798 «
1341 2771 1421 2802 Olus
1429 2770 1513 2810 quod
1528 2770 1708 2802 ostenditur
1720 2779 1785 2801 non
1796 2771 1861 2803 est:
1874 2771 1946 2803 olus
1955 2771 2040 2803 enim
2048 2773 2123 2804 ante
2133 2773 2221 2804 mille

1170 2839 1271 2862 annos
1288 2829 1348 2861 suit
1362 2838 1370 2859 :
1385 2837 1451 2861 non
1464 2831 1511 2861 est
1522 2829 1619 2869 igitur
1633 2829 1694 2860 hoc
1709 2829 1790 2861 olus.
1807 2842 1823 2857 ›-

1669 2926 1717 2964 T.

1213 3044 1263 3071 62.
1288 3041 1315 3071 T
1313 3040 1430 3071 imaeus
1443 3037 1670 3070 Tauromenita
1692 3037 1798 3070 dictus
1817 3038 1878 3070 suit
1893 3038 2042 3071 convicio
2058 3041 2146 3072 Anus
2157 3040 2219 3072 col-

1173 3100 1285 3132 lectrix
1297 3123 1306 3139 ,
1322 3108 1359 3130 eo
1382 3098 1470 3139 quod
1487 3098 1624 3130 trivialia
1642 3099 1866 3131 conscriberet.

107 3201 126 3242 §
140 3206 189 3234 58.
205 3202 338 3236 Suidas:
357 3206 492 3247 Σαπφὼ,
509 3207 629 3239 Λεσὸία
640 3207 676 3239 ἐκ
690 3187 864 3246 Μιτυλήνης
874 3231 883 3248 ,
899 3207 1044 3250 ψάλτριαι.
1059 3208 1144 3245 Αὕτη
1157 3206 1195 3238 δι’
1210 3206 1362 3248 ἔρωτα...
1382 3206 1505 3244 ἑαυτήν.
1521 3205 1607 3241 Τινὲς
1620 3205 1653 3237 δὲ
1666 3206 1718 3237 καὶ
1732 3206 1845 3244 ταύτης
1859 3206 1936 3238 εἶναι
1950 3205 2075 3246 λυρικῆν
2091 3204 2220 3245 ἀνέγρα-

70 3246 132 3286 ψαν
148 3248 286 3286 ποίησιν.

63 3308 66 3310 -
111 3293 130 3334 §
145 3297 195 3326 59.
213 3295 330 3327 Eadem
348 3297 463 3329 Suidas
481 3307 506 3330 s.
522 3306 569 3339 v.,
586 3299 643 3331 ubi
659 3299 732 3332 vide
745 3300 878 3341 reliqua.

111 3338 131 3379 §
144 3344 197 3373 60.
218 3341 334 3374 Eadem
348 3344 471 3383 suidas,
491 3348 561 3385 post
576 3355 646 3380 voc.
659 3347 875 3387 Ἀγαθοκλέους
889 3347 1009 3380 addens
1026 3357 1034 3380 :
1054 3349 1107 3380 καὶ
1129 3347 1391 3390 Δαμνασυλλίδος.
1406 3347 1477 3383 Τοῖς
1497 3347 1530 3379 δὲ
1543 3346 1664 3388 χρόνοις
1678 3346 1714 3386 ἦν
1731 3346 1812 3378 κατὰ
1829 3346 1943 3388 Ξέρξην
1963 3345 2015 3377 καὶ
2037 3344 2214 3386 Εὐριπίδην.

111 3385 129 3426 §
145 3391 195 3419 62.
213 3388 330 3421 Eadem
351 3390 464 3422 suidas
477 3400 502 3423 s.
519 3401 551 3424 v.
