2372 3704
138 237 211 269 472

353 229 661 269 PHARMUCHI
690 228 924 268 NASIBENI
955 226 1176 274 PAXAMI,
1207 224 1501 266 PETELLIDIS
1532 224 1749 271 CNOSSH,
1784 224 2003 274 PHAESTI,

122 317 228 355 ἐκεῖνο
260 315 434 363 κατεπόθη
464 318 482 353 ὁ
510 315 723 369 Ἀμφιάρεως
740 318 797 368 τῷ
827 315 976 368 ἅρματι,
1002 313 1081 352 ἔνθα
1106 316 1164 351 νῦν
1230 316 1354 350 Loetus
1381 326 1461 349 cum
1476 314 1572 360 filio.
1595 314 1699 350 Vlitt.
1725 312 1745 348 3
1765 320 1801 348 et
1826 313 1857 348 A
1885 324 1965 346 cum
1997 312 2131 346 Iasone
2158 311 2272 346 Loeeis

121 375 220 418 πόλις
238 372 356 426 Ἅρμα
388 376 564 412 καλεῖται·
590 376 636 418 ὣς
655 373 872 426 Τρισίμαχος
893 376 926 412 ἐν
947 373 1051 426 τρίτῳ
1074 371 1165 412 Κτί-

123 447 227 472 σεων.
251 434 396 481 Conjici
415 435 527 470 etiam
546 435 667 483 possit
697 448 704 470 :
728 433 933 484 Λυσίμαχος
955 432 1033 485 (vel
1065 432 1166 483 Θρα-

125 491 342 543 σύμαχοςὲ).

539 617 753 631 --οοοο-ξ-

417 739 844 806 (PAXAMUS.)

180 883 336 920 Suidas:
357 879 538 930 Πάξαμος,
554 879 679 930 λόγιος.
699 879 962 932 Ὀψαρτυρτικὰ
976 879 1065 917 κατὰ
1079 895 1167 917 στοι-

126 945 233 991 χεῖον.
270 938 524 978 Βοιωτιακὰ
556 941 590 976 ἓν
626 937 770 989 βιὸλίοις
806 937 859 988 β’·
899 939 1167 990 Δωδεκάτεχνον

128 996 222 1048 (ἔστι
240 996 275 1035 δὲ
294 996 373 1049 περὶ
391 997 546 1047 αἰσχρῶν
567 995 796 1047 σχημάτων).
815 996 956 1047 Βαφικὰ
979 995 1097 1047 βιὸλία
1121 996 1167 1047 β’.

126 1054 307 1106 Γεωργικὰ
328 1055 372 1105 β’.

179 1111 400 1162 Βοιωτιακά]
419 1111 572 1150 Βιωτικοί
595 1113 694 1160 conj.
717 1114 972 1149 Hemsterhus.
999 1115 1170 1150 Fortasse

125 1173 313 1208 Boeotiaca
338 1172 548 1219 argumenti
579 1172 753 1206 amatorii
785 1179 903 1216 erant,
934 1179 978 1207 ut
1009 1173 1171 1208 aliorum

128 1230 347 1273 Rhodiaca,
379 1229 648 1277 Babyloniaca,
679 1237 750 1265 etc.
782 1231 828 1265 In
862 1230 1171 1279 Geoponicorum

127 1299 270 1336 argum.
291 1287 359 1325 lib.
379 1288 416 1333 Ι,
435 1299 476 1335 p.
501 1300 520 1333 -7
549 1287 608 1323 ed.
627 1289 727 1324 Nicl.
756 1289 893 1336 legitur
914 1300 922 1326 :
946 1286 1171 1326 Συνείλεκται

127 1343 162 1381 δὲ
187 1345 226 1380 ἐκ
253 1345 366 1382 τῶν...
397 1342 587 1395 Παμφίλου
608 1344 668 1382 καὶ
698 1344 902 1392 Ἀπουληίου
931 1346 990 1383 καὶ
1012 1345 1172 1398 Βάρωνος

127 1401 186 1439 καὶ
203 1401 432 1453 Ζωροάστρου
453 1401 512 1439 καὶ
547 1402 753 1454 Φρόντωνος
781 1403 841 1440 καὶ
868 1403 1081 1454 Παξάμου
1110 1407 1172 1442 καὶ

129 1459 392 1511 Δαμογέροντος
407 1460 464 1497 καὶ
485 1459 639 1510 Διδύμου
669 1463 746 1500 κτλ.
766 1463 867 1502 Ibid.
890 1465 947 1509 X,
968 1463 1015 1506 34
1041 1465 1172 1500 tertius

128 1520 335 1571 Γεωργικῶν
360 1520 459 1556 liber
477 1521 665 1558 laudatur.
693 1521 749 1559 Cf.
769 1522 824 1559 ib.
846 1523 924 1566 IX,
952 1535 1009 1567 17.
1025 1523 1082 1568 X,
1105 1521 1168 1565 54.

129 1579 194 1616 62.
231 1577 295 1620 84.
320 1579 418 1623 XII,
447 1591 505 1624 17.
542 1579 603 1615 32.
626 1580 739 1624 XIII,
769 1584 804 1622 4.
838 1594 871 1626 7.
897 1593 956 1616 10.
977 1581 1082 1625 XIV,
1109 1594 1168 1626 17.

128 1638 220 1685 XV,
259 1635 294 1674 6.
323 1649 383 1674 10.
407 1637 540 1681 XVII,
580 1637 638 1673 13.
665 1641 724 1680 14.
755 1639 902 1683 XVIII,
936 1651 996 1675 21.
1016 1640 1111 1685 XX,
1133 1640 1170 1677 6.

74 1719 89 1732 a
131 1693 372 1745 Ὀψαρτυτικά
403 1695 555 1731 laudant
587 1696 784 1732 Athenaeus
818 1698 892 1746 IX,
920 1710 959 1745 p.
997 1697 1094 1743 376,
1116 1700 1169 1742 D;

130 1753 260 1788 Pollux
274 1754 323 1789 VI
337 1779 346 1797 ,
372 1765 432 1798 70.

542 1872 756 1887 ...⁴0⁶-

238 1987 678 2044 PETELLIDES
698 1988 1062 2048 CNOSSIUS.

187 2112 357 2160 Hyginus
384 2112 492 2149 Poet.
513 2119 600 2150 astr.
620 2114 675 2158 ΙΙ,
703 2118 724 2156 4
750 2127 758 2148 :
782 2115 1019 2163 Hermippus,
1047 2120 1110 2164 qni
1129 2118 1175 2152 de

127 2170 310 2204 sideribus
323 2173 479 2218 scripsit,
498 2174 555 2205 ait
568 2171 736 2206 Cererem
757 2184 837 2206 cum
855 2175 1014 2217 Iasione,
1042 2175 1076 2208 Τ
1071 2174 1176 2209 luisci

123 2228 221 2274 filio,
239 2229 472 2263 concubuisse
479 2241 490 2272 ;
514 2241 624 2276 qaam
642 2229 771 2264 obrem
782 2227 949 2275 fulmine
963 2243 1174 2279 percussum

131 2287 334 2333 complures
349 2299 429 2321 cnm
445 2288 601 2322 Homero
617 2288 802 2326 dixerunt.
824 2289 884 2323 Ea:
897 2289 971 2333 his,
996 2297 1037 2324 ut
1052 2291 1175 2326 Petel-

132 2345 225 2378 lides
241 2345 394 2379 Gnosius
411 2345 647 2380 historiarum
673 2350 830 2394 scriptor
852 2348 1085 2392 demonstrat,
1113 2362 1177 2384 na-

130 2410 281 2437 scantur
283 2403 324 2450 fi
325 2405 365 2438 lii
379 2404 464 2449 cluo,
479 2404 707 2439 Philomelus
717 2413 753 2439 et
766 2406 918 2449 Plutus,·
931 2420 1019 2454 qnos
1038 2416 1177 2456 negant

131 2464 227 2495 inter
239 2473 279 2495 se
297 2465 513 2499 convenisse.
531 2463 631 2497 Nam
645 2463 811 2506 Plutum,
834 2467 893 2510 qni
911 2465 1024 2499 ditior
1030 2463 1167 2510 faerit,

129 2519 232 2554 nihil
237 2517 360 2565 fratri
389 2533 454 2555 sno
473 2522 520 2555 cle
544 2521 644 2555 bonis
665 2525 895 2557 concessisse.
927 2523 1174 2559 Philomelam

130 2584 253 2612 antem
269 2581 474 2613 necessario
494 2579 708 2622 adductum,
732 2581 969 2627 quodcunque
989 2581 1172 2627 hahuerit,

130 2648 180 2670 ex
192 2648 234 2671 eo
249 2636 352 2671 boves
361 2638 452 2672 duos
464 2641 602 2680 emisse,
625 2645 661 2672 et
673 2640 788 2685 ipsum
797 2639 1174 2686 primnmplaustrum

122 2692 356 2740 fabricatum
376 2708 467 2732 esse.
490 2698 625 2743 Itaque
644 2697 787 2730 arando
806 2704 844 2731 et
869 2698 1023 2732 colendo
1039 2710 1166 2744 agros,

131 2765 180 2787 esc
197 2765 240 2788 eo
257 2766 296 2788 se
315 2755 451 2788 aluisse
467 2767 476 2789 .-
495 2761 598 2800 cujus
614 2763 769 2789 matrem
786 2758 969 2790 inventum
984 2759 1166 2799 miratam,

131 2819 166 2845 et
182 2820 348 2846 arantem
368 2825 448 2847 eum
464 2816 558 2847 inter
572 2814 695 2847 sidera
709 2817 953 2858 constituisse,
975 2822 1012 2848 et
1025 2815 1174 2850 Bootem

133 2872 350 2906 nominasse.
382 2871 444 2904 Ex
474 2871 543 2906 lzoc
571 2880 694 2906 autem
727 2873 918 2907 Pareanta
948 2874 1176 2908 demonstrat

132 2935 276 2971 natum,
312 2932 374 2975 qni
399 2930 446 2963 cle
464 2942 528 2964 suo
540 2934 687 2965 nomine
698 2932 831 2966 Parios
856 2930 899 2979 (l.
914 2932 1110 2979 Parianos)
1141 2940 1175 2966 et

132 2986 308 3032 oppidum
328 2986 454 3021 Paron
473 2987 512 3032 (l.
534 2987 713 3035 Parium)
730 2989 948 3036 appellavit.

187 3043 279 3078 Cum
299 3045 452 3078 Iasione
475 3044 607 3079 'I'leusci
617 3045 723 3095 filio]
746 3062 762 3078 α
783 3049 919 3083 Veneta
939 3060 1019 3082 cum
1039 3050 1175 3083 Iasone

133 3151 251 3182 bellum
266 3160 365 3192 quum
376 3154 548 3191 gereretur,
558 3162 596 3184 eo
610 3154 678 3184 loco
690 3155 973 3195 Ampliiarausuna
988 3165 1062 3188 cum
1079 3165 1175 3188 curru

133 3206 217 3235 terra
239 3203 374 3235 haustus
392 3205 451 3243 est,
473 3204 527 3235 ubi
546 3207 662 3237 Harma
679 3216 764 3238 nunc
778 3208 855 3239 urbs
874 3211 935 3240 est.
952 3211 1003 3242 Sic
1021 3212 1046 3242 T
1050 3210 1174 3241 risima-

133 3255 213 3287 clius
227 3255 263 3295 (ἲ)
282 3254 360 3286 libro
377 3255 470 3287 tertio
487 3258 531 3287 De
548 3257 676 3288 urbium
697 3258 880 3298 originibus.

1226 373 1320 418 filio.
1340 374 1396 408 Ex
1416 373 1645 408 Morellianis
1665 371 1758 406 alter
1781 373 1918 406 Iasone
1935 370 2042 406 Oetoe
2053 369 2155 414 filio,
2180 369 2273 405 alter

1229 433 1364 466 Iasone
1392 432 1488 466 Tetis
1493 429 1594 478 filio.
1618 429 1793 478 Micyllus
1814 429 1953 476 aliique
1977 427 2164 463 dederunt
2189 438 2270 462 cum

1233 491 1369 525 Iasone
1385 490 1543 524 Electrce
1559 495 1595 523 et
1625 486 1781 534 Corythi
1785 487 1883 534 filio,
1917 498 1999 533 quae
2019 484 2274 521 emendatoris

1229 559 1383 582 manum
1404 547 1580 582 fatentur.
1607 545 1747 593 Scripti
1777 545 1863 579 libri
1883 544 2060 580 videntur
2077 543 2173 578 velle
2190 555 2271 579 cum

1232 608 1367 641 Iasone
1391 606 1492 641 lovis
1506 603 1605 650 filio.
1633 619 1648 635 υ
1677 604 1879 639 Muranum.
1901 603 1956 637 Ex
1988 602 2102 637 allata
2131 601 2200 637 hac
2222 602 2274 638 le-

1230 665 1364 700 ctionis
1394 664 1575 699 varietate
1605 662 1744 698 erueris
1776 674 1783 696 :
1814 663 1965 696 Iasione
1996 658 2143 707 Ilithyit
2159 661 2270 708 filio,

1231 723 1370 759 collato
1383 723 1534 770 Hygino
1554 721 1631 757 fab,
1653 732 1728 766 270
1749 732 1758 754 t
1779 722 1894 755 Iason
1913 718 2034 755 Ilitlu‘i
2059 715 2268 768 (sic)filius.

1231 793 1337 829 quem
1378 781 1484 818 Ceres
1517 781 1654 814 dicitur
1667 790 1827 814 amasse.
1847 779 1894 813 At
1907 775 2068 812 offendit
2083 782 2194 824 pater
2207 776 2276 812 iste

1230 842 1257 874 I
1257 840 1424 886 lithyius.
1442 840 1566 885 Quare
1582 837 1787 884 Corythum
1801 847 1846 871 ex
1861 835 2001 870 Italicis
2012 833 2115 871 sabb.
2132 834 2167 870 ei
2186 834 2278 871 sub-

1230 899 1384 934 stituere
1400 899 1426 934 l.
1444 898 1468 932 l.
1489 897 1694 932 voluerunt
1710 895 1886 930 editores.
1903 895 1974 941 Ap.
1989 892 2065 928 sch.
2084 892 2275 929 Theocrit-

1234 958 1288 992 ΙΙΙ
1304 984 1313 1002 ,
1352 955 1400 992 50
1431 956 1558 991 Iasion
1578 961 1633 990 est
1664 953 1802 990 Minois
1824 959 1861 988 et
1895 951 2070 986 Phroniae
2099 950 2278 999 nymphae

1231 1013 1342 1050 filius.
1366 1015 1541 1050 Similiter
1554 1014 1691 1049 Noster
1704 1013 1916 1049 Cretensem
1927 1009 2095 1045 fabulam
2104 1021 2178 1059 pro
2194 1009 2277 1044 vul-

1231 1074 1312 1121 gari
1329 1073 1393 1108 illa
1406 1100 1417 1121 ,
1441 1085 1486 1108 ex
1508 1085 1582 1120 qua
1603 1072 1779 1120 Juppiter
1792 1076 1829 1106 et
1846 1070 1997 1108 Electra
2011 1074 2098 1103 sunt
2115 1067 2273 1103 Iasionis

1229 1137 1424 1178 parentes,
1445 1130 1626 1166 attulerit.
1646 1131 1726 1165 Jam
1749 1141 1867 1177 quum
1879 1129 1919 1162 in
1935 1126 2048 1164 Creta
2066 1126 2136 1161 ins.
2153 1136 2199 1161 ex
2208 1125 2279 1161 lda

1231 1190 1335 1224 Jovis
1365 1196 1496 1224 monte
1530 1187 1730 1224 descendat
1766 1185 1918 1231 Ληθαῒος
1950 1184 2087 1221 fluvius
2124 1190 2162 1220 et
2191 1195 2280 1219 cum

1232 1248 1378 1283 Electra
1393 1245 1510 1282 fluvio
1530 1247 1684 1282 misceat
1699 1258 1736 1282 se
1767 1243 1825 1296 (v.
1860 1255 2040 1293 mappam
2059 1242 2278 1291 Kiepertia—

1230 1318 1331 1343 nam.
1353 1306 1444 1341 Aliis
1462 1305 1630 1341 Lethaeus
1648 1303 1786 1340 fluvius
1804 1305 1843 1339 is.
1866 1311 1919 1340 est
1932 1329 1942 1348 ,
1977 1314 2091 1350 quem
2109 1301 2277 1349 Kiepert.

1232 1365 1419 1400 Electram
1439 1376 1513 1400 esse
1527 1371 1666 1400 censet.
1689 1365 1730 1400 V.
1748 1363 1948 1410 Forbiger.
1964 1362 2044 1406 III,
2068 1372 2109 1408 p,
2134 1357 2248 1406 1034)
2268 1367 2278 1394 ε

1233 1422 1408 1458 Cnossius
1443 1429 1575 1458 auctor
1604 1422 1759 1458 Iasionis
1799 1428 1993 1469 parentem
2031 1417 2171 1454 dixerit
2205 1417 2279 1453 Le-

1234 1481 1392 1524 thoeum;
1426 1481 1542 1528 idque
1574 1493 1714 1516 nomen
1742 1483 1908 1527 utroque
1937 1478 2078 1526 Hygini
2103 1477 2188 1512 loco
2221 1487 2278 1511 re-

1233 1540 1326 1586 poni
1341 1540 1468 1575 velim.
1493 1564 1542 1571 —
1558 1536 1768 1587 Pareanta]
1787 1538 1843 1574 Cf.
1864 1537 2043 1584 Stephan.
2060 1536 2146 1582 Byz.
2167 1545 2176 1571 :
2199 1530 2280 1571 Πά-

1235 1610 1319 1647 ριον,
1339 1595 1438 1638 πόλις
1463 1596 1498 1632 ἐν
1512 1594 1768 1646 Ἑλλησπόντῳ
1784 1595 1949 1640 κληθεῖσα
1971 1591 2040 1629 ἀπὸ
2059 1589 2198 1643 Παρίου
2218 1592 2279 1628 τοῦ

1234 1653 1420 1697 Ἰασίωνος.

1650 1761 1842 1776 ——w

1582 1873 1943 1931 PHAESTUS.

1519 1982 2000 2046 AAKEAA'iMONtAKA.

1290 2109 1417 2147 Schol.
1453 2109 1564 2147 Pind.
1598 2109 1709 2156 Pyth.
1734 2109 1799 2153 IV,
1826 2106 1875 2143 28
1910 2120 1917 2143 ε
1952 2104 2124 2155 Ἄμμωνα
2155 2103 2282 2150 Amne<

1236 2165 1294 2203 τὸν
1324 2165 1390 2204 Δία
1411 2165 1706 2219 προσαγορεύουσι
1726 2164 1785 2203 καὶ
1812 2163 1901 2202 οὕτω
1925 2165 2076 2213 τιμῶσι,
2105 2161 2166 2200 καὶ
2185 2161 2280 2202 ἔστιν

1238 2226 1342 2262 αὐτοῦ
1362 2227 1522 2275 μαντεῖον
1543 2226 1578 2262 ἐν
1598 2224 1733 2275 Λιὸύῃ·
1750 2223 1808 2262 καὶ
1828 2222 1895 2275 γὰρ
1913 2222 1972 2261 καὶ
1989 2223 2146 2266 Φαῖστος
2163 2223 2197 2261 ἐν
2213 2222 2283 2267 τοῖς

1236 2285 1547 2334 Λακεδαιμονικοῒς
1565 2282 1765 2320 ἐπιὸάλλων
1779 2281 1864 2335 φησί
1874 2296 1882 2305 ·

1321 2378 1379 2408 Ζεῦ
1393 2376 1508 2414 Λιὸύης
1521 2375 1648 2416 Ἄμμων
1663 2374 1848 2416 κερατηφόρε
1864 2373 1987 2405 κέκλυθι
2005 2371 2107 2413 μάντι.

1289 2464 1397 2499 Idem
1415 2463 1466 2500 ib.
1486 2463 1556 2508 IX,
1574 2461 1623 2511 89
1641 2475 1649 2498 :
1669 2462 1771 2499 Δοκεῖ
1787 2461 1831 2503 ὡς
1846 2457 1931 2501 Ζεὺς
1951 2459 1985 2495 ἐν
2003 2456 2118 2509 Λιὸύῃ
2134 2456 2282 2508 Ἄμμων

1237 2524 1403 2571 τιμᾶσθαι
1413 2522 1474 2564 -ὡς
1487 2520 1641 2562 Φαῖστος
1656 2519 1722 2556 ὃτὰ
1738 2515 2051 2567 Λακεδαιμονιακὰ
2065 2516 2279 2569 συγγράψας·

1319 2616 1378 2645 Ζεῦ
1395 2597 1509 2651 Λιόύηὶς
1528 2612 1654 2654 Ἄμμων
1669 2612 1855 2654 κερατηφὸρε
1868 2611 1990 2643 κέκλυθι
2006 2609 2107 2651 μάντι.

1295 2718 1309 2732 <t
1333 2702 1432 2737 Olim
1461 2702 1500 2738 h.
1524 2702 1550 2738 l.
1574 2697 1870 2738 Μακεδονικὰ
1889 2707 1926 2735 et
1957 2698 2118 2744 Φῆστος,
2140 2710 2282 2734 nomen

1235 2759 1338 2794 haud
1354 2772 1529 2807 graecum.
1549 2761 1792 2807 Quapropter
1808 2758 1912 2793 haud
1939 2758 2077 2793 veritus
2096 2769 2177 2793 sum
2196 2769 2284 2792 cor·-

1235 2819 1356 2866 rigere
1371 2831 1414 2854 ex
1429 2819 1548 2856 schol.
1567 2819 1616 2853 ad
1634 2820 1697 2862 IV,
1721 2816 1785 2854 28.
1807 2819 1927 2852 Notus
1948 2823 2002 2851 est
2022 2816 2185 2851 Phaestus
2204 2815 2282 2852 He-

1235 2875 1399 2919 raclida,
1422 2887 1443 2910 a
1461 2888 1538 2922 quo
1564 2875 1654 2910 urbs
1680 2875 1797 2910 Cretae
1817 2886 1955 2909 nomen
1977 2873 2130 2908 traxisse
2149 2872 2279 2910 fertur.

1236 2933 1366 2979 Neque
1393 2933 1527 2968 dubito
1556 2934 1619 2976 IV,
1651 2931 1698 2967 28
1718 2933 1855 2967 rectius
1883 2932 1957 2979 legi
1986 2929 2136 2978 Λακεδ.,
2175 2930 2282 2979 quod

1236 2990 1410 3037 Spartani
1436 2991 1642 3037 antiquitus
1659 2990 1849 3025 Ammonii
1871 2989 2067 3024 oraculum
2095 2987 2277 3036 adibant,

1236 3048 1342 3094 cujus
1359 3049 1413 3084 rei
1431 3048 1643 3096 exemplum
1661 3049 1824 3090 Phaestus
1842 3047 1881 3082 h.
1905 3047 1929 3081 l.
1952 3046 2107 3094 praebet.
2127 3048 2168 3083 V.
2185 3044 2282 3082 Pau-

1413 3169 1479 3207 DE
1499 3167 1660 3206 REBUS
1687 3165 2102 3205 LACEDAEMONIIS.

1279 3241 1466 3270 Ammonem
1495 3237 1608 3277 Libyes
1641 3238 1752 3268 Jovem
1781 3236 2007 3276 cognominant
2034 3244 2138 3275 eoque
2152 3235 2281 3267 nomine

1238 3291 1346 3322 colunt
1355 3314 1364 3330 ‚
1382 3290 1511 3330 ejusque
1524 3289 1688 3320 oraculum
1703 3289 1831 3320 liabent.
1851 3288 1996 3320 Pii-aestus
2008 3297 2135 3329 quoque
2147 3288 2180 3320 in
2192 3287 2284 3320 libris

1237 3345 1284 3375 De
1302 3342 1530 3375 Lacedaemone
1546 3341 1641 3381 hujus
1657 3350 1766 3373 versus
1778 3341 1970 3372 mentionem
1985 3341 2058 3372 facit
2077 3354 2084 3373 ε

1309 3416 1445 3452 Juppiter
1458 3415 1556 3452 Libyae
1572 3417 1714 3451 Ammon,
1731 3415 1814 3449 audi,
1830 3416 1910 3443 vates
1923 3415 2061 3443 cornute.
