2372 3704
881 225 1134 265 THEOTIMI
1162 224 1479 264 FRAGMENTA
1488 253 1496 262 .

161 317 359 355 Laudatur
388 315 554 364 denique
583 315 786 364 Theophili
820 314 1016 361 cujusdam
1047 314 1151 351 Geo-

107 377 333 426 graphicum
349 387 446 424 opus
463 374 566 425 apud
576 375 819 410 Ptolemaeum
831 400 841 419 ‚
861 374 999 422 Geogr.
1021 375 1057 419 Ι,
1079 377 1123 415 14
1145 383 1154 407 :

109 433 204 472 Ἀλλ’
217 431 274 471 ἵνα
300 432 348 483 μὴ
364 432 516 482 δόξωμεν
540 432 601 470 καὶ
618 430 716 469 αὐτοὶ
738 430 824 483 πρὸς
844 430 1004 481 κείμενόν
1021 445 1055 468 τι
1067 430 1157 475 πλῆ·

107 493 163 535 Θος
191 489 400 544 ἐφαρμόζειν
415 490 479 534 τὰς
493 492 563 528 τῶν
581 490 726 541 ἀποχῶν
747 488 922 538 εἰκασίας,
944 486 1159 540 παραλάὸω-

108 565 171 601 μεν
187 550 247 589 τὸν
267 549 337 588 ἀπὸ
357 552 419 597 τῆς
442 551 587 605 Χρυσῆς
603 547 826 601 Χερρονήσου
844 547 949 600 μέχρι
980 545 1157 598 Καττιγά-

108 624 176 661 ρων
200 609 325 662 πλοῦν,
346 607 570 660 συγκείμενον
589 606 628 646 ἔκ
643 622 681 645 τε
701 606 830 645 εἴκοσιν
847 607 1081 659 ἡμερῶν,τῶν
1101 603 1159 643 ἐπὶ

107 667 248 716 Ζάὸας,
268 667 328 706 καὶ
356 666 391 712 ἐξ
421 667 537 705 ἄλλων
563 668 666 705 τινῶν
682 669 750 704 τῶν
777 665 834 704 ἐπὶ
861 665 906 703 τὰ
930 664 1159 716 Καττίγαρα,

106 725 226 780 ὥσπερ
243 726 312 765 ἀπὸ
332 729 400 764 τῶν
418 724 627 778 Ἀρωμοίτων
646 724 703 764 ε’πὶ
717 724 756 763 τὸ
771 724 916 778 Πράσον
934 723 1052 777 ἄκρον,
1073 737 1161 772 συγ-

107 785 265 837 κείμενον
294 785 354 824 καὶ
382 785 486 824 αὐτὸν
517 779 561 823 ἔκ
578 800 616 823 τε
638 786 707 823 τῶν
734 783 819 823 ἴσων
851 786 1002 836 ἡμερῶν,
1031 782 1158 820 εἴκοσιν

106 847 175 883 τῶν
189 844 248 883 ἐπὶ
266 844 311 882 τὰ
341 843 506 894 Ῥαπτὰ,
538 843 630 882 κατὰ
648 843 888 896 Θεόφιλον,
911 842 972 881 καὶ
989 842 1023 887 ἐξ
1042 841 1158 879 ἄλλων

105 904 246 942 πολλῶν
261 905 330 941 τῶν
351 904 409 942 ἐπὶ
428 902 467 941 τὸ
489 903 648 955 Πράσον,
680 901 773 940 κατὰ
796 900 1000 954 Διόσκορον,
1028 898 1085 938 ἵνα
1100 898 1159 938 καὶ

105 961 199 999 κατὰ
215 961 274 999 τὸν
291 962 449 1013 Μαρῖνον
470 962 505 999 ἐν
525 960 592 1014 ἴσῳ
614 963 729 1011 θῶμεν
742 960 804 1004 τάς
818 974 915 1001 τινας
930 958 1064 1012 ἡμέρας
1085 963 1162 1000 ταῖς

105 1020 252 1065 πολλαῖς
263 1020 467 1060 εἷκάσαντα.
477 1022 663 1070 Reliquos
673 1021 902 1069 Theophilos
910 1020 1040 1056 missos
1048 1018 1159 1055 facio.

408 1236 863 1294 THEOTIMUS.

428 1355 553 1395 ΠΕΡΙ
583 1354 842 1394 ΚΥΡΗΝΗΣ.

620 1463 635 1486 1
646 1478 654 1486 .

419 1534 448 1569 E
476 1533 629 1570 LIBRO
659 1533 833 1571 PRIMO.

160 1621 290 1660 schol.
319 1621 472 1658 Pindar.
497 1621 608 1670 Pyth.
635 1622 681 1667 V,
717 1620 765 1657 33
789 1633 797 1657 :
824 1618 1031 1672 Κάρρωτος,
1051 1618 1162 1670 ὄνομα

107 1677 239 1732 κύριον,
260 1677 340 1731 περὶ
360 1672 400 1717 οὗ
421 1678 599 1728 μέμνηται
616 1677 703 1729 πρὸς
721 1676 780 1715 τὸν
806 1676 1027 1729 Ἀρκεσίλαον
1041 1693 1049 1701 ·
1069 1679 1100 1715 οἱ
1128 1678 1163 1716 δὲ

106 1738 166 1776 τὸν
179 1737 320 1790 ἡνίοχον
335 1736 471 1785 τούτου,
489 1736 526 1775 ὅν
541 1752 645 1790 φησιν
660 1739 677 1775 ὃ
691 1736 864 1789 Πίνδαρος
883 1738 977 1787 (scr.
994 1737 1162 1789 Δίδυμος)

106 1800 169 1844 τῆς
195 1798 375 1843 Πυθιακῆς
399 1795 496 1843 νίκης
525 1795 634 1834 αἴτιον
663 1795 825 1847 γενέσθαι
853 1797 903 1848 τῷ
932 1795 1164 1849 Ἀρκεσιλάῳ,

106 1854 272 1906 κατάγειν
293 1853 329 1892 δὲ
351 1855 446 1906 αὐτῷ
464 1854 524 1892 καὶ
549 1853 799 1907 στρατιωτικὸν
820 1854 890 1891 ἀπὸ
913 1855 974 1900 τῆς
994 1853 1165 1898 Ἑλλάδος

108 1913 332 1967 ἀθροίσαντα.
368 1914 493 1952 Ταῦτα
531 1911 567 1950 δὲ
600 1915 785 1950 πιστοῦται
815 1911 1090 1963 παρατιθέμενος
1120 1912 1165 1951 τὰ

106 1972 284 2023 Θεοτίμου
306 1973 345 2010 ἐκ
366 1975 427 2010 τοῦ
446 1970 587 2023 πρώτου
609 1970 696 2023 Περὶ
715 1970 878 2022 Κυρήνης
894 1970 1020 2022 ἔχοντα
1037 1970 1163 2015 οὕτως·

108 2050 123 2066 «
143 2030 412 2071 Διαπίπτουσαν
429 2028 465 2067 δὲ
479 2029 543 2076 τὴν
563 2029 687 2081 πρᾶξιν
702 2029 904 2079 αἰσθόμενος
917 2032 935 2067 ὁ
947 2029 1165 2081 Ἀρκεσίλαος

107 2090 168 2128 καὶ
189 2089 398 2142 βουλόμενος
410 2089 455 2126 δι’
474 2090 580 2126 αὐτοῦ
600 2087 661 2132 τὰς
679 2087 892 2140 ζΕσπερίδσις
911 2087 1055 2135 οἰκίσαι,
1073 2088 1165 2140 πέμ·

107 2164 166 2187 πει
192 2147 255 2199 μὲν
276 2149 322 2191 εἷς
341 2147 403 2191 τὰς
421 2146 633 2199 πανηγύρεις
655 2145 782 2191 ἵππους
807 2146 1022 2193 ἀθλήσοντας
1045 2147 1164 2201 Εὔφη-

108 2221 174 2258 μον
192 2207 322 2259 ἄγοντα
334 2237 347 2258 ,
364 2205 511 2253 νικήσας
530 2205 565 2243 δὲ
585 2205 629 2243 τὰ
650 2204 766 2244 Πύθια
783 2205 843 2243 καὶ
868 2205 931 2253 τὴν
953 2209 1074 2245 ἑαυτοῦ
1095 2222 1164 2244 πα-

106 2265 207 2319 τρίδα
241 2265 461 2318 ἐστεφάνωσε
496 2264 556 2303 καὶ
591 2264 749 2309 ἐποίκους
781 2266 829 2308 εἷς
859 2264 922 2308 τὰς
953 2264 1166 2318 Ἑσπερίδας

109 2325 306 2375 συνέλεγεν.
326 2323 496 2377 Εὔφημος
522 2323 585 2374 μὲν
617 2317 676 2362 οῧν
702 2322 887 2362 ἐτελεύτα·
910 2324 1101 2378 Κάρρωτος
1129 2324 1164 2363 δὲ

108 2385 170 2430 τῆς
198 2383 422 2436 Ἀρκεσιλάου
448 2381 617 2434 ἴγυναικὸς
637 2381 783 2435 ἀδελφὸς
819 2381 992 2427 διεδέξατο
1011 2381 1073 2428 τὴν
1097 2384 1165 2420 τῶν

110 2440 257 2480 ἐποίκων
280 2441 483 2493 ἡγεμονίαν,
510 2460 525 2475 »
551 2440 596 2480 ‘O
612 2440 724 2479 τοίνυν
743 2440 917 2494 Πίνδαρος
932 2446 1003 2484 τοῖς
1019 2440 1167 2493 ἑταίροις

484 2554 551 2592 DE
576 2553 792 2592 CYRENE.

90 2628 96 2632 ’
151 2636 347 2676 Carrhotus,
372 2644 492 2667 nomen
508 2634 692 2675 proprium,
710 2634 751 2667 de
769 2643 835 2675 quo
855 2634 955 2666 verba
973 2634 1051 2667 facit
1068 2636 1162 2675 poeta

108 2690 150 2722 ad
167 2690 375 2722 Arcesilaum.
397 2688 551 2722 Nonnulli
575 2687 688 2720 dicunt
713 2688 909 2721 carrhotum
931 2687 1072 2728 aurigam
1098 2687 1168 2728 ejus

109 2743 219 2783 fuisse,
236 2749 377 2782 eumque
405 2740 564 2781 Didymus
578 2740 623 2772 ait
645 2740 805 2772 Arcesilan
830 2740 997 2771 auctorem
1023 2739 1168 2772 victoriae

109 2794 224 2834 ruisse,
243 2792 447 2833 eundemque
464 2792 561 2824 etiam
579 2791 697 2824 milites
712 2792 746 2823 in
765 2791 892 2824 Graecia
910 2791 1107 2832 conscriptos
1126 2791 1167 2823 ad

105 2846 310 2890 ¹Arcesilaum
335 2844 519 2876 adduxisse.
544 2846 622 2876 Haec
644 2853 721 2876 vero
739 2843 898 2885 Didymus
912 2843 1085 2875 confirmat
1109 2852 1167 2884 ap-

109 2899 214 2939 posito
230 2897 415 2930 testimonio
428 2895 586 2928 Theotimi
597 2919 606 2935 ‚
624 2895 681 2936 qui
702 2895 736 2927 in
753 2896 857 2936 primo
882 2898 930 2928 De
945 2897 1070 2936 Cyrene
1084 2895 1168 2927 libro

110 2950 155 2982 ita
170 2949 269 2981 habet
284 2961 292 2980 ;
312 2961 327 2977 «
342 2947 433 2980 Elabi
448 2948 532 2979 hanc
554 2956 623 2979 rem
639 2947 781 2979 sentiens
797 2947 977 2980 Arcesilaus
991 2947 1167 2988 volensque

112 3001 303 3041 Hesperidas
314 2999 438 3032 colonis
455 3000 675 3040 frequentare,
702 2998 741 3031 ad
765 2999 860 3031 ludos
876 2999 964 3034 misit
982 3008 1058 3031 cum
1076 2999 1168 3039 equis

110 3052 325 3085 certatoribus
348 3051 553 3092 Euphemum
566 3075 575 3090 ,
593 3052 626 3083 et
646 3050 770 3091 Pythiis
793 3050 898 3082 victor
912 3051 1050 3091 patriam
1075 3059 1167 3082 suam

111 3104 279 3137 coronavit
291 3105 323 3136 et
337 3112 439 3135 novos
454 3103 587 3135 colonos
602 3103 634 3134 in
651 3102 842 3143 Hesperidas
854 3102 1018 3134 ducendos
1034 3110 1091 3142 per
1103 3103 1166 3133 Eu·

111 3158 267 3198 phemum
283 3155 477 3197 colligendos
489 3155 626 3188 curav-it.
646 3155 831 3196 Euphemus
844 3155 974 3195 quidem
988 3155 1067 3186 tunc
1082 3162 1166 3185 mor-

111 3212 188 3243 tuus
213 3211 280 3250 est;
304 3211 376 3250 post
401 3218 499 3250 quem
523 3209 719 3249 Carrhotus,
745 3207 896 3240 Arcesilai
921 3207 1033 3239 uxoris
1058 3206 1166 3246 frater,

114 3264 256 3305 suscepit
272 3263 460 3295 colonorum
477 3262 715 3303 praefecturam.
732 3274 747 3289 n

620 3335 656 3367 2.

155 3398 257 3438 Argus
272 3396 364 3428 navis
378 3396 571 3437 gubernator
593 3397 626 3427 et
638 3397 765 3435 proreta
785 3394 970 3436 Euphemus
997 3393 1076 3425 erat.
1098 3393 1167 3425 Hoc

114 3450 198 3482 enim
211 3448 417 3483 Theotimum
430 3457 559 3480 narrare
576 3447 705 3480 scimus.

2188 233 2262 265 517

1219 314 1416 362 καθομιλῶν
1443 312 1482 350 τὸ
1502 310 1749 363 καταπραχθὲν
1768 314 1817 365 τῷ
1834 312 1995 366 Εὐφήμῳ
2014 315 2062 366 τῷ
2083 313 2266 367 Καρρώτῳ

1218 371 1392 422 προσῆψε.

1274 430 1485 465 Arcesilaus
1497 437 1552 465 est
1569 437 1724 477 quartus
1735 430 1846 477 hujus
1864 432 2041 476 nominis,
2058 432 2122 479 qui
2136 433 2270 479 Pythia

1219 489 1312 523 vicit
1324 487 1478 536 Olymp.
1493 487 1555 533 78,
1573 488 1610 526 3.
1622 490 1680 524 De
1689 489 1847 524 historia
1858 489 1885 536 ej
1892 503 1935 525 us
1951 491 2106 537 exponit
2116 491 2268 530 Boeckh.

1221 547 1269 583 ad
1288 547 1399 594 Pyth.
1418 548 1467 583 IV
1484 554 1521 582 et
1536 548 1581 591 V,
1604 535 1716 594 ciuem
1732 547 1832 585 vide.

1729 641 1765 664 2.

1277 700 1384 736 Idem
1403 699 1453 735 ad
1474 700 1585 748 Pyth.
1608 699 1674 742 IV,
1697 699 1743 735 61
1770 712 1777 734 :
1799 697 2024 750 Κυὸερνήτης
2044 698 2188 750 (Argus
2205 714 2272 737 na-

1220 759 1294 808 vis)
1319 759 1337 794 ὃ
1367 755 1532 809 Εὔφημος
1551 750 1593 803 ἦν
1621 756 1680 794 καὶ
1701 755 1878 809 πρῳρεύς·
1900 759 1999 795 τοῦτο
2027 756 2093 809 γὰρ
2124 759 2271 810 ἱστορεῖν

1221 815 1323 866 ἴσμεν
1337 815 1524 865 Θεότιμον.

1274 877 1331 912 De
1351 875 1538 924 Euplzemi
1556 875 1710 911 nomine
1743 875 1914 923 mythico
1944 882 1982 910 et
2002 875 2183 911 historico
2208 886 2270 923 ap.

1222 934 1450 982 Cyrenenses
1463 947 1500 971 v.
1517 933 1665 972 Miiller.
1687 935 1785 972 Mla.
1802 947 1843 983 p.
1862 933 1932 977 341
1944 962 1952 971 .

1731 1015 1767 1051 3.

1277 1090 1461 1126 Pindarus
1477 1091 1537 1129 Ol.
1555 1092 1637 1136 VII,
1656 1090 1720 1136 33,
1737 1090 1918 1127 Rhodum
1936 1089 2095 1127 insulam
2111 1091 2277 1140 appellat

1224 1146 1366 1191 Ἀσίας
1387 1147 1577 1200 εὐρυχόρου
1608 1147 1764 1200 τρίπολιν
1788 1153 1891 1186 νᾶσον
1919 1147 2055 1191 πέλας
2086 1148 2272 1201 ἐμπόλῳ.

1226 1207 1287 1243 Ad
1305 1208 1385 1243 haec
1405 1208 1525 1244 schol.
1551 1219 1560 1245 :
1585 1206 1756 1257 Θεότιμος
1778 1206 1813 1244 δὲ
1833 1207 1868 1244 ἐν
1889 1208 1939 1259 τῷ
1961 1206 2040 1259 περὶ
2060 1210 2120 1244 τοῦ
2147 1206 2274 1247 Νείλου

1224 1263 1305 1315 ὅρου
1319 1265 1479 1317 ἱστοριῶν
1497 1263 1553 1302 διὰ
1568 1269 1627 1303 τοῦ
1643 1281 1663 1303 υ
1676 1266 1799 1317 γράφει
1813 1264 1969 1312 εὔὸολον,
1984 1264 2044 1303 καὶ
2061 1263 2151 1303 οὕτω
2165 1280 2275 1317 προσ-

1225 1321 1450 1375 αγορεύεσθαι
1472 1322 1528 1360 διὰ
1547 1322 1587 1361 τὸ
1606 1324 1640 1361 ἐν
1660 1325 1759 1375 καλῷ
1780 1323 1876 1375 τόπῳ
1904 1326 2039 1361 κεῖσθαι
2069 1323 2133 1370 τὴν
2154 1326 2273 1370 νῆσον.

1225 1384 1414 1433 Corrupta
1431 1384 1511 1420 haec
1526 1396 1604 1420 esse
1622 1391 1794 1432 apparet.
1825 1383 1865 1420 Si
1886 1392 1985 1420 recte
2002 1385 2144 1420 habent
2162 1385 2278 1421 verba

1225 1441 1304 1494 περὶ
1317 1445 1378 1480 τοῦ
1399 1440 1547 1490 Νείλου,
1571 1443 1659 1479 fort.
1681 1444 1860 1492 deinceps
1878 1444 1991 1482 scrib.
2013 1444 2247 1493 παριστορῶν.

1635 1548 1861 1587 ΙΤΑΛΙΚΑ.

1512 1644 1542 1679 Ε
1571 1643 1723 1680 LIBRO
1752 1643 1993 1682 SECUNDO.

1735 1719 1755 1756 3
1763 1749 1772 1757 .

1280 1799 1473 1837 Platarch.
1496 1800 1582 1837 Par.
1605 1801 1658 1837 M.
1677 1813 1712 1837 c.
1737 1799 1759 1836 8
1785 1813 1792 1835 :
1817 1797 2010 1850 Πορσίνας,
2030 1797 2198 1837 Τούσκων
2213 1802 2277 1850 βα-

1227 1855 1361 1906 σιλεὺς,
1387 1855 1497 1909 πέραν
1529 1856 1712 1909 Θύμὸριος
1739 1860 1899 1908 ποταμοῦ
1919 1855 2133 1909 στρατεύσας
2153 1856 2279 1894 ἐπολέ-

1227 1930 1319 1965 μησε
1339 1913 1550 1964 Ῥωμαίοις,
1567 1914 1627 1952 καὶ
1644 1914 1708 1962 ’τὴν
1733 1915 1802 1953 ἀπὸ
1822 1914 1940 1952 σιτίων
1960 1913 2151 1966 φερομένην
2170 1916 2278 1961 εὔθη-

1227 1973 1301 2010 νίαν
1321 1972 1430 2022 μέσην
1451 1972 1582 2020 λαὸὼν,
1603 1975 1697 2026 λιμῷ
1724 1972 1800 2016 τοὺς
1826 1971 2094 2025 προειρημένους
2119 1972 2275 2025 ἔτρυχεν.

1228 2030 1394 2083 Ὁράτιος
1410 2030 1446 2069 δὲ
1467 2031 1623 2078 Κάτλος,
1640 2030 1832 2084 στρατηγὸς
1850 2030 2100 2083 χειροτονηθεὶς
2113 2060 2123 2079 ,
2145 2030 2207 2077 τὴν
2223 2030 2280 2074 ξυ-

1226 2089 1324 2136 λίνην
1345 2089 1569 2127 κατελάὸετο-
1582 2089 1749 2141 γέφυραν,
1771 2088 1831 2126 καὶ
1849 2088 1887 2126 τὸ
1909 2091 2038 2135 πλῆθος
2059 2091 2127 2126 τῶν
2146 2088 2278 2142 βαρὸοί-

1228 2163 1295 2201 ρων
1322 2148 1487 2195 διαὸἧναι
1518 2148 1727 2199 βουλόμενον
1748 2148 1877 2198 ἐπεῖχε.
1902 2147 2223 2197 Πλεονεκτούμενος
2243 2147 2279 2185 δὲ

1230 2206 1297 2244 ὑπὸ
1316 2209 1384 2244 τῶν
1403 2206 1593 2257 πολεμίων,
1615 2205 1805 2258 προσέταξε
1826 2207 1896 2250 τοῖς
1917 2206 2206 2257 ὃποτεταγμένοις
2224 2206 2279 2245 κό-

1230 2281 1327 2303 πτειν
1346 2265 1410 2312 τὴν
1429 2265 1595 2318 γέφυραν,
1621 2265 1682 2303 καὶ
1703 2265 1742 2303 τὸ
1757 2266 1887 2312 πλῆθος
1903 2268 1971 2303 τῶν
1992 2265 2180 2317 βαρὸοίρων
2202 2266 2277 2303 δια-

1228 2325 1332 2371 &zm
1348 2323 1555 2376 βουλόμενον
1574 2324 1739 2364 ἐκώλυσε.
1760 2324 1863 2363 Βέλει
1880 2323 1916 2362 δὲ
1935 2323 1992 2362 τὸν
2005 2324 2181 2374 ὀφθαλμὸν
2193 2325 2281 2371 πλη-

1227 2383 1318 2434 γεὶς,
1342 2383 1444 2436 ῥίψας
1460 2382 1580 2421 ἑαυτὸν
1603 2384 1650 2427 εἷς
1665 2382 1723 2421 τὸν
1740 2383 1912 2433 ποταμὸν,
1939 2381 2116 2430 διενήξατο
2142 2384 2188 2426 εἷς
2204 2382 2281 2426 τοὺς

1228 2441 1387 2486 οἰκείους·
1402 2445 1447 2486 ὥς
1464 2441 1635 2492 Θεότιμος
1649 2441 1799 2494 δευτέρῳ
1809 2442 2010 2481 Ἰταλικῶν.

1738 2557 1774 2589 3.

1271 2622 1460 2655 Theotimus
1474 2621 1508 2653 in
1526 2621 1608 2655 libro
1622 2623 1670 2654 De
1688 2621 1761 2654 Nilo
1783 2621 1858 2653 data
1882 2621 2049 2653 occasione
2063 2620 2104 2652 de
2123 2620 2184 2651 hoc
2210 2620 2281 2651 loco

1229 2682 1325 2714 agens
1336 2698 1345 2714 ‚
1360 2683 1417 2714 per
1435 2685 1454 2705 υ
1470 2673 1596 2706 literam
1615 2673 1743 2705 εὔὸολον
1757 2673 1885 2712 scribit,
1902 2673 2001 2714 atque
2016 2672 2062 2705 sic
2074 2672 2222 2705 Rhodum
2236 2672 2280 2704 iu·

1229 2726 1331 2758 sulam
1345 2726 1387 2758 ob
1401 2726 1501 2758 situm
1518 2725 1712 2766 praeclarum
1731 2724 1838 2756 vocari
1852 2724 1907 2757 ait.

1644 2830 1865 2870 ITALICA.

1737 2937 1771 2968 3.

1271 3023 1428 3060 Porsena,
1442 3018 1579 3051 Etruriae
1593 3027 1662 3058 rex,
1676 3017 1787 3058 positis
1802 3018 1892 3049 trans
1907 3016 2048 3049 Tiberim
2064 3016 2192 3055 castris,
2210 3016 2278 3048 bel-

1228 3074 1294 3106 lum
1305 3071 1574 3105 Romanisintulit
1584 3094 1592 3110 ‚
1604 3070 1843 3111 interceptaque
1853 3070 2052 3102 commeatus
2059 3069 2277 3106 subvectione,

1228 3127 1312 3158 same
1325 3133 1379 3156 eos
1392 3123 1516 3164 pressit.
1536 3123 1685 3154 Horatius
1706 3123 1815 3154 autem
1831 3122 1945 3162 Cocles
1957 3121 2024 3153 dux
2037 3122 2162 3152 creatus
2175 3120 2277 3152 Subli—

1227 3177 1316 3209 cium
1328 3175 1498 3215 occupavit
1523 3175 1652 3214 pontem
1663 3197 1672 3213 ,
1696 3173 1868 3213 hostesque
1886 3173 2021 3204 transire
2036 3172 2179 3203 volentes
2197 3171 2277 3202 inhi-

1228 3229 1297 3261 buit
1315 3241 1324 3260 :
1342 3226 1614 3267 multitudineque
1633 3235 1745 3258 eorum
1762 3227 1946 3266 superatus,
1966 3225 2031 3256 suis
2058 3222 2222 3255 mandavit
2240 3223 2275 3253 ut

1228 3283 1358 3322 pontem
1376 3279 1609 3319 rescinderent,
1628 3279 1835 3319 hostiumque
1858 3277 1987 3310 turbam
2004 3276 2138 3308 transitu
2164 3274 2274 3314 probi*

1228 3335 1316 3375 buit;
1340 3333 1454 3374 sagitta
1469 3333 1578 3364 autem
1595 3332 1726 3363 oculum
1744 3331 1825 3363 ictus
1841 3331 1874 3362 in
1889 3338 2018 3361 amnem
2046 3337 2079 3360 se
2103 3327 2217 3366 abjecit
2241 3326 2273 3355 et

1227 3388 1265 3419 ad
1284 3395 1360 3419 suos
1381 3386 1565 3419 tranatavit.
1582 3385 1635 3418 Sic
1657 3384 1845 3417 Theotimus
1858 3382 1996 3415 secundo
2018 3383 2136 3413 Rerum
2152 3378 2273 3410 italica-

1193 3406 1200 3469 1
1229 3448 1313 3472 rum.
