2372 3704
961 245 1294 286 FRAGMENTA.

2135 259 2208 295 395

60 354 186 394 ρωνος,
220 334 404 390 Δηίμαχος
441 334 478 374 δὲ
514 336 554 375 ἐκ
588 333 801 385 Φιλομήλης
835 334 896 380 τῆς
921 329 1099 385 Ἄκτορος·
1162 330 1327 384 γρυπούς.
1360 331 1555 383 Μέμνηται
1577 331 1613 370 δὲ
1641 331 1770 371 τούτων
1791 333 1977 387 Ἡρόδοτος
1995 337 2034 375 ἐκ
2067 337 2211 392 δευτέρᾳ

56 399 155 439 ἄλλοι
171 398 208 438 δὲ
228 397 343 441 ἄλλως
359 395 439 450 περὶ
459 395 566 434 αὐτοῦ
578 392 844 447 ἀποφαίνονται.

558 504 594 538 7.

104 568 344 613 δτι-εὼΟΧΙῙ,
356 579 398 615 p.
418 564 508 612 566,
521 566 575 602 A:
591 561 679 603 ‘'Ox-t
693 562 722 600 δ’
739 555 780 610 ἧν
791 560 954 600 κατοικία
969 561 1101 600 Μυσῶν

52 629 75 674 ἡ
98 625 241 666 Βιθυνία
252 654 263 674 ,
282 626 420 678 πρῶτον
434 621 654 677 μαρτυρήσει
671 620 813 666 Σκύλαξ
827 623 846 659 ὁ
862 619 1101 672 Καρυανδεὺς,

51 684 166 738 φήσας
199 683 386 736 περιοικεῖν
421 680 486 729 τὴν
505 679 692 721 Ἀσκανίαν
720 679 848 731 λίμνην
868 677 1020 732 Φρύγας
1039 676 1101 716 καὶ

51 742 214 788 Μυσούς·
241 741 363 781 ἔπειτα
387 740 566 784 Διονύσιος
586 742 604 779 ὁ
622 738 683 783 τὰς
704 739 844 782 Κτίσεις
874 737 1099 790 συγγράψας,

49 802 86 847 ὃς
104 801 149 840 τὰ
173 800 268 841 κατὰ
294 799 511 848 Χαλκηδόνα
539 798 600 837 καὶ
626 798 816 843 Βυζάντιον
847 796 971 845 στενὰ,
991 795 1014 834 ἃ
1042 799 1101 834 νῦν

49 859 204 914 Θρᾴκιος
223 859 402 912 Βόσπορος
434 858 616 904 καλεῖται,
650 855 818 909 πρότερόν
850 870 936 910 φησι
964 854 1101 895 Μύσιον

51 918 230 971 Βόσπορον
249 916 584 972 προσαγορεύεσθαι.
606 917 723 955 Τοῦτο
750 915 779 954 δ’
800 914 843 953 ἄν
873 930 927 959 τις
959 913 1021 953 καὶ
1040 916 1100 952 τοῦ

49 979 196 1031 Θρᾷκας
216 970 400 1021 εἶναιτοὺς
418 974 562 1020 Μυσοὺς
578 974 769 1028 μαρτύριον
789 973 882 1022 θείη,
906 975 964 1015 Cf.
991 975 1102 1012 Xan-

50 1038 107 1075 thi
124 1037 171 1076 fr.
190 1036 227 1076 8.

101 1177 239 1213 Joann.
257 1175 390 1224 Lydus
407 1176 466 1212 De
485 1175 663 1213 mensib.
687 1187 728 1224 p.
751 1173 799 1222 78
817 1174 876 1211 ed.
894 1175 1065 1213 Roether.
1091 1188 1100 1214 :

49 1232 226 1277 Διονύσιος
255 1235 289 1271 ἐν
313 1238 389 1276 ταῖς
417 1231 563 1271 Κτίσεσί
583 1247 672 1285 φησι
686 1232 745 1270 τὸν
762 1231 978 1271 Χαλκιδικὸν
994 1231 1103 1285 Εὔρι-

49 1308 114 1332 πον
136 1290 279 1336 ἑπτάκις
297 1293 376 1330 καθ’
403 1290 540 1343 ἡμέραν
561 1290 806 1344 στρεφόμενον,
823 1289 918 1329 κατὰ
939 1290 1048 1341 μόνας
1066 1291 1102 1330 δὲ

48 1351 248 1400 ἑὸδομάδας
271 1349 447 1388 ἵστασθαι.
474 1368 490 1383 ιι
509 1351 604 1388 Vide
621 1351 696 1388 Cic.
713 1352 770 1387 De
788 1358 864 1387 nat.
885 1350 924 1389 d.
945 1352 1016 1397 111,
1040 1364 1100 1398 10,

47 1424 88 1460 p.
121 1411 197 1455 524
224 1411 287 1448 ed.
319 1416 460 1460 nostr„
480 1409 611 1457 ibique
635 1416 828 1454 annotata,
855 1416 893 1445 et
922 1410 1103 1457 Wytten-

47 1470 159 1506 bach.
180 1469 230 1506 ad
253 1468 383 1506 Phaed.
401 1480 441 1516 p.
473 1472 573 1513 240,
602 1468 696 1505 Zell.
720 1467 768 1503 ad
793 1469 951 1506 Aristot.
977 1469 1098 1506 Ethic.

47 1529 131 1565 Nic.
146 1540 186 1576 p.
199 1531 289 1573 401,
307 1527 499 1563 etAnnot.
513 1525 644 1563 adCic.
655 1527 712 1562 De
726 1526 825 1575 legg.
841 1527 896 1575 ΙΙ,
919 1539 952 1571 1,
964 1538 1006 1574 p.
1030 1525 1100 1573 157

48 1586 111 1623 ed.
135 1587 261 1622 Moser
286 1593 324 1622 et
351 1585 481 1623 Creuz.
509 1600 525 1617 »
550 1585 737 1621 Canuzna.
763 1585 909 1632 Quibus
928 1585 1100 1623 Roether.

48 1644 155 1682 addit
165 1646 343 1694 Antigon.
359 1645 494 1680 Mirab.
511 1657 543 1682 c.
562 1649 650 1689 140,
665 1645 789 1692 Etym.
804 1645 857 1682 M.
871 1657 907 1681 v.
926 1641 1079 1695 Εὔριπος
1090 1673 1101 1694 ,

47 1705 145 1743 Plin.
174 1705 224 1743 H.
249 1705 295 1741 N.
315 1705 372 1750 ΙΙ,
398 1716 464 1752 97,
485 1703 630 1741 Theon.
650 1704 802 1751 Smyrn.
824 1704 942 1743 Math.
964 1716 998 1742 c.
1028 1703 1100 1750 46,

48 1775 88 1812 p.
112 1762 200 1801 163.

102 1904 244 1940 Plinius
263 1905 312 1940 H.
334 1904 382 1942 N.
403 1905 466 1949 IV,
484 1915 530 1939 21
557 1916 565 1941 :
595 1903 739 1938 Euboea
763 1910 851 1938 ante
864 1905 1035 1939 vocitata
1050 1912 1105 1940 est

51 1963 334 2008 Chalcodontis,
352 1971 419 1998 aut
435 1963 596 2006 Macris,
620 1971 660 1998 uc
672 1964 875 2010 Dionysius
888 1963 1104 2011 etEphorus

50 2024 212 2062 tradunt.
246 2024 304 2059 De
337 2023 524 2070 Dionysio
555 2022 702 2070 Perieg.
727 2021 793 2065 (v.
819 2020 896 2058 520
920 2019 1103 2064 Ἀὅαντιὰς

49 2079 175 2119 ἔπλετο
205 2078 345 2132 Μάκρις
366 2080 376 2130 )
401 2081 544 2117 Plinius
579 2081 747 2129 cogitare
772 2093 853 2116 non
886 2081 1035 2129 potuit3
1054 2081 1103 2117 ad

49 2142 99 2179 D.
123 2141 332 2186 Milesium,
354 2147 489 2188 utpote
507 2137 747 2191 περιηγήσεως
767 2147 977 2187 auctorem,
999 2148 1101 2176 retu-

49 2201 94 2236 lit
109 2200 294 2238 Schirlitz.
315 2200 356 2235 in
376 2199 559 2235 Seebodes
577 2199 716 2235 Archiv
745 2199 844 2236 1828
859 2227 869 2245 ,
886 2201 945 2245 ΙΙ,
966 2212 1008 2248 p.
1037 2199 1100 2235 36.

49 2258 336 2296 Chalcidensem
377 2258 549 2308 intelligo
562 2287 574 2307 ,
608 2258 755 2295 favente
799 2259 906 2308 quod
934 2260 1105 2308 sequitur

51 2317 276 2368 fragmento,

548 2394 609 2419 10.

107 2457 236 2497 Schol.
283 2458 413 2508 Apoll.
450 2458 525 2497 Rh.
564 2460 606 2505 Ι,
657 2461 758 2502 1024
793 2468 804 2496 :
843 2456 1024 2501 Διονύσιος
1066 2456 1102 2496 δὲ

52 2517 71 2553 ὃ
89 2513 285 2559 Χαλκιδεὺς
305 2516 464 2567 εἰρῆσθαί
480 2530 583 2568 φησιν
609 2514 733 2559 αὖτοὺς
753 2515 971 2567 Μάκρωνας,
986 2515 1106 2563 ἐπειδὴ

52 2572 218 2614 Εὐὸοέων
259 2573 326 2611 εἶσὶ
363 2573 561 2626 Μάκρωνες
602 2572 756 2614 ἄποικοι.
799 2571 920 2612 Ἄλλοι
952 2574 989 2612 δὲ
1021 2574 1107 2614 Μά-

53 2648 188 2686 κρωνας
214 2631 340 2676 αὐτούς
369 2647 453 2684 φασι
475 2632 639 2685 λέγεσθαι
662 2633 719 2671 διὰ
743 2632 783 2671 τὸ
805 2633 988 2678 πλείστους
1020 2628 1107 2672 εἶναι

53 2693 141 2744 παρ’
163 2691 280 2735 αὐτοῖς
297 2691 604 2745 μακροκεφάλους,
618 2690 740 2745 ὥσπερ
753 2692 852 2744 παρὰ
866 2698 938 2737 τοῖς
952 2692 1108 2746 Πέρσαις

53 2804 167 2836 natum
189 2804 323 2844 putant,
336 2803 530 2836 Deimachus
545 2812 623 2836 vero
642 2813 660 2836 e
676 2799 855 2836 Philomela
871 2804 997 2837 Actoris
1021 2804 1106 2845 filia;

54 2856 107 2888 alii
125 2855 265 2897 denique
281 2856 346 2888 alio
358 2855 455 2888 modo
471 2855 512 2888 de
527 2864 565 2888 eo
580 2857 741 2889 statuunt.

561 2927 596 2959 7.

97 2994 203 3034 Mysos
229 2983 413 3033 Bithyniam
433 2991 629 3025 inhabitasse
661 2992 802 3033 primum
829 2992 946 3034 Scylax
971 2994 1109 3026 testatur

57 3044 305 3086 caryandensis‚
333 3044 420 3077 circa
448 3045 620 3077 Ascanium
646 3045 753 3077 lacum
775 3045 938 3078 habitasse
961 3046 1110 3087 inquiens

58 3096 206 3138 Phryges
216 3098 248 3129 et
272 3098 397 3137 Mysos;
420 3096 536 3129 deinde
551 3096 737 3136 Dionysius,
753 3097 809 3137 qui
832 3099 878 3129 De
894 3098 1023 3130 urbium
1043 3098 1109 3130 ori-

58 3148 184 3189 ginibus
195 3148 336 3189 scripsit,
355 3149 480 3188 saucoe,
495 3156 568 3189 quae
584 3147 668 3180 inter
683 3148 921 3181 Chalcedonem
935 3151 968 3181 et
986 3151 1108 3190 Byzan-

58 3200 140 3232 tium
156 3201 232 3232 sunt
247 3208 285 3232 ac
302 3199 457 3232 Thracius
480 3208 568 3232 nunc
587 3201 746 3232 vocantur
767 3201 947 3241 Bosporus,
975 3203 1050 3233 ante
1066 3201 1110 3233 ait

61 3253 198 3292 Mysium
211 3255 390 3293 Bosporum
404 3252 500 3284 fuisse
512 3252 709 3293 appellatum
726 3265 733 3284 ε
748 3252 836 3293 quod
849 3253 955 3294 ipsum
968 3254 1109 3286 testimo·

61 3305 114 3338 nio
127 3314 194 3339 esse
203 3306 308 3348 potest
320 3305 491 3338 Thraciam
503 3306 630 3346 gentem
644 3305 658 3336 i
658 3306 739 3338 uisse
754 3307 871 3346 Mysos.

566 3378 601 3410 8.

104 3443 273 3483 Dionysius
285 3443 318 3475 in
333 3443 514 3485 Originibus
531 3444 608 3476 dicit
622 3444 776 3485 Euripum
794 3443 996 3476 Chalcidium
1010 3453 1111 3485 quum

1165 392 1179 443 [
1196 397 1266 437 ¹04
1279 420 1290 442 ,
1309 393 1377 428 ubi
1394 405 1432 431 v.
1450 393 1570 431 Baehr.
1591 391 1620 442 ].

1660 471 1721 497 11.

1214 539 1374 588 Dionys.
1396 539 1483 579 Hal.
1508 541 1553 579 A.
1580 541 1629 577 R.
1651 541 1693 586 Ι,
1717 553 1764 587 27
1783 551 1793 578 :
1814 532 1992 585 Διονύσιος
2009 540 2045 580 δὲ
2071 544 2205 583 ὃΧαλ-

1161 595 1275 641 κιδεὺς
1310 596 1466 645 οἰκιστὴν
1494 596 1556 648 μὲν
1591 597 1777 650 ἀποφαίνει
1809 601 1872 647 τῆς
1901 599 2034 644 πόλεως
2061 599 2214 653 Ῥῶμον.

1161 657 1294 695 Τοῦτον
1306 653 1342 694 δὲ
1354 654 1448 707 λέγει
1461 654 1631 715 κατὰυμέν
1648 671 1744 700 τινας
1757 655 1950 706 Ἀσκανίου,
1964 658 2056 697 κατὰ
2073 659 2110 698 δέ
2121 676 2215 705 τινας

1162 713 1383 765 Ἠμαθίωνος
1403 714 1514 752 παῖδα
1540 717 1643 754 εἰναι.

1216 775 1445 822 Dionysium
1474 774 1671 823 exscripsit
1695 775 1833 814 Euseb.
1869 775 2010 814 chron.
2039 790 2080 825 p.
2117 780 2214 823 205,

1160 834 1271 884 Mai.;
1293 833 1499 870 Eusebium
1509 833 1706 882 Syncellus
1723 846 1766 882 p.
1791 833 1864 883 193
1882 835 1925 873 B.
1940 835 1997 874 Cf.
2020 837 2212 875 Plutarch.

1161 893 1275 931 Rom.
1295 905 1329 930 e.
1347 905 1369 928 2
1390 903 1400 929 :
1421 891 1467 930 Οἳ
1488 888 1523 928 δὲ
1541 891 1552 942 (
1568 889 1698 929 οἰκίσαι
1721 890 1786 938 τὴν
1806 893 1907 931 πολιν
1927 892 2057 946 φασὶν)
2075 892 2216 944 Ῥῶμον

1162 949 1202 986 ἐκ
1214 948 1346 1002 Τροίας
1366 948 1434 987 ὑπὸ
1454 949 1651 998 Διομήδους
1671 949 1919 989 ἀποσταλέντα
1939 950 1998 989 τὸν
2029 951 2211 1002 Ἢμαθίω·

1161 1022 1228 1051 νος.
1251 1008 1461 1045 Romulum
1479 1010 1629 1046 Ascanii
1654 1007 1775 1046 filium
1803 1012 1919 1047 etiam
1944 1013 2212 1049 Eratosthenes

1162 1067 1255 1104 dicit
1272 1080 1333 1117 ap.
1350 1069 1453 1105 Serv.
1470 1068 1519 1104 ad
1538 1068 1643 1117 Virg.
1664 1069 1751 1106 AEn.
1785 1070 1825 1116 I,
1844 1070 1934 1117 273.

1662 1162 1724 1188 12.

1216 1226 1343 1264 Schol.
1364 1227 1493 1275 Apoll.
1513 1227 1641 1264 Rhod.
1661 1228 1717 1273 II,
1748 1240 1825 1277 ²79
1847 1239 1856 1266 :
1879 1226 2059 1272 Διονύσιος
2087 1227 2126 1266 δέ
2148 1243 2215 1281 φη-

1163 1298 1216 1321 σιν
1246 1285 1264 1322 ὁ
1291 1282 1467 1330 Ἀθηναῖος
1491 1285 1525 1321 ἐν
1552 1284 1628 1328 ταῖς
1655 1284 1801 1331 κυήσεσι
1832 1287 1927 1337 (leg.
1958 1285 2127 1338 Κτίσεσι)
2150 1286 2213 1330 τὰς

1163 1342 1312 1394 ἐλάφους
1337 1340 1428 1380 οὕτω
1453 1341 1637 1394 λέγεσθαι,
1661 1343 1807 1396 πρόκας.
1829 1343 1938 1383 εὈθεν
1959 1345 2020 1383 καὶ
2051 1346 2212 1398 Προκόν-

1164 1416 1286 1449 νησος,
1314 1400 1391 1439 ἐπεὶ
1414 1401 1473 1439 καὶ
1503 1402 1537 1438 ἐν
1568 1400 1678 1454 ταύτῃ
1708 1401 1920 1449 πληθύουσιν
1942 1402 2076 1456 ἔλαφοι,
2101 1405 2148 1443 Οἱ
2178 1403 2215 1441 δὲ

1166 1459 1415 1512 Προχόννησον
1436 1459 1594 1510 λέγουσιν
1615 1462 1773 1512 εἰρῆσθαι
1801 1461 1871 1499 ἀπὸ
1890 1464 1952 1508 τῆς
1974 1462 2127 1514 προχόου
2140 1493 2151 1511 ,
2171 1462 2215 1510 ἣν

1163 1517 1293 1569 ἔχουσα
1315 1518 1384 1561 τοῖς
1402 1518 1590 1565 Μιλησίοις
1610 1518 1811 1566 ἀπήντησεν
1829 1522 1850 1566 ἡ
1871 1518 2039 1573 παρθένος
2051 1551 2062 1572 ‚
2080 1520 2136 1559 ὅτε
2155 1521 2218 1568 τὴν

1165 1576 1329 1614 ἀποικίαν
1340 1576 1559 1616 ἐστέλλοντο.
1580 1579 1627 1616 Οἱ
1643 1577 1679 1615 δὲ
1695 1578 1941 1631 Προχόννησον
1956 1581 2219 1631 ἐτυμολογοῦσι,

1163 1635 1248 1673 καθὸ
1275 1635 1444 1687 πρότερον
1463 1628 1550 1673 οῧσα
1565 1638 1668 1682 νῆσος
1682 1636 1928 1689 προσεχώσθη.
1948 1637 2040 1678 εΥπό
2060 1654 2161 1678 τινων
2180 1639 2217 1678 δὲ

1166 1693 1390 1747 Προκόνησος
1409 1694 1470 1732 καὶ
1490 1694 1731 1748 Ἐλαφόνησος
1751 1697 1900 1743 ἐκλήθη.

1217 1755 1314 1792 cod.
1335 1757 1455 1792 Paris.
1474 1754 1728 1807 Προκόνησον..
1757 1755 2019 1808 Προχόνησον..
2048 1757 2218 1810 Προχού-

1164 1827 1301 1858 νησον..
1335 1811 1609 1864 Ἐλαφρόνησος.
1642 1815 1787 1851 Eadem
1817 1818 1942 1864 Etym.
1966 1818 2019 1853 M.
2045 1830 2083 1853 v.
2109 1818 2220 1869 Προι-

1164 1871 1350 1921 κόννησος,
1366 1874 1434 1909 ubi
1452 1887 1525 1923 pro
1547 1875 1582 1911 ἐν
1609 1873 1756 1920 κυήσεσι
1785 1874 1796 1925 (
1818 1879 1855 1911 in
1871 1878 2101 1925 conceptibus
2122 1877 2135 1928 )
2164 1886 2220 1915 est

1165 1932 1200 1968 ἐν
1226 1930 1383 1978 κτήσεσι.
1402 1934 1500 1969 Hinc
1529 1934 1709 1982 Sylburg.
1736 1935 1954 1970 emendavit
1988 1935 2023 1971 ἐν
2048 1933 2214 1983 Κτίσεσι,

1163 1991 1281 2039 idque
1300 1991 1516 2040 probarunt
1531 1993 1775 2029 Casauhonus
1791 1993 1865 2042 (ad
1884 1994 2021 2029 Athen.
2040 1995 2094 2039 X,
2123 1999 2168 2039 14
2188 1995 2217 2045 ),

1163 2051 1377 2086 Maussacus
1399 2050 1409 2102 (
1427 2051 1476 2086 ad
1497 2053 1727 2099 Harpocrat.
1747 2065 1786 2088 v,
1813 2050 2006 2103 Ἡφαιστία
2023 2052 2052 2102 ),
2069 2055 2221 2090 Vossius

1168 2109 1245 2158 (H.
1266 2110 1332 2147 Gr.
1354 2122 1395 2158 p.
1423 2110 1497 2152 432
1514 2110 1524 2159 )
1542 2137 1552 2155 ,
1568 2111 1751 2146 Daumius
1771 2109 1855 2159 (ep.
1875 2111 1925 2148 ad
1939 2113 2087 2148 Reines.
2105 2111 2217 2164 XX),

1165 2169 1359 2204 Reinesius
1390 2167 1504 2218 (Var.
1527 2170 1634 2204 Lect.
1657 2170 1716 2214 ΙΙ,
1740 2168 1811 2218 8);
1841 2167 1985 2214 κυήσεσι
2013 2171 2218 2207 lectionem

1165 2228 1294 2262 tuetur
1329 2227 1389 2262 vir
1424 2227 1582 2272 doctus,
1622 2229 1688 2275 qui
1715 2229 1881 2264 indicem
1924 2229 2155 2278 scriptorum
2181 2231 2221 2265 in

1164 2285 1285 2323 schol.
1294 2286 1421 2333 Apoll.
1438 2285 1568 2321 Rhod.
1579 2286 1823 2322 laudatorum
1833 2289 2035 2323 transmisit
2042 2289 2070 2324 F
2073 2289 2219 2324 abricio

1166 2343 1287 2396 (Bibl.
1302 2345 1366 2382 Gr.
1380 2345 1435 2390 ΙΙ,
1452 2357 1493 2392 p.
1519 2344 1591 2381 136
1606 2345 1668 2382 ed.
1687 2358 1749 2394 pr.
1766 2344 1791 2395 ).
1808 2344 1949 2387 Κτίσεις
1961 2359 2220 2396 saepenumero

1166 2403 1271 2440 abire
1283 2404 1322 2438 in
1337 2401 1476 2449 κτήσεις
1489 2405 1581 2440 nota
1591 2417 1650 2440 res
1662 2418 1671 2449 ;
1690 2403 1831 2450 κτήσεις
1843 2406 1883 2441 in
1895 2402 2034 2450 κυήσεις
2046 2413 2217 2443 mutave-

1166 2462 1216 2496 rit
1231 2463 1390 2510 sciolus,
1412 2463 1479 2510 qui
1506 2463 1546 2498 in
1570 2475 1677 2511 seqq.
1700 2475 1721 2499 e
1740 2464 1895 2500 Philetae
1914 2461 2091 2506 Ἀτάκτοις
2119 2465 2220 2501 tradi

1167 2519 1317 2555 viderat
1344 2518 1479 2571 πρόκας
1509 2518 1673 2570 λέγεσθαι
1702 2518 1764 2564 τὰς
1800 2520 1948 2572 ἐλάφους
1980 2520 2044 2564 τὰς
2068 2521 2211 2574 πρώτας

1169 2576 1372 2625 τικτούσας,
1394 2571 1463 2615 οἶον
1481 2577 1735 2630 πρωτοτόκους.
1753 2602 1806 2608 -
1822 2578 2001 2627 Ἀθηναῖος
2014 2583 2220 2630 Dionysius

1169 2636 1343 2676 Chalcid.
1361 2637 1517 2674 fortasse
1533 2638 1670 2674 eodem
1685 2639 1803 2675 modo
1822 2639 1963 2675 dicitur
1976 2653 2053 2688 quo
2069 2641 2221 2689 Eupho-

1170 2696 1279 2745 rion,
1307 2697 1375 2744 qui
1401 2695 1502 2748 φύσει
1536 2694 1599 2745 μὲν
1630 2695 1850 2744 Χαλκιδεὺς,
1877 2696 1968 2736 θέσει
1988 2697 2024 2735 δὲ
2045 2697 2221 2746 Ἀθηναῖος

1165 2804 1283 2845 septies
1303 2805 1436 2846 singulis
1449 2805 1563 2838 diebus
1583 2806 1780 2848 reciprocet,
1803 2808 1981 2841 secundum
1997 2809 2081 2842 solas
2097 2809 2220 2842 hebdo-

1168 2856 1280 2889 madas
1295 2858 1392 2889 stare.

1663 2913 1722 2946 10.

1209 2965 1383 3006 Dionys1us
1402 2965 1621 2999 Chalcidensis
1637 2968 1803 3000 Macrones
1815 2967 1890 3001 inde
1908 2968 1972 3001 dici
1985 2968 2041 3010 ait,
2056 2968 2142 3010 quod
2158 2968 2222 3001 sint

1168 3017 1273 3049 coloni
1292 3017 1491 3050 Euboeorum
1519 3017 1530 3058 (
1551 3027 1691 3059 quorum
1710 3019 1815 3051 insula
1832 3019 1947 3053 Macris
1967 3020 2219 3062 appellabatur).

1209 3127 1383 3169 Dionysius
1393 3127 1613 3162 Chalcidensis
1626 3129 1829 3163 conditorem
1842 3130 1938 3163 Urbis
1949 3131 2044 3163 fuisse
2057 3129 2222 3162 contendit

1168 3182 1327 3220 Romam,
1353 3180 1440 3212 hunc
1455 3189 1532 3212 vero
1554 3181 1632 3214 dicit
1645 3182 1686 3214 ab
1700 3182 1770 3216 aliis
1793 3184 1939 3224 Ascanii,
1957 3184 1998 3216 ab
2026 3183 2095 3215 aliis
2122 3185 2220 3215 Ema-

1168 3232 1287 3265 thionis
1299 3231 1400 3264 filium
1416 3231 1536 3264 haberi.

1662 3288 1720 3321 12.

1212 3341 1381 3382 Dionysius
1388 3341 1586 3375 Atheniensis
1592 3343 1625 3375 in
1633 3343 1818 3384 Originibus
1826 3352 1937 3376 cervas
1943 3342 2094 3383 appellari
2103 3340 2218 3381 πρόκας

1170 3393 1226 3426 ait.
1239 3393 1330 3426 Unde
1339 3393 1436 3426 etiam
1447 3396 1666 3428 Proconnesus
1675 3395 1850 3435 nominata,
1862 3394 1949 3435 quod
1962 3402 1998 3426 ea
2010 3393 2109 3425 insula
2118 3390 2219 3422 cervis

1170 3444 1328 3478 abundat.
