2314 3756
153 230 196 261 10
965 213 1174 253 EUNAPlI
1205 211 1453 250 SARDIANI

148 306 317 359 ὀστράκου
335 304 604 357 μεταπεσόντος,
627 303 684 341 ἐπὶ
705 302 743 340 τὸ
765 301 897 354 βέλτιον
922 300 1077 353 ἐχώρησε
1105 299 1176 342 τοῖς

149 365 348 415 Ἱ)ωμαίοις.

202 427 393 460 Postrema
410 436 455 459 ex
471 407 644 470 Eunapio
659 421 769 456 affert
785 419 918 456 Suidas
933 431 968 456 v,
985 414 1182 466 Ὀστράκου

148 480 375 533 περιστροφή.
403 481 545 517 Eadem
575 480 768 515 locutione
802 477 1035 526 proverbiali
1063 477 1183 510 Euna-

149 543 234 590 pius
256 542 375 576 utitur
394 541 431 574 in
447 540 520 575 Vit.
543 538 735 573 Proaeresii
750 549 790 584 p.
815 535 863 570 80
877 561 887 580 ,
912 535 978 570 ubi
1006 546 1042 570 v,
1063 533 1181 569 Boiss.

150 600 340 636 Sententia
366 604 510 646 spectat
525 597 715 631 Julianum
733 595 912 630 Caesarem
926 619 936 636 ‚
965 592 1031 639 qui
1056 591 1183 627 Galliae

150 658 346 707 praefectus
363 655 581 705 profligatas
600 654 653 689 ibi
668 666 726 689 res
745 655 1006 688 Romanorum
1020 650 1153 685 erexit.

154 741 520 782 ΚΩΝΣΤΑΝΤΙΟΣ
553 740 636 778 ΚΑΙ
666 738 947 777 ΙΟΥΛΙΑΝΟΣ
983 735 1181 773 ΚΑῙΣΑΡ.

627 821 649 857 8
675 833 709 858 a.

205 904 391 954 [Sui(las·
412 899 746 949 Ἐξιστάμενος,
770 898 845 936 ἀντὶ
864 900 924 935 τοῦ
947 897 1184 949 παραχωρῶν.

154 978 170 993 «
187 960 230 999 Ὁ
251 963 306 998 οὖν
328 959 532 1011 Μάρκελλος
560 957 671 1009 κύριος
695 961 734 1003 ἠν
755 972 820 993 των
849 955 1081 1007 πραγμάτων,
1112 953 1186 991 ὀνό-

157 1033 286 1068 ματος
281 1017 383 1054 μόνου
402 1031 459 1053 και
479 1014 658 1066 σχήματος
672 1030 720 1050 τω
734 1013 914 1064 Ἰουλιανῶ
942 1010 1182 1060 ἐξιστάμενος,

155 1075 217 1122 τὴν
237 1075 272 1112 δὲ
301 1068 532 1126 ἀληθεστέραν
553 1073 653 1113 αὐτὸς
674 1070 784 1123 ἀρχὴν
804 1069 1180 1122 μεταχειριζόμενος.»

152 1135 313 1182 Eunapii
338 1134 416 1168 haec
448 1141 523 1168 esse
553 1138 682 1166 monet
719 1130 883 1167 Valesius
917 1129 966 1164 ad
1001 1130 1186 1166 Ammian.

152 1193 320 1229 Marcell.
340 1192 447 1238 XVI,
469 1195 506 1234 4,
534 1189 570 1228 3.
597 1189 836 1226 Constantius
860 1200 977 1235 quum
995 1188 1188 1223 julianum

153 1253 330 1287 caesarem
349 1250 592 1292 declarasset,
625 1251 694 1288 τοῖς
706 1245 790 1296 ὑπὲρ
807 1243 868 1287 τὰς
893 1243 1033 1287 Ἄλπεις
1056 1244 1185 1282 ἔθνεσιν

155 1305 308 1354 ἔπεμπεν
332 1305 424 1355 (355
441 1319 480 1354 p.
498 1305 573 1352 C.).
596 1300 762 1345 Ἀπιστος
783 1301 818 1340 δὲ
847 1300 894 1339 ὢν
917 1302 1036 1354 φύσει,
1056 1302 1115 1340 καὶ
1143 1304 1189 1346 ὡς

155 1363 269 1407 εὔνους
282 1364 375 1415 αὐτῷ
395 1362 454 1400 καὶ
472 1362 591 1404 πιστὸς
603 1359 699 1398 ἔσται
720 1359 828 1410 μήπω
845 1359 1085 1413 τεθαρρηκὼς,
1108 1376 1189 1398 συν·

155 1422 327 1471 εκπέμπει
354 1420 560 1472 Μάρκελλον
592 1420 685 1470 αὐτῷ
703 1418 762 1456 καὶ
779 1418 1031 1468 Σαλλούστιον,
1053 1420 1189 1467 αὐτοῖς,

154 1481 213 1519 καὶ
226 1482 263 1518 οὗ
278 1482 327 1531 τῷ
350 1479 518 1530 Καίσαρι,
537 1476 599 1522 τὴν
615 1475 733 1514 αὐτόθι
751 1474 1032 1520 καταπιστεύσας
1056 1475 1190 1523 διοίκη-

155 1555 219 1576 σιν.
230 1541 353 1578 Verba
374 1545 459 1574 sunt
474 1538 611 1573 Zosimi
639 1538 716 1580 III,
738 1549 781 1582 2,
815 1541 851 1579 4.
871 1536 926 1574 Cf.
959 1537 1129 1572 Julianus
1154 1538 1191 1572 in

155 1601 226 1647 Ep.
246 1599 294 1634 ad
316 1598 470 1642 Athen.,
491 1596 556 1631 ubi
579 1596 618 1630 in
634 1595 791 1631 Galliam
817 1596 971 1630 missum
1006 1596 1099 1630 dicit
1130 1595 1192 1632 οὐκ

158 1657 310 1709 ἄρχοντα
329 1656 460 1706 μᾶλλον
478 1657 544 1692 τῶν
567 1654 677 1692 ἐκεῖσε
693 1653 955 1706 στρατοπέδων,
970 1651 1071 1699 ἢτοῖς
1082 1656 1192 1692 ἐκεῖσε

157 1720 358 1767 στρατηγοῖς
379 1712 638 1751 ὑπακούσαντα.

207 1874 297 1908 Exc.
314 1873 370 1907 De
382 1878 475 1906 sent.
486 1883 523 1919 p.
538 1869 612 1906 255
629 1884 636 1906 ε
652 1867 736 1908 εὈτι
747 1869 850 1921 φησὶν
861 1869 1034 1912 Εὗνάπιος
1046 1869 1195 1922 περὶτοῦ

156 1928 361 1980 παραὸάτου
384 1927 575 1965 Ἰουλιανοῧ
591 1930 695 1979 ’,Τῆς
712 1927 749 1965 δὲ
767 1927 950 1976 στρατείας
962 1928 1091 1974 ταύτης
1111 1944 1198 1980 σφο-

156 1986 320 2039 δροτάτης
340 2001 375 2023 τε
396 1985 470 2035 ἅμα
484 1985 542 2023 καὶ
561 1985 783 2032 κλεινοτάτης
801 1988 868 2023 τῶν
889 1986 955 2058 πρὸ
973 1987 1080 2032 αὐτῆς
1096 2001 1193 2038 γενο-

158 2061 199 2095 με
186 2044 267 2082 ’νων
284 2043 346 2090 τὴν
364 2043 522 2095 διήγησιν
550 2045 583 2086 ἐς
606 2043 706 2090 τηνδε
727 2042 788 2090 τὴν
814 2044 951 2096 γραφὴν
976 2044 1196 2093 ἐντείνοντες,

156 2105 193 2141 οὐ
214 2102 404 2152 πεισόμεθα
423 2102 547 2139 ταύτὸν
564 2104 633 2144 τοῖς
651 2103 686 2139 ἐν
705 2101 821 2154 ἡμέρᾳ
842 2103 947 2154 δᾷδας
964 2103 1191 2176 ἀνῒασχοῧσιν,

158 2160 216 2197 ι’να
237 2176 269 2198 τι
288 2158 522 2211 κρυπτόμενον
549 2159 755 2212 ἀνεύρωσιν·
776 2159 852 2197 οὐδὲ
878 2159 965 2211 ὑπὲρ
994 2163 1042 2197 ὡν
1072 2162 1200 2203 ἱκανῶς

162 2217 235 2267 ἅμα
264 2218 322 2256 καὶ
348 2220 590 2254 συνενθουσιων
623 2220 692 2261 τοῖς
718 2219 841 2256 ἑαυτοῦ
874 2220 992 2261 καλοῖς
1029 2217 1197 2269 βιὸλίδιον

161 2253 239 2314 ὅλον
259 2277 340 2327 τῇδε
367 2275 500 2318 ἀναθεὶς
517 2279 559 2327 τῇ
584 2276 681 2328 μάχῃ
713 2278 846 2323 διῆλθεν
873 2280 890 2314 ὁ
921 2278 1199 2328 βασιλικώτατος

159 2333 218 2371 καὶ
235 2335 268 2370 ἐν
287 2333 399 2383 λόγοις
411 2333 606 2380 Ἰουλιανὸς,
621 2333 718 2371 αὐτοὶ
731 2334 1031 2386 παραὸαλούμεΟα
1045 2334 1104 2373 καὶ
1119 2351 1199 2373 συν-

161 2390 349 2439 εκθήσομεν
371 2389 487 2442 ἑτέραν
521 2391 656 2444 γραφὴν
673 2391 717 2429 τὰ
732 2392 819 2429 αὐτὰ
831 2392 1071 2440 σημαίνουσαν
1084 2408 1092 2416 ·
1106 2392 1195 2431 ἀλλὰ

159 2451 230 2492 τοῖς
252 2448 312 2499 μὲν
334 2449 553 2500 βουλομένοις
565 2450 604 2488 τὸ
625 2451 764 2516 μέγεθρς
781 2454 848 2489 τῶν
870 2451 998 2489 ἐκείνου
1024 2451 1136 2502 λόγων
1157 2467 1194 2490 τε

1245 296 1304 335 καὶ
1322 297 1429 348 ἔργων
1455 299 1665 335 ἀνασκοπεῖν
1689 295 1728 334 τὸ
1746 295 1824 347 περὶ
1848 296 1978 336 τούτων
1998 297 2130 349 βιὸλίον
2151 299 2277 339 ἐπιτάὲ
2309 294 2314 321 ⁴]

1246 354 1360 404 ξομεν,
1380 354 1440 391 καὶ
1459 353 1543 406 πρὸς
1563 353 1697 424 ἐκείνην
1715 355 1876 406 φέρεσθαι
1894 353 1954 402 τὴν
1974 357 2096 394 ἀκτῖνα
2115 359 2177 404 τῆς
2194 373 2279 410 συγ·
2311 375 2314 379 ·

1246 427 1399 464 γραφης,
1419 413 1527 457 ἕκτης
1547 410 1719 464 ἐνεργείας
1733 414 1800 450 τῶν
1815 411 1891 450 τότε
1908 414 1965 451 ὑπ’
1981 414 2087 452 αὐτου
2106 415 2314 468 πραχθέν·

1245 485 1312 507 των
1352 469 1410 511 ἐπὶ
1439 468 1502 516 τὴν
1535 485 1596 507 του
1630 469 1734 519 λόγου
1772 469 1915 520 δύναμιν
1954 472 2186 524 ἀπορρυεῖσαν
2218 473 2314 522 καὶ·

1247 527 1516 580 διαλάμψασαν·
1537 527 1635 566 αὐτοὶ
1655 526 1741 565 83⁰¹
1722 543 1800 566 οσον
1819 530 1857 566 οὗ
1877 528 1960 581 πρὸς
1989 529 2140 579 ἅμιλλαν
2159 546 2280 584 μειρα·
2311 527 2314 568 ἶ,

1245 583 1354 632 κιώδη
1382 584 1442 622 καὶ
1473 583 1691 637 σοφιστικὴν,
1723 587 1800 623 ἀλλ’
1830 587 1876 630 εἷς
1903 587 2080 640 ἱστορικὴν
2099 588 2282 641 ἀκρίὸειαν
2309 607 2314 639 :³

1247 643 1443 688 ἀναστησαι
1462 642 1524 680 καὶ
1541 642 1734 680 διαπλάσαι
1747 643 1804 681 τὸν
1814 642 1929 695 λόγον,
1941 645 2224 698 ἐπιδραμούμεθα
2233 647 2281 686 τὰ
2309 654 2314 688 j

1246 700 1458 751 γεγενημένα
1472 730 1483 751 ,
1505 700 1733 745 συνάπτοντες
1748 706 1817 746 τοῖς
1836 702 2028 755 εἰρημένοις
2045 703 2088 742 τὰ
2115 704 2279 757 ἐχόμενα.
2312 751 2314 754 Α

1302 777 1317 793 «
1328 762 1468 797 Juliani
1487 762 1671 808 libellum,
1693 775 1769 810 quo
1784 763 1882 799 bella
1903 774 1924 798 a
1936 775 1975 799 se
1990 764 2031 799 in
2045 764 2166 802 Gallia
2179 773 2284 815 gesta.
2310 796 2314 815 .·

1249 820 1470 867 complexus
1489 819 1632 864 fuerat,
1646 820 1917 856 commemorat
1932 827 2046 869 atque
2064 834 2170 870 aeque
2183 835 2285 861 com·

1250 878 1406 913 mendat
1425 879 1539 914 etiam
1553 878 1732 915 Libanius
1752 879 1819 916 Or.
1840 880 1935 915 XIII
1949 908 1960 928 ‚
1977 887 2071 918 tom.
2084 882 2118 927 Ι,
2142 893 2182 930 p.
2208 885 2284 925 412

1248 937 1373 973 Reisk.
1389 952 1404 969 »
1420 937 1512 973 Mu.
1529 937 1707 972 Proelium
1724 937 1829 985 quod
1845 938 1871 975 1.
1889 938 1914 976 l.
1932 938 2135 984 indicatur,
2156 947 2212 976 est
2224 952 2286 978 ee·
2308 942 2314 979 ἓ

1249 995 1490 1031 leherrimum
1500 995 1607 1040 illud,
1621 1008 1698 1043 quo
1715 996 1921 1032 Germanos
1932 996 2030 1032 fudit
2041 997 2090 1033 ad
2101 1000 2287 1047 Argento-
2312 1034 2314 1042 2

1252 1059 1378 1088 ratum
1396 1051 1488 1104 (357
1509 1053 1653 1101 p.tC.).
1672 1054 1842 1089 Zosimus
1859 1055 1940 1099 ΙΙΙ,
1964 1054 2002 1100 3,
2022 1055 2045 1090 6
2069 1067 2078 1091 z
2104 1055 2288 1106 Συμμίξας
2310 1088 2314 1101 2

1251 1108 1287 1146 δὲ
1307 1111 1378 1152 τοῖς
1401 1109 1595 1160 πολεμίοις,
1616 1109 1732 1156 πάσης
1755 1110 1948 1162 ὓπερὸολῆς
1963 1109 2132 1160 ιἐπέκεινα
2150 1113 2189 1153 τὸ
2201 1113 2285 1166 τρό-
2311 1104 2314 1109 .

1250 1183 1351 1206 παιον
1367 1167 1526 1215 ἔστησεν,
1555 1167 1590 1212 ἓξ
1611 1167 1673 1218 μὲν
1708 1170 1742 1206 ἐν
1779 1170 1866 1221 αὐτῇ
1902 1172 1945 1221 τῇ
1978 1169 2076 1222 μάχῃ
2112 1171 2288 1224 μυριάδων

1251 1227 1463 1279 (χιλιάδωνῖ
1476 1241 1543 1263 sex
1558 1230 1678 1264 millia
1691 1241 1766 1264 sec.
1783 1229 1973 1267 Ammian.
1990 1230 2073 1275 XV,
2091 1243 2138 1266 22
2160 1242 2170 1269 τ
2186 1231 2291 1268 ὀκταό

1252 1285 1414 1336 κισχίλιοι
1440 1285 1551 1336 νεκροὶ
1584 1287 1689 1322 suere
1717 1299 1791 1323 sec.
1827 1288 1962 1323 Liban.
1993 1289 2058 1327 Or.
2099 1289 2162 1328 ad.
2187 1288 2288 1341 Jul.)

1252 1341 1487 1394 ἀπολομένων,
1499 1343 1622 1397 ἑτέρων
1653 1343 1688 1382 δὲ
1714 1344 1886 1382 τοσούτων
1908 1344 2087 1396 ἇλομένων
2113 1346 2205 1385 κατὰ
2229 1350 2290 1386 τοῦ

1254 1403 1383 1449 Ῥήνου
1401 1403 1460 1441 καὶ
1477 1404 1727 1456 διαφθαρεισῶν
1747 1404 1782 1441 ἐν
1801 1405 1850 1456 τῷ
1876 1403 2032 1455 ῥεύματι.
2052 1401 2168 1443 ιὨο-τε
2193 1404 2226 1443 εἴ
2239 1421 2290 1450 τις

1254 1461 1365 1500 ἐθέλοι
1393 1464 1436 1513 τῇ
1467 1461 1552 1512 πρὸς
1590 1465 1736 1514 Δαρεῖον
1766 1461 1989 1515 Ἀλεξάνδρου
2024 1462 2123 1516 μάχῃ
2159 1463 2290 1511 ταύτην

1252 1519 1470 1571 παραὸαλεῖν
1491 1518 1554 1567 τὴν
1580 1519 1689 1568 νίκην,
1719 1521 1781 1558 οὐκ
1801 1519 1842 1558 ἂν
1873 1519 1964 1574 εὕροι
1993 1520 2124 1570 ταύτην
2158 1521 2288 1570 ἐκείνης

1253 1579 1431 1622 ἐλάττοναί

1747 1671 1804 1696 10.

1309 1751 1410 1789 Ibid,
1432 1764 1473 1800 p.
1495 1750 1570 1786 256
1585 1763 1592 1789 :
1609 1748 1696 1789 “Ort
1711 1749 1899 1793 Ἰουλιανὸς
1914 1750 1992 1795 τοὺς
2009 1750 2220 1803 ἀρχομένους
2233 1751 2292 1791 καὶ

1256 1806 1333 1851 τοὺς
1349 1807 1537 1858 πολεμίους
1564 1808 1742 1847 ἐδίδασκεν
1764 1808 1838 1859 ἅμα
1855 1809 1926 1847 τίσι
1944 1810 2039 1848 δοκεῖ
2055 1811 2145 1858 (Set-⁶?
2162 1810 2292 1862 Β.)τὸν

1256 1865 1359 1910 ὄντως
1379 1867 1525 1918 βασιλέα
1541 1872 1692 1919 κρατεῖν,
1719 1866 1779 1905 καὶ
1799 1870 1844 1911 ὡς
1864 1867 2004 1920 ἀνδρεία
2030 1868 2092 1919 μὲν
2113 1869 2174 1907 καὶ
2192 1869 2292 1922 ῥώμη

1260 1925 1318 1963 καὶ
1333 1927 1458 1978 χειρῶν
1478 1926 1602 1978 κράτος
1621 1926 1705 1979 πρὸς
1725 1942 1803 1970 τους
1821 1927 2073 1974 ἀνθεστηκότας
2097 1927 2200 1978 μόνον
2225 1931 2293 1967 τῶν

1259 1985 1434 2035 πολεμίων
1454 1985 1637 2054 χρήσιμα,
1655 1985 1852 2033 δικαιοσύνη
1873 1985 1908 2024 δὲ
1920 1997 1986 2036 μἐτ
1987 1986 2200 2032 ’ἕξουσίας”’
2175 2004 2293 2042 ωσπερ

1259 2043 1356 2095 πηγή
1377 2059 1427 2086 τις
1451 2047 1537 2082 οὐσα
1554 2046 1622 2082 τῶν
1642 2046 1773 2097 ἀρετῶν
1793 2044 1852 2082 καὶ
1868 2043 1946 2088 τους
1960 2045 2009 2094 μὴ
2026 2045 2201 2097 παρόντας
2215 2061 2295 2099 χει-

1262 2102 1423 2154 ροηθεις
1409 2108 1545 2152 εμποιεῖ
1566 2103 1622 2151 (τε
1641 2105 1776 2140 ποιεῖνὶ)
1789 2103 1850 2153 Β.)
1865 2102 1925 2141 καὶ
1939 2104 2295 2158 δουλουσθαιπέφυκε.

1260 2160 1434 2204 Τοιαύτας
1451 2160 1638 2199 ὑποτείνων
1662 2160 1787 2212 ἀρετὰς
1805 2161 1865 2199 καὶ
1888 2161 2075 2214 σπέρματα
2097 2162 2298 2216 φιλοσοφίας

1262 2221 1309 2263 εἷς
1340 2218 1418 2262 τοὺς
1452 2218 1624 2266 ὑπηκόους
1657 2219 1814 2262 ἅπαντας
1846 2219 1915 2257 ἀπὸ
1945 2219 2102 2272 βήματος
2132 2219 2298 2259 ἐπέταττε

1261 2276 1451 2327 Ῥωμαίοις
1481 2276 1616 2326 μηδένα
1640 2276 1779 2316 Σαλίων
1800 2278 1944 2325 ἀδικεῖν,
1966 2277 2055 2328 μηδὲ
2079 2279 2181 2331 δῃοῦν
2199 2278 2223 2325 ἢ
2243 2278 2299 2318 σί-

1261 2339 1378 2373 νεσθαι
1395 2335 1458 2382 τὴν
1481 2335 1570 2373 ἰδίαν
1589 2335 1723 2387 χώραν.
1746 2335 1853 2374 Ἰδίαν
1871 2336 1900 2373 δ’
1916 2335 2090 2388 ἀπέφαινε
2099 2341 2216 2374 πᾶσαν
2235 2337 2298 2374 αὒ-

1261 2394 1339 2437 vob<
1364 2394 1432 2431 δεῖν
1470 2393 1747 2444 ὗπολαμὸάνειν,
1780 2393 1823 2441 ἣν
1851 2393 1932 2432 ἄνευ
1963 2393 2080 2446 μάχης
2104 2393 2164 2432 καὶ
2183 2392 2298 2432 πόνων

1264 2451 1400 2504 ἔχουσιν
1413 2465 1421 2473 ·
1439 2453 1484 2494 ὡς
1505 2453 1697 2502 ἀναγκαῖον
1718 2446 1805 2490 εἶναι
1828 2451 1998 2502 πολεμίαν
2017 2451 2081 2498 τὴν
2104 2453 2172 2490 τῶν
2193 2453 2300 2490 πολε-

202 2561 280 2591 Haec
295 2560 426 2591 felicitas
445 2560 574 2600 contigit
584 2562 704 2602 ‚atque
714 2562 833 2601 omnia,
850 2563 1004 2602 tanquam
1025 2563 1108 2594 testa
1121 2571 1198 2594 con·
1226 2563 1233 2620 1
1259 2562 1476 2602 splendorem,
1490 2561 1545 2602 qui
1561 2562 1714 2595 nimirum
1729 2572 1770 2595 ex
1787 2572 1920 2603 operum
1942 2563 2011 2603 ejus
2023 2563 2144 2596 virtute
2155 2562 2189 2595 in
2201 2562 2301 2604 ipsius

161 2619 263 2650 xersa,
278 2611 409 2642 meliora
423 2611 574 2643 Romanis
586 2612 683 2644 ssuere
696 2614 874 2652 coeperunt.

645 2667 665 2698 8
680 2673 714 2699 a.

205 2720 308 2750 Penes
312 2719 499 2750 Marcellum
510 2720 652 2751 omnium
667 2729 716 2751 rer
718 2729 772 2751 um
787 2721 923 2760 potestas
935 2722 1014 2761 erat,
1031 2721 1087 2761 qui
1097 2721 1201 2753 solum

162 2781 278 2804 nomen
294 2774 326 2804 et
343 2773 486 2804 habitum
510 2774 635 2805 Juliano
658 2774 861 2813 concedebat,
886 2775 1068 2807 interiorem
1094 2775 1200 2807 autem

163 2826 227 2865 ipse
240 2825 362 2865 imperii
375 2826 442 2856 vim
455 2825 708 2858 administrabat.

663 2881 699 2913 9.

205 2937 253 2967 De
263 2937 281 2966 J
285 2934 391 2966 uliano
405 2935 555 2974 Apostata
567 2935 612 2966 sic
624 2935 669 2967 ait
688 2937 851 2976 Eunapius
867 2949 875 2968 ε
890 2937 994 2976 Hujus
1008 2936 1157 2968 maximae
1171 2937 1204 2968 et

163 2988 323 3028 quotquot
333 2987 425 3018 antea
439 2987 566 3018 suerunt
575 2988 758 3019 clarissimae
767 2989 974 3028 expeditionis
987 2990 1202 3021 narrationem

165 3038 304 3070 scrihere
319 3037 525 3078 aggrediens,
546 3038 631 3069 haud
652 3038 800 3070 imitabor
821 3048 875 3072 eos
891 3039 946 3080 qui
965 3040 1097 3072 meridie
1121 3041 1205 3072 faces

165 3090 328 3129 attollunt,
346 3090 382 3120 ut
403 3089 503 3120 latens
519 3090 638 3129 aliquid
663 3091 829 3130 vestigent.
873 3094 953 3123 Nam
972 3093 1048 3133 quia
1061 3093 1126 3133 ipse
1147 3094 1204 3124 Ju-

166 3142 290 3179 lianus,
316 3141 348 3171 in
369 3140 558 3179 scriptorum
579 3150 707 3181 quoque
724 3150 857 3173 numero
883 3142 1046 3183 princeps,
1073 3152 1203 3175 suorum

166 3193 341 3226 facinorum
354 3191 562 3223 admiratione
574 3194 685 3232 captus
694 3217 704 3232 ,
715 3193 857 3225 libellum
867 3194 1024 3234 integrum
1038 3204 1131 3236 super
1145 3196 1206 3227 hoe

165 3245 277 3287 proelio
291 3245 474 3284 conscripsit
483 3268 492 3284 ‚
503 3244 650 3284 equidem
666 3245 751 3276 haud
766 3246 811 3276 illi
824 3255 876 3278 me
889 3247 1091 3287 contendam,
1103 3257 1205 3288 neque

165 3298 258 3330 aliam
273 3296 435 3330 historiam
445 3295 556 3327 eadem
575 3296 614 3327 de
628 3305 662 3328 re
679 3297 833 3329 instruam
860 3309 868 3328 ε
882 3298 937 3329 sed
950 3307 1004 3330 eos
1017 3300 1072 3339 qui
1087 3300 1205 3331 oratio-

166 3350 214 3381 nis
238 3349 356 3389 pariter
371 3349 403 3379 et
421 3356 554 3387 operum
580 3347 831 3387 magnitudinem
849 3350 1056 3389 contemplari
1073 3350 1205 3389 volunt,

166 3400 206 3433 ad
222 3399 412 3441 praedictum
428 3398 572 3431 libellum
588 3399 750 3438 ablegabo,
767 3400 863 3439 atque
875 3399 915 3431 ad
934 3401 1020 3432 illius
1040 3401 1206 3441 scripturae

1258 2613 1410 2645 orationis
1418 2613 1600 2644 facundiam
1611 2614 1714 2646 radios
1721 2614 1859 2654 projicit.
1904 2617 1970 2655 Ego
1978 2622 2067 2654 vero,
2078 2613 2166 2646 haud
2173 2613 2302 2655 puerilis

1259 2665 1310 2696 vel
1323 2665 1504 2705 sophisticae
1516 2665 1728 2696 aemulationis
1743 2665 1915 2706 studiosus,
1927 2666 1980 2698 sed
1992 2665 2032 2698 ad
2050 2665 2233 2699 historicam
2249 2673 2302 2698 ve-

1259 2717 1386 2749 ritatem
1405 2717 1582 2749 orationem
1598 2726 1703 2749 meam
1719 2718 1920 2750 conformans
1930 2719 1963 2750 et
1977 2718 2125 2760 dirigens,
2135 2727 2186 2752 res
2201 2718 2304 2760 gestas

1259 2777 1443 2809 percurram
1452 2792 1462 2809 ‚
1481 2770 1514 2801 et
1525 2770 1598 2801 ante
1610 2769 1703 2801 dictis
1715 2769 1940 2810 consequentia
1954 2770 2094 2802 nectam.

1302 2883 1450 2916 Julianus
1462 2884 1623 2924 subjectos
1635 2892 1728 2924 aeque
1743 2892 1818 2915 suos
1835 2885 1932 2924 atque
1945 2884 2051 2916 hostes
2063 2883 2202 2923 edocuit,
2219 2892 2302 2924 qua-

1261 2944 1334 2967 nam
1350 2935 1470 2967 ratione
1488 2944 1583 2967 verus
1599 2944 1656 2966 rex
1679 2935 1806 2966 vincere
1822 2934 1938 2966 debeat
1965 2948 1973 2967 :
1999 2935 2031 2966 et
2049 2934 2135 2975 quod
2150 2934 2304 2966 fortitudo

1262 2995 1300 3019 ac
1313 2986 1412 3018 robur
1430 2995 1650 3026 manuumque
1659 2986 1706 3017 vis
1718 2988 1829 3017 contra
1842 2986 1948 3018 hostes
1961 2985 2183 3017 tantummodo
2195 2985 2227 3017 in
2236 2986 2305 3018 acie

1261 3038 1388 3070 valeant
1397 3049 1407 3078 ;
1425 3046 1535 3069 verum
1546 3037 1669 3077 justitia
1684 3046 1756 3068 eum
1783 3037 1915 3078 imperio
1941 3037 2054 3077 juncta
2074 3037 2144 3069 sons
2171 3037 2304 3078 quidam

1263 3091 1421 3122 virtutum
1434 3090 1487 3130 sit,
1501 3099 1601 3130 eaque
1611 3090 1755 3122 absentes
1768 3099 1897 3130 quoque
1907 3090 2050 3122 subditos
2059 3089 2117 3121 sibi
2130 3098 2304 3130 servosque

1264 3142 1368 3173 saciat.
1386 3142 1491 3182 Atque
1507 3141 1727 3181 hasaulianus
1748 3142 1889 3173 virtutes.
1899 3141 2170 3181 philosophiaeque
2184 3141 2305 3175 semina

1263 3193 1303 3225 de
1315 3192 1465 3224 tribunali
1480 3201 1538 3224 suo
1551 3193 1655 3232 palam
1668 3192 1802 3224 subditis
1814 3192 1936 3223 cunctis
1951 3193 2112 3223 ostentans
2125 3215 2134 3230 ,
2148 3193 2306 3224 Romanos

1263 3245 1420 3285 inhibuit,
1446 3245 1620 3285 quominus
1647 3253 1842 3285 quemquam
1870 3244 2028 3277 Saliorum
2056 3243 2228 3284 laederent,
2253 3245 2305 3277 vel

1263 3297 1492 3337 popularentur
1504 3297 1662 3336 regionem
1672 3297 1831 3337 propriam
1840 3299 1937 3337 atque
1949 3297 2110 3329 vastarent
2124 3308 2132 3328 e
2144 3295 2304 3336 propriam

1263 3359 1341 3382 vero
1365 3349 1491 3381 dicebat
1508 3349 1623 3381 debere
1641 3357 1694 3380 eos
1715 3349 1895 3381 existimare
1918 3349 2097 3388 regionem,
2123 3356 2220 3388 quam
2235 3347 2305 3380 sine

1264 3409 1371 3442 pugna
1386 3402 1418 3434 et
1428 3401 1538 3432 labore
1550 3402 1703 3433 tenerent.
1747 3402 1852 3438 Quare
1868 3409 1948 3441 opus
1959 3409 2037 3441 esse,
2051 3399 2184 3436 utillam
2194 3398 2305 3440 utique
