2314 3756
966 179 1299 220 FRAGMENTA.
2171 182 2212 215 ¹1

66 276 166 328 patri
181 274 389 312 succedunt
409 271 527 324 (395)
541 286 552 319 3
565 279 604 308 at
615 283 744 308 rerum
759 271 929 307 omnium
942 277 1111 319 potestas

67 343 148 373 erat
163 346 279 384 penes
295 340 438 369 tutores
452 344 584 368 eorum
597 329 780 367 Rufinum
793 337 831 365 et
846 329 1113 374 Stelichonem‚

66 394 207 430 mutuis
217 393 302 428 illos
311 404 350 428 se
359 391 570 427 inimicitiis
579 390 815 425 lacessentes.
825 409 877 415 —
888 387 950 424 63.
960 388 1008 430 64
1018 415 1025 422 .
1039 388 1114 423 Ru-

0 455 11 477 Ἳ
66 451 134 489 fini
153 451 313 487 indoles.
345 460 399 490 -,-”-
429 448 494 486 65.
517 449 718 486 Alarichus
745 460 816 497 per
842 447 1114 494 Thermopylas

3 519 11 550 ζ’,
67 512 108 548 in
125 511 309 548 Graeciam
327 510 479 558 irrupit.
502 510 606 544 Mors
623 508 762 552 Prisci,
781 507 962 554 Proterii‚
978 506 1114 541 Hilarii

71 569 189 620 (395.
213 568 329 618 396).
353 590 405 596 —
434 567 574 616 66-69.
594 569 651 603 De
669 566 845 615 Eutropii
863 565 1028 601 eunuchi
1053 565 1114 599 in-

68 629 168 665 dole.
185 649 238 655 —
259 640 321 674 70.
340 629 397 664 De
413 627 582 672 Timasii,
601 626 764 661 militum
783 624 968 674 praefecti,
984 623 1112 659 mori—

66 688 152 728 bus.
173 707 228 716 —
249 700 312 733 71.
334 688 499 735 BarguS‚
526 686 642 721 homo
661 696 849 732 nequam,
880 684 921 718 in
939 683 1038 718 bene
1067 681 1114 717 de

67 747 150 796 ipso
166 747 320 782 meritos
338 746 528 794 ingratus,
550 743 736 779 machinis
755 742 931 792 Eutropii
952 742 1114 777 circum·

66 812 202 842 ventus
216 816 349 853 poenas
366 803 431 839 dat
454 801 588 852 (396).
611 822 664 828 -—
683 814 746 848 72.
768 801 976 849 Eutropius
994 800 1116 834 Tima-

68 864 166 899 sium
196 869 234 899 et
270 861 584 906 Abundantium,
616 860 744 895 virum
783 859 1044 907 consularem,
1076 858 1115 892 in

68 923 221 959 exilium
235 920 342 968 ejicit
370 919 509 970 (396).
531 941 583 947 —
600 919 664 965 73.
687 921 744 955 De
762 919 928 954 auctoris
953 918 993 952 in
1018 917 1116 952 scri—

67 981 193 1018 benda
206 980 365 1016 historia
373 979 499 1015 studio
510 979 692 1014 veritatis.
704 979 760 1013 De
770 977 877 1012 malis
889 975 1117 1024 quibusdam

68 1039 318 1088 scriptoribus
335 1038 495 1086 querelae
517 1036 570 1086 (E
586 1037 677 1072 novi
700 1036 789 1072 libri
815 1033 1045 1084 prooemio).
1065 1055 1118 1061 —

73 1101 136 1143 74.
178 1097 340 1133 Nuntios
373 1097 420 1132 de
455 1096 569 1132 rebus
604 1095 906 1131 occidentalibus
942 1094 1118 1142 Eutropii

71 1156 308 1205 temporibus
326 1155 436 1191 valde
449 1155 615 1190 incertos
635 1154 760 1190 fuisse.
778 1174 830 1180 -—
844 1151 907 1199 75.
927 1153 1023 1189 Asiae
1041 1153 1117 1188 mi—

71 1216 176 1250 noris
208 1213 430 1263 provincias
461 1214 667 1249 immanem
699 1214 741 1248 in
767 1212 927 1248 modum
961 1211 1120 1260 diripuit

71 1273 321 1322 Trihigildus,
344 1274 385 1308 in
403 1273 567 1321 Phrygia
589 1272 754 1307 militum
772 1271 868 1316 dux3
886 1271 989 1306 hunc
1007 1271 1119 1305 clan-

73 1333 201 1382 culum
229 1331 388 1378 adjuvat
405 1331 559 1368 Gainas.
589 1332 762 1378 Uterque
789 1330 864 1365 hoc
894 1329 1066 1378 agebat,
1077 1336 1121 1364 ut

72 1392 319 1440 Eutropium,
352 1397 549 1437 tamquam
569 1389 740 1424 omnium
757 1389 916 1424 istorum
932 1389 1119 1423 malorum

72 1457 267 1486 auctorem
276 1477 286 1495 ‚
301 1449 342 1484 in
354 1448 537 1484 invidiam
550 1447 776 1482 inducerent
789 1473 799 1490 ‚
816 1453 1120 1495 potestatemque

71 1508 152 1556 ejus
171 1514 385 1544 everterent
408 1504 548 1556 (399).
579 1526 629 1532 -
649 1504 713 1551 76.
734 1507 835 1553 Leo,
863 1506 1025 1540 militum
1045 1504 1122 1541 dux

73 1575 207 1604 contra
218 1566 471 1615 Tribigildum
481 1593 491 1611 ,
505 1565 546 1600 in
558 1565 685 1600 Asiam
699 1564 863 1599 mittitur
875 1576 885 1608 ;
899 1563 1016 1599 homo
1029 1563 1120 1598 bru-

73 1634 151 1672 tus,
173 1633 213 1662 at
240 1625 436 1661 familiaris
455 1624 644 1672 Eutropii.
666 1643 720 1650 —-
740 1635 802 1669 77.
825 1622 1121 1659 Subermachius

72 1686 149 1722 dux
176 1685 362 1733 Eutropio
384 1683 658 1727 deditissimus3
679 1680 760 1728 ejus
776 1682 884 1729 origo
902 1693 1119 1728 moresque.

71 1766 125 1773 —-
152 1743 214 1791 78.
237 1745 360 1780 Persae
382 1741 583 1789 cujusdam
604 1740 651 1776 de
669 1741 841 1776 victoriis
859 1742 1122 1776 Romanorum

73 1804 227 1841 derisio.
252 1823 302 1831 —-
328 1816 393 1852 79.
420 1803 477 1837 De
505 1800 715 1836 rebellione
742 1800 869 1836 Gainae
904 1798 1046 1850 (400).
1070 1820 1123 1827 —-

75 1863 140 1899 80.
161 1862 343 1899 Fravitha
364 1861 442 1897 dux
468 1867 603 1896 contra
623 1859 785 1895 Gainam
812 1859 1012 1894 emittitur.
1034 1857 1123 1905 Ejus

72 1926 232 1962 indoles.
257 1947 311 1953 —
341 1924 406 1961 81.
437 1923 624 1961 Fravithae
654 1935 770 1959 naves
802 1923 1036 1959 Liburnicae.
1071 1944 1124 1950 -—

74 1986 138 2022 82.
171 1986 352 2022 Fravitha
387 1983 437 2020 ad
469 1984 745 2020 Chersonesum
781 1982 942 2019 Gainam
977 1982 1120 2026 vincit3

74 2045 180 2093 quod
198 2045 343 2080 victum
368 2056 447 2079 non
468 2043 516 2078 sit
542 2048 764 2092 persecutus
793 2053 816 2076 a
836 2041 964 2075 multis
984 2041 1019 2076 ei
1047 2042 1124 2075 cri-

72 2105 166 2139 mini
187 2104 362 2139 vertitur.
386 2101 759 2149 Constantinopolim
777 2100 911 2135 reduci
938 2099 1125 2135 Arcadius

74 2163 297 2212 dignitatem
314 2161 552 2197 consularem
572 2159 694 2197 defert
713 2158 849 2208 (401).
872 2179 925 2184 —-
945 2157 1009 2193 83.
1030 2159 1125 2193 Hie-

73 2222 172 2257 racis
188 2220 437 2257 Alexandrini
454 2231 594 2255 moreS.
614 2239 667 2245 —-
685 2217 748 2259 84.
777 2216 976 2253 Arbasacii
995 2215 1101 2252 ducis
1113 2242 1123 2260 ,

74 2281 142 2328 qui
165 2287 301 2316 contra
330 2280 481 2314 Isauros
506 2279 650 2314 bellum
675 2277 788 2325 gessit
819 2274 970 2326 (404),
999 2287 1124 2310 mores

75 2339 260 2375 dissoluti.
280 2359 334 2365 —
365 2336 429 2373 85.
461 2338 565 2372 Mors
595 2335 795 2373 Fravithae.
827 2335 1021 2371 Johannes
1048 2334 1126 2370 dux

76 2407 239 2436 creatur.
259 2421 311 2426 ——
329 2398 392 2434 86.
415 2399 562 2434 Bellum
578 2398 804 2433 Isauricum.
821 2395 993 2434 Hieracis
1012 2406 1124 2444 rapa-

75 2460 180 2495 citas.
204 2459 346 2494 Hierax
363 2458 411 2493 ab
431 2458 678 2493 Herenniano
698 2463 896 2504 correptus
908 2455 1073 2504 pecunia
1086 2466 1124 2490 se

74 2517 228 2553 redimit
261 2514 399 2565 (404).
434 2537 486 2542 --
519 2514 583 2561 87.
618 2516 687 2551 His
717 2514 956 2563 temporibus
970 2541 979 2558 ‚
1013 2513 1125 2548 sicuti

75 2577 191 2613 etiam
221 2575 401 2624 deinceps
427 2574 497 2610 suh
528 2574 736 2610 Pulcheriae
765 2572 1120 2616 administratione,

1174 267 1406 317 praefecturae
1437 273 1641 315 gentesque
1671 267 1820 302 venales
1855 274 1976 302 erant.
2021 267 2122 313 Quas
2153 265 2221 313 qui

1175 334 1317 363 emerat
1335 338 1407 374 pro
1435 325 1559 360 lubitu
1591 324 1811 372 diripiebat.
1838 325 1898 360 Sic
1921 326 2082 368 Hierax,
2107 335 2220 371 quem

1175 386 1398 434 accipitrem
1426 384 1533 431 quasi
1564 384 1692 431 aquila
1727 384 1915 432 oppressit
1939 384 2218 420 Herennianus.

1175 466 1227 472 —
1238 443 1302 480 88.
1318 444 1544 481 Stelichonis
1559 443 1764 492 rapacitas.

1588 575 1806 590 ‘⁴000‘—

1179 688 1475 740 ΙΣΤΟΡΙΑ
1503 687 1554 738 Η
1579 686 1785 737 ΜΕΤΑ
1808 679 2220 736 ΔΕΞΙΠΠΟΝ.

1512 821 1615 861 NEA
1645 806 1885 860 Ε’ΚΔΟΣΙΣ.

1491 935 1521 969 Ε
1549 933 1698 969 LIBRO
1728 931 1899 970 PRIMO.

1693 1036 1707 1059 1
1717 1053 1725 1062 .

1197 1115 1295 1172 sf‘
1545 1111 1855 1151 ΠΡΟΟΙΜΙΟΝ.

1234 1219 1326 1254 Exc.
1351 1217 1407 1251 De
1428 1221 1587 1250 sentent.
1619 1226 1660 1285 p.
1690 1217 1785 1259 247-
1772 1211 1865 1248 -253
1898 1211 1985 1249 Mai.
2024 1212 2111 1265 :As
2116 1208 2233 1258 Ξίππῳ

1180 1291 1230 1312 τι)
1258 1271 1440 1324 Ἀθηναίῳ,
1457 1271 1548 1309 κατὰ
1578 1286 1655 1313 τους
1678 1269 1859 1316 Ἀθηνησιν
1894 1265 2083 1341 ἄρχοντας)Ι
2114 1268 2173 1320 ἀφ’
2195 1263 2234 1306 οῧ

1183 1332 1283 1386 παρὰ
1319 1330 1512 1378 Ἀθηναίοις
1548 1329 1735 1382 ᾅρχοντες,
1773 1327 1909 1380 ἱστορία
1945 1343 1986 1365 συ
1979 1326 2208 1398 (γέγραπται
2223 1357 2233 1376 ‚

1181 1388 1543 1444 προσαριθμουμένων
1569 1392 1638 1426 τῶν
1659 1387 1872 1437 Ῥωμαῖκων
1899 1386 2054 1433 υπάτων,
2083 1402 2141 1424 και
2167 1386 2236 1439 πρό

1182 1467 1221 1502 γε
1243 1452 1358 1488 αὐτῶν
1386 1450 1454 1486 τῶν
1475 1446 1617 1485 ὑπάτων
1649 1462 1710 1484 και
1743 1445 1922 1497 ἀρχόντων
1953 1444 2149 1496 ἀρξαμένης
2176 1449 2237 1492 τῆς

1181 1512 1329 1582 γραφῆς.
1346 1507 1398 1558 Τὸ
1418 1506 1453 1545 δὲ
1474 1505 1508 1544 ἓν
1530 1505 1721 1558 κεφάλαιον
1740 1507 1802 1551 τῆς
1821 1474 2050 1560 ἱστορίαξτα
2060 1503 2102 1552 μὲ
2105 1519 2121 1538 ν
2144 1505 2235 1540 ἀνω-

1181 1569 1272 1620 τέρω
1287 1567 1347 1606 καὶ
1373 1565 1438 1604 ὅσα
1455 1564 1495 1603 τὸ
1514 1563 1693 1611 ποιητικὸν
1715 1562 1859 1613 νέμεται
1879 1578 1918 1614 γε
1904 1561 1994 1611 ’νοςς
2014 1562 2149 1620 ἐφεῖναι
2174 1562 2237 1605 κα),

1185 1626 1372 1680 ἐπιτρέψαι
1392 1641 1441 1678 τῳ
1462 1625 1596 1661 πιθανῶ
1617 1622 1677 1661 καὶ
1700 1599 1833 1672 μᾶλλον
1864 1623 1975 1658 ἀναπε
1962 1620 2083 1658 ςίθοντι
2102 1619 2160 1663 τὸν
2181 1622 2237 1658 e'v-

1183 1686 1427 1739 τυγχάνοντα,
1449 1683 1491 1721 τὰ
1511 1682 1547 1721 δὲ
1566 1681 1760 1733 προϊόντα
1753 1680 1813 1719 καὶ
1832 1679 1890 1718 ἐπι
1910 1679 2016 1717 πλέον
2042 1679 2239 1731 μαρτυρῶν

1186 1762 1276 1798 μενα
1310 1748 1526 1799 συνενεγκεῖν
1562 1740 1622 1780 καὶ
1665 1741 1897 1779 κατακλεῖσαι
1938 1737 2024 1790 πρὸς
2061 1738 2238 1791 ἱστορικὴν

1186 1803 1365 1858 ἀκρίὸειαν
1385 1804 1445 1840 καὶ
1465 1800 1578 1854 κρίσιν
1609 1800 1716 1846 ἀληθε
1720 1813 1860 1851 στεραν.
1886 1797 2052 1842 Βιάζεται
2070 1812 2151 1847 γουν
2179 1797 2239 1835 καὶ

1186 1865 1474 1916 ρχαρψμεζτᾳι
1484 1859 1543 1898 τὸν
1572 1858 1696 1912 χρόνον
1728 1857 1774 1902 εἴς
1811 1873 1848 1895 τε
1885 1856 1946 1900 τὰς
1984 1855 2236 1905 Ὀλυμπιάδας

1186 1920 1408 1976 neptun-ciffum
1445 1934 1506 1957 και
1543 1933 1622 1961 τους
1662 1916 1753 1960 ἐντος
1797 1915 1947 1961 ἑκάστης
1991 1913 2234 1963 Ὀλυμπιάδος

1188 1980 1370 2032 ἄρχοντας.
1399 1978 1566 2030 Πρόθυρα
1589 1977 1624 2014 δὲ
1644 1976 1793 2019 κάλλους
1813 1973 1996 2023 ἀνάμεστα
2016 1973 2157 2046 προθεὶς
2171 1990 2234 2020 της

1188 2042 1390 2092 συγγραφῆς
1425 2037 1486 2076 καὶ
1523 2052 1550 2074 π
1574 2035 1672 2083 οϊὼν,
1703 2034 1747 2072 τά
1776 2050 1813 2072 τε
1846 2033 1939 2071 ἔνδον
1978 2028 2150 2093 ἐπιδείξας
2180 2048 2239 2074 σε-

1188 2098 1357 2149 μνότερα,
1375 2096 1414 2134 τὸ
1435 2095 1497 2145 μὲν
1522 2093 1676 2145 μυθωδες
1705 2092 1764 2130 καὶ
1793 2091 1872 2130 λίαν
1902 2093 2049 2143 ἀρχαῖον
2071 2092 2240 2143 ἀφαιρεῖ,

1188 2155 1248 2193 καὶ
1268 2154 1408 2206 ἀφίησιν
1428 2151 1547 2204 ωσπερ
1580 2151 1765 2204 φάρμακον
1796 2149 1946 2188 παλαιὸν
1973 2165 2034 2187 και
2066 2149 2236 2199 ἀδόκιμον

1187 2217 1235 2259 εἷς
1253 2213 1330 2258 τοὺς
1347 2212 1623 2255 συντεθεικότας·
1642 2211 1855 2262 Αἰγυπτίους
1875 2209 1910 2248 δὲ
1929 2208 2076 2261 χρόνους
2105 2210 2234 2247 ἀναλε-

1188 2273 1334 2326 γόμενος
1347 2271 1407 2311 καὶ
1425 2270 1680 2322 συνωθούμενος
1694 2269 1753 2308 ἐπὶ
1770 2268 1813 2307 τὰ
1828 2271 1951 2320 πρῶτα
1968 2267 2028 2306 καὶ
2044 2268 2238 2320 τελεώτερα

1188 2331 1450 2385 (παλαιότεραΡ
1469 2329 1606 2383 Bekk.)
1627 2332 1695 2368 τῶν
1714 2330 1798 2382 παρ’
1819 2327 1978 2371 ἑκάστοις
1999 2330 2128 2380 ἀρχῶν,
2161 2327 2240 2371 τοὺς

1186 2391 1360 2443 ἡγεμόνας
1378 2390 1439 2429 καὶ
1458 2389 1619 2443 πατέρας
1640 2392 1702 2435 τ”ῆς
1719 2387 1873 2440 ἱστορίας
1893 2386 2081 2432 ἐκτίθησιν,
2103 2385 2242 2432 ἔνδηλος

1187 2450 1234 2489 ὢν
1250 2450 1310 2490 καὶ
1328 2449 1452 2502 σχεδόν
1469 2465 1504 2488 τι
1522 2447 1785 2501 μαρτυρόμενος
1796 2477 1806 2494 ,
1822 2446 1875 2485 ὅτι
1891 2447 1959 2483 τῶν
1977 2444 2241 2495 ἀπιστουμένων

1187 2509 1332 2548 ἕκαστον
1357 2508 1472 2561 ἕτερος
1504 2506 1695 2559 προλαὸὼν
1716 2505 1866 2558 εἴρηκεν.
1900 2503 1973 2543 Καὶ
1997 2502 2175 2555 περιφέρει
2203 2517 2242 2553 γε

1187 2567 1250 2616 τὴν
1278 2566 1436 2621 ἱστορίαν
1458 2568 1497 2604 ἐκ
1517 2567 1657 2604 πολλῶν
1684 2564 1744 2603 καὶ
1772 2563 2006 2602 παντοδαπῶν
2032 2564 2100 2599 τῶν
2130 2564 2241 2598 ταῦτα

423 2701 773 2759 HISTORIA

78 2797 182 2846 QUA
211 2796 478 2836 DEXtPPUM
509 2797 718 2836 AUCTOR
749 2794 1122 2835 CONTINUAVIT.

351 2896 354 2897 ν
387 2873 567 2912 Enmo
587 2872 805 2912 ALTERA.

584 2956 617 2988 1.

440 3028 756 3068 PROOEMIUM.

120 3097 285 3138 Dexippus
297 3096 497 3129 Atheniensis
518 3097 613 3137 juxta
636 3105 818 3128 annuorum
843 3095 1044 3137 principum,
1073 3094 1128 3136 qui

81 3149 213 3181 Athenis
239 3148 388 3188 suerunt,
411 3149 526 3188 fastos,
553 3149 627 3181 inde
651 3158 671 3181 a
697 3150 854 3189 tempore,
875 3156 941 3189 quo
960 3148 1130 3180 archontes

79 3202 162 3243 apud
176 3201 382 3234 Athenienses
397 3207 464 3233 esse
476 3203 660 3242 coeperunt,
677 3202 842 3234 historiam
856 3200 1049 3242 composuit,
1063 3202 1128 3232 Ro-

81 3255 182 3286 manis
195 3262 324 3295 quoque
340 3253 526 3287 consulibus
541 3263 582 3286 ex
603 3254 715 3287 ordine
738 3254 922 3295 adscriptis.
959 3253 1022 3286 Sed
1044 3253 1129 3285 enim

80 3315 182 3347 quum
199 3307 274 3338 ante
289 3306 437 3338 consules
452 3306 537 3347 ipsos
555 3307 653 3347 atque
668 3307 839 3340 archontas
863 3307 1018 3347 scriptum
1034 3315 1129 3339 exor-

81 3359 198 3397 diatur,
210 3358 244 3390 id
255 3358 315 3390 sibi
325 3359 488 3400 proposuit
501 3359 687 3400 historicus,
703 3361 740 3392 ut
756 3361 889 3401 antiqua
907 3360 1001 3391 nimis
1013 3360 1045 3391 et
1058 3368 1131 3400 quac

81 3420 98 3441 a
116 3412 281 3451 poetarum
303 3411 397 3451 gente
420 3411 605 3452 traduntur,
628 3421 666 3444 ea
687 3412 809 3453 singula
832 3411 1048 3453 probabilitati
1064 3420 1131 3443 suoe

1187 2682 1371 2722 permittat,
1386 2682 1418 2712 et
1429 2680 1525 2721 prout
1538 2679 1655 2719 cuique
1666 2677 1779 2710 lectori
1795 2677 1968 2715 videbitur,
1987 2683 2054 2706 esse
2066 2674 2148 2706 sinat
2165 2686 2172 2704 :
2189 2682 2241 2713 po-

1186 2733 1320 2765 steriora
1337 2734 1445 2770 autem
1463 2733 1495 2764 et
1508 2740 1581 2772 quae
1592 2729 1784 2763 testimoniis
1799 2728 1899 2769 magis
1911 2726 2098 2765 abundant,
2115 2734 2152 2757 ea
2166 2734 2241 2756 cou-

1187 2787 1267 2818 serat
1291 2785 1333 2817 ad
1358 2785 1542 2817 historicam
1567 2783 1784 2822 severitatem,
1812 2783 1845 2813 et
1866 2780 1926 2812 sub
1955 2779 2088 2811 verioris
2122 2778 2242 2808 criticae

1186 2839 1310 2879 regulas
1323 2838 1452 2878 redigat.
1469 2837 1560 2877 Cogit
1572 2836 1667 2876 igitur
1680 2834 1857 2876 digeritque
1874 2834 2012 2873 tempus,
2022 2831 2116 2871 juxta
2131 2830 2242 2870 Olym-

1188 2891 1317 2932 piadum
1335 2890 1452 2923 seriem
1469 2889 1500 2921 id
1528 2888 1686 2928 scribens,
1711 2887 1868 2927 juxtaque
1890 2885 2092 2917 occurrentes
2117 2883 2148 2914 in
2163 2890 2241 2913 una-

1187 2952 1315 2985 quaque
1328 2942 1516 2984 Olympiade
1526 2941 1712 2973 archontas.
1724 2941 1795 2971 Jam
1808 2937 2023 2980 pulcherrimo
2031 2935 2170 2967 historiae
2177 2943 2243 2966 suae

1188 2996 1344 3037 prooemio
1357 2995 1541 3037 praeposito,
1553 2994 1655 3035 pergit
1666 3001 1780 3034 porro;
1793 2993 1826 3024 et
1837 2991 1941 3032 ipsum
1951 2989 2118 3030 scripturae
2128 2996 2243 3027 corpus
2276 2990 2278 2992 '

1187 3048 1352 3080 venustius
1367 3047 1475 3079 adhuc
1487 3045 1675 3086 ostendens,
1687 3045 1831 3076 sabulosa
1844 3043 1974 3084 quidem
1985 3043 2017 3073 et
2030 3041 2133 3081 prisca
2147 3039 2242 3070 nimis

1188 3100 1328 3140 resecat,
1342 3100 1439 3140 atque
1452 3098 1538 3139 apud
1553 3098 1667 3129 horum
1682 3097 1847 3134 auctores,
1867 3095 2020 3134 tanquam
2035 3092 2240 3132 pharmacum

1188 3152 1309 3184 vietum
1324 3152 1356 3183 et
1383 3150 1610 3192 reprobatum,
1630 3148 1731 3181 otiosa
1744 3156 1812 3179 esse
1829 3146 1905 3178 sinit
1935 3154 1942 3176 :
1958 3143 2143 3184 AEgyptiaca
2164 3150 2241 3173 vero

1188 3205 1334 3244 tempora
1350 3204 1527 3243 supputans
1541 3202 1639 3242 atque
1663 3199 1702 3231 ad
1725 3198 1922 3238 antiquiores
1942 3196 2160 3236 purioresque,
2186 3192 2239 3232 qui

1189 3255 1265 3286 sunt
1283 3253 1370 3295 apud
1390 3261 1554 3294 quamque
1582 3252 1728 3292 gentem,
1750 3250 1854 3281 sontes
1884 3254 2056 3284 revocans,
2085 3244 2242 3284 principes

1190 3308 1359 3347 patresque
1374 3305 1516 3337 historiae
1532 3305 1563 3336 in
1580 3303 1722 3335 medium
1747 3301 1886 3342 prosert;
1911 3300 2004 3340 plane
2020 3296 2242 3328 demonstrans

1190 3367 1227 3390 ac
1258 3357 1491 3399 propemodum
1513 3355 1705 3389 testimoniis
1732 3353 1965 3394 comprobans,
1988 3347 2242 3387 unumquodque

1191 3419 1231 3442 ex
1248 3409 1296 3442 his
1310 3408 1534 3441 incertioribus
1544 3407 1640 3439 alium
1652 3415 1691 3438 ex
1700 3405 1762 3437 alio
1771 3403 1923 3436 historico
1937 3400 2031 3433 fnisse
2038 3399 2236 3430 mutuatum.
