2372 3704
955 220 1289 260 FRAGMENTA.

46 309 267 363 ὑποτρέμειν.
282 308 353 348 Καὶ
365 307 421 346 διὰ
434 311 534 347 τοῦτο
548 307 618 345 καὶ
631 309 680 360 τῷ
691 306 876 360 φωνήματι
894 306 1098 360 ἐσφάλλετο,

45 369 106 408 καὶ
119 370 157 408 οὗ
173 367 289 407 πάντα
305 365 370 405 ὅσα
379 368 426 411 εἷς
433 365 471 404 τὸ
483 365 656 418 συνέδριον
669 365 805 419 εἷσέφερ
815 381 864 413 εν,
874 365 975 408 αὐτὸς
983 365 1099 417 ἀνεγί-

45 442 189 475 νωσκεν,
201 423 292 464 ἀλλὰ
300 427 350 479 τῷ
363 424 472 477 ταμία
482 423 528 468 ὥς
540 440 579 476 γε
588 424 713 471 πλήθει
728 423 956 475 ἀναλέγεσθαι
974 424 1098 462 ἐδίδου·

45 485 110 524 ὅσα
128 485 158 524 δ’
171 479 271 528 αὖτὸς
291 481 520 535 ἀνεγίνωσκε,
539 483 733 533 καθήμενος
753 485 798 526 ὡς
815 482 853 520 τὸ
869 481 956 520 πολὺ
978 480 1098 520 ἐπελέ-

43 558 137 597 γετο.
151 538 224 583 Καὶ
236 542 353 593 μέντοι
362 542 421 580 καὶ
432 542 540 595 δίφρῳ
551 540 757 593 καταστέγῳ
765 543 900 592 πρῶτος
909 540 1097 590 Ῥωμαίων

45 601 237 655 ἐχρήσατο.
251 597 304 640 O&
323 599 441 650 μέντοι
455 600 515 638 καὶ
534 598 590 638 διὰ
605 603 716 638 ταῦτα
730 598 838 643 οὕτως
855 598 934 638 ὅσον
949 599 1015 638 ὑπὸ
1029 602 1098 638 τῶν

45 659 269 711 ἐξελευθέρων
300 658 361 697 καὶ
395 658 461 696 ὑπὸ
487 661 554 696 τῶν
585 660 759 710 γυναικῶν
791 652 845 701 αἷς
867 661 973 705 συνῆν
1011 661 1098 697 ἐκα-

46 718 180 758 κύνετο.
198 716 488 770 Περιφανέστατα
502 716 570 770 γὰρ
587 716 906 769 ἐγυναικοκρατήθη
922 716 982 755 καὶ
1002 717 1097 755 ἐδου-

45 775 244 828 λοκρατήθη
257 806 267 826 ,
291 774 350 813 ἅτε
381 777 420 813 ἐκ
436 775 569 813 παίδων
593 777 627 813 ἐν
655 775 819 827 νοσηλείᾳ
847 775 906 813 καὶ
934 777 968 813 ἐν
1001 774 1099 829 φόὸῳ

49 836 202 889 τραφείς·
216 835 275 874 καὶ
296 834 352 873 διὰ
368 839 469 873 τοῦτο
487 834 544 872 ἐπὶ
561 835 665 872 πλέον
681 837 742 880 τῆς
759 834 920 882 ἀληθείας
939 834 1097 882 εὐήθειαν

53 895 298 946 προσεποιεῖτο
311 923 322 944 ,
356 891 440 946 ὅπερ
463 909 530 932 που
559 893 619 931 καὶ
649 892 751 936 αὐτὸς
777 893 998 943 ὡμολόγησε.
1026 894 1099 932 Καὶ

46 952 155 991 πολὺν
184 952 246 1002 μὲν
272 952 395 1005 χρόνον
415 955 458 1003 τῇ
489 955 575 1003 τηθῇ
607 951 733 1004 Λιουία
746 980 756 998 ,
785 951 892 989 πολὺν
923 951 957 988 δὲ
977 953 1037 989 καὶ
1055 955 1098 1004 τῇ

49 1010 158 1063 μητρὶ
174 1010 338 1063 Ἀντωνίᾳ
352 1012 422 1054 τοῖς
443 1026 480 1048 τε
497 1009 736 1062 ἀπελευθέροις
754 1009 1022 1057 συνδιαιτηθεὶς,
1040 1010 1100 1048 καὶ

48 1068 192 1122 προσέτι
215 1068 275 1107 καὶ
294 1070 328 1106 ἐν
349 1068 544 1112 συνουσίαις
563 1071 735 1120 γυναικῶν
755 1067 892 1106 πλείοσι
904 1068 1097 1118 γενόμενος,

53 1126 151 1165 οὐδὲν
177 1127 464 1179 ἐλευθεροπρεπὲς
487 1128 664 1173 ἐκέκτητο,
691 1126 915 1166 Ἐπετίθεντο
940 1126 976 1165 δὲ
1000 1128 1095 1180 αὐτῷ

49 1183 84 1224 ἔν
106 1201 143 1223 τε
166 1191 238 1229 τοῖς
253 1186 462 1238 ,συμποσίοις
482 1187 637 1236 μάλιστα
662 1185 722 1224 καὶ
742 1187 777 1223 ἐν
795 1188 871 1229 ταῖς
893 1185 1095 1236 συμμίξεσι.

51 1243 155 1283 Πάνυ
172 1243 239 1296 γὰρ
261 1245 449 1291 ἀπλήστως
469 1246 502 1282 ἐν
526 1243 731 1296 ἀμφοτέροις
751 1244 906 1282 διέκειτο·
926 1244 986 1282 καὶ
1004 1239 1044 1290 ἦν
1065 1246 1099 1283 ἐν

50 1304 101 1355 τῷ
119 1305 230 1356 καιρῷ
250 1302 362 1356 τούτῳ
386 1302 575 1346 εὐάλωτος.
598 1302 693 1355 Πρὸς
710 1302 744 1340 δὲ
763 1303 822 1341 καὶ
840 1302 969 1341 δειλίαν
987 1297 1078 1354 εἶχεν
1091 1333 1101 1351 ,

51 1363 109 1413 ὑφ’
123 1355 164 1408 ἧς
182 1361 349 1404 πολλάκις
363 1360 640 1412 ἐκπληττόμενος
656 1360 753 1399 οὐδὲν
770 1363 837 1399 τῶν
857 1361 1101 1413 προσηκόντων

52 1418 276 1470 ἐξελογίζετο.
299 1419 456 1459 Ἐκεῖνόν
471 1435 508 1457 τε
518 1420 585 1471 γὰρ
600 1419 824 1472 ἐκφοὸοῦντες
838 1418 1101 1472 ἐξεκαρποῧντο,

51 1478 112 1522 καὶ
130 1480 201 1521 τοῖς
221 1478 338 1521 ἄλλοις
354 1477 427 1520 δέος
443 1477 643 1517 ἐνέὸαλλον.
662 1479 827 1520 Τοιοῦτος
847 1471 906 1515 οὖν
925 1477 968 1524 δή
988 1494 1039 1521 τις
1053 1476 1100 1515 ὢν

55 1537 117 1574 οὐκ
133 1535 234 1587 ὀλίγα
249 1536 308 1574 καὶ
329 1536 473 1580 δεόντως
493 1535 661 1589 ἔπραττεν
674 1564 685 1583 ,
703 1535 822 1579 ὁσάκις
841 1535 905 1581 ἔξω
920 1538 988 1574 τῶν
1009 1537 1103 1590 εἷρηο

54 1594 165 1644 μένων
182 1596 301 1633 παθῶν
315 1593 461 1646 ἐγίνετο.

554 1654 618 1692 86.

111 1728 202 1764 Exc.
221 1727 279 1763 De
299 1726 370 1762 ins.
389 1738 432 1775 p.
458 1725 506 1762 23
533 1737 542 1763 ε
562 1724 648 1763 εὈτι
668 1726 685 1762 6
705 1723 879 1768 Κλαύδιος
901 1725 918 1762 6
944 1723 1105 1776 βασιλεὺς

54 1786 123 1822 τῶν
145 1782 336 1833 Ῥωμαίων
359 1782 416 1821 τόν
435 1799 473 1821 τε
501 1783 655 1835 Χαιρέαν
672 1782 732 1821 καί
751 1798 846 1826 τινας
865 1782 1007 1829 ἄλλους,
1025 1784 1102 1822 καί·

55 1857 122 1894 περ
138 1841 195 1880 ἐπὶ
208 1842 265 1880 τὸν
285 1845 345 1880 τοῦ
365 1839 473 1881 Γαΐου
493 1842 639 1880 θάνατον
656 1841 794 1893 ἡσθεὶς,
814 1844 938 1893 πρῶτα
963 1841 1025 1892 μὲν
1045 1845 1106 1889 τῆς

20 1898 22 1900 ’
60 1899 194 1955 πόλεως
209 1899 384 1948 ἐξέόαλεν,
397 1899 518 1939 ἔπειτα
532 1900 592 1938 καὶ
611 1900 870 1953 ἐδολοφόνησεν.
892 1901 946 1939 Οὗ
967 1899 1035 1951 γὰρ
1053 1899 1104 1939 ὅτι

57 1957 124 2005 τὴν
140 1957 253 2012 ἀρχὴν
272 1957 328 1997 διὰ
339 1958 402 2005 τὴν
419 1957 557 1996 ἐκείνων
574 1957 700 2011 πρᾶξιν
713 1957 846 2011 εἰλήφει
864 1957 969 2010 χάριν
985 1959 1100 2002 αὐτοῖς

59 2010 168 2069 εἶχεν,
201 2017 278 2055 ἀλλ’
316 2016 367 2056 ὅτι
396 2016 594 2067 ἐτόλμησαν
624 2017 864 2070 αὐτοκράτορα
901 2016 1106 2070 ἀποσφάξαι

62 2075 319 2129 ἐδυσχέραινεν.

548 2135 613 2182 87.

112 2207 205 2243 Exc.
229 2206 380 2243 Salmas.
397 2218 436 2254 p.
459 2205 533 2255 395
558 2219 567 2242 ε
587 2203 767 2247 Κλαύδιος
784 2204 892 2248 δειλὸς
909 2202 957 2242 ὢν
972 2204 1107 2249 πάντας

61 2261 140 2306 τοὺς
155 2263 362 2316 προσιόντας
373 2264 468 2316 αὐτῷ
489 2262 699 2315 [ἐποίησεν]
719 2265 966 2316 ἀνερευνᾶσθαι
980 2292 990 2311 ,
1011 2263 1060 2314 μή
1072 2280 1105 2302 τι

67 2321 206 2375 ξιφίδιον
227 2321 355 2374 ἔχωσι,
373 2321 434 2359 καὶ
448 2322 482 2360 ἐν
495 2327 565 2365 τοῖς
582 2320 786 2372 συμποσίοις
805 2320 1020 2371 ὡπλισμένοι
1036 2336 1108 2360 πα-

65 2380 277 2433 ρεστήκεσαν
292 2382 400 2434 αὐτῷ.

557 2439 620 2479 88.

117 2516 211 2554 Exc.
229 2517 287 2552 De
306 2517 394 2554 virt.
412 2527 453 2564 p.
474 2515 550 2552 808
569 2529 577 2552 ε
598 2513 683 2554 “Ort
702 2516 720 2552 6
741 2514 845 2558 αὐτὸςΔ
857 2519 930 2558 ταῖς
950 2516 1109 2565 ὁπλομα-

65 2572 158 2626 χίαις
175 2573 369 2625 ἀκορέστως
387 2573 634 2625 προσκείμενος
652 2575 688 2611 οὗ
707 2572 808 2623 μόνον
830 2573 874 2611 τὰ
901 2576 970 2612 τῶν
988 2575 1111 2626 δορυα-

2117 232 2192 266 573

1159 306 1279 345 λώτων
1299 307 1359 345 καὶ
1390 307 1607 359 κατακρίτων
1641 308 1874 355 κατανήλισκε
1904 310 2073 361 σώματα,
2106 313 2198 352 ἀλλὰ

1160 364 1221 403 καὶ
1240 367 1308 403 τῶν
1340 366 1591 418 ἀπελευθέρων.
1613 368 1702 410 Ταῖς
1720 383 1757 405 τε
1775 371 1836 414 τῆς
1856 372 2009 419 γαμετῆς
2026 371 2199 422 Βαλερίας

1162 422 1384 469 Μεσσαλίνης
1401 423 1541 474 γυναίου
1569 423 1764 463 ἀκολάστου
1780 425 1839 463 καὶ
1859 432 2060 477 τυραννικοῦ
2077 429 2196 468 διαδο-

1159 482 1236 524 λαῖς
1268 482 1503 533 ὑπαγόμενος,
1524 482 1669 534 συχνοὺς
1691 485 1759 520 τῶν
1791 484 1971 535 ἐπισήμων
1991 490 2052 533 τ’ἧς
2074 491 2200 539 βουλῆς

1162 539 1361 592 διέφθειρεν.
1380 540 1560 593 Ἀπείχετο
1581 540 1615 579 δὲ
1627 540 1785 580 οὐδὲ·τῶν
1806 544 1863 594 ἀφ’
1877 542 2035 592 αἵματος.
2051 546 2123 584 Καὶ
2133 546 2199 599 γὰρ

1160 597 1289 636 τούτων
1311 597 1402 637 ἔστιν
1423 598 1456 636 οἳ
1487 599 1689 647 ἀπώλοντο,
1715 603 1774 637 τοῦ
1799 600 1861 650 μὲν
1883 600 2124 646 ἀὸασανίστως
2139 603 2201 648 τὰς

1161 655 1323 700 διαὸολὰς
1339 657 1540 709 δεχομένου,
1552 661 1613 705 τῆς
1630 657 1665 696 δὲ
1682 658 1740 711 ἀφ’
1754 658 1869 711 ἑτέρου
1887 660 1933 702 εἰς
1956 658 2071 711 ἕτερον
2091 662 2195 711 ἀγού-

1161 730 1223 762 σης
1238 714 1295 753 τὸν
1315 715 1505 767 Κλαύδιον,
1527 719 1570 767 τῇ
1598 732 1636 754 τε
1655 716 1842 769 κουφότητι
1872 721 1931 754 τοῦ
1952 718 2072 770 ἀνδρὸς
2091 734 2200 757 κατα-

1163 773 1395 826 κεχρημένης.
1413 774 1487 818 Τὰς
1505 779 1586 825 γοῦν
1598 775 1669 812 δύω
1686 775 1837 827 ἀδελφὰς
1853 775 2094 822 διαὸληθείσας
2115 778 2202 815 ἀνεῖ-

1160 834 1230 880 λεν,
1265 826 1362 877 αῧθίς
1388 849 1425 871 τε
1462 833 1540 876 τοὺς
1572 833 1750 886 γαμὸροὺς
1793 833 1899 884 μηδὲν
1939 835 2201 885 ἡμαρτηκότας.

1161 890 1335 935 Ἐκείνους
1354 889 1422 944 γὰρ
1443 891 1621 944 μάρτυρας
1633 895 1701 930 τῶν
1718 894 1935 944 κατηγοριῶν
1956 896 1976 939 ἡ
1994 893 2203 932 Μεσσαλίνα

1161 951 1310 987 ἐποιεῖτο
1329 949 1406 993 τοὺς
1433 949 1472 987 τὸ
1492 949 1617 1002 κράτος
1638 949 1799 1002 ἔχοντας·
1817 950 1877 989 καὶ
1896 950 1975 994 τούς
1999 967 2031 988 τι
2052 951 2205 1002 δυναμέ-

1160 1023 1236 1052 νους
1263 1011 1417 1058 μηνῦσαι
1449 1010 1517 1046 τῶν
1542 1010 1601 1046 ὑπ’
1632 1010 1738 1053 αὐτῆς
1766 1009 2028 1061 πραττομένων,
2057 1009 2114 1053 οὒς
2142 1009 2206 1060 μὲν

1161 1067 1370 1119 εὐεργεσίαις
1381 1097 1390 1113 ,
1406 1066 1463 1111 οὓς
1482 1066 1517 1105 δὲ
1539 1067 1718 1118 τιμωρίαις
1734 1067 2085 1120 προκατελάμὸανεν,
2103 1072 2150 1113 ὡς
2165 1070 2205 1107 οὗ

1161 1124 1224 1171 τὴν
1244 1124 1421 1162 πολιτείαν
1451 1124 1558 1174 μόνην
1575 1125 1632 1162 ὑπ’
1654 1127 1759 1171 αὐτῆς
1786 1126 2007 1172 διοικεῖσθαι,
2030 1125 2122 1164 ἀλλὰ
2145 1126 2205 1164 καὶ

1161 1182 1222 1227 τὰς
1239 1183 1419 1234 στρατείας
1436 1182 1496 1221 καὶ
1513 1182 1732 1234 ἐπιτροπείας
1745 1183 1859 1221 πάντα
1874 1200 1910 1222 τε
1929 1185 2086 1236 [τᾶλλα]
2106 1186 2206 1237 ἀφει-

1163 1243 1228 1285 δῶς
1245 1243 1376 1279 πωλεῖν
1394 1241 1454 1280 καὶ
1484 1241 1710 1288 καπηλεύειν.
1734 1242 1798 1286 Ἓξ
1818 1237 1923 1295 οἷπερ
1945 1245 2206 1294 ἀναγκασθῆναι

1162 1302 1219 1339 τὸν
1238 1300 1428 1349 Κλαύδιον,
1447 1302 1494 1344 εἷς
1509 1300 1548 1339 τὸ
1565 1298 1699 1352 Ἄρειον
1712 1301 1828 1340 πεδίον
1843 1306 1902 1340 τοῦ
1921 1303 2072 1349 πλήθους
2091 1304 2206 1341 συνελ·

1163 1359 1296 1406 θόντος,
1311 1358 1373 1402 τὰς
1386 1358 1491 1409 τιμὰς
1505 1359 1675 1404 διατάξαι.
1697 1362 1749 1399 Οὐ
1769 1359 1837 1410 μὴν
1858 1360 1949 1398 ἀλλὰ
1969 1361 2028 1399 καὶ
2049 1361 2136 1408 αὐτή
2151 1377 2203 1412 γε,

1163 1420 1210 1461 εἷς
1241 1424 1310 1455 πᾶν
1329 1417 1520 1462 ἀκολασίας
1538 1434 1574 1456 τε
1593 1418 1652 1456 καὶ
1682 1418 1861 1468 ὠμότητος
1889 1421 2123 1470 προελθοῦσα,
2146 1420 2207 1459 καὶ

1165 1477 1357 1527 μιγνυμένη
1377 1475 1437 1525 μὲν
1459 1476 1603 1523 ἀναίδην
1616 1471 1664 1520 οἷς
1683 1477 1941 1527 ἐπιθυμήσειεν,
1959 1479 2149 1530 ἀναιροῦσα
2167 1478 2203 1517 δὲ

1163 1535 1224 1573 καὶ
1251 1538 1319 1573 τῶν
1348 1534 1560 1585 ὁμιλούντων
1584 1537 1672 1588 αὐτῇ
1702 1535 1867 1588 συχνοὺς,
1901 1537 1998 1586 μόλις
2028 1536 2113 1588 πρὸς
2147 1541 2208 1576 τοῦ

1166 1592 1344 1632 Κλαυδίου
1363 1596 1423 1639 τῆς
1443 1592 1589 1637 ἀτοπίας
1609 1594 1814 1644 αἰσθομένου
1836 1594 2082 1647 διαφθείρεται.
2104 1594 2209 1635 Ἐπεὶ

1165 1650 1232 1703 γὰρ
1253 1652 1315 1689 οὐκ
1345 1651 1543 1703 ἀπέχρησεν
1575 1653 1664 1704 αὐτῇ
1704 1651 1926 1704 μοιχεύεσθαι
1955 1652 2123 1696 πολλάκις
2149 1652 2209 1691 καὶ

1167 1710 1224 1748 ἐπὶ
1243 1709 1431 1760 οἰκήματος
1453 1708 1514 1748 σὺν
1544 1716 1620 1754 ταῖς
1644 1710 1765 1754 ἄλλαις
1790 1714 1858 1748 τῶν
1878 1713 2055 1764 ἐπιφανῶν
2075 1711 2208 1762 γυναιξὶ

1167 1768 1400 1819 καθεζομένῃ,
1419 1769 1494 1806 ἀλλ’
1511 1768 1710 1818 ἐπεθύμησε
1732 1769 1824 1807 κατὰ
1845 1770 1949 1820 νόμον
1974 1769 2015 1816 δὴ
2039 1770 2098 1807 καὶ
2121 1785 2211 1820 συμ-

1170 1827 1297 1865 ὅόλαια
1315 1827 1452 1866 πλείοσι
1472 1830 1641 1866 συνοικεῖν
1667 1828 1846 1880 ἀνδράσιν,
1881 1829 2027 1866 ἐνταῦθα
2047 1843 2211 1878 καταμη·

1168 1886 1305 1924 νυθεῒσα
1319 1889 1369 1938 τῷ
1382 1886 1547 1939 Κλαυδίῳ
1563 1885 1648 1939 πρὸς
1659 1887 1861 1939 Ναρκίσσου
1875 1886 1965 1930 τινὸς
1981 1887 2210 1938 ἀπελευθέρου

1170 1947 1230 1981 τοῦ
1250 1943 1420 1995 βασιλέως
1432 1946 1636 1996 ἀναιρεῖται,
1654 1948 1723 1983 τῶν
1737 1945 1798 1994 μὲν
1812 1945 1995 1996 βασιλείων
2012 1944 2211 1992 ἐξωσθεῗσα,

1170 2002 1249 2054 περὶ
1271 2002 1305 2040 δὲ
1326 2001 1403 2046 τοὺς
1421 2002 1618 2041 Ἀσιατικοῦ
1644 2003 1775 2050 κήπους
1795 2003 2024 2053 πλανωμένη,
2046 1997 2093 2041 ὧν
2111 2001 2211 2041 ἕνεκα

1169 2060 1228 2098 τὸν
1259 2060 1406 2099 δείλαιον
1434 2060 1628 2099 Ἀσιατικὸν
1656 2064 1770 2115 μικρῷ
1801 2061 1949 2114 πρόσθεν
1977 2060 2207 2101 ἀπολωλέκει.

1170 2118 1257 2158 Μεθ’
1277 2119 1321 2166 ἣν
1341 2119 1401 2157 καὶ
1420 2119 1477 2157 τὸν
1498 2121 1622 2158 ἑαυτοῦ
1644 2121 1763 2158 δοῦλον
1782 2123 1800 2159 6
1821 2119 1993 2164 Κλαύδιος
2020 2119 2211 2172 ὑὸρίσαντά

1168 2193 1246 2216 τινα
1261 2179 1330 2216 τῶν
1346 2179 1381 2216 ἐν
1396 2177 1536 2223 ἀξιώσει
1559 2178 1759 2232 διέφθειρεν.

1655 2267 1720 2316 89.
2069 2294 2088 2304 -

1223 2344 1313 2382 Exc.
1332 2345 1389 2380 De
1407 2344 1476 2380 ins,
1504 2356 1545 2392 p.
1577 2343 1625 2379 23
1645 2355 1654 2381 ε
1674 2340 1757 2380 “On
1776 2340 1948 2384 Κλαύδιος
1974 2341 2041 2380 ὑπὸ
2067 2340 2209 2394 Ἀγριπ-

1169 2399 1270 2446 πίνης
1290 2404 1482 2452 ἀναιρεῖται
1504 2401 1623 2454 τρόπῳ
1640 2402 1775 2453 τοιῷδε.
1797 2398 1896 2446 Αὕτη
1930 2398 1997 2451 γὰρ
2023 2400 2227 2452 φάρμακον.

1171 2458 1379 2511 δηλητήριον
1399 2459 1465 2497 ὑπὸ
1485 2461 1708 2506 Λουκούστης
1724 2458 1913 2509 ἀνελομένη
1926 2488 1935 2505 ,
1952 2460 1987 2496 ἐν
2005 2461 2074 2502 τοῖς
2093 2460 2215 2496 καλου-

1173 2517 1286 2568 μένοις
1315 2517 1464 2567 μύκησιν
1499 2517 1674 2557 ἐνέὸαλεν.
1696 2517 1741 2557 ‘O
1767 2515 1802 2555 δὲ
1824 2516 1891 2554 ὑπό
1907 2532 1944 2554 τε
1963 2520 2019 2554 τοῦ
2040 2515 2132 2554 οἴνου
2154 2516 2215 2554 καὶ

1175 2578 1237 2619 τῆς
1257 2575 1364 2622 ἄλλης
1391 2575 1526 2621 διαίτης
1550 2575 1657 2626 μηδέν
1677 2591 1711 2613 τι
1728 2578 1880 2613 τοιοῦτον
1907 2575 2109 2612 ὑποπτεύων
2132 2576 2216 2612 ἐπε-

66 2703 108 2710 --
119 2687 184 2716 καὶ
202 2685 264 2716 διὰ
279 2684 418 2726 τοῦτο]
432 2685 522 2717 suid.
541 2688 573 2717 et
591 2688 670 2725 Di0;
689 2687 718 2722 ἐξ
731 2686 767 2717 οὗ
781 2687 818 2723 δὴ
833 2685 903 2718 cod.
923 2703 965 2709 -—
978 2686 1200 2727 φωνήματι]
1221 2687 1299 2727 Di0;
1318 2689 1486 2728 φρονήματι
1509 2691 1589 2720 Exn.
1606 2689 1638 2719 et
1650 2687 1739 2720 suid.
1754 2687 1825 2719 eod.
1849 2689 1890 2718 V.
1904 2704 1946 2710 --
1967 2686 2119 2726 ἐσφάλλ
2130 2696 2169 2717 ετ
2179 2685 2217 2726 0.]

68 2734 145 2764 Post
155 2732 227 2763 l'naec
240 2732 342 2763 codex
354 2732 446 2772 plura
460 2733 612 2764 omittens
627 2733 678 2764 vel
697 2741 863 2773 perperam
876 2735 1005 2765 mutans
1017 2734 1118 2773 pergit
1134 2746 1142 2765 ι
1157 2735 1304 2771 Τοιοῦτος
1320 2735 1352 2766 δὲ
1363 2736 1406 2766 ὢν
1419 2737 1480 2767 ὑπὸ
1493 2739 1554 2767 τῶν
1571 2736 1687 2766 δούλων
1700 2736 1752 2766 καὶ
1768 2737 1922 2774 γυναικῶν
1936 2733 1984 2768 αἷς
1998 2732 2217 2764 συνεκάθευδεν

67 2779 246 2810 ἐκακύνετο.
261 2796 302 2802 -
314 2780 379 2810 καὶ
397 2780 509 2811 ἐδουλ
518 2791 634 2821 οκρατ
643 2781 712 2818 ἠθη
723 2780 810 2821 ].om.
836 2780 966 2820 suidas3
981 2781 1078 2812 habet
1099 2780 1170 2812 Dio.
1185 2798 1226 2803 —
1249 2793 1290 2813 νο
1299 2793 1319 2813 σ
1328 2782 1410 2819 ηλεί
1421 2781 1462 2823 ᾳ]
1479 2783 1523 2814 sic
1541 2782 1600 2813 Dio
1612 2794 1621 2822 ;
1639 2781 1791 2821 ἀσφαλείᾳ
1805 2780 1877 2811 cod.
1895 2781 1927 2811 et
1941 2779 2066 2811 Snidas.
2082 2796 2122 2801 —-
2136 2779 2218 2816 εὐή-

68 2824 198 2866 θειαν]
213 2825 352 2863 εὐηθείας
365 2826 467 2858 codex
481 2829 558 2858 Exc.
572 2842 615 2850 --
627 2838 670 2864 τη
680 2828 722 2868 θῇ
734 2827 745 2867 ]
757 2827 802 2858 sic
818 2827 915 2858 etiam
932 2828 991 2859 Dio
1001 2838 1009 2867 ;
1020 2830 1058 2868 τῇ
1071 2829 1155 2868 τιτθῄ
1170 2829 1223 2859 καὶ
1236 2832 1274 2869 τῇ
1289 2829 1378 2869 μητρὶ
1400 2830 1486 2861 συνδ.
1503 2829 1626 2861 Suidas.
1642 2829 1754 2860 Noster
1768 2827 1903 2858 Dionem
1923 2825 2046 2864 reddit,
2061 2826 2120 2858 nisi
2131 2825 2218 2865 quod

68 2871 239 2903 articulum
253 2873 350 2912 ponat
363 2874 438 2905 ante
451 2883 483 2905 v.
508 2874 653 2915 Ἀντωνίᾳ
665 2897 674 2912 ,
697 2883 793 2914 quem
817 2874 942 2906 sustuli.
957 2893 999 2897 —
1015 2875 1309 2913 συνδιαιτηθεὶς
1321 2875 1334 2916 ]
1347 2876 1405 2907 Dio
1425 2878 1457 2907 et
1473 2875 1586 2908 suidas
1598 2887 1606 2915 ;
1621 2875 1817 2911 ἐνδιαιτηθεὶς
1833 2873 1905 2905 cod.
1924 2893 1965 2900 -
1977 2873 2013 2904 ἐν
2028 2884 2096 2904 συν
2110 2883 2151 2903 ου
2161 2870 2216 2910 σ.]

70 2919 101 2951 ἐν
123 2928 189 2951 om.
208 2919 334 2952 Suidas.
359 2939 400 2945 --
414 2921 598 2962 συμμίξεσι]
617 2922 716 2962 μίξεσι
739 2922 810 2954 Dio.
825 2940 866 2946 —
879 2923 910 2954 ἐν
927 2923 1002 2964 ἀμφ.
1031 2923 1132 2964 διεκ.]
1153 2923 1345 2965 ἀμφοτέροις.
1358 2924 1541 2963 προσέκειτο
1559 2922 1629 2952 Dio.
1648 2939 1690 2944 -
1711 2921 1863 2952 εὐάλωτ
1880 2919 1941 2960 ος]
1969 2921 2039 2951 Hoc
2069 2919 2092 2950 f.
2124 2926 2218 2957 repo-

70 2965 211 2998 nendum
234 2975 285 3007 ap.
320 2967 426 3007 Dion„
450 2968 504 2999 ubi
530 2968 656 3000 codices
698 2965 892 3003 εὐαλωτὸτος
936 2970 1185 3009 (εὐαλώτοτατος
1207 2981 1269 3003 em.
1299 2970 1430 3011 steph.)
1451 2988 1493 2993 —-
1514 2970 1555 3001 ἐκ
1564 2969 1665 3001 εῖνόν
1693 2980 1731 3000 τε
1754 2969 1825 3009 γὰρ
1853 2969 1915 2999 etc.
1928 2967 1940 3008 J
1960 2968 2041 2998 Ante
2057 2966 2127 2998 haec
2154 2974 2219 2996 non

70 3012 248 3044 omittenda
279 3013 410 3046 fuissent
426 3015 523 3046 verba
539 3016 649 3048 Dionis
665 3029 671 3036 ·
691 3018 742 3047 καὶ
758 3017 852 3047 αὐτοῦ
869 3017 1020 3049 καὶτοῦτο
1037 3018 1325 3058 προσλαμὸάνοντες
1336 3042 1344 3057 ,
1365 3018 1421 3049 οὐκ
1441 3017 1589 3057 ἐλάχιστα
1601 3014 1849 3056 κατειργάζοντο.
1866 3031 1909 3038 —
1921 3016 2141 3049 τοιοῦτος...
2157 3011 2217 3052 ὢν]

71 3057 117 3090 sic
131 3057 228 3090 et'iam
241 3059 320 3099 Di0;
337 3060 425 3097 οὗτος
445 3061 498 3092 οὖν
514 3065 651 3098 τοιοῦτος
665 3063 707 3093 ὢν
724 3063 850 3094 Suidas.
864 3081 906 3086 —
924 3063 1068 3096 δεόντω
1078 3077 1090 3101 ς
1104 3065 1184 3106 ἔπρ.
1203 3066 1219 3096 ὁ
1229 3077 1260 3096 σ.
1273 3064 1284 3105 ]
1299 3068 1360 3095 τῶν
1373 3064 1504 3095 δεόντων
1518 3086 1526 3101 ,
1541 3062 1635 3094 ὁπότε
1649 3062 1720 3094 Dio.

113 3107 166 3138 Fr.
183 3110 233 3138 86.
248 3108 422 3148 Χαιρέαν
436 3109 501 3140 καί
515 3120 622 3145 τινας
636 3109 689 3141 ἄλ.
701 3110 712 3151 ]
726 3118 743 3140 e
758 3110 849 3141 Dion.
867 3112 969 3148 Lx‚3
981 3120 1012 3151 1).
1028 3114 1106 3152 941,
1121 3116 1173 3145 91.
1185 3111 1320 3152 Χεραίαν
1334 3112 1386 3142 καὶ
1400 3111 1469 3147 τοὺς
1483 3111 1531 3142 ἀλ.
1547 3109 1659 3141 codex.
1672 3127 1713 3131 —
1726 3108 1896 3147 ἡσθεὶς...
1913 3103 2220 3147 ἐδολοφόνησεν]

73 3151 133 3185 Dio
146 3154 254 3184 noster
267 3153 347 3186 nihil
361 3155 419 3186 nisi
433 3155 493 3187 hoc
509 3168 516 3187 t
581 3158 683 3194 ἡσθεὶς
698 3157 781 3198 ὅμως
796 3158 983 3189 ἀπέκτεινεν.

116 3201 169 3232 Fr.
191 3203 242 3232 87.
261 3201 467 3243 ἐποίησεν]
485 3202 590 3234 addidi
605 3212 622 3234 e
636 3204 753 3236 Chron.
770 3204 839 3235 cod.
855 3206 927 3243 854,
946 3213 975 3244 p.
993 3208 1052 3237 279
1066 3205 1115 3236 ed.
1129 3207 1270 3237 Cramer.
1285 3228 1293 3242 ‚
1309 3203 1362 3234 ubi
1375 3203 1485 3235 eadem
1499 3203 1661 3242 leguntur.
2192 3241 2198 3248 ”

114 3247 168 3278 Fr.
188 3249 238 3278 88.
260 3247 334 3279 Vid.
350 3249 409 3279 Dio
429 3251 499 3286 LX,
519 3252 554 3281 14
568 3258 637 3290 sqq.
653 3267 695 3273 —
709 3252 775 3286 τὰς
799 3249 934 3291 τιμὰς]
951 3251 972 3281 i.
991 3260 1018 3282 e.
1034 3252 1134 3291 pretia
1150 3260 1256 3283 rerum
1278 3251 1439 3282 venalium
1453 3261 1461 3289 ;
1480 3251 1546 3282 τινὰ
1561 3249 1673 3281 codex.
1691 3248 1774 3280 Male
1791 3247 1862 3278 haec
1879 3245 2043 3278 contracta
2059 3243 2144 3275 sunt.
2162 3243 2221 3272 Duo

76 3301 106 3325 c.
123 3295 159 3325 17
177 3305 185 3324 ι
199 3293 238 3325 Ἡ
255 3293 281 3325 δ’
295 3294 348 3326 οὖν
363 3295 547 3327 Μεσσαλίνα
563 3296 636 3328 οἵτε
651 3297 845 3339 ἀπελεύθεροι
861 3298 956 3329 αὐτοῦ
971 3298 1068 3333 οὕτως
1085 3299 1121 3329 οὐ
1134 3299 1188 3335 τὴν
1202 3296 1358 3328 πολιτείαν
1373 3297 1465 3337 μόνον
1477 3320 1485 3335 ,
1500 3297 1570 3328 οὐδὲ
1584 3296 1637 3331 τὰς
1652 3295 1812 3336 στρατείας
1826 3294 1878 3325 καὶ
1889 3293 1943 3327 τὰς
1958 3288 2152 3342 ἐπιτροπείας
2166 3286 2220 3323 τάς

75 3349 109 3370 τε
121 3340 285 3380 ἡγεμονίας
296 3365 305 3380 ,
326 3341 403 3372 ἀλλὰ
421 3343 473 3373 καὶ
496 3342 593 3374 τᾶλλα
614 3343 719 3375 πάντα
740 3344 870 3383 ἀφειδῷς
884 3344 1023 3375 ἐπώλουν
1038 3345 1089 3374 καὶ
1104 3344 1312 3382 ἐκαπήλευον,
1326 3343 1407 3375 ὥστε
1421 3343 1572 3374 σπανίσαι
1585 3342 1687 3374 πάντα
1708 3342 1747 3372 τὰ
1770 3341 1848 3372 ὤνια
1861 3350 1868 3358 ·
1887 3339 1950 3370 κάκ
1963 3337 2073 3368 τούτου
2086 3344 2150 3388 ’και
2168 3332 2220 3385 τδν

79 3386 230 3418 Κλαύδιον
243 3387 475 3426 ἀναγκασθῆναι
491 3389 520 3425 ἔς
536 3400 568 3421 τε
581 3390 616 3421 τὸ
630 3390 745 3432 Ἄρειον
759 3391 864 3423 πεδίον
881 3393 1068 3431 συναγαγεῖν
1082 3391 1116 3422 τὸ
1136 3390 1251 3427 πλῆθος
1264 3413 1273 3429 ,
1290 3389 1447 3420 κάνταῦθα
1461 3388 1523 3420 ἀπὸ
1541 3388 1678 3429 βήματος
1702 3387 1756 3422 τὰς
1777 3386 1868 3426 τιμὰς
1883 3385 1984 3428 αὐτῶν
2007 3379 2156 3415 διατάξαι·
2175 3378 2221 3408 [1⁰

79 3440 168 3472 seqq.
189 3442 222 3465 v.
238 3433 297 3465 Dio
311 3436 382 3474 Lxx,
401 3438 451 3467 31.
