2372 3704
120 297 192 329 584

118 375 232 427 τερνός
248 390 298 419 τις
309 404 319 420 ,
331 376 370 413 ἐκ
388 375 456 412 τῶν
478 375 700 427 στρατιωτῶν
714 372 823 427 φυγὰς
834 402 844 421 ,
857 371 971 412 πολλὰ
987 371 1048 411 καὶ
1063 370 1158 410 δεινὰ

119 433 290 487 διαφόρως
320 431 519 483 τολμήσας,
539 431 663 476 πείσας
683 431 722 470 τέ
737 446 832 475 τινας
863 430 932 469 ἀπὸ
948 433 1016 469 τῶν
1045 432 1157 469 αὐτων

118 490 241 543 ἔργων,
261 496 362 543 χεῖρα
375 489 508 537 πολλὴν
524 489 724 542 κακούργων
744 488 971 550 συναθροίζει·
995 489 1055 527 καὶ
1068 488 1159 541 πρό-

117 565 213 601 τερον
237 549 299 600 μὲν
322 548 383 593 τὰς
397 547 544 596 πλησίον
558 548 745 600 ἓλήστευσε
763 548 891 592 πόλεις·
909 551 984 586 εἶτα
1002 547 1062 586 καὶ
1076 546 1156 598 μεί-

117 610 198 653 ζονα
213 607 409 659 τολμήσας,
425 608 472 650 εἷς
490 606 577 653 τῆν’
582 606 720 646 Ιταλίαν
732 606 861 644 εἰσέδυ·
875 604 935 643 καὶ
947 605 1158 657 ἐπιτηρήσας

121 667 272 720 ἡμέραν,
294 661 366 719 ἕνῇ
385 668 403 704 ὁ
421 664 582 717 βασιλεὺς
597 665 773 715 πανδημεὶ
787 665 907 716 ἑορτὰς
922 665 1085 711 ἐπιτελεῖ,
1098 662 1158 701 καὶ

117 726 244 770 πάντες
261 725 305 763 τὰ
322 726 454 762 ἑαυτῶν
473 723 643 776 σχήματα
663 723 867 769 διήλλαττον
887 726 933 767 ὥς
956 722 1157 771 ἐὸούλοντο,

116 784 238 837 καιρὸν
255 783 447 830 ἐπιτήδειον
459 781 625 830 νομίσας,
637 781 755 820 λαὸών
773 797 808 819 τε
827 781 1015 834 δορυφόρου
1033 784 1157 832 σχῆμα

116 841 314 889 ἐπεπήδησε
334 840 592 893 διαχρήσασθαι
622 842 672 892 τῷ
705 839 870 891 Κομόδῳ.
898 839 993 878 Ἀλλ’
1011 833 1057 882 εἷς
1088 840 1157 876 τῶν

116 900 179 939 σὺν
195 902 289 952 αύτῷ
303 899 503 951 κακούργων
516 897 735 951 παροξυνθεὶς
755 897 820 935 ὑπὸ
836 897 972 950 φθόνου,
990 897 1159 948 προδιαγ-

116 960 231 1008 γέλλει
247 961 318 1002 τοῖς
331 961 392 996 τοῦ
417 956 589 1010 βασιλέως
606 956 758 999 οἰκείοις·
778 955 837 994 καὶ
858 954 1088 998 συλλαὸόντες
1100 954 1158 993 τὸν

119 1016 316 1069 Μάτερνον,
342 1015 514 1065 ἀπέτεμον
550 1016 654 1052 αὐτοῦ
681 1014 739 1052 τὸν
763 1013 909 1066 αὐχένα.
934 1013 1092 1063 Κόμοδος
1122 1012 1158 1051 δὲ

115 1081 185 1119 τοῖς
198 1077 321 1113 ἑαυτοῦ
338 1078 424 1117 θεοῖς
439 1072 658 1124 ὁμολογήσας
674 1072 919 1126 χαριστηρίους
934 1071 1046 1120 τινὰς,
1070 1071 1157 1125 ὑπὲρ

115 1149 152 1171 τε
170 1136 230 1180 τῆς
245 1132 418 1185 σωτηρίας
434 1131 494 1169 καὶ
510 1133 570 1177 τῆς
597 1131 773 1182 βασιλείας
792 1129 1054 1183 ἓπανηγύριζεν.

171 1205 202 1231 ⁴.
232 1190 277 1231 ‘O
299 1190 334 1228 δὲ
369 1190 526 1240 Κόμοδος
546 1187 703 1241 ἐκφυγὼν
732 1188 796 1235 τὴν
813 1189 996 1241 Ματέρνου
1016 1188 1157 1228 ἕπιὸου·

117 1248 199 1299 λὴν,
212 1248 342 1287 πλείονί
362 1263 398 1286 τε
413 1253 544 1301 φρουρᾷ
557 1247 746 1299 ἐχρήσατο,
762 1246 822 1285 καὶ
843 1246 995 1290 σπανίως
1005 1251 1076 1290 τοῖς
1095 1247 1156 1295 δή·

117 1322 195 1357 μοις
215 1306 390 1360 ἐφαίνετο,
413 1305 457 1344 τὰ
474 1307 623 1344 πλεῖστα
650 1306 684 1343 ἓν
714 1304 932 1357 προαστείοις
956 1305 1155 1358 διατρίὸων.

115 1364 253 1413 Συνέὸη
265 1364 332 1417 γὰρ
353 1364 431 1403 κατ’
452 1364 579 1403 ἐκεῖνον
594 1363 651 1402 τὸν
670 1363 793 1416 χρόνον
812 1363 872 1401 καὶ
885 1362 1040 1413 λοιμώδη
1058 1364 1156 1402 νόσον

114 1424 308 1476 κατασχεῖν
339 1423 402 1469 τὴν
431 1422 600 1470 Ἰταλίαν,
642 1422 702 1460 καὶ
744 1421 891 1466 πολλοὺς
931 1421 1152 1475 διαφθείρειν.

114 1481 269 1533 Ἐπέσχε
289 1479 402 1519 δὲκαὶ
431 1480 530 1530 λιμὸς
563 1481 642 1518 κατ’
663 1480 747 1518 αὐτὸ
778 1479 856 1524 τους
891 1479 1089 1533 ἀνθρώπους
1118 1496 1156 1519 εκ

116 1540 279 1587 τοιαύτης
307 1539 432 1582 αἰτίας.
449 1538 677 1590 Κλέανδρός
661 1554 735 1589 τις,
762 1540 812 1591 τῷ
838 1537 900 1589 μὲν
920 1538 1009 1590 γένει
1033 1539 1155 1591 Φρὺξ,

115 1597 335 1646 συναυξηθείς
350 1613 388 1636 τε
407 1599 457 1651 τῷ
471 1596 644 1650 Κομόδῳ,
665 1598 712 1641 εἰς
729 1601 889 1635 τοσοῦτον
903 1599 960 1635 ὑπ’
979 1598 1084 1636 αὗτου
1104 1613 1156 1636 τι-

115 1659 183 1707 μῆς
201 1657 386 1709 προῆλθεν,
411 1658 457 1700 ὡς
475 1655 535 1694 καὶ
554 1655 617 1702 τὴν
642 1659 701 1694 τοῦ
725 1654 886 1706 σώματος
910 1655 1060 1708 φρουρὰν
1097 1656 1156 1695 καὶ

114 1715 178 1762 τὴν
197 1718 258 1753 τοῦ
275 1714 433 1765 θαλάμου
451 1714 510 1752 καὶ
528 1715 597 1752 τῶν
616 1715 838 1765 στρατιωτῶν
857 1714 1020 1766 πρόνοιαν
1043 1716 1156 1766 ἐγχει-

117 1776 296 1825 ρισθῆναι·
324 1771 392 1811 ὑπὸ
422 1771 458 1810 δὲ
478 1771 628 1810 πλούτου
655 1771 715 1810 καὶ
733 1775 862 1825 τρυφῆς
882 1773 1068 1820 ἀνεπείσθη
1097 1774 1156 1812 καὶ

114 1832 198 1884 πρὸς
215 1830 393 1884 βασιλείας
407 1830 591 1881 ἐπιθυμίαν
608 1831 790 1882 προῆλθεν·
804 1830 996 1881 ὠνούμενος
1012 1830 1048 1870 δὲ
1063 1833 1158 1870 πλεῖ-

115 1905 195 1928 στον
211 1895 318 1938 σῖτον,
348 1888 540 1935 ἀπέκλειεν,
561 1888 709 1933 ἐλπίζων
737 1887 796 1927 τόν
824 1903 861 1927 τε
886 1890 996 1938 δῆμον
1029 1888 1090 1927 καὶ
1116 1889 1155 1927 τὸ

114 1947 345 2001 στρατόπεδον
380 1948 415 1985 ἐν
447 1946 572 1985 σπάνει
591 1946 838 1996 καταστήσας,
869 1947 1042 1986 ἐπιδόσεσι
1063 1949 1154 1998 λαμ-

105 2012 217 2059 ’πραῖς
234 2005 378 2049 ἁλόντας
390 2004 644 2057 ὑπαγαγέσθαι·
664 2005 724 2044 καὶ
735 2006 925 2057 γυμνάσιον
943 2006 1003 2044 καὶ
1014 2006 1155 2059 λουτρὸν

114 2065 274 2116 μέγιστον
291 2063 570 2111 κατασκευάσας,
582 2063 720 2108 τούτους
735 2063 926 2109 ἓδελέαζεν.
943 2066 989 2104 Οἱ
1004 2064 1039 2103 δὲ
1059 2065 1155 2104 Ῥω-

115 2129 214 2174 μαῖοι
231 2125 391 2175 ἀπεχθῶς
407 2121 542 2175 ἔχοντες
560 2122 645 2174 πρὸς
664 2122 780 2171 αὐτὸν,
799 2123 859 2161 καὶ
874 2125 943 2161 τῶν
963 2124 1081 2162 δεινῶν
1095 2124 1156 2168 τὰς

114 2183 226 2227 αἰτίας
247 2185 294 2227 εἰς
317 2184 444 2221 ἐκεῖνον
463 2182 707 2235 ἀναφέροντες,
723 2181 768 2220 τὰ
790 2182 852 2232 μὲν
878 2185 1000 2235 πρῶτα
1019 2185 1053 2221 ἐν
1083 2187 1156 2228 τοῖς

114 2241 266 2294 θεάτροις
294 2243 409 2284 κακῶς
428 2240 605 2293 ἠγόρευον,
625 2241 664 2279 τὸ
687 2240 723 2279 δὲ
741 2243 937 2280 τελευταῖον
962 2242 1021 2280 καὶ
1049 2244 1083 2280 ἐν
1106 2245 1155 2294 τῷ

113 2300 312 2352 προαστείῳ
345 2302 405 2338 τοῦ
434 2300 594 2348 Κομόδου
622 2299 798 2348 πανδημεὶ
825 2300 1022 2345 ἐπελθόντες
1048 2316 1154 2339 κατε-

114 2358 217 2405 δόων,
236 2358 295 2396 καὶ
314 2358 371 2395 τὸν
394 2356 593 2410 Κλέανδρον
619 2357 704 2411 πρὸς
726 2359 871 2396 θάνατον
887 2358 1006 2411 ᾔτουν.
1029 2360 1154 2411 Ταρα-

112 2420 178 2469 χῆς
195 2418 231 2454 δὲ
266 2415 387 2463 οὔσης,
418 2417 468 2466 τῷ
496 2415 557 2465 μὲν
578 2416 728 2468 Κομόδῳ
753 2416 905 2454 ἐκώλυσε
933 2420 1151 2468 γνωσθῆναι,

113 2475 214 2519 αὐτὸς
241 2475 278 2512 δὲ
311 2474 523 2525 στρατιώτας
547 2475 705 2526 ἐπαφῆκε
729 2476 778 2526 τῷ
799 2475 926 2528 δήμῳ,
958 2475 1018 2513 καὶ
1049 2473 1154 2527 μέχρι

111 2535 173 2579 τῆς
197 2532 329 2575 πόλεως
346 2532 551 2581 διωκόμενον
573 2531 728 2569 ἔκοπτεν·
746 2535 791 2575 ὡς
802 2532 838 2570 δὲ
854 2535 888 2570 ἐν
902 2535 945 2583 τῇ
965 2532 1064 2570 πόλει
1081 2535 1155 2570 εἰσ-

112 2593 228 2639 ῆλθεν,
248 2592 279 2629 οἵ
300 2592 334 2628 ἐν
356 2591 444 2642 αὐτῇ
463 2589 655 2638 μείναντες,
673 2589 868 2639 αἰσθόμενοι
888 2590 927 2628 τὸ
947 2590 1155 2642 κατειληφὸς

112 2649 237 2696 πάθος,
263 2648 531 2692 ἀποκλείσαντες
556 2649 618 2691 τὰς
637 2649 808 2695 εἰσόδους,
835 2650 873 2686 ἐκ
896 2651 965 2686 τῶν
985 2649 1156 2698 δωμάτων

112 2709 216 2752 λίθοις
231 2707 290 2746 καὶ
304 2706 466 2759 κεράμοις
483 2707 630 2746 ἔδαλλον
644 2707 720 2751 τοὺς
734 2707 876 2751 ἱππέας.
887 2709 932 2747 Οἱ
950 2707 984 2745 δὲ
1000 2707 1155 2760 ἔπασχον

114 2765 202 2818 ἅπερ
222 2765 424 2818 ἐδράκεισαν
437 2781 446 2789 ·
466 2765 735 2818 τιτρωσκόμενοι
761 2765 873 2804 τοίνυν
891 2765 951 2803 καὶ
969 2764 1017 2816 μὴ
1036 2766 1156 2818 φέρον-

111 2839 166 2868 τες
186 2826 232 2868 εἰς
247 2822 358 2876 φυγὴν
378 2824 591 2877 ἐτράπησαν,
612 2825 734 2862 πολλοὶ
755 2823 791 2862 δὲ
812 2824 872 2862 καὶ
891 2823 1136 2875 διεφθάρησαν.

949 284 1159 326 JOANNIS
1188 283 1501 325 ANTIOCHENI

1270 385 1300 410 ο.
1323 371 1517 424 Ἐμφυλίου
1543 387 1580 410 τε
1610 372 1764 422 πολέμου
1788 373 1993 420 τηλικούτου
2013 372 2075 420 τὴν
2107 370 2252 426 Ῥώμην

1215 430 1437 482 κατέχοντος,
1457 430 1562 474 ἄλλος
1580 429 1641 481 μὲν
1659 430 1767 475 οὐδεὶς
1792 432 1951 483 ἀγγεῖλαι
1970 434 2018 486 τῷ
2040 433 2189 486 Κομόδῳ
2206 433 2252 472 τὰ

1217 487 1440 541 πραττόμενα
1477 487 1658 536 ἐδούλετο,
1683 488 1751 527 δέει
1769 492 1832 536 τῆς
1865 490 2065 543 Κλεάνδρου
2085 490 2250 536 ἐξουσίας·

1217 550 1240 595 ἡ
1255 547 1290 586 δὲ
1303 545 1527 600 πρεσὸυτάτη
1544 548 1612 584 τῶν
1636 547 1792 600 ἀδελφῶν
1813 551 1873 586 τοῦ
1892 548 2059 600 βασιλέως
2070 549 2250 600 λυσαμένη

1217 605 1278 649 τὰς
1289 605 1432 657 τρίχας,
1462 604 1521 643 καὶ
1542 604 1672 657 ῥίψασα
1693 603 1820 652 ἑαυτὴν
1844 606 1902 644 ἐπὶ
1928 609 1990 654 τῆς
2012 610 2092 659 γῆς,
2111 607 2252 647 ἅπαντα

1219 663 1395 716 διηγόρευε
1418 662 1463 701 τὰ
1486 664 1536 715 τῷ
1552 662 1744 716 Κλεάνδρῳ
1769 663 2017 716 πεπραγμένα,
2041 666 2100 704 καὶ
2116 666 2169 704 ὅτι
2192 669 2255 713 τῆς

1221 721 1398 774 βασιλείας
1418 720 1667 771 ἐκὸάλλονται,
1685 722 1714 759 εἷ
1731 720 1780 771 μὴ
1799 720 1862 768 τὴν
1892 722 2063 774 ταχίστην
2083 724 2168 776 πρὸς
2185 724 2252 764 θά-

1218 795 1319 818 νατον
1334 778 1503 825 ἐκδοθείη.
1524 777 1615 818 Τότε
1634 778 1694 816 καὶ
1725 780 1793 817 τῶν
1810 779 1992 831 παρόντων
2007 783 2096 826 τινὲς
2124 783 2254 837 θαρρή-

1219 852 1341 880 σαντες
1359 843 1430 882 τοῑς
1447 839 1509 883 τῆς
1534 838 1685 890 ἀδελφῆς
1702 836 1816 889 λόγοις
1832 838 1891 877 τὸν
1910 838 2069 890 Κόμοδον
2091 841 2253 895 ἐξετάρα·

1220 895 1292 940 ξαν.
1311 894 1522 946 Ἐκπλαγεὶς
1537 893 1573 933 δὲ
1589 896 1715 939 ἐκεῖνος
1735 895 1792 934 τόν
1814 911 1851 934 τε
1870 897 2085 948 ἐπικείμενον
2101 899 2254 938 κίνδυνον

1220 953 1447 1002 καταλαὸὼν,
1481 953 1546 1000 τὴν
1561 952 1729 1026 κεφαλὴν
1758 956 2003 1004 ἀποτμηθῆναι
2035 954 2167 996 κελεύει
2193 962 2254 998 τοῦ

1221 1012 1433 1064 Κλεανδρου,
1444 1024 1503 1050 και
1517 1011 1574 1050 επὶ
1593 1012 1733 1064 δόρατος
1747 1028 1880 1065 μακρου
1898 1014 2251 1069 ἐκπέμπειτῳδήμῳ.

1218 1070 1263 1110 Ὁ
1279 1068 1315 1108 δὲ
1346 1073 1570 1143 παραχρῆμα
1586 1073 1647 1117 τῆς
1667 1071 1792 1121 μανίας
1809 1071 2007 1123 ἐπαύσατο,
2031 1074 2254 1126 προσανελὼν

1219 1128 1336 1179 μέντοι
1351 1128 1411 1167 καὶ
1421 1144 1499 1171 τους
1513 1128 1606 1172 υἱους
1624 1144 1684 1167 του
1702 1129 1914 1182 Κλεάνδρου.
1926 1130 1998 1169 Καὶ
2012 1131 2102 1182 ὃμὲν
2121 1133 2256 1172 Κλέαν-

1218 1189 1294 1240 δρος
1315 1186 1405 1226 οὕτω
1426 1202 1464 1225 τε
1482 1186 1628 1234 ἤνθησεν
1649 1189 1684 1225 ἐν
1701 1187 1823 1241 ὀλίγῳ,
1839 1188 1900 1226 καὶ
1918 1187 2007 1227 ουτω
2023 1190 2250 1243 διεμαράνθη.

1269 1259 1298 1284 6.
1330 1245 1376 1285 ‘O
1406 1244 1442 1283 δὲ
1469 1245 1627 1295 Κόμοδος
1654 1245 1815 1284 εἰσελθὼν
1837 1247 1873 1285 ἓν
1900 1249 1950 1300 τῷ
1983 1247 2081 1287 ἄστει
2102 1251 2252 1300 μεγαλο-

1217 1303 1348 1356 φρόνως
1381 1303 1572 1356 ὑπεδέχθη·
1604 1304 1776 1356 πειραθεὶς
1806 1303 1843 1342 δὲ
1869 1304 2042 1344 τοσούτων
2075 1307 2253 1357 κινδύνων,

1218 1362 1370 1407 ἀπίστως
1387 1362 1619 1415 προσεφέρετο
1650 1369 1755 1402 πᾶσιν
1780 1364 1927 1416 ἀφειδῶς
1959 1380 1997 1403 τε
2023 1365 2173 1418 φονεύων
2193 1369 2254 1407 καὶ

1216 1421 1346 1465 πάσαις
1368 1421 1547 1465 διαὸολαῖς
1565 1421 1750 1469 πιστεύων,
1769 1421 1948 1474 σχολάζων
1967 1439 2005 1462 τε
2030 1425 2253 1473 ἀλλεπαλλή-

1217 1482 1290 1524 λοις
1306 1479 1365 1518 καὶ
1394 1479 1599 1524 ἀκολάστοις
1611 1483 1672 1518 τοῦ
1687 1479 1848 1531 σώματος
1871 1481 2029 1532 ἡδοναῖς,
2047 1483 2198 1536 ἡνιόχοις
2214 1501 2252 1524 τε

1217 1538 1276 1576 καὶ
1302 1539 1505 1590 ὑποκριταῖς
1529 1538 1589 1576 καὶ
1607 1538 1734 1591 θηρίων
1759 1545 1927 1592 σφαγαῖς·
1945 1540 2012 1579 ὑπὸ
2037 1541 2074 1580 δέ
2091 1558 2180 1587 τινος
2194 1544 2254 1582 τύ-

1217 1612 1285 1648 χης
1310 1596 1555 1647 ἐλαυνόμενος,
1583 1598 1630 1640 εἷς
1648 1601 1809 1636 τοσοῦτον
1841 1598 1966 1648 μανίας
1989 1599 2050 1638 καὶ
2074 1601 2256 1654 παροινίας

1220 1654 1483 1708 προύχώρησεν,
1502 1657 1549 1699 ὡς
1571 1654 1633 1702 τὴν
1654 1655 1744 1694 ἰδίαν
1769 1657 2004 1709 προσηγορίαν
2027 1659 2253 1711 παραιτήσα-

1217 1717 1310 1752 σθαι.
1334 1713 1463 1760 Ζήτει
1479 1715 1522 1752 ἐν
1540 1716 1599 1766 τῷ
1614 1713 1723 1767 Περὶ
1747 1714 1900 1759 κακίας
1918 1715 1994 1754 καὶ
2011 1718 2183 1770 ἀρετῆς.

1758 1816 1843 1842 120.

1270 1887 1360 1924 Exc.
1377 1887 1434 1921 De
1452 1886 1538 1921 virt.
1567 1898 1608 1935 p.
1631 1885 1705 1922 822
1734 1898 1746 1923 .·
1765 1883 1848 1923 Ὅτι
1867 1887 1885 1923 ὁ
1908 1885 2063 1936 Κόμοδος
2082 1886 2149 1926 ὑπό
2164 1903 2253 1933 τινος

1217 1943 1325 1995 τύχης
1348 1942 1572 1994 ἐλαυνόμενος
1592 1944 1626 1986 ἐς
1646 1946 1806 1982 τοσοῦτον
1839 1943 1963 1995 μανίας
1988 1945 2048 1983 καὶ
2070 1947 2251 1999 παροινίας

1217 2001 1479 2056 προύχώρησεν,
1510 2003 1556 2045 ὡς
1571 2000 1635 2048 τὴν
1665 2001 1754 2040 ἰδίαν
1767 2003 2002 2056 προσηγορίαν
2027 2005 2250 2057 παραιτήσα-

1218 2066 1315 2109 σθαι,
1331 2059 1514 2112 Ἡρακλέα
1531 2075 1568 2097 τε
1591 2059 1651 2098 καὶ
1666 2061 1746 2104 Διὸς
1765 2061 1837 2099 υἱὸν
1858 2063 2103 2112 ὀνομάζεσθαι,
2125 2063 2202 2108 τούς
2217 2080 2255 2103 τε

1220 2123 1330 2170 μῆνας
1360 2121 1419 2171 ἀφ’
1438 2121 1561 2157 ἑαυτοῦ
1581 2118 1693 2172 φέρειν
1713 2119 1774 2163 τὰς
1798 2121 2031 2174 προσηγορίας
2049 2121 2255 2173 προσέταξεν

1217 2178 1342 2222 οὕτως·
1360 2177 1557 2229 Ἀμαζόνιος
1569 2208 1579 2225 ,
1603 2177 1780 2229 Κόμοδος,
1801 2178 2020 2230 Αὔγουστος,
2040 2179 2255 2232 Ἡράκλειος,

1217 2237 1411 2287 Ῥωμαῖος,
1441 2235 1676 2289 ’Υπεραίρωη
1702 2237 1893 2284 Ἀνίκητος,
1928 2238 2108 2288 Εὖσεὸὴς,
2141 2242 2254 2279 Εὐτυ-

1216 2296 1302 2348 χὴς,
1324 2295 1490 2342 Λούκιος,
1507 2294 1627 2338 Αἴλιος
1638 2324 1648 2343 ,
1661 2295 1844 2348 Αὐρήλιος.
1866 2296 2141 2346 Ἀποδυσάμενός
2158 2314 2195 2336 τε
2209 2299 2248 2338 τὸ

1218 2354 1406 2404 Ῥωμαίων
1424 2356 1566 2406 σχῆμα,
1580 2354 1721 2400 λεοντῆν
1743 2354 2000 2406 ὓπεστρώννυτο
2019 2355 2080 2393 καὶ
2100 2355 2249 2409 ῥόπαλον

1218 2412 1418 2466 ἐπεφέρετο·
1443 2411 1532 2450 οὕτω
1564 2428 1601 2450 τε
1642 2412 1769 2465 θηρίοις
1793 2413 1852 2451 καὶ
1881 2413 2070 2464 ἀνθρώποις
2099 2415 2250 2469 δημοσία

1218 2471 1450 2523 ἐμονομάχει,
1469 2470 1643 2523 εὐστόχως
1662 2486 1699 2509 τε
1725 2470 1817 2509 κατὰ
1841 2471 1880 2510 τὸ
1908 2472 2030 2519 ἀληθὲς
2048 2473 2250 2523 ἀκοντίζων,

1217 2531 1275 2568 καὶ
1296 2530 1392 2583 παρὰ
1410 2530 1563 2577 πάντων,
1585 2533 1631 2574 ὡς
1650 2532 1772 2578 εἰπεῖν,
1796 2530 2068 2582 θαυμαζόμενος.
2091 2531 2254 2572 Ἐπειδὰν

1218 2589 1254 2627 δὲ
1285 2591 1333 2633 εἷς
1364 2588 1497 2635 πολλὴν
1531 2589 1731 2642 μιαιφονίαν
1767 2589 1919 2641 ἐτράπη,
1953 2588 2083 2634 πάντας
2108 2592 2254 2643 ἀφειδῶς

1218 2648 1295 2691 τοὺς
1321 2647 1458 2692 ἀθλίους
1474 2647 1534 2686 καὶ
1549 2647 1814 2698 λελωὸημένους
1843 2648 1969 2702 ἄνδρας
1988 2650 2035 2693 εἷς
2053 2648 2092 2687 τὸ
2111 2648 2253 2702 θέατρον

1219 2706 1438 2758 συναγαγὼν,
1460 2707 1702 2758 δρακοντοειδῆ
1716 2707 1754 2744 τέ
1770 2722 1845 2745 τινα
1862 2706 2010 2757 περιθεὶς
2028 2709 2068 2745 ἐκ
2093 2710 2162 2746 τῶν
2191 2724 2254 2760 γο-ι»

1217 2765 1327 2803 νάτων
1346 2765 1554 2817 ὑφάσματα,
1569 2766 1615 2808 ὣς
1637 2765 1801 2816 γίγαντας
1825 2768 1874 2817 τῷ
1897 2765 2038 2818 ῥοπάλῳ
2068 2765 2253 2818 κατειργά-

1218 2838 1316 2862 σατο.
1341 2823 1529 2862 Καθεύδων
1545 2822 1612 2876 γὰρ
1630 2825 1664 2861 ἐν
1684 2824 1753 2866 τοῖς
1786 2823 2048 2874 μονομαχείοις,
2069 2824 2197 2861 ἐκεῖθεν
2220 2824 2255 2868 ἐς

114 2947 290 2988 ριστηρίους
303 2946 408 2987 τινὰς]
423 2947 592 2979 Herodian.
608 2949 624 2978 Ι
635 2971 643 2986 ,
666 2952 701 2979 10
720 2959 726 2977 :
740 2948 756 2978 ὁ
773 2948 804 2978 δὲ
819 2947 982 2987 Κόμμοδος
996 2947 1090 2981 θύσας
1109 2957 1143 2977 τε
1163 2950 1199 2986 τῇ
1217 2947 1276 2985 θεῷ
1289 2947 1342 2976 καὶ
1367 2946 1554 2986 χαριστήρια
1567 2946 1762 2985 ὁμολογήσας
1775 2969 1784 2983 ,
1798 2946 1853 2983 την
1873 2946 1978 2985 ἑορτὴν
1995 2945 2145 2984 ἐπετέλει,
2157 2946 2252 2986 παρέ·

111 2995 214 3035 πεμπέ
230 3005 263 3025 τε
275 2995 329 3031 τὴν
345 2995 411 3026 θεὸν
425 2995 540 3034 χαίρων
556 3003 564 3011 ·
582 2995 634 3025 καὶ
649 2995 787 3035 σωτήρια
799 2997 854 3025 τοῦ
869 2994 1020 3035 βασιλέως
1034 2995 1051 3024 ὁ
1064 2994 1158 3033 δῆμος
1173 2993 1250 3032 μετὰ
1263 2996 1316 3029 τῆς
1332 2994 1435 3032 ἑορτῆς
1449 2993 1659 3032 ἐπανηγύριζε.
1682 3013 1722 3018 -
1738 2992 1756 3032 §
1772 2994 1803 3023 la.
1819 2993 1987 3029 συναυξη
1997 2992 2075 3028 θείς
2099 2991 2157 3032 τε]
2172 2994 2254 3025 οἰκέ-

112 3052 166 3078 της
181 3040 212 3071 δὲ
228 3041 386 3081 βασιλικὸς
399 3040 560 3080 γενόμενος
574 3041 769 3077 συναυξηθείς
782 3051 815 3072 τε
832 3040 949 3072 Herod.
966 3042 992 3079 Ι,
1015 3044 1062 3071 12.
1075 3057 1115 3062 --
1125 3040 1167 3076 εἰς
1179 3037 1347 3078 τοσοῦτον]
1361 3040 1433 3070 Her.
1445 3050 1454 3077 ;
1469 3041 1512 3075 εἰς
1524 3043 1631 3070 τοῦτον
1648 3039 1760 3070 codex.
1776 3055 1818 3060 —
1829 3039 1894 3070 καὶ
1911 3040 1978 3076 τὴν
1992 3042 2059 3070 τοῦ
2078 3039 2094 3070 θ
2105 3040 2160 3071 αλ.
2172 3039 2184 3080 ]
2199 3042 2254 3079 τὴν

111 3087 184 3119 add.
201 3096 243 3119 ex
264 3087 383 3119 Herod.
399 3107 439 3113 —
452 3088 647 3127 προῆλθεν
662 3087 672 3128 ]
687 3089 802 3119 melius
825 3088 970 3127 abesset,
986 3088 1023 3118 ut
1035 3096 1086 3128 ap.
1103 3085 1220 3118 Herod.
1241 3085 1342 3117 Possis
1357 3087 1463 3117 tamen
1489 3095 1496 3116 :
1519 3086 1683 3126 προελθεῖν.
1710 3103 1752 3108 -
1775 3087 1792 3116 λ
1804 3085 1995 3126 αμπραῖς]
2013 3088 2100 3124 Her„
2125 3087 2254 3127 λαπραῖς

113 3134 183 3166 cod.
198 3154 240 3163 --
251 3135 300 3165 ὑπ
312 3145 358 3173 αγ
369 3145 415 3174 αγ
426 3135 440 3166 ε’
451 3136 493 3165 σθ
503 3145 523 3164 α
534 3133 564 3174 ι]
578 3135 751 3175 ὑπαγέσθαι
765 3134 838 3166 cod.
853 3153 893 3157 —
906 3134 1086 3175 κατεὸόων]
1104 3136 1262 3171 Cramer„
1279 3133 1377 3164 ἐὸόων
1394 3135 1480 3172 Her„
1495 3132 1626 3164 κατεύου
1641 3132 1752 3164 codex.
1768 3150 1809 3156 —-
1825 3132 1977 3172 δωμάτων
1990 3132 2001 3173 ]
2021 3132 2163 3173 δομάζων
2178 3133 2250 3167 cod.

111 3181 183 3223 —§
199 3186 226 3214 5.
242 3181 355 3218 ἄλλος
371 3182 437 3222 μὲν
453 3181 555 3223 οὐδ.]
581 3182 678 3218 ἄλλως
696 3193 727 3222 μ.
744 3193 772 3213 ο.
792 3181 862 3214 cod.
883 3199 925 3206 --
937 3182 1200 3223 θαρρήσαντες
1215 3180 1314 3222 τοῖς]
1333 3180 1451 3213 Herod.
1465 3181 1490 3218 1,
1509 3183 1556 3212 13.
1575 3179 1755 3221 ἐθάρρησαν,
1769 3181 1822 3211 καὶ
1839 3183 1901 3217 τοῖς
1925 3180 1996 3212 cod.
2020 3200 2061 3207 —
2078 3182 2251 3224 πειραθεὶς]
2264 3185 2272 3195 ’“

112 3230 204 3267 Her„
219 3229 363 3269 παραθεὶς
386 3228 499 3260 codex.

154 3277 207 3308 Fr.
224 3279 292 3308 120.
303 3275 420 3307 Eadem
435 3274 547 3307 suidas
562 3282 594 3304 v.
610 3274 759 3315 Κὸμοδος.
773 3275 811 3307 V.
827 3274 998 3306 Herodian.
1010 3275 1036 3313 l,
1053 3277 1156 3308 14-16.
1170 3292 1210 3298 -
1223 3275 1288 3311 τὰς
1301 3273 1587 3316 προσηγορίας]
1602 3273 1732 3313 suidas;
1746 3274 1800 3311 τὴν
1814 3273 2020 3315 προσηγορίαν
2034 3274 2106 3305 cod.
2119 3274 2256 3306 Nomina

111 3322 269 3354 mensium
285 3331 334 3362 ap.
351 3321 567 3353 Herodianum
585 3323 611 3359 1,
630 3323 664 3352 14
680 3330 743 3352 non
756 3321 938 3353 traduntur.
962 3323 1065 3355 Habes
1079 3322 1164 3363 apud
1181 3322 1376 3361 Xiphinnum
1395 3323 1521 3361 LXXII,
1539 3324 1575 3353 15
1597 3322 1649 3359 (et
1671 3322 1843 3359 Zonaram)
1868 3322 1937 3352 tum
1953 3321 2081 3352 nomina
2098 3322 2253 3353 mensium

112 3370 184 3400 tum
201 3369 344 3401 ordinem
356 3393 364 3408 ‚
381 3377 478 3408 quem
492 3368 605 3399 Noster
618 3368 767 3408 neglexit.
785 3368 865 3399 Vide
880 3368 1066 3409 interpretes
1090 3370 1129 3400 ad
1144 3369 1262 3409 Xiphil.
1282 3370 1370 3409 (not.
1386 3372 1439 3408 88,
1459 3377 1529 3408 pag.
1555 3371 1614 3400 738
1632 3368 1681 3399 ed.
1701 3368 1815 3407 Sturz)
1828 3369 1860 3399 et
1881 3367 1935 3407 qui
1953 3367 1995 3399 ibi
2018 3367 2200 3399 laudantur.
2214 3388 2254 3396 -

112 3416 310 3458 εὐστόχως
328 3415 391 3456 τε]
407 3426 440 3447 τε
455 3424 519 3447 om.
536 3414 658 3447 suidas.
672 3434 711 3441 —
725 3417 771 3450 ὡς
786 3416 936 3457 εἰπεῖν]
957 3425 1023 3448 om.
1044 3416 1167 3448 suidas.
1182 3434 1220 3439 -—
1231 3419 1305 3448 τῶν
1322 3413 1518 3455 γονάτων]
1533 3417 1593 3446 τῶν
1610 3423 1673 3446 om.
1703 3415 1789 3447 Suid.
1805 3433 1846 3438 —
1856 3415 2086 3455 ὑφάσματα]
2102 3413 2249 3455 φάσματα

112 3462 199 3494 Suid.
