2372 3704
130 248 202 281 408

124 329 180 380 ἀφ’
197 324 238 376 ἧς
256 329 315 366 καὶ
332 328 371 367 τὸ
393 328 541 380 πέλαγος
562 330 697 383 Ἀδρίας
716 333 888 371 καλεῖται.
908 331 1054 376 Εὔδοξος
1077 331 1112 370 δὲ
1133 334 1167 371 ἐν

122 391 164 440 τῇ
193 388 220 425 θ’
241 389 309 425 τῶν
329 387 507 440 Ἱστοριῶν
528 389 567 427 τὸ
594 390 746 440 πέλαγος
763 389 823 428 καὶ
839 390 901 436 τὴν
921 390 1021 428 πόλιν
1040 393 1166 440 ὀνομα-

121 449 246 492 σθῆναι
262 446 400 498 Ἀδρίαν
413 446 516 497 φησὶν
530 447 598 485 ἀπὸ
618 447 752 499 Ἀδρίου
769 451 828 486 τοῦ
842 447 1051 487 Μεσσαπίου
1068 446 1166 486 Παύ-

122 520 238 548 σωνος.
257 506 306 544 Cf
319 507 480 545 Diodor.
501 508 585 554 XV,
615 508 674 546 13.
694 509 933 557 Theopompi
952 508 998 546 fr.
1027 512 1170 551 140.—

122 566 307 601 Praeterea
322 566 502 602 Eudoxus
517 567 692 602 Rhodius
710 567 807 602 inter
826 579 910 611 eos,
931 567 997 614 qui
1017 567 1055 601 in
1073 579 1168 615 geo-

119 625 309 672 graphicis
324 624 558 660 elaborarint
571 651 581 669 ‚
600 632 816 661 recensetur
830 626 868 660 in
883 624 1066 661 Marciani
1085 625 1170 672 Epi-

119 688 220 720 tome
238 683 466 718 Artemidori
484 696 523 731 p.
543 682 592 718 63
612 683 673 721 ed.
694 683 869 720 Hudson.

535 801 751 816 &OQ—-

230 887 699 945 EUEMERIDAS
740 887 1047 946 CNIDIUS.

171 1003 365 1038 Plutarch.
390 1004 448 1038 De
466 1002 558 1038 fluv.
588 1015 649 1047 10,
673 1015 693 1038 2
715 1014 723 1039 z
749 1000 970 1052 Εὗημερίδας
986 999 1055 1038 δὲὸ
1079 1000 1167 1040 Κνί-

117 1059 186 1102 διος
203 1060 355 1112 ἱστορίας
372 1059 548 1109 μέμνηται
564 1059 738 1106 τοιαύτης.
756 1058 800 1098 Ὁ
816 1058 918 1102 ἀσκὸς
936 1058 1105 1110 Μαρσύου
1119 1061 1168 1111 τῷ

115 1116 231 1169 χρόνῳ
259 1117 469 1163 δαπανηθεὶς
496 1117 556 1155 καὶ
585 1117 803 1169 κατενεχθεὶς
845 1117 966 1155 ἔπεσεν
1002 1116 1072 1155 ἀπὸ
1106 1120 1168 1164 τῆς

116 1179 178 1225 γῆς
200 1177 246 1218 εἷς
266 1175 328 1221 τὴν
355 1175 468 1214 Μίδου
487 1175 637 1226 κρήνην·
661 1175 722 1214 καὶ
739 1178 816 1214 κατ’
841 1175 954 1227 ὀλίγον
975 1175 1168 1228 καταφερό-

116 1249 235 1283 μενος,
256 1233 345 1271 ἁλιεῖ
355 1238 430 1271 ’τινι
447 1233 672 1286 προσηνέχθη
685 1249 693 1256 ·
712 1233 803 1272 κατὰ
821 1232 857 1271 δὲ
873 1237 1035 1286 χρησμοῦ
1059 1249 1167 1285 προσ-

115 1293 224 1346 ταγὴν
251 1293 503 1346 Πεισίστρατος
526 1296 544 1332 6
569 1294 864 1344 Λακεδαιμόνιος,
894 1293 991 1346 παρὰ
1020 1293 1167 1347 λείψανα

117 1357 175 1391 τοῦ
195 1353 355 1405 Σατύρου
370 1353 470 1391 πόλιν
490 1354 559 1391 ἀπὸ
578 1357 637 1391 τοῦ
652 1351 918 1405 συγκυρήματος
933 1353 1067 1400 κτίσας,
1085 1352 1165 1392 Νώ-

117 1428 209 1458 ρικον
229 1412 336 1458 αὐτὴν
356 1412 628 1464 προσηγόρευσε.
655 1412 814 1464 Νώρικον
844 1411 880 1449 δὲ
897 1414 927 1450 οἱ
956 1411 1097 1464 Φρύγες
1123 1415 1166 1464 τῇ

116 1474 210 1523 σφῶν
244 1470 414 1523 διαλέκτῳ
430 1470 488 1508 τὸν
524 1470 630 1509 ἀσκὸν
661 1472 819 1509 καλοῦσι.
837 1473 998 1518 Eadem,
1035 1474 1168 1508 omissa

115 1532 307 1568 mentione
327 1531 581 1575 Euemeridae,
609 1531 740 1567 iisdem
768 1543 876 1581 paene
903 1532 1027 1566 verbis
1053 1531 1168 1567 habes

115 1590 218 1639 apud
233 1590 466 1627 Eustathium
483 1590 531 1625 ad
546 1590 706 1637 Dionys.
727 1590 873 1638 Perieg.
898 1590 944 1626 32
956 1603 988 1626 1.
1007 1590 1170 1636 Subjicit

117 1650 331 1685 Eustathius
348 1659 357 1686 :
374 1646 461 1686 Ἐὰν
479 1646 515 1685 δὲ
531 1647 673 1700 Φρυγία
695 1640 781 1685 οὖσα
795 1650 818 1693 ἡ
836 1650 894 1684 τοῦ
910 1646 1167 1698 Πεισιστράτου

115 1706 213 1749 πόλις
230 1705 317 1752 αὕτη
336 1704 432 1743 οὐδὲν
447 1704 511 1757 ἔχῃ
532 1705 644 1743 κοινὸν
667 1705 752 1757 πρὸς
771 1704 849 1748 τοὺς
868 1704 1031 1757 ἀνωτέρω
1047 1704 1166 1758 ῥηθέν-

116 1781 178 1808 τας
198 1764 377 1817 Νωρίκους
389 1794 399 1814 ,
420 1764 497 1801 ἀλλ’
514 1758 572 1802 οῧν
587 1766 608 1810 ἡ
623 1762 759 1814 ἱστορία
770 1762 855 1819 πρὸς
867 1763 1094 1815 πολυπειρίαν
1106 1764 1168 1802 οὐκ

118 1823 257 1877 ἄχαρις.

261 2018 557 2076 EUELPIS
591 2016 1018 2075 CARYSTIUS.

171 2134 359 2182 Porphyr.
378 2132 434 2169 De
451 2133 546 2168 abst.
566 2134 621 2177 ΙΙ,
639 2132 661 2181 S
681 2130 729 2168 55
751 2132 816 2180 (ex
832 2144 954 2179 eoque
974 2132 1111 2168 Euseb.
1127 2132 1167 2167 P.

123 2196 161 2233 E.
181 2195 245 2238 IV,
271 2194 332 2239 16,
353 2206 391 2241 p.
414 2192 484 2234 164
506 2192 566 2229 ed.
587 2190 730 2239 Gsfd.):
748 2188 877 2228 Ἔθυον
898 2189 1012 2227 δὲκαὶ
1032 2191 1067 2227 ἐν
1091 2188 1168 2240 Χίῳ

121 2254 168 2302 τῷ
185 2250 346 2303 Ώμαδίῳ
361 2249 517 2302 Διονύσῳ
531 2249 712 2300 ἄνθρωπον
732 2249 957 2296 διασπῶντες,
974 2248 1034 2286 καὶ
1048 2249 1081 2286 ἐν
1096 2249 1166 2286 Τε-

121 2310 206 2360 νέδῳ
218 2339 227 2355 ,
242 2307 288 2352 ὥς
305 2323 407 2358 φησιν
428 2307 578 2351 Εὗελπις
600 2309 618 2345 6
634 2305 844 2358 Καρύστιος.

383 2526 906 2585 EUTHYMENES.

521 2635 762 2674 XPONIKA.

177 2731 346 2767 Clemens
364 2731 466 2766 Alex.
485 2730 625 2766 Strom.
646 2730 678 2778 1,
701 2742 766 2776 21,
786 2742 825 2776 p.
853 2733 940 2777 141,
959 2741 1003 2763 21
1032 2741 1039 2763 :
1059 2727 1171 2765 Εὐθυ-

129 2787 233 2839 μένης
255 2786 288 2824 δὲ
310 2789 343 2824 ἓν
358 2792 428 2830 τοῖς
453 2787 634 2838 Χρονικοῖς
657 2785 932 2832 συνακμάσαντα
948 2788 1023 2834 (se.
1047 2782 1170 2834 ἸΟμη-

127 2860 183 2895 ρον
203 2849 212 2895 )
232 2844 386 2896 Ἡσιόδῳ
418 2844 475 2882 ἐπὶ
504 2844 674 2883 Ἀκάστου
705 2846 740 2881 ἐν
764 2843 840 2896 Χίῳ
856 2843 1012 2894 γενέσθαι
1029 2843 1108 2894 περὶ
1132 2843 1171 2880 τὸ

127 2903 363 2942 διακοσιοστὸν
385 2903 457 2947 ἔτος
475 2903 617 2958 ὕστερον
642 2906 702 2949 τ’ἥς
723 2902 826 2941 Ἰλίου
847 2902 1010 2945 ἁλώσεως
1029 2902 1168 2955 (φησί).

582 243 904 284 EUEMERIDAE
932 243 1114 293 CNlDH,
1144 244 1432 296 EUELPIDIS,
1461 245 1814 296 EUTHYMENIS,

1229 332 1373 380 Ταύτης
1392 332 1429 371 δέ
1443 335 1514 372 ἐστι
1535 336 1596 380 τῆς
1609 333 1707 380 δόξης
1722 333 1782 372 καὶ
1795 331 2012 386 Ἀρχέμαχος
2031 333 2066 371 ἐν
2089 331 2270 371 Εὐὸοἴκῶν

1228 391 1346 444 τρίτῳ.
1364 395 1469 430 Alius
1482 394 1586 429 haud
1603 394 1718 429 dubie
1732 401 1787 429 est
1798 394 2052 440 Euthymenes
2063 394 2271 430 Massilien-

1227 451 1286 496 sis,
1304 453 1369 499 qui
1386 453 1491 500 quod
1505 453 1544 487 in
1559 453 1748 488 Atlantico
1766 464 1907 488 oceano
1922 452 2082 487 instituit
2097 453 2182 501 iter,
2193 453 2272 488 lite·

1227 511 1279 545 ris
1299 511 1544 560 consignavit.
1564 510 1753 546 Indicasse
1772 510 1879 546 locos
1899 516 2070 545 veterum
2094 522 2115 546 a
2134 510 2273 558 quibus

1229 569 1420 618 laudatur,
1432 582 1532 605 nunc
1549 569 1634 605 satis
1646 568 1782 604 habeo.

1282 630 1503 675 Anonymus
1520 629 1578 663 De
1610 628 1765 662 increm.
1779 627 1854 662 Nili
1881 626 1944 674 (in
1963 626 2025 662 ed.
2054 626 2266 674 Schweigh.

1229 686 1398 721 Athenaei
1413 687 1471 730 ΙΙ,
1489 699 1523 722 c.
1544 697 1606 733 90,
1617 692 1709 721 tom.
1726 686 1811 732 I,p.
1837 683 1911 719 283
1927 684 1938 733 )
1959 696 1969 722 :
1991 681 2190 732 Εὐθυμένης
2209 682 2238 720 δ’
2255 684 2274 720 ὁ

1229 741 1494 788 Μασσαλιώτης
1512 740 1630 793 φησὶν,
1645 739 1746 784 αὐτὸς
1759 739 1976 787 πεπλευκὼς,
1990 739 2052 787 τὴν
2070 739 2134 784 ἔξω
2144 738 2274 777 θάλασ-

1229 816 1293 838 σαν
1309 802 1459 853 ἐπιρρεῖν
1479 801 1524 843 ὡς
1541 800 1599 837 ἐπὶ
1619 798 1682 845 τὴν
1707 797 1855 845 Λιὸύην,
1870 797 2114 850 ἐστραμμένην
2130 796 2167 836 δὲ
2186 790 2274 836 εἶναι

1229 858 1315 910 πρὸς
1337 857 1461 911 βορέαν
1481 873 1517 895 τε
1535 857 1595 895 καὶ
1620 857 1779 908 ἄρκτους.
1804 856 1875 898 Καὶ
1895 855 1952 894 τὸν
1974 855 2035 906 μὲν
2060 855 2164 894 ἄλλον
2183 854 2273 908 χρό-

1229 932 1286 954 νον
1304 916 1406 964 κενὴν
1433 909 1521 954 εἶναι
1542 914 1604 962 τὴν
1634 915 1826 962 θάλασσαν,
1842 915 1913 958 τοῖς
1940 915 1970 952 δ’
1988 914 2170 962 Ἐτησίαις
2183 916 2274 952 ἀνω-

1230 975 1399 1025 θουμένην
1428 973 1494 1012 ὑπὸ
1510 973 1718 1023 πνευμάτων
1744 974 1962 1026 πληροῦσθαι
1974 972 2036 1011 καὶ
2056 974 2126 1024 ῥεῖν
2143 973 2156 1023 <
2172 973 2270 1024 ἐπιρ-

1231 1034 1331 1083 ρεῖνῗ
1351 1031 1372 1084 )
1391 1035 1467 1076 ταῖς
1501 1031 1647 1085 ἡμέραις
1684 1032 1843 1075 ταύταις·
1879 1030 2115 1082 παυσαμένων
2142 1030 2179 1068 δὲ
2205 1032 2274 1069 τῶν

1230 1090 1405 1138 Ἒτησίων
1444 1092 1652 1143 ἀναχωρεῖν.
1676 1084 1778 1129 Εἶναι
1809 1089 1845 1128 δὲ
1880 1089 1986 1136 αὐτὴν
2007 1089 2066 1128 καὶ
2096 1091 2274 1141 γλυκεῖαν,

1228 1149 1288 1188 καὶ
1311 1149 1401 1196 κήτη
1418 1149 1652 1202 παραπλήσια
1683 1149 1753 1193 τοῖς
1780 1151 1814 1187 ἐν
1835 1151 1884 1199 τῷ
1911 1148 2026 1202 Νείλῳ
2045 1147 2274 1202 κροκοδείλοις

1228 1207 1287 1246 καὶ
1307 1209 1376 1251 τοῖς
1394 1207 1654 1258 ἱπποποτάμοις
1673 1206 1779 1260 ἔχειν.

1281 1269 1470 1304 Johannes
1498 1267 1629 1316 Lydus
1659 1269 1725 1314 IV,
1760 1267 1825 1314 68,
1853 1281 1893 1317 p.
1927 1267 2003 1304 262
2027 1266 2087 1304 ed.
2104 1267 2233 1304 Roeth.
2263 1278 2274 1304 ε

1234 1325 1435 1375 Εὐθυμένης
1455 1324 1491 1363 δὲ
1512 1327 1529 1362 6
1549 1323 1811 1371 Μασσαλιώτης
1838 1323 1924 1377 φησὶ
1962 1325 2171 1362 διαπλεῦσαι
2207 1322 2272 1370 τὴν

1229 1382 1454 1431 Ἀτλαντικὴν
1474 1383 1662 1431 θάλατταν,
1690 1382 1723 1427 ἐξ
1749 1382 1881 1430 ἐκείνης
1899 1398 1936 1421 τε
1959 1383 2043 1424 ἰδεῖν
2060 1381 2118 1420 τὸν
2147 1381 2275 1421 Νεῖλον

1230 1441 1438 1495 ἐκτρέχοντα
1449 1473 1459 1493 ‚
1475 1441 1533 1479 καὶ
1551 1442 1628 1480 τότε
1648 1443 1780 1492 μᾶλλον
1802 1443 2006 1492 ὀγκοῧσθαι,
2021 1439 2103 1478 ὅταν
2120 1442 2151 1479 οἱ
2169 1439 2270 1492 λεγό-

1230 1513 1325 1550 μενοι
1347 1500 1510 1547 Ἐτήσιαι
1533 1499 1683 1538 πνέωσι·
1702 1500 1780 1539 τότε
1809 1499 1898 1552 γὰρ,
1929 1498 2050 1549 φησὶν,
2071 1497 2271 1542 ἐξωθεῖσθαι

1231 1559 1297 1597 ὑπὸ
1319 1562 1390 1598 τῶν
1418 1559 1556 1608 ἀνέμων
1569 1558 1630 1604 τὴν
1656 1558 1850 1606 θάλασσαν,
1863 1557 1994 1596 τούτων
2011 1557 2046 1595 δὲ
2065 1556 2272 1605 παυομένων

1229 1618 1432 1670 ἡσυχάζειν.
1449 1617 1564 1657 Γλυκὺ
1580 1617 1616 1655 δὲ
1632 1616 1754 1669 σχεδὸν
1775 1616 1814 1654 τὸ
1829 1619 1891 1662 τῆς
1910 1615 2133 1662 Ἀτλαντικῆς
2143 1614 2273 1653 θαλάτ-

1228 1693 1290 1723 της
1328 1676 1438 1729 ὕδῳρ,
1467 1676 1528 1714 καὶ
1548 1676 1652 1727 ὅμοια
1665 1674 1795 1722 ταύτης
1832 1674 1935 1727 θηρία
1955 1676 2026 1717 τοῖς
2044 1677 2103 1712 τοῦ
2129 1673 2271 1713 Νείλου.

1283 1738 1424 1774 Seneca
1439 1737 1579 1784 Quaest.
1596 1737 1681 1773 Nat.
1706 1737 1769 1780 IV,
1794 1748 1839 1771 12
1865 1748 1872 1770 ;
1898 1734 2149 1782 Euthymenes
2163 1734 2272 1769 Mas-

1227 1797 1390 1831 „viliensis
1418 1798 1662 1831 testimonium
1687 1795 1808 1829 dicit.-
1847 1810 1863 1825 «
1896 1795 2102 1840 Navigavi,
2135 1795 2269 1840 inquit,

1229 1855 1454 1890 Atlanticum
1475 1866 1587 1889 mare.
1609 1853 1706 1888 Inde
1732 1854 1841 1888 Nilus
1848 1851 1940 1899 fluit
1951 1855 2072 1897 masor
2094 1851 2273 1898 quamdiu

1230 1914 1366 1948 Etesiae
1390 1921 1531 1960 tempus
1549 1912 1738 1947 observant
1745 1922 1757 1955 ‚¹
1785 1919 1870 1945 tunc
1893 1913 1992 1946 enim
2017 1911 2162 1955 ejicitur
2175 1921 2278 1943 mare

1229 1972 1448 2007 instantibus
1477 1974 1609 2006 ventis.
1651 1971 1771 2016 Quum
1797 1970 2013 2013 resederint,
2051 1976 2088 2004 et
2113 1970 2274 2016 pelagus

1229 2034 1464 2078 conquiescit,
1507 2033 1698 2076 minorque
1726 2029 1959 2064 descendenti
1993 2028 2082 2063 inde
2111 2030 2172 2062 vis
2191 2028 2232 2064 N
2231 2028 2278 2061 ilo

1229 2097 1294 2125 est.
1314 2089 1485 2124 Ceterum
1509 2089 1628 2123 dulcis
1643 2090 1759 2122 maris
1777 2099 1891 2135 sapor
1906 2094 1961 2122 est
1971 2114 1983 2134 ,
2005 2093 2044 2121 et
2059 2086 2190 2133 similis
2207 2087 2248 2122 N
2246 2089 2279 2120 i—

1231 2149 1344 2183 laticis
1374 2147 1523 2185 belluoe,
1563 2163 1578 2178 »
1607 2146 1762 2183 ...Adde
1794 2145 1894 2192 quod
1923 2146 2165 2179 testimonium
2197 2146 2277 2190 ejus

1230 2209 1374 2241 testium
1393 2207 1498 2241 turba
1517 2208 1741 2252 coarguitur.
1767 2205 1866 2239 Tunc
1886 2206 1985 2238 enim
2003 2202 2199 2237 mendacio
2226 2202 2278 2236 lo-

1230 2277 1301 2308 cus,
1322 2278 1433 2312 quum
1454 2268 1581 2311 ignota
1602 2271 1722 2300 essent
1747 2271 1913 2298 externa.
1939 2261 2094 2296 Licebat
2121 2260 2197 2295 illis
2206 2257 2278 2305 fa-

1231 2325 1337 2358 bulas
1352 2327 1505 2360 mittere.

1284 2382 1477 2418 Plutarch.
1505 2383 1560 2417 De
1597 2381 1697 2430 plac.
1728 2380 1821 2428 phil.
1842 2380 1906 2423 IV,
1936 2391 1970 2423 ι,
1994 2390 2034 2426 p.
2059 2376 2132 2426 897
2161 2373 2277 2426 (1095

1235 2439 1353 2476 Didot
1367 2440 1376 2488 )
1399 2453 1407 2475 ε
1431 2436 1631 2487 Εὐθυμένης
1647 2439 1666 2475 6
1681 2435 1960 2482 Μασσαλιώτης,
1977 2436 2016 2472 ἐκ
2032 2437 2090 2471 τοῦ
2105 2432 2277 2476 Ὠκεανοῦ

1234 2494 1294 2534 καὶ
1312 2498 1372 2542 τῆς
1389 2495 1454 2540 ἔξω
1471 2495 1648 2541 θαλάσσης
1664 2493 1824 2545 γλυκείας
1844 2494 1921 2531 κατ’
1938 2490 2044 2538 αὐτὴν
2062 2489 2164 2537 οὔσης
2179 2489 2276 2540 νομί-

1232 2556 1281 2598 ζει
1298 2555 1512 2606 πληροῦσθαι
1529 2553 1586 2590 τὸν
1611 2552 1783 2602 ποταμόν.

1287 2613 1343 2650 Cf.
1359 2615 1512 2649 Aristot.
1533 2615 1687 2651 Meteor.
1709 2614 1726 2648 Ι
1741 2639 1751 2657 ,
1783 2611 1847 2647 13.
1879 2609 2060 2652 Aristides
2082 2615 2175 2643 tom.
2209 2607 2270 2651 11,

1233 2685 1272 2720 p.
1299 2676 1370 2717 [μμ
1393 2680 1430 2711 et
1466 2676 1539 2717 474
1577 2671 1638 2706 ed.
1665 2669 1857 2713 Dindorf.,
1885 2675 1922 2703 et
1949 2667 2128 2706 Marcian.
2160 2666 2279 2701 Hera-

1234 2731 1345 2767 cleot.
1387 2731 1426 2765 in
1460 2731 1634 2777 Epitome
1675 2727 1905 2764 Artemidori
1950 2725 1962 2775 (
1980 2726 2040 2761 vel
2069 2723 2238 2772 Menippi
2266 2722 2277 2771 )

1232 2801 1273 2836 p.
1306 2801 1319 2825 1
1332 2800 1376 2823 12
1415 2788 1476 2824 ed.
1516 2788 1654 2831 Miller,
1687 2787 1753 2825 uhi
1786 2785 1874 2823 cod.
1902 2785 2018 2820 Paris.
2054 2779 2276 2829 Εὗθυμόνης,

1235 2859 1352 2893 quum
1365 2847 1541 2894 primitus
1554 2847 1736 2892 scriptum
1756 2850 1847 2879 esset
1861 2838 2083 2888 Εὖθυμώνης;
2100 2839 2272 2875 Hudson.

1237 2903 1457 2953 Εὑθυμάνης.
1471 2905 1643 2940 Ceterum
1654 2915 1690 2939 v.
1707 2902 1841 2938 Ukert.
1861 2901 1991 2947 Geogr.
2009 2900 2042 2943 1,
2065 2910 2100 2946 1,
2115 2910 2156 2945 p.
2182 2909 2196 2932 1
2209 2896 2276 2940 13;

168 3027 373 3058 Euemeridas
385 3027 516 3058 Cnidius
528 3027 611 3058 hanc
627 3027 737 3058 scribit
757 3026 931 3058 historiam.
949 3027 1028 3058 Uter
1042 3027 1175 3065 Marsyae

127 3087 241 3114 exesus
253 3080 396 3118 tempore
409 3079 441 3111 et
462 3078 588 3110 delatus
606 3080 722 3110 eterra
736 3079 767 3109 in
784 3078 880 3109 Midae
898 3078 1018 3109 fontem
1038 3076 1174 3116 decidit,

127 3130 356 3171 paullatimque
376 3129 517 3161 defluens
540 3130 580 3161 ad
594 3130 781 3171 piscatorem
804 3129 963 3169 quendam
979 3128 1116 3160 devenit.
1137 3130 1176 3160 At

127 3180 247 3212 oraculi
259 3181 418 3220 praecepto
430 3180 609 3212 Pisistratus
621 3180 882 3212 Lacedaemonius
891 3182 984 3219 juxta
998 3179 1101 3220 satyri
1126 3188 1176 3211 re-

128 3232 244 3273 liquias
256 3231 368 3262 urbem
382 3230 422 3262 ab
436 3233 551 3262 eventu
572 3231 730 3270 condidit,
745 3240 881 3271 eamque
898 3231 1049 3263 Noricum
1070 3230 1176 3262 nomi-

129 3285 228 3316 navit.
247 3285 410 3315 Noricum
423 3283 507 3314 enim
531 3283 668 3323 Phryges
684 3283 835 3314 idiomate
851 3292 909 3315 suo
925 3284 1030 3314 utrem
1047 3283 1174 3314 vocant.

173 3337 209 3366 ln
226 3333 307 3365 Chio
322 3341 452 3375 quoque
474 3333 635 3364 hominem
655 3332 868 3373 discerpentes
887 3333 1023 3365 Omadio
1046 3331 1177 3371 (crudi-

132 3389 230 3424 voro)
246 3386 370 3418 Baccho
388 3386 418 3417 in
432 3385 623 3417 sacrificium
637 3386 829 3424 offerebant,
840 3395 898 3418 nec
914 3395 977 3417 non
992 3387 1023 3418 in
1037 3386 1176 3425 Tenedo,

133 3439 179 3470 nti
203 3438 246 3470 ait
266 3438 392 3478 Euelpis
405 3437 576 3477 Carystius.

1620 3049 1895 3091 CHRONICA.

1277 3133 1492 3173 Enthymenes
1508 3132 1539 3163 in
1554 3130 1718 3162 Chronicis
1732 3131 1904 3161 Homerum
1918 3127 2029 3160 eodem
2048 3128 2192 3167 tempore
2205 3133 2279 3157 cum

1237 3186 1373 3219 Hesiodo
1392 3185 1559 3217 florentem
1581 3183 1642 3215 sub
1655 3183 1769 3215 Acasto
1781 3183 1813 3213 in
1828 3181 1906 3213 Chio
1935 3181 2031 3212 fuisse
2046 3180 2131 3211 circa
2157 3179 2278 3210 ducen-

1236 3238 1385 3270 tesimum
1410 3245 1542 3268 annum,
1561 3235 1632 3275 post
1654 3235 1782 3274 captum
1812 3233 1918 3265 nium.
1941 3232 2059 3264 Eadem
2086 3231 2135 3262 est
2160 3230 2279 3262 Arche-

1238 3291 1342 3323 machi
1352 3289 1508 3322 sententia
1520 3288 1552 3320 in
1563 3287 1643 3319 libro
1656 3286 1750 3318 tertio
1760 3287 1879 3317 Rerum
1895 3284 2116 3316 Euboicarum.

1280 3347 1310 3374 2.
1328 3341 1556 3381 Euthymenes
1566 3337 1777 3376 Massiliensis,
1786 3345 1826 3368 ex
1839 3338 1968 3368 Oceano
1979 3335 2122 3374 marique
2134 3334 2279 3372 externo,

1238 3393 1326 3435 quod
1338 3402 1395 3425 sua
1407 3394 1520 3424 natura
1533 3390 1594 3432 [al⁸
1612 3389 1702 3421 αὐτόν
1715 3413 1723 3428 ,
1741 3388 1774 3419 in
1790 3387 1878 3419 fluvii
1890 3386 2027 3427 regione]
2041 3386 2135 3417 dulce
2152 3386 2210 3423 est,
2224 3383 2280 3420 ssu-

1241 3447 1327 3478 vium
1342 3445 1475 3486 impleri.
