2372 3704
243 176 463 216 PHlLlSTI
491 174 866 225 NAUCRATITAE,
898 172 1256 220 PfflLOCRATlS,
1290 173 1641 213 PHlLOMNESTI
1672 174 2004 215 FRAGMENTA.

2 263 5 266 ⁴
51 268 232 316 Apollinis
256 276 295 303 et
326 266 544 302 Anthilenoe
571 266 711 311 fi'lium;
745 265 843 314 hunc
873 265 1018 300 (λιι-ειη
1055 267 1094 299 in

51 326 160 363 Creta
180 327 358 374 oppidum
378 325 601 368 condidisse,
626 324 726 372 quod
734 335 798 358 suo
815 326 961 361 nomine
975 325 1098 357 nomi-

49 388 166 429 navit,
201 392 240 420 ut
277 385 396 419 Varro
418 386 485 418 ait.
524 383 598 418 Pro
627 382 827 417 Anthilene
857 380 1060 423 Diihnerus
1079 392 1099 415 e

50 443 137 481 cod.
161 442 331 478 enotavit
350 442 553 487 Antqntile.
572 442 701 478 Fuisse
717 440 871 478 videtur
890 438 1091 482 Anchiale,

50 512 133 548 quae
149 501 211 546 τῆς
230 497 385 542 Οἷαξίδις
399 500 461 549 γῆς
475 501 647 548 nympha
663 512 738 537 sec.
763 499 945 548 Apollon.
968 496 1096 533 Rhod.

49 560 89 604 1,
118 559 216 596 1132
238 558 369 607 (quem
386 558 513 594 locum
526 560 639 595 etiam
658 559 809 595 Servius
827 557 986 593 adducit
1005 557 1031 592 l.
1053 554 1098 604 l.)

52 619 173 654 ldaeos
185 619 366 669 Dactylos
379 620 543 666 peperit.
558 619 673 667 Apud
687 618 969 666 Apollodorum
981 617 1051 661 III,
1063 615 1100 665 3,

52 691 73 714 2
89 679 195 715 OEax
213 685 266 714 est
289 679 485 725 Clymenes
501 685 538 714 et
556 679 707 726 Nauplii
728 676 839 715 filius.
860 677 1015 712 Xenion
1035 687 1097 723 ap.

50 726 327 785 StephanJByZ.
341 750 376 773 v.
386 732 516 779 Ὄαξος
528 744 687 772 matrem
702 736 957 771 Acaeallidem
977 740 1100 771 vocat.

554 812 591 850 3.

105 880 247 914 Plinius
264 881 311 916 H.
334 881 379 917 N.
399 881 464 925 IV,
483 893 513 918 s.
533 880 581 916 36
600 893 608 916 :
625 881 683 915 Ab
696 892 739 915 eo
754 881 870 928 latere
883 892 954 927 quo
968 879 1103 927 Hispa-

50 940 154 972 niam
172 946 330 986 spectat,
355 937 625 987 passibusfere
639 947 804 983 centum,
834 940 955 974 altem
981 939 1103 973 insula

51 1002 105 1030 est
123 996 246 1043 longa,
265 999 341 1033 III
356 998 413 1033 M.
423 1010 530 1045 pass,
548 1000 643 1042 lata,
670 1001 708 1034 in
723 1001 910 1046 quuprius
928 998 1102 1046 oppidum

53 1054 211 1090 Gadium
219 1053 311 1100 fuit.
346 1057 509 1091 Vocatur
527 1058 575 1091 ab
595 1056 744 1104 Ephoro
767 1056 832 1103 (fr.
851 1057 926 1104 40)
949 1064 985 1091 et
1011 1055 1101 1092 Plei-

53 1113 174 1148 listide
192 1114 351 1162 Erythia
365 1143 373 1159 ,
405 1128 430 1149 a
452 1117 591 1151 Timoeo
608 1123 646 1150 et
669 1115 798 1150 Sileno
826 1114 1095 1163 Aphrodisias,

51 1171 101 1208 ab
121 1174 310 1220 indigenis
319 1174 484 1210 ¹Iunonis.

419 1290 725 1329 ΣΥΓΓΕΝῙΚΑ.

105 1378 318 1414 Eustathius
332 1379 381 1415 ad
395 1380 439 1416 Il.
458 1393 495 1424 α,
516 1392 607 1425 200,
622 1393 662 1428 p.
683 1379 747 1424 84,
761 1379 809 1427 39
827 1393 836 1415 ε
851 1376 895 1416 ‘H
916 1376 951 1415 δὲ
967 1377 1103 1430 ἱστορία

52 1434 230 1478 εἷςταῦτὸν
246 1434 322 1487 ἄγει
337 1439 379 1487 τῇ
395 1435 524 1474 νεάνιδι
539 1435 602 1483 τὴν
617 1436 783 1474 παλλάδα
794 1466 803 1483 ,
816 1435 906 1474 οὕτω
920 1435 1018 1488 παρὰ
1033 1442 1103 1480 τοῖς

51 1494 216 1537 παλαιοῖς
239 1494 299 1537 τὰς
319 1494 488 1547 μείρακας
510 1495 741 1545 ὀνομάζεσθαι
761 1494 910 1545 λέγουσα
923 1509 930 1516 ·
949 1493 1023 1533 ὅθεν
1044 1495 1103 1533 καὶ

51 1556 72 1599 ἡ
91 1554 266 1596 παλλακὶς
285 1553 576 1606 παρωνόμασται,
589 1554 649 1591 καὶ
664 1553 860 1598 πάλλαντες
877 1554 912 1591 δὲ
924 1554 1021 1606 παρὰ
1035 1560 1104 1598 τοῖς

52 1610 209 1663 ἀρχαίοις
223 1614 252 1650 οἱ
263 1611 331 1650 νέοι
342 1643 352 1663 ,
366 1611 412 1656 ὥς
429 1627 512 1666 φησι
528 1614 736 1660 Φιλιστίδης
753 1614 787 1650 ἐν
803 1615 1025 1664 Συγγενικοῖς
1038 1629 1045 1636 ·
1062 1612 1103 1651 τὸ

52 1669 87 1707 δὲ
104 1669 215 1721 λέγειν
237 1669 326 1708 οὕτω
342 1671 524 1709 καλεῖσθαι
545 1670 665 1717 αὐτὴν,
683 1671 803 1718 ἐπειδὴ
823 1673 858 1710 ἐν
878 1675 920 1723 τῇ
941 1687 1104 1723 γιγαντο-

51 1729 165 1782 μαχίᾳ
187 1730 380 1769 Πάλλαντά
398 1746 474 1768 τινα
491 1729 682 1783 πεφόνευκε
697 1730 862 1783 γίγαντα,
881 1730 967 1777 ἢὸτι
989 1740 1065 1771 etc.

460 1866 680 1883 ⁴⁶00——

115 1984 497 2044 PHILISTUS
536 1983 1039 2043 NAUCRATITA.

106 2109 238 2145 Suidas
261 2120 271 2146 :
299 2106 467 2151 Φίλιστος
495 2106 742 2158 Ναυκρατίτης
776 2105 819 2158 [ἢ
844 2105 1101 2159 Συρακούσιος,

55 2166 90 2205 Ἀ
99 2165 265 2218 ρχωνίδου
280 2165 365 2209 υἱός.
384 2164 556 2214 Μαθητὴς
568 2167 598 2204 δ’
610 2160 650 2212 ἦν
664 2165 801 2211 Εὐήνου
812 2169 873 2203 τοῦ
886 2167 1102 2217 ἐλεγοποιοῦ,

54 2223 89 2268 ὃς
118 2227 254 2277 πρῶτος
278 2224 369 2263 κατὰ
388 2224 451 2271 τὴν
474 2224 661 2277 ῥητορικὴν
681 2224 806 2276 τέχνην
830 2224 984 2276 ἱστορίαν
1003 2223 1105 2277 ἔγρα-

53 2286 131 2336 ψεν.
166 2283 339 2328 Συνέταξε
357 2283 393 2321 δὲ
410 2283 537 2336 τέχνην
561 2282 787 2337 ῥητορικὴν,]
808 2283 1038 2334 Αἰγυπτιακὰ
1070 2285 1105 2320 ἐν

56 2341 201 2395 βιὸλίοις
220 2342 279 2391 ιδ’,
294 2342 484 2394 [Σικελικὰ
501 2344 535 2380 ἐν
560 2343 705 2394 βιὸλίοις
726 2343 771 2379 ια’
783 2372 794 2393 ,
807 2343 822 2393 ]
835 2342 928 2395 Πρὸς
941 2342 999 2381 τὸν
1017 2345 1105 2394 Τρι·

54 2401 204 2454 κάρανον
224 2401 325 2452 λόγον
349 2402 429 2454 περὶ
447 2402 694 2453 Ναυκράτους,
713 2401 830 2454 [Περὶ
850 2401 1031 2440 Διονυσίου
1056 2404 1106 2453 βι-

56 2458 136 2497 ὅλία
158 2459 235 2511 ς’,]
253 2459 342 2512 Περὶ
359 2462 419 2506 τῆς
441 2459 643 2510 Αἰγυπτίων
663 2459 839 2511 θεολογίας
859 2460 904 2509 γ’,
922 2463 1106 2511 [Δημηγο-

57 2517 131 2571 ρι’ἁς
147 2518 206 2557 καὶ
221 2518 312 2556 ἄλλα
333 2518 451 2569 τινά,]
470 2518 558 2570 Περὶ
578 2518 713 2565 Λιὸύης
735 2518 795 2556 καὶ
817 2518 958 2571 Συρίας.

108 2579 402 2615 Confunduntur
427 2579 602 2615 Philistus
631 2580 903 2627 Syracusanus,
934 2580 1109 2616 Philistus

54 2638 199 2683 rhetor,
236 2639 412 2674 Philistus
444 2638 676 2676 Naucratim.
715 2639 801 2676 Vid.
846 2639 1019 2688 Prolegg.
1058 2641 1108 2676 ad

56 2696 189 2744 fragm.
207 2697 350 2734 Philist.
369 2704 461 2734 tom.
478 2697 508 2741 1,
521 2710 560 2745 p.
579 2709 653 2732 va
668 2710 725 2745 sq.
748 2699 838 2744 Quae
853 2710 875 2733 a
889 2699 1107 2734 Naucratita

54 2756 175 2792 aliena
195 2762 281 2790 sunt
300 2756 360 2791 vel
377 2768 454 2791 esse
466 2756 659 2804 videntur,
676 2757 785 2792 uncis
800 2757 945 2792 inclusi.
964 2777 1017 2783 —
1032 2759 1107 2793 Pro

418 2866 745 2905 THESSALICA.

566 2952 596 2983 1.

98 3015 293 3048 Philocrates
302 3017 441 3051 secundo
455 3017 712 3049 Thessalicorum
729 3019 739 3057 (
756 3018 853 3050 modo
869 3019 1005 3060 genuina
1022 3018 1106 3060 sint)

57 3070 205 3101 Penestas
219 3070 369 3111 appellari
382 3071 479 3102 etiam
492 3071 742 3104 Thessaloecetas
755 3071 842 3104 dicit.

563 3144 598 3176 2.

100 3207 254 3239 Achillem
282 3208 434 3240 adversus
455 3209 583 3249 Trojam
609 3209 863 3249 proficiscentem
892 3210 1108 3241 comitabatur

58 3258 223 3291 Patroclus
239 3259 380 3291 Menoetii
393 3264 425 3292 et
441 3261 601 3293 Stheneloe
617 3262 732 3302 Acasto
752 3262 855 3301 natae,
872 3261 923 3293 vel
937 3261 1108 3301 Periapidis

58 3309 191 3392 ξῗιετθίο
206 3313 291 3343 natae
300 3337 308 3350 ‚
324 3312 387 3352 vel,
398 3315 433 3345 ut
443 3313 637 3355 Philocrates
645 3313 690 3345 ait
699 3337 708 3354 ,
722 3313 895 3353 Polymelae
909 3313 1001 3345 Peleo
1011 3314 1108 3353 natae,

70 3370 78 3392 1
94 3370 152 3393 lus.

2133 180 2210 215 477

1161 259 1381 314 Τρικάρανον
1406 263 1576 311 Toupius
1595 261 1758 309 conjecit
1778 264 2019 300 scribendum
2037 277 2112 302 esse
2131 262 2210 303 Xoi-

1163 334 1273 371 ρωνα,
1296 327 1339 356 ut
1363 322 1548 369 scriptum
1574 321 1808 370 intelligatur
1841 330 1972 358 contra
2001 324 2213 360 Charonem

1161 380 1434 417 Naucratitam.
1447 381 1531 415 Hoc
1546 380 1577 415 si
1593 387 1658 424 est,
1673 380 2019 429 interpunctionem
2035 389 2123 429 post
2132 383 2215 432 Τρι·

1162 436 1326 489 κάρανον,
1342 451 1457 486 quam
1471 439 1622 487 vulgata
1639 439 1769 486 habet,
1788 439 1993 475 tollendam
2006 453 2084 476 esse
2099 448 2212 489 puto.

1162 499 1264 546 Quid
1293 499 1399 546 quod
1418 511 1466 533 ne
1484 505 1574 534 tunc
1605 498 1761 545 quidem
1777 499 1986 534 necessaria
2011 511 2086 535 esse
2109 500 2215 535 vide·

1165 565 1245 602 tur,
1268 558 1336 593 ubi
1362 557 1605 594 retinendum
1637 557 1827 592 censueris
1858 555 2090 607 Τρικάρανον.
2121 558 2217 594 Vide

1163 617 1338 665 Prolegg.
1355 616 1405 652 ad
1416 617 1657 665 Theopomp.
1673 615 1720 651 fr.
1732 623 1827 651 tom.
1844 617 1877 660 1,
1893 629 1930 664 p.
1944 623 2162 661 Lxx1v,n0t.
2176 629 2214 664 9.

1164 677 1339 712 Ceterum
1359 675 1569 725 fragmenta
1584 673 1698 721 hujus
1721 675 1869 710 Philisti
1889 675 2043 722 quaesivi
2061 675 2214 711 frustra.

1585 787 1802 805 —-·——

1429 880 1956 939 PHILOCRATES.

1537 999 1849 1039 ΘΕΤΤΑΛΙΚΑ.

1670 1090 1685 1113 1
1696 1106 1705 1116 .

1452 1156 1481 1190 E
1509 1155 1660 1191 LIBRO
1691 1154 1932 1191 SECUNDO.

1220 1231 1418 1266 Athenaeus
1429 1232 1493 1275 VI,
1509 1244 1546 1279 p.
1560 1231 1649 1275 264,
1666 1231 1697 1266 A
1712 1243 1720 1266 ε
1736 1227 1961 1280 Φιλοκράτης
1975 1226 2004 1265 δ’
2018 1228 2052 1266 ἐν
2070 1226 2220 1279 δευτέρῳ

1166 1289 1409 1335 Θετταλικῶν,
1446 1289 1480 1325 εἷ
1509 1287 1666 1339 γνήσια
1697 1286 1750 1325 τὰ
1779 1303 1826 1325 συ
1838 1286 2048 1338 γγράμμα
2062 1302 2128 1333 τα,
2155 1301 2219 1323 κα·

1166 1347 1301 1384 λεῖσθαί
1320 1363 1405 1399 φησι
1422 1346 1500 1390 τοὺς
1517 1346 1683 1389 πενέστας
1708 1346 1767 1384 καὶ
1795 1345 2086 1388 Θετταλοικέτας.
2108 1349 2164 1382 De
2179 1358 2221 1381 re

1166 1421 1202 1443 v.
1226 1409 1374 1444 Miiller.
1397 1409 1485 1443 Dor.
1511 1409 1617 1456 11‚p.
1635 1407 1701 1453 67.

1678 1490 1714 1515 2.

1220 1549 1449 1599 Apollodor.
1467 1550 1549 1594 ΙΙΙ,
1575 1548 1636 1594 13,
1656 1548 1694 1593 8,
1715 1546 1735 1582 5
1751 1559 1759 1585 :
1774 1545 1964 1585 Συνείπετο
1983 1546 2055 1597 (sc,
2070 1545 2224 1597 Ἀχιλλεῖ

1167 1609 1214 1651 εἷς
1234 1607 1366 1659 Τροίαν
1388 1606 1592 1659 ἐρχομένῳ)
1620 1605 1655 1644 δὲ
1684 1605 1745 1643 καὶ
1774 1605 1978 1657 Πάτροκλος
1998 1608 2015 1643 ὃ
2037 1604 2221 1643 Μενοιτίου

1167 1667 1226 1705 καὶ
1243 1666 1414 1714 Σθενέλης
1425 1669 1486 1712 τῆς
1501 1665 1673 1704 Ἀκάστου
1685 1695 1694 1713 ,
1712 1664 1734 1712 ἢ
1754 1664 1964 1716 Περιάπιδος
1977 1667 2037 1711 τῆς
2051 1664 2221 1715 Φέρητος,

1166 1723 1204 1776 ἢ,
1218 1726 1377 1778 καθάπερ
1392 1725 1477 1778 φησὶ
1491 1725 1731 1778 Φιλοκράτης,
1747 1723 1965 1775 Πολυμήλης
1978 1726 2039 1771 τῆς
2056 1724 2218 1770 Πηλέως.

1400 1935 1988 1996 PHILOMNESTUS.

1275 2058 1399 2096 ΠΕΡΙ
1428 2057 1536 2096 ΤΩΝ
1574 2057 1639 2095 EN
1671 2056 1806 2109 ΡΟΔῼ
1839 2053 2110 2093 ΣΜΙΝΘΙΩΝ.

1673 2159 1707 2181 1.

1221 2219 1417 2255 Athenaeus
1440 2218 1511 2262 ΙΙΙ,
1531 2230 1572 2265 p.
1597 2220 1660 2263 74,
1694 2217 1754 2252 F.
1786 2212 2036 2262 Φιλόμνηστος
2065 2211 2094 2250 δ’
2115 2213 2148 2250 ἐν
2172 2214 2219 2264 τῷ

1171 2275 1259 2332 [lapi
1280 2291 1348 2313 των
1371 2276 1405 2313 ἐν
1417 2275 1530 2327 Ρόδῳ
1549 2273 1724 2324 Σμινθίων
1742 2272 1858 2323 φησίν·
1881 2271 2018 2311 «Ἐπεὶ
2043 2271 2103 2309 καὶ
2125 2274 2142 2308 ὁ
2158 2287 2220 2309 συ·

1169 2334 1344 2387 κοφάντης
1361 2336 1514 2372 ἐντεῦθεν
1532 2332 1797 2385 προσηγορεύθη
1810 2361 1819 2379 ,
1843 2331 1900 2369 διὰ
1920 2330 1959 2368 τὸ
1975 2325 2063 2367 εἶναι
2081 2330 2159 2367 τότε
2176 2329 2220 2367 τὰ

1170 2392 1338 2442 ἐπιζήμια
1355 2392 1415 2430 καὶ
1441 2392 1504 2436 τὰς
1525 2391 1685 2445 εἰσφορὰς
1713 2405 1801 2428 συκα
1822 2390 1881 2428 καὶ
1903 2393 1992 2427 οἶνον
2009 2388 2068 2427 καὶ
2090 2388 2219 2435 ἔλαιον,

1170 2453 1228 2505 ἀφ’
1254 2455 1301 2490 ὡν
1323 2451 1368 2490 τὰ
1385 2451 1482 2490 κοινὰ
1504 2448 1662 2504 διώκουν,
1686 2449 1746 2487 καὶ
1766 2448 1843 2493 τους
1871 2463 1983 2486 ταυτα
1998 2447 2215 2520 πράττοντας

1170 2526 1229 2549 και
1257 2510 1497 2564 εἷσφαίνοντας
1522 2509 1681 2556 ἐκάλουν,
1708 2511 1754 2551 ὡς
1774 2507 1882 2554 ἔοικε,
1903 2506 2144 2559 συκοφάντας,
2163 2507 2217 2543 αἳ-

1171 2569 1330 2622 ρούμενοι
1348 2566 1744 2617 τοὺςάξιοπιστοτάτους
1763 2569 1831 2604 τῶν
1854 2567 2019 2605 πολιτῶν.
2042 2583 2058 2599 »

1677 2646 1715 2669 2.

1224 2698 1330 2735 ldem
1345 2699 1395 2745 X,
1412 2712 1452 2747 p.
1474 2697 1566 2747 445,
1586 2700 1619 2734 A
1641 2711 1648 2733 :
1667 2694 1805 2738 Ἀνθέας
1825 2694 1861 2733 δὲ
1880 2697 1898 2732 ὃ
1921 2693 2078 2740 Λίνδιος,
2097 2707 2224 2744 συγγε-

1169 2756 1229 2803 νὴς
1255 2755 1290 2794 δὲ
1321 2751 1409 2794 εἶναι
1428 2755 1571 2808 φάσκων
1595 2754 1816 2793 Κλεοὸούλου
1836 2757 1896 2791 τοῦ
1918 2756 2038 2805 σοφοῦ,
2068 2750 2113 2794 ὥς
2139 2767 2223 2803 φησι

1339 2869 1407 2907 DE
1429 2868 1495 2906 SM
1503 2867 1700 2906 INTHIIS
1719 2865 2050 2905 RHODIORUM.

1216 2951 1242 2980 1.
1260 2947 1507 2987 Philomnestus,
1519 2948 1552 2978 in
1564 2946 1646 2978 libro
1660 2947 1706 2978 De
1716 2945 1914 2978 Rhodiorum
1929 2943 2138 2983 solemnibus,
2150 2951 2223 2982 quae

1171 2999 1347 3031 Smintlzia
1371 2999 1503 3037 vocant,
1528 2999 1572 3030 ait
1589 3008 1597 3029 :
1614 3011 1629 3025 «
1650 3000 1731 3030 Nam
1748 2999 1780 3029 et
1794 2996 2007 3037 sycophanta
2024 2995 2097 3027 inde
2118 2994 2222 3026 nomi-

1170 3053 1263 3083 natus
1279 3054 1343 3092 est,
1362 3051 1448 3092 quod
1468 3053 1546 3083 tunc
1568 3052 1600 3083 et
1617 3051 1812 3082 muletarum
1834 3052 1866 3082 et
1882 3049 2075 3082 tributorum
2094 3048 2223 3079 nomine

1170 3103 1222 3134 fici
1245 3103 1464 3142 exigebantur,
1483 3104 1516 3134 et
1532 3103 1644 3134 vinum
1671 3104 1703 3134 et
1727 3102 1853 3141 oleum,
1872 3110 1889 3133 e
1911 3101 2027 3141 quibus
2043 3108 2102 3140 pro
2119 3099 2222 3134 admi-

1170 3154 1358 3186 nistratione
1372 3154 1557 3194 reipublicae
1570 3155 1716 3195 sumptus
1736 3153 1894 3185 faciebant
1910 3165 1917 3184 z
1933 3155 1982 3191 et,
2000 3151 2056 3192 qui
2070 3151 2138 3182 haec
2155 3150 2222 3181 exi-

1169 3207 1285 3247 gebant
1300 3208 1332 3238 et
1356 3207 1389 3238 in
1412 3206 1488 3238 fisco
1515 3207 1643 3247 publico
1666 3205 1938 3247 repraesentabant
1965 3202 2221 3244 (εἰσφαίνοντες),

1170 3258 1215 3297 hi,
1232 3259 1267 3289 nt
1283 3257 1422 3298 videtur,
1436 3258 1655 3299 sycophantae
1668 3258 1824 3290 nominati
1832 3258 1905 3289 sunt
1916 3279 1924 3295 ‚
1939 3265 1956 3288 e
1968 3255 2091 3287 civibus
2103 3254 2224 3294 specta-

1172 3311 1304 3343 tissimoe
1321 3311 1395 3343 fidei
1411 3310 1536 3343 delecti.
1559 3325 1574 3339 n

1213 3368 1242 3396 2.
1253 3364 1392 3397 Antheas
1402 3363 1547 3406 Lindius,
1558 3364 1615 3406 qui
1625 3373 1658 3398 se
1668 3365 1837 3406 cognatum
1848 3361 1989 3403 jactabat
2002 3368 2069 3393 esse
2077 3354 2221 3392 Cleobuli
