<?xml version="1.0" encoding="UTF-8"?>
<!DOCTYPE html PUBLIC "-//W3C//DTD XHTML 1.0 Transitional//EN"
    "http://www.w3.org/TR/xhtml1/DTD/xhtml1-transitional.dtd">
<html xmlns="http://www.w3.org/1999/xhtml" xml:lang="en" lang="en">
 <head>
  <title>
</title>
<meta http-equiv="Content-Type" content="text/html;charset=utf-8" />
  <meta name='ocr-system' content='tesseract 3.04.00' />
  <meta name='ocr-capabilities' content='ocr_page ocr_carea ocr_par ocr_line ocrx_word'/>
</head>
<body>
  <div class='ocr_page' id='page_1' title='image "./fragmentahistori04mueluoft_0159.png"; bbox 0 0 2326 3724; ppageno 0'>
   <div class='ocr_carea' id='block_1_1' title="bbox 985 177 1322 217">
    <p class='ocr_par' dir='ltr' id='par_1_1' title="bbox 985 177 1322 217">
     <span class='ocr_line' id='line_1_1' title="bbox 985 177 1322 217; baseline 0 -1"><span class='ocrx_word' id='word_1_1' title='bbox 985 177 1322 217; x_wconf 82' lang='lat' dir='ltr'><strong>FRAGMENTA.</strong></span> 
     </span>
    </p>
   </div>
   <div class='ocr_carea' id='block_1_2' title="bbox 82 261 1126 1823">
    <p class='ocr_par' dir='ltr' id='par_1_2' title="bbox 82 261 1126 838">
     <span class='ocr_line' id='line_1_2' title="bbox 86 261 1121 315; baseline -0.001 -13"><span class='ocrx_word' id='word_1_2' title='bbox 86 262 234 315; x_wconf 76' lang='grc' dir='ltr'>γμὲνων,</span> <span class='ocrx_word' id='word_1_3' title='bbox 255 264 515 304; x_wconf 82' lang='grc' dir='ltr'>Κωνσταντῖνος</span> <span class='ocrx_word' id='word_1_4' title='bbox 538 265 557 300; x_wconf 86' lang='grc' dir='ltr'>ὁ</span> <span class='ocrx_word' id='word_1_5' title='bbox 576 261 820 300; x_wconf 83' lang='grc' dir='ltr'>Κωνσταντίου</span> <span class='ocrx_word' id='word_1_6' title='bbox 849 267 930 306; x_wconf 85' lang='grc' dir='ltr'>παῖς</span> <span class='ocrx_word' id='word_1_7' title='bbox 956 261 1121 301; x_wconf 67' lang='grc' dir='ltr'>ἐπιλαὸό-</span> 
     </span>
     <span class='ocr_line' id='line_1_3' title="bbox 86 318 1126 373; baseline -0.002 -13"><span class='ocrx_word' id='word_1_8' title='bbox 86 337 185 372; x_wconf 91' lang='grc' dir='ltr'>μενος</span> <span class='ocrx_word' id='word_1_9' title='bbox 204 323 271 359; x_wconf 82' lang='grc' dir='ltr'><strong>τῶν</strong></span> <span class='ocrx_word' id='word_1_10' title='bbox 292 319 476 373; x_wconf 81' lang='grc' dir='ltr'>σκήπτρων</span> <span class='ocrx_word' id='word_1_11' title='bbox 497 319 560 366; x_wconf 77' lang='grc' dir='ltr'><strong>τὴν</strong></span> <span class='ocrx_word' id='word_1_12' title='bbox 585 318 664 358; x_wconf 86' lang='grc' dir='ltr'>νέαν</span> <span class='ocrx_word' id='word_1_13' title='bbox 686 319 845 366; x_wconf 78' lang='grc' dir='ltr'>ἀνίστησι</span> <span class='ocrx_word' id='word_1_14' title='bbox 871 318 1028 370; x_wconf 86' lang='grc' dir='ltr'>Ῥώμην,</span> <span class='ocrx_word' id='word_1_15' title='bbox 1047 320 1126 368; x_wconf 83' lang='grc' dir='ltr'>ἴσην</span> 
     </span>
     <span class='ocr_line' id='line_1_4' title="bbox 85 377 1125 430; baseline 0 -14"><span class='ocrx_word' id='word_1_16' title='bbox 85 379 191 424; x_wconf 80' lang='grc' dir='ltr'>αὐτὴν</span> <span class='ocrx_word' id='word_1_17' title='bbox 206 381 249 429; x_wconf 82' lang='grc' dir='ltr'><strong>τῇ</strong></span> <span class='ocrx_word' id='word_1_18' title='bbox 262 377 383 430; x_wconf 85' lang='grc' dir='ltr'>πρώτῃ</span> <span class='ocrx_word' id='word_1_19' title='bbox 399 377 624 430; x_wconf 82' lang='grc' dir='ltr'>χρηματίζειν</span> <span class='ocrx_word' id='word_1_20' title='bbox 642 377 848 430; x_wconf 80' lang='grc' dir='ltr'>προστάξας.</span> <span class='ocrx_word' id='word_1_21' title='bbox 868 377 962 425; x_wconf 80' lang='grc' dir='ltr'><strong>Ἤδη</strong></span> <span class='ocrx_word' id='word_1_22' title='bbox 978 377 1041 429; x_wconf 84' lang='grc' dir='ltr'><strong>μὲν</strong></span> <span class='ocrx_word' id='word_1_23' title='bbox 1057 377 1125 430; x_wconf 83' lang='grc' dir='ltr'><strong>γὰρ</strong></span> 
     </span>
     <span class='ocr_line' id='line_1_5' title="bbox 83 435 1123 489; baseline -0.001 -14"><span class='ocrx_word' id='word_1_24' title='bbox 83 437 143 476; x_wconf 85' lang='grc' dir='ltr'><strong>καὶ</strong></span> <span class='ocrx_word' id='word_1_25' title='bbox 154 436 328 489; x_wconf 81' lang='grc' dir='ltr'>τυράννοις</span> <span class='ocrx_word' id='word_1_26' title='bbox 341 436 399 474; x_wconf 80' lang='grc' dir='ltr'><strong>καὶ</strong></span> <span class='ocrx_word' id='word_1_27' title='bbox 413 437 592 488; x_wconf 82' lang='grc' dir='ltr'>βασιλεῦσι</span> <span class='ocrx_word' id='word_1_28' title='bbox 605 435 830 487; x_wconf 77' lang='grc' dir='ltr'>χρησαμένην</span> <span class='ocrx_word' id='word_1_29' title='bbox 844 437 1028 485; x_wconf 77' lang='grc' dir='ltr'>πολλάκις,</span> <span class='ocrx_word' id='word_1_30' title='bbox 1051 439 1123 488; x_wconf 86' lang='grc' dir='ltr'>ἀρι-</span> 
     </span>
     <span class='ocr_line' id='line_1_6' title="bbox 83 493 1124 547; baseline 0.001 -15"><span class='ocrx_word' id='word_1_31' title='bbox 83 493 288 546; x_wconf 84' lang='grc' dir='ltr'>στοκρατίας</span> <span class='ocrx_word' id='word_1_32' title='bbox 301 509 338 532; x_wconf 87' lang='grc' dir='ltr'><strong>τε</strong></span> <span class='ocrx_word' id='word_1_33' title='bbox 351 493 409 532; x_wconf 85' lang='grc' dir='ltr'><strong>καὶ</strong></span> <span class='ocrx_word' id='word_1_34' title='bbox 424 494 658 546; x_wconf 74' lang='grc' dir='ltr'>δημοκρατίας</span> <span class='ocrx_word' id='word_1_35' title='bbox 673 494 968 543; x_wconf 74' lang='grc' dir='ltr'>πολιτευταμένην</span> <span class='ocrx_word' id='word_1_36' title='bbox 985 494 1102 547; x_wconf 85' lang='grc' dir='ltr'>τρόπῳ</span> <span class='ocrx_word' id='word_1_37' title='bbox 1114 525 1124 543; x_wconf 91' lang='grc'>,</span> 
     </span>
     <span class='ocr_line' id='line_1_7' title="bbox 84 551 1125 606; baseline 0.001 -16"><span class='ocrx_word' id='word_1_38' title='bbox 84 553 181 595; x_wconf 84' lang='grc' dir='ltr'>τέλος</span> <span class='ocrx_word' id='word_1_39' title='bbox 198 551 254 590; x_wconf 81' lang='grc' dir='ltr'><strong>ἐπὶ</strong></span> <span class='ocrx_word' id='word_1_40' title='bbox 273 553 312 590; x_wconf 84' lang='grc' dir='ltr'><strong>τὸ</strong></span> <span class='ocrx_word' id='word_1_41' title='bbox 329 552 553 606; x_wconf 86' lang='grc' dir='ltr'>προκείμενον</span> <span class='ocrx_word' id='word_1_42' title='bbox 571 551 805 604; x_wconf 78' lang='grc' dir='ltr'>ἐξενηνοχέναι</span> <span class='ocrx_word' id='word_1_43' title='bbox 822 553 974 603; x_wconf 84' lang='grc' dir='ltr'>μέγεθος.</span> <span class='ocrx_word' id='word_1_44' title='bbox 997 554 1036 603; x_wconf 79' lang='grc'><strong>(2)</strong></span> <span class='ocrx_word' id='word_1_45' title='bbox 1055 555 1125 592; x_wconf 89' lang='grc' dir='ltr'><strong>Λε-</strong></span> 
     </span>
     <span class='ocr_line' id='line_1_8' title="bbox 83 609 1124 664; baseline 0.001 -16"><span class='ocrx_word' id='word_1_46' title='bbox 83 609 181 648; x_wconf 88' lang='grc' dir='ltr'>κτέον</span> <span class='ocrx_word' id='word_1_47' title='bbox 198 610 234 648; x_wconf 82' lang='grc' dir='ltr'><strong>δὲ</strong></span> <span class='ocrx_word' id='word_1_48' title='bbox 253 611 350 661; x_wconf 79' lang='grc' dir='ltr'>ἡμῖν,</span> <span class='ocrx_word' id='word_1_49' title='bbox 365 609 456 653; x_wconf 78' lang='grc' dir='ltr'>ὅπως</span> <span class='ocrx_word' id='word_1_50' title='bbox 475 626 511 648; x_wconf 88' lang='grc' dir='ltr'><strong>τε</strong></span> <span class='ocrx_word' id='word_1_51' title='bbox 529 610 564 655; x_wconf 81' lang='grc' dir='ltr'><strong>ἐξ</strong></span> <span class='ocrx_word' id='word_1_52' title='bbox 584 612 695 664; x_wconf 78' lang='grc' dir='ltr'>ἀρχῆς</span> <span class='ocrx_word' id='word_1_53' title='bbox 711 610 828 661; x_wconf 87' lang='grc' dir='ltr'>γέγονε</span> <span class='ocrx_word' id='word_1_54' title='bbox 840 640 850 657; x_wconf 88' lang='grc'>,</span> <span class='ocrx_word' id='word_1_55' title='bbox 871 610 930 649; x_wconf 86' lang='grc' dir='ltr'><strong>καὶ</strong></span> <span class='ocrx_word' id='word_1_56' title='bbox 945 610 1010 649; x_wconf 81' lang='grc' dir='ltr'><strong>ὑπὸ</strong></span> <span class='ocrx_word' id='word_1_57' title='bbox 1024 611 1124 649; x_wconf 90' lang='grc' dir='ltr'>τίνων</span> 
     </span>
     <span class='ocr_line' id='line_1_9' title="bbox 83 664 1123 723; baseline 0.001 -17"><span class='ocrx_word' id='word_1_58' title='bbox 83 667 286 721; x_wconf 75' lang='grc' dir='ltr'>ἀπῳκίσθη,</span> <span class='ocrx_word' id='word_1_59' title='bbox 315 669 355 706; x_wconf 81' lang='grc' dir='ltr'><strong>ἐκ</strong></span> <span class='ocrx_word' id='word_1_60' title='bbox 373 671 441 706; x_wconf 81' lang='grc' dir='ltr'><strong>τῶν</strong></span> <span class='ocrx_word' id='word_1_61' title='bbox 462 670 617 721; x_wconf 81' lang='grc' dir='ltr'>ἀρχαίων</span> <span class='ocrx_word' id='word_1_62' title='bbox 642 671 795 716; x_wconf 81' lang='grc' dir='ltr'>ποιητῶν</span> <span class='ocrx_word' id='word_1_63' title='bbox 819 664 879 706; x_wconf 61' lang='grc' dir='ltr'>καῖ</span> <span class='ocrx_word' id='word_1_64' title='bbox 899 669 1123 723; x_wconf 77' lang='grc' dir='ltr'>συγγραφέων</span> 
     </span>
     <span class='ocr_line' id='line_1_10' title="bbox 82 725 570 777; baseline 0.004 -13"><span class='ocrx_word' id='word_1_65' title='bbox 82 725 144 774; x_wconf 83' lang='grc' dir='ltr'><strong>τὴν</strong></span> <span class='ocrx_word' id='word_1_66' title='bbox 161 726 321 765; x_wconf 78' lang='grc' dir='ltr'>ὑπόθεσιν</span> <span class='ocrx_word' id='word_1_67' title='bbox 339 726 570 777; x_wconf 84' lang='grc' dir='ltr'>ποιουμένοις.</span> 
     </span>
     <span class='ocr_line' id='line_1_11' title="bbox 135 782 1124 838; baseline 0.001 -15"><span class='ocrx_word' id='word_1_68' title='bbox 135 797 164 823; x_wconf 85' lang='grc'><strong>3.</strong></span> <span class='ocrx_word' id='word_1_69' title='bbox 183 783 282 823; x_wconf 78' lang='grc' dir='ltr'>Φασὶ</span> <span class='ocrx_word' id='word_1_70' title='bbox 296 782 359 834; x_wconf 79' lang='grc' dir='ltr'><strong>μὲν</strong></span> <span class='ocrx_word' id='word_1_71' title='bbox 376 784 544 837; x_wconf 76' lang='grc' dir='ltr'>Ἀργείους</span> <span class='ocrx_word' id='word_1_72' title='bbox 557 783 724 838; x_wconf 82' lang='grc' dir='ltr'>πρώτους,</span> <span class='ocrx_word' id='word_1_73' title='bbox 739 785 922 838; x_wconf 75' lang='grc' dir='ltr'>χρησάσης</span> <span class='ocrx_word' id='word_1_74' title='bbox 938 786 1051 830; x_wconf 79' lang='grc' dir='ltr'>αὐτοῖς</span> <span class='ocrx_word' id='word_1_75' title='bbox 1064 790 1124 834; x_wconf 60' lang='grc' dir='ltr'><strong>τῆς</strong></span> 
     </span>
    </p>

    <p class='ocr_par' dir='ltr' id='par_1_3' title="bbox 83 842 357 890">
     <span class='ocr_line' id='line_1_12' title="bbox 83 842 357 890; baseline -0.007 -8"><span class='ocrx_word' id='word_1_76' title='bbox 83 842 215 887; x_wconf 89' lang='grc' dir='ltr'>Πυθίας</span> <span class='ocrx_word' id='word_1_77' title='bbox 233 842 357 890; x_wconf 79' lang='grc' dir='ltr'>οὕτως,</span> 
     </span>
    </p>

    <p class='ocr_par' dir='ltr' id='par_1_4' title="bbox 163 924 853 966">
     <span class='ocr_line' id='line_1_13' title="bbox 163 924 853 966; baseline 0.003 -10"><span class='ocrx_word' id='word_1_78' title='bbox 163 924 284 956; x_wconf 76' lang='grc' dir='ltr'>Ὀλὸιοι</span> <span class='ocrx_word' id='word_1_79' title='bbox 293 948 304 964; x_wconf 82' lang='lat'><strong>,</strong></span> <span class='ocrx_word' id='word_1_80' title='bbox 316 925 345 956; x_wconf 87' lang='grc' dir='ltr'><strong>οἳ</strong></span> <span class='ocrx_word' id='word_1_81' title='bbox 359 925 461 963; x_wconf 81' lang='grc' dir='ltr'>κείνην</span> <span class='ocrx_word' id='word_1_82' title='bbox 474 926 556 966; x_wconf 73' lang='grc' dir='ltr'>ἱερὴν</span> <span class='ocrx_word' id='word_1_83' title='bbox 571 925 658 957; x_wconf 85' lang='grc' dir='ltr'>πόλιν</span> <span class='ocrx_word' id='word_1_84' title='bbox 672 927 853 964; x_wconf 76' lang='grc' dir='ltr'>οἰκήσουσιν</span> 
     </span>
    </p>

    <p class='ocr_par' dir='ltr' id='par_1_5' title="bbox 167 971 1015 1013">
     <span class='ocr_line' id='line_1_14' title="bbox 167 971 1015 1013; baseline 0.002 -10"><span class='ocrx_word' id='word_1_85' title='bbox 167 972 263 1009; x_wconf 82' lang='grc' dir='ltr'>ἀκτὴν</span> <span class='ocrx_word' id='word_1_86' title='bbox 277 971 426 1013; x_wconf 79' lang='grc' dir='ltr'>Θρηικίην</span> <span class='ocrx_word' id='word_1_87' title='bbox 442 972 469 1003; x_wconf 91' lang='grc' dir='ltr'><strong>τ’</strong></span> <span class='ocrx_word' id='word_1_88' title='bbox 486 971 610 1012; x_wconf 82' lang='grc' dir='ltr'>ἔνυγρον</span> <span class='ocrx_word' id='word_1_89' title='bbox 622 972 706 1013; x_wconf 83' lang='grc' dir='ltr'>παρά</span> <span class='ocrx_word' id='word_1_90' title='bbox 718 983 751 1004; x_wconf 86' lang='grc' dir='ltr'><strong>τε</strong></span> <span class='ocrx_word' id='word_1_91' title='bbox 764 973 866 1013; x_wconf 82' lang='grc' dir='ltr'>στόμα</span> <span class='ocrx_word' id='word_1_92' title='bbox 877 972 997 1005; x_wconf 87' lang='grc' dir='ltr'>Πόντου</span> <span class='ocrx_word' id='word_1_93' title='bbox 1007 997 1015 1012; x_wconf 86' lang='grc'>,</span> 
     </span>
    </p>

    <p class='ocr_par' dir='ltr' id='par_1_6' title="bbox 167 1018 941 1056">
     <span class='ocr_line' id='line_1_15' title="bbox 167 1018 941 1056; baseline 0.001 -6"><span class='ocrx_word' id='word_1_94' title='bbox 167 1018 240 1051; x_wconf 79' lang='grc' dir='ltr'>ἔνθα</span> <span class='ocrx_word' id='word_1_95' title='bbox 252 1018 306 1050; x_wconf 86' lang='grc' dir='ltr'><strong>δύο</strong></span> <span class='ocrx_word' id='word_1_96' title='bbox 317 1018 467 1055; x_wconf 75' lang='grc' dir='ltr'>σκύλακες</span> <span class='ocrx_word' id='word_1_97' title='bbox 482 1019 590 1056; x_wconf 76' lang='grc' dir='ltr'>πολιὴν</span> <span class='ocrx_word' id='word_1_98' title='bbox 603 1018 754 1050; x_wconf 80' lang='grc' dir='ltr'>λάπτουσι</span> <span class='ocrx_word' id='word_1_99' title='bbox 772 1018 941 1052; x_wconf 86' lang='grc' dir='ltr'>θάλασσαν,</span> 
     </span>
    </p>

    <p class='ocr_par' dir='ltr' id='par_1_7' title="bbox 82 1065 1124 1823">
     <span class='ocr_line' id='line_1_16' title="bbox 165 1065 949 1107; baseline 0 -10"><span class='ocrx_word' id='word_1_100' title='bbox 165 1066 225 1097; x_wconf 85' lang='grc' dir='ltr'>ἔνθ’</span> <span class='ocrx_word' id='word_1_101' title='bbox 240 1066 327 1107; x_wconf 83' lang='grc' dir='ltr'>ἰχθὺς</span> <span class='ocrx_word' id='word_1_102' title='bbox 343 1065 450 1106; x_wconf 81' lang='grc' dir='ltr'>ἔλαφός</span> <span class='ocrx_word' id='word_1_103' title='bbox 467 1076 499 1097; x_wconf 88' lang='grc' dir='ltr'><strong>τε</strong></span> <span class='ocrx_word' id='word_1_104' title='bbox 514 1067 607 1106; x_wconf 86' lang='grc' dir='ltr'>νομὸν</span> <span class='ocrx_word' id='word_1_105' title='bbox 622 1066 788 1106; x_wconf 80' lang='grc' dir='ltr'>βόσκονται</span> <span class='ocrx_word' id='word_1_106' title='bbox 804 1066 833 1102; x_wconf 82' lang='grc' dir='ltr'><strong>ἐς</strong></span> <span class='ocrx_word' id='word_1_107' title='bbox 847 1066 949 1098; x_wconf 79' lang='grc' dir='ltr'>αὐτόν.</span> 
     </span>
     <span class='ocr_line' id='line_1_17' title="bbox 83 1124 1123 1183; baseline -0.001 -15"><span class='ocrx_word' id='word_1_108' title='bbox 83 1129 258 1177; x_wconf 78' lang='grc' dir='ltr'>πήξασθαι</span> <span class='ocrx_word' id='word_1_109' title='bbox 274 1129 336 1173; x_wconf 80' lang='grc' dir='ltr'><strong>τὰς</strong></span> <span class='ocrx_word' id='word_1_110' title='bbox 354 1129 505 1176; x_wconf 82' lang='grc' dir='ltr'>οἰκήσεις</span> <span class='ocrx_word' id='word_1_111' title='bbox 523 1130 558 1167; x_wconf 86' lang='grc' dir='ltr'><strong>ἐν</strong></span> <span class='ocrx_word' id='word_1_112' title='bbox 577 1129 697 1182; x_wconf 83' lang='grc' dir='ltr'>ἐκείνῳ</span> <span class='ocrx_word' id='word_1_113' title='bbox 716 1132 765 1182; x_wconf 78' lang='grc' dir='ltr'><strong>τῷ</strong></span> <span class='ocrx_word' id='word_1_114' title='bbox 785 1130 921 1182; x_wconf 82' lang='grc' dir='ltr'>χωρίῳ,</span> <span class='ocrx_word' id='word_1_115' title='bbox 943 1132 977 1168; x_wconf 83' lang='grc' dir='ltr'><strong>ἐν</strong></span> <span class='ocrx_word' id='word_1_116' title='bbox 998 1124 1026 1183; x_wconf 71' lang='grc' dir='ltr'>ᾧ</span> <span class='ocrx_word' id='word_1_117' title='bbox 1050 1129 1123 1169; x_wconf 85' lang='grc' dir='ltr'><strong>Κύ-</strong></span> 
     </span>
     <span class='ocr_line' id='line_1_18' title="bbox 83 1187 1122 1240; baseline -0.001 -14"><span class='ocrx_word' id='word_1_118' title='bbox 83 1187 186 1240; x_wconf 84' lang='grc' dir='ltr'>δαρός</span> <span class='ocrx_word' id='word_1_119' title='bbox 195 1203 231 1226; x_wconf 86' lang='grc' dir='ltr'><strong>τε</strong></span> <span class='ocrx_word' id='word_1_120' title='bbox 245 1188 304 1226; x_wconf 75' lang='grc' dir='ltr'><strong>καὶ</strong></span> <span class='ocrx_word' id='word_1_121' title='bbox 315 1187 503 1240; x_wconf 67' lang='grc' dir='ltr'>Βαρὸύσης</span> <span class='ocrx_word' id='word_1_122' title='bbox 513 1188 664 1238; x_wconf 87' lang='grc' dir='ltr'>ποταμοὶ</span> <span class='ocrx_word' id='word_1_123' title='bbox 678 1187 739 1231; x_wconf 79' lang='grc' dir='ltr'><strong>τὰς</strong></span> <span class='ocrx_word' id='word_1_124' title='bbox 753 1188 919 1232; x_wconf 84' lang='grc' dir='ltr'>διεξόδους</span> <span class='ocrx_word' id='word_1_125' title='bbox 930 1192 1122 1234; x_wconf 75' lang='grc' dir='ltr'>ποιοῦνται,</span> 
     </span>
     <span class='ocr_line' id='line_1_19' title="bbox 82 1245 1123 1300; baseline 0 -16"><span class='ocrx_word' id='word_1_126' title='bbox 82 1248 101 1284; x_wconf 80' lang='grc' dir='ltr'>ὁ</span> <span class='ocrx_word' id='word_1_127' title='bbox 121 1245 182 1296; x_wconf 80' lang='grc' dir='ltr'><strong>μὲν</strong></span> <span class='ocrx_word' id='word_1_128' title='bbox 206 1248 275 1285; x_wconf 83' lang='grc' dir='ltr'><strong>τῶν</strong></span> <span class='ocrx_word' id='word_1_129' title='bbox 295 1245 473 1299; x_wconf 79' lang='grc' dir='ltr'>ἀρκτῴων,</span> <span class='ocrx_word' id='word_1_130' title='bbox 502 1248 520 1284; x_wconf 87' lang='grc' dir='ltr'>ὁ</span> <span class='ocrx_word' id='word_1_131' title='bbox 539 1245 575 1284; x_wconf 87' lang='grc' dir='ltr'><strong>δὲ</strong></span> <span class='ocrx_word' id='word_1_132' title='bbox 598 1248 665 1283; x_wconf 79' lang='grc' dir='ltr'><strong>τῶν</strong></span> <span class='ocrx_word' id='word_1_133' title='bbox 686 1247 852 1299; x_wconf 85' lang='grc' dir='ltr'>ἑσπερίων</span> <span class='ocrx_word' id='word_1_134' title='bbox 880 1247 1123 1300; x_wconf 82' lang='grc' dir='ltr'>προρρέοντες,</span> 
     </span>
     <span class='ocr_line' id='line_1_20' title="bbox 83 1303 1121 1358; baseline 0.001 -17"><span class='ocrx_word' id='word_1_135' title='bbox 83 1303 143 1342; x_wconf 85' lang='grc' dir='ltr'><strong>καὶ</strong></span> <span class='ocrx_word' id='word_1_136' title='bbox 162 1303 254 1342; x_wconf 83' lang='grc' dir='ltr'>κατὰ</span> <span class='ocrx_word' id='word_1_137' title='bbox 267 1303 325 1342; x_wconf 83' lang='grc' dir='ltr'><strong>τὸν</strong></span> <span class='ocrx_word' id='word_1_138' title='bbox 341 1307 405 1351; x_wconf 73' lang='grc' dir='ltr'><strong>τῆς</strong></span> <span class='ocrx_word' id='word_1_139' title='bbox 424 1304 611 1355; x_wconf 87' lang='grc' dir='ltr'>λεγομένης</span> <span class='ocrx_word' id='word_1_140' title='bbox 631 1304 833 1358; x_wconf 87' lang='grc' dir='ltr'>Σεμέστρης</span> <span class='ocrx_word' id='word_1_141' title='bbox 851 1305 985 1357; x_wconf 75' lang='grc' dir='ltr'>νύμφης</span> <span class='ocrx_word' id='word_1_142' title='bbox 1004 1305 1121 1356; x_wconf 86' lang='grc' dir='ltr'>βωμὸν</span> 
     </span>
     <span class='ocr_line' id='line_1_21' title="bbox 83 1357 1122 1416; baseline 0.002 -17"><span class='ocrx_word' id='word_1_143' title='bbox 83 1366 126 1414; x_wconf 81' lang='grc' dir='ltr'><strong>τῇ</strong></span> <span class='ocrx_word' id='word_1_144' title='bbox 147 1362 305 1413; x_wconf 84' lang='grc' dir='ltr'>θαλάσσῃ</span> <span class='ocrx_word' id='word_1_145' title='bbox 324 1362 538 1413; x_wconf 79' lang='grc' dir='ltr'>μιγνύμενοι.</span> <span class='ocrx_word' id='word_1_146' title='bbox 600 1363 640 1413; x_wconf 73' lang='grc'><strong>(4)</strong></span> <span class='ocrx_word' id='word_1_147' title='bbox 663 1362 765 1402; x_wconf 74' lang='grc' dir='ltr'>Ἐπεὶ</span> <span class='ocrx_word' id='word_1_148' title='bbox 780 1357 839 1401; x_wconf 73' lang='grc' dir='ltr'><strong>οῧν</strong></span> <span class='ocrx_word' id='word_1_149' title='bbox 859 1365 906 1407; x_wconf 86' lang='grc' dir='ltr'><strong>εἷς</strong></span> <span class='ocrx_word' id='word_1_150' title='bbox 920 1362 983 1410; x_wconf 86' lang='grc' dir='ltr'><strong>τὴν</strong></span> <span class='ocrx_word' id='word_1_151' title='bbox 998 1365 1122 1416; x_wconf 80' lang='grc' dir='ltr'>εἱμαρ-</span> 
     </span>
     <span class='ocr_line' id='line_1_22' title="bbox 84 1419 1124 1473; baseline -0.001 -14"><span class='ocrx_word' id='word_1_152' title='bbox 84 1421 189 1471; x_wconf 86' lang='grc' dir='ltr'>μένην</span> <span class='ocrx_word' id='word_1_153' title='bbox 206 1420 382 1473; x_wconf 80' lang='grc' dir='ltr'>ἆφίκοντο,</span> <span class='ocrx_word' id='word_1_154' title='bbox 395 1420 454 1458; x_wconf 82' lang='grc' dir='ltr'><strong>καὶ</strong></span> <span class='ocrx_word' id='word_1_155' title='bbox 465 1419 597 1464; x_wconf 87' lang='grc' dir='ltr'>θυσίαις</span> <span class='ocrx_word' id='word_1_156' title='bbox 610 1419 689 1464; x_wconf 80' lang='grc' dir='ltr'>τοὺς</span> <span class='ocrx_word' id='word_1_157' title='bbox 702 1420 888 1473; x_wconf 76' lang='grc' dir='ltr'>ἐγχωρίους</span> <span class='ocrx_word' id='word_1_158' title='bbox 899 1419 1124 1465; x_wconf 81' lang='grc' dir='ltr'>ἐξιλεώσαντο</span> 
     </span>
     <span class='ocr_line' id='line_1_23' title="bbox 85 1478 1123 1532; baseline -0.001 -16"><span class='ocrx_word' id='word_1_159' title='bbox 85 1478 265 1528; x_wconf 82' lang='grc' dir='ltr'>δαίμονας,</span> <span class='ocrx_word' id='word_1_160' title='bbox 291 1478 396 1531; x_wconf 81' lang='grc' dir='ltr'>κόραξ</span> <span class='ocrx_word' id='word_1_161' title='bbox 425 1482 485 1526; x_wconf 69' lang='grc' dir='ltr'><strong>τῆς</strong></span> <span class='ocrx_word' id='word_1_162' title='bbox 504 1478 697 1531; x_wconf 78' lang='grc' dir='ltr'>ἱερουργίας</span> <span class='ocrx_word' id='word_1_163' title='bbox 717 1479 924 1532; x_wconf 78' lang='grc' dir='ltr'>ὑφαρπάσας</span> <span class='ocrx_word' id='word_1_164' title='bbox 948 1478 1063 1531; x_wconf 80' lang='grc' dir='ltr'>βραχύ</span> <span class='ocrx_word' id='word_1_165' title='bbox 1090 1494 1123 1516; x_wconf 85' lang='grc' dir='ltr'><strong>τι</strong></span> 
     </span>
     <span class='ocr_line' id='line_1_24' title="bbox 84 1536 1122 1589; baseline 0.001 -15"><span class='ocrx_word' id='word_1_166' title='bbox 84 1539 184 1589; x_wconf 83' lang='grc' dir='ltr'>μέρος</span> <span class='ocrx_word' id='word_1_167' title='bbox 204 1538 250 1581; x_wconf 83' lang='grc' dir='ltr'><strong>εἷς</strong></span> <span class='ocrx_word' id='word_1_168' title='bbox 278 1536 394 1589; x_wconf 83' lang='grc' dir='ltr'>ἕτερον</span> <span class='ocrx_word' id='word_1_169' title='bbox 415 1536 635 1587; x_wconf 85' lang='grc' dir='ltr'>μετατέθεικε</span> <span class='ocrx_word' id='word_1_170' title='bbox 658 1537 776 1584; x_wconf 81' lang='grc' dir='ltr'>τόπον,</span> <span class='ocrx_word' id='word_1_171' title='bbox 809 1537 844 1581; x_wconf 87' lang='grc' dir='ltr'><strong>ὃς</strong></span> <span class='ocrx_word' id='word_1_172' title='bbox 871 1537 944 1589; x_wconf 75' lang='grc' dir='ltr'>ἔχει</span> <span class='ocrx_word' id='word_1_173' title='bbox 967 1538 1030 1584; x_wconf 77' lang='grc' dir='ltr'><strong>τὴν</strong></span> <span class='ocrx_word' id='word_1_174' title='bbox 1063 1541 1122 1575; x_wconf 76' lang='grc' dir='ltr'><strong>τοῦ</strong></span> 
     </span>
     <span class='ocr_line' id='line_1_25' title="bbox 83 1594 1123 1649; baseline -0.002 -15"><span class='ocrx_word' id='word_1_175' title='bbox 83 1594 263 1647; x_wconf 88' lang='grc' dir='ltr'>Βοσπόρου</span> <span class='ocrx_word' id='word_1_176' title='bbox 282 1594 534 1647; x_wconf 87' lang='grc' dir='ltr'>προσηγορίαν,</span> <span class='ocrx_word' id='word_1_177' title='bbox 558 1595 721 1645; x_wconf 86' lang='grc' dir='ltr'>βουκόλου</span> <span class='ocrx_word' id='word_1_178' title='bbox 739 1595 801 1640; x_wconf 81' lang='grc' dir='ltr'><strong>τὴν</strong></span> <span class='ocrx_word' id='word_1_179' title='bbox 818 1599 880 1634; x_wconf 77' lang='grc' dir='ltr'><strong>τοῦ</strong></span> <span class='ocrx_word' id='word_1_180' title='bbox 897 1596 1025 1649; x_wconf 84' lang='grc' dir='ltr'>ὄρνιθος</span> <span class='ocrx_word' id='word_1_181' title='bbox 1038 1597 1123 1633; x_wconf 82' lang='grc' dir='ltr'>ὑπο-</span> 
     </span>
     <span class='ocr_line' id='line_1_26' title="bbox 84 1648 1123 1707; baseline 0.001 -16"><span class='ocrx_word' id='word_1_182' title='bbox 84 1653 253 1698; x_wconf 82' lang='grc' dir='ltr'>δείξαντος</span> <span class='ocrx_word' id='word_1_183' title='bbox 273 1657 422 1703; x_wconf 78' lang='grc' dir='ltr'>πτῆσιν,</span> <span class='ocrx_word' id='word_1_184' title='bbox 439 1655 502 1707; x_wconf 80' lang='grc' dir='ltr'><strong>ἀφ’</strong></span> <span class='ocrx_word' id='word_1_185' title='bbox 525 1648 632 1706; x_wconf 67' lang='grc' dir='ltr'>οἷπερ</span> <span class='ocrx_word' id='word_1_186' title='bbox 652 1653 711 1692; x_wconf 82' lang='grc' dir='ltr'><strong>καὶ</strong></span> <span class='ocrx_word' id='word_1_187' title='bbox 739 1654 912 1693; x_wconf 89' lang='grc' dir='ltr'>Βουκόλια</span> <span class='ocrx_word' id='word_1_188' title='bbox 945 1655 1054 1693; x_wconf 81' lang='grc' dir='ltr'>ἐκεῖνο</span> <span class='ocrx_word' id='word_1_189' title='bbox 1084 1654 1123 1692; x_wconf 86' lang='grc' dir='ltr'><strong>τὸ</strong></span> 
     </span>
     <span class='ocr_line' id='line_1_27' title="bbox 83 1711 1121 1764; baseline 0.001 -16"><span class='ocrx_word' id='word_1_190' title='bbox 83 1711 208 1764; x_wconf 87' lang='grc' dir='ltr'>χωρίον</span> <span class='ocrx_word' id='word_1_191' title='bbox 231 1711 373 1759; x_wconf 83' lang='grc' dir='ltr'>ἐκλήθη.</span> <span class='ocrx_word' id='word_1_192' title='bbox 432 1713 474 1762; x_wconf 82' lang='lat'><strong>(5)</strong></span> <span class='ocrx_word' id='word_1_193' title='bbox 497 1711 640 1764; x_wconf 64' lang='lat' dir='ltr'><strong>‘&#39;Ezspoz</strong></span> <span class='ocrx_word' id='word_1_194' title='bbox 667 1711 702 1749; x_wconf 81' lang='grc' dir='ltr'><strong>δὲ</strong></span> <span class='ocrx_word' id='word_1_195' title='bbox 732 1713 906 1764; x_wconf 80' lang='grc' dir='ltr'>Μεγαρεῖς</span> <span class='ocrx_word' id='word_1_196' title='bbox 934 1712 1121 1764; x_wconf 85' lang='grc' dir='ltr'>ἱστόρησαν</span> 
     </span>
     <span class='ocr_line' id='line_1_28' title="bbox 86 1769 1123 1823; baseline -0.001 -15"><span class='ocrx_word' id='word_1_197' title='bbox 86 1770 156 1808; x_wconf 84' lang='grc' dir='ltr'><strong>ἀπὸ</strong></span> <span class='ocrx_word' id='word_1_198' title='bbox 179 1770 291 1809; x_wconf 89' lang='grc' dir='ltr'>Νίσου</span> <span class='ocrx_word' id='word_1_199' title='bbox 320 1770 360 1809; x_wconf 82' lang='grc' dir='ltr'><strong>τὸ</strong></span> <span class='ocrx_word' id='word_1_200' title='bbox 383 1769 477 1821; x_wconf 80' lang='grc' dir='ltr'>γένος</span> <span class='ocrx_word' id='word_1_201' title='bbox 506 1770 737 1820; x_wconf 79' lang='grc' dir='ltr'>κατάγοντας,</span> <span class='ocrx_word' id='word_1_202' title='bbox 768 1769 930 1808; x_wconf 88' lang='grc' dir='ltr'>εἴσπλουν</span> <span class='ocrx_word' id='word_1_203' title='bbox 962 1772 997 1808; x_wconf 82' lang='grc' dir='ltr'><strong>ἐν</strong></span> <span class='ocrx_word' id='word_1_204' title='bbox 1029 1771 1123 1823; x_wconf 84' lang='grc' dir='ltr'>αὐτῷ</span> 
     </span>
    </p>
   </div>
   <div class='ocr_carea' id='block_1_3' title="bbox 36 1823 1122 1882">
    <p class='ocr_par' dir='ltr' id='par_1_8' title="bbox 36 1823 1122 1882">
     <span class='ocr_line' id='line_1_29' title="bbox 36 1823 1122 1882; baseline -0.002 -15"><span class='ocrx_word' id='word_1_205' title='bbox 36 1828 39 1829; x_wconf 41' lang='grc'>’</span> <span class='ocrx_word' id='word_1_206' title='bbox 83 1829 336 1880; x_wconf 88' lang='grc' dir='ltr'>ποιησαμένους</span> <span class='ocrx_word' id='word_1_207' title='bbox 349 1831 398 1881; x_wconf 82' lang='grc' dir='ltr'><strong>τῷ</strong></span> <span class='ocrx_word' id='word_1_208' title='bbox 411 1830 507 1881; x_wconf 83' lang='grc' dir='ltr'>τόπῳ</span> <span class='ocrx_word' id='word_1_209' title='bbox 523 1829 578 1882; x_wconf 73' lang='grc' dir='ltr'><strong>ὑφ’</strong></span> <span class='ocrx_word' id='word_1_210' title='bbox 591 1828 736 1879; x_wconf 85' lang='grc' dir='ltr'>ἡγεμόνι</span> <span class='ocrx_word' id='word_1_211' title='bbox 756 1828 905 1874; x_wconf 76' lang='grc' dir='ltr'>Βύζαντι</span> <span class='ocrx_word' id='word_1_212' title='bbox 915 1859 925 1879; x_wconf 85' lang='grc'>,</span> <span class='ocrx_word' id='word_1_213' title='bbox 940 1823 1046 1882; x_wconf 73' lang='grc' dir='ltr'>οῧπερ</span> <span class='ocrx_word' id='word_1_214' title='bbox 1060 1829 1122 1875; x_wconf 80' lang='grc' dir='ltr'><strong>τὴν</strong></span> 
     </span>
    </p>
   </div>
   <div class='ocr_carea' id='block_1_4' title="bbox 83 1887 1123 2054">
    <p class='ocr_par' dir='ltr' id='par_1_9' title="bbox 83 1887 1123 2054">
     <span class='ocr_line' id='line_1_30' title="bbox 83 1887 1122 1940; baseline -0.001 -15"><span class='ocrx_word' id='word_1_215' title='bbox 83 1887 316 1940; x_wconf 87' lang='grc' dir='ltr'>προσηγορίαν</span> <span class='ocrx_word' id='word_1_216' title='bbox 350 1888 534 1938; x_wconf 79' lang='grc' dir='ltr'>μυθεύουσι</span> <span class='ocrx_word' id='word_1_217' title='bbox 553 1891 596 1938; x_wconf 83' lang='grc' dir='ltr'><strong>τῇ</strong></span> <span class='ocrx_word' id='word_1_218' title='bbox 618 1887 716 1926; x_wconf 88' lang='grc' dir='ltr'>πόλει</span> <span class='ocrx_word' id='word_1_219' title='bbox 736 1891 980 1940; x_wconf 73' lang='grc' dir='ltr'>προστεθῆναι.</span> <span class='ocrx_word' id='word_1_220' title='bbox 1003 1888 1122 1926; x_wconf 79' lang='grc' dir='ltr'>Ἄλλοι</span> 
     </span>
     <span class='ocr_line' id='line_1_31' title="bbox 84 1945 1121 1998; baseline 0 -14"><span class='ocrx_word' id='word_1_221' title='bbox 84 1946 120 1984; x_wconf 84' lang='grc' dir='ltr'><strong>δὲ</strong></span> <span class='ocrx_word' id='word_1_222' title='bbox 140 1946 338 1998; x_wconf 86' lang='grc' dir='ltr'>Σεμέστρης</span> <span class='ocrx_word' id='word_1_223' title='bbox 357 1949 417 1990; x_wconf 69' lang='grc' dir='ltr'><strong>τῆς</strong></span> <span class='ocrx_word' id='word_1_224' title='bbox 436 1946 623 1997; x_wconf 78' lang='grc' dir='ltr'>ἐπιχωρίου</span> <span class='ocrx_word' id='word_1_225' title='bbox 643 1945 778 1998; x_wconf 74' lang='grc' dir='ltr'>νύμφης</span> <span class='ocrx_word' id='word_1_226' title='bbox 798 1946 907 1984; x_wconf 80' lang='grc' dir='ltr'>παῖδά</span> <span class='ocrx_word' id='word_1_227' title='bbox 928 1962 1003 1984; x_wconf 84' lang='grc' dir='ltr'>τινα</span> <span class='ocrx_word' id='word_1_228' title='bbox 1021 1962 1121 1996; x_wconf 86' lang='grc' dir='ltr'>γεγο-</span> 
     </span>
     <span class='ocr_line' id='line_1_32' title="bbox 85 1998 1123 2054; baseline -0.003 -10"><span class='ocrx_word' id='word_1_229' title='bbox 85 2004 168 2046; x_wconf 86' lang='grc' dir='ltr'>νότα</span> <span class='ocrx_word' id='word_1_230' title='bbox 196 2004 254 2042; x_wconf 84' lang='grc' dir='ltr'><strong>τὸν</strong></span> <span class='ocrx_word' id='word_1_231' title='bbox 284 2003 444 2049; x_wconf 86' lang='grc' dir='ltr'>Βύζαντα</span> <span class='ocrx_word' id='word_1_232' title='bbox 475 2004 770 2043; x_wconf 81' lang='grc' dir='ltr'>ἅναπλάττουσσι.</span> <span class='ocrx_word' id='word_1_233' title='bbox 829 2005 870 2054; x_wconf 80' lang='grc'><strong>(6)</strong></span> <span class='ocrx_word' id='word_1_234' title='bbox 905 2006 951 2043; x_wconf 85' lang='grc' dir='ltr'><strong>Οἱ</strong></span> <span class='ocrx_word' id='word_1_235' title='bbox 973 2003 1034 2054; x_wconf 81' lang='grc' dir='ltr'><strong>μὲν</strong></span> <span class='ocrx_word' id='word_1_236' title='bbox 1065 1998 1123 2042; x_wconf 66' lang='grc' dir='ltr'><strong>οὖν</strong></span> 
     </span>
    </p>
   </div>
   <div class='ocr_carea' id='block_1_5' title="bbox 2149 191 2218 222">
    <p class='ocr_par' dir='ltr' id='par_1_10' title="bbox 2149 191 2218 222">
     <span class='ocr_line' id='line_1_33' title="bbox 2149 191 2218 222; baseline 0 0"><span class='ocrx_word' id='word_1_237' title='bbox 2149 191 2218 222; x_wconf 73' lang='grc'><strong>147</strong></span> 
     </span>
    </p>
   </div>
   <div class='ocr_carea' id='block_1_6' title="bbox 1184 267 2247 759">
    <p class='ocr_par' dir='ltr' id='par_1_11' title="bbox 1184 267 2247 759">
     <span class='ocr_line' id='line_1_34' title="bbox 1186 267 2224 315; baseline 0.007 -16"><span class='ocrx_word' id='word_1_238' title='bbox 1186 267 1333 308; x_wconf 83' lang='lat' dir='ltr'><strong>tenebat,</strong></span> <span class='ocrx_word' id='word_1_239' title='bbox 1344 277 1460 300; x_wconf 89' lang='lat' dir='ltr'><strong>novam</strong></span> <span class='ocrx_word' id='word_1_240' title='bbox 1472 269 1612 302; x_wconf 72' lang='lat' dir='ltr'><strong>condidit</strong></span> <span class='ocrx_word' id='word_1_241' title='bbox 1620 271 1755 302; x_wconf 84' lang='lat' dir='ltr'>Romam</span> <span class='ocrx_word' id='word_1_242' title='bbox 1765 295 1774 311; x_wconf 90' lang='lat'>‚</span> <span class='ocrx_word' id='word_1_243' title='bbox 1785 281 1882 312; x_wconf 86' lang='lat' dir='ltr'><strong>quam</strong></span> <span class='ocrx_word' id='word_1_244' title='bbox 1890 273 2001 305; x_wconf 89' lang='lat' dir='ltr'><strong>eodem</strong></span> <span class='ocrx_word' id='word_1_245' title='bbox 2011 282 2076 313; x_wconf 89' lang='lat' dir='ltr'><strong>quo</strong></span> <span class='ocrx_word' id='word_1_246' title='bbox 2089 274 2224 315; x_wconf 87' lang='lat' dir='ltr'>priorem</span> 
     </span>
     <span class='ocr_line' id='line_1_35' title="bbox 1185 335 2226 382; baseline 0.009 -16"><span class='ocrx_word' id='word_1_247' title='bbox 1185 335 1314 368; x_wconf 88' lang='lat' dir='ltr'><strong>nomine</strong></span> <span class='ocrx_word' id='word_1_248' title='bbox 1326 344 1363 368; x_wconf 88' lang='lat' dir='ltr'><strong>ac</strong></span> <span class='ocrx_word' id='word_1_249' title='bbox 1377 337 1448 368; x_wconf 91' lang='lat' dir='ltr'><strong>loco</strong></span> <span class='ocrx_word' id='word_1_250' title='bbox 1460 346 1528 370; x_wconf 90' lang='lat' dir='ltr'><strong>esse</strong></span> <span class='ocrx_word' id='word_1_251' title='bbox 1537 338 1647 370; x_wconf 90' lang='lat' dir='ltr'><strong>voluit.</strong></span> <span class='ocrx_word' id='word_1_252' title='bbox 1661 341 1734 371; x_wconf 87' lang='lat' dir='ltr'><strong>Jam</strong></span> <span class='ocrx_word' id='word_1_253' title='bbox 1744 339 1827 371; x_wconf 84' lang='lat' dir='ltr'><strong>enim</strong></span> <span class='ocrx_word' id='word_1_254' title='bbox 1837 364 1846 379; x_wconf 90' lang='lat'><strong>,</strong></span> <span class='ocrx_word' id='word_1_255' title='bbox 1861 349 1961 380; x_wconf 88' lang='lat' dir='ltr'><strong>quum</strong></span> <span class='ocrx_word' id='word_1_256' title='bbox 1976 342 2008 373; x_wconf 93' lang='lat' dir='ltr'><strong>et</strong></span> <span class='ocrx_word' id='word_1_257' title='bbox 2017 342 2226 382; x_wconf 88' lang='lat' dir='ltr'><strong>tyrannorum</strong></span> 
     </span>
     <span class='ocr_line' id='line_1_36' title="bbox 1185 403 2226 450; baseline 0.006 -15"><span class='ocrx_word' id='word_1_258' title='bbox 1185 404 1217 435; x_wconf 87' lang='lat' dir='ltr'><strong>et</strong></span> <span class='ocrx_word' id='word_1_259' title='bbox 1235 412 1344 444; x_wconf 85' lang='lat' dir='ltr'><strong>regum</strong></span> <span class='ocrx_word' id='word_1_260' title='bbox 1370 403 1503 444; x_wconf 84' lang='lat' dir='ltr'><strong>imperio</strong></span> <span class='ocrx_word' id='word_1_261' title='bbox 1525 405 1640 445; x_wconf 85' lang='lat' dir='ltr'><strong>saepius</strong></span> <span class='ocrx_word' id='word_1_262' title='bbox 1667 405 1779 437; x_wconf 86' lang='lat' dir='ltr'><strong>civitas</strong></span> <span class='ocrx_word' id='word_1_263' title='bbox 1802 406 1947 446; x_wconf 86' lang='lat' dir='ltr'><strong>subjecta</strong></span> <span class='ocrx_word' id='word_1_264' title='bbox 1969 407 2078 440; x_wconf 85' lang='lat' dir='ltr'><strong>luisset</strong></span> <span class='ocrx_word' id='word_1_265' title='bbox 2089 432 2098 448; x_wconf 94' lang='lat'><strong>,</strong></span> <span class='ocrx_word' id='word_1_266' title='bbox 2128 411 2226 450; x_wconf 90' lang='lat' dir='ltr'><strong>atque</strong></span> 
     </span>
     <span class='ocr_line' id='line_1_37' title="bbox 1185 470 2226 513; baseline 0.007 -12"><span class='ocrx_word' id='word_1_267' title='bbox 1185 470 1402 502; x_wconf 86' lang='lat' dir='ltr'><strong>aristocratica</strong></span> <span class='ocrx_word' id='word_1_268' title='bbox 1414 471 1446 503; x_wconf 91' lang='lat' dir='ltr'><strong>et</strong></span> <span class='ocrx_word' id='word_1_269' title='bbox 1461 470 1676 503; x_wconf 87' lang='lat' dir='ltr'><strong>democratica</strong></span> <span class='ocrx_word' id='word_1_270' title='bbox 1688 480 1795 503; x_wconf 89' lang='lat' dir='ltr'><strong>rerum</strong></span> <span class='ocrx_word' id='word_1_271' title='bbox 1810 472 2011 513; x_wconf 88' lang='lat' dir='ltr'><strong>publicarum</strong></span> <span class='ocrx_word' id='word_1_272' title='bbox 2027 474 2226 508; x_wconf 86' lang='lat' dir='ltr'><strong>administra-</strong></span> 
     </span>
     <span class='ocr_line' id='line_1_38' title="bbox 1184 532 2247 580; baseline 0.006 -14"><span class='ocrx_word' id='word_1_273' title='bbox 1184 535 1270 567; x_wconf 82' lang='lat' dir='ltr'>tione</span> <span class='ocrx_word' id='word_1_274' title='bbox 1281 543 1340 567; x_wconf 89' lang='lat' dir='ltr'><strong>usa</strong></span> <span class='ocrx_word' id='word_1_275' title='bbox 1350 538 1451 575; x_wconf 82' lang='lat' dir='ltr'><strong>esset,</strong></span> <span class='ocrx_word' id='word_1_276' title='bbox 1467 535 1598 567; x_wconf 87' lang='lat' dir='ltr'><strong>tandem</strong></span> <span class='ocrx_word' id='word_1_277' title='bbox 1616 536 1644 568; x_wconf 91' lang='lat' dir='ltr'><strong>ei</strong></span> <span class='ocrx_word' id='word_1_278' title='bbox 1661 535 1700 578; x_wconf 84' lang='lat' dir='ltr'><strong>ad</strong></span> <span class='ocrx_word' id='word_1_279' title='bbox 1714 536 1814 568; x_wconf 89' lang='lat' dir='ltr'><strong>hocce</strong></span> <span class='ocrx_word' id='word_1_280' title='bbox 1827 537 2054 577; x_wconf 84' lang='lat' dir='ltr'><strong>magnitudinis</strong></span> <span class='ocrx_word' id='word_1_281' title='bbox 2068 539 2225 580; x_wconf 78' lang='lat' dir='ltr'><strong>fastigium</strong></span> <span class='ocrx_word' id='word_1_282' title='bbox 2244 532 2247 534; x_wconf 61' lang='grc'><strong>’</strong></span> 
     </span>
     <span class='ocr_line' id='line_1_39' title="bbox 1185 598 2226 645; baseline 0.005 -15"><span class='ocrx_word' id='word_1_283' title='bbox 1185 598 1291 644; x_wconf 77' lang='lat' dir='ltr'><strong>efferri</strong></span> <span class='ocrx_word' id='word_1_284' title='bbox 1309 599 1452 640; x_wconf 88' lang='lat' dir='ltr'><strong>contigit.</strong></span> <span class='ocrx_word' id='word_1_285' title='bbox 1473 599 1517 640; x_wconf 83' lang='lat'><strong>(2)</strong></span> <span class='ocrx_word' id='word_1_286' title='bbox 1534 599 1632 632; x_wconf 76' lang='lat' dir='ltr'><strong>Nobis</strong></span> <span class='ocrx_word' id='word_1_287' title='bbox 1642 608 1892 641; x_wconf 83' lang='lat' dir='ltr'><strong>vero‚quaenam</strong></span> <span class='ocrx_word' id='word_1_288' title='bbox 1909 601 1977 641; x_wconf 88' lang='lat' dir='ltr'><strong>ejus</strong></span> <span class='ocrx_word' id='word_1_289' title='bbox 1991 601 2107 634; x_wconf 83' lang='lat' dir='ltr'><strong>ruerint</strong></span> <span class='ocrx_word' id='word_1_290' title='bbox 2119 603 2226 645; x_wconf 88' lang='lat' dir='ltr'><strong>initia,</strong></span> 
     </span>
     <span class='ocr_line' id='line_1_40' title="bbox 1184 662 2227 704; baseline 0.005 -11"><span class='ocrx_word' id='word_1_291' title='bbox 1184 663 1216 694; x_wconf 88' lang='lat' dir='ltr'><strong>et</strong></span> <span class='ocrx_word' id='word_1_292' title='bbox 1226 670 1244 693; x_wconf 88' lang='lat' dir='ltr'><strong>a</strong></span> <span class='ocrx_word' id='word_1_293' title='bbox 1259 662 1376 702; x_wconf 89' lang='lat' dir='ltr'><strong>quibus</strong></span> <span class='ocrx_word' id='word_1_294' title='bbox 1388 662 1517 694; x_wconf 90' lang='lat' dir='ltr'><strong>condita</strong></span> <span class='ocrx_word' id='word_1_295' title='bbox 1532 662 1584 701; x_wconf 88' lang='lat' dir='ltr'><strong>sit,</strong></span> <span class='ocrx_word' id='word_1_296' title='bbox 1600 671 1639 694; x_wconf 81' lang='lat' dir='ltr'><strong>ex</strong></span> <span class='ocrx_word' id='word_1_297' title='bbox 1652 663 1854 696; x_wconf 84' lang='lat' dir='ltr'><strong>vetustorum</strong></span> <span class='ocrx_word' id='word_1_298' title='bbox 1869 665 2035 704; x_wconf 89' lang='lat' dir='ltr'><strong>poetarum</strong></span> <span class='ocrx_word' id='word_1_299' title='bbox 2051 666 2084 697; x_wconf 82' lang='lat' dir='ltr'><strong>et</strong></span> <span class='ocrx_word' id='word_1_300' title='bbox 2099 666 2227 698; x_wconf 90' lang='lat' dir='ltr'><strong>histori-</strong></span> 
     </span>
     <span class='ocr_line' id='line_1_41' title="bbox 1184 726 1781 759; baseline 0.003 -2"><span class='ocrx_word' id='word_1_301' title='bbox 1184 734 1296 757; x_wconf 88' lang='lat' dir='ltr'><strong>corum</strong></span> <span class='ocrx_word' id='word_1_302' title='bbox 1311 726 1493 758; x_wconf 76' lang='lat' dir='ltr'><strong>narratione</strong></span> <span class='ocrx_word' id='word_1_303' title='bbox 1509 726 1710 758; x_wconf 81' lang='lat' dir='ltr'><strong>referendum</strong></span> <span class='ocrx_word' id='word_1_304' title='bbox 1723 728 1781 759; x_wconf 88' lang='lat' dir='ltr'><strong>est.</strong></span> 
     </span>
    </p>
   </div>
   <div class='ocr_carea' id='block_1_7' title="bbox 1185 790 2228 891">
    <p class='ocr_par' dir='ltr' id='par_1_12' title="bbox 1185 790 2228 891">
     <span class='ocr_line' id='line_1_42' title="bbox 1226 790 2228 835; baseline 0.004 -12"><span class='ocrx_word' id='word_1_305' title='bbox 1226 795 1256 823; x_wconf 87' lang='grc'><strong>3.</strong></span> <span class='ocrx_word' id='word_1_306' title='bbox 1269 793 1314 822; x_wconf 81' lang='lat' dir='ltr'><strong>Ac</strong></span> <span class='ocrx_word' id='word_1_307' title='bbox 1328 791 1412 822; x_wconf 87' lang='lat' dir='ltr'><strong>sama</strong></span> <span class='ocrx_word' id='word_1_308' title='bbox 1423 790 1554 831; x_wconf 82' lang='lat' dir='ltr'><strong>quidem</strong></span> <span class='ocrx_word' id='word_1_309' title='bbox 1570 790 1643 831; x_wconf 83' lang='lat' dir='ltr'><strong>fert,</strong></span> <span class='ocrx_word' id='word_1_310' title='bbox 1660 790 1792 833; x_wconf 86' lang='lat' dir='ltr'><strong>Argivos</strong></span> <span class='ocrx_word' id='word_1_311' title='bbox 1802 793 1954 833; x_wconf 88' lang='lat' dir='ltr'><strong>primum,</strong></span> <span class='ocrx_word' id='word_1_312' title='bbox 1969 802 2071 834; x_wconf 88' lang='lat' dir='ltr'><strong>quum</strong></span> <span class='ocrx_word' id='word_1_313' title='bbox 2085 803 2104 826; x_wconf 89' lang='lat' dir='ltr'><strong>a</strong></span> <span class='ocrx_word' id='word_1_314' title='bbox 2118 795 2228 835; x_wconf 85' lang='lat' dir='ltr'><strong>Pythia</strong></span> 
     </span>
     <span class='ocr_line' id='line_1_43' title="bbox 1185 850 1606 891; baseline 0 -9"><span class='ocrx_word' id='word_1_315' title='bbox 1185 859 1369 890; x_wconf 85' lang='lat' dir='ltr'><strong>responsum</strong></span> <span class='ocrx_word' id='word_1_316' title='bbox 1385 850 1579 891; x_wconf 84' lang='lat' dir='ltr'><strong>accepissent</strong></span> <span class='ocrx_word' id='word_1_317' title='bbox 1598 864 1606 882; x_wconf 70' lang='grc' dir='ltr'>ε</span> 
     </span>
    </p>
   </div>
   <div class='ocr_carea' id='block_1_8' title="bbox 1253 924 2015 1100">
    <p class='ocr_par' dir='ltr' id='par_1_13' title="bbox 1253 924 2001 1008">
     <span class='ocr_line' id='line_1_44' title="bbox 1254 924 2001 961; baseline 0.005 -9"><span class='ocrx_word' id='word_1_318' title='bbox 1254 924 1364 952; x_wconf 82' lang='lat' dir='ltr'><strong>Felices</strong></span> <span class='ocrx_word' id='word_1_319' title='bbox 1375 924 1427 960; x_wconf 87' lang='lat' dir='ltr'><strong>illi,</strong></span> <span class='ocrx_word' id='word_1_320' title='bbox 1440 925 1492 961; x_wconf 87' lang='lat' dir='ltr'><strong>qui</strong></span> <span class='ocrx_word' id='word_1_321' title='bbox 1504 925 1608 954; x_wconf 89' lang='lat' dir='ltr'><strong>urbem</strong></span> <span class='ocrx_word' id='word_1_322' title='bbox 1624 925 1710 954; x_wconf 86' lang='lat' dir='ltr'><strong>istam</strong></span> <span class='ocrx_word' id='word_1_323' title='bbox 1722 933 1838 955; x_wconf 81' lang='lat' dir='ltr'><strong>sacram</strong></span> <span class='ocrx_word' id='word_1_324' title='bbox 1857 927 2001 960; x_wconf 78' lang='lat' dir='ltr'><strong>incolent,</strong></span> 
     </span>
     <span class='ocr_line' id='line_1_45' title="bbox 1253 971 1851 1008; baseline 0.002 -8"><span class='ocrx_word' id='word_1_325' title='bbox 1253 973 1283 1000; x_wconf 86' lang='lat' dir='ltr'><strong>et</strong></span> <span class='ocrx_word' id='word_1_326' title='bbox 1296 971 1365 999; x_wconf 86' lang='lat' dir='ltr'><strong>litus</strong></span> <span class='ocrx_word' id='word_1_327' title='bbox 1374 971 1531 999; x_wconf 85' lang='lat' dir='ltr'><strong>Thracium</strong></span> <span class='ocrx_word' id='word_1_328' title='bbox 1541 971 1579 1000; x_wconf 88' lang='lat' dir='ltr'><strong>ad</strong></span> <span class='ocrx_word' id='word_1_329' title='bbox 1589 972 1691 1008; x_wconf 85' lang='lat' dir='ltr'><strong>aquosi</strong></span> <span class='ocrx_word' id='word_1_330' title='bbox 1701 980 1734 1001; x_wconf 87' lang='lat' dir='ltr'><strong>os</strong></span> <span class='ocrx_word' id='word_1_331' title='bbox 1746 974 1833 1001; x_wconf 85' lang='lat' dir='ltr'><strong>Ponti</strong></span> <span class='ocrx_word' id='word_1_332' title='bbox 1843 994 1851 1004; x_wconf 83' lang='lat'><strong>.</strong></span> 
     </span>
    </p>

    <p class='ocr_par' dir='ltr' id='par_1_14' title="bbox 1254 1016 1839 1052">
     <span class='ocr_line' id='line_1_46' title="bbox 1254 1016 1839 1052; baseline 0.007 -9"><span class='ocrx_word' id='word_1_333' title='bbox 1254 1016 1304 1047; x_wconf 90' lang='lat' dir='ltr'><strong>ubi</strong></span> <span class='ocrx_word' id='word_1_334' title='bbox 1313 1017 1401 1045; x_wconf 84' lang='lat' dir='ltr'><strong>catuli</strong></span> <span class='ocrx_word' id='word_1_335' title='bbox 1411 1016 1472 1045; x_wconf 92' lang='lat' dir='ltr'><strong>duo</strong></span> <span class='ocrx_word' id='word_1_336' title='bbox 1484 1024 1592 1046; x_wconf 86' lang='lat' dir='ltr'><strong>canum</strong></span> <span class='ocrx_word' id='word_1_337' title='bbox 1603 1018 1738 1046; x_wconf 86' lang='lat' dir='ltr'><strong>lambunt</strong></span> <span class='ocrx_word' id='word_1_338' title='bbox 1748 1026 1839 1052; x_wconf 85' lang='lat' dir='ltr'><strong>mare,</strong></span> 
     </span>
    </p>

    <p class='ocr_par' dir='ltr' id='par_1_15' title="bbox 1254 1063 2015 1100">
     <span class='ocr_line' id='line_1_47' title="bbox 1254 1063 2015 1100; baseline 0.001 -9"><span class='ocrx_word' id='word_1_339' title='bbox 1254 1063 1304 1092; x_wconf 92' lang='lat' dir='ltr'><strong>ubi</strong></span> <span class='ocrx_word' id='word_1_340' title='bbox 1319 1063 1406 1100; x_wconf 87' lang='lat' dir='ltr'><strong>piscis</strong></span> <span class='ocrx_word' id='word_1_341' title='bbox 1416 1071 1579 1100; x_wconf 82' lang='lat' dir='ltr'><strong>cervusque</strong></span> <span class='ocrx_word' id='word_1_342' title='bbox 1590 1065 1699 1100; x_wconf 85' lang='lat' dir='ltr'><strong>pabulo</strong></span> <span class='ocrx_word' id='word_1_343' title='bbox 1709 1068 1874 1094; x_wconf 85' lang='lat' dir='ltr'><strong>vescuntur</strong></span> <span class='ocrx_word' id='word_1_344' title='bbox 1890 1065 1995 1094; x_wconf 86' lang='lat' dir='ltr'><strong>eodem</strong></span> <span class='ocrx_word' id='word_1_345' title='bbox 2007 1075 2015 1092; x_wconf 74' lang='grc' dir='ltr'>ι</span> 
     </span>
    </p>
   </div>
   <div class='ocr_carea' id='block_1_9' title="bbox 1182 1133 2231 1980">
    <p class='ocr_par' dir='ltr' id='par_1_16' title="bbox 1182 1133 2231 1980">
     <span class='ocr_line' id='line_1_48' title="bbox 1183 1133 2226 1175; baseline 0.002 -10"><span class='ocrx_word' id='word_1_346' title='bbox 1183 1142 1258 1166; x_wconf 89' lang='lat' dir='ltr'><strong>suas</strong></span> <span class='ocrx_word' id='word_1_347' title='bbox 1286 1133 1391 1172; x_wconf 75' lang='lat' dir='ltr'><strong>fixisse</strong></span> <span class='ocrx_word' id='word_1_348' title='bbox 1420 1134 1510 1166; x_wconf 84' lang='lat' dir='ltr'><strong>sedes</strong></span> <span class='ocrx_word' id='word_1_349' title='bbox 1532 1143 1570 1166; x_wconf 93' lang='lat' dir='ltr'><strong>eo</strong></span> <span class='ocrx_word' id='word_1_350' title='bbox 1597 1135 1630 1166; x_wconf 92' lang='lat' dir='ltr'><strong>in</strong></span> <span class='ocrx_word' id='word_1_351' title='bbox 1655 1135 1743 1174; x_wconf 93' lang='lat' dir='ltr'><strong>loco,</strong></span> <span class='ocrx_word' id='word_1_352' title='bbox 1769 1135 1801 1166; x_wconf 92' lang='lat' dir='ltr'><strong>in</strong></span> <span class='ocrx_word' id='word_1_353' title='bbox 1826 1144 1891 1175; x_wconf 80' lang='lat' dir='ltr'><strong>quo</strong></span> <span class='ocrx_word' id='word_1_354' title='bbox 1922 1135 2066 1175; x_wconf 87' lang='lat' dir='ltr'><strong>Cydarus</strong></span> <span class='ocrx_word' id='word_1_355' title='bbox 2089 1136 2121 1167; x_wconf 85' lang='lat' dir='ltr'><strong>et</strong></span> <span class='ocrx_word' id='word_1_356' title='bbox 2149 1137 2226 1168; x_wconf 85' lang='lat' dir='ltr'><strong>Bar·</strong></span> 
     </span>
     <span class='ocr_line' id='line_1_49' title="bbox 1184 1205 2228 1246; baseline 0.002 -9"><span class='ocrx_word' id='word_1_357' title='bbox 1184 1205 1276 1246; x_wconf 86' lang='lat' dir='ltr'><strong>byses</strong></span> <span class='ocrx_word' id='word_1_358' title='bbox 1299 1205 1409 1245; x_wconf 85' lang='lat' dir='ltr'><strong>fluvii,</strong></span> <span class='ocrx_word' id='word_1_359' title='bbox 1433 1215 1573 1246; x_wconf 90' lang='lat' dir='ltr'><strong>quorum</strong></span> <span class='ocrx_word' id='word_1_360' title='bbox 1595 1207 1675 1239; x_wconf 88' lang='lat' dir='ltr'><strong>alter</strong></span> <span class='ocrx_word' id='word_1_361' title='bbox 1691 1207 1732 1238; x_wconf 88' lang='lat' dir='ltr'><strong>ab</strong></span> <span class='ocrx_word' id='word_1_362' title='bbox 1753 1207 1862 1246; x_wconf 88' lang='lat' dir='ltr'><strong>arcto,</strong></span> <span class='ocrx_word' id='word_1_363' title='bbox 1881 1207 1961 1238; x_wconf 87' lang='lat' dir='ltr'><strong>alter</strong></span> <span class='ocrx_word' id='word_1_364' title='bbox 1981 1207 2021 1238; x_wconf 91' lang='lat' dir='ltr'><strong>ab</strong></span> <span class='ocrx_word' id='word_1_365' title='bbox 2036 1215 2151 1238; x_wconf 88' lang='lat' dir='ltr'><strong>occasu</strong></span> <span class='ocrx_word' id='word_1_366' title='bbox 2176 1216 2228 1239; x_wconf 87' lang='lat' dir='ltr'><strong>ve-</strong></span> 
     </span>
     <span class='ocr_line' id='line_1_50' title="bbox 1183 1277 2225 1319; baseline 0.004 -11"><span class='ocrx_word' id='word_1_367' title='bbox 1183 1277 1248 1316; x_wconf 88' lang='lat' dir='ltr'><strong>nit,</strong></span> <span class='ocrx_word' id='word_1_368' title='bbox 1289 1277 1376 1317; x_wconf 86' lang='lat' dir='ltr'><strong>apud</strong></span> <span class='ocrx_word' id='word_1_369' title='bbox 1410 1286 1499 1309; x_wconf 85' lang='lat' dir='ltr'><strong>aram</strong></span> <span class='ocrx_word' id='word_1_370' title='bbox 1536 1279 1704 1310; x_wconf 80' lang='lat' dir='ltr'><strong>Semestrae</strong></span> <span class='ocrx_word' id='word_1_371' title='bbox 1738 1279 1889 1319; x_wconf 79' lang='lat' dir='ltr'><strong>nymphae</strong></span> <span class='ocrx_word' id='word_1_372' title='bbox 1927 1279 2007 1310; x_wconf 85' lang='lat' dir='ltr'><strong>mari</strong></span> <span class='ocrx_word' id='word_1_373' title='bbox 2039 1279 2225 1312; x_wconf 82' lang='lat' dir='ltr'><strong>miscentur.</strong></span> 
     </span>
     <span class='ocr_line' id='line_1_51' title="bbox 1185 1349 2229 1391; baseline 0.003 -12"><span class='ocrx_word' id='word_1_374' title='bbox 1185 1349 1229 1388; x_wconf 77' lang='lat'><strong>(4)</strong></span> <span class='ocrx_word' id='word_1_375' title='bbox 1257 1351 1366 1385; x_wconf 91' lang='lat' dir='ltr'><strong>Quum</strong></span> <span class='ocrx_word' id='word_1_376' title='bbox 1396 1349 1492 1390; x_wconf 85' lang='lat' dir='ltr'><strong>igitur</strong></span> <span class='ocrx_word' id='word_1_377' title='bbox 1514 1352 1546 1381; x_wconf 90' lang='lat' dir='ltr'><strong>in</strong></span> <span class='ocrx_word' id='word_1_378' title='bbox 1565 1351 1684 1382; x_wconf 87' lang='lat' dir='ltr'><strong>terram</strong></span> <span class='ocrx_word' id='word_1_379' title='bbox 1710 1351 1776 1382; x_wconf 81' lang='lat' dir='ltr'><strong>sato</strong></span> <span class='ocrx_word' id='word_1_380' title='bbox 1797 1351 1870 1391; x_wconf 90' lang='lat' dir='ltr'><strong>ipsis</strong></span> <span class='ocrx_word' id='word_1_381' title='bbox 1895 1350 2086 1382; x_wconf 84' lang='lat' dir='ltr'><strong>destinatam</strong></span> <span class='ocrx_word' id='word_1_382' title='bbox 2108 1351 2229 1382; x_wconf 83' lang='lat' dir='ltr'><strong>sacrili-</strong></span> 
     </span>
     <span class='ocr_line' id='line_1_52' title="bbox 1182 1420 2228 1463; baseline 0.004 -12"><span class='ocrx_word' id='word_1_383' title='bbox 1182 1420 1232 1451; x_wconf 91' lang='lat' dir='ltr'><strong>cio</strong></span> <span class='ocrx_word' id='word_1_384' title='bbox 1246 1420 1400 1461; x_wconf 81' lang='lat' dir='ltr'><strong>indigenis</strong></span> <span class='ocrx_word' id='word_1_385' title='bbox 1419 1421 1479 1453; x_wconf 89' lang='lat' dir='ltr'><strong>diis</strong></span> <span class='ocrx_word' id='word_1_386' title='bbox 1495 1421 1644 1461; x_wconf 87' lang='lat' dir='ltr'><strong>litarent,</strong></span> <span class='ocrx_word' id='word_1_387' title='bbox 1658 1431 1778 1454; x_wconf 85' lang='lat' dir='ltr'><strong>corvus</strong></span> <span class='ocrx_word' id='word_1_388' title='bbox 1793 1423 1981 1463; x_wconf 82' lang='lat' dir='ltr'><strong>particulam</strong></span> <span class='ocrx_word' id='word_1_389' title='bbox 1998 1423 2138 1455; x_wconf 80' lang='lat' dir='ltr'><strong>victimae</strong></span> <span class='ocrx_word' id='word_1_390' title='bbox 2156 1433 2228 1456; x_wconf 90' lang='lat' dir='ltr'><strong>sur-</strong></span> 
     </span>
     <span class='ocr_line' id='line_1_53' title="bbox 1184 1492 2227 1535; baseline 0.003 -12"><span class='ocrx_word' id='word_1_391' title='bbox 1184 1493 1306 1532; x_wconf 88' lang='lat' dir='ltr'><strong>reptam</strong></span> <span class='ocrx_word' id='word_1_392' title='bbox 1341 1492 1440 1524; x_wconf 88' lang='lat' dir='ltr'><strong>alium</strong></span> <span class='ocrx_word' id='word_1_393' title='bbox 1473 1493 1507 1525; x_wconf 90' lang='lat' dir='ltr'><strong>in</strong></span> <span class='ocrx_word' id='word_1_394' title='bbox 1540 1493 1648 1525; x_wconf 90' lang='lat' dir='ltr'><strong>locum</strong></span> <span class='ocrx_word' id='word_1_395' title='bbox 1675 1494 1872 1535; x_wconf 85' lang='lat' dir='ltr'><strong>deportavit,</strong></span> <span class='ocrx_word' id='word_1_396' title='bbox 1901 1494 1956 1534; x_wconf 82' lang='lat' dir='ltr'><strong>qui</strong></span> <span class='ocrx_word' id='word_1_397' title='bbox 1983 1497 2143 1535; x_wconf 82' lang='lat' dir='ltr'><strong>Bosporus</strong></span> <span class='ocrx_word' id='word_1_398' title='bbox 2167 1504 2227 1526; x_wconf 90' lang='lat' dir='ltr'><strong>no-</strong></span> 
     </span>
     <span class='ocr_line' id='line_1_54' title="bbox 1184 1565 2228 1610; baseline 0.003 -13"><span class='ocrx_word' id='word_1_399' title='bbox 1184 1565 1376 1610; x_wconf 79' lang='lat' dir='ltr'><strong>minabatur,</strong></span> <span class='ocrx_word' id='word_1_400' title='bbox 1406 1568 1532 1607; x_wconf 86' lang='lat' dir='ltr'><strong>pastore</strong></span> <span class='ocrx_word' id='word_1_401' title='bbox 1554 1568 1695 1599; x_wconf 87' lang='lat' dir='ltr'><strong>volatum</strong></span> <span class='ocrx_word' id='word_1_402' title='bbox 1719 1568 1790 1600; x_wconf 85' lang='lat' dir='ltr'><strong>avis</strong></span> <span class='ocrx_word' id='word_1_403' title='bbox 1816 1568 2002 1600; x_wconf 83' lang='lat' dir='ltr'><strong>indicante:</strong></span> <span class='ocrx_word' id='word_1_404' title='bbox 2024 1569 2109 1600; x_wconf 90' lang='lat' dir='ltr'><strong>unde</strong></span> <span class='ocrx_word' id='word_1_405' title='bbox 2133 1570 2228 1601; x_wconf 85' lang='lat' dir='ltr'><strong>etiam</strong></span> 
     </span>
     <span class='ocr_line' id='line_1_55' title="bbox 1184 1642 2231 1684; baseline 0.002 -11"><span class='ocrx_word' id='word_1_406' title='bbox 1184 1642 1315 1674; x_wconf 85' lang='lat' dir='ltr'><strong>Bucolia</strong></span> <span class='ocrx_word' id='word_1_407' title='bbox 1350 1643 1439 1675; x_wconf 90' lang='lat' dir='ltr'><strong>locus</strong></span> <span class='ocrx_word' id='word_1_408' title='bbox 1466 1643 1519 1675; x_wconf 91' lang='lat' dir='ltr'><strong>ille</strong></span> <span class='ocrx_word' id='word_1_409' title='bbox 1550 1644 1684 1675; x_wconf 87' lang='lat' dir='ltr'><strong>vocatus</strong></span> <span class='ocrx_word' id='word_1_410' title='bbox 1710 1645 1768 1675; x_wconf 90' lang='lat' dir='ltr'><strong>est.</strong></span> <span class='ocrx_word' id='word_1_411' title='bbox 1811 1644 1855 1684; x_wconf 78' lang='lat'><strong>(5)</strong></span> <span class='ocrx_word' id='word_1_412' title='bbox 1880 1644 1939 1675; x_wconf 83' lang='lat' dir='ltr'><strong>Alii</strong></span> <span class='ocrx_word' id='word_1_413' title='bbox 1963 1653 2040 1676; x_wconf 87' lang='lat' dir='ltr'><strong>vero</strong></span> <span class='ocrx_word' id='word_1_414' title='bbox 2067 1644 2231 1676; x_wconf 64' lang='lat' dir='ltr'><strong>memoria*</strong></span> 
     </span>
     <span class='ocr_line' id='line_1_56' title="bbox 1183 1715 2230 1757; baseline 0.002 -11"><span class='ocrx_word' id='word_1_415' title='bbox 1183 1715 1394 1756; x_wconf 83' lang='lat' dir='ltr'><strong>prodiderunt</strong></span> <span class='ocrx_word' id='word_1_416' title='bbox 1428 1718 1625 1757; x_wconf 78' lang='lat' dir='ltr'><strong>Megarenses</strong></span> <span class='ocrx_word' id='word_1_417' title='bbox 1660 1726 1678 1748; x_wconf 89' lang='lat' dir='ltr'><strong>a</strong></span> <span class='ocrx_word' id='word_1_418' title='bbox 1712 1717 1788 1749; x_wconf 87' lang='lat' dir='ltr'><strong>Niso</strong></span> <span class='ocrx_word' id='word_1_419' title='bbox 1823 1725 1921 1757; x_wconf 84' lang='lat' dir='ltr'><strong>genus</strong></span> <span class='ocrx_word' id='word_1_420' title='bbox 1957 1717 2127 1756; x_wconf 84' lang='lat' dir='ltr'><strong>ducentes,</strong></span> <span class='ocrx_word' id='word_1_421' title='bbox 2166 1717 2230 1749; x_wconf 88' lang='lat' dir='ltr'><strong>illic</strong></span> 
     </span>
     <span class='ocr_line' id='line_1_57' title="bbox 1183 1790 2230 1832; baseline 0.003 -12"><span class='ocrx_word' id='word_1_422' title='bbox 1183 1790 1342 1831; x_wconf 86' lang='lat' dir='ltr'><strong>appulisse</strong></span> <span class='ocrx_word' id='word_1_423' title='bbox 1364 1791 1446 1823; x_wconf 88' lang='lat' dir='ltr'><strong>duce</strong></span> <span class='ocrx_word' id='word_1_424' title='bbox 1472 1793 1629 1832; x_wconf 82' lang='lat' dir='ltr'><strong>Byzante,</strong></span> <span class='ocrx_word' id='word_1_425' title='bbox 1656 1800 1674 1823; x_wconf 88' lang='lat' dir='ltr'><strong>a</strong></span> <span class='ocrx_word' id='word_1_426' title='bbox 1696 1801 1761 1832; x_wconf 90' lang='lat' dir='ltr'><strong>quo</strong></span> <span class='ocrx_word' id='word_1_427' title='bbox 1786 1792 1881 1824; x_wconf 87' lang='lat' dir='ltr'><strong>etiam</strong></span> <span class='ocrx_word' id='word_1_428' title='bbox 1910 1791 1982 1823; x_wconf 89' lang='lat' dir='ltr'><strong>urbi</strong></span> <span class='ocrx_word' id='word_1_429' title='bbox 2008 1801 2124 1823; x_wconf 86' lang='lat' dir='ltr'><strong>nomen</strong></span> <span class='ocrx_word' id='word_1_430' title='bbox 2149 1792 2230 1823; x_wconf 85' lang='lat' dir='ltr'><strong>indi·</strong></span> 
     </span>
     <span class='ocr_line' id='line_1_58' title="bbox 1184 1865 2229 1907; baseline 0.002 -12"><span class='ocrx_word' id='word_1_431' title='bbox 1184 1865 1255 1896; x_wconf 89' lang='lat' dir='ltr'><strong>tum</strong></span> <span class='ocrx_word' id='word_1_432' title='bbox 1276 1873 1343 1896; x_wconf 86' lang='lat' dir='ltr'><strong>csse</strong></span> <span class='ocrx_word' id='word_1_433' title='bbox 1368 1865 1493 1897; x_wconf 88' lang='lat' dir='ltr'><strong>volunt.</strong></span> <span class='ocrx_word' id='word_1_434' title='bbox 1520 1866 1580 1897; x_wconf 89' lang='lat' dir='ltr'><strong>Alii</strong></span> <span class='ocrx_word' id='word_1_435' title='bbox 1603 1866 1787 1903; x_wconf 75' lang='lat' dir='ltr'><strong>semestrm,</strong></span> <span class='ocrx_word' id='word_1_436' title='bbox 1810 1865 1963 1906; x_wconf 77' lang='lat' dir='ltr'><strong>indigenae</strong></span> <span class='ocrx_word' id='word_1_437' title='bbox 1995 1866 2162 1907; x_wconf 83' lang='lat' dir='ltr'><strong>nymphae,</strong></span> <span class='ocrx_word' id='word_1_438' title='bbox 2194 1867 2229 1897; x_wconf 81' lang='grc' dir='ltr'><strong>Γι-</strong></span> 
     </span>
     <span class='ocr_line' id='line_1_59' title="bbox 1184 1937 2230 1980; baseline 0.003 -11"><span class='ocrx_word' id='word_1_439' title='bbox 1184 1938 1262 1970; x_wconf 88' lang='lat' dir='ltr'><strong>lium</strong></span> <span class='ocrx_word' id='word_1_440' title='bbox 1290 1940 1462 1979; x_wconf 87' lang='lat' dir='ltr'><strong>Byzantem</strong></span> <span class='ocrx_word' id='word_1_441' title='bbox 1489 1939 1624 1979; x_wconf 77' lang='lat' dir='ltr'><strong>fingunt.</strong></span> <span class='ocrx_word' id='word_1_442' title='bbox 1650 1940 1696 1980; x_wconf 82' lang='lat' dir='ltr'><strong>(G)</strong></span> <span class='ocrx_word' id='word_1_443' title='bbox 1718 1940 1767 1972; x_wconf 90' lang='lat' dir='ltr'><strong>llli</strong></span> <span class='ocrx_word' id='word_1_444' title='bbox 1787 1940 1882 1980; x_wconf 84' lang='lat' dir='ltr'><strong>igitur</strong></span> <span class='ocrx_word' id='word_1_445' title='bbox 1906 1937 2030 1972; x_wconf 81' lang='lat' dir='ltr'><strong>diverse</strong></span> <span class='ocrx_word' id='word_1_446' title='bbox 2054 1940 2094 1971; x_wconf 90' lang='lat' dir='ltr'><strong>de</strong></span> <span class='ocrx_word' id='word_1_447' title='bbox 2121 1940 2180 1972; x_wconf 89' lang='lat' dir='ltr'><strong>hac</strong></span> <span class='ocrx_word' id='word_1_448' title='bbox 2198 1950 2230 1972; x_wconf 89' lang='lat' dir='ltr'><strong>re</strong></span> 
     </span>
    </p>
   </div>
   <div class='ocr_carea' id='block_1_10' title="bbox 1186 2013 2230 2055">
    <p class='ocr_par' dir='ltr' id='par_1_17' title="bbox 1186 2013 2230 2055">
     <span class='ocr_line' id='line_1_60' title="bbox 1186 2013 2230 2055; baseline 0.004 -13"><span class='ocrx_word' id='word_1_449' title='bbox 1186 2013 1335 2051; x_wconf 84' lang='lat' dir='ltr'><strong>narrant;</strong></span> <span class='ocrx_word' id='word_1_450' title='bbox 1360 2021 1417 2043; x_wconf 89' lang='lat' dir='ltr'><strong>nos</strong></span> <span class='ocrx_word' id='word_1_451' title='bbox 1440 2014 1549 2044; x_wconf 86' lang='lat' dir='ltr'><strong>autem</strong></span> <span class='ocrx_word' id='word_1_452' title='bbox 1577 2013 1717 2045; x_wconf 82' lang='lat' dir='ltr'><strong>historiae</strong></span> <span class='ocrx_word' id='word_1_453' title='bbox 1742 2015 1858 2046; x_wconf 83' lang='lat' dir='ltr'><strong>nostrae</strong></span> <span class='ocrx_word' id='word_1_454' title='bbox 1882 2013 2051 2046; x_wconf 89' lang='lat' dir='ltr'><strong>lectoribus</strong></span> <span class='ocrx_word' id='word_1_455' title='bbox 2069 2014 2099 2045; x_wconf 88' lang='lat' dir='ltr'><strong>id</strong></span> <span class='ocrx_word' id='word_1_456' title='bbox 2114 2038 2123 2052; x_wconf 93' lang='lat'><strong>,</strong></span> <span class='ocrx_word' id='word_1_457' title='bbox 2142 2014 2230 2055; x_wconf 88' lang='lat' dir='ltr'><strong>quod</strong></span> 
     </span>
    </p>
   </div>
   <div class='ocr_carea' id='block_1_11' title="bbox 82 2115 2247 2626">
    <p class='ocr_par' dir='ltr' id='par_1_18' title="bbox 82 2115 2247 2626">
     <span class='ocr_line' id='line_1_61' title="bbox 82 2115 2230 2161; baseline 0.002 -15"><span class='ocrx_word' id='word_1_458' title='bbox 82 2116 108 2147; x_wconf 85' lang='lat' dir='ltr'><strong>si</strong></span> <span class='ocrx_word' id='word_1_459' title='bbox 126 2116 200 2147; x_wconf 89' lang='lat' dir='ltr'><strong>hinc</strong></span> <span class='ocrx_word' id='word_1_460' title='bbox 221 2117 306 2147; x_wconf 89' lang='lat' dir='ltr'><strong>retro</strong></span> <span class='ocrx_word' id='word_1_461' title='bbox 328 2115 490 2155; x_wconf 74' lang='lat' dir='ltr'><strong>cyclorum</strong></span> <span class='ocrx_word' id='word_1_462' title='bbox 509 2115 598 2147; x_wconf 90' lang='lat' dir='ltr'><strong>initia</strong></span> <span class='ocrx_word' id='word_1_463' title='bbox 627 2116 876 2155; x_wconf 86' lang='lat' dir='ltr'><strong>computaveris,</strong></span> <span class='ocrx_word' id='word_1_464' title='bbox 897 2116 1018 2147; x_wconf 85' lang='lat' dir='ltr'><strong>videbis</strong></span> <span class='ocrx_word' id='word_1_465' title='bbox 1039 2116 1188 2156; x_wconf 84' lang='lat' dir='ltr'><strong>proelium</strong></span> <span class='ocrx_word' id='word_1_466' title='bbox 1211 2117 1378 2148; x_wconf 85' lang='lat' dir='ltr'><strong>Actiacum</strong></span> <span class='ocrx_word' id='word_1_467' title='bbox 1403 2117 1442 2157; x_wconf 89' lang='lat'><strong>(2</strong></span> <span class='ocrx_word' id='word_1_468' title='bbox 1463 2119 1550 2157; x_wconf 83' lang='lat' dir='ltr'><strong>Sept.</strong></span> <span class='ocrx_word' id='word_1_469' title='bbox 1575 2127 1627 2149; x_wconf 89' lang='lat' dir='ltr'><strong>an.</strong></span> <span class='ocrx_word' id='word_1_470' title='bbox 1653 2119 1735 2157; x_wconf 86' lang='lat'><strong>31),</strong></span> <span class='ocrx_word' id='word_1_471' title='bbox 1758 2120 1795 2151; x_wconf 85' lang='lat' dir='ltr'><strong>ut</strong></span> <span class='ocrx_word' id='word_1_472' title='bbox 1818 2128 1893 2151; x_wconf 84' lang='lat' dir='ltr'><strong>cum</strong></span> <span class='ocrx_word' id='word_1_473' title='bbox 1916 2119 2125 2151; x_wconf 86' lang='lat' dir='ltr'><strong>indictionum</strong></span> <span class='ocrx_word' id='word_1_474' title='bbox 2149 2121 2230 2161; x_wconf 87' lang='lat' dir='ltr'><strong>cycli</strong></span> 
     </span>
     <span class='ocr_line' id='line_1_62' title="bbox 84 2162 2230 2206; baseline 0.001 -12"><span class='ocrx_word' id='word_1_475' title='bbox 84 2162 176 2194; x_wconf 90' lang='lat' dir='ltr'><strong>initio</strong></span> <span class='ocrx_word' id='word_1_476' title='bbox 196 2164 456 2204; x_wconf 86' lang='lat' dir='ltr'><strong>componeretur,</strong></span> <span class='ocrx_word' id='word_1_477' title='bbox 470 2163 700 2195; x_wconf 89' lang='lat' dir='ltr'><strong>removendum</strong></span> <span class='ocrx_word' id='word_1_478' title='bbox 716 2163 811 2194; x_wconf 76' lang='lat' dir='ltr'><strong>fuisse</strong></span> <span class='ocrx_word' id='word_1_479' title='bbox 830 2163 862 2194; x_wconf 89' lang='lat' dir='ltr'><strong>in</strong></span> <span class='ocrx_word' id='word_1_480' title='bbox 879 2171 931 2194; x_wconf 89' lang='lat' dir='ltr'><strong>an.</strong></span> <span class='ocrx_word' id='word_1_481' title='bbox 947 2165 984 2194; x_wconf 83' lang='grc'><strong>34</strong></span> <span class='ocrx_word' id='word_1_482' title='bbox 997 2188 1006 2201; x_wconf 91' lang='grc'>,</span> <span class='ocrx_word' id='word_1_483' title='bbox 1020 2164 1105 2203; x_wconf 89' lang='lat' dir='ltr'><strong>Sept.</strong></span> <span class='ocrx_word' id='word_1_484' title='bbox 1129 2167 1157 2194; x_wconf 89' lang='lat'><strong>1.</strong></span> <span class='ocrx_word' id='word_1_485' title='bbox 1172 2180 1213 2186; x_wconf 88' lang='lat'><em>—</em></span> <span class='ocrx_word' id='word_1_486' title='bbox 1227 2165 1377 2195; x_wconf 86' lang='lat' dir='ltr'><strong>Ceterum</strong></span> <span class='ocrx_word' id='word_1_487' title='bbox 1401 2164 1441 2195; x_wconf 88' lang='lat' dir='ltr'><strong>de</strong></span> <span class='ocrx_word' id='word_1_488' title='bbox 1463 2165 1559 2195; x_wconf 87' lang='lat' dir='ltr'><strong>rebus</strong></span> <span class='ocrx_word' id='word_1_489' title='bbox 1581 2165 1723 2204; x_wconf 87' lang='lat' dir='ltr'><strong>Byzantii</strong></span> <span class='ocrx_word' id='word_1_490' title='bbox 1741 2167 1773 2196; x_wconf 90' lang='lat' dir='ltr'><strong>et</strong></span> <span class='ocrx_word' id='word_1_491' title='bbox 1795 2165 2091 2206; x_wconf 86' lang='lat' dir='ltr'><strong>Constantinopolis</strong></span> <span class='ocrx_word' id='word_1_492' title='bbox 2111 2175 2148 2197; x_wconf 83' lang='lat' dir='ltr'><strong>v.</strong></span> <span class='ocrx_word' id='word_1_493' title='bbox 2181 2168 2230 2197; x_wconf 91' lang='lat' dir='ltr'><strong>Du</strong></span> 
     </span>
     <span class='ocr_line' id='line_1_63' title="bbox 83 2208 2230 2253; baseline 0.002 -12"><span class='ocrx_word' id='word_1_494' title='bbox 83 2211 201 2241; x_wconf 62' lang='lat' dir='ltr'><strong>Fre-&lt;ne</strong></span> <span class='ocrx_word' id='word_1_495' title='bbox 214 2209 355 2250; x_wconf 84' lang='lat' dir='ltr'><strong>Byzantii</strong></span> <span class='ocrx_word' id='word_1_496' title='bbox 367 2209 485 2241; x_wconf 86' lang='lat' dir='ltr'><strong>veteris</strong></span> <span class='ocrx_word' id='word_1_497' title='bbox 497 2209 631 2248; x_wconf 85' lang='lat' dir='ltr'><strong>origines</strong></span> <span class='ocrx_word' id='word_1_498' title='bbox 643 2209 675 2240; x_wconf 91' lang='lat' dir='ltr'><strong>in</strong></span> <span class='ocrx_word' id='word_1_499' title='bbox 687 2208 816 2249; x_wconf 83' lang='lat' dir='ltr'><strong>Scriptt.</strong></span> <span class='ocrx_word' id='word_1_500' title='bbox 829 2211 903 2248; x_wconf 86' lang='lat' dir='ltr'><strong>Byz.</strong></span> <span class='ocrx_word' id='word_1_501' title='bbox 912 2210 992 2240; x_wconf 85' lang='lat' dir='ltr'><strong>tom.</strong></span> <span class='ocrx_word' id='word_1_502' title='bbox 1001 2211 1094 2248; x_wconf 85' lang='lat' dir='ltr'><strong>XlV;</strong></span> <span class='ocrx_word' id='word_1_503' title='bbox 1108 2211 1232 2250; x_wconf 88' lang='lat' dir='ltr'><strong>Gyllius</strong></span> <span class='ocrx_word' id='word_1_504' title='bbox 1244 2214 1289 2243; x_wconf 89' lang='lat' dir='ltr'><strong>De</strong></span> <span class='ocrx_word' id='word_1_505' title='bbox 1304 2214 1443 2253; x_wconf 88' lang='lat' dir='ltr'><strong>Bosporo</strong></span> <span class='ocrx_word' id='word_1_506' title='bbox 1453 2213 1590 2244; x_wconf 85' lang='lat' dir='ltr'><strong>Thracio</strong></span> <span class='ocrx_word' id='word_1_507' title='bbox 1601 2215 1633 2244; x_wconf 87' lang='lat' dir='ltr'><strong>ct</strong></span> <span class='ocrx_word' id='word_1_508' title='bbox 1647 2215 1692 2244; x_wconf 87' lang='lat' dir='ltr'><strong>De</strong></span> <span class='ocrx_word' id='word_1_509' title='bbox 1706 2213 1912 2253; x_wconf 82' lang='lat' dir='ltr'><strong>topographia</strong></span> <span class='ocrx_word' id='word_1_510' title='bbox 1923 2215 2031 2245; x_wconf 84' lang='lat' dir='ltr'><strong>const.</strong></span> <span class='ocrx_word' id='word_1_511' title='bbox 2041 2214 2074 2245; x_wconf 89' lang='lat' dir='ltr'><strong>in</strong></span> <span class='ocrx_word' id='word_1_512' title='bbox 2086 2215 2230 2246; x_wconf 83' lang='lat' dir='ltr'><strong>Gronov.</strong></span> 
     </span>
     <span class='ocr_line' id='line_1_64' title="bbox 85 2256 2232 2300; baseline 0.002 -11"><span class='ocrx_word' id='word_1_513' title='bbox 85 2257 180 2290; x_wconf 78' lang='lat' dir='ltr'><strong>Thes.</strong></span> <span class='ocrx_word' id='word_1_514' title='bbox 194 2259 274 2289; x_wconf 84' lang='lat' dir='ltr'><strong>tom.</strong></span> <span class='ocrx_word' id='word_1_515' title='bbox 289 2259 352 2296; x_wconf 89' lang='lat' dir='ltr'><strong>Vl,</strong></span> <span class='ocrx_word' id='word_1_516' title='bbox 366 2265 398 2297; x_wconf 86' lang='lat' dir='ltr'><strong>p.</strong></span> <span class='ocrx_word' id='word_1_517' title='bbox 417 2259 620 2295; x_wconf 79' lang='lat'>3087-33423</span> <span class='ocrx_word' id='word_1_518' title='bbox 636 2257 776 2288; x_wconf 89' lang='lat' dir='ltr'><strong>Anselm.</strong></span> <span class='ocrx_word' id='word_1_519' title='bbox 801 2256 978 2288; x_wconf 88' lang='lat' dir='ltr'><strong>Bandurius</strong></span> <span class='ocrx_word' id='word_1_520' title='bbox 993 2259 1208 2290; x_wconf 79' lang='lat' dir='ltr'><strong>commentat.</strong></span> <span class='ocrx_word' id='word_1_521' title='bbox 1232 2259 1264 2290; x_wconf 92' lang='lat' dir='ltr'><strong>in</strong></span> <span class='ocrx_word' id='word_1_522' title='bbox 1278 2260 1404 2299; x_wconf 85' lang='lat' dir='ltr'><strong>Antiqq.</strong></span> <span class='ocrx_word' id='word_1_523' title='bbox 1422 2261 1587 2292; x_wconf 81' lang='lat' dir='ltr'><strong>Constant.</strong></span> <span class='ocrx_word' id='word_1_524' title='bbox 1606 2259 1638 2290; x_wconf 92' lang='lat' dir='ltr'><strong>in</strong></span> <span class='ocrx_word' id='word_1_525' title='bbox 1655 2260 1784 2299; x_wconf 85' lang='lat' dir='ltr'><strong>Scriptt.</strong></span> <span class='ocrx_word' id='word_1_526' title='bbox 1808 2262 1881 2300; x_wconf 89' lang='lat' dir='ltr'><strong>Byz.</strong></span> <span class='ocrx_word' id='word_1_527' title='bbox 1898 2261 1977 2292; x_wconf 88' lang='lat' dir='ltr'><strong>tom.</strong></span> <span class='ocrx_word' id='word_1_528' title='bbox 1994 2262 2070 2300; x_wconf 91' lang='lat' dir='ltr'><strong>XV;</strong></span> <span class='ocrx_word' id='word_1_529' title='bbox 2091 2262 2232 2300; x_wconf 84' lang='lat' dir='ltr'><strong>Heynius</strong></span> 
     </span>
     <span class='ocr_line' id='line_1_65' title="bbox 86 2303 2229 2350; baseline 0.002 -14"><span class='ocrx_word' id='word_1_530' title='bbox 86 2304 299 2343; x_wconf 81' lang='lat' dir='ltr'><strong>Antiquitates</strong></span> <span class='ocrx_word' id='word_1_531' title='bbox 319 2304 503 2344; x_wconf 84' lang='lat' dir='ltr'><strong>Byzantinae</strong></span> <span class='ocrx_word' id='word_1_532' title='bbox 525 2303 558 2335; x_wconf 91' lang='lat' dir='ltr'><strong>in</strong></span> <span class='ocrx_word' id='word_1_533' title='bbox 572 2304 767 2335; x_wconf 89' lang='lat' dir='ltr'><strong>Commentt.</strong></span> <span class='ocrx_word' id='word_1_534' title='bbox 785 2304 857 2350; x_wconf 53' lang='lat' dir='ltr'><strong>S&#39;oc.</strong></span> <span class='ocrx_word' id='word_1_535' title='bbox 873 2303 1014 2343; x_wconf 86' lang='lat' dir='ltr'><strong>Gotting.</strong></span> <span class='ocrx_word' id='word_1_536' title='bbox 1040 2307 1136 2345; x_wconf 85' lang='lat'>18093</span> <span class='ocrx_word' id='word_1_537' title='bbox 1155 2305 1245 2338; x_wconf 84' lang='lat' dir='ltr'><strong>Alex.</strong></span> <span class='ocrx_word' id='word_1_538' title='bbox 1264 2306 1391 2338; x_wconf 87' lang='lat' dir='ltr'><strong>Falkius</strong></span> <span class='ocrx_word' id='word_1_539' title='bbox 1414 2309 1460 2338; x_wconf 89' lang='lat' dir='ltr'><strong>De</strong></span> <span class='ocrx_word' id='word_1_540' title='bbox 1477 2307 1598 2346; x_wconf 83' lang='lat' dir='ltr'><strong>origine</strong></span> <span class='ocrx_word' id='word_1_541' title='bbox 1615 2307 1769 2346; x_wconf 88' lang='lat' dir='ltr'><strong>Byzantii.</strong></span> <span class='ocrx_word' id='word_1_542' title='bbox 1788 2307 1960 2340; x_wconf 81' lang='lat' dir='ltr'><strong>Vratislav.</strong></span> <span class='ocrx_word' id='word_1_543' title='bbox 1980 2310 2071 2339; x_wconf 88' lang='grc'><strong>1829.</strong></span> <span class='ocrx_word' id='word_1_544' title='bbox 2090 2308 2229 2340; x_wconf 90' lang='lat' dir='ltr'><strong>Gibbon.</strong></span> 
     </span>
     <span class='ocr_line' id='line_1_66' title="bbox 90 2350 2247 2393; baseline 0.001 -10"><span class='ocrx_word' id='word_1_545' title='bbox 90 2354 181 2384; x_wconf 74' lang='lat' dir='ltr'><strong>Hist.</strong></span> <span class='ocrx_word' id='word_1_546' title='bbox 198 2352 240 2390; x_wconf 81' lang='lat' dir='ltr'><strong>of</strong></span> <span class='ocrx_word' id='word_1_547' title='bbox 259 2352 315 2384; x_wconf 82' lang='lat' dir='ltr'><strong>the</strong></span> <span class='ocrx_word' id='word_1_548' title='bbox 329 2351 461 2383; x_wconf 78' lang='lat' dir='ltr'><strong>decline</strong></span> <span class='ocrx_word' id='word_1_549' title='bbox 474 2350 546 2383; x_wconf 87' lang='lat' dir='ltr'><strong>and</strong></span> <span class='ocrx_word' id='word_1_550' title='bbox 560 2350 639 2390; x_wconf 84' lang='lat' dir='ltr'><strong>fall</strong></span> <span class='ocrx_word' id='word_1_551' title='bbox 656 2352 719 2383; x_wconf 83' lang='lat' dir='ltr'><strong>etc.</strong></span> <span class='ocrx_word' id='word_1_552' title='bbox 740 2351 831 2391; x_wconf 88' lang='lat' dir='ltr'><strong>chap.</strong></span> <span class='ocrx_word' id='word_1_553' title='bbox 848 2352 957 2389; x_wconf 77' lang='lat' dir='ltr'><strong>XVII,</strong></span> <span class='ocrx_word' id='word_1_554' title='bbox 981 2351 1048 2382; x_wconf 92' lang='lat' dir='ltr'><strong>not.</strong></span> <span class='ocrx_word' id='word_1_555' title='bbox 1073 2356 1102 2383; x_wconf 87' lang='lat'><strong>2.</strong></span> <span class='ocrx_word' id='word_1_556' title='bbox 1123 2354 1154 2384; x_wconf 88' lang='lat' dir='ltr'><strong>J.</strong></span> <span class='ocrx_word' id='word_1_557' title='bbox 1177 2353 1350 2393; x_wconf 88' lang='lat' dir='ltr'><strong>Dallaway.</strong></span> <span class='ocrx_word' id='word_1_558' title='bbox 1372 2353 1651 2393; x_wconf 61' lang='lat' dir='ltr'><strong>constantinople</strong></span> <span class='ocrx_word' id='word_1_559' title='bbox 1667 2354 1806 2384; x_wconf 75' lang='lat' dir='ltr'><strong>ancient</strong></span> <span class='ocrx_word' id='word_1_560' title='bbox 1823 2353 1895 2384; x_wconf 85' lang='lat' dir='ltr'><strong>and</strong></span> <span class='ocrx_word' id='word_1_561' title='bbox 1911 2353 2064 2385; x_wconf 81' lang='lat' dir='ltr'><strong>modern.</strong></span> <span class='ocrx_word' id='word_1_562' title='bbox 2083 2353 2247 2386; x_wconf 71' lang='lat' dir='ltr'><strong>London.&#39;</strong></span> 
     </span>
     <span class='ocr_line' id='line_1_67' title="bbox 93 2397 2231 2438; baseline 0.001 -8"><span class='ocrx_word' id='word_1_563' title='bbox 93 2402 189 2437; x_wconf 75' lang='grc'>1794,</span> <span class='ocrx_word' id='word_1_564' title='bbox 202 2402 231 2432; x_wconf 82' lang='grc'><strong>4.</strong></span> <span class='ocrx_word' id='word_1_565' title='bbox 247 2401 410 2431; x_wconf 86' lang='lat' dir='ltr'><strong>Hammer.</strong></span> <span class='ocrx_word' id='word_1_566' title='bbox 427 2399 739 2438; x_wconf 73' lang='lat' dir='ltr'><strong>Constantinopolis</strong></span> <span class='ocrx_word' id='word_1_567' title='bbox 750 2398 826 2430; x_wconf 84' lang='lat' dir='ltr'><strong>und</strong></span> <span class='ocrx_word' id='word_1_568' title='bbox 838 2397 898 2430; x_wconf 83' lang='lat' dir='ltr'><strong>cler</strong></span> <span class='ocrx_word' id='word_1_569' title='bbox 914 2400 1102 2437; x_wconf 79' lang='lat' dir='ltr'><strong>Bosporus,</strong></span> <span class='ocrx_word' id='word_1_570' title='bbox 1116 2399 1242 2432; x_wconf 73' lang='lat' dir='ltr'><strong>ortlich</strong></span> <span class='ocrx_word' id='word_1_571' title='bbox 1256 2407 1290 2430; x_wconf 82' lang='lat' dir='ltr'><strong>u.</strong></span> <span class='ocrx_word' id='word_1_572' title='bbox 1305 2399 1545 2438; x_wconf 75' lang='lat' dir='ltr'><strong>yeschichllz&#39;ch</strong></span> <span class='ocrx_word' id='word_1_573' title='bbox 1562 2400 1784 2432; x_wconf 61' lang='lat' dir='ltr'><strong>boschi-tehen.</strong></span> <span class='ocrx_word' id='word_1_574' title='bbox 1799 2401 1905 2433; x_wconf 85' lang='lat' dir='ltr'><strong>Pesth.</strong></span> <span class='ocrx_word' id='word_1_575' title='bbox 1924 2404 2016 2433; x_wconf 85' lang='grc'><strong>1820.</strong></span> <span class='ocrx_word' id='word_1_576' title='bbox 2035 2406 2052 2432; x_wconf 91' lang='grc'><strong>2</strong></span> <span class='ocrx_word' id='word_1_577' title='bbox 2073 2401 2150 2433; x_wconf 84' lang='lat' dir='ltr'><strong>voli.</strong></span> <span class='ocrx_word' id='word_1_578' title='bbox 2166 2405 2231 2433; x_wconf 84' lang='lat' dir='ltr'><strong>An-</strong></span> 
     </span>
     <span class='ocr_line' id='line_1_68' title="bbox 86 2444 2230 2487; baseline 0.001 -10"><span class='ocrx_word' id='word_1_579' title='bbox 86 2445 208 2486; x_wconf 82' lang='lat' dir='ltr'><strong>dreosly</strong></span> <span class='ocrx_word' id='word_1_580' title='bbox 231 2445 512 2485; x_wconf 68' lang='lat' dir='ltr'><strong>Constantinople</strong></span> <span class='ocrx_word' id='word_1_581' title='bbox 527 2446 559 2476; x_wconf 74' lang='lat' dir='ltr'><strong>ct</strong></span> <span class='ocrx_word' id='word_1_582' title='bbox 574 2445 604 2476; x_wconf 80' lang='lat' dir='ltr'><strong>lo</strong></span> <span class='ocrx_word' id='word_1_583' title='bbox 618 2445 803 2486; x_wconf 62' lang='lat' dir='ltr'><strong>Bosphore.</strong></span> <span class='ocrx_word' id='word_1_584' title='bbox 819 2444 917 2476; x_wconf 86' lang='lat' dir='ltr'><strong>Paris.</strong></span> <span class='ocrx_word' id='word_1_585' title='bbox 940 2447 1028 2477; x_wconf 83' lang='lat'><strong>1828.</strong></span> <span class='ocrx_word' id='word_1_586' title='bbox 1041 2465 1081 2472; x_wconf 91' lang='lat'>—</span> <span class='ocrx_word' id='word_1_587' title='bbox 1092 2446 1161 2483; x_wconf 80' lang='grc' dir='ltr'><strong>ἤδη</strong></span> <span class='ocrx_word' id='word_1_588' title='bbox 1177 2445 1264 2487; x_wconf 86' lang='grc' dir='ltr'>μὲν]</span> <span class='ocrx_word' id='word_1_589' title='bbox 1278 2446 1336 2477; x_wconf 78' lang='grc' dir='ltr'>ἔδει</span> <span class='ocrx_word' id='word_1_590' title='bbox 1351 2446 1404 2486; x_wconf 84' lang='grc' dir='ltr'><strong>μὲν</strong></span> <span class='ocrx_word' id='word_1_591' title='bbox 1419 2445 1502 2484; x_wconf 80' lang='lat' dir='ltr'><strong>conJ.</strong></span> <span class='ocrx_word' id='word_1_592' title='bbox 1518 2447 1651 2478; x_wconf 86' lang='lat' dir='ltr'><strong>Bastius.</strong></span> <span class='ocrx_word' id='word_1_593' title='bbox 1669 2447 1831 2479; x_wconf 83' lang='lat' dir='ltr'><strong>Excidisse</strong></span> <span class='ocrx_word' id='word_1_594' title='bbox 1844 2447 1979 2479; x_wconf 80' lang='lat' dir='ltr'><strong>verbum</strong></span> <span class='ocrx_word' id='word_1_595' title='bbox 1995 2447 2134 2480; x_wconf 86' lang='lat' dir='ltr'><strong>videtur.</strong></span> <span class='ocrx_word' id='word_1_596' title='bbox 2155 2450 2230 2480; x_wconf 89' lang='lat' dir='ltr'><strong>Post</strong></span> 
     </span>
     <span class='ocr_line' id='line_1_69' title="bbox 86 2490 2232 2534; baseline 0.002 -12"><span class='ocrx_word' id='word_1_597' title='bbox 86 2501 157 2523; x_wconf 83' lang='lat' dir='ltr'><strong>voc.</strong></span> <span class='ocrx_word' id='word_1_598' title='bbox 173 2492 374 2533; x_wconf 84' lang='grc' dir='ltr'>προκείμενον</span> <span class='ocrx_word' id='word_1_599' title='bbox 401 2491 613 2531; x_wconf 87' lang='lat' dir='ltr'><strong>suppleverim</strong></span> <span class='ocrx_word' id='word_1_600' title='bbox 636 2492 760 2529; x_wconf 76' lang='grc' dir='ltr'>συνέὸη.</span> <span class='ocrx_word' id='word_1_601' title='bbox 771 2509 813 2514; x_wconf 86' lang='lat'><strong>—-</strong></span> <span class='ocrx_word' id='word_1_602' title='bbox 828 2490 847 2531; x_wconf 54' lang='grc' dir='ltr'>ὅ</span> <span class='ocrx_word' id='word_1_603' title='bbox 861 2496 891 2523; x_wconf 91' lang='grc'><strong>2.</strong></span> <span class='ocrx_word' id='word_1_604' title='bbox 906 2491 1030 2522; x_wconf 75' lang='grc' dir='ltr'>ὄλὸιοι</span> <span class='ocrx_word' id='word_1_605' title='bbox 1046 2493 1132 2533; x_wconf 82' lang='grc' dir='ltr'>κτλ.]</span> <span class='ocrx_word' id='word_1_606' title='bbox 1146 2491 1287 2525; x_wconf 87' lang='lat' dir='ltr'><strong>Codinus</strong></span> <span class='ocrx_word' id='word_1_607' title='bbox 1299 2493 1331 2523; x_wconf 87' lang='lat' dir='ltr'><strong>et</strong></span> <span class='ocrx_word' id='word_1_608' title='bbox 1345 2492 1465 2523; x_wconf 87' lang='lat' dir='ltr'><strong>Chron.</strong></span> <span class='ocrx_word' id='word_1_609' title='bbox 1481 2493 1680 2525; x_wconf 71' lang='lat' dir='ltr'><strong>constantin.</strong></span> <span class='ocrx_word' id='word_1_610' title='bbox 1697 2493 1822 2525; x_wconf 83' lang='lat' dir='ltr'><strong>nonnisi</strong></span> <span class='ocrx_word' id='word_1_611' title='bbox 1835 2493 1915 2526; x_wconf 89' lang='lat' dir='ltr'><strong>duos</strong></span> <span class='ocrx_word' id='word_1_612' title='bbox 1930 2503 2043 2526; x_wconf 88' lang='lat' dir='ltr'><strong>versus</strong></span> <span class='ocrx_word' id='word_1_613' title='bbox 2056 2495 2232 2534; x_wconf 84' lang='lat' dir='ltr'><strong>postremos</strong></span> 
     </span>
     <span class='ocr_line' id='line_1_70' title="bbox 87 2538 2231 2582; baseline 0.001 -12"><span class='ocrx_word' id='word_1_614' title='bbox 87 2539 256 2577; x_wconf 79' lang='lat' dir='ltr'><strong>exhibent,</strong></span> <span class='ocrx_word' id='word_1_615' title='bbox 272 2547 411 2578; x_wconf 83' lang='lat' dir='ltr'><strong>quorum</strong></span> <span class='ocrx_word' id='word_1_616' title='bbox 431 2538 463 2568; x_wconf 88' lang='lat' dir='ltr'><strong>in</strong></span> <span class='ocrx_word' id='word_1_617' title='bbox 477 2538 580 2577; x_wconf 86' lang='lat' dir='ltr'><strong>priore</strong></span> <span class='ocrx_word' id='word_1_618' title='bbox 596 2538 715 2569; x_wconf 89' lang='lat' dir='ltr'><strong>Chron.</strong></span> <span class='ocrx_word' id='word_1_619' title='bbox 733 2540 770 2570; x_wconf 85' lang='lat' dir='ltr'><strong>C.</strong></span> <span class='ocrx_word' id='word_1_620' title='bbox 787 2538 882 2569; x_wconf 90' lang='lat' dir='ltr'><strong>habet</strong></span> <span class='ocrx_word' id='word_1_621' title='bbox 896 2550 905 2570; x_wconf 68' lang='grc' dir='ltr'>ι</span> <span class='ocrx_word' id='word_1_622' title='bbox 921 2539 1021 2579; x_wconf 83' lang='grc' dir='ltr'>διερὴν</span> <span class='ocrx_word' id='word_1_623' title='bbox 1038 2538 1210 2580; x_wconf 84' lang='grc' dir='ltr'>μάρπτουσι</span> <span class='ocrx_word' id='word_1_624' title='bbox 1223 2539 1382 2570; x_wconf 78' lang='grc' dir='ltr'>θάλασσαν</span> <span class='ocrx_word' id='word_1_625' title='bbox 1398 2539 1466 2578; x_wconf 83' lang='lat' dir='ltr'><strong>(Cf.</strong></span> <span class='ocrx_word' id='word_1_626' title='bbox 1484 2539 1654 2580; x_wconf 84' lang='lat' dir='ltr'><strong>Hesych.§</strong></span> <span class='ocrx_word' id='word_1_627' title='bbox 1672 2540 1741 2580; x_wconf 85' lang='lat'><strong>32).</strong></span> <span class='ocrx_word' id='word_1_628' title='bbox 1760 2540 1853 2581; x_wconf 85' lang='lat' dir='ltr'><strong>Apud</strong></span> <span class='ocrx_word' id='word_1_629' title='bbox 1865 2541 2016 2582; x_wconf 85' lang='lat' dir='ltr'><strong>stephan.</strong></span> <span class='ocrx_word' id='word_1_630' title='bbox 2032 2543 2108 2581; x_wconf 90' lang='lat' dir='ltr'><strong>Byz.</strong></span> <span class='ocrx_word' id='word_1_631' title='bbox 2123 2551 2155 2574; x_wconf 85' lang='lat' dir='ltr'><strong>v.</strong></span> <span class='ocrx_word' id='word_1_632' title='bbox 2171 2543 2231 2574; x_wconf 72' lang='lat' dir='ltr'><strong>Bo·</strong></span> 
     </span>
     <span class='ocr_line' id='line_1_71' title="bbox 88 2582 1528 2626; baseline 0 -10"><span class='ocrx_word' id='word_1_633' title='bbox 88 2582 203 2622; x_wconf 69' lang='grc' dir='ltr'>ζάντιον</span> <span class='ocrx_word' id='word_1_634' title='bbox 218 2585 260 2616; x_wconf 84' lang='lat' dir='ltr'><strong>ita</strong></span> <span class='ocrx_word' id='word_1_635' title='bbox 277 2585 388 2625; x_wconf 79' lang='lat' dir='ltr'><strong>legitur</strong></span> <span class='ocrx_word' id='word_1_636' title='bbox 411 2597 419 2616; x_wconf 71' lang='grc' dir='ltr'>ι</span> <span class='ocrx_word' id='word_1_637' title='bbox 437 2585 582 2625; x_wconf 85' lang='grc' dir='ltr'>Χρησμὸς</span> <span class='ocrx_word' id='word_1_638' title='bbox 597 2584 624 2615; x_wconf 84' lang='grc' dir='ltr'><strong>δ’</strong></span> <span class='ocrx_word' id='word_1_639' title='bbox 640 2584 728 2622; x_wconf 81' lang='grc' dir='ltr'>ἐδόθη</span> <span class='ocrx_word' id='word_1_640' title='bbox 745 2584 967 2626; x_wconf 83' lang='grc' dir='ltr'>ἐρωτησάντων</span> <span class='ocrx_word' id='word_1_641' title='bbox 981 2586 1022 2621; x_wconf 87' lang='grc' dir='ltr'><strong>εἰς</strong></span> <span class='ocrx_word' id='word_1_642' title='bbox 1039 2583 1172 2624; x_wconf 73' lang='grc' dir='ltr'>Δελφοὺς</span> <span class='ocrx_word' id='word_1_643' title='bbox 1187 2585 1354 2625; x_wconf 80' lang='grc' dir='ltr'>Μεγαρέων</span> <span class='ocrx_word' id='word_1_644' title='bbox 1367 2588 1507 2621; x_wconf 82' lang='grc' dir='ltr'>τοιοῦτος</span> <span class='ocrx_word' id='word_1_645' title='bbox 1521 2596 1528 2603; x_wconf 89' lang='grc'><em>·</em></span> 
     </span>
    </p>
   </div>
   <div class='ocr_carea' id='block_1_12' title="bbox 211 2649 1111 2832">
    <p class='ocr_par' dir='ltr' id='par_1_19' title="bbox 211 2649 943 2691">
     <span class='ocr_line' id='line_1_72' title="bbox 211 2649 943 2691; baseline 0 -10"><span class='ocrx_word' id='word_1_646' title='bbox 211 2651 330 2683; x_wconf 68' lang='grc' dir='ltr'>Ὄλῧιοι</span> <span class='ocrx_word' id='word_1_647' title='bbox 341 2674 349 2688; x_wconf 95' lang='grc'>,</span> <span class='ocrx_word' id='word_1_648' title='bbox 364 2651 393 2681; x_wconf 85' lang='grc' dir='ltr'><strong>οἳ</strong></span> <span class='ocrx_word' id='word_1_649' title='bbox 409 2649 511 2687; x_wconf 86' lang='grc' dir='ltr'>κείνην</span> <span class='ocrx_word' id='word_1_650' title='bbox 527 2649 616 2681; x_wconf 85' lang='grc' dir='ltr'>πόλιν</span> <span class='ocrx_word' id='word_1_651' title='bbox 629 2649 730 2691; x_wconf 83' lang='grc' dir='ltr'>ἄνερες</span> <span class='ocrx_word' id='word_1_652' title='bbox 744 2650 924 2688; x_wconf 84' lang='grc' dir='ltr'>οἰκήσουσιν</span> <span class='ocrx_word' id='word_1_653' title='bbox 935 2673 943 2688; x_wconf 96' lang='grc'>,</span> 
     </span>
    </p>

    <p class='ocr_par' dir='ltr' id='par_1_20' title="bbox 211 2697 1111 2832">
     <span class='ocr_line' id='line_1_73' title="bbox 214 2697 1049 2738; baseline -0.001 -9"><span class='ocrx_word' id='word_1_654' title='bbox 214 2699 309 2735; x_wconf 85' lang='grc' dir='ltr'>ἀκτῆς</span> <span class='ocrx_word' id='word_1_655' title='bbox 322 2697 470 2738; x_wconf 86' lang='grc' dir='ltr'>Θρηικίης</span> <span class='ocrx_word' id='word_1_656' title='bbox 485 2697 577 2738; x_wconf 78' lang='grc' dir='ltr'>ὑγρὸν</span> <span class='ocrx_word' id='word_1_657' title='bbox 593 2697 665 2737; x_wconf 88' lang='grc' dir='ltr'>παρ’</span> <span class='ocrx_word' id='word_1_658' title='bbox 682 2697 776 2738; x_wconf 81' lang='grc' dir='ltr'>ἄκρον</span> <span class='ocrx_word' id='word_1_659' title='bbox 790 2697 893 2736; x_wconf 88' lang='grc' dir='ltr'>στόμα</span> <span class='ocrx_word' id='word_1_660' title='bbox 908 2697 1027 2728; x_wconf 87' lang='grc' dir='ltr'>Πόντου</span> <span class='ocrx_word' id='word_1_661' title='bbox 1040 2721 1049 2735; x_wconf 87' lang='grc'>,</span> 
     </span>
     <span class='ocr_line' id='line_1_74' title="bbox 211 2743 1016 2784; baseline -0.001 -9"><span class='ocrx_word' id='word_1_662' title='bbox 211 2744 270 2775; x_wconf 82' lang='grc' dir='ltr'>ἔνθ’</span> <span class='ocrx_word' id='word_1_663' title='bbox 289 2745 374 2784; x_wconf 79' lang='grc' dir='ltr'>ἰχθὺς</span> <span class='ocrx_word' id='word_1_664' title='bbox 393 2743 500 2784; x_wconf 82' lang='grc' dir='ltr'>ἔλαφός</span> <span class='ocrx_word' id='word_1_665' title='bbox 513 2754 545 2775; x_wconf 91' lang='grc' dir='ltr'><strong>τε</strong></span> <span class='ocrx_word' id='word_1_666' title='bbox 560 2743 653 2783; x_wconf 88' lang='grc' dir='ltr'>νόμον</span> <span class='ocrx_word' id='word_1_667' title='bbox 670 2743 821 2784; x_wconf 85' lang='grc' dir='ltr'>βόσκουσι</span> <span class='ocrx_word' id='word_1_668' title='bbox 836 2744 888 2775; x_wconf 87' lang='grc' dir='ltr'><strong>τὸν</strong></span> <span class='ocrx_word' id='word_1_669' title='bbox 902 2744 995 2775; x_wconf 85' lang='grc' dir='ltr'>αὐτόν</span> <span class='ocrx_word' id='word_1_670' title='bbox 1008 2755 1016 2762; x_wconf 79' lang='grc'><em>·</em></span> 
     </span>
     <span class='ocr_line' id='line_1_75' title="bbox 211 2790 1111 2832; baseline 0 -10"><span class='ocrx_word' id='word_1_671' title='bbox 211 2792 345 2822; x_wconf 82' lang='grc' dir='ltr'>στέλλειν</span> <span class='ocrx_word' id='word_1_672' title='bbox 361 2791 388 2822; x_wconf 90' lang='grc' dir='ltr'><strong>δ’</strong></span> <span class='ocrx_word' id='word_1_673' title='bbox 405 2793 446 2827; x_wconf 89' lang='grc' dir='ltr'><strong>ὡς</strong></span> <span class='ocrx_word' id='word_1_674' title='bbox 463 2791 585 2822; x_wconf 83' lang='grc' dir='ltr'>ὤκιστα</span> <span class='ocrx_word' id='word_1_675' title='bbox 596 2814 607 2830; x_wconf 87' lang='grc'>,</span> <span class='ocrx_word' id='word_1_676' title='bbox 619 2791 672 2822; x_wconf 86' lang='grc' dir='ltr'><strong>καὶ</strong></span> <span class='ocrx_word' id='word_1_677' title='bbox 686 2792 728 2827; x_wconf 86' lang='grc' dir='ltr'><strong>εἰς</strong></span> <span class='ocrx_word' id='word_1_678' title='bbox 743 2791 835 2832; x_wconf 82' lang='grc' dir='ltr'>φρένα</span> <span class='ocrx_word' id='word_1_679' title='bbox 851 2790 952 2822; x_wconf 85' lang='grc' dir='ltr'>πάντα</span> <span class='ocrx_word' id='word_1_680' title='bbox 966 2790 1111 2822; x_wconf 76' lang='grc' dir='ltr'>λαὸόντα.</span> 
     </span>
    </p>
   </div>
   <div class='ocr_carea' id='block_1_13' title="bbox 88 2852 2230 3446">
    <p class='ocr_par' dir='ltr' id='par_1_21' title="bbox 88 2852 2230 3446">
     <span class='ocr_line' id='line_1_76' title="bbox 88 2852 2228 2897; baseline 0.001 -12"><span class='ocrx_word' id='word_1_681' title='bbox 88 2855 149 2886; x_wconf 88' lang='grc' dir='ltr'><strong>Καὶ</strong></span> <span class='ocrx_word' id='word_1_682' title='bbox 163 2854 260 2890; x_wconf 78' lang='grc' dir='ltr'>οὕτως</span> <span class='ocrx_word' id='word_1_683' title='bbox 275 2854 397 2891; x_wconf 82' lang='grc' dir='ltr'>ἐκτίσθη</span> <span class='ocrx_word' id='word_1_684' title='bbox 415 2854 479 2885; x_wconf 83' lang='grc' dir='ltr'><strong>ἀπὸ</strong></span> <span class='ocrx_word' id='word_1_685' title='bbox 503 2853 652 2889; x_wconf 81' lang='grc' dir='ltr'>Βύζαντος</span> <span class='ocrx_word' id='word_1_686' title='bbox 675 2855 731 2883; x_wconf 81' lang='grc' dir='ltr'><strong>τοῦ</strong></span> <span class='ocrx_word' id='word_1_687' title='bbox 753 2853 928 2894; x_wconf 83' lang='grc' dir='ltr'>Κεροέσσης</span> <span class='ocrx_word' id='word_1_688' title='bbox 938 2877 947 2893; x_wconf 91' lang='grc'>,</span> <span class='ocrx_word' id='word_1_689' title='bbox 963 2857 1017 2890; x_wconf 88' lang='grc' dir='ltr'><strong>τῆς</strong></span> <span class='ocrx_word' id='word_1_690' title='bbox 1032 2853 1110 2888; x_wconf 81' lang='grc' dir='ltr'>Ἰοῦς</span> <span class='ocrx_word' id='word_1_691' title='bbox 1129 2853 1276 2895; x_wconf 83' lang='grc' dir='ltr'>θυγατρὸς</span> <span class='ocrx_word' id='word_1_692' title='bbox 1300 2855 1352 2885; x_wconf 84' lang='grc' dir='ltr'><strong>καὶ</strong></span> <span class='ocrx_word' id='word_1_693' title='bbox 1370 2854 1575 2889; x_wconf 81' lang='grc' dir='ltr'>Ποσειδῶνος.</span> <span class='ocrx_word' id='word_1_694' title='bbox 1589 2852 1601 2894; x_wconf 88' lang='grc'>[</span> <span class='ocrx_word' id='word_1_695' title='bbox 1614 2855 1632 2891; x_wconf 86' lang='grc' dir='ltr'><strong>ἢ</strong></span> <span class='ocrx_word' id='word_1_696' title='bbox 1647 2853 1693 2884; x_wconf 87' lang='grc' dir='ltr'><strong>ὅτι</strong></span> <span class='ocrx_word' id='word_1_697' title='bbox 1715 2856 1770 2884; x_wconf 75' lang='grc' dir='ltr'><strong>τοῦ</strong></span> <span class='ocrx_word' id='word_1_698' title='bbox 1786 2854 1898 2886; x_wconf 87' lang='grc' dir='ltr'>στόλου</span> <span class='ocrx_word' id='word_1_699' title='bbox 1911 2855 2007 2892; x_wconf 81' lang='grc' dir='ltr'>Βύζης</span> <span class='ocrx_word' id='word_1_700' title='bbox 2021 2855 2058 2893; x_wconf 87' lang='grc' dir='ltr'><strong>ἦν</strong></span> <span class='ocrx_word' id='word_1_701' title='bbox 2072 2857 2210 2897; x_wconf 86' lang='grc' dir='ltr'>ἡγεμών]</span> <span class='ocrx_word' id='word_1_702' title='bbox 2220 2867 2228 2874; x_wconf 91' lang='grc'><em>·</em></span> 
     </span>
     <span class='ocr_line' id='line_1_77' title="bbox 89 2899 2230 2941; baseline 0.001 -9"><span class='ocrx_word' id='word_1_703' title='bbox 89 2901 283 2940; x_wconf 71' lang='lat' dir='ltr'><strong>Stephanum</strong></span> <span class='ocrx_word' id='word_1_704' title='bbox 297 2900 462 2940; x_wconf 80' lang='lat' dir='ltr'><strong>exscripsit</strong></span> <span class='ocrx_word' id='word_1_705' title='bbox 472 2899 660 2931; x_wconf 42' lang='lat' dir='ltr'><strong>*eustathius</strong></span> <span class='ocrx_word' id='word_1_706' title='bbox 670 2899 708 2930; x_wconf 89' lang='lat' dir='ltr'><strong>ad</strong></span> <span class='ocrx_word' id='word_1_707' title='bbox 722 2899 849 2940; x_wconf 87' lang='lat' dir='ltr'><strong>Dionys.</strong></span> <span class='ocrx_word' id='word_1_708' title='bbox 862 2902 940 2938; x_wconf 84' lang='lat'><strong>803,</strong></span> <span class='ocrx_word' id='word_1_709' title='bbox 951 2900 1011 2930; x_wconf 82' lang='lat' dir='ltr'><strong>nisi</strong></span> <span class='ocrx_word' id='word_1_710' title='bbox 1023 2899 1110 2939; x_wconf 86' lang='lat' dir='ltr'><strong>quod</strong></span> <span class='ocrx_word' id='word_1_711' title='bbox 1125 2902 1275 2940; x_wconf 85' lang='lat' dir='ltr'><strong>quartum</strong></span> <span class='ocrx_word' id='word_1_712' title='bbox 1289 2909 1417 2932; x_wconf 85' lang='lat' dir='ltr'><strong>versum</strong></span> <span class='ocrx_word' id='word_1_713' title='bbox 1433 2900 1562 2931; x_wconf 87' lang='lat' dir='ltr'><strong>omittit.</strong></span> <span class='ocrx_word' id='word_1_714' title='bbox 1581 2899 1764 2932; x_wconf 87' lang='lat' dir='ltr'><strong>Secundum</strong></span> <span class='ocrx_word' id='word_1_715' title='bbox 1775 2901 1925 2941; x_wconf 86' lang='lat' dir='ltr'><strong>Stephan.</strong></span> <span class='ocrx_word' id='word_1_716' title='bbox 1939 2902 2120 2934; x_wconf 85' lang='lat' dir='ltr'><strong>conditores</strong></span> <span class='ocrx_word' id='word_1_717' title='bbox 2135 2903 2230 2935; x_wconf 80' lang='lat' dir='ltr'><strong>fuisse</strong></span> 
     </span>
     <span class='ocr_line' id='line_1_78' title="bbox 89 2945 2230 2989; baseline 0.002 -13"><span class='ocrx_word' id='word_1_718' title='bbox 89 2946 236 2978; x_wconf 83' lang='lat' dir='ltr'><strong>videntur</strong></span> <span class='ocrx_word' id='word_1_719' title='bbox 249 2948 445 2986; x_wconf 85' lang='lat' dir='ltr'><strong>Megarenses</strong></span> <span class='ocrx_word' id='word_1_720' title='bbox 456 2946 515 2988; x_wconf 84' lang='lat' dir='ltr'><strong>sul)</strong></span> <span class='ocrx_word' id='word_1_721' title='bbox 525 2945 607 2976; x_wconf 87' lang='lat' dir='ltr'><strong>duce</strong></span> <span class='ocrx_word' id='word_1_722' title='bbox 621 2946 747 2985; x_wconf 83' lang='lat' dir='ltr'><strong>Argivo.</strong></span> <span class='ocrx_word' id='word_1_723' title='bbox 763 2948 810 2977; x_wconf 89' lang='lat' dir='ltr'><strong>De</strong></span> <span class='ocrx_word' id='word_1_724' title='bbox 825 2946 949 2986; x_wconf 84' lang='lat' dir='ltr'><strong>Argivis</strong></span> <span class='ocrx_word' id='word_1_725' title='bbox 962 2947 1105 2986; x_wconf 85' lang='lat' dir='ltr'><strong>Byzantii</strong></span> <span class='ocrx_word' id='word_1_726' title='bbox 1119 2956 1149 2978; x_wconf 90' lang='lat' dir='ltr'><strong>v.</strong></span> <span class='ocrx_word' id='word_1_727' title='bbox 1163 2947 1286 2978; x_wconf 83' lang='lat' dir='ltr'><strong>Miiller.</strong></span> <span class='ocrx_word' id='word_1_728' title='bbox 1304 2950 1383 2978; x_wconf 84' lang='lat' dir='ltr'><strong>Dor.</strong></span> <span class='ocrx_word' id='word_1_729' title='bbox 1403 2951 1412 2978; x_wconf 94' lang='grc'>1</span> <span class='ocrx_word' id='word_1_730' title='bbox 1427 2971 1435 2985; x_wconf 91' lang='grc'>,</span> <span class='ocrx_word' id='word_1_731' title='bbox 1449 2956 1481 2986; x_wconf 86' lang='lat' dir='ltr'><strong>p.</strong></span> <span class='ocrx_word' id='word_1_732' title='bbox 1500 2951 1570 2978; x_wconf 90' lang='lat'><strong>120.</strong></span> <span class='ocrx_word' id='word_1_733' title='bbox 1584 2963 1626 2969; x_wconf 89' lang='lat'><strong>——</strong></span> <span class='ocrx_word' id='word_1_734' title='bbox 1639 2947 1748 2988; x_wconf 81' lang='grc' dir='ltr'>ἰχθὺς</span> <span class='ocrx_word' id='word_1_735' title='bbox 1762 2948 1853 2988; x_wconf 69' lang='grc' dir='ltr'>ἔλαφ</span> <span class='ocrx_word' id='word_1_736' title='bbox 1863 2947 1901 2984; x_wconf 84' lang='grc' dir='ltr'><strong>ὀς</strong></span> <span class='ocrx_word' id='word_1_737' title='bbox 1917 2948 1979 2989; x_wconf 85' lang='grc' dir='ltr'><strong>τε]</strong></span> <span class='ocrx_word' id='word_1_738' title='bbox 1998 2951 2070 2985; x_wconf 91' lang='lat' dir='ltr'><strong>Quo</strong></span> <span class='ocrx_word' id='word_1_739' title='bbox 2087 2950 2230 2989; x_wconf 83' lang='lat' dir='ltr'><strong>spectent</strong></span> 
     </span>
     <span class='ocr_line' id='line_1_79' title="bbox 90 2992 2228 3035; baseline 0.001 -11"><span class='ocrx_word' id='word_1_740' title='bbox 90 2993 176 3032; x_wconf 78' lang='lat' dir='ltr'><strong>haec,</strong></span> <span class='ocrx_word' id='word_1_741' title='bbox 198 2993 298 3033; x_wconf 84' lang='lat' dir='ltr'><strong>liquet</strong></span> <span class='ocrx_word' id='word_1_742' title='bbox 313 3001 331 3023; x_wconf 93' lang='lat' dir='ltr'><strong>e</strong></span> <span class='ocrx_word' id='word_1_743' title='bbox 352 2992 507 3024; x_wconf 82' lang='lat' dir='ltr'><strong>Strabone</strong></span> <span class='ocrx_word' id='word_1_744' title='bbox 525 2994 604 3031; x_wconf 84' lang='lat' dir='ltr'><strong>Vll,</strong></span> <span class='ocrx_word' id='word_1_745' title='bbox 625 3001 653 3032; x_wconf 84' lang='lat' dir='ltr'><strong>p.</strong></span> <span class='ocrx_word' id='word_1_746' title='bbox 677 2996 750 3024; x_wconf 89' lang='lat'><strong>320.</strong></span> <span class='ocrx_word' id='word_1_747' title='bbox 765 3010 806 3015; x_wconf 97' lang='lat'><strong>—</strong></span> <span class='ocrx_word' id='word_1_748' title='bbox 825 2993 860 3029; x_wconf 86' lang='grc' dir='ltr'><strong>ἐς</strong></span> <span class='ocrx_word' id='word_1_749' title='bbox 883 2992 1020 3033; x_wconf 85' lang='grc' dir='ltr'>αὐτὸν]</span> <span class='ocrx_word' id='word_1_750' title='bbox 1047 2994 1100 3024; x_wconf 87' lang='grc' dir='ltr'><strong>τὸν</strong></span> <span class='ocrx_word' id='word_1_751' title='bbox 1117 2994 1207 3025; x_wconf 85' lang='grc' dir='ltr'>αὐτὸν</span> <span class='ocrx_word' id='word_1_752' title='bbox 1222 2994 1363 3026; x_wconf 85' lang='lat' dir='ltr'><strong>Codinus</strong></span> <span class='ocrx_word' id='word_1_753' title='bbox 1378 2997 1410 3026; x_wconf 89' lang='lat' dir='ltr'><strong>et</strong></span> <span class='ocrx_word' id='word_1_754' title='bbox 1425 2994 1553 3033; x_wconf 86' lang='lat' dir='ltr'><strong>Steph.;</strong></span> <span class='ocrx_word' id='word_1_755' title='bbox 1579 2993 1635 3025; x_wconf 88' lang='lat' dir='ltr'><strong>sed</strong></span> <span class='ocrx_word' id='word_1_756' title='bbox 1649 2994 1731 3025; x_wconf 88' lang='lat' dir='ltr'><strong>inl&#39;ra</strong></span> <span class='ocrx_word' id='word_1_757' title='bbox 1746 2994 1765 3035; x_wconf 58' lang='grc' dir='ltr'><strong>ς</strong></span> <span class='ocrx_word' id='word_1_758' title='bbox 1779 2999 1819 3027; x_wconf 87' lang='grc'><strong>32</strong></span> <span class='ocrx_word' id='word_1_759' title='bbox 1834 2995 1976 3026; x_wconf 89' lang='lat' dir='ltr'><strong>Codinus</strong></span> <span class='ocrx_word' id='word_1_760' title='bbox 1989 2996 2065 3027; x_wconf 88' lang='lat' dir='ltr'><strong>item</strong></span> <span class='ocrx_word' id='word_1_761' title='bbox 2085 2996 2181 3029; x_wconf 83' lang='lat' dir='ltr'><strong>habet</strong></span> <span class='ocrx_word' id='word_1_762' title='bbox 2199 2996 2228 3031; x_wconf 75' lang='grc' dir='ltr'><strong>ἐς</strong></span> 
     </span>
     <span class='ocr_line' id='line_1_80' title="bbox 91 3039 2228 3082; baseline 0 -11"><span class='ocrx_word' id='word_1_763' title='bbox 91 3040 193 3071; x_wconf 83' lang='grc' dir='ltr'>αὐτόν.</span> <span class='ocrx_word' id='word_1_764' title='bbox 219 3042 253 3070; x_wconf 91' lang='lat' dir='ltr'><strong>ln</strong></span> <span class='ocrx_word' id='word_1_765' title='bbox 269 3039 408 3071; x_wconf 86' lang='lat' dir='ltr'><strong>secundo</strong></span> <span class='ocrx_word' id='word_1_766' title='bbox 426 3048 517 3070; x_wconf 87' lang='lat' dir='ltr'><strong>versu</strong></span> <span class='ocrx_word' id='word_1_767' title='bbox 542 3039 602 3079; x_wconf 84' lang='lat' dir='ltr'><strong>leg.</strong></span> <span class='ocrx_word' id='word_1_768' title='bbox 626 3039 754 3070; x_wconf 83' lang='lat' dir='ltr'><strong>videtur</strong></span> <span class='ocrx_word' id='word_1_769' title='bbox 775 3040 862 3080; x_wconf 80' lang='grc' dir='ltr'>παρὰ</span> <span class='ocrx_word' id='word_1_770' title='bbox 879 3040 915 3071; x_wconf 85' lang='grc' dir='ltr'><strong>τὸ</strong></span> <span class='ocrx_word' id='word_1_771' title='bbox 932 3040 1044 3080; x_wconf 86' lang='grc' dir='ltr'>στόμα.</span> <span class='ocrx_word' id='word_1_772' title='bbox 1070 3058 1111 3064; x_wconf 91' lang='lat'>-</span> <span class='ocrx_word' id='word_1_773' title='bbox 1134 3040 1363 3081; x_wconf 76' lang='grc' dir='ltr'>Βαρὸύσης]</span> <span class='ocrx_word' id='word_1_774' title='bbox 1389 3041 1543 3080; x_wconf 73' lang='grc' dir='ltr'>Βαρὸύζης</span> <span class='ocrx_word' id='word_1_775' title='bbox 1561 3040 1695 3079; x_wconf 88' lang='lat' dir='ltr'><strong>Codin.;</strong></span> <span class='ocrx_word' id='word_1_776' title='bbox 1715 3042 1897 3081; x_wconf 76' lang='grc' dir='ltr'>Βαρὸύσσου</span> <span class='ocrx_word' id='word_1_777' title='bbox 1914 3042 2012 3073; x_wconf 85' lang='lat' dir='ltr'><strong>hahes</strong></span> <span class='ocrx_word' id='word_1_778' title='bbox 2027 3051 2076 3082; x_wconf 87' lang='lat' dir='ltr'><strong>ap.</strong></span> <span class='ocrx_word' id='word_1_779' title='bbox 2097 3042 2228 3074; x_wconf 84' lang='lat' dir='ltr'><strong>suidam</strong></span> 
     </span>
     <span class='ocr_line' id='line_1_81' title="bbox 90 3085 2227 3128; baseline 0.001 -10"><span class='ocrx_word' id='word_1_780' title='bbox 90 3095 121 3118; x_wconf 75' lang='lat' dir='ltr'><strong>v·</strong></span> <span class='ocrx_word' id='word_1_781' title='bbox 134 3086 321 3128; x_wconf 84' lang='grc' dir='ltr'>Ἡράκλειος.</span> <span class='ocrx_word' id='word_1_782' title='bbox 336 3086 513 3126; x_wconf 86' lang='grc' dir='ltr'>Βάρνυσσον</span> <span class='ocrx_word' id='word_1_783' title='bbox 527 3085 659 3117; x_wconf 79' lang='lat' dir='ltr'><strong>fluvium</strong></span> <span class='ocrx_word' id='word_1_784' title='bbox 673 3085 750 3117; x_wconf 91' lang='lat' dir='ltr'><strong>dicit</strong></span> <span class='ocrx_word' id='word_1_785' title='bbox 763 3086 960 3126; x_wconf 85' lang='lat' dir='ltr'><strong>Nicephorus</strong></span> <span class='ocrx_word' id='word_1_786' title='bbox 974 3087 1111 3119; x_wconf 85' lang='lat' dir='ltr'><strong>Breviar.</strong></span> <span class='ocrx_word' id='word_1_787' title='bbox 1125 3097 1157 3128; x_wconf 87' lang='lat' dir='ltr'><strong>p.</strong></span> <span class='ocrx_word' id='word_1_788' title='bbox 1176 3091 1224 3118; x_wconf 84' lang='lat'><strong>13.</strong></span> <span class='ocrx_word' id='word_1_789' title='bbox 1241 3089 1285 3118; x_wconf 88' lang='lat' dir='ltr'><strong>De</strong></span> <span class='ocrx_word' id='word_1_790' title='bbox 1297 3087 1447 3126; x_wconf 82' lang='lat' dir='ltr'><strong>Barbysio</strong></span> <span class='ocrx_word' id='word_1_791' title='bbox 1462 3086 1614 3118; x_wconf 84' lang='lat' dir='ltr'><strong>Phidaliac</strong></span> <span class='ocrx_word' id='word_1_792' title='bbox 1628 3089 1718 3126; x_wconf 85' lang='lat' dir='ltr'><strong>patre</strong></span> <span class='ocrx_word' id='word_1_793' title='bbox 1732 3088 1893 3120; x_wconf 86' lang='lat' dir='ltr'><strong>historiam</strong></span> <span class='ocrx_word' id='word_1_794' title='bbox 1910 3088 2030 3128; x_wconf 87' lang='lat' dir='ltr'><strong>praebet</strong></span> <span class='ocrx_word' id='word_1_795' title='bbox 2045 3089 2227 3121; x_wconf 89' lang='lat' dir='ltr'><strong>Chronicon</strong></span> 
     </span>
     <span class='ocr_line' id='line_1_82' title="bbox 91 3134 2227 3177; baseline 0 -11"><span class='ocrx_word' id='word_1_796' title='bbox 91 3135 232 3166; x_wconf 72' lang='lat' dir='ltr'><strong>paschal.</strong></span> <span class='ocrx_word' id='word_1_797' title='bbox 252 3134 292 3165; x_wconf 91' lang='lat' dir='ltr'><strong>ad</strong></span> <span class='ocrx_word' id='word_1_798' title='bbox 307 3135 358 3166; x_wconf 92' lang='lat' dir='ltr'><strong>Ol.</strong></span> <span class='ocrx_word' id='word_1_799' title='bbox 374 3137 433 3166; x_wconf 72' lang='grc'><strong>243</strong></span> <span class='ocrx_word' id='word_1_800' title='bbox 444 3158 452 3173; x_wconf 92' lang='grc'>,</span> <span class='ocrx_word' id='word_1_801' title='bbox 467 3143 498 3174; x_wconf 87' lang='lat' dir='ltr'><strong>p.</strong></span> <span class='ocrx_word' id='word_1_802' title='bbox 513 3134 573 3166; x_wconf 79' lang='grc'><strong>493</strong></span> <span class='ocrx_word' id='word_1_803' title='bbox 593 3136 694 3166; x_wconf 84' lang='grc' dir='ltr'>Βοιιη.</span> <span class='ocrx_word' id='word_1_804' title='bbox 713 3136 865 3166; x_wconf 89' lang='lat' dir='ltr'><strong>Ceterum</strong></span> <span class='ocrx_word' id='word_1_805' title='bbox 881 3134 921 3165; x_wconf 90' lang='lat' dir='ltr'><strong>de</strong></span> <span class='ocrx_word' id='word_1_806' title='bbox 934 3135 1038 3167; x_wconf 87' lang='lat' dir='ltr'><strong>fluviis</strong></span> <span class='ocrx_word' id='word_1_807' title='bbox 1053 3136 1115 3168; x_wconf 90' lang='lat' dir='ltr'><strong>illis</strong></span> <span class='ocrx_word' id='word_1_808' title='bbox 1127 3145 1157 3167; x_wconf 89' lang='lat' dir='ltr'><strong>v.</strong></span> <span class='ocrx_word' id='word_1_809' title='bbox 1179 3134 1304 3175; x_wconf 80' lang='lat' dir='ltr'><strong>Gyllius</strong></span> <span class='ocrx_word' id='word_1_810' title='bbox 1320 3136 1365 3165; x_wconf 90' lang='lat' dir='ltr'><strong>De</strong></span> <span class='ocrx_word' id='word_1_811' title='bbox 1379 3136 1471 3174; x_wconf 87' lang='lat' dir='ltr'><strong>Bosp.</strong></span> <span class='ocrx_word' id='word_1_812' title='bbox 1490 3135 1606 3165; x_wconf 87' lang='lat' dir='ltr'><strong>Thrac.</strong></span> <span class='ocrx_word' id='word_1_813' title='bbox 1621 3137 1649 3166; x_wconf 90' lang='lat' dir='ltr'><strong>Il</strong></span> <span class='ocrx_word' id='word_1_814' title='bbox 1660 3158 1668 3172; x_wconf 94' lang='lat'>‚</span> <span class='ocrx_word' id='word_1_815' title='bbox 1684 3138 1713 3165; x_wconf 88' lang='grc'><strong>3.</strong></span> <span class='ocrx_word' id='word_1_816' title='bbox 1727 3152 1767 3159; x_wconf 81' lang='lat'>—</span> <span class='ocrx_word' id='word_1_817' title='bbox 1783 3135 2023 3176; x_wconf 81' lang='grc' dir='ltr'>Σεμέστρης]</span> <span class='ocrx_word' id='word_1_818' title='bbox 2039 3137 2227 3177; x_wconf 81' lang='grc' dir='ltr'>Σεμιμήτρης</span> 
     </span>
     <span class='ocr_line' id='line_1_83' title="bbox 91 3180 2228 3222; baseline 0 -9"><span class='ocrx_word' id='word_1_819' title='bbox 91 3181 240 3213; x_wconf 80' lang='lat' dir='ltr'><strong>cedinus.</strong></span> <span class='ocrx_word' id='word_1_820' title='bbox 257 3201 295 3207; x_wconf 91' lang='lat'><em>-</em></span> <span class='ocrx_word' id='word_1_821' title='bbox 309 3181 328 3222; x_wconf 57' lang='grc' dir='ltr'>ξ</span> <span class='ocrx_word' id='word_1_822' title='bbox 342 3183 371 3213; x_wconf 86' lang='grc'><strong>4.</strong></span> <span class='ocrx_word' id='word_1_823' title='bbox 397 3180 673 3220; x_wconf 84' lang='grc' dir='ltr'>ἐξιλεώσαντο]</span> <span class='ocrx_word' id='word_1_824' title='bbox 690 3181 884 3216; x_wconf 82' lang='grc' dir='ltr'>ἐξιλάσκοντο</span> <span class='ocrx_word' id='word_1_825' title='bbox 899 3181 1057 3220; x_wconf 87' lang='lat' dir='ltr'><strong>Codinus,</strong></span> <span class='ocrx_word' id='word_1_826' title='bbox 1073 3182 1156 3213; x_wconf 85' lang='lat' dir='ltr'><strong>sicut</strong></span> <span class='ocrx_word' id='word_1_827' title='bbox 1176 3180 1351 3221; x_wconf 83' lang='lat' dir='ltr'><strong>Hesychius</strong></span> <span class='ocrx_word' id='word_1_828' title='bbox 1367 3180 1478 3221; x_wconf 80' lang='lat' dir='ltr'><strong>insra§</strong></span> <span class='ocrx_word' id='word_1_829' title='bbox 1496 3185 1542 3212; x_wconf 87' lang='grc'><strong>11.</strong></span> <span class='ocrx_word' id='word_1_830' title='bbox 1559 3199 1599 3204; x_wconf 92' lang='lat'><strong>——</strong></span> <span class='ocrx_word' id='word_1_831' title='bbox 1623 3182 1826 3222; x_wconf 82' lang='grc' dir='ltr'>βραχύτι]</span> <span class='ocrx_word' id='word_1_832' title='bbox 1843 3194 1871 3213; x_wconf 91' lang='grc' dir='ltr'><strong>τι</strong></span> <span class='ocrx_word' id='word_1_833' title='bbox 1890 3191 1955 3213; x_wconf 90' lang='lat' dir='ltr'><strong>om.</strong></span> <span class='ocrx_word' id='word_1_834' title='bbox 1972 3182 2086 3213; x_wconf 86' lang='lat' dir='ltr'><strong>Codin.</strong></span> <span class='ocrx_word' id='word_1_835' title='bbox 2107 3202 2147 3208; x_wconf 93' lang='grc'><strong>--</strong></span> <span class='ocrx_word' id='word_1_836' title='bbox 2159 3185 2228 3214; x_wconf 76' lang='grc' dir='ltr'><strong>τοῦ</strong></span> 
     </span>
     <span class='ocr_line' id='line_1_84' title="bbox 92 3226 2225 3268; baseline 0 -10"><span class='ocrx_word' id='word_1_837' title='bbox 92 3226 232 3268; x_wconf 86' lang='grc' dir='ltr'>Βοσπ.]</span> <span class='ocrx_word' id='word_1_838' title='bbox 249 3231 304 3258; x_wconf 86' lang='grc' dir='ltr'><strong>τοῦ</strong></span> <span class='ocrx_word' id='word_1_839' title='bbox 316 3236 380 3258; x_wconf 91' lang='lat' dir='ltr'><strong>om.</strong></span> <span class='ocrx_word' id='word_1_840' title='bbox 397 3227 509 3259; x_wconf 88' lang='lat' dir='ltr'><strong>Codin.</strong></span> <span class='ocrx_word' id='word_1_841' title='bbox 525 3227 593 3267; x_wconf 59' lang='grc' dir='ltr'><strong>-ς</strong></span> <span class='ocrx_word' id='word_1_842' title='bbox 609 3233 640 3259; x_wconf 80' lang='grc'><strong>5.</strong></span> <span class='ocrx_word' id='word_1_843' title='bbox 655 3226 868 3268; x_wconf 82' lang='grc' dir='ltr'>Μεγαρεῖς]</span> <span class='ocrx_word' id='word_1_844' title='bbox 887 3228 956 3264; x_wconf 72' lang='grc' dir='ltr'>τοὺς</span> <span class='ocrx_word' id='word_1_845' title='bbox 972 3231 1013 3260; x_wconf 89' lang='grc' dir='ltr'><strong>Μ.</strong></span> <span class='ocrx_word' id='word_1_846' title='bbox 1028 3228 1139 3260; x_wconf 90' lang='lat' dir='ltr'><strong>Codin.</strong></span> <span class='ocrx_word' id='word_1_847' title='bbox 1156 3231 1202 3259; x_wconf 92' lang='lat' dir='ltr'><strong>De</strong></span> <span class='ocrx_word' id='word_1_848' title='bbox 1218 3236 1251 3258; x_wconf 87' lang='lat' dir='ltr'><strong>re</strong></span> <span class='ocrx_word' id='word_1_849' title='bbox 1267 3227 1307 3258; x_wconf 81' lang='lat' dir='ltr'><strong>cf.</strong></span> <span class='ocrx_word' id='word_1_850' title='bbox 1324 3229 1480 3267; x_wconf 88' lang='lat' dir='ltr'><strong>Scymnus</strong></span> <span class='ocrx_word' id='word_1_851' title='bbox 1494 3228 1612 3267; x_wconf 84' lang='lat' dir='ltr'><strong>Perieg.</strong></span> <span class='ocrx_word' id='word_1_852' title='bbox 1628 3231 1702 3267; x_wconf 89' lang='grc'><strong>717,</strong></span> <span class='ocrx_word' id='word_1_853' title='bbox 1721 3229 1922 3260; x_wconf 82' lang='lat' dir='ltr'><strong>constantin.</strong></span> <span class='ocrx_word' id='word_1_854' title='bbox 1945 3230 1991 3259; x_wconf 92' lang='lat' dir='ltr'><strong>De</strong></span> <span class='ocrx_word' id='word_1_855' title='bbox 2007 3228 2107 3259; x_wconf 84' lang='lat' dir='ltr'><strong>them.</strong></span> <span class='ocrx_word' id='word_1_856' title='bbox 2125 3230 2152 3259; x_wconf 91' lang='lat' dir='ltr'><strong>ll</strong></span> <span class='ocrx_word' id='word_1_857' title='bbox 2165 3250 2174 3265; x_wconf 95' lang='lat'>‚</span> <span class='ocrx_word' id='word_1_858' title='bbox 2197 3231 2225 3258; x_wconf 87' lang='grc'><strong>1,</strong></span> 
     </span>
     <span class='ocr_line' id='line_1_85' title="bbox 90 3270 2225 3314; baseline -0 -11"><span class='ocrx_word' id='word_1_859' title='bbox 90 3274 138 3303; x_wconf 89' lang='lat' dir='ltr'><strong>De</strong></span> <span class='ocrx_word' id='word_1_860' title='bbox 152 3275 293 3312; x_wconf 87' lang='lat' dir='ltr'><strong>tempore</strong></span> <span class='ocrx_word' id='word_1_861' title='bbox 307 3282 338 3305; x_wconf 84' lang='lat' dir='ltr'><strong>v.</strong></span> <span class='ocrx_word' id='word_1_862' title='bbox 354 3274 492 3305; x_wconf 85' lang='lat' dir='ltr'><strong>Fischer.</strong></span> <span class='ocrx_word' id='word_1_863' title='bbox 510 3274 597 3306; x_wconf 76' lang='lat' dir='ltr'><strong>tabl).</strong></span> <span class='ocrx_word' id='word_1_864' title='bbox 614 3274 766 3305; x_wconf 83' lang='lat' dir='ltr'><strong>chronol.</strong></span> <span class='ocrx_word' id='word_1_865' title='bbox 784 3274 825 3305; x_wconf 91' lang='lat' dir='ltr'><strong>ad</strong></span> <span class='ocrx_word' id='word_1_866' title='bbox 840 3276 891 3305; x_wconf 92' lang='lat' dir='ltr'><strong>Ol.</strong></span> <span class='ocrx_word' id='word_1_867' title='bbox 910 3277 950 3305; x_wconf 87' lang='lat'><strong>30</strong></span> <span class='ocrx_word' id='word_1_868' title='bbox 961 3299 970 3314; x_wconf 94' lang='lat'><strong>,</strong></span> <span class='ocrx_word' id='word_1_869' title='bbox 989 3278 1019 3306; x_wconf 92' lang='lat'><strong>3.</strong></span> <span class='ocrx_word' id='word_1_870' title='bbox 1045 3279 1116 3307; x_wconf 65' lang='lat'><strong>(359.</strong></span> <span class='ocrx_word' id='word_1_871' title='bbox 1132 3292 1173 3296; x_wconf 91' lang='lat'><strong>—</strong></span> <span class='ocrx_word' id='word_1_872' title='bbox 1186 3274 1238 3304; x_wconf 81' lang='grc' dir='ltr'><strong>ἀπ</strong></span> <span class='ocrx_word' id='word_1_873' title='bbox 1249 3270 1271 3304; x_wconf 43' lang='lat' dir='ltr'><strong>o*</strong></span> <span class='ocrx_word' id='word_1_874' title='bbox 1291 3272 1436 3313; x_wconf 82' lang='grc' dir='ltr'>Νίσου]</span> <span class='ocrx_word' id='word_1_875' title='bbox 1459 3273 1521 3304; x_wconf 84' lang='grc' dir='ltr'>ἀπὸ</span> <span class='ocrx_word' id='word_1_876' title='bbox 1537 3274 1633 3311; x_wconf 79' lang='grc' dir='ltr'>νήσου</span> <span class='ocrx_word' id='word_1_877' title='bbox 1647 3274 1766 3312; x_wconf 78' lang='lat' dir='ltr'><strong>codex3</strong></span> <span class='ocrx_word' id='word_1_878' title='bbox 1785 3283 1846 3305; x_wconf 87' lang='lat' dir='ltr'><strong>em.</strong></span> <span class='ocrx_word' id='word_1_879' title='bbox 1869 3273 2057 3305; x_wconf 87' lang='lat' dir='ltr'><strong>Lambecius</strong></span> <span class='ocrx_word' id='word_1_880' title='bbox 2073 3273 2113 3303; x_wconf 85' lang='lat' dir='ltr'><strong>ad</strong></span> <span class='ocrx_word' id='word_1_881' title='bbox 2128 3273 2225 3304; x_wconf 73' lang='lat' dir='ltr'><strong>Codi-</strong></span> 
     </span>
     <span class='ocr_line' id='line_1_86' title="bbox 91 3315 2226 3361; baseline -0 -12"><span class='ocrx_word' id='word_1_882' title='bbox 91 3327 181 3357; x_wconf 88' lang='lat' dir='ltr'><strong>num‚</strong></span> <span class='ocrx_word' id='word_1_883' title='bbox 196 3318 250 3350; x_wconf 88' lang='lat' dir='ltr'><strong>ubi</strong></span> <span class='ocrx_word' id='word_1_884' title='bbox 264 3319 343 3350; x_wconf 76' lang='lat' dir='ltr'><strong>codd</strong></span> <span class='ocrx_word' id='word_1_885' title='bbox 374 3333 380 3350; x_wconf 71' lang='grc' dir='ltr'>ε</span> <span class='ocrx_word' id='word_1_886' title='bbox 394 3320 454 3351; x_wconf 86' lang='grc' dir='ltr'><strong>ἀπὸ</strong></span> <span class='ocrx_word' id='word_1_887' title='bbox 475 3315 571 3357; x_wconf 83' lang='grc' dir='ltr'>νήσου</span> <span class='ocrx_word' id='word_1_888' title='bbox 584 3323 636 3357; x_wconf 81' lang='grc' dir='ltr'><strong>τῆς</strong></span> <span class='ocrx_word' id='word_1_889' title='bbox 654 3323 706 3351; x_wconf 82' lang='grc' dir='ltr'><strong>νῦν</strong></span> <span class='ocrx_word' id='word_1_890' title='bbox 721 3320 907 3358; x_wconf 84' lang='grc' dir='ltr'>Καταγνίας.</span> <span class='ocrx_word' id='word_1_891' title='bbox 925 3339 960 3345; x_wconf 94' lang='lat'><em>-</em></span> <span class='ocrx_word' id='word_1_892' title='bbox 971 3318 1258 3361; x_wconf 77' lang='grc' dir='ltr'>προστεθῆναι]</span> <span class='ocrx_word' id='word_1_893' title='bbox 1279 3323 1509 3360; x_wconf 80' lang='grc' dir='ltr'>προσγραφῆναι</span> <span class='ocrx_word' id='word_1_894' title='bbox 1527 3320 1641 3351; x_wconf 82' lang='lat' dir='ltr'><strong>Codin.</strong></span> <span class='ocrx_word' id='word_1_895' title='bbox 1657 3322 1737 3357; x_wconf 83' lang='lat' dir='ltr'><strong>Quae</strong></span> <span class='ocrx_word' id='word_1_896' title='bbox 1748 3322 1925 3359; x_wconf 84' lang='lat' dir='ltr'><strong>sequuntur</strong></span> <span class='ocrx_word' id='word_1_897' title='bbox 1939 3320 2059 3350; x_wconf 79' lang='grc' dir='ltr'>ἁλλοι...</span> <span class='ocrx_word' id='word_1_898' title='bbox 2075 3319 2226 3349; x_wconf 69' lang='grc' dir='ltr'>ἀναπλάτ-</span> 
     </span>
     <span class='ocr_line' id='line_1_87' title="bbox 93 3365 2224 3408; baseline 0.002 -12"><span class='ocrx_word' id='word_1_899' title='bbox 93 3375 178 3397; x_wconf 82' lang='grc' dir='ltr'>τουσι</span> <span class='ocrx_word' id='word_1_900' title='bbox 189 3374 253 3397; x_wconf 90' lang='lat' dir='ltr'><strong>om.</strong></span> <span class='ocrx_word' id='word_1_901' title='bbox 266 3366 378 3399; x_wconf 89' lang='lat' dir='ltr'><strong>Codin.</strong></span> <span class='ocrx_word' id='word_1_902' title='bbox 395 3366 462 3407; x_wconf 53' lang='grc' dir='ltr'><strong>-ς</strong></span> <span class='ocrx_word' id='word_1_903' title='bbox 476 3371 504 3398; x_wconf 84' lang='grc' dir='ltr'><strong>ὃ.</strong></span> <span class='ocrx_word' id='word_1_904' title='bbox 522 3370 600 3404; x_wconf 82' lang='grc' dir='ltr'>τοῖς</span> <span class='ocrx_word' id='word_1_905' title='bbox 623 3367 874 3408; x_wconf 81' lang='grc' dir='ltr'>ἐντυγχάνειν</span> <span class='ocrx_word' id='word_1_906' title='bbox 890 3367 1066 3399; x_wconf 79' lang='grc' dir='ltr'>ἐθέλουσι</span> <span class='ocrx_word' id='word_1_907' title='bbox 1079 3367 1089 3408; x_wconf 68' lang='lat' dir='ltr'>J</span> <span class='ocrx_word' id='word_1_908' title='bbox 1100 3370 1162 3403; x_wconf 83' lang='grc' dir='ltr'>τοῖς</span> <span class='ocrx_word' id='word_1_909' title='bbox 1173 3367 1293 3398; x_wconf 66' lang='grc' dir='ltr'>θέλουσι</span> <span class='ocrx_word' id='word_1_910' title='bbox 1309 3366 1421 3398; x_wconf 90' lang='lat' dir='ltr'><strong>Codin.</strong></span> <span class='ocrx_word' id='word_1_911' title='bbox 1434 3390 1443 3405; x_wconf 94' lang='lat'>‚</span> <span class='ocrx_word' id='word_1_912' title='bbox 1456 3367 1511 3406; x_wconf 89' lang='lat' dir='ltr'><strong>qui</strong></span> <span class='ocrx_word' id='word_1_913' title='bbox 1526 3367 1639 3399; x_wconf 84' lang='lat' dir='ltr'><strong>deinde</strong></span> <span class='ocrx_word' id='word_1_914' title='bbox 1650 3376 1714 3399; x_wconf 87' lang='lat' dir='ltr'><strong>om.</strong></span> <span class='ocrx_word' id='word_1_915' title='bbox 1730 3376 1841 3398; x_wconf 79' lang='lat' dir='ltr'><strong>vocem</strong></span> <span class='ocrx_word' id='word_1_916' title='bbox 1852 3366 2040 3406; x_wconf 73' lang='grc' dir='ltr'>προσφόρως-</span> <span class='ocrx_word' id='word_1_917' title='bbox 2059 3367 2130 3395; x_wconf 78' lang='grc' dir='ltr'><strong>ΜοΧ</strong></span> <span class='ocrx_word' id='word_1_918' title='bbox 2147 3374 2175 3395; x_wconf 86' lang='lat' dir='ltr'><strong>V·</strong></span> <span class='ocrx_word' id='word_1_919' title='bbox 2192 3365 2224 3395; x_wconf 77' lang='grc' dir='ltr'>ὃε</span> 
     </span>
     <span class='ocr_line' id='line_1_88' title="bbox 2041 3423 2079 3446; baseline 0 -1"><span class='ocrx_word' id='word_1_920' title='bbox 2041 3423 2079 3446; x_wconf 80' lang='grc' dir='ltr'>ιι).</span> 
     </span>
    </p>
   </div>
  </div>
 </body>
</html>
