2326 3724
109 259 183 291 258

105 339 273 390 Τοσαύτη
306 339 546 392 μεγαληγορίᾳ
575 338 800 392 χρησαμένου
833 339 1032 393 εΟρμίσδα,
1054 341 1151 392 μόλις

105 398 296 451 ἀφείθησαν
314 398 498 450 Ζαχαρίας
516 414 554 436 τε
569 398 629 436 καὶ
650 398 849 450 Θεόδωρος,
867 399 951 452 ἄχρι
967 399 1150 452 τριῶνήδη

104 456 290 509 φθινόντων
305 459 423 508 μηνῶν
442 459 552 496 ἐκεῖσε
567 457 862 510 ἐνδιατρίψαντες,
874 458 1015 496 πάντων
1031 457 1067 496 δὲ
1082 460 1150 496 τῶν

104 516 319 568 δυσχερῶν’
303 531 337 559 ες
355 521 479 568 πεῖραν
499 514 668 559 ἐλθόντες·
693 515 836 568 καὶγὰρ
859 517 937 554 οὐδὲ
963 515 1042 555 ὅσον
1064 516 1151 569 ἀέρα

104 574 255 626 καθαρὸν
273 575 518 624 ἀναπνευσαι,
541 575 579 612 οὗ
601 573 670 625 μὴν
690 575 901 636 προκύψαι’
886 591 925 614 εκ
941 579 1002 613 τοῦ
1021 575 1151 626 τέγους,

103 631 163 670 ἵνα
184 632 476 683 ἐνδιαιτώμενοι
459 648 566 680 ησαν,
584 632 798 686 ξυνεχώρουν
819 637 867 677 οἱς
889 636 911 680 ἡ
931 633 1069 687 φυλακὴ
1083 636 1151 671 τῶν

104 690 286 743 πρέσὸεων
311 691 475 742 ἀνειμένη
506 690 696 743 ἐτύγχανε·
717 691 757 730 τό
783 707 821 730 τε
853 691 1033 742 δωμάτιον
1067 690 1153 730 αὐτὸ

104 749 253 803 ζοφῶδές
275 766 313 789 τε
330 767 372 798 ην
397 750 456 789 καὶ
478 750 680 788 διάπνευτον
712 750 985 803 (ἀδιάπνευστον
1014 752 1124 790 Nieb.
1139 753 1149 801 )

105 809 166 847 καὶ
194 807 269 862 ωρα
287 808 435 861 θέρους’
420 824 454 852 ες
480 808 525 847 τὰ
554 809 710 860 μάλιστα
731 808 995 861 ἀναρμόδιον,“
977 825 1023 853 ως
1041 809 1152 847 δοκεῖν

106 861 198 906 εἶναι
216 867 255 906 τὸ
275 883 399 920 χρημα
428 867 581 920 εἱρκτήν.
607 869 689 911 Τοῖς
719 869 866 906 τοιοῖσδε
887 866 1001 905 τοίνυν
1031 869 1153 911 δεινοῖς

107 925 399 979 ἐκτετριμμένους
420 927 612 979 διαφηκαν,
631 926 752 964 πολλῶ
782 924 1039 978 δυσκολώτερον
1057 929 1154 969 αὖθις

104 983 190 1037 πρὸς
219 985 283 1031 τὴν
303 985 467 1023 ἐπάνοδον
487 985 603 1027 αὐτοῖς
630 965 869 1035 χρησάμενοι,
890 986 936 1027 ὡς
967 983 1056 1034 μήτε
1085 986 1154 1022 τῶν

108 1043 310 1094 ἀναγκαίων
327 1044 361 1087 ἐς
388 1043 428 1081 τὸ
449 1044 615 1095 ἀποχρῶν
635 1057 733 1096 σφισι
751 1042 994 1093 μεταδιδόναι,
1023 1043 1154 1095 τρίὸειν

104 1118 143 1140 τε
156 1101 215 1140 τὸν
232 1102 359 1155 χρόνον
390 1101 452 1140 καὶ
481 1100 700 1154 μακροτέραν
722 1103 836 1145 αὐτοῖς
854 1100 917 1149 τὴν
935 1101 1080 1154 πορείαν
1097 1103 1154 1155 ἔρ-

45 1167 47 1169 ’
104 1161 286 1212 γάζεσθαι.
320 1162 419 1204 Μιᾶς
442 1159 511 1213 γὰρ
528 1160 662 1212 ἡμέρας
684 1160 762 1198 ὁδὸν
782 1166 870 1214 σφᾶς
890 1160 1078 1212 ἀγαγόντες
1096 1161 1154 1199 ε’πὶ

104 1218 150 1257 τὰ
167 1218 312 1271 πρόσω,
330 1222 374 1272 τῇ
392 1218 513 1272 ἐφεξῆς
529 1219 572 1256 δι’
591 1218 711 1271 ἑτέρας
729 1220 917 1270 ἀτραπου’
902 1235 935 1263 ες
954 1218 1153 1270 τοῦμπαλιν

105 1279 296 1330 ἐπανηγον,
316 1277 380 1322 ἕως
393 1280 563 1318 πολλῶν’
547 1281 697 1330 ανιαρῶν
716 1278 840 1322 αὐτους
865 1279 1155 1328 ἀναπλήσαντες,

104 1339 152 1381 ὡς
174 1337 236 1375 καὶ
267 1337 431 1390 ἑκάτερον
453 1336 577 1388 ἀμέλει
611 1337 704 1390 νόσῳ
725 1337 908 1391 βαρυτάτῃ
940 1343 1155 1390 περιπεσεῖν,

106 1395 282 1443 ἐξώθησαν
312 1395 561 1447 (ἐξώσθησανῖ
590 1399 742 1434 Hoesch.
758 1396 767 1448 )
789 1399 850 1443 τῆς
874 1398 1037 1448 Περσων.
1061 1395 1157 1449 Ἀφι-

105 1454 255 1504 κομένης
283 1454 320 1493 δὲ
340 1454 471 1502 ταύτης
489 1457 551 1502 τῆς
581 1454 746 1506 ἀγγελίας
764 1453 863 1507 παρὰ
885 1454 1034 1507 βασιλέα
1061 1454 1158 1494 Ῥω-

110 1513 224 1563 μαίων
260 1512 321 1551 καὶ
342 1512 440 1566 παρὰ
465 1512 529 1560 τὴν
560 1513 700 1551 πάντων
733 1513 859 1552 ἐλπίδα
891 1514 1157 1566 προσπεσούσης

109 1573 166 1623 (οὗ
186 1572 254 1625 γὰρ
273 1571 371 1625 ᾠήθη
390 1571 534 1611 πώποτε
562 1571 706 1624 Πέρσας
727 1572 788 1611 ἐπὶ
810 1575 970 1626 σμικροῖς
987 1574 1077 1612 οὕτω
1096 1572 1157 1611 καὶ

107 1631 186 1668 λίαν
207 1630 418 1683 συμμέτροις
435 1630 496 1678 τὴν
513 1630 651 1683 εἰρήνην
669 1630 718 1682 μὴ
739 1631 1038 1685 προσδέξασθαι),
1054 1635 1157 1672 Μαυ-

109 1689 208 1742 ρικίῳ
244 1688 306 1739 μὲν
341 1688 483 1732 εἰκότως
512 1688 701 1741 ἐσήμαινεν
727 1689 871 1742 ἔχεσθαι
903 1693 964 1728 τοῦ
1002 1689 1158 1741 πολέμου

107 1748 199 1786 κατὰ
214 1747 272 1786 τὸν
272 1763 552 1822 Ηπροχωρουντα
563 1747 706 1801 τρόπον,
728 1749 787 1787 καὶ
804 1748 848 1787 τὰ
867 1749 957 1787 ἄλλα
975 1748 1157 1801 περιεσκό-

108 1822 187 1857 πει,
204 1809 251 1851 ὡς
271 1806 312 1844 ἂν
329 1806 495 1857 ἀμηγεπη
516 1800 668 1845 οῗόστε”
650 1822 763 1845 εσοιτο
785 1810 956 1859 βοηθῆσαι
975 1808 1046 1852 τοῖς
1067 1808 1158 1859 πρά-

111 1880 257 1915 γμασιν.
271 1866 318 1904 Οἱ
337 1868 347 1915 (
354 1867 417 1918 'hp
430 1867 546 1906 Bekk.
562 1866 573 1916 )
592 1865 628 1903 δὲ
639 1865 684 1903 τὰ
699 1865 762 1916 μὲν
777 1866 869 1904 ἄλλα
884 1867 945 1904 οὔκ
960 1869 1032 1918 εἶχε
1044 1868 1160 1910 κακῶς

113 1924 152 1963 τὸ
172 1923 395 1977 στράτευμα·
416 1924 476 1963 καὶ
501 1924 569 1977 γὰρ
598 1924 661 1972 τὴν
682 1924 852 1977 διανομὴν
880 1927 948 1964 τῶν
965 1924 1159 1978 χρημάτων

106 1983 311 2031 ἐπεποίητο.

109 2152 179 2184 aliis
194 2151 431 2184 conditionibus
443 2160 555 2192 pacem
576 2152 644 2184 fieri
657 2152 888 2193 permissurum
901 2177 910 2193 ,
930 2161 1029 2193 qnam
1047 2153 1074 2185 si
1090 2162 1162 2195 per-

109 2204 237 2235 solvant
269 2212 381 2235 omnes
412 2204 563 2244 pecunias
593 2213 674 2245 quas
697 2204 896 2237 Justinianus
917 2205 1048 2245 singulis
1072 2205 1164 2238 aunis

111 2255 204 2287 nobis
234 2255 373 2296 pendere
395 2256 464 2287 erat
481 2256 605 2288 solitus.
635 2269 651 2284 »
667 2258 734 2288 Hac
748 2256 898 2288 insolenti
919 2258 1065 2289 oratione
1079 2259 1162 2289 Hor-

111 2307 215 2340 misda
229 2317 305 2347 uso,
325 2309 381 2339 vix
402 2308 506 2340 tribus
522 2308 654 2340 demum
680 2310 753 2349 post
769 2309 932 2342 mensibus
947 2310 1080 2350 elapsis,
1102 2312 1164 2342 Za-

113 2361 237 2392 charias
252 2362 284 2393 et
308 2361 497 2394 Theodorus
521 2361 709 2394 difficillima
728 2363 761 2394 et
775 2363 885 2403 gravia
910 2371 1048 2403 quaeque
1066 2371 1165 2403 expe-

114 2413 223 2445 riendo
233 2413 390 2454 perpessi,
402 2414 585 2446 missionem
595 2414 815 2447 obtinuerunt.
826 2416 936 2455 Neque
950 2415 1035 2447 enim
1047 2423 1164 2456 purum

114 2474 189 2498 aera
203 2465 352 2505 haurire,
366 2474 470 2506 neque
486 2465 586 2498 libere
613 2475 651 2498 ex
670 2467 773 2506 tecto,
798 2466 859 2498 sub
878 2475 944 2506 quo
963 2466 1166 2499 diversaban-

115 2520 181 2556 tur,
194 2518 228 2549 in
243 2518 392 2558 apertum
408 2517 497 2549 exire
514 2526 627 2549 eorum
647 2518 801 2549 custodiae
821 2518 983 2558 praepositi
1000 2518 1166 2559 permitte-

117 2570 206 2602 bant.
221 2571 344 2601 Domus
356 2577 451 2609 vero,
470 2568 504 2600 in
528 2577 593 2609 qua
609 2568 817 2609 habitabant,
844 2570 913 2601 erat
937 2569 1117 2610 ohscurior,
1135 2570 1168 2602 et

117 2631 220 2663 quum
236 2622 270 2654 in
285 2630 356 2654 eam
378 2630 457 2654 aura
483 2621 573 2653 nulla
595 2621 764 2662 perflaret,
785 2623 898 2654 aestate
914 2622 1058 2662 inprimis
1074 2622 1168 2655 valde

117 2675 253 2706 molesta
266 2675 352 2712 erat3
363 2673 503 2714 denique
518 2682 552 2705 re
565 2682 642 2705 vera
655 2673 770 2705 domus
783 2682 890 2705 carcer
904 2682 971 2705 esse
984 2673 1165 2706 videbatur.

120 2727 179 2759 llis
192 2726 289 2767 igitur
301 2726 395 2759 malis
407 2727 440 2759 et
454 2726 668 2758 incommodis
684 2726 811 2759 attritos
828 2728 862 2759 et
884 2727 1047 2759 confectos
1065 2727 1168 2758 multo

118 2778 266 2818 graviora
289 2778 323 2810 in
340 2777 446 2811 reditu
468 2787 617 2819 passuros
633 2778 768 2810 dimisit.
797 2779 878 2810 Nam
898 2783 958 2810 nec
973 2778 1036 2810 illis
1059 2787 1168 2810 rerum

119 2829 370 2861 necessariarum
381 2829 526 2870 copiam,
543 2829 651 2870 quoad
667 2829 743 2862 satis
759 2830 854 2870 esset,
880 2829 1167 2870 administrabant,

120 2880 206 2912 diem
219 2881 258 2912 de
272 2880 323 2913 die
333 2880 513 2922 ducebant,
527 2883 559 2914 et
580 2881 777 2922 longioribus
794 2881 963 2914 itineribus
981 2890 1037 2913 eos
1062 2881 1170 2922 fatiga·

121 2932 210 2964 bant.
226 2932 353 2964 Etenim
367 2941 466 2973 quam
476 2933 561 2965 viam
572 2942 637 2965 uno
647 2933 698 2965 die
705 2933 909 2965 confecerant
918 2957 927 2973 ‚
939 2941 1010 2965 eam
1019 2933 1172 2973 postridie

122 2985 208 3016 retro
221 2992 275 3015 eos
289 2983 467 3023 ducebant,
481 2984 584 3017 donec
607 2985 718 3017 multis
735 2985 889 3017 aerumnis
910 2984 1102 3026 conflictati,
1128 2985 1173 3017 ita

123 3036 160 3066 ut
188 3035 324 3075 uterque
353 3034 387 3066 in
407 3035 630 3075 gravissimum
662 3036 812 3068 morbum
838 3036 1013 3076 incideret,
1040 3036 1171 3069 tandem

125 3084 253 3118 Perside
268 3088 483 3118 excesserunt.
499 3087 599 3128 Cujus
621 3088 665 3120 rei
679 3089 812 3121 nuntius
823 3097 926 3129 quum
945 3088 986 3120 ad
999 3088 1174 3128 imperato-

125 3147 194 3170 rem
212 3138 394 3178 affenetur,
409 3140 441 3171 et
457 3142 573 3180 praeter
591 3149 720 3173 omnem
739 3141 1012 3182 exspectationem
1031 3142 1077 3173 illi
1094 3141 1175 3174 acci-

126 3189 216 3222 deret
246 3192 256 3229 (
271 3198 336 3222 non
365 3190 450 3222 enim
474 3190 731 3231 existimaverat,
759 3202 863 3234 quum
891 3193 1027 3225 Romani
1055 3194 1099 3226 ita
1126 3194 1175 3226 sa-

126 3242 202 3274 ciles
221 3243 254 3274 et
278 3241 461 3274 moderatos
482 3250 517 3274 se
533 3243 762 3284 praebuissent,
789 3245 856 3276 sore
875 3248 912 3276 ut
936 3247 1040 3277 Persae
1057 3253 1076 3276 a
1098 3254 1176 3286 pace

127 3293 357 3332 abhorrerent)
371 3317 381 3333 ,
395 3292 469 3333 jure
482 3295 514 3325 et
527 3295 641 3326 merito
655 3295 810 3327 Mauricio
823 3297 991 3337 praecepit,
1007 3298 1042 3328 ut
1055 3296 1175 3328 bellum

126 3346 258 3376 strenuo
283 3345 430 3385 pararet,
459 3347 491 3377 et
508 3346 615 3377 cetera
642 3347 750 3378 omnia
779 3347 823 3378 ita
852 3347 1007 3387 instituit,
1030 3348 1067 3379 ut
1088 3348 1177 3380 omni

129 3397 226 3429 modo
243 3397 310 3429 suis
325 3397 420 3430 rebus
441 3398 631 3430 consuleret.
665 3401 775 3439 Neque
801 3409 877 3431 vero
894 3400 1055 3432 exercitus
1070 3400 1176 3440 quoad

134 3451 237 3481 celera
251 3449 334 3481 male
348 3448 496 3481 habebat.
516 3450 679 3491 Stipendia
695 3452 780 3483 enim
798 3452 959 3491 persoluta
976 3452 1111 3484 fuerant.

847 254 1127 295 MENANDRI
1161 255 1511 295 PROTECTORIS

1627 342 1690 383 56.
1712 343 1844 394 (579.)

1267 420 1401 457 Suidas
1424 434 1462 456 v.
1501 418 1783 469 Μαυρίκιος;
1808 413 1920 464 Οὗτος
1942 418 1978 457 δὲ
1997 420 2256 472 προχειρίζεται

1213 477 1408 530 στρατηγὸς
1435 493 1498 524 της
1522 477 1611 530 ἑώας
1639 477 1707 516 ὑπὸ
1737 478 1902 529 Τιὸερίου
1936 477 2128 550 Καίσαρος.
2189 479 2259 525 ι’ος

1215 534 1438 587 Μαυρίκιος’
1423 550 1458 574 εν
1475 516 1643 586 πολέμοις
1654 534 1716 586 μὲν
1732 535 1792 574 καὶ
1812 538 1943 587 ἀγῶσιν
1954 538 2016 574 οὐκ
2027 552 2069 584 ην
2079 538 2261 591 ἐντεθραμ-

1215 592 1337 644 μένος,
1366 593 1508 646 ἔμφρων
1529 592 1566 632 δὲ
1583 593 1698 638 ἄλλως
1729 594 1790 632 καὶ
1811 594 1979 647 ἐμὸριθὴς
2004 594 2064 633 καὶ
2092 611 2260 650 κατηκρι·

1214 651 1388 702 ὅωμένος,
1410 651 1624 704 ξυγκεροίσας
1640 668 1678 690 τε
1701 653 1736 691 ἐν
1762 655 1877 705 ἑαυτῷ
1904 653 2011 706 ἄμφω
2029 653 2073 692 τὰ
2099 655 2261 700 ἐναντίως

1215 709 1341 762 ἔχοντα
1357 710 1520 757 ἀλλήλοις
1531 741 1542 760 ,
1557 711 1659 761 ὄγκον
1672 711 1889 764 φρονήματος
1905 712 1965 750 καὶ
1975 711 2179 765 πρᾳότητα,
2189 713 2260 752 πά-

1215 784 1277 816 σης
1293 767 1484 821 ὑπεροψίας
1506 783 1545 807 τε
1564 769 1625 807 καὶ
1653 769 1776 822 ὀφρύος
1795 769 1990 823 ἐλευθέραν.
2023 771 2189 810 Τοιοῦτον
2217 771 2261 819 δή

1214 842 1291 869 τινα
1311 827 1369 865 τὸν
1397 826 1592 880 Μαυρίκιον
1610 827 1694 866 ὄντα
1711 831 1734 875 ἡ
1759 831 1829 867 τῶν
1854 828 2073 882 πραγμάτων
2092 829 2263 881 ἡγεμονία

1213 885 1493 937 παραλαόοῧσα,
1515 885 1666 931 ἀνέδειξέ
1681 902 1755 931 πως
1776 887 2015 940 εὐκλεέστερον
2035 891 2078 941 τῇ
2092 888 2210 942 πείρα.

1267 946 1460 983 Nonnulla
1467 946 1608 982 horum
1622 954 1848 995 repetuntur
1862 961 1901 984 v.
1911 943 2055 998 Ὀγκος.
2063 949 2264 986 Menandri
2299 954 2306 960 ’

1215 1006 1346 1041 locum
1360 1017 1438 1041 esse
1456 1004 1541 1051 conj
1548 1005 1623 1041 ecit
1634 1006 1813 1043 Valesius.

1469 1085 1533 1133 57.
1567 1084 1673 1137 (580.
1693 1087 1850 1127 Tiberii.
1873 1099 1934 1126 an.
1958 1087 2014 1136 3.)

1269 1163 1360 1199 Exc.
1378 1164 1434 1199 De
1446 1162 1520 1211 leg.
1538 1170 1640 1211 gent.
1653 1175 1694 1212 p.
1717 1162 1805 1199 125.
1828 1163 1900 1199 156
1918 1160 2027 1201 :⁶012
2040 1162 2265 1216 πολιορκούν-

1216 1234 1284 1257 των
1305 1217 1495 1268 Ῥωμαίων
1511 1218 1550 1256 τὸ
1562 1218 1788 1270 Χλωμοίρων,
1807 1219 1868 1257 καὶ
1885 1218 2085 1272 προσὸολὰς
2097 1220 2133 1258 ἐν
2147 1219 2267 1274 κύκλῳ

1220 1277 1452 1326 ποιουμένων,
1470 1277 1531 1321 τάς
1542 1293 1580 1316 τε
1596 1277 1772 1321 ἑλεπόλεις
1790 1277 1952 1330 μηχανὰς
1967 1277 2266 1331 περιστησάντων,

1220 1337 1306 1390 πρὸς
1328 1335 1365 1374 δέ
1383 1352 1423 1387 γε
1443 1337 1504 1375 και
1529 1336 1721 1386 υπονόμους
1737 1336 1902 1389 ἔνερθεν
1889 1337 2153 1390 υπορυττόντων
2174 1338 2207 1382 ἐς
2225 1337 2267 1377 τὸ

1219 1395 1367 1449 ἀφανὲς,
1384 1395 1522 1434 στέλλει
1544 1395 1720 1446 Βιγγάνης
1744 1397 1790 1439 ὡς
1807 1395 2002 1470 Μαυρίκιον
2021 1394 2079 1434 τόν
2086 1394 2187 1467 ω(τε)
2205 1412 2267 1436 του

1218 1454 1381 1508 φρουρίου
1402 1453 1592 1507 ἀρχιερέα·
1610 1454 1815 1506 Χριστιανοὶ
1830 1448 1935 1507 γὰργ
1913 1469 2001 1502 ησαν
2021 1456 2052 1493 οἱ
2065 1457 2127 1500 τῆς
2145 1454 2267 1508 Ἇρζα·

1219 1530 1324 1562 νηνης
1353 1514 1515 1558 ἅπαντες.
1539 1513 1664 1566 Ταύτῃ
1690 1529 1762 1562 τοι,
1782 1515 1830 1558 ὡς
1850 1514 1966 1558 αἰδοῦς
1989 1513 2267 1564 ἀξιωθησόμενον

1219 1572 1303 1625 πρὸς
1319 1572 1507 1622 Ῥωμαίων
1527 1572 1785 1624 Χριστιανῶν”
1765 1588 1872 1610 οντων
1893 1571 1950 1610 τὸν
1970 1574 2179 1624 προεστῶτα
2199 1574 2268 1611 τῶν

1219 1633 1320 1683 ἱερῶν
1334 1646 1395 1669 του
1411 1633 1442 1671 Χ
1449 1647 1584 1684 ριστου
1592 1630 1764 1693 ἱκετεύειν
1780 1630 1944 1683 ἐπέτρεψε
1958 1633 2009 1669 τῶ
2027 1633 2268 1683 μυσταγωγῶ,

1221 1689 1406 1743 εἰληφότας
1438 1688 1563 1734 ὁπόσος
1590 1685 1631 1737 ἦν
1662 1691 1776 1733 αὐτοῖς
1804 1689 1933 1742 χρυσός
1962 1705 1999 1727 τε
2029 1689 2089 1728 καὶ
2121 1689 2270 1743 ἄργυρος

1221 1750 1467 1795 ἀπαναστῆναι
1486 1764 1547 1786 και
1568 1747 1617 1799 μὴ
1640 1747 1731 1801 πέρα
1757 1751 1887 1788 πονεῖν.
1905 1747 1998 1787 Οὔτε
2022 1748 2090 1801 γὰρ
2109 1748 2269 1787 ἐνδώσειν

1221 1807 1325 1855 ποτὲ,
1344 1807 1518 1859 Βιγγοίνου
1539 1807 1595 1845 τὸν
1619 1807 1717 1855 ἥλιον
1742 1810 1910 1860 ὁρῶντος,
1931 1807 2008 1850 τοὺς
2027 1807 2100 1846 ὅσοι
2119 1823 2158 1858 γε
2178 1808 2212 1851 ἐς
2231 1807 2272 1846 τὸ

1223 1866 1435 1919 Χλωμοίρων
1462 1866 1529 1904 εἶσὶ
1550 1865 1743 1916 “Ρωμαίοις
1769 1866 1928 1910 ἑαυτούς·
1950 1865 2214 1918 προσμενόντων
2233 1882 2272 1905 τε

1221 1928 1265 1978 τῇ
1290 1924 1474 1978 πολιορκία
1502 1927 1723 1978 Χριστιανῶν
1750 1924 1888 1963 ἔσεσθαι
1916 1924 1955 1963 τὸ
1985 1924 2269 1978 διαφθειρόμενον

1223 1984 1356 2029 πλῆθος
1367 2013 1377 2033 ,
1399 1983 1459 2021 καὶ
1477 1983 1663 2030 ἀσεὸήσειν
1681 1982 1879 2033 Ῥωμαίους
1891 1982 1976 2036 πρὸς
1992 1982 2066 2020 θεὸν
2079 1984 2270 2035 περιορῶν-

1232 2057 1294 2085 τας
1311 2042 1474 2086 ἀναιτίως
1491 2042 1569 2086 τοὺς
1585 2041 1678 2081 ἔνδον
1697 2042 1970 2093 ἀπολλυμένους.
1994 2043 2121 2081 Ταῦτα
2139 2041 2273 2092 Βιγγά-

1721 2170 1781 2203 56.

1269 2234 1445 2267 Mauricius
1457 2243 1477 2266 a
1489 2234 1619 2266 Tiberio
1634 2235 1761 2267 Caesare
1775 2234 1842 2266 dux
1855 2226 2020 2275 copiaru'm
2040 2241 2097 2274 per
2110 2231 2275 2265 Orientem

1225 2286 1419 2319 constitutus
1435 2287 1482 2318 ost
1498 2299 1506 2318 ι
1521 2295 1586 2318 non
1607 2286 1660 2318 ille
1673 2286 1803 2327 quidem
1817 2286 1850 2318 in
1872 2286 1966 2318 bellis
1980 2286 2079 2326 atque
2097 2283 2276 2316 certamini-

1225 2337 1285 2370 bus
1298 2338 1490 2377 innutritus,
1504 2337 1557 2370 sed
1578 2338 1718 2378 prudens
1731 2338 1781 2369 vir
1796 2337 1948 2378 et‘gravis
1964 2338 1996 2368 et
2008 2339 2190 2368 accuratus.
2209 2335 2276 2374 Qui

1226 2389 1307 2421 duas
1323 2398 1373 2422 res
1388 2390 1531 2421 maxime
1548 2390 1631 2421 inter
1647 2398 1681 2421 se
1696 2389 1872 2421 contrarias
1885 2390 1917 2420 in
1929 2397 1964 2420 se
1983 2387 2170 2428 conjunxit,
2185 2395 2277 2419 sum-

1227 2450 1312 2473 mam
1336 2441 1434 2473 animi
1454 2440 1708 2481 magnitudinem
1735 2441 1768 2472 et
1794 2439 2072 2472 mansuetudinem
2096 2439 2277 2479 arrogantia

1229 2494 1263 2525 et
1287 2493 1459 2534 supercilio
1483 2493 1579 2533 plane
1600 2501 1748 2524 vacuam.
1769 2492 1854 2524 Talis
1878 2501 1980 2533 quum
1998 2493 2082 2524 esset
2105 2490 2278 2522 Mauricius

1227 2547 1342 2578 natura
1355 2570 1364 2586 ,
1382 2546 1451 2587 ipsa
1475 2545 1671 2587 experientia
1695 2545 1786 2586 longe
1813 2545 2030 2586 gloriosiorem
2051 2552 2127 2577 eum
2145 2543 2276 2576 demon-

1228 2599 1355 2630 stravit.

1726 2658 1786 2690 57.

1271 2726 1382 2762 Quum
1393 2722 1529 2754 Romani
1542 2723 1737 2756 Chlomaron
1748 2721 1902 2763 oppidum
1913 2720 2096 2754 obsiderent
2108 2722 2140 2754 et
2147 2723 2280 2755 armatis

1231 2773 1416 2806 hominibus
1432 2774 1615 2814 cingerent,
1632 2776 1664 2806 et
1686 2774 1869 2813 machinas,
1893 2772 2011 2813 quibus
2033 2773 2128 2806 urbes
2153 2774 2281 2814 capiun-

1230 2829 1296 2866 tur,
1310 2825 1538 2866 admoverent,
1566 2826 1706 2858 cuniculi
1730 2835 1860 2866 quoque
1878 2825 2076 2857 subterranei
2095 2824 2129 2856 in
2151 2827 2280 2860 occulto

1230 2880 1341 2912 subter
1356 2881 1475 2912 terram
1496 2880 1703 2919 ducerentur,
1728 2879 1859 2919 Biganes
1875 2878 1962 2910 misit
1978 2879 2067 2910 urbis
2087 2880 2280 2921 Episcopum

1232 2932 1347 2972 (erant
1369 2932 1455 2963 enim
1482 2931 1654 2964 Christiani
1671 2939 1783 2962 omnes
1798 2930 1911 2962 incolae
1932 2931 2149 2972 Arzanenae),
2181 2941 2280 2972 quem

1231 2987 1411 3025 Romanos,
1429 2985 1506 3026 quia
1522 2984 1695 3017 christiani
1711 2984 1820 3024 erant,
1838 2983 1960 3023 majore
1976 2984 2154 3015 reverentia
2173 2987 2205 3016 et
2224 2985 2282 3016 ho-

1231 3046 1309 3069 nore
1319 3039 1520 3078 excepturos,
1529 3037 1684 3077 tanquam
1692 3044 1857 3067 sacrorum
1874 3034 2049 3066 antistitem
2057 3059 2066 3074 ,
2075 3035 2281 3076 existimavit,

1233 3089 1274 3122 ad
1292 3089 1484 3122 Mauricium
1495 3111 1504 3127 ‚
1524 3081 1664 3132 enitique
1679 3096 1772 3120 orare
1788 3086 1900 3127 jussit,
1927 3087 1964 3118 ut
1978 3088 2111 3127 accepto
2127 3087 2280 3128 quicquid

1233 3141 1317 3182 apud
1330 3141 1476 3173 obsessos
1491 3140 1561 3177 erat
1569 3132 1641 3171 auri
1657 3141 1689 3171 et
1703 3139 1844 3180 argenti,
1858 3137 1994 3170 Romani
2009 3138 2207 3171 obsidionem
2220 3139 2282 3171 sol-

1234 3194 1364 3233 verent,
1378 3201 1482 3233 neque
1495 3190 1581 3223 ulti-a
1599 3191 1632 3223 in
1647 3199 1769 3222 vanum
1782 3190 1976 3224 laborarent.
1993 3193 2104 3231 Neque
2119 3190 2203 3222 enim
2219 3199 2281 3223 un-

1234 3254 1352 3286 quam,
1375 3243 1531 3285 quamdiu
1545 3243 1655 3284 Bigani
1680 3243 1781 3275 solem
1796 3241 1914 3273 intueri
1931 3242 2058 3278 liceret.
2073 3241 2282 3281 Christianos,

1236 3296 1337 3337 quiin
1348 3295 1466 3336 oppido
1481 3295 1604 3334 essent,
1619 3294 1771 3327 Romanis
1787 3302 1855 3326 sese
1867 3293 2053 3326 tradituros.
2066 3292 2186 3331 Quodsi
2199 3293 2283 3325 obsi-

1236 3347 1363 3379 dionem
1388 3347 1630 3386 continuarent,
1663 3346 1730 3378 fore
1755 3347 1792 3377 ut
1818 3345 2071 3378 Christianorum
2101 3344 2276 3376 multitudo

1238 3401 1364 3441 periret.
1382 3402 1429 3431 Ex
1445 3407 1509 3440 quo
1526 3398 1614 3430 tieret
1638 3399 1673 3430 ut
1697 3398 1831 3430 Romani
1847 3397 1935 3438 impii
1957 3406 2031 3438 erga
2050 3396 2149 3428 deum
2166 3397 2281 3435 essent,

1237 3452 1292 3492 qui
1319 3451 1533 3491 Christianos,
1557 3450 1613 3491 qui
1635 3450 1718 3482 intra
1733 3449 1885 3491 oppidum
1902 3450 2026 3488 essent,
2048 3448 2116 3480 sine
2137 3447 2203 3479 ulla
2225 3455 2282 3479 sua
