2372 3704
957 190 1285 230 FRAGMENTA.

38 280 77 318 τὸ
94 277 271 332 ποτήριον,
290 277 481 330 παρεκάλει
501 276 550 325 μὴ
569 277 713 327 ἀθυμεῖν
740 275 884 326 αὖτοὺς,
904 278 949 319 ὡς
970 276 1087 320 ἱκανὸς

39 337 140 381 αὐτὸς
159 337 212 383 εἴη
233 339 391 387 ἡγεῖσθαι
407 339 467 382 τῆς
490 336 637 387 σχολῆς,
658 334 717 372 καὶ
739 333 902 386 προέπιεν
921 334 1086 373 Ἀπολλο-

12 422 14 425 v
39 395 152 449 δώρῳ.
171 395 242 436 Καὶ
259 395 293 438 ὃς
306 398 413 442 εἶπεν,
423 393 581 433 σΗδιον*
564 409 606 431 αν
618 392 716 446 παρὰ
731 393 938 445 Σωκράτους
951 392 1012 439 τὴν
1027 408 1086 431 του

41 454 227 526 φαρμάκου
246 452 373 493 κύλικα
393 451 561 505 εἰλήφειν,
592 450 615 499 ἢ
633 451 730 504 παρὰ
750 454 811 489 σοῦ
818 451 894 511 ...t->¹⁹
914 454 974 489 τοῦ
995 449 1085 489 οἴνου

39 512 220 586 πρόποσιν.
236 511 372 550 Ἐδόκει
385 509 453 563 γὰρ
469 509 619 549 Πλάτων
637 509 793 563 φθονερος
807 512 906 556 εἶναι,
920 508 980 546 καὶ
995 510 1087 547 κατὰ

39 569 78 608 τὸ
92 565 172 618 ηθος
187 570 346 620 οὐδαμῶς
363 570 572 619 εὐδοκιμεῖν.
592 568 663 607 Καὶ
678 568 746 621 γὰρ
765 567 988 620 Αρίστιππον
1004 567 1088 619 πρὸς

40 629 217 668 Διονύσιον
236 627 515 679 ἀποδημήσαντα
533 626 726 677 ἔσκωπτεν,
747 626 848 670 αὐτὸς
869 625 941 678 τρὶς
961 627 1008 669 εἷς
1025 627 1087 665 Σι-

41 686 160 725 κελίαν
176 686 371 730 ἐκπλεύσας
382 702 390 710 ·
409 684 503 730 ἅπαξ
518 684 580 736 μὲν
593 687 662 723 τῶν
680 684 814 738 ῥυάκων
829 683 943 736 χάριν,
959 683 1015 722 ὅτε
1029 683 1089 722 καὶ

41 747 92 798 τῷ
107 744 334 798 πρεσὸυτέρῳ
349 744 519 796 Διονυσίῳ
533 743 778 795 συγγενόμενος
794 742 1022 793 ἐκινδύνευσε,
1040 741 1090 786 δἰς

42 803 78 841 δὲ
99 804 183 856 πρὸς
203 803 260 841 τὸν
280 802 444 855 νεώτερον
466 801 657 842 Διονύσιον.
689 801 856 854 Αἰσχίνου
887 817 924 839 τε
946 800 1090 848 πένητος

41 862 155 908 ὄντος,
182 862 243 900 καὶ
272 860 430 912 μαθητὴν
460 862 519 899 ἕνα
548 860 685 913 ἔχοντος
709 859 944 913 Ξενοκράτην,
970 862 1088 897 τοῦτον

41 920 270 972 περιέσπασε.
295 919 367 959 Καὶ
383 919 544 959 Φαίδωνι
564 919 600 957 δὲ
619 919 681 966 τὴν
701 922 763 966 τῆς
779 917 932 961 δουλείας
951 917 1090 970 ἐφιστὰς

43 978 142 1025 δίκην
165 977 325 1031 ἐφωράθη
337 992 346 1002 ·
373 977 434 1016 καὶ
452 978 491 1016 τὸ
511 977 659 1016 καθόλου
684 983 772 1015 πᾶσι
791 981 862 1020 τοῖς
882 975 1090 1028 Σωκράτους

44 1041 217 1088 μαθηταῖς
248 1035 412 1089 ἐπεφύκει
442 1042 612 1088 μητρυιᾶς
643 1036 734 1088 ἔχων
767 1036 931 1074 διάθεσιν.
959 1034 1090 1085 Διόπερ

44 1095 259 1148 Σωκράτης,
277 1096 340 1133 οὔκ
357 1096 471 1142 ἀηδῶς
490 1094 569 1146 περὶ
591 1096 695 1133 αὐτοῦ
718 1093 989 1146 στοχαζόμενος,
1011 1093 1091 1130 ἐνύ-

45 1170 144 1192 πνιον
172 1153 298 1206 ἔφησεν
322 1153 533 1206 ἑωρακέναι,
555 1152 724 1191 πλειόνων
743 1151 939 1205 παρόντων.
969 1152 1091 1190 Δοκεῖν

46 1212 144 1265 γὰρ’
125 1228 190 1266 εφη
207 1228 264 1251 τον
282 1212 482 1256 Πλάτωνα,
500 1211 655 1263 κορώνην
672 1209 867 1262 γενόμενον,
885 1209 942 1248 ἐπὶ
956 1209 1018 1256 τὴν
1035 1224 1091 1247 κε-

45 1271 160 1324 φαλήν
180 1286 246 1322 μου
267 1270 560 1318 ἀναπηδήσαντα,
574 1269 613 1308 τὸ
633 1269 810 1322 φαλακρόν
829 1284 894 1319 μου
913 1283 1094 1307 κατασκα-

47 1336 160 1384 ριφᾶν,
174 1330 235 1368 καὶ
251 1329 388 1382 κράζειν
399 1327 692 1382 περιὸλέπουσαν.
707 1330 808 1366 Δοκῶ
825 1331 882 1366 οὖν
894 1343 944 1375 σε,
955 1329 983 1364 ὠ
999 1326 1096 1366 Πλά-

45 1404 130 1436 των,
152 1387 268 1426 πολλὰ
284 1387 376 1426 κατὰ
395 1390 456 1434 τῆς
473 1389 560 1436 εμῆς
574 1385 760 1438 ψεύδεσθαι
780 1387 947 1438 κεφαλῆς.
975 1388 1040 1424 Ἤν
1059 1384 1095 1422 δὲ

47 1450 66 1485 ὁ
90 1446 244 1486 Πλάτων
278 1444 364 1497 πρὸς
395 1447 439 1495 τῇ
474 1443 662 1496 κακοηθεία
697 1443 757 1482 καὶ
785 1443 975 1496 φιλόδοξος,
1005 1443 1096 1486 ὅστις

47 1505 188 1558 ἔφησεν,
204 1502 388 1555 Ἔσχατον
407 1501 465 1541 τὸν
484 1506 548 1550 τῆς
571 1502 668 1550 δόξης
683 1505 816 1555 χιτῶνα
838 1503 873 1540 ἐν
885 1505 938 1555 ’τῷ
960 1501 1095 1555 θανάτῳ

48 1564 143 1615 αὐτῷ
160 1561 398 1612 ἀποδυόμεθα,
420 1561 454 1598 ἐν
477 1560 676 1607 διαθήκαις,
694 1562 728 1598 ἓν
747 1561 964 1611 ἐκκομιδαῖς,
982 1563 1016 1599 ἐν
1035 1561 1096 1598 τά-

48 1635 140 1674 φοις·
161 1619 207 1664 ὥς
220 1635 304 1672 φησι
321 1618 568 1671 Διοσκουρίδης
586 1620 619 1656 ἐν
636 1624 706 1662 τοῖς
724 1618 1093 1692 Ἀπομνημονεύμασι.

50 1680 123 1719 Και
142 1695 181 1718 το
195 1678 296 1718 πόλιν
313 1677 349 1716 δὲ
377 1679 522 1725 θελῆσαι
546 1677 684 1725 κτίσαι,
707 1677 767 1716 καὶ
786 1677 825 1716 τὸ
843 1681 1097 1730 νομοθετῆσαι,

49 1737 100 1782 τίς
110 1738 148 1776 οὗ
161 1737 263 1791 φήσει
277 1736 384 1780 πάθος
398 1730 486 1774 εἶναι
497 1735 708 1789 φιλοδοξίας·
700 1765 710 1782 ,
723 1737 838 1782 Δῆλον
850 1736 911 1774 δέ’
897 1751 970 1774 εστι
984 1740 1097 1784 τοῦτο,

50 1790 131 1842 ἔξῗ
105 1812 153 1835 ων
177 1797 212 1834 ἐν
231 1797 279 1848 τῷ
299 1793 442 1847 Τιμαίῳ
461 1794 573 1846 λέγει·
600 1813 614 1827 «
640 1793 805 1833 Πέπονθά
832 1810 865 1832 τι
889 1794 996 1838 πάθος
1016 1810 1100 1848 προς

0 1885 2 1887 v
49 1854 112 1902 τὴν
128 1853 347 1900 πολιτείαν,
330 1852 449 1906 ωσπερ
467 1852 509 1891 ἂν
530 1855 559 1891 εἰ
577 1853 756 1906 ζῳγράφος
776 1853 937 1891 εὸούλετο
956 1853 999 1891 τὰ
1018 1856 1100 1892 ἑαυ-

51 1917 109 1952 τοῦ
132 1912 217 1966 ἔργα
235 1912 422 1961 κινούμενα
443 1912 503 1950 καὶ
523 1911 644 1965 ἐνεργὰ
665 1913 761 1960 ἰδεῖν,
790 1912 880 1950 οὕτω
900 1911 998 1962 κάγὼ
1023 1912 1102 1956 τοὺς

51 1970 215 2018 πολίτας,
245 1970 301 2014 οὒς
327 1969 522 2023 διαγράφω.
552 1988 567 2004 »
595 1973 767 2008 Ceterum
795 1984 842 2007 ex
868 1972 926 2007 his
949 1973 1103 2007 nonnisi

53 2083 139 2116 enim
166 2082 255 2114 Plato
271 2082 448 2114 invidiosus
471 2082 582 2122 fuisse,
611 2083 643 2113 et
664 2082 808 2113 moribus
833 2081 964 2114 minime
980 2082 1100 2123 probis.

54 2136 135 2167 Nam
148 2134 182 2165 et
194 2133 388 2174 Aristippum
399 2132 567 2164 cavillatus
583 2134 648 2171 est,
665 2132 752 2172 quod
763 2132 804 2163 ad
820 2132 1008 2173 Dionysium
1022 2134 1103 2165 esset

54 2184 290 2227 peregrinatus,
312 2193 413 2225 quum
428 2184 492 2224 ipse
508 2185 556 2216 ter
571 2184 604 2215 in
626 2184 765 2216 Siciliam
783 2184 961 2224 navigasset
979 2193 986 2215 :
1006 2185 1102 2216 semel

55 2239 185 2280 quidem
199 2239 363 2280 igneorum
380 2240 483 2271 AEtnae
496 2238 728 2279 proiluviorum
745 2247 862 2278 causa;
881 2247 947 2278 quo
960 2239 1104 2278 tempore

55 2291 152 2324 etiam
169 2300 244 2323 cum
269 2290 393 2322 seniore
420 2290 570 2331 Dionysio
595 2298 798 2330 congressus,
822 2289 1000 2330 periculum
1027 2289 1104 2321 vitae

56 2342 134 2375 adiit
149 2351 159 2374 ι
172 2342 221 2374 bis
235 2351 312 2373 vero
333 2341 372 2373 ad
386 2341 546 2382 juniorem
563 2341 760 2382 Dionysium.
782 2341 888 2381 ldem‚
903 2350 1004 2381 quum
1023 2349 1103 2381 pau-

56 2404 112 2436 per
130 2396 213 2428 esset
234 2394 417 2433 AEschines,
441 2403 609 2434 unumque
633 2394 764 2427 haberet
789 2394 981 2434 discipulum
1001 2396 1106 2426 Xeno-

57 2448 194 2486 cratem,
220 2447 305 2478 hune
323 2445 435 2477 abillo
460 2446 626 2477 abstraxit.
649 2445 736 2477 Idem
752 2445 969 2485 deprehensus
998 2447 1046 2478 est
1073 2446 1105 2477 id

58 2508 75 2531 a
87 2507 150 2531 ¹ere
166 2499 202 2529 ut
230 2497 382 2529 Phaedoni
398 2497 487 2529 litem
505 2498 695 2536 intentaret,
710 2506 775 2537 qua
790 2498 822 2528 in
841 2497 1028 2529 servitutem
1054 2498 1106 2529 ille

58 2551 164 2582 denuo
191 2549 416 2581 detruderetur
444 2558 451 2580 :
476 2549 672 2588 omninoque
696 2548 729 2579 in
756 2557 867 2580 omnes
892 2549 1031 2580 Socratis
1058 2549 1106 2580 di-

58 2602 195 2642 scipulos
205 2601 406 2633 novercalem
423 2600 567 2631 animum
586 2601 689 2640 gessit.
707 2603 812 2638 Quare
828 2599 923 2631 etiam
941 2601 1104 2638 Socrates,

59 2654 146 2685 recte
162 2652 202 2684 de
226 2661 264 2684 eo
281 2651 482 2692 coniectans,
511 2651 722 2692 praesentibus
750 2651 860 2682 multis
886 2660 952 2683 non
980 2651 1107 2692 illepide

59 2704 203 2744 dixerat,
219 2706 331 2736 visum
347 2703 411 2735 sibi
418 2712 484 2744 per
500 2705 711 2735 insomnium
731 2702 925 2741 Platonem,
945 2704 980 2734 in
998 2705 1107 2735 corni-

59 2765 130 2789 cem
154 2758 350 2791 mutatum‚
379 2757 488 2797 capiti
515 2757 622 2797 ipsius
651 2756 841 2796 insiluisse,
865 2757 1108 2797 calvitiemque

56 2809 310 2851 perfodientem
321 2830 332 2845 ,
362 2811 396 2841 et
414 2809 570 2849 firmiter
585 2811 694 2849 capiti
708 2809 931 2846 insidente-m,
960 2811 1106 2841 circum-

60 2861 155 2893 circa
170 2862 418 2902 prospectasse.
446 2863 560 2899 Quare
579 2863 758 2898 existimo,
785 2861 907 2902 inquit,
926 2861 1041 2893 multa
1061 2863 1104 2896 te,

62 2912 188 2948 Plato,
216 2912 385 2944 adversus
411 2914 518 2953 caput
540 2921 655 2944 meum
680 2922 750 2945 esse
771 2915 1014 2945 mentitur-um.
1031 2915 1109 2945 Erat

62 2972 138 2997 vero
151 2965 240 2997 Plato
252 2974 315 2996 non
327 2965 506 2997 malevolus
521 2966 625 2997 solum
635 2990 644 3004 ‚
659 2975 772 2998 verum
789 2966 885 2998 etiam
899 2966 1008 3006 gloriae
1021 2966 1106 3006 eupi-

63 3017 139 3057 dus;
157 3017 184 3050 is
192 3018 248 3058 qui
264 3018 408 3050 dixerat:
425 3020 632 3050 Extremam
650 3021 805 3051 tunicam
818 3043 826 3058 ,
841 3019 962 3059 qlorioe
974 3018 1107 3059 cupidi-

65 3070 190 3105 tatem,
222 3071 259 3101 in
276 3071 354 3110 ipsa
371 3072 481 3101 morte
510 3070 732 3111 deponimus,
752 3073 791 3102 in
820 3072 1052 3107 testamentis,
1071 3071 1108 3101 in

65 3122 237 3162 exsequiis
248 3145 259 3159 ,
271 3123 309 3153 in
325 3121 563 3162 sepulcrorum
576 3124 807 3154 monumentis
822 3133 832 3154 .·
854 3123 890 3153 ut
902 3121 1000 3153 tradit
1018 3122 1109 3152 Dios-

65 3171 187 3204 corides
195 3172 228 3204 in
241 3172 512 3204 Memorabilibus.
531 3173 624 3210 Quod
641 3182 716 3206 vero
732 3174 895 3205 civitatem
915 3173 1017 3204 voluit
1030 3181 1108 3203 con-

65 3221 158 3262 dere,
173 3224 205 3255 et
221 3223 342 3264 legibus
365 3232 436 3256 eam
460 3225 634 3264 instruere,
660 3225 733 3265 quis
759 3227 852 3264 neget
867 3225 949 3256 esset
974 3224 1111 3255 hominis

66 3273 174 3314 gloriae
192 3275 367 3315 cupiditate
383 3275 546 3316 insigniter
567 3276 694 3308 affecti?
710 3277 849 3316 Apparet
869 3276 930 3307 hoc
946 3276 1053 3307 autem
1070 3284 1111 3306 ex

68 3324 117 3357 his
126 3325 245 3366 quaein
260 3327 381 3358 Timaeo
402 3327 469 3367 ipse
482 3327 527 3359 ait
554 3336 562 3358 ε
584 3327 753 3368 Equidem
769 3327 935 3359 adversus
964 3329 1110 3366 Rempu-

69 3375 194 3410 blicam
211 3386 323 3411 meam
338 3379 502 3412 similiter
519 3378 671 3419 affectus
683 3387 762 3411 sum
776 3402 785 3418 ‚
801 3381 905 3419 atque
916 3380 1028 3419 pictor
1046 3377 1109 3409 ad-

2105 199 2180 233 4¹³

1146 278 1277 327 priora
1303 290 1422 326 usque
1449 278 1497 313 ad
1526 279 1639 314 verba
1665 276 1727 323 τὴν
1746 280 1806 315 τοῦ
1835 276 1923 316 οἴνου
1953 278 2122 330 πρόποσιν
2146 293 2192 317 ex

1147 338 1433 374 Commentariis
1448 337 1682 385 Hegesandri
1699 338 1818 385 petita
1831 350 1908 374 esse
1922 339 2109 375 videntur.

1656 425 1689 448 1.

1466 500 1495 534 Ε
1527 499 1678 535 LIBRO
1709 499 1879 536 SEXTO.

1201 599 1308 634 Idem
1324 599 1387 643 IV,
1408 610 1447 645 p.
1469 597 1540 632 162
1554 626 1563 642 ,
1584 598 1617 632 A
1636 609 1644 632 τ
1662 596 1740 634 Οὔκ
1757 594 1900 646 ἄκαιρον
1917 594 1946 631 δ’
1967 593 2041 633 ἐστὶ
2061 610 2196 644 μνημο-

1148 659 1267 693 νεῦσαι
1277 654 1336 693 καὶ
1347 657 1406 692 τοῦ
1417 655 1464 697 εἷς
1481 656 1572 704 ὑμᾶς
1590 653 1660 705 (sc.
1675 653 1751 696 τοὺς
1765 651 1987 706 φιλοσόφους)
2000 652 2197 699 ποιηθέντος

1150 713 1434 765 ἐπιγράμματος,
1455 711 1540 764 ὅπερ
1564 711 1734 765 παρέθετο
1753 713 1770 749 ὃ
1791 710 1923 761 Δελφὸς
1942 710 2197 763 Ἡγήσανδρος,

1152 774 1186 810 ἐν
1201 771 1291 824 ἕκτῳ
1307 769 1594 821 ιΥπομνημοίτων
1604 784 1613 793 ·

1232 867 1543 909 Ὀφρυανασπασίδαι
1553 891 1561 906 ,
1574 866 1921 908 ῥινεγκαταπηξιγένειοι
1931 889 1940 905 ,

1275 914 1582 954 σακκογενειοτρόφοι
1596 914 1648 944 καὶ
1661 912 1950 952 λοπαδαρπαγίδαι,

1239 961 1574 1003 εἱματανωπερίὸαλλοι
1583 984 1592 998 ,
1606 960 1967 996 ἁνηλιποκαιῧλεπέλαιοι
1974 983 1983 998 ,

1274 1007 1580 1049 νυκτιλαθραιοφάγοι
1588 1030 1597 1046 ,
1610 1006 1923 1047 νυκτιπαταιπλάγιοι
1933 1029 1943 1045 ,

1235 1054 1508 1096 μειρακιεξαπάται
1519 1055 1571 1085 καὶ
1589 1053 1953 1090 συλλαὸοπευσιλαληταὶ
1963 1076 1973 1092 ,

1275 1101 1569 1143 δοξοματαιόσοφοι,
1583 1099 1849 1141 ζηταρετησιάδαι.

1659 1189 1693 1226 3.

1208 1277 1315 1314 Idem
1333 1279 1404 1322 VI,
1422 1290 1464 1326 p.
1484 1276 1582 1321 260,
1601 1278 1633 1313 A
1651 1287 1660 1313 ε
1682 1274 1830 1327 Ἱστορεῖ
1850 1273 1884 1312 δὲ
1901 1272 1980 1324 περὶ
2001 1275 2105 1312 αὐτοῦ
2122 1274 2198 1324 (sc.

1154 1338 1212 1372 τοῦ
1232 1334 1414 1373 Φιλίππου
1428 1336 1438 1382 )
1457 1334 1517 1372 καὶ
1532 1334 1613 1371 τάδε
1631 1332 1869 1385 Ἡγήσανδρος
1883 1335 1900 1369 ὁ
1913 1331 2061 1382 Δελφὸς,
2074 1334 2119 1376 ὡς
2134 1338 2203 1376 τοῖς

1154 1393 1335 1439 Ἀθήνησιν
1353 1395 1399 1436 εἷς
1413 1392 1452 1430 τὸ
1470 1392 1628 1441 Διομέων
1639 1391 1847 1443 Ἡράκλειον
1865 1390 2118 1441 ἀθροιζομένοις
2134 1396 2211 1436 τοῖς

1155 1451 1198 1490 τὰ
1218 1452 1336 1502 γέλοια
1368 1450 1526 1502 λέγουσιν
1547 1451 1758 1488 ἀπέστελλεν
1781 1449 1899 1488 ἱκανὸν
1919 1449 2122 1502 κερμάτιον,
2144 1450 2204 1486 καὶ

1154 1509 1372 1562 προσέτασσέ
1385 1525 1472 1547 τισιν
1490 1509 1752 1561 ἀναγράφοντας
1769 1508 1811 1546 τὰ
1823 1504 2003 1559 λεγόμενα
2014 1508 2071 1545 ὑπ’
2089 1509 2203 1545 αὐτῶν

1156 1567 1380 1607 ἀποστέλλειν
1402 1567 1485 1620 πρὸς
1507 1567 1622 1614 αὐτόν.
1641 1568 1697 1604 Cf.
1720 1568 1960 1617 Theopompi
1978 1568 2025 1606 fr.
2046 1567 2122 1604 262
2145 1570 2202 1604 De

1156 1629 1325 1665 Diomeis
1346 1628 1503 1664 Hercul.
1526 1627 1575 1664 cf.
1597 1628 1747 1664 Miiller.
1768 1629 1858 1663 Dor.
1880 1628 1899 1662 I
1914 1653 1925 1672 ‚
1943 1639 1983 1675 p.
2006 1625 2096 1669 458.

1668 1718 1705 1756 li.

1211 1796 1318 1832 Idem
1334 1798 1383 1833 VI
1397 1824 1406 1841 ‚
1427 1809 1465 1845 p.
1487 1795 1584 1841 248,
1612 1794 1639 1831 E
1657 1808 1665 1830 :
1688 1793 1760 1831 Καὶ
1780 1795 1797 1831 ὃ
1819 1792 1950 1844 Δελφὸς
1970 1791 2005 1829 δὲ
2025 1790 2207 1839 Ἡγήσαν-

1160 1852 1236 1904 δρος
1253 1854 1287 1890 ἐν
1298 1858 1367 1896 τοῖς
1381 1852 1637 1902 ’Υπομνήμασι
1647 1851 1795 1903 περὶτοῦ
1811 1850 2005 1903 Κλεισόφου
2021 1850 2102 1887 τάδε
2121 1851 2210 1887 ἱστο-

1163 1912 1214 1964 ρεῖ
1229 1927 1236 1934 ·
1266 1930 1280 1945 οι
1303 1910 1486 1950 Φιλίππου
1509 1915 1569 1949 τοῦ
1596 1910 1766 1962 βασιλέως
1786 1908 1960 1958 εἰπόντος,
1983 1908 2069 1947 διότι
2087 1908 2209 1959 γράμ-

1163 1987 1259 2021 ματα
1294 1973 1389 2023 αὐτῷ
1426 1970 1593 2021 ἐκομίσθη
1627 1969 1724 2022 παρὰ
1758 1969 1890 2012 Κότυος
1925 1972 1985 2007 τοῦ
2015 1966 2206 2019 βασιλέως,

1161 2090 1281 2114 versus
1296 2092 1362 2115 sua
1379 2091 1484 2123 opera
1495 2093 1506 2114 .·
1521 2090 1598 2123 quae
1610 2083 1700 2113 sicut
1717 2082 1779 2113 ille
1794 2083 1872 2113 viva
1886 2082 1981 2120 cupit
1993 2079 2110 2111 videre
2123 2088 2208 2111 sese-

1161 2145 1225 2178 que
1238 2139 1410 2170 moventia
1417 2148 1431 2176 ‚·
1446 2139 1495 2169 sic
1510 2145 1568 2178 eqo
1583 2138 1674 2169 cives
1685 2157 1695 2172 ‚
1715 2144 1799 2177 quos
1814 2134 1976 2175 informo.
2000 2147 2016 2163 »

1670 2198 1704 2229 2.

1203 2256 1267 2286 Nec
1281 2254 1375 2286 fuerit
1390 2254 1546 2293 alienum,
1569 2253 1764 2293 epigramma
1783 2251 1880 2283 etiam
1896 2258 2148 2282 commemorare
2175 2250 2208 2282 in

1161 2307 1366 2348 philosophos
1390 2307 1530 2347 editum,
1556 2305 1644 2347 quod
1668 2305 1815 2346 apposuit
1843 2303 2044 2344 Hegesander
2068 2303 2211 2344 Delphus

1161 2362 1253 2393 sexto
1267 2360 1582 2393 Commentariorum
1601 2369 1609 2391 ε

1197 2440 1359 2477 supercilia
1368 2456 1379 2462 -
1390 2440 1573 2471 attollentes,
1589 2445 1694 2466 nasum
1710 2452 1721 2459 ·
1732 2438 1764 2465 in
1776 2452 1787 2458 —
1798 2436 1890 2465 barba
1900 2450 1912 2457 —
1922 2435 2086 2471 defigentes
2096 2455 2105 2470 ‚

1234 2487 1355 2515 barbam
1362 2488 1413 2515 -in
1424 2494 1525 2516 -sacco
1534 2502 1546 2508 -
1554 2486 1666 2514 alentes
1675 2506 1684 2519 ‚
1698 2487 1728 2513 et
1741 2485 1910 2520 patinarum
1921 2497 1932 2503 -
1941 2485 2073 2518 raptores
2080 2502 2088 2516 ‚

1198 2533 1320 2570 pallium
1342 2548 1353 2554 —
1369 2541 1498 2570 superne
1511 2546 1525 2554 -
1547 2534 1693 2567 gestantes
1701 2551 1708 2563 ,
1744 2529 1910 2558 discalceati
1926 2544 1938 2549 ·
1959 2528 2131 2556 incedentes
2153 2542 2165 2549 -
2183 2529 2214 2556 et

1897 2575 1996 2602 oleum
2008 2588 2020 2594 —
2029 2575 2195 2610 spectantes
2203 2594 2211 2608 ,

1233 2627 1326 2653 noctu
1334 2639 1346 2646 -
1354 2624 1431 2652 clam
1438 2639 1450 2644 —
1458 2623 1647 2652 comedentes
1655 2644 1663 2657 ,
1676 2623 1770 2650 noctu
1778 2634 1789 2642 -
1797 2620 1916 2656 oblique
1925 2635 1936 2641 -
1944 2619 2144 2648 discurrentes
2151 2639 2160 2654 ‚

1199 2670 1496 2700 adolescentulorum
1508 2685 1519 2691 -
1533 2669 1722 2705 deceptores,
1742 2671 1771 2696 et
1790 2666 1990 2703 syllabarum·
2003 2665 2159 2703 loquaces·
2167 2665 2191 2693 ri
2202 2679 2213 2685 -

2066 2713 2195 2739 matores
2204 2732 2213 2745 ,

1200 2772 1308 2794 vanam
1319 2779 1330 2785 —
1342 2763 1518 2800 sapientiam
1533 2777 1544 2784 -
1559 2762 1737 2798 gloriantes,
1759 2760 1902 2788 virtutem
1919 2773 1934 2781 -
1948 2765 2082 2795 quaerere
2096 2773 2106 2778 -
2121 2758 2212 2793 profi·

2106 2806 2211 2833 tentes.

1208 2951 1320 2981 Narrat
1335 2948 1375 2980 de
1391 2947 1535 2987 Philippo
1552 2944 1753 2985 Hegesander
1766 2943 1922 2983 Delphus,
1939 2941 2111 2982 scribitque
2123 2940 2213 2972 illum

1168 3002 1350 3033 hominibus
1362 3001 1418 3040 iis,
1432 3000 1487 3041 qui
1506 2998 1634 3031 Athenis
1649 2998 1681 3028 in
1701 2997 1910 3029 Diomeorum
1930 2995 2120 3027 Heracleum
2139 3001 2213 3024 con·

1169 3054 1330 3085 venientes
1346 3053 1447 3083 faceta
1473 3053 1506 3082 et
1521 3050 1653 3081 ridicula
1670 3049 1857 3089 loquuntur,
1879 3055 2026 3087 magnam
2040 3053 2212 3076 nnmorum

1170 3106 1234 3136 vim
1244 3105 1382 3142 misisse;
1400 3102 1662 3141 constituisseque
1674 3100 1862 3139 nonnullos,
1877 3098 1932 3139 qui
1946 3106 2020 3138 quae
2035 3096 2150 3128 abillis
2162 3095 2212 3126 di-

1169 3159 1317 3190 cerentur
1330 3156 1448 3196 scripto
1461 3155 1697 3194 consignarent,
1712 3152 1751 3184 ad
1762 3152 1931 3193 ipsumque
1943 3149 2117 3182 mitterent.

1674 3214 1709 3247 4.

1212 3274 1258 3304 De
1274 3270 1385 3303 eodem
1402 3269 1553 3310 Glisopho
1567 3267 1766 3308 Hagesander
1781 3265 1941 3306 Delphus,
1957 3264 1989 3294 in
2008 3260 2211 3295 Commenta-

1171 3324 1242 3363 riis,
1257 3323 1328 3354 haec
1340 3323 1470 3354 narrat:
1486 3320 1649 3361 Philippus
1670 3327 1728 3351 rex
1749 3326 1851 3358 quum
1873 3315 2004 3346 dixisset
2026 3313 2130 3344 literas
2153 3309 2211 3342 sibi

1173 3376 1284 3408 allatas
1302 3382 1369 3407 esse
1386 3373 1497 3414 Cotyis
1511 3372 1612 3413 regis,
1627 3370 1815 3411 Clisophus,
1835 3367 1891 3408 qui
1907 3369 1977 3400 tum
1989 3364 2117 3402 aderat,
2139 3360 2209 3392 ait:
