<?xml version="1.0" encoding="UTF-8"?>
<!DOCTYPE html PUBLIC "-//W3C//DTD XHTML 1.0 Transitional//EN"
    "http://www.w3.org/TR/xhtml1/DTD/xhtml1-transitional.dtd">
<html xmlns="http://www.w3.org/1999/xhtml" xml:lang="en" lang="en">
 <head>
  <title>
</title>
<meta http-equiv="Content-Type" content="text/html;charset=utf-8" />
  <meta name='ocr-system' content='tesseract 3.04.00' />
  <meta name='ocr-capabilities' content='ocr_page ocr_carea ocr_par ocr_line ocrx_word'/>
</head>
<body>
  <div class='ocr_page' id='page_1' title='image "./fragmentahistori04mueluoft_0131.png"; bbox 0 0 2326 3724; ppageno 0'>
   <div class='ocr_carea' id='block_1_1' title="bbox 0 733 5 751">
    <p class='ocr_par' dir='ltr' id='par_1_1' title="bbox 0 733 5 751">
     <span class='ocr_line' id='line_1_1' title="bbox 0 733 5 751; baseline 0 0"><span class='ocrx_word' id='word_1_1' title='bbox 0 733 5 751; x_wconf 79' lang='grc'>1</span> 
     </span>
    </p>
   </div>
   <div class='ocr_carea' id='block_1_2' title="bbox 0 0 15 722">
    <p class='ocr_par' dir='ltr' id='par_1_2' title="bbox 0 0 17 767">
     <span class='ocr_line' id='line_1_2' title="bbox 0 0 13 184; baseline 0 -46"><span class='ocrx_word' id='word_1_2' title='bbox 0 0 13 184; x_wconf 62' lang='lat'><em>2</em></span> 
     </span>
     <span class='ocr_line' id='line_1_3' title="bbox 0 185 14 390; baseline 0 -6"><span class='ocrx_word' id='word_1_3' title='bbox 0 185 14 390; x_wconf 71' lang='grc' dir='ltr'>ἑξ</span> 
     </span>
     <span class='ocr_line' id='line_1_4' title="bbox 0 391 15 722; baseline 0 23"><span class='ocrx_word' id='word_1_4' title='bbox 0 391 15 722; x_wconf 66' lang='grc' dir='ltr'>ἱ</span> 
     </span>
    </p>
   </div>
   <div class='ocr_carea' id='block_1_3' title="bbox 0 1038 8 1071">
    <p class='ocr_par' dir='ltr' id='par_1_3' title="bbox 0 1038 8 1071">
     <span class='ocr_line' id='line_1_5' title="bbox 0 1038 8 1071; baseline 0 0"><span class='ocrx_word' id='word_1_5' title='bbox 0 1038 8 1071; x_wconf 75' lang='lat' dir='ltr'>s·</span> 
     </span>
    </p>
   </div>
   <div class='ocr_carea' id='block_1_4' title="bbox 986 186 1332 227">
    <p class='ocr_par' dir='ltr' id='par_1_4' title="bbox 986 186 1332 227">
     <span class='ocr_line' id='line_1_6' title="bbox 986 186 1332 227; baseline 0.009 -3"><span class='ocrx_word' id='word_1_6' title='bbox 986 186 1332 227; x_wconf 67' lang='lat' dir='ltr'>FRAGMENTA.</span> 
     </span>
    </p>
   </div>
   <div class='ocr_carea' id='block_1_5' title="bbox 2154 194 2229 226">
    <p class='ocr_par' dir='ltr' id='par_1_5' title="bbox 2154 194 2229 226">
     <span class='ocr_line' id='line_1_7' title="bbox 2154 194 2229 226; baseline 0 0"><span class='ocrx_word' id='word_1_7' title='bbox 2154 194 2229 226; x_wconf 86' lang='grc'>119</span> 
     </span>
    </p>
   </div>
   <div class='ocr_carea' id='block_1_6' title="bbox 81 264 2233 328">
    <p class='ocr_par' dir='ltr' id='par_1_6' title="bbox 81 264 2233 328">
     <span class='ocr_line' id='line_1_8' title="bbox 81 264 2233 328; baseline 0.001 -18"><span class='ocrx_word' id='word_1_8' title='bbox 81 286 122 323; x_wconf 89' lang='lat' dir='ltr'>p.</span> <span class='ocrx_word' id='word_1_9' title='bbox 149 274 237 314; x_wconf 80' lang='grc'><strong>386.</strong></span> <span class='ocrx_word' id='word_1_10' title='bbox 261 276 316 310; x_wconf 88' lang='lat' dir='ltr'>De</span> <span class='ocrx_word' id='word_1_11' title='bbox 334 273 664 322; x_wconf 85' lang='lat' dir='ltr'>Constantinopoli</span> <span class='ocrx_word' id='word_1_12' title='bbox 677 275 829 310; x_wconf 81' lang='lat' dir='ltr'>castello</span> <span class='ocrx_word' id='word_1_13' title='bbox 840 275 1019 310; x_wconf 83' lang='lat' dir='ltr'>mihinon</span> <span class='ocrx_word' id='word_1_14' title='bbox 1030 288 1129 311; x_wconf 88' lang='lat' dir='ltr'>con-</span> <span class='ocrx_word' id='word_1_15' title='bbox 1187 278 1247 313; x_wconf 77' lang='grc' dir='ltr'>τοῦ</span> <span class='ocrx_word' id='word_1_16' title='bbox 1275 274 1450 327; x_wconf 71' lang='grc' dir='ltr'>βαρὸάρου</span> <span class='ocrx_word' id='word_1_17' title='bbox 1478 274 1530 312; x_wconf 82' lang='grc' dir='ltr'>ὅτι</span> <span class='ocrx_word' id='word_1_18' title='bbox 1557 276 1670 318; x_wconf 86' lang='grc' dir='ltr'>καλῶς</span> <span class='ocrx_word' id='word_1_19' title='bbox 1689 275 1812 328; x_wconf 82' lang='grc' dir='ltr'>πράξοι</span> <span class='ocrx_word' id='word_1_20' title='bbox 1849 275 1945 326; x_wconf 85' lang='grc' dir='ltr'>παρὰ</span> <span class='ocrx_word' id='word_1_21' title='bbox 1972 279 2032 314; x_wconf 78' lang='grc' dir='ltr'>τοῦ</span> <span class='ocrx_word' id='word_1_22' title='bbox 2064 264 2233 327; x_wconf 85' lang='grc' dir='ltr'>βασιλέως</span> 
     </span>
    </p>
   </div>
   <div class='ocr_carea' id='block_1_7' title="bbox 81 331 1129 428">
    <p class='ocr_par' dir='ltr' id='par_1_7' title="bbox 81 331 1129 428">
     <span class='ocr_line' id='line_1_9' title="bbox 82 331 1129 382; baseline 0.003 -15"><span class='ocrx_word' id='word_1_23' title='bbox 82 340 167 369; x_wconf 81' lang='lat' dir='ltr'>stat.</span> <span class='ocrx_word' id='word_1_24' title='bbox 187 335 244 369; x_wconf 86' lang='lat' dir='ltr'>De</span> <span class='ocrx_word' id='word_1_25' title='bbox 256 331 336 368; x_wconf 85' lang='lat' dir='ltr'>filio</span> <span class='ocrx_word' id='word_1_26' title='bbox 348 333 420 368; x_wconf 88' lang='lat' dir='ltr'>isto</span> <span class='ocrx_word' id='word_1_27' title='bbox 432 333 595 368; x_wconf 83' lang='lat' dir='ltr'><strong>Zenonis</strong></span> <span class='ocrx_word' id='word_1_28' title='bbox 607 333 758 381; x_wconf 86' lang='lat' dir='ltr'>impuro</span> <span class='ocrx_word' id='word_1_29' title='bbox 770 334 909 381; x_wconf 83' lang='lat' dir='ltr'>reliqui</span> <span class='ocrx_word' id='word_1_30' title='bbox 925 335 1129 382; x_wconf 85' lang='lat' dir='ltr'><strong>scriptores</strong></span> 
     </span>
     <span class='ocr_line' id='line_1_10' title="bbox 81 391 394 428; baseline 0 -2"><span class='ocrx_word' id='word_1_31' title='bbox 81 391 176 427; x_wconf 85' lang='lat' dir='ltr'><strong>nihil</strong></span> <span class='ocrx_word' id='word_1_32' title='bbox 192 392 394 428; x_wconf 86' lang='lat' dir='ltr'>tradidere.</span> 
     </span>
    </p>
   </div>
   <div class='ocr_carea' id='block_1_8' title="bbox 353 478 880 529">
    <p class='ocr_par' dir='ltr' id='par_1_8' title="bbox 353 478 880 529">
     <span class='ocr_line' id='line_1_11' title="bbox 353 478 880 529; baseline 0 -14"><span class='ocrx_word' id='word_1_33' title='bbox 353 492 412 515; x_wconf 82' lang='grc' dir='ltr'>ιο.</span> <span class='ocrx_word' id='word_1_34' title='bbox 449 479 547 529; x_wconf 92' lang='grc'>(477</span> <span class='ocrx_word' id='word_1_35' title='bbox 578 479 637 515; x_wconf 85' lang='lat' dir='ltr'>vel</span> <span class='ocrx_word' id='word_1_36' title='bbox 668 478 743 525; x_wconf 85' lang='grc'>478</span> <span class='ocrx_word' id='word_1_37' title='bbox 773 479 880 528; x_wconf 84' lang='lat' dir='ltr'>init.)</span> 
     </span>
    </p>
   </div>
   <div class='ocr_carea' id='block_1_9' title="bbox 81 570 1141 1800">
    <p class='ocr_par' dir='ltr' id='par_1_9' title="bbox 81 570 1141 1800">
     <span class='ocr_line' id='line_1_12' title="bbox 138 570 1132 622; baseline 0.001 -13"><span class='ocrx_word' id='word_1_38' title='bbox 138 574 230 609; x_wconf 84' lang='lat' dir='ltr'>Exc.</span> <span class='ocrx_word' id='word_1_39' title='bbox 252 575 309 610; x_wconf 92' lang='lat' dir='ltr'>De</span> <span class='ocrx_word' id='word_1_40' title='bbox 329 574 402 622; x_wconf 85' lang='lat' dir='ltr'>leg.</span> <span class='ocrx_word' id='word_1_41' title='bbox 421 580 523 622; x_wconf 87' lang='lat' dir='ltr'>gent.</span> <span class='ocrx_word' id='word_1_42' title='bbox 546 586 588 621; x_wconf 88' lang='lat' dir='ltr'>p.</span> <span class='ocrx_word' id='word_1_43' title='bbox 607 572 672 621; x_wconf 84' lang='lat'>93.</span> <span class='ocrx_word' id='word_1_44' title='bbox 697 577 746 620; x_wconf 84' lang='grc'>94</span> <span class='ocrx_word' id='word_1_45' title='bbox 767 570 877 611; x_wconf 62' lang='grc' dir='ltr'>;“Ὀτι</span> <span class='ocrx_word' id='word_1_46' title='bbox 896 573 914 609; x_wconf 94' lang='lat'>6</span> <span class='ocrx_word' id='word_1_47' title='bbox 936 572 1132 622; x_wconf 82' lang='grc' dir='ltr'>Αὔγουστος</span> 
     </span>
     <span class='ocr_line' id='line_1_13' title="bbox 82 628 1132 683; baseline 0 -15"><span class='ocrx_word' id='word_1_48' title='bbox 82 633 100 668; x_wconf 98' lang='lat'>6</span> <span class='ocrx_word' id='word_1_49' title='bbox 121 634 181 669; x_wconf 78' lang='grc' dir='ltr'>τοῦ</span> <span class='ocrx_word' id='word_1_50' title='bbox 211 629 380 682; x_wconf 82' lang='grc' dir='ltr'>Ὀρέστου</span> <span class='ocrx_word' id='word_1_51' title='bbox 409 630 478 674; x_wconf 76' lang='grc' dir='ltr'>υἱὸς</span> <span class='ocrx_word' id='word_1_52' title='bbox 505 631 618 681; x_wconf 85' lang='lat' dir='ltr'>(deb.</span> <span class='ocrx_word' id='word_1_53' title='bbox 643 645 651 667; x_wconf 92' lang='lat'><strong>:</strong></span> <span class='ocrx_word' id='word_1_54' title='bbox 670 628 753 668; x_wconf 69' lang='lat' dir='ltr'>“On</span> <span class='ocrx_word' id='word_1_55' title='bbox 773 629 960 683; x_wconf 85' lang='grc' dir='ltr'>Ὀδόαχος)</span> <span class='ocrx_word' id='word_1_56' title='bbox 980 630 1132 674; x_wconf 85' lang='grc' dir='ltr'>ἀκούσας</span> 
     </span>
     <span class='ocr_line' id='line_1_14' title="bbox 81 688 1132 742; baseline 0 -14"><span class='ocrx_word' id='word_1_57' title='bbox 81 688 227 736; x_wconf 75' lang='grc' dir='ltr'>Ζήνωνα</span> <span class='ocrx_word' id='word_1_58' title='bbox 243 689 348 728; x_wconf 83' lang='grc' dir='ltr'>πάλιν</span> <span class='ocrx_word' id='word_1_59' title='bbox 364 688 427 736; x_wconf 85' lang='grc' dir='ltr'>τὴν</span> <span class='ocrx_word' id='word_1_60' title='bbox 449 688 630 742; x_wconf 79' lang='grc' dir='ltr'>βασιλείαν</span> <span class='ocrx_word' id='word_1_61' title='bbox 651 690 908 736; x_wconf 77' lang='grc' dir='ltr'>ἀνακεκτῆσθαι</span> <span class='ocrx_word' id='word_1_62' title='bbox 922 693 982 736; x_wconf 80' lang='grc' dir='ltr'>τῆς</span> <span class='ocrx_word' id='word_1_63' title='bbox 996 689 1061 737; x_wconf 80' lang='grc' dir='ltr'>ἕω,</span> <span class='ocrx_word' id='word_1_64' title='bbox 1075 689 1132 728; x_wconf 84' lang='grc' dir='ltr'>τὸν</span> 
     </span>
     <span class='ocr_line' id='line_1_15' title="bbox 82 746 1135 800; baseline -0.002 -14"><span class='ocrx_word' id='word_1_65' title='bbox 82 747 294 787; x_wconf 82' lang='grc' dir='ltr'>Βασιλίσκον</span> <span class='ocrx_word' id='word_1_66' title='bbox 309 747 497 795; x_wconf 78' lang='grc' dir='ltr'>ἐλάσαντα,</span> <span class='ocrx_word' id='word_1_67' title='bbox 511 747 691 799; x_wconf 85' lang='grc' dir='ltr'>ἠνάγκασε</span> <span class='ocrx_word' id='word_1_68' title='bbox 704 746 767 795; x_wconf 82' lang='grc' dir='ltr'>τὴν</span> <span class='ocrx_word' id='word_1_69' title='bbox 785 747 912 800; x_wconf 78' lang='grc' dir='ltr'>βουλὴν</span> <span class='ocrx_word' id='word_1_70' title='bbox 929 748 1135 786; x_wconf 82' lang='grc' dir='ltr'>ἀποστεῖλαι</span> 
     </span>
     <span class='ocr_line' id='line_1_16' title="bbox 83 807 1133 861; baseline 0.001 -15"><span class='ocrx_word' id='word_1_71' title='bbox 83 807 272 861; x_wconf 78' lang='grc' dir='ltr'>πρεσὸείαν</span> <span class='ocrx_word' id='word_1_72' title='bbox 304 808 441 855; x_wconf 81' lang='grc' dir='ltr'>Ζήνωνι</span> <span class='ocrx_word' id='word_1_73' title='bbox 470 807 722 858; x_wconf 80' lang='grc' dir='ltr'>σημαίνουσαν,</span> <span class='ocrx_word' id='word_1_74' title='bbox 742 810 789 852; x_wconf 84' lang='grc' dir='ltr'>ὡς</span> <span class='ocrx_word' id='word_1_75' title='bbox 817 809 905 852; x_wconf 84' lang='grc' dir='ltr'>ἰδίας</span> <span class='ocrx_word' id='word_1_76' title='bbox 934 808 995 860; x_wconf 83' lang='grc' dir='ltr'>μὲν</span> <span class='ocrx_word' id='word_1_77' title='bbox 1017 811 1133 852; x_wconf 83' lang='grc' dir='ltr'>αὐτοῖς</span> 
     </span>
     <span class='ocr_line' id='line_1_17' title="bbox 87 866 1135 920; baseline 0.001 -15"><span class='ocrx_word' id='word_1_78' title='bbox 87 867 266 920; x_wconf 79' lang='grc' dir='ltr'>βασιλείας</span> <span class='ocrx_word' id='word_1_79' title='bbox 283 868 320 905; x_wconf 84' lang='grc' dir='ltr'>οὗ</span> <span class='ocrx_word' id='word_1_80' title='bbox 338 866 425 914; x_wconf 85' lang='grc' dir='ltr'>δέοι,</span> <span class='ocrx_word' id='word_1_81' title='bbox 444 866 554 911; x_wconf 85' lang='grc' dir='ltr'>κοινὸς</span> <span class='ocrx_word' id='word_1_82' title='bbox 571 866 606 904; x_wconf 82' lang='grc' dir='ltr'>δὲ</span> <span class='ocrx_word' id='word_1_83' title='bbox 627 867 825 919; x_wconf 82' lang='grc' dir='ltr'>ἀποχρήσει</span> <span class='ocrx_word' id='word_1_84' title='bbox 846 867 947 918; x_wconf 84' lang='grc' dir='ltr'>μόνος</span> <span class='ocrx_word' id='word_1_85' title='bbox 969 867 1017 905; x_wconf 80' lang='grc' dir='ltr'>ὢν</span> <span class='ocrx_word' id='word_1_86' title='bbox 1037 870 1135 907; x_wconf 82' lang='grc' dir='ltr'>αὖτο-</span> 
     </span>
     <span class='ocr_line' id='line_1_18' title="bbox 83 925 1133 980; baseline 0.001 -16"><span class='ocrx_word' id='word_1_87' title='bbox 83 925 224 979; x_wconf 81' lang='grc' dir='ltr'>κράτωρ</span> <span class='ocrx_word' id='word_1_88' title='bbox 237 927 292 964; x_wconf 83' lang='grc' dir='ltr'>ἐπ’</span> <span class='ocrx_word' id='word_1_89' title='bbox 305 926 512 978; x_wconf 78' lang='grc' dir='ltr'>ἀμφοτέροις</span> <span class='ocrx_word' id='word_1_90' title='bbox 521 926 590 969; x_wconf 79' lang='grc' dir='ltr'>τοῖς</span> <span class='ocrx_word' id='word_1_91' title='bbox 598 925 736 976; x_wconf 80' lang='grc' dir='ltr'>πέρασι.</span> <span class='ocrx_word' id='word_1_92' title='bbox 747 927 816 966; x_wconf 83' lang='grc' dir='ltr'>Τὸν</span> <span class='ocrx_word' id='word_1_93' title='bbox 829 926 947 979; x_wconf 90' lang='grc' dir='ltr'>μέντοι</span> <span class='ocrx_word' id='word_1_94' title='bbox 958 927 1095 980; x_wconf 79' lang='grc' dir='ltr'>Ὀδόαχ</span> <span class='ocrx_word' id='word_1_95' title='bbox 1098 943 1133 966; x_wconf 88' lang='grc' dir='ltr'>ον</span> 
     </span>
     <span class='ocr_line' id='line_1_19' title="bbox 85 983 1134 1040; baseline 0.002 -18"><span class='ocrx_word' id='word_1_96' title='bbox 85 983 143 1023; x_wconf 77' lang='grc' dir='ltr'>ὑπ’</span> <span class='ocrx_word' id='word_1_97' title='bbox 161 987 274 1023; x_wconf 83' lang='grc' dir='ltr'>αὐτῶν</span> <span class='ocrx_word' id='word_1_98' title='bbox 294 984 559 1038; x_wconf 74' lang='grc' dir='ltr'>προὸεὸλῆσθαι</span> <span class='ocrx_word' id='word_1_99' title='bbox 583 985 702 1023; x_wconf 79' lang='grc' dir='ltr'>ἱκανὸν</span> <span class='ocrx_word' id='word_1_100' title='bbox 729 985 811 1024; x_wconf 85' lang='grc' dir='ltr'>ὄντα</span> <span class='ocrx_word' id='word_1_101' title='bbox 832 986 952 1031; x_wconf 83' lang='grc' dir='ltr'>σώζειν</span> <span class='ocrx_word' id='word_1_102' title='bbox 981 987 1025 1024; x_wconf 82' lang='grc' dir='ltr'>τὰ</span> <span class='ocrx_word' id='word_1_103' title='bbox 1050 989 1134 1040; x_wconf 87' lang='grc' dir='ltr'>παρ’</span> 
     </span>
     <span class='ocr_line' id='line_1_20' title="bbox 89 1043 1136 1096; baseline 0.003 -16"><span class='ocrx_word' id='word_1_104' title='bbox 89 1044 204 1087; x_wconf 80' lang='grc' dir='ltr'>αὐτοῖς</span> <span class='ocrx_word' id='word_1_105' title='bbox 228 1043 444 1096; x_wconf 83' lang='grc' dir='ltr'>πράγματα,</span> <span class='ocrx_word' id='word_1_106' title='bbox 460 1043 642 1090; x_wconf 77' lang='grc' dir='ltr'>πολιτικὴν</span> <span class='ocrx_word' id='word_1_107' title='bbox 660 1043 787 1096; x_wconf 83' lang='grc' dir='ltr'>ἔχοντα</span> <span class='ocrx_word' id='word_1_108' title='bbox 808 1043 943 1083; x_wconf 89' lang='grc' dir='ltr'>σύνεσιν</span> <span class='ocrx_word' id='word_1_109' title='bbox 971 1047 1055 1096; x_wconf 78' lang='grc' dir='ltr'>ὁμοῦ</span> <span class='ocrx_word' id='word_1_110' title='bbox 1076 1045 1136 1083; x_wconf 78' lang='grc' dir='ltr'>καὶ</span> 
     </span>
     <span class='ocr_line' id='line_1_21' title="bbox 86 1101 1135 1158; baseline 0 -17"><span class='ocrx_word' id='word_1_111' title='bbox 86 1103 255 1154; x_wconf 77' lang='grc' dir='ltr'>μάχιμον·</span> <span class='ocrx_word' id='word_1_112' title='bbox 277 1101 337 1140; x_wconf 77' lang='grc' dir='ltr'>καὶ</span> <span class='ocrx_word' id='word_1_113' title='bbox 354 1103 486 1141; x_wconf 83' lang='grc' dir='ltr'>δεῖσθαι</span> <span class='ocrx_word' id='word_1_114' title='bbox 513 1106 573 1141; x_wconf 80' lang='grc' dir='ltr'>τοῦ</span> <span class='ocrx_word' id='word_1_115' title='bbox 594 1102 752 1148; x_wconf 81' lang='grc' dir='ltr'>Ζήνωνος</span> <span class='ocrx_word' id='word_1_116' title='bbox 773 1104 956 1156; x_wconf 84' lang='grc' dir='ltr'>πατρικίου</span> <span class='ocrx_word' id='word_1_117' title='bbox 977 1119 1013 1141; x_wconf 88' lang='grc' dir='ltr'>τε</span> <span class='ocrx_word' id='word_1_118' title='bbox 1040 1105 1135 1158; x_wconf 82' lang='grc' dir='ltr'>αὐτῷ</span> 
     </span>
     <span class='ocr_line' id='line_1_22' title="bbox 86 1159 1135 1215; baseline 0.001 -17"><span class='ocrx_word' id='word_1_119' title='bbox 86 1162 292 1199; x_wconf 87' lang='grc' dir='ltr'>ἀποστεῖλαι</span> <span class='ocrx_word' id='word_1_120' title='bbox 315 1160 427 1209; x_wconf 83' lang='grc' dir='ltr'>ἀξίαν,</span> <span class='ocrx_word' id='word_1_121' title='bbox 448 1160 509 1199; x_wconf 80' lang='grc' dir='ltr'>καὶ</span> <span class='ocrx_word' id='word_1_122' title='bbox 529 1159 591 1208; x_wconf 82' lang='grc' dir='ltr'>τὴν</span> <span class='ocrx_word' id='word_1_123' title='bbox 609 1164 678 1200; x_wconf 89' lang='grc' dir='ltr'>τῶν</span> <span class='ocrx_word' id='word_1_124' title='bbox 696 1161 842 1200; x_wconf 80' lang='grc' dir='ltr'>Ἰταλῶν</span> <span class='ocrx_word' id='word_1_125' title='bbox 868 1161 980 1214; x_wconf 83' lang='grc' dir='ltr'>τούτῳ</span> <span class='ocrx_word' id='word_1_126' title='bbox 1004 1163 1135 1215; x_wconf 79' lang='grc' dir='ltr'>ἐφεῖναι</span> 
     </span>
     <span class='ocr_line' id='line_1_23' title="bbox 89 1219 1136 1274; baseline 0.001 -17"><span class='ocrx_word' id='word_1_127' title='bbox 89 1219 271 1267; x_wconf 85' lang='grc' dir='ltr'>διοίκησιν.</span> <span class='ocrx_word' id='word_1_128' title='bbox 294 1220 534 1272; x_wconf 78' lang='grc' dir='ltr'>Ἀφικνοῦνται</span> <span class='ocrx_word' id='word_1_129' title='bbox 564 1219 606 1268; x_wconf 85' lang='grc' dir='ltr'>δὴ</span> <span class='ocrx_word' id='word_1_130' title='bbox 635 1221 756 1273; x_wconf 84' lang='grc' dir='ltr'>ἄνδρες</span> <span class='ocrx_word' id='word_1_131' title='bbox 777 1223 839 1268; x_wconf 76' lang='grc' dir='ltr'>τῆς</span> <span class='ocrx_word' id='word_1_132' title='bbox 871 1223 997 1274; x_wconf 68' lang='grc' dir='ltr'>βουλῆς</span> <span class='ocrx_word' id='word_1_133' title='bbox 1017 1225 1079 1268; x_wconf 63' lang='grc' dir='ltr'>τῆς</span> <span class='ocrx_word' id='word_1_134' title='bbox 1103 1222 1136 1259; x_wconf 80' lang='grc' dir='ltr'>ἐν</span> 
     </span>
     <span class='ocr_line' id='line_1_24' title="bbox 87 1277 1138 1331; baseline 0 -13"><span class='ocrx_word' id='word_1_135' title='bbox 87 1277 213 1329; x_wconf 82' lang='grc' dir='ltr'>Ῥώμῃ</span> <span class='ocrx_word' id='word_1_136' title='bbox 232 1278 370 1322; x_wconf 83' lang='grc' dir='ltr'>τούτους</span> <span class='ocrx_word' id='word_1_137' title='bbox 399 1281 432 1323; x_wconf 83' lang='grc' dir='ltr'>ἐς</span> <span class='ocrx_word' id='word_1_138' title='bbox 460 1279 649 1324; x_wconf 85' lang='grc' dir='ltr'>Βυζάντιον</span> <span class='ocrx_word' id='word_1_139' title='bbox 672 1280 870 1330; x_wconf 83' lang='grc' dir='ltr'>κομίζοντες</span> <span class='ocrx_word' id='word_1_140' title='bbox 897 1280 975 1324; x_wconf 74' lang='grc' dir='ltr'>τοὺς</span> <span class='ocrx_word' id='word_1_141' title='bbox 998 1280 1138 1331; x_wconf 81' lang='grc' dir='ltr'>λόγους,</span> 
     </span>
     <span class='ocr_line' id='line_1_25' title="bbox 86 1336 1136 1390; baseline 0.001 -16"><span class='ocrx_word' id='word_1_142' title='bbox 86 1337 147 1374; x_wconf 77' lang='grc' dir='ltr'>καὶ</span> <span class='ocrx_word' id='word_1_143' title='bbox 162 1339 239 1380; x_wconf 87' lang='grc' dir='ltr'>ταῖς</span> <span class='ocrx_word' id='word_1_144' title='bbox 255 1338 375 1380; x_wconf 79' lang='grc' dir='ltr'>αὐταῖς</span> <span class='ocrx_word' id='word_1_145' title='bbox 395 1336 544 1389; x_wconf 80' lang='grc' dir='ltr'>ἡμέραις</span> <span class='ocrx_word' id='word_1_146' title='bbox 564 1339 603 1375; x_wconf 83' lang='grc' dir='ltr'>ἐκ</span> <span class='ocrx_word' id='word_1_147' title='bbox 622 1340 682 1376; x_wconf 78' lang='grc' dir='ltr'>τοῦ</span> <span class='ocrx_word' id='word_1_148' title='bbox 702 1337 869 1381; x_wconf 85' lang='grc' dir='ltr'>Νέπωτος</span> <span class='ocrx_word' id='word_1_149' title='bbox 890 1337 1049 1390; x_wconf 85' lang='grc' dir='ltr'>ἄγγελοι,</span> <span class='ocrx_word' id='word_1_150' title='bbox 1068 1340 1136 1376; x_wconf 90' lang='grc' dir='ltr'>τῶν</span> 
     </span>
     <span class='ocr_line' id='line_1_26' title="bbox 86 1395 1139 1449; baseline 0.003 -17"><span class='ocrx_word' id='word_1_151' title='bbox 86 1410 123 1432; x_wconf 89' lang='grc' dir='ltr'>τε</span> <span class='ocrx_word' id='word_1_152' title='bbox 143 1395 384 1446; x_wconf 81' lang='grc' dir='ltr'>γεγενημένων</span> <span class='ocrx_word' id='word_1_153' title='bbox 413 1396 708 1446; x_wconf 84' lang='grc' dir='ltr'>συνησθησόμενοι</span> <span class='ocrx_word' id='word_1_154' title='bbox 730 1397 780 1449; x_wconf 83' lang='grc' dir='ltr'>τῷ</span> <span class='ocrx_word' id='word_1_155' title='bbox 805 1395 961 1444; x_wconf 77' lang='grc' dir='ltr'>Ζήνωνι,</span> <span class='ocrx_word' id='word_1_156' title='bbox 981 1396 1042 1434; x_wconf 87' lang='grc' dir='ltr'>καὶ</span> <span class='ocrx_word' id='word_1_157' title='bbox 1064 1395 1139 1435; x_wconf 90' lang='grc' dir='ltr'>δεό-</span> 
     </span>
     <span class='ocr_line' id='line_1_27' title="bbox 89 1454 1138 1508; baseline 0.001 -16"><span class='ocrx_word' id='word_1_158' title='bbox 89 1469 185 1504; x_wconf 89' lang='grc' dir='ltr'>μενοι</span> <span class='ocrx_word' id='word_1_159' title='bbox 203 1454 278 1504; x_wconf 83' lang='grc' dir='ltr'>ἅμα</span> <span class='ocrx_word' id='word_1_160' title='bbox 295 1459 370 1498; x_wconf 88' lang='grc' dir='ltr'>ταῖς</span> <span class='ocrx_word' id='word_1_161' title='bbox 385 1454 478 1498; x_wconf 82' lang='grc' dir='ltr'>ἴσαις</span> <span class='ocrx_word' id='word_1_162' title='bbox 493 1457 543 1508; x_wconf 84' lang='grc' dir='ltr'>τῷ</span> <span class='ocrx_word' id='word_1_163' title='bbox 558 1454 703 1494; x_wconf 82' lang='grc' dir='ltr'>Νέπωτι</span> <span class='ocrx_word' id='word_1_164' title='bbox 714 1459 909 1507; x_wconf 80' lang='grc' dir='ltr'>συμφοραῖς</span> <span class='ocrx_word' id='word_1_165' title='bbox 922 1455 1138 1508; x_wconf 83' lang='grc' dir='ltr'>χρησαμένῳ</span> 
     </span>
     <span class='ocr_line' id='line_1_28' title="bbox 87 1513 1136 1566; baseline 0.001 -15"><span class='ocrx_word' id='word_1_166' title='bbox 87 1514 328 1552; x_wconf 84' lang='grc' dir='ltr'>συσπουδάσαι</span> <span class='ocrx_word' id='word_1_167' title='bbox 347 1513 532 1566; x_wconf 82' lang='grc' dir='ltr'>προθύμως</span> <span class='ocrx_word' id='word_1_168' title='bbox 551 1513 730 1566; x_wconf 86' lang='grc' dir='ltr'>βασιλείας</span> <span class='ocrx_word' id='word_1_169' title='bbox 746 1514 952 1561; x_wconf 84' lang='grc' dir='ltr'>ἀνάκτησιν,</span> <span class='ocrx_word' id='word_1_170' title='bbox 966 1513 1136 1566; x_wconf 74' lang='grc' dir='ltr'>χρήματά</span> 
     </span>
     <span class='ocr_line' id='line_1_29' title="bbox 86 1567 1139 1624; baseline 0.001 -15"><span class='ocrx_word' id='word_1_171' title='bbox 86 1586 122 1609; x_wconf 87' lang='grc' dir='ltr'>τε</span> <span class='ocrx_word' id='word_1_172' title='bbox 139 1571 199 1610; x_wconf 84' lang='grc' dir='ltr'>καὶ</span> <span class='ocrx_word' id='word_1_173' title='bbox 215 1571 362 1624; x_wconf 82' lang='grc' dir='ltr'>στρατὸν</span> <span class='ocrx_word' id='word_1_174' title='bbox 384 1572 441 1610; x_wconf 82' lang='grc' dir='ltr'>ἐπὶ</span> <span class='ocrx_word' id='word_1_175' title='bbox 462 1576 573 1611; x_wconf 75' lang='grc' dir='ltr'>ταῦτα</span> <span class='ocrx_word' id='word_1_176' title='bbox 592 1572 730 1611; x_wconf 85' lang='grc' dir='ltr'>διδόντα</span> <span class='ocrx_word' id='word_1_177' title='bbox 742 1603 751 1619; x_wconf 92' lang='grc'>,</span> <span class='ocrx_word' id='word_1_178' title='bbox 769 1572 830 1610; x_wconf 83' lang='grc' dir='ltr'>καὶ</span> <span class='ocrx_word' id='word_1_179' title='bbox 850 1578 918 1616; x_wconf 89' lang='grc' dir='ltr'>τοῖς</span> <span class='ocrx_word' id='word_1_180' title='bbox 935 1572 1069 1620; x_wconf 84' lang='grc' dir='ltr'>ἄλλοις,</span> <span class='ocrx_word' id='word_1_181' title='bbox 1091 1567 1139 1617; x_wconf 65' lang='grc' dir='ltr'>οἷς</span> 
     </span>
     <span class='ocr_line' id='line_1_30' title="bbox 89 1629 1140 1678; baseline 0 -10"><span class='ocrx_word' id='word_1_182' title='bbox 89 1629 178 1678; x_wconf 84' lang='grc' dir='ltr'>δέοι,</span> <span class='ocrx_word' id='word_1_183' title='bbox 194 1634 471 1670; x_wconf 80' lang='grc' dir='ltr'>συνεκπονοῦντα</span> <span class='ocrx_word' id='word_1_184' title='bbox 497 1630 562 1678; x_wconf 89' lang='grc' dir='ltr'>τὴν</span> <span class='ocrx_word' id='word_1_185' title='bbox 582 1631 739 1671; x_wconf 84' lang='grc' dir='ltr'>κάθοδον.</span> <span class='ocrx_word' id='word_1_186' title='bbox 761 1631 886 1671; x_wconf 74' lang='grc' dir='ltr'>Ταῦτά</span> <span class='ocrx_word' id='word_1_187' title='bbox 920 1648 955 1670; x_wconf 79' lang='grc' dir='ltr'>τε</span> <span class='ocrx_word' id='word_1_188' title='bbox 981 1631 1140 1676; x_wconf 81' lang='grc' dir='ltr'>λέξοντας</span> 
     </span>
     <span class='ocr_line' id='line_1_31' title="bbox 88 1687 1140 1740; baseline 0.003 -15"><span class='ocrx_word' id='word_1_189' title='bbox 88 1690 106 1725; x_wconf 84' lang='lat'>6</span> <span class='ocrx_word' id='word_1_190' title='bbox 125 1687 252 1732; x_wconf 80' lang='grc' dir='ltr'>Νέπως</span> <span class='ocrx_word' id='word_1_191' title='bbox 278 1688 502 1728; x_wconf 84' lang='grc' dir='ltr'>ἀπέστελλεν.</span> <span class='ocrx_word' id='word_1_192' title='bbox 531 1688 651 1736; x_wconf 78' lang='grc' dir='ltr'>Ζήνων</span> <span class='ocrx_word' id='word_1_193' title='bbox 673 1690 709 1728; x_wconf 85' lang='grc' dir='ltr'>δὲ</span> <span class='ocrx_word' id='word_1_194' title='bbox 729 1695 799 1733; x_wconf 87' lang='grc' dir='ltr'>τοῖς</span> <span class='ocrx_word' id='word_1_195' title='bbox 819 1689 966 1736; x_wconf 81' lang='grc' dir='ltr'>ἥκουσι,</span> <span class='ocrx_word' id='word_1_196' title='bbox 986 1695 1056 1733; x_wconf 88' lang='grc' dir='ltr'>τοῖς</span> <span class='ocrx_word' id='word_1_197' title='bbox 1077 1691 1140 1740; x_wconf 82' lang='grc' dir='ltr'>μὲν</span> 
     </span>
     <span class='ocr_line' id='line_1_32' title="bbox 89 1746 1141 1800; baseline 0.003 -16"><span class='ocrx_word' id='word_1_198' title='bbox 89 1746 158 1784; x_wconf 82' lang='grc' dir='ltr'>ἀπὸ</span> <span class='ocrx_word' id='word_1_199' title='bbox 175 1750 238 1794; x_wconf 73' lang='grc' dir='ltr'>τῆς</span> <span class='ocrx_word' id='word_1_200' title='bbox 256 1750 382 1800; x_wconf 71' lang='grc' dir='ltr'>βουλῆς</span> <span class='ocrx_word' id='word_1_201' title='bbox 410 1748 622 1800; x_wconf 86' lang='grc' dir='ltr'>ἀπεκρίνατο</span> <span class='ocrx_word' id='word_1_202' title='bbox 639 1753 749 1787; x_wconf 75' lang='grc' dir='ltr'>ταῦτα</span> <span class='ocrx_word' id='word_1_203' title='bbox 762 1779 771 1796; x_wconf 90' lang='grc'>,</span> <span class='ocrx_word' id='word_1_204' title='bbox 797 1751 843 1792; x_wconf 83' lang='grc' dir='ltr'>ὡς</span> <span class='ocrx_word' id='word_1_205' title='bbox 863 1748 922 1786; x_wconf 85' lang='grc' dir='ltr'>δύο</span> <span class='ocrx_word' id='word_1_206' title='bbox 948 1750 988 1786; x_wconf 86' lang='grc' dir='ltr'>ἐκ</span> <span class='ocrx_word' id='word_1_207' title='bbox 1014 1752 1076 1795; x_wconf 71' lang='grc' dir='ltr'>τῆς</span> <span class='ocrx_word' id='word_1_208' title='bbox 1095 1748 1141 1787; x_wconf 78' lang='grc' dir='ltr'>ἔω</span> 
     </span>
    </p>
   </div>
   <div class='ocr_carea' id='block_1_10' title="bbox 44 1805 1138 1858">
    <p class='ocr_par' dir='ltr' id='par_1_10' title="bbox 44 1805 1138 1858">
     <span class='ocr_line' id='line_1_33' title="bbox 44 1805 1138 1858; baseline 0.002 -15"><span class='ocrx_word' id='word_1_209' title='bbox 44 1832 47 1835; x_wconf 78' lang='lat'><em>-</em></span> <span class='ocrx_word' id='word_1_210' title='bbox 90 1805 256 1856; x_wconf 80' lang='grc' dir='ltr'>βασιλέας</span> <span class='ocrx_word' id='word_1_211' title='bbox 284 1806 453 1852; x_wconf 73' lang='grc' dir='ltr'>λαὸόντες</span> <span class='ocrx_word' id='word_1_212' title='bbox 471 1807 529 1846; x_wconf 84' lang='grc' dir='ltr'>τὸν</span> <span class='ocrx_word' id='word_1_213' title='bbox 563 1805 626 1858; x_wconf 68' lang='grc' dir='ltr'>μὲν</span> <span class='ocrx_word' id='word_1_214' title='bbox 648 1807 868 1855; x_wconf 74' lang='grc' dir='ltr'>ἐξηλάκασιν,</span> <span class='ocrx_word' id='word_1_215' title='bbox 898 1807 1075 1858; x_wconf 82' lang='grc' dir='ltr'>Ἀνθέμιον</span> <span class='ocrx_word' id='word_1_216' title='bbox 1102 1807 1138 1846; x_wconf 81' lang='grc' dir='ltr'>δὲ</span> 
     </span>
    </p>
   </div>
   <div class='ocr_carea' id='block_1_11' title="bbox 88 1864 1143 2037">
    <p class='ocr_par' dir='ltr' id='par_1_11' title="bbox 88 1864 1143 2037">
     <span class='ocr_line' id='line_1_34' title="bbox 89 1864 1137 1921; baseline 0.003 -19"><span class='ocrx_word' id='word_1_217' title='bbox 89 1864 307 1904; x_wconf 84' lang='grc' dir='ltr'>ἀπέκτειναν·</span> <span class='ocrx_word' id='word_1_218' title='bbox 325 1866 384 1904; x_wconf 80' lang='grc' dir='ltr'>καὶ</span> <span class='ocrx_word' id='word_1_219' title='bbox 401 1870 459 1905; x_wconf 84' lang='grc' dir='ltr'>νῦν</span> <span class='ocrx_word' id='word_1_220' title='bbox 476 1867 516 1905; x_wconf 83' lang='grc' dir='ltr'>τὸ</span> <span class='ocrx_word' id='word_1_221' title='bbox 533 1866 695 1914; x_wconf 86' lang='grc' dir='ltr'>ποιητέον</span> <span class='ocrx_word' id='word_1_222' title='bbox 713 1866 837 1910; x_wconf 71' lang='grc' dir='ltr'>αὐτοὺς</span> <span class='ocrx_word' id='word_1_223' title='bbox 857 1866 922 1921; x_wconf 85' lang='grc' dir='ltr'>ἔφη</span> <span class='ocrx_word' id='word_1_224' title='bbox 943 1867 1137 1918; x_wconf 82' lang='grc' dir='ltr'>γινώσκειν·</span> 
     </span>
     <span class='ocr_line' id='line_1_35' title="bbox 88 1922 1137 1978; baseline 0.002 -16"><span class='ocrx_word' id='word_1_225' title='bbox 88 1922 126 1962; x_wconf 81' lang='grc' dir='ltr'>οὗ</span> <span class='ocrx_word' id='word_1_226' title='bbox 144 1923 209 1976; x_wconf 80' lang='grc' dir='ltr'>γὰρ</span> <span class='ocrx_word' id='word_1_227' title='bbox 226 1923 266 1963; x_wconf 79' lang='grc' dir='ltr'>ἂν</span> <span class='ocrx_word' id='word_1_228' title='bbox 287 1925 457 1977; x_wconf 82' lang='grc' dir='ltr'>βασιλέως</span> <span class='ocrx_word' id='word_1_229' title='bbox 477 1924 527 1964; x_wconf 84' lang='grc' dir='ltr'>ἔτι</span> <span class='ocrx_word' id='word_1_230' title='bbox 547 1927 643 1970; x_wconf 86' lang='grc' dir='ltr'>ὄντος</span> <span class='ocrx_word' id='word_1_231' title='bbox 660 1925 779 1978; x_wconf 81' lang='grc' dir='ltr'>ἑτέραν</span> <span class='ocrx_word' id='word_1_232' title='bbox 794 1926 989 1977; x_wconf 78' lang='grc' dir='ltr'>ἡγήσεσθαι</span> <span class='ocrx_word' id='word_1_233' title='bbox 1004 1927 1137 1978; x_wconf 81' lang='grc' dir='ltr'>(εἷσηγ.</span> 
     </span>
     <span class='ocr_line' id='line_1_36' title="bbox 88 1982 1143 2037; baseline 0.003 -18"><span class='ocrx_word' id='word_1_234' title='bbox 88 1983 231 2033; x_wconf 80' lang='lat' dir='ltr'>Bekk.)</span> <span class='ocrx_word' id='word_1_235' title='bbox 253 1982 396 2035; x_wconf 86' lang='grc' dir='ltr'>γνώμην</span> <span class='ocrx_word' id='word_1_236' title='bbox 419 1983 441 2031; x_wconf 81' lang='grc' dir='ltr'>ἢ</span> <span class='ocrx_word' id='word_1_237' title='bbox 464 1984 628 2022; x_wconf 80' lang='grc' dir='ltr'>κατιόντα</span> <span class='ocrx_word' id='word_1_238' title='bbox 655 1984 930 2037; x_wconf 83' lang='grc' dir='ltr'>προσδέχεσθαι·</span> <span class='ocrx_word' id='word_1_239' title='bbox 951 1990 1021 2027; x_wconf 81' lang='grc' dir='ltr'>τοῖς</span> <span class='ocrx_word' id='word_1_240' title='bbox 1042 1985 1078 2022; x_wconf 83' lang='grc' dir='ltr'>δὲ</span> <span class='ocrx_word' id='word_1_241' title='bbox 1104 1986 1143 2023; x_wconf 82' lang='grc' dir='ltr'>ἐκ</span> 
     </span>
    </p>
   </div>
   <div class='ocr_carea' id='block_1_12' title="bbox 88 2095 1142 2605">
    <p class='ocr_par' dir='ltr' id='par_1_12' title="bbox 611 2095 665 2126">
     <span class='ocr_line' id='line_1_37' title="bbox 611 2095 665 2126; baseline 0.019 -1"><span class='ocrx_word' id='word_1_242' title='bbox 611 2095 665 2126; x_wconf 90' lang='grc'>10.</span> 
     </span>
    </p>

    <p class='ocr_par' dir='ltr' id='par_1_13' title="bbox 88 2146 1142 2605">
     <span class='ocr_line' id='line_1_38' title="bbox 131 2146 1138 2189; baseline 0.001 -11"><span class='ocrx_word' id='word_1_243' title='bbox 131 2146 328 2187; x_wconf 82' lang='lat' dir='ltr'>(Odoacer)</span> <span class='ocrx_word' id='word_1_244' title='bbox 344 2148 382 2179; x_wconf 91' lang='lat' dir='ltr'>ut</span> <span class='ocrx_word' id='word_1_245' title='bbox 400 2147 543 2188; x_wconf 88' lang='lat' dir='ltr'>audivit,</span> <span class='ocrx_word' id='word_1_246' title='bbox 561 2150 720 2180; x_wconf 89' lang='lat' dir='ltr'>Zenonem</span> <span class='ocrx_word' id='word_1_247' title='bbox 742 2148 862 2179; x_wconf 90' lang='lat' dir='ltr'>iterum</span> <span class='ocrx_word' id='word_1_248' title='bbox 877 2147 1021 2179; x_wconf 86' lang='lat' dir='ltr'>Orientis</span> <span class='ocrx_word' id='word_1_249' title='bbox 1037 2147 1138 2189; x_wconf 89' lang='lat' dir='ltr'>impe-</span> 
     </span>
     <span class='ocr_line' id='line_1_39' title="bbox 90 2197 1139 2241; baseline 0.002 -13"><span class='ocrx_word' id='word_1_250' title='bbox 90 2197 186 2237; x_wconf 87' lang='lat' dir='ltr'>rium,</span> <span class='ocrx_word' id='word_1_251' title='bbox 198 2198 334 2239; x_wconf 85' lang='lat' dir='ltr'>expulso</span> <span class='ocrx_word' id='word_1_252' title='bbox 348 2199 516 2239; x_wconf 77' lang='lat' dir='ltr'>Basilisco,</span> <span class='ocrx_word' id='word_1_253' title='bbox 530 2208 733 2240; x_wconf 79' lang='lat' dir='ltr'>recuperasse</span> <span class='ocrx_word' id='word_1_254' title='bbox 742 2224 751 2239; x_wconf 97' lang='lat'>,</span> <span class='ocrx_word' id='word_1_255' title='bbox 765 2201 911 2231; x_wconf 84' lang='lat' dir='ltr'>senatum</span> <span class='ocrx_word' id='word_1_256' title='bbox 926 2201 1040 2241; x_wconf 80' lang='lat' dir='ltr'>Romae</span> <span class='ocrx_word' id='word_1_257' title='bbox 1053 2199 1139 2239; x_wconf 84' lang='lat' dir='ltr'>lega-</span> 
     </span>
     <span class='ocr_line' id='line_1_40' title="bbox 88 2245 1140 2292; baseline 0.002 -12"><span class='ocrx_word' id='word_1_258' title='bbox 88 2249 210 2281; x_wconf 82' lang='lat' dir='ltr'>tionem</span> <span class='ocrx_word' id='word_1_259' title='bbox 230 2250 271 2281; x_wconf 85' lang='lat' dir='ltr'>ad</span> <span class='ocrx_word' id='word_1_260' title='bbox 288 2252 448 2282; x_wconf 82' lang='lat' dir='ltr'>Zenonem</span> <span class='ocrx_word' id='word_1_261' title='bbox 471 2245 600 2283; x_wconf 86' lang='lat' dir='ltr'>mittere</span> <span class='ocrx_word' id='word_1_262' title='bbox 622 2251 746 2291; x_wconf 79' lang='lat' dir='ltr'>coegit,</span> <span class='ocrx_word' id='word_1_263' title='bbox 760 2260 834 2292; x_wconf 80' lang='lat' dir='ltr'>quac</span> <span class='ocrx_word' id='word_1_264' title='bbox 858 2251 904 2282; x_wconf 90' lang='lat' dir='ltr'>illi</span> <span class='ocrx_word' id='word_1_265' title='bbox 928 2251 1140 2291; x_wconf 85' lang='lat' dir='ltr'>signiticaret,</span> 
     </span>
     <span class='ocr_line' id='line_1_41' title="bbox 89 2300 1142 2342; baseline 0.001 -10"><span class='ocrx_word' id='word_1_266' title='bbox 89 2300 217 2341; x_wconf 85' lang='lat' dir='ltr'>proprio</span> <span class='ocrx_word' id='word_1_267' title='bbox 232 2301 424 2342; x_wconf 79' lang='lat' dir='ltr'>imperatore</span> <span class='ocrx_word' id='word_1_268' title='bbox 442 2311 476 2334; x_wconf 91' lang='lat' dir='ltr'>se</span> <span class='ocrx_word' id='word_1_269' title='bbox 498 2311 563 2334; x_wconf 91' lang='lat' dir='ltr'>non</span> <span class='ocrx_word' id='word_1_270' title='bbox 585 2302 739 2342; x_wconf 75' lang='lat' dir='ltr'>indigere.</span> <span class='ocrx_word' id='word_1_271' title='bbox 786 2304 893 2334; x_wconf 90' lang='lat' dir='ltr'>Unum</span> <span class='ocrx_word' id='word_1_272' title='bbox 913 2302 1142 2342; x_wconf 75' lang='lat' dir='ltr'>imperatorem</span> 
     </span>
     <span class='ocr_line' id='line_1_42' title="bbox 89 2353 1142 2395; baseline 0 -11"><span class='ocrx_word' id='word_1_273' title='bbox 89 2353 255 2393; x_wconf 83' lang='lat' dir='ltr'>sufficere,</span> <span class='ocrx_word' id='word_1_274' title='bbox 273 2353 327 2394; x_wconf 84' lang='lat' dir='ltr'>qui</span> <span class='ocrx_word' id='word_1_275' title='bbox 342 2354 511 2394; x_wconf 86' lang='lat' dir='ltr'>utriusque</span> <span class='ocrx_word' id='word_1_276' title='bbox 530 2354 656 2395; x_wconf 86' lang='lat' dir='ltr'>imperii</span> <span class='ocrx_word' id='word_1_277' title='bbox 681 2354 758 2385; x_wconf 82' lang='lat' dir='ltr'>lines</span> <span class='ocrx_word' id='word_1_278' title='bbox 772 2355 920 2386; x_wconf 89' lang='lat' dir='ltr'>tueretur</span> <span class='ocrx_word' id='word_1_279' title='bbox 935 2364 942 2385; x_wconf 73' lang='grc' dir='ltr'>ε</span> <span class='ocrx_word' id='word_1_280' title='bbox 959 2353 1142 2386; x_wconf 79' lang='lat' dir='ltr'>odoacrum</span> 
     </span>
     <span class='ocr_line' id='line_1_43' title="bbox 90 2405 1141 2448; baseline 0.001 -12"><span class='ocrx_word' id='word_1_281' title='bbox 90 2414 124 2437; x_wconf 86' lang='lat' dir='ltr'>se</span> <span class='ocrx_word' id='word_1_282' title='bbox 146 2405 275 2446; x_wconf 78' lang='lat' dir='ltr'>elegisse</span> <span class='ocrx_word' id='word_1_283' title='bbox 287 2429 296 2446; x_wconf 91' lang='lat'>‚</span> <span class='ocrx_word' id='word_1_284' title='bbox 311 2405 367 2447; x_wconf 86' lang='lat' dir='ltr'>qui</span> <span class='ocrx_word' id='word_1_285' title='bbox 383 2406 467 2438; x_wconf 83' lang='lat' dir='ltr'>hanc</span> <span class='ocrx_word' id='word_1_286' title='bbox 490 2408 613 2448; x_wconf 80' lang='lat' dir='ltr'>partem</span> <span class='ocrx_word' id='word_1_287' title='bbox 630 2408 734 2438; x_wconf 87' lang='lat' dir='ltr'>tutam</span> <span class='ocrx_word' id='word_1_288' title='bbox 749 2408 925 2447; x_wconf 80' lang='lat' dir='ltr'>praestaret.</span> <span class='ocrx_word' id='word_1_289' title='bbox 947 2409 1041 2439; x_wconf 86' lang='lat' dir='ltr'>Hunc</span> <span class='ocrx_word' id='word_1_290' title='bbox 1055 2407 1141 2438; x_wconf 90' lang='lat' dir='ltr'>enim</span> 
     </span>
     <span class='ocr_line' id='line_1_44' title="bbox 91 2458 1142 2500; baseline -0.001 -10"><span class='ocrx_word' id='word_1_291' title='bbox 91 2459 123 2490; x_wconf 91' lang='lat' dir='ltr'>et</span> <span class='ocrx_word' id='word_1_292' title='bbox 135 2459 266 2490; x_wconf 86' lang='lat' dir='ltr'>scientia</span> <span class='ocrx_word' id='word_1_293' title='bbox 279 2458 463 2500; x_wconf 85' lang='lat' dir='ltr'>reipublicae</span> <span class='ocrx_word' id='word_1_294' title='bbox 480 2459 742 2491; x_wconf 75' lang='lat' dir='ltr'>administrandae</span> <span class='ocrx_word' id='word_1_295' title='bbox 755 2483 764 2498; x_wconf 90' lang='lat'>,</span> <span class='ocrx_word' id='word_1_296' title='bbox 781 2462 814 2491; x_wconf 90' lang='lat' dir='ltr'>et</span> <span class='ocrx_word' id='word_1_297' title='bbox 830 2459 875 2491; x_wconf 89' lang='lat' dir='ltr'>rei</span> <span class='ocrx_word' id='word_1_298' title='bbox 895 2459 1039 2491; x_wconf 87' lang='lat' dir='ltr'>militaris</span> <span class='ocrx_word' id='word_1_299' title='bbox 1058 2461 1142 2499; x_wconf 89' lang='lat' dir='ltr'>peri-</span> 
     </span>
     <span class='ocr_line' id='line_1_45' title="bbox 92 2510 1141 2552; baseline 0.001 -12"><span class='ocrx_word' id='word_1_300' title='bbox 92 2510 136 2541; x_wconf 89' lang='lat' dir='ltr'>tia</span> <span class='ocrx_word' id='word_1_301' title='bbox 149 2511 312 2551; x_wconf 77' lang='lat' dir='ltr'>praestare.</span> <span class='ocrx_word' id='word_1_302' title='bbox 331 2512 442 2551; x_wconf 87' lang='lat' dir='ltr'>ltaque</span> <span class='ocrx_word' id='word_1_303' title='bbox 466 2520 559 2543; x_wconf 89' lang='lat' dir='ltr'>orare</span> <span class='ocrx_word' id='word_1_304' title='bbox 575 2514 611 2543; x_wconf 90' lang='lat' dir='ltr'>ut</span> <span class='ocrx_word' id='word_1_305' title='bbox 629 2512 720 2543; x_wconf 84' lang='lat' dir='ltr'>iilum</span> <span class='ocrx_word' id='word_1_306' title='bbox 738 2514 822 2543; x_wconf 82' lang='lat' dir='ltr'>Zeno</span> <span class='ocrx_word' id='word_1_307' title='bbox 836 2511 1023 2552; x_wconf 74' lang='lat' dir='ltr'>patriciatus</span> <span class='ocrx_word' id='word_1_308' title='bbox 1040 2510 1141 2551; x_wconf 81' lang='lat' dir='ltr'>digni-</span> 
     </span>
     <span class='ocr_line' id='line_1_46' title="bbox 93 2563 1142 2605; baseline 0.001 -11"><span class='ocrx_word' id='word_1_309' title='bbox 93 2564 159 2595; x_wconf 81' lang='lat' dir='ltr'>tate</span> <span class='ocrx_word' id='word_1_310' title='bbox 183 2564 294 2602; x_wconf 88' lang='lat' dir='ltr'>ornet,</span> <span class='ocrx_word' id='word_1_311' title='bbox 312 2565 345 2595; x_wconf 88' lang='lat' dir='ltr'>et</span> <span class='ocrx_word' id='word_1_312' title='bbox 368 2564 491 2595; x_wconf 85' lang='lat' dir='ltr'>ltaliam</span> <span class='ocrx_word' id='word_1_313' title='bbox 523 2565 692 2605; x_wconf 81' lang='lat' dir='ltr'>regendam</span> <span class='ocrx_word' id='word_1_314' title='bbox 709 2565 739 2597; x_wconf 89' lang='lat' dir='ltr'>ei</span> <span class='ocrx_word' id='word_1_315' title='bbox 764 2565 958 2596; x_wconf 83' lang='lat' dir='ltr'>committat.</span> <span class='ocrx_word' id='word_1_316' title='bbox 1006 2563 1142 2596; x_wconf 81' lang='lat' dir='ltr'>Profecti</span> 
     </span>
    </p>
   </div>
   <div class='ocr_carea' id='block_1_13' title="bbox 94 2614 1192 2657">
    <p class='ocr_par' dir='ltr' id='par_1_14' title="bbox 94 2614 1192 2657">
     <span class='ocr_line' id='line_1_47' title="bbox 94 2614 1192 2657; baseline 0.003 -12"><span class='ocrx_word' id='word_1_317' title='bbox 94 2615 170 2646; x_wconf 85' lang='lat' dir='ltr'>sunt</span> <span class='ocrx_word' id='word_1_318' title='bbox 191 2614 287 2655; x_wconf 84' lang='lat' dir='ltr'>igitur</span> <span class='ocrx_word' id='word_1_319' title='bbox 305 2623 346 2646; x_wconf 84' lang='lat' dir='ltr'>ex</span> <span class='ocrx_word' id='word_1_320' title='bbox 362 2617 475 2647; x_wconf 88' lang='lat' dir='ltr'>senatu</span> <span class='ocrx_word' id='word_1_321' title='bbox 493 2618 640 2648; x_wconf 83' lang='lat' dir='ltr'>Romano</span> <span class='ocrx_word' id='word_1_322' title='bbox 655 2617 736 2656; x_wconf 91' lang='lat' dir='ltr'>viri,</span> <span class='ocrx_word' id='word_1_323' title='bbox 753 2618 809 2657; x_wconf 86' lang='lat' dir='ltr'>qui</span> <span class='ocrx_word' id='word_1_324' title='bbox 830 2617 888 2648; x_wconf 74' lang='lat' dir='ltr'>lios</span> <span class='ocrx_word' id='word_1_325' title='bbox 903 2626 1066 2648; x_wconf 81' lang='lat' dir='ltr'>sermones</span> <span class='ocrx_word' id='word_1_326' title='bbox 1082 2618 1142 2656; x_wconf 87' lang='lat' dir='ltr'>By—</span> <span class='ocrx_word' id='word_1_327' title='bbox 1187 2652 1192 2655; x_wconf 56' lang='grc'>,</span> 
     </span>
    </p>
   </div>
   <div class='ocr_carea' id='block_1_14' title="bbox 92 2666 1145 2916">
    <p class='ocr_par' dir='ltr' id='par_1_15' title="bbox 92 2666 1145 2916">
     <span class='ocr_line' id='line_1_48' title="bbox 92 2666 1142 2709; baseline 0.007 -13"><span class='ocrx_word' id='word_1_328' title='bbox 92 2666 233 2699; x_wconf 83' lang='lat' dir='ltr'>zantium</span> <span class='ocrx_word' id='word_1_329' title='bbox 258 2666 431 2699; x_wconf 77' lang='lat' dir='ltr'>deferrent.</span> <span class='ocrx_word' id='word_1_330' title='bbox 477 2667 592 2700; x_wconf 79' lang='lat' dir='ltr'>lisdem</span> <span class='ocrx_word' id='word_1_331' title='bbox 615 2667 728 2700; x_wconf 85' lang='lat' dir='ltr'>diebus</span> <span class='ocrx_word' id='word_1_332' title='bbox 745 2670 902 2700; x_wconf 85' lang='lat' dir='ltr'>venerunt</span> <span class='ocrx_word' id='word_1_333' title='bbox 925 2669 957 2701; x_wconf 87' lang='lat' dir='ltr'>et</span> <span class='ocrx_word' id='word_1_334' title='bbox 983 2677 1001 2700; x_wconf 85' lang='lat' dir='ltr'>a</span> <span class='ocrx_word' id='word_1_335' title='bbox 1021 2670 1142 2709; x_wconf 82' lang='lat' dir='ltr'>Nepote</span> 
     </span>
     <span class='ocr_line' id='line_1_49' title="bbox 93 2717 1145 2760; baseline 0.005 -11"><span class='ocrx_word' id='word_1_336' title='bbox 93 2717 215 2758; x_wconf 87' lang='lat' dir='ltr'>nuntii,</span> <span class='ocrx_word' id='word_1_337' title='bbox 232 2718 288 2758; x_wconf 83' lang='lat' dir='ltr'>qui</span> <span class='ocrx_word' id='word_1_338' title='bbox 310 2719 428 2750; x_wconf 90' lang='lat' dir='ltr'>Zenoni</span> <span class='ocrx_word' id='word_1_339' title='bbox 446 2720 629 2751; x_wconf 88' lang='lat' dir='ltr'>restitutum</span> <span class='ocrx_word' id='word_1_340' title='bbox 646 2719 817 2760; x_wconf 90' lang='lat' dir='ltr'>imperium</span> <span class='ocrx_word' id='word_1_341' title='bbox 839 2720 1090 2760; x_wconf 74' lang='lat' dir='ltr'>gratularentur,</span> <span class='ocrx_word' id='word_1_342' title='bbox 1110 2723 1145 2754; x_wconf 84' lang='lat' dir='ltr'>et</span> 
     </span>
     <span class='ocr_line' id='line_1_50' title="bbox 93 2769 1143 2813; baseline 0.003 -12"><span class='ocrx_word' id='word_1_343' title='bbox 93 2769 198 2810; x_wconf 83' lang='lat' dir='ltr'>ipsum</span> <span class='ocrx_word' id='word_1_344' title='bbox 214 2771 464 2811; x_wconf 89' lang='lat' dir='ltr'>obtestarentur,</span> <span class='ocrx_word' id='word_1_345' title='bbox 478 2774 515 2803; x_wconf 87' lang='lat' dir='ltr'>ut</span> <span class='ocrx_word' id='word_1_346' title='bbox 527 2772 614 2803; x_wconf 92' lang='lat' dir='ltr'>omni</span> <span class='ocrx_word' id='word_1_347' title='bbox 629 2781 725 2813; x_wconf 85' lang='lat' dir='ltr'>opera</span> <span class='ocrx_word' id='word_1_348' title='bbox 738 2774 769 2803; x_wconf 90' lang='lat' dir='ltr'>et</span> <span class='ocrx_word' id='word_1_349' title='bbox 777 2772 884 2804; x_wconf 88' lang='lat' dir='ltr'>studio</span> <span class='ocrx_word' id='word_1_350' title='bbox 900 2772 992 2803; x_wconf 88' lang='lat' dir='ltr'>illum</span> <span class='ocrx_word' id='word_1_351' title='bbox 1004 2797 1012 2811; x_wconf 94' lang='lat'>,</span> <span class='ocrx_word' id='word_1_352' title='bbox 1026 2772 1082 2813; x_wconf 90' lang='lat' dir='ltr'>qui</span> <span class='ocrx_word' id='word_1_353' title='bbox 1094 2782 1143 2804; x_wconf 88' lang='lat' dir='ltr'>eo-</span> 
     </span>
     <span class='ocr_line' id='line_1_51' title="bbox 94 2822 1145 2864; baseline 0.002 -11"><span class='ocrx_word' id='word_1_354' title='bbox 94 2822 168 2853; x_wconf 86' lang='lat' dir='ltr'>dem</span> <span class='ocrx_word' id='word_1_355' title='bbox 182 2825 324 2862; x_wconf 89' lang='lat' dir='ltr'>tempore</span> <span class='ocrx_word' id='word_1_356' title='bbox 338 2823 452 2855; x_wconf 88' lang='lat' dir='ltr'>eodem</span> <span class='ocrx_word' id='word_1_357' title='bbox 461 2847 471 2864; x_wconf 93' lang='lat'>,</span> <span class='ocrx_word' id='word_1_358' title='bbox 486 2833 550 2864; x_wconf 91' lang='lat' dir='ltr'>quo</span> <span class='ocrx_word' id='word_1_359' title='bbox 567 2824 650 2864; x_wconf 87' lang='lat' dir='ltr'>ipse,</span> <span class='ocrx_word' id='word_1_360' title='bbox 667 2833 740 2855; x_wconf 88' lang='lat' dir='ltr'>casu</span> <span class='ocrx_word' id='word_1_361' title='bbox 758 2824 896 2856; x_wconf 80' lang='lat' dir='ltr'>afflictus</span> <span class='ocrx_word' id='word_1_362' title='bbox 906 2827 1006 2864; x_wconf 87' lang='lat' dir='ltr'>esset,</span> <span class='ocrx_word' id='word_1_363' title='bbox 1020 2824 1052 2855; x_wconf 90' lang='lat' dir='ltr'>in</span> <span class='ocrx_word' id='word_1_364' title='bbox 1067 2824 1145 2855; x_wconf 84' lang='lat' dir='ltr'>reci-</span> 
     </span>
     <span class='ocr_line' id='line_1_52' title="bbox 94 2873 1144 2916; baseline 0.003 -11"><span class='ocrx_word' id='word_1_365' title='bbox 94 2873 210 2914; x_wconf 89' lang='lat' dir='ltr'>piendo</span> <span class='ocrx_word' id='word_1_366' title='bbox 223 2874 356 2915; x_wconf 89' lang='lat' dir='ltr'>imperio</span> <span class='ocrx_word' id='word_1_367' title='bbox 368 2874 557 2915; x_wconf 85' lang='lat' dir='ltr'>adjuvaret,</span> <span class='ocrx_word' id='word_1_368' title='bbox 581 2876 613 2907; x_wconf 82' lang='lat' dir='ltr'>et</span> <span class='ocrx_word' id='word_1_369' title='bbox 627 2876 779 2916; x_wconf 84' lang='lat' dir='ltr'>pecunias</span> <span class='ocrx_word' id='word_1_370' title='bbox 797 2877 828 2908; x_wconf 88' lang='lat' dir='ltr'>et</span> <span class='ocrx_word' id='word_1_371' title='bbox 844 2876 1004 2907; x_wconf 80' lang='lat' dir='ltr'>exercitus</span> <span class='ocrx_word' id='word_1_372' title='bbox 1019 2878 1052 2908; x_wconf 92' lang='lat' dir='ltr'>et</span> <span class='ocrx_word' id='word_1_373' title='bbox 1064 2877 1126 2908; x_wconf 83' lang='lat' dir='ltr'>alia</span> <span class='ocrx_word' id='word_1_374' title='bbox 1136 2900 1144 2915; x_wconf 93' lang='lat'>,</span> 
     </span>
    </p>
   </div>
   <div class='ocr_carea' id='block_1_15' title="bbox 35 2927 1143 2969">
    <p class='ocr_par' dir='ltr' id='par_1_16' title="bbox 35 2927 1143 2969">
     <span class='ocr_line' id='line_1_53' title="bbox 35 2927 1143 2969; baseline 0.004 -12"><span class='ocrx_word' id='word_1_375' title='bbox 35 2935 37 2938; x_wconf 93' lang='lat'>·</span> <span class='ocrx_word' id='word_1_376' title='bbox 69 2954 73 2958; x_wconf 74' lang='grc'>,</span> <span class='ocrx_word' id='word_1_377' title='bbox 97 2935 169 2966; x_wconf 83' lang='lat' dir='ltr'>quoe</span> <span class='ocrx_word' id='word_1_378' title='bbox 181 2935 262 2967; x_wconf 78' lang='lat' dir='ltr'>opus</span> <span class='ocrx_word' id='word_1_379' title='bbox 274 2927 399 2968; x_wconf 79' lang='lat' dir='ltr'>forent,</span> <span class='ocrx_word' id='word_1_380' title='bbox 416 2928 655 2969; x_wconf 82' lang='lat' dir='ltr'>suppeditaret,</span> <span class='ocrx_word' id='word_1_381' title='bbox 678 2938 743 2969; x_wconf 87' lang='lat' dir='ltr'>quo</span> <span class='ocrx_word' id='word_1_382' title='bbox 758 2929 802 2960; x_wconf 87' lang='lat' dir='ltr'>illi</span> <span class='ocrx_word' id='word_1_383' title='bbox 819 2929 957 2960; x_wconf 87' lang='lat' dir='ltr'>reditum</span> <span class='ocrx_word' id='word_1_384' title='bbox 976 2929 1015 2961; x_wconf 87' lang='lat' dir='ltr'>ad</span> <span class='ocrx_word' id='word_1_385' title='bbox 1036 2929 1143 2969; x_wconf 87' lang='lat' dir='ltr'>pristi-</span> 
     </span>
    </p>
   </div>
   <div class='ocr_carea' id='block_1_16' title="bbox 97 2979 1149 3440">
    <p class='ocr_par' dir='ltr' id='par_1_17' title="bbox 97 2979 1149 3440">
     <span class='ocr_line' id='line_1_54' title="bbox 97 2979 1146 3021; baseline 0.003 -12"><span class='ocrx_word' id='word_1_386' title='bbox 97 2986 172 3009; x_wconf 85' lang='lat' dir='ltr'>nam</span> <span class='ocrx_word' id='word_1_387' title='bbox 186 2979 350 3010; x_wconf 77' lang='lat' dir='ltr'>tortunam</span> <span class='ocrx_word' id='word_1_388' title='bbox 364 2981 502 3020; x_wconf 87' lang='lat' dir='ltr'>pararet.</span> <span class='ocrx_word' id='word_1_389' title='bbox 550 2982 626 3011; x_wconf 78' lang='lat' dir='ltr'>Haeo</span> <span class='ocrx_word' id='word_1_390' title='bbox 639 2980 694 3020; x_wconf 89' lang='lat' dir='ltr'>qui</span> <span class='ocrx_word' id='word_1_391' title='bbox 710 2979 853 3012; x_wconf 88' lang='lat' dir='ltr'>dicerent</span> <span class='ocrx_word' id='word_1_392' title='bbox 864 2983 969 3021; x_wconf 80' lang='lat' dir='ltr'>Nepos</span> <span class='ocrx_word' id='word_1_393' title='bbox 984 2981 1082 3012; x_wconf 85' lang='lat' dir='ltr'>misit.</span> <span class='ocrx_word' id='word_1_394' title='bbox 1105 2982 1146 3014; x_wconf 75' lang='lat' dir='ltr'>At</span> 
     </span>
     <span class='ocr_line' id='line_1_55' title="bbox 99 3030 1144 3073; baseline 0.002 -12"><span class='ocrx_word' id='word_1_395' title='bbox 99 3030 185 3062; x_wconf 85' lang='lat' dir='ltr'>Zeno</span> <span class='ocrx_word' id='word_1_396' title='bbox 199 3030 266 3070; x_wconf 82' lang='lat' dir='ltr'>his,</span> <span class='ocrx_word' id='word_1_397' title='bbox 281 3031 338 3071; x_wconf 87' lang='lat' dir='ltr'>qui</span> <span class='ocrx_word' id='word_1_398' title='bbox 360 3032 533 3071; x_wconf 83' lang='lat' dir='ltr'>venerant,</span> <span class='ocrx_word' id='word_1_399' title='bbox 549 3031 618 3063; x_wconf 82' lang='lat' dir='ltr'>haec</span> <span class='ocrx_word' id='word_1_400' title='bbox 632 3041 783 3072; x_wconf 78' lang='lat' dir='ltr'>responsa</span> <span class='ocrx_word' id='word_1_401' title='bbox 795 3032 884 3064; x_wconf 86' lang='lat' dir='ltr'>dedit</span> <span class='ocrx_word' id='word_1_402' title='bbox 901 3043 908 3063; x_wconf 93' lang='lat'>:</span> <span class='ocrx_word' id='word_1_403' title='bbox 927 3033 1126 3065; x_wconf 80' lang='lat' dir='ltr'>senatoribus</span> <span class='ocrx_word' id='word_1_404' title='bbox 1136 3057 1144 3073; x_wconf 92' lang='lat'>,</span> 
     </span>
     <span class='ocr_line' id='line_1_56' title="bbox 97 3081 1148 3124; baseline 0.005 -12"><span class='ocrx_word' id='word_1_405' title='bbox 97 3081 168 3114; x_wconf 85' lang='lat' dir='ltr'>illos</span> <span class='ocrx_word' id='word_1_406' title='bbox 183 3091 223 3114; x_wconf 83' lang='lat' dir='ltr'>ex</span> <span class='ocrx_word' id='word_1_407' title='bbox 238 3082 364 3115; x_wconf 80' lang='lat' dir='ltr'>dnobus</span> <span class='ocrx_word' id='word_1_408' title='bbox 379 3092 460 3123; x_wconf 86' lang='lat' dir='ltr'>quos</span> <span class='ocrx_word' id='word_1_409' title='bbox 471 3083 512 3114; x_wconf 79' lang='lat' dir='ltr'>ai)</span> <span class='ocrx_word' id='word_1_410' title='bbox 529 3084 659 3115; x_wconf 85' lang='lat' dir='ltr'>Oriente</span> <span class='ocrx_word' id='word_1_411' title='bbox 671 3084 879 3124; x_wconf 84' lang='lat' dir='ltr'>accepissent,</span> <span class='ocrx_word' id='word_1_412' title='bbox 901 3083 1148 3124; x_wconf 84' lang='lat' dir='ltr'>imperatoribus</span> 
     </span>
     <span class='ocr_line' id='line_1_57' title="bbox 98 3133 1146 3176; baseline 0.005 -13"><span class='ocrx_word' id='word_1_413' title='bbox 98 3140 201 3165; x_wconf 82' lang='lat' dir='ltr'>unum</span> <span class='ocrx_word' id='word_1_414' title='bbox 215 3133 392 3175; x_wconf 88' lang='lat' dir='ltr'>expulisse,</span> <span class='ocrx_word' id='word_1_415' title='bbox 413 3137 445 3166; x_wconf 89' lang='lat' dir='ltr'>et</span> <span class='ocrx_word' id='word_1_416' title='bbox 469 3135 675 3167; x_wconf 79' lang='lat' dir='ltr'>Anthemium</span> <span class='ocrx_word' id='word_1_417' title='bbox 696 3136 860 3168; x_wconf 87' lang='lat' dir='ltr'>occidisse.</span> <span class='ocrx_word' id='word_1_418' title='bbox 885 3138 978 3168; x_wconf 87' lang='lat' dir='ltr'>Nunc</span> <span class='ocrx_word' id='word_1_419' title='bbox 996 3136 1071 3176; x_wconf 88' lang='lat' dir='ltr'>qnid</span> <span class='ocrx_word' id='word_1_420' title='bbox 1086 3137 1146 3168; x_wconf 86' lang='lat' dir='ltr'>sibi</span> 
     </span>
     <span class='ocr_line' id='line_1_58' title="bbox 99 3185 1146 3228; baseline 0.003 -11"><span class='ocrx_word' id='word_1_421' title='bbox 99 3185 182 3218; x_wconf 76' lang='lat' dir='ltr'>racto</span> <span class='ocrx_word' id='word_1_422' title='bbox 200 3195 282 3226; x_wconf 86' lang='lat' dir='ltr'>opus</span> <span class='ocrx_word' id='word_1_423' title='bbox 297 3188 398 3227; x_wconf 86' lang='lat' dir='ltr'>esset,</span> <span class='ocrx_word' id='word_1_424' title='bbox 415 3187 501 3227; x_wconf 84' lang='lat' dir='ltr'>ipsos</span> <span class='ocrx_word' id='word_1_425' title='bbox 522 3187 604 3219; x_wconf 77' lang='lat' dir='ltr'>dixit</span> <span class='ocrx_word' id='word_1_426' title='bbox 623 3188 802 3228; x_wconf 81' lang='lat' dir='ltr'>perspicere</span> <span class='ocrx_word' id='word_1_427' title='bbox 819 3197 826 3219; x_wconf 92' lang='lat'>:</span> <span class='ocrx_word' id='word_1_428' title='bbox 852 3188 1044 3228; x_wconf 83' lang='lat' dir='ltr'>imperatore</span> <span class='ocrx_word' id='word_1_429' title='bbox 1060 3188 1146 3220; x_wconf 87' lang='lat' dir='ltr'>enim</span> 
     </span>
     <span class='ocr_line' id='line_1_59' title="bbox 99 3240 1149 3281; baseline 0.001 -11"><span class='ocrx_word' id='word_1_430' title='bbox 99 3240 286 3279; x_wconf 87' lang='lat' dir='ltr'>superstite,</span> <span class='ocrx_word' id='word_1_431' title='bbox 303 3249 367 3271; x_wconf 92' lang='lat' dir='ltr'>non</span> <span class='ocrx_word' id='word_1_432' title='bbox 380 3241 474 3272; x_wconf 85' lang='lat' dir='ltr'>aliam</span> <span class='ocrx_word' id='word_1_433' title='bbox 493 3240 609 3272; x_wconf 89' lang='lat' dir='ltr'>debere</span> <span class='ocrx_word' id='word_1_434' title='bbox 634 3241 739 3272; x_wconf 85' lang='lat' dir='ltr'>valere</span> <span class='ocrx_word' id='word_1_435' title='bbox 767 3241 956 3272; x_wconf 85' lang='lat' dir='ltr'>sententiam</span> <span class='ocrx_word' id='word_1_436' title='bbox 968 3265 976 3279; x_wconf 91' lang='lat'>,</span> <span class='ocrx_word' id='word_1_437' title='bbox 994 3250 1091 3281; x_wconf 84' lang='lat' dir='ltr'>quam</span> <span class='ocrx_word' id='word_1_438' title='bbox 1114 3242 1149 3272; x_wconf 85' lang='lat' dir='ltr'>ut</span> 
     </span>
     <span class='ocr_line' id='line_1_60' title="bbox 99 3290 1149 3334; baseline 0.004 -13"><span class='ocrx_word' id='word_1_439' title='bbox 99 3290 190 3323; x_wconf 86' lang='lat' dir='ltr'>illum</span> <span class='ocrx_word' id='word_1_440' title='bbox 205 3291 390 3324; x_wconf 86' lang='lat' dir='ltr'>redeuntem</span> <span class='ocrx_word' id='word_1_441' title='bbox 413 3294 611 3334; x_wconf 80' lang='lat' dir='ltr'>exciperent.</span> <span class='ocrx_word' id='word_1_442' title='bbox 645 3293 692 3325; x_wconf 81' lang='lat' dir='ltr'>Ad</span> <span class='ocrx_word' id='word_1_443' title='bbox 719 3303 756 3325; x_wconf 88' lang='lat' dir='ltr'>ea</span> <span class='ocrx_word' id='word_1_444' title='bbox 782 3303 877 3333; x_wconf 78' lang='lat' dir='ltr'>vero,</span> <span class='ocrx_word' id='word_1_445' title='bbox 895 3303 969 3334; x_wconf 82' lang='lat' dir='ltr'>quae</span> <span class='ocrx_word' id='word_1_446' title='bbox 993 3294 1149 3326; x_wconf 84' lang='lat' dir='ltr'>barbarus</span> 
     </span>
     <span class='ocr_line' id='line_1_61' title="bbox 100 3344 1146 3386; baseline 0.004 -12"><span class='ocrx_word' id='word_1_447' title='bbox 100 3344 262 3376; x_wconf 86' lang='lat' dir='ltr'>nuntiarat</span> <span class='ocrx_word' id='word_1_448' title='bbox 281 3357 288 3376; x_wconf 91' lang='lat'>:</span> <span class='ocrx_word' id='word_1_449' title='bbox 307 3347 393 3376; x_wconf 85' lang='lat' dir='ltr'>recte</span> <span class='ocrx_word' id='word_1_450' title='bbox 406 3346 532 3385; x_wconf 85' lang='lat' dir='ltr'>etjuste</span> <span class='ocrx_word' id='word_1_451' title='bbox 551 3346 731 3385; x_wconf 75' lang='lat' dir='ltr'>facturum,</span> <span class='ocrx_word' id='word_1_452' title='bbox 744 3346 798 3378; x_wconf 85' lang='lat' dir='ltr'>sia</span> <span class='ocrx_word' id='word_1_453' title='bbox 815 3348 937 3386; x_wconf 84' lang='lat' dir='ltr'>Nepote</span> <span class='ocrx_word' id='word_1_454' title='bbox 951 3346 1146 3386; x_wconf 85' lang='lat' dir='ltr'>imperatore</span> 
     </span>
     <span class='ocr_line' id='line_1_62' title="bbox 102 3396 1146 3440; baseline 0.003 -12"><span class='ocrx_word' id='word_1_455' title='bbox 102 3396 246 3430; x_wconf 77' lang='lat' dir='ltr'>Odoacer</span> <span class='ocrx_word' id='word_1_456' title='bbox 262 3399 449 3438; x_wconf 87' lang='lat' dir='ltr'>patriciatus</span> <span class='ocrx_word' id='word_1_457' title='bbox 462 3399 647 3439; x_wconf 83' lang='lat' dir='ltr'>dignitatem</span> <span class='ocrx_word' id='word_1_458' title='bbox 662 3399 848 3440; x_wconf 84' lang='lat' dir='ltr'>susciperet.</span> <span class='ocrx_word' id='word_1_459' title='bbox 875 3402 954 3431; x_wconf 84' lang='lat' dir='ltr'>Eam</span> <span class='ocrx_word' id='word_1_460' title='bbox 973 3408 1005 3432; x_wconf 90' lang='lat' dir='ltr'>se</span> <span class='ocrx_word' id='word_1_461' title='bbox 1020 3399 1064 3431; x_wconf 84' lang='grc'>1111</span> <span class='ocrx_word' id='word_1_462' title='bbox 1076 3399 1146 3431; x_wconf 87' lang='lat' dir='ltr'>mis·</span> 
     </span>
    </p>
   </div>
   <div class='ocr_carea' id='block_1_17' title="bbox 1191 333 2246 1152">
    <p class='ocr_par' dir='ltr' id='par_1_18' title="bbox 1191 333 2246 1152">
     <span class='ocr_line' id='line_1_63' title="bbox 1191 333 2232 387; baseline 0 -15"><span class='ocrx_word' id='word_1_463' title='bbox 1191 333 1355 378; x_wconf 86' lang='grc' dir='ltr'>Νέπωτος</span> <span class='ocrx_word' id='word_1_464' title='bbox 1373 333 1436 380; x_wconf 85' lang='grc' dir='ltr'>τὴν</span> <span class='ocrx_word' id='word_1_465' title='bbox 1457 333 1553 378; x_wconf 83' lang='grc' dir='ltr'>ἀξίαν</span> <span class='ocrx_word' id='word_1_466' title='bbox 1573 337 1632 372; x_wconf 81' lang='grc' dir='ltr'>τοῦ</span> <span class='ocrx_word' id='word_1_467' title='bbox 1648 333 1832 386; x_wconf 80' lang='grc' dir='ltr'>πατρικίου</span> <span class='ocrx_word' id='word_1_468' title='bbox 1849 334 2029 384; x_wconf 74' lang='grc' dir='ltr'>δεξάμενος</span> <span class='ocrx_word' id='word_1_469' title='bbox 2045 334 2232 387; x_wconf 75' lang='grc' dir='ltr'>Ὀδόαχος·</span> 
     </span>
     <span class='ocr_line' id='line_1_64' title="bbox 1192 391 2237 445; baseline -0.001 -15"><span class='ocrx_word' id='word_1_470' title='bbox 1192 391 1382 445; x_wconf 78' lang='grc' dir='ltr'>ἐκπέμψειν</span> <span class='ocrx_word' id='word_1_471' title='bbox 1399 393 1466 444; x_wconf 87' lang='grc' dir='ltr'>γὰρ</span> <span class='ocrx_word' id='word_1_472' title='bbox 1487 392 1605 438; x_wconf 80' lang='grc' dir='ltr'>αὐτὸν,</span> <span class='ocrx_word' id='word_1_473' title='bbox 1624 394 1653 430; x_wconf 86' lang='grc' dir='ltr'>εἷ</span> <span class='ocrx_word' id='word_1_474' title='bbox 1671 392 1720 442; x_wconf 86' lang='grc' dir='ltr'>μὴ</span> <span class='ocrx_word' id='word_1_475' title='bbox 1747 391 1870 436; x_wconf 84' lang='grc' dir='ltr'>Νέπως</span> <span class='ocrx_word' id='word_1_476' title='bbox 1895 393 2093 445; x_wconf 79' lang='grc' dir='ltr'>ἔπεφθοίκει.</span> <span class='ocrx_word' id='word_1_477' title='bbox 2109 393 2237 432; x_wconf 80' lang='grc' dir='ltr'>Ἐπαι-</span> 
     </span>
     <span class='ocr_line' id='line_1_65' title="bbox 1191 450 2235 503; baseline 0 -15"><span class='ocrx_word' id='word_1_478' title='bbox 1191 453 1259 489; x_wconf 88' lang='grc' dir='ltr'>νεῒν</span> <span class='ocrx_word' id='word_1_479' title='bbox 1281 451 1338 503; x_wconf 73' lang='grc' dir='ltr'>δὲ,</span> <span class='ocrx_word' id='word_1_480' title='bbox 1353 453 1400 495; x_wconf 83' lang='grc' dir='ltr'>ὡς</span> <span class='ocrx_word' id='word_1_481' title='bbox 1426 450 1538 503; x_wconf 73' lang='grc' dir='ltr'>ἀρχὴν</span> <span class='ocrx_word' id='word_1_482' title='bbox 1561 451 1794 490; x_wconf 74' lang='grc' dir='ltr'>ἐπιδέδεικται</span> <span class='ocrx_word' id='word_1_483' title='bbox 1813 450 1943 498; x_wconf 85' lang='grc' dir='ltr'>ταύτην</span> <span class='ocrx_word' id='word_1_484' title='bbox 1961 455 2019 489; x_wconf 77' lang='grc' dir='ltr'>τοῦ</span> <span class='ocrx_word' id='word_1_485' title='bbox 2034 451 2091 490; x_wconf 83' lang='grc' dir='ltr'>τὸν</span> <span class='ocrx_word' id='word_1_486' title='bbox 2106 452 2235 502; x_wconf 85' lang='grc' dir='ltr'>κόσμον</span> 
     </span>
     <span class='ocr_line' id='line_1_66' title="bbox 1192 509 2238 563; baseline -0.001 -16"><span class='ocrx_word' id='word_1_487' title='bbox 1192 510 1376 563; x_wconf 76' lang='grc' dir='ltr'>φυλάττειν</span> <span class='ocrx_word' id='word_1_488' title='bbox 1409 510 1466 549; x_wconf 84' lang='grc' dir='ltr'>τὸν</span> <span class='ocrx_word' id='word_1_489' title='bbox 1498 514 1568 553; x_wconf 83' lang='grc' dir='ltr'>τοῖς</span> <span class='ocrx_word' id='word_1_490' title='bbox 1600 509 1789 560; x_wconf 85' lang='grc' dir='ltr'>Ῥωμαίοις</span> <span class='ocrx_word' id='word_1_491' title='bbox 1823 509 2059 560; x_wconf 82' lang='grc' dir='ltr'>προσήκοντα·</span> <span class='ocrx_word' id='word_1_492' title='bbox 2091 510 2150 548; x_wconf 91' lang='grc' dir='ltr'>καὶ</span> <span class='ocrx_word' id='word_1_493' title='bbox 2178 525 2238 547; x_wconf 94' lang='grc' dir='ltr'>πι-</span> 
     </span>
     <span class='ocr_line' id='line_1_67' title="bbox 1193 568 2238 620; baseline -0.002 -13"><span class='ocrx_word' id='word_1_494' title='bbox 1193 568 1326 607; x_wconf 84' lang='grc' dir='ltr'>στεύειν</span> <span class='ocrx_word' id='word_1_495' title='bbox 1345 570 1511 616; x_wconf 78' lang='grc' dir='ltr'>ἐντεῧθεν,</span> <span class='ocrx_word' id='word_1_496' title='bbox 1529 571 1574 613; x_wconf 77' lang='grc' dir='ltr'>ὡς</span> <span class='ocrx_word' id='word_1_497' title='bbox 1599 568 1659 607; x_wconf 82' lang='grc' dir='ltr'>καὶ</span> <span class='ocrx_word' id='word_1_498' title='bbox 1676 568 1733 606; x_wconf 79' lang='grc' dir='ltr'>τὸν</span> <span class='ocrx_word' id='word_1_499' title='bbox 1756 568 1902 620; x_wconf 84' lang='grc' dir='ltr'>βασιλέα</span> <span class='ocrx_word' id='word_1_500' title='bbox 1922 569 1980 606; x_wconf 84' lang='grc' dir='ltr'>τὸν</span> <span class='ocrx_word' id='word_1_501' title='bbox 1997 572 2108 606; x_wconf 77' lang='grc' dir='ltr'>ταῦτα</span> <span class='ocrx_word' id='word_1_502' title='bbox 2134 569 2238 618; x_wconf 82' lang='grc' dir='ltr'>τιμή·</span> 
     </span>
     <span class='ocr_line' id='line_1_68' title="bbox 1194 627 2237 674; baseline 0 -9"><span class='ocrx_word' id='word_1_503' title='bbox 1194 643 1305 666; x_wconf 89' lang='grc' dir='ltr'>σαντα</span> <span class='ocrx_word' id='word_1_504' title='bbox 1325 627 1549 674; x_wconf 79' lang='grc' dir='ltr'>καταδέξοιτο</span> <span class='ocrx_word' id='word_1_505' title='bbox 1577 631 1713 674; x_wconf 84' lang='grc' dir='ltr'>Θᾶττον,</span> <span class='ocrx_word' id='word_1_506' title='bbox 1732 629 1761 666; x_wconf 85' lang='grc' dir='ltr'>εἷ</span> <span class='ocrx_word' id='word_1_507' title='bbox 1788 630 1896 665; x_wconf 87' lang='grc' dir='ltr'>ποιεῖν</span> <span class='ocrx_word' id='word_1_508' title='bbox 1921 627 2013 665; x_wconf 81' lang='grc' dir='ltr'>θέλοι</span> <span class='ocrx_word' id='word_1_509' title='bbox 2041 627 2084 665; x_wconf 85' lang='grc' dir='ltr'>τὰ</span> <span class='ocrx_word' id='word_1_510' title='bbox 2105 627 2237 666; x_wconf 80' lang='grc' dir='ltr'>δίκαια.</span> 
     </span>
     <span class='ocr_line' id='line_1_69' title="bbox 1197 681 2241 740; baseline -0.002 -14"><span class='ocrx_word' id='word_1_511' title='bbox 1197 686 1269 726; x_wconf 80' lang='grc' dir='ltr'>Καὶ</span> <span class='ocrx_word' id='word_1_512' title='bbox 1290 686 1466 739; x_wconf 80' lang='grc' dir='ltr'>βασίλειον</span> <span class='ocrx_word' id='word_1_513' title='bbox 1483 687 1633 740; x_wconf 81' lang='grc' dir='ltr'>γράμμα</span> <span class='ocrx_word' id='word_1_514' title='bbox 1653 686 1733 739; x_wconf 84' lang='grc' dir='ltr'>περὶ</span> <span class='ocrx_word' id='word_1_515' title='bbox 1753 681 1800 725; x_wconf 71' lang='grc' dir='ltr'>ὧν</span> <span class='ocrx_word' id='word_1_516' title='bbox 1823 685 1994 734; x_wconf 72' lang='grc' dir='ltr'>ἠέούλετο</span> <span class='ocrx_word' id='word_1_517' title='bbox 2013 686 2164 737; x_wconf 86' lang='grc' dir='ltr'>πέμπων</span> <span class='ocrx_word' id='word_1_518' title='bbox 2191 690 2241 739; x_wconf 77' lang='grc' dir='ltr'>τῷ</span> 
     </span>
     <span class='ocr_line' id='line_1_70' title="bbox 1194 745 2240 799; baseline -0.002 -15"><span class='ocrx_word' id='word_1_519' title='bbox 1194 746 1361 798; x_wconf 76' lang='grc' dir='ltr'>Ὀδοάχῳ</span> <span class='ocrx_word' id='word_1_520' title='bbox 1371 746 1571 799; x_wconf 88' lang='grc' dir='ltr'>,πατρίκιον</span> <span class='ocrx_word' id='word_1_521' title='bbox 1587 748 1621 784; x_wconf 82' lang='grc' dir='ltr'>ἐν</span> <span class='ocrx_word' id='word_1_522' title='bbox 1635 745 1747 799; x_wconf 84' lang='grc' dir='ltr'>τούτῳ</span> <span class='ocrx_word' id='word_1_523' title='bbox 1760 748 1810 799; x_wconf 82' lang='grc' dir='ltr'>τῷ</span> <span class='ocrx_word' id='word_1_524' title='bbox 1824 745 2008 798; x_wconf 74' lang='grc' dir='ltr'>γράμματι</span> <span class='ocrx_word' id='word_1_525' title='bbox 2022 745 2240 797; x_wconf 82' lang='grc' dir='ltr'>ἐπωνόμασε.</span> 
     </span>
     <span class='ocr_line' id='line_1_71' title="bbox 1195 805 2242 858; baseline -0.002 -14"><span class='ocrx_word' id='word_1_526' title='bbox 1195 808 1319 845; x_wconf 81' lang='grc' dir='ltr'>Ταῦτα</span> <span class='ocrx_word' id='word_1_527' title='bbox 1347 805 1384 844; x_wconf 81' lang='grc' dir='ltr'>δὲ</span> <span class='ocrx_word' id='word_1_528' title='bbox 1406 805 1660 851; x_wconf 80' lang='grc' dir='ltr'>συνεσπούδαζε</span> <span class='ocrx_word' id='word_1_529' title='bbox 1689 808 1739 858; x_wconf 80' lang='grc' dir='ltr'>τῷ</span> <span class='ocrx_word' id='word_1_530' title='bbox 1759 805 1902 845; x_wconf 85' lang='grc' dir='ltr'>Νέπωτι</span> <span class='ocrx_word' id='word_1_531' title='bbox 1922 808 1940 843; x_wconf 89' lang='lat'>6</span> <span class='ocrx_word' id='word_1_532' title='bbox 1959 805 2080 852; x_wconf 74' lang='grc' dir='ltr'>Ζήνων</span> <span class='ocrx_word' id='word_1_533' title='bbox 2107 807 2145 844; x_wconf 86' lang='grc' dir='ltr'>ἐκ</span> <span class='ocrx_word' id='word_1_534' title='bbox 2175 807 2242 842; x_wconf 84' lang='grc' dir='ltr'>τῶν</span> 
     </span>
     <span class='ocr_line' id='line_1_72' title="bbox 1195 864 2243 917; baseline -0.001 -14"><span class='ocrx_word' id='word_1_535' title='bbox 1195 867 1318 903; x_wconf 77' lang='grc' dir='ltr'>ἑαυτοῦ</span> <span class='ocrx_word' id='word_1_536' title='bbox 1347 867 1465 904; x_wconf 84' lang='grc' dir='ltr'>κακῶν</span> <span class='ocrx_word' id='word_1_537' title='bbox 1485 864 1530 904; x_wconf 85' lang='grc' dir='ltr'>τὰ</span> <span class='ocrx_word' id='word_1_538' title='bbox 1559 864 1690 903; x_wconf 81' lang='grc' dir='ltr'>ἐκείνου</span> <span class='ocrx_word' id='word_1_539' title='bbox 1724 865 1901 917; x_wconf 82' lang='grc' dir='ltr'>οἰκτείρων</span> <span class='ocrx_word' id='word_1_540' title='bbox 1923 864 1983 903; x_wconf 82' lang='grc' dir='ltr'>καὶ</span> <span class='ocrx_word' id='word_1_541' title='bbox 2005 865 2045 903; x_wconf 91' lang='grc' dir='ltr'>τό</span> <span class='ocrx_word' id='word_1_542' title='bbox 2064 881 2103 917; x_wconf 88' lang='grc' dir='ltr'>γε</span> <span class='ocrx_word' id='word_1_543' title='bbox 2132 865 2243 903; x_wconf 89' lang='grc' dir='ltr'>κοινὸν</span> 
     </span>
     <span class='ocr_line' id='line_1_73' title="bbox 1196 923 2244 978; baseline 0.001 -17"><span class='ocrx_word' id='word_1_544' title='bbox 1196 926 1258 971; x_wconf 72' lang='grc' dir='ltr'>τῆς</span> <span class='ocrx_word' id='word_1_545' title='bbox 1290 923 1399 977; x_wconf 83' lang='grc' dir='ltr'>τύχης</span> <span class='ocrx_word' id='word_1_546' title='bbox 1427 925 1475 968; x_wconf 85' lang='grc' dir='ltr'>εἷς</span> <span class='ocrx_word' id='word_1_547' title='bbox 1506 926 1667 963; x_wconf 72' lang='grc' dir='ltr'>ὑπόθεσιν</span> <span class='ocrx_word' id='word_1_548' title='bbox 1691 924 1781 976; x_wconf 72' lang='grc' dir='ltr'>ἔχων</span> <span class='ocrx_word' id='word_1_549' title='bbox 1809 926 1859 978; x_wconf 79' lang='grc' dir='ltr'>τῷ</span> <span class='ocrx_word' id='word_1_550' title='bbox 1885 925 2111 976; x_wconf 72' lang='grc' dir='ltr'>δυστυχοῦντι</span> <span class='ocrx_word' id='word_1_551' title='bbox 2140 924 2244 962; x_wconf 85' lang='grc' dir='ltr'>συνά-</span> 
     </span>
     <span class='ocr_line' id='line_1_74' title="bbox 1197 981 2245 1035; baseline 0 -15"><span class='ocrx_word' id='word_1_552' title='bbox 1197 986 1356 1035; x_wconf 79' lang='grc' dir='ltr'>χθεσθαι.</span> <span class='ocrx_word' id='word_1_553' title='bbox 1374 981 1471 1034; x_wconf 79' lang='grc' dir='ltr'>Ἅμα</span> <span class='ocrx_word' id='word_1_554' title='bbox 1490 981 1525 1021; x_wconf 81' lang='grc' dir='ltr'>δὲ</span> <span class='ocrx_word' id='word_1_555' title='bbox 1543 983 1603 1021; x_wconf 84' lang='grc' dir='ltr'>καὶ</span> <span class='ocrx_word' id='word_1_556' title='bbox 1630 983 1764 1034; x_wconf 89' lang='grc' dir='ltr'>Βηρίνα</span> <span class='ocrx_word' id='word_1_557' title='bbox 1783 982 2022 1035; x_wconf 84' lang='grc' dir='ltr'>συνεπώτρυνε</span> <span class='ocrx_word' id='word_1_558' title='bbox 2043 987 2177 1029; x_wconf 81' lang='grc' dir='ltr'>τοῦτον,</span> <span class='ocrx_word' id='word_1_559' title='bbox 2202 985 2245 1033; x_wconf 79' lang='grc' dir='ltr'>τῇ</span> 
     </span>
     <span class='ocr_line' id='line_1_75' title="bbox 1200 1042 2246 1095; baseline -0.002 -15"><span class='ocrx_word' id='word_1_560' title='bbox 1200 1042 1366 1086; x_wconf 84' lang='grc' dir='ltr'>Νέπωτος</span> <span class='ocrx_word' id='word_1_561' title='bbox 1384 1042 1522 1093; x_wconf 86' lang='grc' dir='ltr'>γυναικὶ</span> <span class='ocrx_word' id='word_1_562' title='bbox 1538 1048 1697 1094; x_wconf 88' lang='grc' dir='ltr'>συγγενεῖ</span> <span class='ocrx_word' id='word_1_563' title='bbox 1715 1042 1801 1095; x_wconf 88' lang='grc' dir='ltr'>οὔσῃ</span> <span class='ocrx_word' id='word_1_564' title='bbox 1813 1042 2071 1081; x_wconf 84' lang='grc' dir='ltr'>συσπεύδουσα.</span> <span class='ocrx_word' id='word_1_565' title='bbox 2093 1046 2138 1079; x_wconf 84' lang='lat' dir='ltr'>V.</span> <span class='ocrx_word' id='word_1_566' title='bbox 2159 1044 2216 1079; x_wconf 86' lang='lat' dir='ltr'>Til</span> <span class='ocrx_word' id='word_1_567' title='bbox 2228 1064 2246 1070; x_wconf 92' lang='lat'>-</span> 
     </span>
     <span class='ocr_line' id='line_1_76' title="bbox 1197 1104 1778 1152; baseline 0.002 -14"><span class='ocrx_word' id='word_1_568' title='bbox 1197 1104 1354 1139; x_wconf 89' lang='lat' dir='ltr'>lemont.</span> <span class='ocrx_word' id='word_1_569' title='bbox 1377 1105 1447 1152; x_wconf 90' lang='lat' dir='ltr'>VI,</span> <span class='ocrx_word' id='word_1_570' title='bbox 1468 1117 1508 1152; x_wconf 89' lang='lat' dir='ltr'>p.</span> <span class='ocrx_word' id='word_1_571' title='bbox 1535 1108 1609 1152; x_wconf 74' lang='lat'>[⁵92</span> <span class='ocrx_word' id='word_1_572' title='bbox 1632 1111 1669 1139; x_wconf 90' lang='lat' dir='ltr'>et</span> <span class='ocrx_word' id='word_1_573' title='bbox 1687 1108 1778 1148; x_wconf 75' lang='grc'>441.</span> 
     </span>
    </p>
   </div>
   <div class='ocr_carea' id='block_1_18' title="bbox 1463 1186 2004 1242">
    <p class='ocr_par' dir='ltr' id='par_1_19' title="bbox 1463 1186 2004 1242">
     <span class='ocr_line' id='line_1_77' title="bbox 1463 1186 2004 1242; baseline 0 -15"><span class='ocrx_word' id='word_1_574' title='bbox 1463 1205 1523 1227; x_wconf 84' lang='lat'>11.</span> <span class='ocrx_word' id='word_1_575' title='bbox 1554 1191 1656 1242; x_wconf 86' lang='grc'>(478</span> <span class='ocrx_word' id='word_1_576' title='bbox 1686 1195 1829 1228; x_wconf 82' lang='lat' dir='ltr'>Zenon.</span> <span class='ocrx_word' id='word_1_577' title='bbox 1854 1205 1913 1229; x_wconf 84' lang='lat' dir='ltr'>an.</span> <span class='ocrx_word' id='word_1_578' title='bbox 1941 1186 2004 1241; x_wconf 76' lang='grc'>5.)</span> 
     </span>
    </p>
   </div>
   <div class='ocr_carea' id='block_1_19' title="bbox 1199 1278 2256 2039">
    <p class='ocr_par' dir='ltr' id='par_1_20' title="bbox 1199 1278 2256 2039">
     <span class='ocr_line' id='line_1_78' title="bbox 1254 1278 2250 1331; baseline 0.003 -16"><span class='ocrx_word' id='word_1_579' title='bbox 1254 1280 1402 1316; x_wconf 80' lang='lat' dir='ltr'>Ibidem</span> <span class='ocrx_word' id='word_1_580' title='bbox 1421 1294 1461 1329; x_wconf 89' lang='lat' dir='ltr'>p.</span> <span class='ocrx_word' id='word_1_581' title='bbox 1493 1286 1558 1330; x_wconf 84' lang='grc'>94.</span> <span class='ocrx_word' id='word_1_582' title='bbox 1579 1280 1629 1329; x_wconf 82' lang='grc'>95</span> <span class='ocrx_word' id='word_1_583' title='bbox 1653 1293 1660 1316; x_wconf 91' lang='lat'>:</span> <span class='ocrx_word' id='word_1_584' title='bbox 1680 1278 1763 1318; x_wconf 66' lang='lat' dir='ltr'>“Oti</span> <span class='ocrx_word' id='word_1_585' title='bbox 1783 1281 1818 1318; x_wconf 81' lang='grc' dir='ltr'>ἐν</span> <span class='ocrx_word' id='word_1_586' title='bbox 1837 1282 1886 1331; x_wconf 84' lang='grc' dir='ltr'>τῷ</span> <span class='ocrx_word' id='word_1_587' title='bbox 1904 1279 1980 1325; x_wconf 76' lang='grc' dir='ltr'>ἑξῆς</span> <span class='ocrx_word' id='word_1_588' title='bbox 1997 1279 2064 1317; x_wconf 85' lang='grc' dir='ltr'>ἔτει</span> <span class='ocrx_word' id='word_1_589' title='bbox 2092 1278 2148 1316; x_wconf 88' lang='grc' dir='ltr'>ἐπὶ</span> <span class='ocrx_word' id='word_1_590' title='bbox 2177 1279 2250 1324; x_wconf 67' lang='grc' dir='ltr'>Ζ-ἡ·</span> 
     </span>
     <span class='ocr_line' id='line_1_79' title="bbox 1199 1333 2250 1392; baseline 0 -17"><span class='ocrx_word' id='word_1_591' title='bbox 1199 1353 1303 1382; x_wconf 88' lang='grc' dir='ltr'>νωνος</span> <span class='ocrx_word' id='word_1_592' title='bbox 1334 1337 1499 1389; x_wconf 72' lang='grc' dir='ltr'>πρέσὸεις</span> <span class='ocrx_word' id='word_1_593' title='bbox 1528 1333 1633 1384; x_wconf 69' lang='grc' dir='ltr'>ἦλθον</span> <span class='ocrx_word' id='word_1_594' title='bbox 1670 1340 1709 1376; x_wconf 86' lang='grc' dir='ltr'>ἐκ</span> <span class='ocrx_word' id='word_1_595' title='bbox 1741 1337 1887 1392; x_wconf 68' lang='grc' dir='ltr'>Θρᾴκης</span> <span class='ocrx_word' id='word_1_596' title='bbox 1918 1341 1987 1376; x_wconf 78' lang='grc' dir='ltr'>τῶν</span> <span class='ocrx_word' id='word_1_597' title='bbox 2026 1338 2250 1377; x_wconf 83' lang='grc' dir='ltr'>ὑποσπόνδων</span> 
     </span>
     <span class='ocr_line' id='line_1_80' title="bbox 1201 1396 2250 1450; baseline -0.002 -14"><span class='ocrx_word' id='word_1_598' title='bbox 1201 1396 1355 1444; x_wconf 80' lang='grc' dir='ltr'>Γότθων,</span> <span class='ocrx_word' id='word_1_599' title='bbox 1374 1396 1430 1440; x_wconf 79' lang='grc' dir='ltr'>οὒς</span> <span class='ocrx_word' id='word_1_600' title='bbox 1447 1396 1489 1444; x_wconf 86' lang='grc' dir='ltr'>δὴ</span> <span class='ocrx_word' id='word_1_601' title='bbox 1508 1397 1567 1435; x_wconf 87' lang='grc' dir='ltr'>καὶ</span> <span class='ocrx_word' id='word_1_602' title='bbox 1589 1397 1810 1450; x_wconf 79' lang='grc' dir='ltr'>φοιδεράτους</span> <span class='ocrx_word' id='word_1_603' title='bbox 1830 1399 1860 1435; x_wconf 87' lang='grc' dir='ltr'>οἱ</span> <span class='ocrx_word' id='word_1_604' title='bbox 1878 1397 2052 1448; x_wconf 86' lang='grc' dir='ltr'>Ῥωμαῖοι</span> <span class='ocrx_word' id='word_1_605' title='bbox 2071 1399 2250 1445; x_wconf 80' lang='grc' dir='ltr'>καλοῦσιν,</span> 
     </span>
     <span class='ocr_line' id='line_1_81' title="bbox 1201 1455 2251 1509; baseline 0.002 -17"><span class='ocrx_word' id='word_1_606' title='bbox 1201 1455 1372 1500; x_wconf 72' lang='grc' dir='ltr'>ἀξιοῦντες</span> <span class='ocrx_word' id='word_1_607' title='bbox 1405 1455 1552 1502; x_wconf 78' lang='grc' dir='ltr'>Ζήνωνα</span> <span class='ocrx_word' id='word_1_608' title='bbox 1587 1456 1793 1509; x_wconf 79' lang='grc' dir='ltr'>Θευδερίχῳ</span> <span class='ocrx_word' id='word_1_609' title='bbox 1826 1455 2036 1494; x_wconf 80' lang='grc' dir='ltr'>σπείσασθαι</span> <span class='ocrx_word' id='word_1_610' title='bbox 2070 1458 2120 1507; x_wconf 78' lang='grc' dir='ltr'>τῷ</span> <span class='ocrx_word' id='word_1_611' title='bbox 2152 1456 2251 1494; x_wconf 84' lang='grc' dir='ltr'>παιδὶ</span> 
     </span>
     <span class='ocr_line' id='line_1_82' title="bbox 1200 1513 2254 1567; baseline -0.001 -14"><span class='ocrx_word' id='word_1_612' title='bbox 1200 1514 1390 1567; x_wconf 86' lang='grc' dir='ltr'>Τριαρίου,</span> <span class='ocrx_word' id='word_1_613' title='bbox 1407 1514 1540 1567; x_wconf 71' lang='grc' dir='ltr'>’ἥσυχον</span> <span class='ocrx_word' id='word_1_614' title='bbox 1560 1513 1714 1553; x_wconf 83' lang='grc' dir='ltr'>ἐθέλοντι</span> <span class='ocrx_word' id='word_1_615' title='bbox 1735 1513 1902 1565; x_wconf 82' lang='grc' dir='ltr'>διεξάγειν</span> <span class='ocrx_word' id='word_1_616' title='bbox 1923 1514 1980 1552; x_wconf 84' lang='grc' dir='ltr'>τὸν</span> <span class='ocrx_word' id='word_1_617' title='bbox 2003 1513 2077 1566; x_wconf 90' lang='grc' dir='ltr'>βίον</span> <span class='ocrx_word' id='word_1_618' title='bbox 2093 1514 2153 1553; x_wconf 77' lang='grc' dir='ltr'>καὶ</span> <span class='ocrx_word' id='word_1_619' title='bbox 2175 1531 2254 1565; x_wconf 89' lang='grc' dir='ltr'>μη-</span> 
     </span>
     <span class='ocr_line' id='line_1_83' title="bbox 1201 1573 2252 1627; baseline 0 -16"><span class='ocrx_word' id='word_1_620' title='bbox 1201 1573 1281 1611; x_wconf 83' lang='grc' dir='ltr'>δένα</span> <span class='ocrx_word' id='word_1_621' title='bbox 1298 1574 1452 1624; x_wconf 85' lang='grc' dir='ltr'>πόλεμον</span> <span class='ocrx_word' id='word_1_622' title='bbox 1473 1579 1543 1617; x_wconf 84' lang='grc' dir='ltr'>τοῖς</span> <span class='ocrx_word' id='word_1_623' title='bbox 1559 1579 1683 1617; x_wconf 85' lang='grc' dir='ltr'>κοινοῖς</span> <span class='ocrx_word' id='word_1_624' title='bbox 1700 1573 1858 1627; x_wconf 81' lang='grc' dir='ltr'>αἴρεσθαι</span> <span class='ocrx_word' id='word_1_625' title='bbox 1873 1573 2092 1625; x_wconf 82' lang='grc' dir='ltr'>πράγμασιν.</span> <span class='ocrx_word' id='word_1_626' title='bbox 2114 1573 2252 1617; x_wconf 83' lang='grc' dir='ltr'>Ἤξίουν</span> 
     </span>
     <span class='ocr_line' id='line_1_84' title="bbox 1202 1631 2252 1685; baseline 0 -15"><span class='ocrx_word' id='word_1_627' title='bbox 1202 1633 1237 1670; x_wconf 84' lang='grc' dir='ltr'>δὲ</span> <span class='ocrx_word' id='word_1_628' title='bbox 1255 1631 1315 1670; x_wconf 79' lang='grc' dir='ltr'>καὶ</span> <span class='ocrx_word' id='word_1_629' title='bbox 1329 1635 1484 1679; x_wconf 84' lang='grc' dir='ltr'>σκοπεῖν,</span> <span class='ocrx_word' id='word_1_630' title='bbox 1499 1631 1566 1670; x_wconf 82' lang='grc' dir='ltr'>ὅσα</span> <span class='ocrx_word' id='word_1_631' title='bbox 1581 1632 1748 1683; x_wconf 88' lang='grc' dir='ltr'>πολέμιος</span> <span class='ocrx_word' id='word_1_632' title='bbox 1762 1632 1810 1670; x_wconf 81' lang='grc' dir='ltr'>ὢν</span> <span class='ocrx_word' id='word_1_633' title='bbox 1826 1632 2027 1685; x_wconf 70' lang='grc' dir='ltr'>κατέὸλαψε</span> <span class='ocrx_word' id='word_1_634' title='bbox 2042 1631 2252 1683; x_wconf 84' lang='grc' dir='ltr'>Ῥωμαίους,</span> 
     </span>
     <span class='ocr_line' id='line_1_85' title="bbox 1201 1690 2254 1744; baseline -0.001 -15"><span class='ocrx_word' id='word_1_635' title='bbox 1201 1691 1261 1729; x_wconf 79' lang='grc' dir='ltr'>καὶ</span> <span class='ocrx_word' id='word_1_636' title='bbox 1280 1690 1345 1728; x_wconf 84' lang='grc' dir='ltr'>ὅσα</span> <span class='ocrx_word' id='word_1_637' title='bbox 1365 1691 1577 1744; x_wconf 73' lang='grc' dir='ltr'>Θευδέριχος</span> <span class='ocrx_word' id='word_1_638' title='bbox 1596 1694 1614 1729; x_wconf 90' lang='lat'>6</span> <span class='ocrx_word' id='word_1_639' title='bbox 1631 1695 1690 1729; x_wconf 75' lang='grc' dir='ltr'>τοῦ</span> <span class='ocrx_word' id='word_1_640' title='bbox 1709 1691 1926 1744; x_wconf 75' lang='grc' dir='ltr'>Βαλαμήρου</span> <span class='ocrx_word' id='word_1_641' title='bbox 1941 1694 2045 1738; x_wconf 85' lang='grc' dir='ltr'>παῖς,</span> <span class='ocrx_word' id='word_1_642' title='bbox 2062 1691 2254 1743; x_wconf 81' lang='grc' dir='ltr'>στρατηγὸς</span> 
     </span>
     <span class='ocr_line' id='line_1_86' title="bbox 1201 1748 2254 1801; baseline -0.002 -13"><span class='ocrx_word' id='word_1_643' title='bbox 1201 1749 1249 1788; x_wconf 84' lang='grc' dir='ltr'>ὢν</span> <span class='ocrx_word' id='word_1_644' title='bbox 1274 1751 1333 1788; x_wconf 87' lang='grc' dir='ltr'>καὶ</span> <span class='ocrx_word' id='word_1_645' title='bbox 1358 1751 1473 1800; x_wconf 70' lang='grc' dir='ltr'>φίλος,</span> <span class='ocrx_word' id='word_1_646' title='bbox 1504 1756 1580 1795; x_wconf 86' lang='grc' dir='ltr'>ταῖς</span> <span class='ocrx_word' id='word_1_647' title='bbox 1613 1750 1756 1789; x_wconf 85' lang='grc' dir='ltr'>πόλεσιν</span> <span class='ocrx_word' id='word_1_648' title='bbox 1791 1750 2012 1801; x_wconf 77' lang='grc' dir='ltr'>ἐλυμήνατο,</span> <span class='ocrx_word' id='word_1_649' title='bbox 2034 1750 2093 1787; x_wconf 84' lang='grc' dir='ltr'>καὶ</span> <span class='ocrx_word' id='word_1_650' title='bbox 2118 1748 2167 1799; x_wconf 82' lang='grc' dir='ltr'>μὴ</span> <span class='ocrx_word' id='word_1_651' title='bbox 2196 1754 2254 1787; x_wconf 79' lang='grc' dir='ltr'>νῦν</span> 
     </span>
     <span class='ocr_line' id='line_1_87' title="bbox 1203 1809 2254 1862; baseline 0 -15"><span class='ocrx_word' id='word_1_652' title='bbox 1203 1809 1391 1862; x_wconf 77' lang='grc' dir='ltr'>ἀπεχθείας</span> <span class='ocrx_word' id='word_1_653' title='bbox 1410 1811 1565 1854; x_wconf 87' lang='grc' dir='ltr'>παλαιὰς</span> <span class='ocrx_word' id='word_1_654' title='bbox 1591 1812 1674 1862; x_wconf 79' lang='grc' dir='ltr'>ὁρᾶν</span> <span class='ocrx_word' id='word_1_655' title='bbox 1704 1811 1851 1861; x_wconf 82' lang='grc' dir='ltr'>μᾶλλον,</span> <span class='ocrx_word' id='word_1_656' title='bbox 1873 1809 1895 1857; x_wconf 82' lang='grc' dir='ltr'>ἢ</span> <span class='ocrx_word' id='word_1_657' title='bbox 1915 1809 2008 1853; x_wconf 78' lang='grc' dir='ltr'>ὅπως</span> <span class='ocrx_word' id='word_1_658' title='bbox 2029 1826 2061 1847; x_wconf 90' lang='grc' dir='ltr'>τι</span> <span class='ocrx_word' id='word_1_659' title='bbox 2080 1812 2130 1862; x_wconf 85' lang='grc' dir='ltr'>τῷ</span> <span class='ocrx_word' id='word_1_660' title='bbox 2151 1811 2254 1862; x_wconf 77' lang='grc' dir='ltr'>κοινῷ</span> 
     </span>
     <span class='ocr_line' id='line_1_88' title="bbox 1202 1862 2254 1922; baseline -0.001 -16"><span class='ocrx_word' id='word_1_661' title='bbox 1202 1868 1334 1919; x_wconf 84' lang='grc' dir='ltr'>γένοιτο</span> <span class='ocrx_word' id='word_1_662' title='bbox 1354 1862 1534 1911; x_wconf 73' lang='grc' dir='ltr'>παντελῶς</span> <span class='ocrx_word' id='word_1_663' title='bbox 1553 1869 1743 1922; x_wconf 85' lang='grc' dir='ltr'>ὠφέλιμον.</span> <span class='ocrx_word' id='word_1_664' title='bbox 1770 1869 1883 1912; x_wconf 76' lang='grc' dir='ltr'>Εὐθὺς</span> <span class='ocrx_word' id='word_1_665' title='bbox 1899 1862 1957 1906; x_wconf 61' lang='grc' dir='ltr'>οὖν</span> <span class='ocrx_word' id='word_1_666' title='bbox 1975 1871 1992 1906; x_wconf 84' lang='grc' dir='ltr'><strong><em>ὃ</em></strong></span> <span class='ocrx_word' id='word_1_667' title='bbox 2014 1867 2177 1920; x_wconf 75' lang='grc' dir='ltr'>βασιλεὺς</span> <span class='ocrx_word' id='word_1_668' title='bbox 2192 1868 2254 1914; x_wconf 79' lang='grc' dir='ltr'>τὴν</span> 
     </span>
     <span class='ocr_line' id='line_1_89' title="bbox 1205 1925 2256 1979; baseline 0.001 -16"><span class='ocrx_word' id='word_1_669' title='bbox 1205 1925 1332 1977; x_wconf 77' lang='grc' dir='ltr'>βουλὴν</span> <span class='ocrx_word' id='word_1_670' title='bbox 1356 1926 1577 1976; x_wconf 86' lang='grc' dir='ltr'>συγκαλέσας</span> <span class='ocrx_word' id='word_1_671' title='bbox 1593 1926 1736 1978; x_wconf 84' lang='grc' dir='ltr'>γνώμην</span> <span class='ocrx_word' id='word_1_672' title='bbox 1758 1928 1871 1971; x_wconf 78' lang='grc' dir='ltr'>αὐτοῖς</span> <span class='ocrx_word' id='word_1_673' title='bbox 1889 1926 2083 1979; x_wconf 86' lang='grc' dir='ltr'>προῦθηκεν</span> <span class='ocrx_word' id='word_1_674' title='bbox 2104 1925 2126 1964; x_wconf 81' lang='lat'>6&#39;</span> <span class='ocrx_word' id='word_1_675' title='bbox 2139 1943 2170 1964; x_wconf 90' lang='grc' dir='ltr'>τι</span> <span class='ocrx_word' id='word_1_676' title='bbox 2187 1926 2256 1964; x_wconf 80' lang='grc' dir='ltr'>δέοι</span> 
     </span>
     <span class='ocr_line' id='line_1_90' title="bbox 1205 1984 2255 2039; baseline -0.001 -16"><span class='ocrx_word' id='word_1_677' title='bbox 1205 1988 1362 2031; x_wconf 67' lang='grc' dir='ltr'>ποιῆσαι.</span> <span class='ocrx_word' id='word_1_678' title='bbox 1380 1987 1426 2024; x_wconf 81' lang='grc' dir='ltr'>Οἱ</span> <span class='ocrx_word' id='word_1_679' title='bbox 1446 1984 1481 2024; x_wconf 84' lang='grc' dir='ltr'>δὲ</span> <span class='ocrx_word' id='word_1_680' title='bbox 1508 1985 1714 2039; x_wconf 82' lang='grc' dir='ltr'>ἀμφοτέροις</span> <span class='ocrx_word' id='word_1_681' title='bbox 1736 1986 1798 2036; x_wconf 83' lang='grc' dir='ltr'>μὲν</span> <span class='ocrx_word' id='word_1_682' title='bbox 1825 1987 1887 2024; x_wconf 78' lang='grc' dir='ltr'>οὔκ</span> <span class='ocrx_word' id='word_1_683' title='bbox 1915 1985 2048 2039; x_wconf 86' lang='grc' dir='ltr'>ἔφασαν</span> <span class='ocrx_word' id='word_1_684' title='bbox 2079 1986 2197 2024; x_wconf 83' lang='grc' dir='ltr'>ἱκανὸν</span> <span class='ocrx_word' id='word_1_685' title='bbox 2217 1985 2255 2023; x_wconf 79' lang='grc' dir='ltr'>τὸ</span> 
     </span>
    </p>
   </div>
   <div class='ocr_carea' id='block_1_20' title="bbox 1202 2092 2258 2607">
    <p class='ocr_par' dir='ltr' id='par_1_21' title="bbox 1202 2092 2258 2607">
     <span class='ocr_line' id='line_1_91' title="bbox 1202 2092 2257 2133; baseline 0.002 -12"><span class='ocrx_word' id='word_1_686' title='bbox 1202 2100 1327 2131; x_wconf 90' lang='lat' dir='ltr'>surum,</span> <span class='ocrx_word' id='word_1_687' title='bbox 1343 2093 1401 2124; x_wconf 86' lang='lat' dir='ltr'>nisi</span> <span class='ocrx_word' id='word_1_688' title='bbox 1426 2094 1531 2131; x_wconf 86' lang='lat' dir='ltr'>Nepos</span> <span class='ocrx_word' id='word_1_689' title='bbox 1557 2093 1762 2133; x_wconf 77' lang='lat' dir='ltr'>praevenerit.</span> <span class='ocrx_word' id='word_1_690' title='bbox 1784 2093 1931 2126; x_wconf 87' lang='lat' dir='ltr'>Laudare</span> <span class='ocrx_word' id='word_1_691' title='bbox 1943 2102 1977 2124; x_wconf 88' lang='lat' dir='ltr'>se</span> <span class='ocrx_word' id='word_1_692' title='bbox 1990 2102 2084 2132; x_wconf 88' lang='lat' dir='ltr'>eum,</span> <span class='ocrx_word' id='word_1_693' title='bbox 2106 2092 2193 2133; x_wconf 85' lang='lat' dir='ltr'>quod</span> <span class='ocrx_word' id='word_1_694' title='bbox 2211 2092 2257 2124; x_wconf 88' lang='lat' dir='ltr'>sic</span> 
     </span>
     <span class='ocr_line' id='line_1_92' title="bbox 1204 2137 2257 2185; baseline 0.001 -11"><span class='ocrx_word' id='word_1_695' title='bbox 1204 2152 1324 2174; x_wconf 89' lang='lat' dir='ltr'>morem</span> <span class='ocrx_word' id='word_1_696' title='bbox 1348 2145 1499 2176; x_wconf 84' lang='lat' dir='ltr'>Romanis</span> <span class='ocrx_word' id='word_1_697' title='bbox 1521 2145 1764 2176; x_wconf 86' lang='lat' dir='ltr'>convenientem</span> <span class='ocrx_word' id='word_1_698' title='bbox 1784 2153 1911 2177; x_wconf 83' lang='lat' dir='ltr'>servare</span> <span class='ocrx_word' id='word_1_699' title='bbox 1931 2145 2103 2185; x_wconf 83' lang='lat' dir='ltr'>inceperit,</span> <span class='ocrx_word' id='word_1_700' title='bbox 2121 2137 2257 2184; x_wconf 79' lang='lat' dir='ltr'>ideoque</span> 
     </span>
     <span class='ocr_line' id='line_1_93' title="bbox 1202 2198 2258 2239; baseline -0.001 -10"><span class='ocrx_word' id='word_1_701' title='bbox 1202 2198 1381 2237; x_wconf 84' lang='lat' dir='ltr'>confidere,</span> <span class='ocrx_word' id='word_1_702' title='bbox 1401 2199 1468 2230; x_wconf 84' lang='lat' dir='ltr'>sore</span> <span class='ocrx_word' id='word_1_703' title='bbox 1489 2200 1524 2230; x_wconf 91' lang='lat' dir='ltr'>ut</span> <span class='ocrx_word' id='word_1_704' title='bbox 1546 2199 1794 2239; x_wconf 85' lang='lat' dir='ltr'>imperatorem,</span> <span class='ocrx_word' id='word_1_705' title='bbox 1815 2198 1872 2239; x_wconf 91' lang='lat' dir='ltr'>qui</span> <span class='ocrx_word' id='word_1_706' title='bbox 1889 2199 1983 2230; x_wconf 88' lang='lat' dir='ltr'>illum</span> <span class='ocrx_word' id='word_1_707' title='bbox 1998 2199 2060 2230; x_wconf 83' lang='lat' dir='ltr'>hoc</span> <span class='ocrx_word' id='word_1_708' title='bbox 2076 2198 2196 2229; x_wconf 83' lang='lat' dir='ltr'>honore</span> <span class='ocrx_word' id='word_1_709' title='bbox 2212 2198 2258 2228; x_wconf 83' lang='lat' dir='ltr'>as-</span> 
     </span>
     <span class='ocr_line' id='line_1_94' title="bbox 1205 2250 2256 2292; baseline -0.001 -10"><span class='ocrx_word' id='word_1_710' title='bbox 1205 2251 1333 2290; x_wconf 76' lang='lat' dir='ltr'>fecerit,</span> <span class='ocrx_word' id='word_1_711' title='bbox 1353 2251 1378 2282; x_wconf 93' lang='lat' dir='ltr'>si</span> <span class='ocrx_word' id='word_1_712' title='bbox 1396 2251 1526 2291; x_wconf 82' lang='lat' dir='ltr'>quidem</span> <span class='ocrx_word' id='word_1_713' title='bbox 1543 2251 1631 2291; x_wconf 87' lang='lat' dir='ltr'>justa</span> <span class='ocrx_word' id='word_1_714' title='bbox 1648 2251 1750 2284; x_wconf 80' lang='lat' dir='ltr'>facere</span> <span class='ocrx_word' id='word_1_715' title='bbox 1778 2252 1892 2291; x_wconf 86' lang='lat' dir='ltr'>vellet,</span> <span class='ocrx_word' id='word_1_716' title='bbox 1915 2252 2155 2292; x_wconf 83' lang='lat' dir='ltr'>quamprimum</span> <span class='ocrx_word' id='word_1_717' title='bbox 2174 2250 2256 2282; x_wconf 89' lang='lat' dir='ltr'>reci-</span> 
     </span>
     <span class='ocr_line' id='line_1_95' title="bbox 1203 2303 2257 2344; baseline -0.002 -9"><span class='ocrx_word' id='word_1_718' title='bbox 1203 2305 1303 2344; x_wconf 88' lang='lat' dir='ltr'>peret.</span> <span class='ocrx_word' id='word_1_719' title='bbox 1348 2305 1388 2335; x_wconf 80' lang='lat' dir='ltr'>Et</span> <span class='ocrx_word' id='word_1_720' title='bbox 1408 2304 1439 2335; x_wconf 92' lang='lat' dir='ltr'>in</span> <span class='ocrx_word' id='word_1_721' title='bbox 1466 2304 1581 2336; x_wconf 88' lang='lat' dir='ltr'>litteris</span> <span class='ocrx_word' id='word_1_722' title='bbox 1602 2303 1712 2344; x_wconf 82' lang='lat' dir='ltr'>regiis,</span> <span class='ocrx_word' id='word_1_723' title='bbox 1742 2304 1859 2344; x_wconf 87' lang='lat' dir='ltr'>quibus</span> <span class='ocrx_word' id='word_1_724' title='bbox 1885 2304 2032 2336; x_wconf 82' lang='lat' dir='ltr'>odoacro</span> <span class='ocrx_word' id='word_1_725' title='bbox 2058 2304 2257 2335; x_wconf 77' lang='lat' dir='ltr'>voluntatem</span> 
     </span>
     <span class='ocr_line' id='line_1_96' title="bbox 1205 2356 2258 2396; baseline -0.002 -9"><span class='ocrx_word' id='word_1_726' title='bbox 1205 2365 1297 2387; x_wconf 79' lang='lat' dir='ltr'>suam</span> <span class='ocrx_word' id='word_1_727' title='bbox 1317 2356 1532 2395; x_wconf 76' lang='lat' dir='ltr'>signiticaret,</span> <span class='ocrx_word' id='word_1_728' title='bbox 1561 2364 1635 2387; x_wconf 87' lang='lat' dir='ltr'>eum</span> <span class='ocrx_word' id='word_1_729' title='bbox 1658 2356 1829 2396; x_wconf 80' lang='lat' dir='ltr'>patricium</span> <span class='ocrx_word' id='word_1_730' title='bbox 1855 2356 2044 2388; x_wconf 81' lang='lat' dir='ltr'>nominavit.</span> <span class='ocrx_word' id='word_1_731' title='bbox 2065 2357 2144 2391; x_wconf 73' lang='lat' dir='ltr'>Quae</span> <span class='ocrx_word' id='word_1_732' title='bbox 2173 2357 2258 2387; x_wconf 87' lang='lat' dir='ltr'>Zeno</span> 
     </span>
     <span class='ocr_line' id='line_1_97' title="bbox 1205 2409 2258 2451; baseline -0.001 -10"><span class='ocrx_word' id='word_1_733' title='bbox 1205 2410 1335 2450; x_wconf 84' lang='lat' dir='ltr'>Nepotis</span> <span class='ocrx_word' id='word_1_734' title='bbox 1352 2419 1446 2442; x_wconf 89' lang='lat' dir='ltr'>causa</span> <span class='ocrx_word' id='word_1_735' title='bbox 1462 2410 1612 2450; x_wconf 88' lang='lat' dir='ltr'>instituit,</span> <span class='ocrx_word' id='word_1_736' title='bbox 1628 2411 1760 2451; x_wconf 89' lang='lat' dir='ltr'>propter</span> <span class='ocrx_word' id='word_1_737' title='bbox 1777 2419 1835 2441; x_wconf 88' lang='lat' dir='ltr'>sua</span> <span class='ocrx_word' id='word_1_738' title='bbox 1850 2409 1981 2450; x_wconf 84' lang='lat' dir='ltr'>Nepotis</span> <span class='ocrx_word' id='word_1_739' title='bbox 1992 2410 2150 2441; x_wconf 88' lang='lat' dir='ltr'>malorum</span> <span class='ocrx_word' id='word_1_740' title='bbox 2167 2409 2258 2440; x_wconf 87' lang='lat' dir='ltr'>mise-</span> 
     </span>
     <span class='ocr_line' id='line_1_98' title="bbox 1205 2461 2258 2502; baseline -0.001 -9"><span class='ocrx_word' id='word_1_741' title='bbox 1205 2462 1297 2502; x_wconf 86' lang='lat' dir='ltr'>ritus,</span> <span class='ocrx_word' id='word_1_742' title='bbox 1310 2464 1342 2493; x_wconf 81' lang='lat' dir='ltr'>et</span> <span class='ocrx_word' id='word_1_743' title='bbox 1353 2471 1558 2493; x_wconf 85' lang='lat' dir='ltr'>communem</span> <span class='ocrx_word' id='word_1_744' title='bbox 1570 2462 1737 2493; x_wconf 80' lang='lat' dir='ltr'>hominum</span> <span class='ocrx_word' id='word_1_745' title='bbox 1749 2463 1868 2493; x_wconf 89' lang='lat' dir='ltr'>sortem</span> <span class='ocrx_word' id='word_1_746' title='bbox 1881 2461 2059 2502; x_wconf 85' lang='lat' dir='ltr'>reputando</span> <span class='ocrx_word' id='word_1_747' title='bbox 2070 2461 2109 2492; x_wconf 89' lang='lat' dir='ltr'>ad</span> <span class='ocrx_word' id='word_1_748' title='bbox 2122 2461 2258 2492; x_wconf 86' lang='lat' dir='ltr'>aliorum</span> 
     </span>
     <span class='ocr_line' id='line_1_99' title="bbox 1205 2513 2256 2554; baseline -0.001 -9"><span class='ocrx_word' id='word_1_749' title='bbox 1205 2514 1516 2546; x_wconf 82' lang='lat' dir='ltr'>commiserationem</span> <span class='ocrx_word' id='word_1_750' title='bbox 1529 2514 1698 2545; x_wconf 86' lang='lat' dir='ltr'>adductus.</span> <span class='ocrx_word' id='word_1_751' title='bbox 1713 2516 1758 2545; x_wconf 79' lang='lat' dir='ltr'>Eo</span> <span class='ocrx_word' id='word_1_752' title='bbox 1768 2513 1860 2545; x_wconf 87' lang='lat' dir='ltr'>illum</span> <span class='ocrx_word' id='word_1_753' title='bbox 1874 2513 2002 2554; x_wconf 88' lang='lat' dir='ltr'>impulit</span> <span class='ocrx_word' id='word_1_754' title='bbox 2016 2513 2113 2545; x_wconf 83' lang='lat' dir='ltr'>etiam</span> <span class='ocrx_word' id='word_1_755' title='bbox 2128 2513 2256 2553; x_wconf 85' lang='lat' dir='ltr'>Verina,</span> 
     </span>
     <span class='ocr_line' id='line_1_100' title="bbox 1205 2565 2177 2607; baseline 0 -11"><span class='ocrx_word' id='word_1_756' title='bbox 1205 2575 1279 2607; x_wconf 76' lang='lat' dir='ltr'>quae</span> <span class='ocrx_word' id='word_1_757' title='bbox 1295 2566 1426 2607; x_wconf 88' lang='lat' dir='ltr'>Nepotis</span> <span class='ocrx_word' id='word_1_758' title='bbox 1443 2566 1553 2607; x_wconf 87' lang='lat' dir='ltr'>uxori,</span> <span class='ocrx_word' id='word_1_759' title='bbox 1570 2566 1662 2606; x_wconf 70' lang='lat' dir='ltr'>cuius</span> <span class='ocrx_word' id='word_1_760' title='bbox 1683 2567 1752 2598; x_wconf 84' lang='lat' dir='ltr'>erat</span> <span class='ocrx_word' id='word_1_761' title='bbox 1766 2566 2018 2607; x_wconf 77' lang='lat' dir='ltr'>consanguinea,</span> <span class='ocrx_word' id='word_1_762' title='bbox 2037 2565 2177 2597; x_wconf 84' lang='lat' dir='ltr'>favebat.</span> 
     </span>
    </p>
   </div>
   <div class='ocr_carea' id='block_1_21' title="bbox 1711 2635 1770 2668">
    <p class='ocr_par' dir='ltr' id='par_1_22' title="bbox 1711 2635 1770 2668">
     <span class='ocr_line' id='line_1_101' title="bbox 1711 2635 1770 2668; baseline -0.034 0"><span class='ocrx_word' id='word_1_763' title='bbox 1711 2635 1770 2668; x_wconf 86' lang='lat'>11.</span> 
     </span>
    </p>
   </div>
   <div class='ocr_carea' id='block_1_22' title="bbox 1203 2712 2261 3435">
    <p class='ocr_par' dir='ltr' id='par_1_23' title="bbox 1203 2712 2261 3435">
     <span class='ocr_line' id='line_1_102' title="bbox 1248 2712 2260 2756; baseline -0.005 -9"><span class='ocrx_word' id='word_1_764' title='bbox 1248 2715 1433 2756; x_wconf 82' lang='lat' dir='ltr'>Insequenti</span> <span class='ocrx_word' id='word_1_765' title='bbox 1458 2723 1545 2746; x_wconf 90' lang='lat' dir='ltr'>anno</span> <span class='ocrx_word' id='word_1_766' title='bbox 1563 2716 1725 2746; x_wconf 85' lang='lat' dir='ltr'>Zenonem</span> <span class='ocrx_word' id='word_1_767' title='bbox 1749 2713 1843 2753; x_wconf 85' lang='lat' dir='ltr'>legati</span> <span class='ocrx_word' id='word_1_768' title='bbox 1862 2723 1880 2745; x_wconf 86' lang='lat' dir='ltr'>a</span> <span class='ocrx_word' id='word_1_769' title='bbox 1894 2713 2009 2745; x_wconf 82' lang='lat' dir='ltr'>Gothis</span> <span class='ocrx_word' id='word_1_770' title='bbox 2025 2712 2189 2750; x_wconf 86' lang='lat' dir='ltr'>adierunt,</span> <span class='ocrx_word' id='word_1_771' title='bbox 2205 2712 2260 2752; x_wconf 84' lang='lat' dir='ltr'>qui</span> 
     </span>
     <span class='ocr_line' id='line_1_103' title="bbox 1208 2766 2260 2801; baseline -0.004 -1"><span class='ocrx_word' id='word_1_772' title='bbox 1208 2770 1239 2800; x_wconf 92' lang='lat' dir='ltr'>in</span> <span class='ocrx_word' id='word_1_773' title='bbox 1268 2769 1406 2801; x_wconf 79' lang='lat' dir='ltr'>Thracia</span> <span class='ocrx_word' id='word_1_774' title='bbox 1436 2768 1646 2800; x_wconf 86' lang='lat' dir='ltr'>consederant</span> <span class='ocrx_word' id='word_1_775' title='bbox 1673 2770 1705 2799; x_wconf 88' lang='lat' dir='ltr'>et</span> <span class='ocrx_word' id='word_1_776' title='bbox 1735 2767 1853 2799; x_wconf 61' lang='lat' dir='ltr'>saedere</span> <span class='ocrx_word' id='word_1_777' title='bbox 1889 2775 1963 2798; x_wconf 89' lang='lat' dir='ltr'>cum</span> <span class='ocrx_word' id='word_1_778' title='bbox 1994 2766 2147 2799; x_wconf 84' lang='lat' dir='ltr'>Romanis</span> <span class='ocrx_word' id='word_1_779' title='bbox 2180 2774 2260 2796; x_wconf 83' lang='lat' dir='ltr'>cou-</span> 
     </span>
     <span class='ocr_line' id='line_1_104' title="bbox 1203 2819 2261 2863; baseline -0.004 -9"><span class='ocrx_word' id='word_1_780' title='bbox 1203 2822 1306 2863; x_wconf 84' lang='lat' dir='ltr'>juncti</span> <span class='ocrx_word' id='word_1_781' title='bbox 1322 2823 1437 2854; x_wconf 86' lang='lat' dir='ltr'>erant:</span> <span class='ocrx_word' id='word_1_782' title='bbox 1460 2822 1518 2853; x_wconf 87' lang='lat' dir='ltr'>hos</span> <span class='ocrx_word' id='word_1_783' title='bbox 1540 2821 1709 2853; x_wconf 79' lang='lat' dir='ltr'>soederatos</span> <span class='ocrx_word' id='word_1_784' title='bbox 1731 2821 1867 2853; x_wconf 81' lang='lat' dir='ltr'>Romani</span> <span class='ocrx_word' id='word_1_785' title='bbox 1887 2823 2012 2852; x_wconf 86' lang='lat' dir='ltr'>vocant.</span> <span class='ocrx_word' id='word_1_786' title='bbox 2058 2819 2202 2852; x_wconf 85' lang='lat' dir='ltr'>orabant</span> <span class='ocrx_word' id='word_1_787' title='bbox 2225 2820 2261 2850; x_wconf 88' lang='lat' dir='ltr'>ut</span> 
     </span>
     <span class='ocr_line' id='line_1_105' title="bbox 1207 2873 2260 2915; baseline -0.004 -8"><span class='ocrx_word' id='word_1_788' title='bbox 1207 2876 1408 2907; x_wconf 86' lang='lat' dir='ltr'>reconciliari</span> <span class='ocrx_word' id='word_1_789' title='bbox 1445 2875 1543 2906; x_wconf 75' lang='lat' dir='ltr'>vellet</span> <span class='ocrx_word' id='word_1_790' title='bbox 1572 2874 1812 2915; x_wconf 75' lang='lat' dir='ltr'>Tineudericino,</span> <span class='ocrx_word' id='word_1_791' title='bbox 1840 2874 1954 2906; x_wconf 82' lang='lat' dir='ltr'>&#39;friarii</span> <span class='ocrx_word' id='word_1_792' title='bbox 1990 2874 2075 2911; x_wconf 79' lang='lat' dir='ltr'>tilio,</span> <span class='ocrx_word' id='word_1_793' title='bbox 2104 2873 2156 2904; x_wconf 86' lang='lat' dir='ltr'>cui</span> <span class='ocrx_word' id='word_1_794' title='bbox 2183 2873 2260 2904; x_wconf 82' lang='lat' dir='ltr'>nihil</span> 
     </span>
     <span class='ocr_line' id='line_1_106' title="bbox 1207 2924 2261 2968; baseline -0.005 -9"><span class='ocrx_word' id='word_1_795' title='bbox 1207 2930 1289 2960; x_wconf 81' lang='lat' dir='ltr'>esset</span> <span class='ocrx_word' id='word_1_796' title='bbox 1306 2927 1463 2968; x_wconf 84' lang='lat' dir='ltr'>optatius,</span> <span class='ocrx_word' id='word_1_797' title='bbox 1482 2936 1579 2967; x_wconf 83' lang='lat' dir='ltr'>quam</span> <span class='ocrx_word' id='word_1_798' title='bbox 1597 2927 1803 2967; x_wconf 88' lang='lat' dir='ltr'>tranquillam</span> <span class='ocrx_word' id='word_1_799' title='bbox 1817 2926 1847 2958; x_wconf 88' lang='lat' dir='ltr'>et</span> <span class='ocrx_word' id='word_1_800' title='bbox 1864 2926 2008 2966; x_wconf 86' lang='lat' dir='ltr'>quietam</span> <span class='ocrx_word' id='word_1_801' title='bbox 2028 2925 2126 2956; x_wconf 87' lang='lat' dir='ltr'>vitam</span> <span class='ocrx_word' id='word_1_802' title='bbox 2144 2924 2261 2955; x_wconf 87' lang='lat' dir='ltr'>ducere</span> 
     </span>
     <span class='ocr_line' id='line_1_107' title="bbox 1207 2975 2260 3020; baseline -0.005 -9"><span class='ocrx_word' id='word_1_803' title='bbox 1207 2988 1311 3020; x_wconf 84' lang='lat' dir='ltr'>neque</span> <span class='ocrx_word' id='word_1_804' title='bbox 1327 2980 1423 3011; x_wconf 81' lang='lat' dir='ltr'>armis</span> <span class='ocrx_word' id='word_1_805' title='bbox 1444 2979 1673 3020; x_wconf 72' lang='lat' dir='ltr'>rempublicam</span> <span class='ocrx_word' id='word_1_806' title='bbox 1689 2986 1816 3010; x_wconf 81' lang='lat' dir='ltr'>vexare.</span> <span class='ocrx_word' id='word_1_807' title='bbox 1844 2978 1928 3010; x_wconf 85' lang='lat' dir='ltr'>iilud</span> <span class='ocrx_word' id='word_1_808' title='bbox 1951 2978 2048 3010; x_wconf 86' lang='lat' dir='ltr'>etiam</span> <span class='ocrx_word' id='word_1_809' title='bbox 2068 2986 2141 3009; x_wconf 90' lang='lat' dir='ltr'>eum</span> <span class='ocrx_word' id='word_1_810' title='bbox 2155 2975 2260 3008; x_wconf 79' lang='lat' dir='ltr'>consi-</span> 
     </span>
     <span class='ocr_line' id='line_1_108' title="bbox 1208 3028 2261 3071; baseline -0.004 -8"><span class='ocrx_word' id='word_1_811' title='bbox 1208 3031 1320 3063; x_wconf 89' lang='lat' dir='ltr'>derare</span> <span class='ocrx_word' id='word_1_812' title='bbox 1339 3032 1524 3071; x_wconf 85' lang='lat' dir='ltr'>jusserunt,</span> <span class='ocrx_word' id='word_1_813' title='bbox 1548 3032 1671 3071; x_wconf 86' lang='lat' dir='ltr'>quanta</span> <span class='ocrx_word' id='word_1_814' title='bbox 1696 3031 1779 3062; x_wconf 81' lang='lat' dir='ltr'>mala</span> <span class='ocrx_word' id='word_1_815' title='bbox 1801 3030 1885 3071; x_wconf 87' lang='lat' dir='ltr'>ipse,</span> <span class='ocrx_word' id='word_1_816' title='bbox 1908 3039 2010 3071; x_wconf 91' lang='lat' dir='ltr'>quum</span> <span class='ocrx_word' id='word_1_817' title='bbox 2037 3030 2137 3060; x_wconf 81' lang='lat' dir='ltr'>hostis</span> <span class='ocrx_word' id='word_1_818' title='bbox 2160 3028 2261 3060; x_wconf 80' lang='lat' dir='ltr'>exsti·</span> 
     </span>
     <span class='ocr_line' id='line_1_109' title="bbox 1207 3081 2259 3122; baseline -0.005 -7"><span class='ocrx_word' id='word_1_819' title='bbox 1207 3083 1299 3115; x_wconf 85' lang='lat' dir='ltr'>tisset</span> <span class='ocrx_word' id='word_1_820' title='bbox 1312 3107 1320 3121; x_wconf 86' lang='lat'>‚</span> <span class='ocrx_word' id='word_1_821' title='bbox 1339 3085 1558 3115; x_wconf 86' lang='lat' dir='ltr'>Romanorum</span> <span class='ocrx_word' id='word_1_822' title='bbox 1574 3082 1669 3114; x_wconf 77' lang='lat' dir='ltr'>rebus</span> <span class='ocrx_word' id='word_1_823' title='bbox 1694 3082 1871 3122; x_wconf 79' lang='lat' dir='ltr'>attulisset,</span> <span class='ocrx_word' id='word_1_824' title='bbox 1889 3083 1921 3114; x_wconf 88' lang='lat' dir='ltr'>et</span> <span class='ocrx_word' id='word_1_825' title='bbox 1941 3083 2019 3122; x_wconf 86' lang='lat' dir='ltr'>quot</span> <span class='ocrx_word' id='word_1_826' title='bbox 2039 3081 2133 3112; x_wconf 82' lang='lat' dir='ltr'>urbes</span> <span class='ocrx_word' id='word_1_827' title='bbox 2150 3081 2259 3112; x_wconf 80' lang='lat' dir='ltr'>Theu-</span> 
     </span>
     <span class='ocr_line' id='line_1_110' title="bbox 1211 3126 2261 3176; baseline -0.006 -8"><span class='ocrx_word' id='word_1_828' title='bbox 1211 3137 1378 3175; x_wconf 85' lang='lat' dir='ltr'>dericims,</span> <span class='ocrx_word' id='word_1_829' title='bbox 1401 3135 1557 3168; x_wconf 81' lang='lat' dir='ltr'>Balameri</span> <span class='ocrx_word' id='word_1_830' title='bbox 1576 3135 1660 3166; x_wconf 84' lang='lat' dir='ltr'>filius</span> <span class='ocrx_word' id='word_1_831' title='bbox 1672 3159 1680 3175; x_wconf 89' lang='lat'>,</span> <span class='ocrx_word' id='word_1_832' title='bbox 1696 3135 1751 3176; x_wconf 85' lang='lat' dir='ltr'>qui</span> <span class='ocrx_word' id='word_1_833' title='bbox 1764 3126 1831 3166; x_wconf 84' lang='lat' dir='ltr'>dux</span> <span class='ocrx_word' id='word_1_834' title='bbox 1848 3135 1880 3166; x_wconf 88' lang='lat' dir='ltr'>et</span> <span class='ocrx_word' id='word_1_835' title='bbox 1890 3133 2012 3165; x_wconf 88' lang='lat' dir='ltr'>amicus</span> <span class='ocrx_word' id='word_1_836' title='bbox 2023 3133 2201 3173; x_wconf 83' lang='lat' dir='ltr'>appellatus</span> <span class='ocrx_word' id='word_1_837' title='bbox 2214 3140 2261 3162; x_wconf 87' lang='lat' dir='ltr'>es-</span> 
     </span>
     <span class='ocr_line' id='line_1_111' title="bbox 1210 3184 2261 3230; baseline -0.005 -10"><span class='ocrx_word' id='word_1_838' title='bbox 1210 3190 1276 3228; x_wconf 88' lang='lat' dir='ltr'>set,</span> <span class='ocrx_word' id='word_1_839' title='bbox 1294 3189 1478 3229; x_wconf 86' lang='lat' dir='ltr'>evertisset;</span> <span class='ocrx_word' id='word_1_840' title='bbox 1502 3197 1608 3229; x_wconf 84' lang='lat' dir='ltr'>neque</span> <span class='ocrx_word' id='word_1_841' title='bbox 1621 3189 1688 3220; x_wconf 89' lang='lat' dir='ltr'>tam</span> <span class='ocrx_word' id='word_1_842' title='bbox 1703 3189 1852 3230; x_wconf 15' lang='lat' dir='ltr'>*veterem</span> <span class='ocrx_word' id='word_1_843' title='bbox 1870 3187 2071 3218; x_wconf 88' lang='lat' dir='ltr'>inimicitiam</span> <span class='ocrx_word' id='word_1_844' title='bbox 2094 3184 2261 3225; x_wconf 89' lang='lat' dir='ltr'>respicien-</span> 
     </span>
     <span class='ocr_line' id='line_1_112' title="bbox 1210 3236 2259 3281; baseline -0.007 -8"><span class='ocrx_word' id='word_1_845' title='bbox 1210 3241 1285 3272; x_wconf 88' lang='lat' dir='ltr'>dam</span> <span class='ocrx_word' id='word_1_846' title='bbox 1299 3250 1384 3281; x_wconf 85' lang='lat' dir='ltr'>esse,</span> <span class='ocrx_word' id='word_1_847' title='bbox 1397 3250 1494 3281; x_wconf 87' lang='lat' dir='ltr'>quam</span> <span class='ocrx_word' id='word_1_848' title='bbox 1509 3249 1715 3272; x_wconf 90' lang='lat' dir='ltr'>communem</span> <span class='ocrx_word' id='word_1_849' title='bbox 1729 3239 1874 3272; x_wconf 82' lang='lat' dir='ltr'>omnium</span> <span class='ocrx_word' id='word_1_850' title='bbox 1888 3239 2068 3270; x_wconf 86' lang='lat' dir='ltr'>utilitatem.</span> <span class='ocrx_word' id='word_1_851' title='bbox 2085 3236 2259 3269; x_wconf 81' lang='lat' dir='ltr'>Confestim</span> 
     </span>
     <span class='ocr_line' id='line_1_113' title="bbox 1211 3289 2259 3333; baseline -0.007 -9"><span class='ocrx_word' id='word_1_852' title='bbox 1211 3293 1306 3333; x_wconf 82' lang='lat' dir='ltr'>igitur</span> <span class='ocrx_word' id='word_1_853' title='bbox 1330 3292 1507 3333; x_wconf 89' lang='lat' dir='ltr'>imperator</span> <span class='ocrx_word' id='word_1_854' title='bbox 1525 3294 1674 3324; x_wconf 87' lang='lat' dir='ltr'>senatum</span> <span class='ocrx_word' id='word_1_855' title='bbox 1694 3291 1910 3330; x_wconf 83' lang='lat' dir='ltr'>convocavit,</span> <span class='ocrx_word' id='word_1_856' title='bbox 1931 3293 1962 3321; x_wconf 92' lang='lat' dir='ltr'>et</span> <span class='ocrx_word' id='word_1_857' title='bbox 1976 3290 2046 3321; x_wconf 75' lang='lat' dir='ltr'>hacc</span> <span class='ocrx_word' id='word_1_858' title='bbox 2067 3289 2128 3319; x_wconf 85' lang='lat' dir='ltr'>illis</span> <span class='ocrx_word' id='word_1_859' title='bbox 2141 3296 2259 3328; x_wconf 89' lang='lat' dir='ltr'>propo-</span> 
     </span>
     <span class='ocr_line' id='line_1_114' title="bbox 1211 3340 2260 3384; baseline -0.008 -8"><span class='ocrx_word' id='word_1_860' title='bbox 1211 3345 1293 3384; x_wconf 85' lang='lat' dir='ltr'>suit,</span> <span class='ocrx_word' id='word_1_861' title='bbox 1311 3346 1347 3376; x_wconf 89' lang='lat' dir='ltr'>ut</span> <span class='ocrx_word' id='word_1_862' title='bbox 1364 3345 1424 3376; x_wconf 88' lang='lat' dir='ltr'>sibi</span> <span class='ocrx_word' id='word_1_863' title='bbox 1450 3344 1622 3376; x_wconf 89' lang='lat' dir='ltr'>consilium</span> <span class='ocrx_word' id='word_1_864' title='bbox 1639 3343 1770 3383; x_wconf 87' lang='lat' dir='ltr'>darent,</span> <span class='ocrx_word' id='word_1_865' title='bbox 1788 3343 1866 3383; x_wconf 87' lang='lat' dir='ltr'>quid</span> <span class='ocrx_word' id='word_1_866' title='bbox 1890 3342 1972 3373; x_wconf 81' lang='lat' dir='ltr'>facto</span> <span class='ocrx_word' id='word_1_867' title='bbox 1994 3349 2074 3380; x_wconf 91' lang='lat' dir='ltr'>opus</span> <span class='ocrx_word' id='word_1_868' title='bbox 2103 3340 2194 3370; x_wconf 87' lang='lat' dir='ltr'>esset.</span> <span class='ocrx_word' id='word_1_869' title='bbox 2208 3341 2260 3369; x_wconf 82' lang='lat' dir='ltr'>Sc·</span> 
     </span>
     <span class='ocr_line' id='line_1_115' title="bbox 1214 3390 2260 3435; baseline -0.009 -6"><span class='ocrx_word' id='word_1_870' title='bbox 1214 3398 1343 3429; x_wconf 75' lang='lat' dir='ltr'>nator-es</span> <span class='ocrx_word' id='word_1_871' title='bbox 1366 3405 1442 3429; x_wconf 89' lang='lat' dir='ltr'>vero</span> <span class='ocrx_word' id='word_1_872' title='bbox 1467 3396 1638 3435; x_wconf 85' lang='lat' dir='ltr'>dixerunt,</span> <span class='ocrx_word' id='word_1_873' title='bbox 1663 3395 1784 3427; x_wconf 84' lang='lat' dir='ltr'>reditus</span> <span class='ocrx_word' id='word_1_874' title='bbox 1801 3394 1945 3435; x_wconf 87' lang='lat' dir='ltr'>publicos</span> <span class='ocrx_word' id='word_1_875' title='bbox 1961 3392 2094 3423; x_wconf 85' lang='lat' dir='ltr'>minime</span> <span class='ocrx_word' id='word_1_876' title='bbox 2113 3390 2260 3422; x_wconf 77' lang='lat' dir='ltr'>sufficere</span> 
     </span>
    </p>
   </div>
  </div>
 </body>
</html>
