2372 3704
1027 207 1361 248 FRAGMENTA.

116 309 186 339 νοις
205 292 399 348 προσφιλὴς
426 287 481 341 ἦν,
496 292 557 332 καὶ
579 292 699 347 χώρας
724 293 840 338 αὐτοῖς
857 293 985 345 νέμων,
1007 294 1067 334 καὶ
1097 298 1164 333 τῶν

117 354 281 408 λαφύρων
297 352 425 397 διδούς·
444 352 529 406 πρὸς
544 351 579 390 δὲ
597 351 659 399 τὴν
675 351 857 405 γερουσίαν
878 354 944 405 οὐχ
960 354 1086 403 ὁμοίως
1102 354 1167 393 διέ-

117 429 211 452 κειτο
220 429 228 437 ·
242 412 318 452 ὅθεν
333 411 543 464 μισήσαντες
556 412 659 450 αὐτὸν
670 412 729 449 καὶ
740 411 960 464 περιέχοντες
971 413 1005 450 ἐν
1028 415 1078 466 τῷ
1091 415 1167 465 βου-

114 472 288 525 λευτηρίῳ
305 473 573 524 δημηγοροῦντα
593 469 826 524 διεσπάραξάν
838 487 874 510 τε
886 471 945 510 καὶ
962 471 1165 524 διέφθειραν.

116 530 302 584 Συνήρατο
318 529 354 569 δὲ
371 530 488 574 αὐτοῖς
507 529 595 582 πρὸς
615 529 654 568 τὸ
681 530 798 568 λαθεῖν
819 529 907 578 ζάλη
930 530 1079 582 μεγίστη
1106 534 1166 570 τοῦ

115 589 217 643 ἀέρος
231 589 292 628 καὶ
312 588 464 642 ἔκλειψις
479 589 579 635 ἡλίου
589 603 598 612 ·
609 588 695 641 ὅπερ
709 592 775 627 ποῦ
793 588 853 627 καὶ
872 590 917 632 ὡς
931 591 1092 640 ἐγεννᾶτο
1108 589 1167 640 γε’-

112 663 207 698 γονε.
232 647 306 688 Καὶ
332 650 350 686 ὁ
376 646 438 699 μὲν
461 647 648 699 Ῥωμύλος
673 647 901 700 αὖταρχήσας
917 647 945 693 ζ’
965 648 1024 687 καὶ
1052 648 1083 687 λ’
1105 648 1166 696 ἔτη

114 710 269 746 τοιοῦτον
291 706 374 760 ἔσχε
393 706 556 751 τὸτέλος.
576 706 835 759 Ἀφανισθέντος
852 723 888 745 τε
905 706 1012 750 οὕτως
1038 708 1144 745 αὑτοῦ
1155 737 1166 756 ,

113 765 153 804 τὸ
169 768 298 813 πλῆθος
316 766 377 804 καὶ
399 767 431 805 οἳ
449 768 664 819 στρατιῶται
684 765 839 816 μάλιστα
863 767 991 804 ἐκεῖνον
1011 765 1165 813 ἐζήτουν.

112 824 224 865 Αὐτοὶ
252 825 281 863 δ’
309 826 343 864 ἐν
364 824 486 877 ἀπόρῳ
515 819 620 873 ἦσαν,
658 824 748 875 μήτε
778 823 923 869 ἐξειπεῖν
951 824 991 862 τὸ
1010 824 1165 878 πραχθὲν

111 883 249 936 ἔχοντες
261 914 273 935 ,
303 883 394 935 μήτε
424 883 572 936 βασιλέα
604 885 830 931 καταστῆσαι
860 883 1058 935 δυνάμενοι.
1090 886 1166 923 Τα-

112 942 338 996 ρασσομένων
351 937 409 981 οῦν
425 944 551 991 αὐτῶν,
571 943 632 981 καί
644 959 677 981 τι
691 941 1056 995 παρασκευαζομένων
1079 943 1166 995 δρά-

111 1017 190 1048 σαι,
204 1001 352 1045 Ἰούλιός
373 1017 424 1046 τις
451 1002 627 1054 Πρόκλος,
649 1000 736 1054 ἀνὴρ
756 1001 900 1049 ἱππεὺς,
918 1002 1164 1053 στειλάμενος,

110 1062 158 1103 ὥς
177 1061 237 1099 καὶ
261 1060 426 1113 ἑτέρωθέν
442 1064 546 1099 ποθεν
567 1059 677 1107 ἥκων,
694 1060 924 1108 εἰσεπήδησεν
942 1061 976 1098 ἐν
990 1063 1041 1114 τῷ
1057 1061 1165 1115 μέσῳ,

110 1118 172 1156 καὶ
191 1119 276 1172 ἔφη·
299 1137 316 1154 οι
336 1118 400 1166 Μὴ
413 1120 580 1157 λυπεῖσθε
602 1120 783 1171 Κυιρῖται·
802 1118 871 1170 ἐγὼ
885 1118 953 1170 γὰρ
981 1119 1082 1164 αὐτὸς
1107 1121 1165 1159 τὸν

95 1176 296 1228 ’Ῥωμύλον
323 1180 369 1222 εἷς
389 1178 446 1216 τὸν
472 1178 617 1229 οὐρανὸν
640 1178 779 1216 ἀνιόντα
795 1171 896 1216 εἶδον·
915 1177 974 1216 καί
1001 1194 1060 1229 μοι
1085 1179 1164 1233 ἔφη,

109 1238 218 1276 εἰπεῖν
241 1253 279 1276 τε
303 1240 383 1288 ὑμῖν
407 1238 460 1275 ὅτι
485 1237 558 1280 θεὸς
580 1236 733 1288 ἐγένετο,
753 1237 813 1275 καὶ
838 1236 890 1276 ὅτι
911 1238 1070 1288 Κυιρῗνος
1088 1240 1164 1276 ὀνο--

110 1296 279 1347 μάζεται,
297 1297 358 1336 καὶ
374 1299 713 1349 προσπαραινεῖσθαι
740 1299 820 1346 ὑμῖν
846 1296 992 1348 βασιλέα
1011 1312 1048 1335 τε
1074 1299 1163 1336 πάν-

107 1371 176 1399 τως
204 1355 300 1400 εὗθὺς
326 1355 465 1394 ἑλέσθαι
496 1355 596 1402 τινὰ,
624 1355 686 1393 καὶ
710 1354 822 1405 τούτῳ
845 1354 1076 1405 πολιτεύματι
1102 1371 1163 1394 κε-

108 1418 277 1466 χρῆσθαι.
308 1433 324 1449 υ
357 1414 562 1466 Λεχθέντων
582 1413 727 1461 τούτων,
756 1413 908 1457 ἅπαντες
936 1413 1161 1464 ἐπίστευσαν,

108 1473 169 1512 καὶ
183 1476 245 1519 τῆς
257 1476 416 1527 ταραχῆς
433 1473 702 1511 ἀπεπαύσαντο·
718 1472 841 1515 εὐθέως
857 1488 895 1510 τε
907 1474 986 1510 ναὸν
1008 1473 1163 1526 Κυιρίνῳ

107 1532 356 1586 ᾠκοδόμησαν,
389 1532 449 1571 καὶ
476 1538 564 1571 πᾶσι
593 1531 656 1582 μὲν
687 1531 798 1570 ἐδόκει
822 1531 1089 1584 βασιλεύεσθαι,
1124 1535 1162 1572 οὗ

108 1592 226 1643 μέντοι
243 1593 303 1631 καὶ
325 1591 551 1645 ὥμοφρόνουν
563 1606 572 1616 ·
593 1589 629 1629 οἵ
645 1607 682 1629 τε
701 1590 768 1642 γὰρ
789 1590 971 1644 καταρχὰς
988 1590 1163 1642 Ῥωμαῖοι

106 1651 168 1690 καὶ
184 1654 215 1691 οἱ
250 1653 289 1690 ἐκ
307 1654 376 1690 τῶν
397 1650 562 1690 Σαὸίνων
585 1649 906 1703 προσοικισθέντες,
938 1649 1100 1703 ἑκάτεροι
1129 1651 1162 1696 ἐξ

106 1713 240 1750 ἑαυτῶν
258 1710 408 1764 βασιλέα
429 1711 589 1763 γενέσθαι
611 1709 747 1757 ἠξίουν·
763 1710 802 1748 ἐκ
815 1711 938 1749 τούτου
955 1725 992 1748 τε
1009 1709 1161 1763 ἀναρχία

106 1770 323 1810 συνέὸαινεν.
347 1769 531 1809 Ἐνιαυτὸν
552 1772 634 1820 γοῦν
655 1766 736 1807 ὅλον
754 1770 776 1815 ἡ
790 1768 984 1820 σύγκλητος
998 1767 1037 1806 τὸ
1060 1772 1163 1821 κῦρος

104 1832 173 1868 τῶν
194 1831 315 1869 κοινῶν
332 1823 405 1881 εἶχε
424 1828 643 1881 πραγμάτων
656 1857 667 1875 ,
703 1826 920 1880 πενθήμερον
954 1826 1066 1880 ἀρχὴν
1094 1828 1162 1872 τοῖς

106 1887 391 1941 ἐπιφανεστάτοις
415 1890 485 1925 τῶν
517 1888 713 1938 βουλευτῶν
743 1887 782 1924 ἐκ
814 1886 979 1938 διαδοχῆς
1013 1885 1161 1924 κατανέ-

106 1963 241 1998 μουσα,
261 1946 318 1990 οὒς
340 1946 587 1998 μεσοὸασιλεῖς
601 1945 800 1996 ὠνόμασεν.

599 2035 663 2072 33.

156 2120 250 2158 Exc.
274 2118 425 2154 Sa1mas.
439 2129 482 2166 p.
504 2116 578 2166 392
609 2129 617 2152 :
642 2116 789 2165 Νουμᾶς
804 2115 822 2152 ὁ
842 2113 1003 2166 βασιλεὺς
1021 2112 1159 2152 ἐκέλευ-

104 2192 162 2215 σεν
186 2178 220 2214 ἐν
248 2176 318 2219 τοῖς
335 2174 537 2225 ὑποδήμασι
563 2173 754 2224 Ῥωμαίων
786 2176 854 2211 τῶν
875 2172 1069 2225 πατρικίων
1099 2189 1160 2210 τυ-

102 2238 253 2274 ποῦσθαι
269 2235 309 2273 τὸ
329 2233 531 2284 Ῥωμαϊκὸν
549 2233 694 2280 κάππα,
718 2232 736 2271 ὃ
767 2231 865 2284 παρὰ
887 2233 956 2275 τοῖς
984 2231 1159 2279 ἽΞλλησιν

102 2295 177 2334 ἐστὶ
205 2293 274 2347 ῥὼ,
297 2292 330 2332 οἳ
347 2293 403 2332 διὰ
420 2293 461 2331 τὸ
480 2295 548 2331 τῶν
576 2294 701 2331 κοινῶν
736 2292 979 2342 ἐπιμελεῖσθαι
995 2290 1159 2343 πατέρων

2201 225 2291 279 εει,

1227 295 1330 348 ἔσχον
1350 296 1565 348 ἐπωνυμίαν.
1588 297 1759 352 Ἐφόρουν
1779 295 1838 339 οὖν
1866 303 1897 341 οἳ
1922 304 2099 357 πατρίκιοι
2118 305 2162 344 τὰ
2181 322 2272 345 καπ-

1227 355 1363 406 πάγια,
1383 357 1429 399 ὡς
1449 357 1512 395 οὐκ
1529 356 1602 402 ἐξὸν
1622 358 1737 402 ἄλλως
1757 361 1902 413 ὁρᾶσθαι
1922 365 1972 415 τῷ
1993 366 2141 415 βασιλεῖ.
2164 366 2209 417 (2)
2229 365 2276 405 ‘O

1227 413 1330 458 αὐτὸς
1346 417 1482 466 πρῶτος
1498 415 1568 453 ἀπὸ
1587 418 1720 468 χαλκοῦ
1741 418 1800 455 καὶ
1818 419 1961 472 σιδήρου
1983 422 2143 469 ἐποίησεν
2164 424 2276 463 ἀσσά-

1229 488 1307 524 ρια,
1325 475 1393 511 τῶν
1421 474 1489 526 πρὸ
1513 474 1683 527 αὗτοῦιδῦ
1702 476 1914 528 ὄστρακίνων
1936 479 1995 517 καὶ
2022 481 2191 520 σκυτίνων
2210 483 2274 530 τὴν

1227 531 1348 583 χρείαν
1386 532 1625 585 πληρούντων,
1658 533 1746 587 ἅπερ
1775 534 1843 573 ἀπὸ
1875 540 1934 574 τοῦ
1963 539 2088 578 οἰκείου
2111 541 2279 592 ὀνόματος

1226 589 1352 640 νουμία
1373 590 1531 630 ἐκάλεσε.
1553 591 1606 630 Τὸ
1631 591 1870 645 δεσμωτήριον
1894 595 1935 644 (Ρ)
1965 595 2004 633 τὸ
2024 597 2189 650 νούμερον
2217 601 2278 638 καὶ

1226 647 1269 686 τὰ
1284 648 1467 701 ὀρύγματα
1487 651 1518 688 οἱ
1538 649 1706 701 ὑπόνομοι
1723 651 1793 690 ἀπὸ
1805 655 1865 690 τοῦ
1887 655 2014 703 Νουμᾶ
2030 658 2089 693 τοῦ
2109 657 2279 708 βασιλέως

1226 707 1456 757 ὀνομάζονται
1463 738 1474 757 ,
1493 710 1540 752 ὡς
1553 709 1693 760 πρώτου
1709 710 1983 762 ἐπινοησαμένου
1999 713 2102 751 αὐτά.

1279 867 1372 903 Exc.
1390 867 1446 902 De
1465 866 1537 904 ins.
1558 878 1598 914 p.
1616 865 1640 901 6
1659 879 1669 902 ε
1685 863 1773 905 “On
1796 864 1950 918 Πρίσκος
1975 867 2169 919 Ταρκύνιος
2182 871 2200 907 ὁ
2219 872 2280 917 τῆς

1226 921 1371 973 Ῥώμης
1401 920 1564 974 βασιλεὺς
1592 925 1790 976 τριακοστῷ
1811 923 1872 962 καὶ
1891 924 2002 976 ὀγδόῳ
2018 927 2080 971 τῆς
2099 927 2278 978 βασιλείας

1226 981 1295 1019 ἔτει
1314 981 1382 1019 ὑπὸ
1393 982 1465 1019 τῶν
1483 981 1646 1034 Μαρκίου
1664 983 1799 1020 παίδων
1809 1011 1820 1030 ,
1833 986 1895 1021 τοῦ
1910 982 2078 1036 πρότερον
2094 985 2278 1024 δυναστεύ-

1227 1055 1351 1083 σαντος
1367 1042 1430 1086 τ’ἦς
1449 1039 1614 1090 Ῥώμης,
1634 1040 1846 1094 ἀναιρεθεὶς,
1864 1044 1952 1092 ὁμοῦ
1971 1058 2008 1081 τε
2023 1045 2083 1090 τῆς
2098 1045 2279 1096 βασιλείας

1226 1098 1287 1137 καὶ
1303 1102 1362 1137 τοῦ
1376 1098 1451 1151 βίου
1472 1098 1637 1140 παύεται.

1722 1175 1786 1215 35.

1279 1246 1380 1284 11)ἰ(1.
1408 1258 1447 1294 p.
1465 1246 1488 1282 6
1514 1241 1628 1284 :⁶022
1649 1243 1795 1296 Σέρὸιος
1825 1243 1994 1288 Τούλλιος
2024 1244 2081 1282 ἐπὶ
2103 1247 2277 1299 βιωφελε-

1227 1303 1370 1346 στάταις
1389 1301 1536 1355 πράξεσι
1564 1302 1820 1353 κοσμούμενος,
1839 1303 1996 1356 τετάρτῳ
2020 1303 2080 1341 καὶ
2105 1319 2277 1357 τεσσαρα-

1226 1363 1342 1414 κοστῷ
1365 1364 1426 1408 τῆς
1445 1363 1556 1413 ἀρχῆς
1582 1360 1651 1399 ἔτει
1672 1361 1924 1414 διαφθείρεται,
1952 1363 2189 1415 δολοφονηθεὶς
2208 1364 2278 1403 ὑπὸ

1225 1420 1422 1472 Ταρκυνίου
1437 1419 1660 1472 Σουπέρὸου,
1679 1425 1914 1465 συνοικοῦντος
1927 1419 1988 1471 μὲν
2003 1424 2044 1471 τῇ
2066 1423 2169 1461 αὐτοῦ
2186 1424 2278 1476 Σερ-

1226 1479 1301 1517 ὅίου
1319 1478 1464 1531 θυγατρὶ
1481 1481 1514 1518 Τ
1518 1477 1659 1531 ουλλία,
1678 1477 1836 1522 ἕλκοντος
1868 1479 1903 1518 δὲ
1926 1478 1965 1517 τὸ
1981 1478 2077 1531 γένος
2098 1481 2167 1518 ἀπὸ
2184 1482 2218 1519 Τ
2221 1498 2278 1535 αρ-

1224 1537 1341 1576 κυνίου
1358 1538 1520 1590 Πρίσκου
1546 1541 1608 1576 τοῦ
1627 1537 1696 1590 πρὸ
1715 1537 1865 1591 Σερὸίου
1885 1536 2170 1590 βασιλεύσαντος·
2191 1556 2276 1579 συν-

1226 1596 1477 1650 εφαψαμένης,
1502 1596 1549 1641 ὥς
1573 1611 1680 1650 φασι,
1696 1599 1757 1644 τῆς
1786 1597 1947 1647 γυναικὸς
1971 1601 2030 1635 τοῦ
2054 1598 2276 1650 μιάσματος,

1224 1656 1284 1694 καὶ
1303 1659 1424 1710 χεῖρας
1435 1658 1567 1708 ἐναγεῖς
1577 1659 1628 1709 τῷ
1643 1659 1702 1694 τοῦ
1715 1657 1846 1710 πατρὸς
1859 1656 2157 1710 προσενεγκούσης
2171 1657 2274 1712 φόνῳ.

1719 1744 1784 1783 36.

1279 1817 1445 1853 Exc.·De
1464 1815 1551 1853 virt.
1575 1827 1614 1863 p.
1627 1813 1702 1860 786
1728 1811 1838 1852 :‘'Or2
1855 1812 2053 1866 Ταρκύνιος
2075 1813 2276 1867 Σούπερὸος

1223 1874 1286 1919 τῆς
1305 1874 1418 1924 ἀρχῆς
1446 1871 1698 1921 ἓπιλαὸόμενος
1722 1870 1959 1921 μετεκαίνισεν
1980 1871 2038 1909 ἐπὶ
2063 1872 2102 1910 τὸ
2127 1873 2276 1910 αὐθαδέ-

1223 1946 1358 1984 στερον,
1381 1930 1442 1969 καὶ
1459 1930 1652 1984 βαρυτέραν
1671 1929 1735 1977 τὴν
1750 1929 1928 1968 πολιτείαν
1947 1930 2137 1983 ἀπέφηνεν,
2159 1925 2217 1970 οἶα
2231 1932 2274 1978 δὴ

1224 1991 1263 2028 ἐκ
1294 1989 1459 2028 τοιούτων
1478 1988 1663 2041 παρελθὼν
1687 1990 1734 2032 εἷς
1763 1988 1827 2036 τὴν
1856 1988 2044 2040 ἡγεμονίαν
2066 1990 2274 2042 δραμάτων·

1221 2053 1299 2098 τούς
1327 2070 1366 2092 τε
1385 2053 1510 2104 νόμους
1531 2053 1702 2104 μεταθεὶς,
1723 2053 1783 2091 καὶ
1808 2052 1979 2105 ἄρχοντας
1993 2053 2091 2105 παρὰ
2115 2054 2155 2092 τὸ
2189 2053 2272 2092 σύν·

1222 2116 1303 2160 ηθες
1334 2112 1622 2166 προὸαλλόμενος
1638 2142 1648 2162 ,
1670 2112 1729 2150 καὶ
1751 2113 1794 2149 δι’
1820 2114 1934 2150 αὐτῶν
1965 2112 2022 2150 τὸν
2050 2114 2159 2162 δῆμον
2184 2115 2272 2151 αἰκι-

1222 2171 1381 2222 ζόμενος,
1403 2171 1517 2222 δεσμά
1534 2187 1571 2209 τε
1592 2171 1652 2209 καὶ
1667 2170 1840 2221 μάστιγας
1852 2201 1863 2222 ,
1882 2170 2016 2215 κλοιοὺς
2041 2170 2194 2216 ξυλίνους
2211 2171 2273 2211 καὶ

1221 2232 1402 2283 σιδηροῦς,
1423 2230 1555 2278 πέδας,
1576 2230 1735 2277 ἀλύσεις,
1759 2229 1918 2280 μέταλλα
1937 2230 1998 2269 καὶ
2024 2230 2154 2283 ἐξορίας
2172 2232 2272 2284 ἐφευ·

1222 2290 1289 2343 ρών
1301 2306 1310 2314 ·
1323 2289 1558 2343 φιλοπόλεμός
1575 2305 1611 2327 τε
1632 2291 1661 2328 εἶ
1678 2289 1738 2327 καί
1759 2305 1810 2333 τις
1828 2289 1930 2333 ἄλλος
1951 2288 2094 2328 πώποτε
2109 2289 2272 2345 γέγονεν,

101 2425 141 2432 —-
158 2404 439 2446 στειλάμενος]
457 2403 571 2436 Suidas
586 2416 594 2435 ε
613 2402 833 2444 Στειλὰμενος,
847 2402 1005 2436 εὐσταλῶς
1024 2401 1172 2433 ἐπελθών.
1194 2419 1236 2428 -
1258 2402 1343 2437 θεὸς
1372 2400 1550 2441 ἐγένετο]
1570 2403 1611 2437 ὡς
1625 2401 1670 2439 ἐγ.
1684 2400 1755 2432 cod.
1774 2418 1814 2423 -—
1831 2399 1993 2441 Κυιρῖνος]
2019 2402 2184 2440 Cramer.;
2207 2400 2272 2432 κυί-

100 2466 163 2496 ριος
188 2454 262 2486 cod.
286 2449 334 2485 C'f.
354 2452 468 2485 Suidas
486 2467 494 2484 ι
519 2453 701 2492 Κυρῖνος·
718 2450 817 2486 οὕτως
838 2448 964 2484 Ἰούλιὸς
982 2460 1027 2484 τις
1044 2448 1183 2490 Πρόκλος
1207 2448 1365 2480 ἐπλάσατο
1387 2449 1556 2487 κεκλῆσθαι
1574 2448 1743 2486 ἀκηκοέναι
1759 2448 1930 2488 Ῥωμύλον.
1950 2449 2030 2485 Quae
2047 2448 2119 2479 fort.
2139 2449 2216 2479 sunt
2232 2456 2272 2480 ex

99 2505 227 2534 Joanne
246 2501 356 2532 nostro
374 2499 484 2540 petita.
511 2518 549 2524 -
567 2495 923 2538 ἐπιφανεστάτοις]
944 2495 1190 2536 ἐπιφανεστέρας
1206 2495 1320 2527 Suidas
1337 2504 1368 2526 v.
1389 2495 1625 2536 μεσοὸασιλεῐς,
1653 2494 1708 2526 ubi
1733 2497 1893 2535 postrema
1918 2494 2006 2533 haec,
2026 2494 2149 2535 absque
2176 2495 2274 2527 fontis

100 2548 262 2579 mentione
274 2571 282 2585 ‚
297 2545 535 2578 exscribuntur.
552 2564 593 2570 -
609 2541 839 2584 ὠνόμασεν]
856 2541 902 2573 sic
921 2541 994 2573 cod.
1011 2544 1036 2573 A
1052 2550 1104 2582 ap.
1122 2542 1271 2582 Suidam;
1289 2542 1460 2583 ὀνύμασθεν
1479 2541 1572 2582 cod.;
1589 2541 1758 2582 ὠνόμασαν
1773 2550 1833 2582 vgo
1847 2549 1898 2581 ap.
1914 2541 2006 2572 Suid.

142 2597 195 2627 Fr.
215 2597 266 2626 33.
283 2591 302 2633 δ
324 2596 354 2625 1.
371 2592 421 2623 Cf.
441 2591 606 2623 Plutarch.
625 2592 688 2628 Qu.
704 2590 797 2621 Rom.
811 2597 841 2629 p.
859 2592 917 2620 282
929 2613 938 2628 ,
950 2591 987 2620 A.
1001 2590 1126 2621 Castor.
1138 2590 1178 2622 [Γ.
1194 2594 1245 2622 25.
1256 2608 1297 2613 —
1311 2589 1370 2630 §2.
1382 2589 1432 2621 Cs.
1450 2589 1564 2621 suidas
1580 2588 1795 2629 εἈσσάρια,
1807 2590 1835 2619 οἱ
1847 2586 1963 2619 ὀὸολοί.
1980 2589 2110 2628 Νουμᾶς
2123 2589 2140 2620 ὁ
2151 2591 2271 2628 πρῶτος

101 2643 180 2684 μετὰ
195 2641 358 2681 Ῥωμύλον
374 2638 518 2680 βασιλεὺς
532 2637 699 2678 Ῥωμαίων
715 2637 850 2677 γεγονὼς
867 2636 929 2668 ἀπὸ
944 2637 1071 2678 σιδήρου
1089 2637 1235 2678 (ἀσήμου
1253 2638 1359 2677 inepte
1373 2635 1530 2675 Cedren.)
1546 2636 1598 2666 καὶ
1616 2637 1736 2677 χαλκοῦ
1752 2634 1947 2674 πεποιημένα
1963 2638 2085 2675 πρῶτος
2099 2635 2269 2677 ἐχαρίσατο

98 2689 285 2731 Ῥωμαίοις,
299 2690 360 2720 τῶν
380 2687 439 2728 πρὸ
458 2687 555 2718 αὐτοῦ
569 2686 694 2718 πάντων
711 2685 762 2716 διὰ
776 2684 931 2716 σκυτίνων
953 2685 1024 2724 (καὶ
1048 2685 1173 2722 ξυλίνων
1189 2685 1279 2717 addit
1301 2685 1437 2717 Cedren.
1461 2693 1502 2715 ex
1519 2683 1669 2723 dittogr.)
1690 2684 1743 2714 καὶ
1768 2682 1960 2723 ὀστρακίνων
1984 2684 2040 2720 τὴν
2065 2682 2171 2724 χρείαν
2185 2684 2265 2721 πλη-

99 2741 252 2782 ρούντων·
272 2736 350 2777 ἅπερ
366 2734 530 2776 ὠνόμασεν
549 2734 585 2766 ἐκ
600 2736 656 2765 τοῦ
673 2733 752 2765 ἰδίου
767 2732 918 2773 ὀνόματος
931 2732 1070 2773 νουμμία
1095 2732 1230 2774 (νουμὶα
1251 2733 1388 2764 Cedren.
1402 2732 1412 2771 )
1427 2755 1435 2770 ‚
1461 2732 1502 2767 ὥς
1521 2742 1595 2772 φησι
1619 2731 1814 2772 Τράγκυλλος
1833 2731 1896 2769 (sc.
1917 2730 2092 2762 Suetonius
2107 2732 2180 2772 Περὶ
2195 2731 2266 2764 ὀνο·

99 2787 208 2828 μάτων
224 2783 338 2826 κυρίων
352 2783 405 2814 καὶ
423 2783 530 2820 ἰδεῶν,
549 2780 734 2822 ἐσθημάτων
747 2781 800 2811 καὶ
814 2779 1056 2821 ὑποδημάτων).
1074 2780 1195 2813 Eadem
1211 2780 1347 2813 Cedren.
1366 2789 1399 2820 p.
1422 2781 1495 2810 259.
1514 2777 1694 2809 chronicon
1711 2777 1864 2809 paschale
1880 2778 1997 2810 horum
2015 2777 2087 2808 loco
2103 2786 2144 2809 ex
2157 2778 2268 2810 eodem

98 2833 253 2866 Suetonio
272 2830 425 2872 quaedam
441 2829 536 2861 affert
553 2829 594 2860 de
612 2828 693 2869 togis
710 2827 915 2868 purpuratis,
938 2836 1017 2868 quas
1039 2836 1058 2859 a
1080 2828 1219 2869 Peiasgis
1234 2830 1337 2860 Numa
1360 2826 1572 2867 adoptaverit.
1599 2827 1783 2866 Utrumque
1808 2834 1850 2856 ex
1869 2826 1983 2857 eodem
2009 2826 2135 2856 Joanne
2159 2827 2269 2857 nostro

101 2881 240 2914 fluxerit.
259 2881 359 2912 Porro
372 2878 429 2910 vix
445 2876 621 2909 erraverim
637 2885 676 2908 ex
693 2877 829 2908 Joannis
845 2875 1011 2916 Excerpiis
1030 2875 1190 2916 descripta
1207 2885 1275 2908 esse
1289 2877 1432 2907 statuens
1448 2882 1521 2913 quae
1539 2873 1687 2912 leguntur
1699 2881 1749 2912 ap.
1770 2871 1904 2904 suidam
1919 2883 1927 2904 :
1946 2874 2100 2912 Νουμᾶς
2124 2874 2152 2904 Π
2161 2873 2268 2913 ομπί-

98 2930 191 2965 λιος.
210 2929 328 2959 Τοῦτον
345 2927 375 2957 οἱ
388 2925 551 2966 Ῥωμαῖοι,
573 2924 627 2955 καὶ
647 2924 689 2964 μὴ
711 2923 872 2963 ἐπιδήμιον
892 2922 985 2962 ὄντα,
1010 2923 1217 2964 προεῧάλοντο
1243 2923 1320 2963 μετὰ
1337 2921 1407 2956 τοὺς
1424 2919 1658 2961 μεσοὸασιλεῖς,
1681 2920 1733 2950 καὶ
1751 2919 1836 2958 αὐτῷ
1855 2923 1960 2951 πᾶσαν
1976 2919 2032 2956 τὴν
2051 2920 2217 2959 ἡγεμονίαν
2234 2920 2269 2950 ἐκ

98 2975 368 3018 προδουλεύματος
392 2973 518 3004 ἔδοσαν.
536 2972 598 3003 Καὶ
614 2971 654 3002 τὰ
678 2970 824 3002 πολιτικὰ
840 2970 893 3007 ἔθη
911 2969 1000 3006 οὗτος
1016 2970 1211 3010 διῳκήσατο·
1229 2969 1368 3001 ἐνιαυτόν
1381 2979 1413 2999 τε
1436 2971 1556 3006 πρῶτος
1579 2967 1688 3007 εὕρατο
1701 2990 1710 3006 ,
1728 2967 1770 3002 εἰς
1793 2966 1917 2998 δώδεκα
1942 2971 2039 3008 μῆνας
2057 2968 2113 3004 τὴν
2137 2968 2267 3005 ἡλιακὴν

97 3023 287 3063 κατανείμας
313 3020 456 3060 περίοδον
469 3044 478 3059 ,
501 3020 598 3061 χύδην
619 3030 653 3050 τε
668 3019 722 3050 καὶ
747 3018 968 3055 ἀκατανοήτως
982 3017 1164 3049 παντάπασι
1181 3017 1240 3058 πρὸ
1256 3017 1351 3047 αὐτοῦ
1365 3014 1450 3055 παρὰ
1473 3013 1641 3054 Ῥωμαίοις
1657 3014 1824 3055 φερομένην
1836 3021 1846 3030 ·
1863 3013 1973 3054 ἱερά-τε
1989 3014 2042 3045 καὶ
2059 3014 2169 3053 τεμένη
2188 3015 2264 3052 ἱδρύ.

97 3082 177 3103 σατο
201 3071 255 3102 καὶ
275 3069 346 3106 τοὺς
361 3066 544 3108 λεγομένους
561 3066 748 3104 Ποντίφικας
760 3066 811 3097 καὶ
837 3065 1026 3105 Φλαμινίους
1041 3067 1104 3100 τοῖς
1121 3066 1251 3104 ἱερεῦσιν
1266 3063 1436 3099 ἐπέστησε·
1454 3061 1583 3096 Σαλίους
1598 3071 1633 3091 τε
1654 3060 1724 3096 τοὺς
1744 3060 1799 3098 τὴν
1822 3059 1952 3101 ὄρχησιν
1973 3060 2173 3097 ἀσκήσαντας
2188 3068 2194 3074 ·
2213 3057 2266 3092 τάς

97 3131 132 3151 τε
151 3117 318 3153 Ἑστιάδας
333 3117 501 3157 παρθένους
525 3119 581 3146 τοῦ
602 3114 697 3155 πυρὸς
718 3113 771 3145 καὶ
793 3113 904 3149 ὕδατος
921 3113 976 3150 τὴν
993 3112 1168 3153 ἐπιμέλειαν
1191 3110 1272 3150 ἔχειν
1300 3109 1483 3150 ἐπέτρεψεν·
1502 3108 1534 3138 αἳ
1550 3108 1605 3145 τήν
1632 3107 1686 3148 μὲν
1712 3106 1808 3148 ἄκραν
1824 3107 1916 3148 τιμὴν
1932 3107 2024 3148 παρὰ·
2041 3106 2207 3146 Ῥωμαίοις
2227 3107 2266 3137 εἷ-

98 3178 175 3208 χον,
203 3166 255 3197 διὰ
278 3165 348 3206 βίου
369 3164 402 3195 δὲ
423 3164 478 3200 τὴν
503 3162 668 3204 παρθενίαν
686 3161 884 3202 ἐφύλλαττον·
907 3159 966 3191 κᾶν
985 3170 1029 3195 τις
1052 3160 1154 3190 αὐτῶν
1167 3158 1325 3198 ἠνδρώθη,
1342 3155 1559 3195 κατεχώννυτο
1572 3162 1579 3170 ·
1603 3155 1656 3185 καὶ
1677 3154 1728 3185 διὰ
1747 3156 1839 3185 τοῦτο
1862 3154 1898 3185 οὐ
1922 3154 2008 3195 μύρῳ
2020 3177 2030 3194 ,
2047 3154 2105 3185 οὐκ
2126 3152 2262 3194 ἄνθεσιν,

98 3215 158 3256 οὐχ
179 3212 295 3254 ἱματίῳ
310 3211 444 3252 χρῆσθαι
462 3212 696 3251 συνεχωροῦντο
708 3233 717 3248 ,
734 3208 813 3245 πλὴν
834 3208 958 3238 λευκοῦ.
977 3207 1059 3238 Cum
1076 3205 1125 3238 his
1143 3205 1185 3236 cf.
1203 3204 1339 3236 Cedren.
1356 3212 1387 3243 p.
1406 3205 1479 3234 259.
1497 3220 1538 3227 —
1559 3199 1726 3242 νούμια]
1749 3200 1917 3241 νοννουμία
1939 3200 2013 3232 cod.

142 3263 194 3293 Fr.
213 3263 266 3291 35.
285 3259 407 3300 Σέρὸιος
423 3256 591 3297 Τούλλιος]
613 3256 736 3296 Σέρὸιος
754 3254 925 3294 Ταρκύνιος
947 3252 1062 3284 codex.
1999 3294 2005 3300 ·
2236 3291 2244 3299 ,

138 3310 191 3340 Fr.
209 3311 259 3339 36.
278 3305 397 3337 Eadem
413 3304 527 3337 suidas
543 3312 575 3335 v.
593 3303 762 3343 Ταρκύνιος
779 3301 969 3342 Σούπερὸος,
986 3298 1111 3331 omissis
1127 3297 1231 3329 verbis
1244 3296 1343 3334 δεσμά
1357 3307 1427 3328 τε...
1444 3295 1600 3337 ἐφευρών;
1623 3295 1678 3326 sed
1700 3294 1770 3326 haec
1789 3302 1918 3334 quoque
1933 3293 2062 3324 extubet
2078 3300 2104 3323 s.
2130 3300 2161 3322 v.
2186 3293 2259 3322 Σου-

97 3355 220 3397 περὸος.
243 3355 341 3384 Porro
357 3354 516 3383 Joannem
533 3350 686 3382 exscribit
708 3349 874 3381 cedrenus
888 3356 957 3388 pag.
984 3351 1056 3378 262.
1078 3363 1117 3368 —
1140 3343 1321 3385 πώποτε]
1339 3352 1405 3374 orn.
1432 3342 1557 3375 suidas.
1579 3359 1618 3364 -
1635 3341 1760 3382 δεσμά
1776 3351 1815 3371 τε
1834 3339 1938 3380 κτλ]
1957 3353 1973 3366 ιι
2000 3338 2119 3370 Eadem
2137 3346 2258 3368 memo-

99 3404 212 3433 rantur
228 3400 260 3431 in
278 3399 415 3431 Historia
431 3398 574 3429 miseena
592 3411 599 3429 ι
626 3398 694 3429 Iste
713 3396 925 3435 excoyitavic
949 3395 1082 3433 primus
1102 3391 1258 3430 vincula,
1284 3393 1447 3427 taureas,
1458 3387 1578 3429 fustes
1596 3390 1629 3419 et
1654 3387 1867 3425 lautumias,
1884 3384 2078 3424 compedes,
2098 3384 2257 3419 calenas,

67 3468 71 3471 <
99 3449 228 3488 exilia,
245 3446 408 3486 metalla,
427 3453 600 3480 carceres,
620 3452 694 3485 quae
707 3442 821 3475 iisdem
838 3450 930 3482 paene
951 3439 1056 3473 verbis
1068 3440 1218 3480 leguntur
1234 3438 1265 3471 in
1282 3437 1395 3471 Isidori
1413 3435 1615 3477 originibus,
1632 3434 1652 3466 1.
1673 3435 1715 3467 Ν
1730 3435 1885 3465 extremo.
1905 3445 1919 3460 υ
1945 3433 2115 3463 VAnEsws.
