2326 3724
67 247 139 280 inu

62 333 279 376 Κουητος,
303 331 342 365 in
361 329 617 366 Nicaeensibus
635 325 814 374 Κυητος.
835 349 886 356 -
901 329 1015 365 Initio
1037 328 1108 364 fra-

61 391 203 439 gmenti
215 417 224 435 ‚
237 391 307 426 nisi
327 397 508 438 corrupta
523 402 599 425 vox
613 389 851 439 παραχρῆμα,
871 388 1074 437 legendum
1095 399 1105 425 ε

61 448 102 487 τὸ
125 448 300 499 βασιλεῖον
318 448 354 485 ἐν
372 446 510 497 Ἔμέσῃ
531 446 700 493 ἐκάθητο,
718 445 779 483 καὶ
797 448 1020 498 παραχρῆμα
1037 442 1107 483 πἀ-

65 507 255 560 ραγίνεται.
279 510 335 544 De
348 520 389 544 re
406 507 453 544 cf.
471 507 638 545 Zonaras
649 507 748 551 XII,
773 510 835 551 24,
848 519 890 555 p.
913 506 985 542 601
1009 518 1018 541 ε
1035 505 1109 550 Τῆς

63 565 172 613 ἥττης
201 565 236 603 δὲ
255 567 324 603 τῶν
353 564 543 617 Μακρίνων
576 564 717 616 (patris
736 573 774 601 et
798 564 886 610 filii,
909 566 974 613 qui
994 563 1110 600 frater

64 632 146 661 crat
181 624 332 674 Quieti)
367 626 428 669 τῆς
456 622 548 660 κατὰ
580 621 750 660 Παιονίαν
785 620 971 671 συμὸάσης
1005 622 1015 672 (
1032 621 1107 658 262

62 697 104 733 p.
126 684 168 721 C.
183 683 196 734 )
213 678 436 733 ἀγγελθείσης
452 683 502 734 τῷ
520 680 657 733 Κυίντῳ
669 679 730 718 καὶ
745 681 796 732 τῷ
811 677 1009 730 Βαλλίστᾳ,
1024 678 1110 715 πολ-

63 743 123 779 λαὶ
135 743 204 779 τῶν
211 742 272 778 ὑπ’
290 739 414 783 αὐτοὺς
430 740 632 785 ἀπέστησαν
644 738 793 777 πόλεων.
811 739 858 776 Οἱ
872 737 903 774 δ’
920 739 957 775 ἐν
971 735 1110 788 'Ep-6620

65 800 195 851 διῆγον,
222 797 300 836 ἔνθα
321 797 633 852 [παρα]γενόμενος
652 800 670 835 ὁ
686 796 873 839 Ὠδέναθος
891 795 951 833 καὶ
968 794 1110 845 συμὸα-

63 857 134 896 λὼν
152 858 268 900 αὐτοῖς
280 863 378 910 νικᾷ,
398 857 459 894 καὶ
472 855 529 894 τὸν
545 855 607 906 μὲν
627 854 828 894 Βαλλίσταν
847 852 950 897 αὐτὸς
964 852 1112 905 ἀναιρεῖ,

64 916 123 954 τὸν
150 915 187 954 δὲ
214 916 362 954 Κόιντον
391 917 422 952 οἱ
443 917 504 962 τῆς
525 914 674 956 πόλεως.
705 914 798 963 -5
828 925 865 949 2.
901 911 1112 964 Καρῒνος]

70 993 87 1010 «ι
116 976 368 1013 Scribendum
401 983 477 1020 est,
512 986 598 1010 meo
622 973 786 1020 judicio,
822 973 1018 1008 Mac-rmus
1048 983 1114 1007 seu

65 1036 298 1079 Macrianus,
332 1046 411 1070 non
445 1034 624 1077 caninus,-
657 1031 764 1078 cujus
794 1038 988 1080 postrema
1015 1037 1113 1067 tem--

64 1107 162 1143 pora
184 1095 233 1131 ab
252 1094 439 1131 Odenathi
460 1094 573 1129 rebus
595 1092 747 1128 absunt.
772 1092 819 1127 Et
838 1098 940 1127 certe
962 1089 1114 1127 Odena-

66 1154 151 1189 thus
168 1165 415 1203 oppressurus
430 1159 512 1188 erat
526 1151 739 1187 Macrinum
751 1177 762 1195 ‚
780 1157 823 1185 ut
841 1151 894 1186 ait
909 1149 1116 1186 Trebellius

66 1225 102 1248 c.
131 1212 176 1248 18
188 1239 199 1257 ,
216 1212 289 1248 nisi
303 1212 364 1247 hic
379 1211 562 1246 maturius
575 1222 597 1245 e
609 1209 719 1256 Syria
728 1209 968 1245 discessisset.
988 1223 1005 1241 υ
1020 1208 1112 1244 MAI.

66 1271 178 1317 Quod
214 1270 304 1306 ferri
335 1269 482 1316 nequit.
520 1268 617 1303 Nam
652 1267 845 1304 Macrinus
875 1265 885 1317 (
900 1267 1118 1302 Macrianus

67 1325 258 1378 Trebell.)
286 1326 442 1375 ejusque
466 1325 566 1362 filius
590 1325 673 1372 jam
695 1324 736 1362 in
758 1325 1002 1374 expeditione
1020 1326 1119 1361 Pan—

67 1389 207 1424 nonica
240 1398 267 1423 a
300 1386 487 1422 militibus
523 1385 598 1421 suis
638 1383 826 1420 interfecti
863 1392 988 1430 erant,
1025 1391 1117 1420 teste

68 1449 237 1491 zonara,
259 1446 325 1493 qui
355 1445 500 1492 ubique
520 1456 607 1480 cum
636 1449 768 1479 nostro
798 1444 998 1479 consentit.
1026 1443 1118 1490 Quis

70 1506 182 1542 suerit
198 1507 265 1541 iste
288 1506 452 1542 Carinus
467 1504 608 1540 nescio.

280 1635 319 1671 9.
346 1619 619 1660 ΚΛΑΥΔῙΟΣ.
645 1619 745 1670 (269
763 1633 805 1670 p.
828 1618 899 1670 C.)

125 1746 153 1773 1.
174 1732 260 1772 ‘'O-tt
276 1734 345 1770 τῶν
360 1733 504 1771 Σκυθῶν
522 1730 580 1770 ἐπὶ
595 1732 774 1771 Κλαυδίου
789 1730 850 1774 τὰς
864 1729 1007 1777 Ἀθήνας
1024 1728 1117 1768 ἑλόν-

71 1808 140 1830 των
151 1792 212 1830 καὶ
222 1790 490 1840 συναγαγόντων
497 1789 613 1829 πάντα
621 1790 664 1828 τὰ
678 1789 822 1850 βιὸλία
810 1789 870 1827 καὶ
883 1790 1120 1842 βουληθέντων

70 1866 219 1897 καυσαι,
239 1850 344 1893 ἄλλος
361 1865 411 1893 τις
430 1851 466 1888 ἐν
483 1850 598 1893 αὐτοῖς
602 1849 776 1923 Ηφρόνιμος
789 1852 878 1886 εἶναι
895 1847 1118 1898 νομιζόμενος

71 1910 226 1948 ἐκώλυσε
244 1908 410 1959 λέγων,“
389 1924 442 1946 οτι
461 1907 540 1961 περὶ
560 1911 672 1946 ταῦτα
690 1909 721 1946 οἱ
739 1907 913 1957 ζΡωμαῖοι
933 1906 1120 1959 σχολάζον·-

70 1984 125 2012 τες
149 1966 303 2019 πολέμου
325 1968 508 2017 ἀμελοῦσι.
537 1968 651 2006 Τουτο
671 1965 706 2004 δὲ
727 1967 773 2009 ὣς
792 1965 934 2018 ἄπειρος
952 1969 1068 2004 εἶπεν·
1087 1967 1117 2004 εἰ

70 2026 138 2079 γὰρ
156 2027 233 2079 ῃδει
247 2026 309 2068 τὰς
322 2027 389 2062 τῶν
408 2025 597 2071 Ἀθηναίων
614 2024 674 2062 καὶ
695 2023 923 2075 Ρωμαίων’
903 2023 1049 2076 αρετὰς,
1066 2022 1117 2062 οἵ·

70 2101 158 2129 τινες
174 2087 208 2124 ἐν
225 2084 339 2136 λόγοις
352 2083 412 2122 καὶ
425 2085 459 2121 ἓν
474 2083 639 2134 πολέμοις
653 2082 871 2133 εὐδοκίμουν,
888 2084 952 2121 οὐκ
966 2082 1007 2121 ἂν
1020 2085 1122 2121 τοῦτο

72 2139 180 2184 εἶπεν.

125 2217 155 2242 2.
185 2202 269 2241 “On
289 2203 319 2240 οἱ
349 2200 483 2240 Σκύθαι
502 2200 587 2252 πρὸς
608 2199 686 2243 τοὺς
711 2201 745 2238 ἐν
765 2199 909 2238 πόλεσιν
939 2201 1121 2251 ἐγκεκλει-

74 2262 220 2313 σμένους
249 2260 495 2306 ἀπέσκωπτον,
517 2259 570 2297 ὅτι
590 2255 684 2297 οὗτοι
716 2257 1015 2312 οὖκγάνθρώπινον
1049 2259 1122 2311 βίον

74 2323 192 2367 ζῶσιν,
212 2319 289 2357 ἀλλ’
304 2319 446 2371 ὀρνίθων
465 2319 499 2355 ἐν
521 2319 659 2361 καλιαῖς
679 2318 726 2361 εἷς
745 2317 785 2355 τὸ
805 2317 888 2371 ὕψος
904 2318 1123 2367 καθημένων,

74 2379 135 2418 καὶ
157 2378 210 2417 ότι
227 2377 481 2420 καταλιπόντες
501 2375 565 2423 τὴν
588 2379 653 2428 γ’ἧν
680 2377 744 2423 τὴν
763 2377 956 2430 τρέφουσαν
977 2375 1120 2426 αὐτους,

76 2436 254 2489 ἀκάρπους
284 2435 402 2478 πόλεις
432 2433 671 2485 ἐπιλέγονται,
701 2450 761 2473 και
795 2434 849 2473 ὅτι
876 2435 947 2479 τοῖς
975 2435 1124 2503 ἀψύχοις

75 2497 239 2575 θαρρουσι
256 2493 430 2544 μᾶλλον”
408 2507 498 2544 ηπερ
516 2493 662 2536 ἑαυτοῖς.

129 2551 272 2592 t3.⁶Ort
291 2550 579 2594 Ἀνδοννόὸαλλός
601 2566 651 2594 τις
675 2555 736 2598 ἠν,
764 2550 801 2594 ὃς
827 2551 898 2589 ἀπὸ
919 2551 1120 2603 Ἐρούλλων

439 2683 475 2717 9.
490 2680 620 2718 CLAU
627 2680 755 2717 DIUS.

122 2769 151 2796 1.
173 2765 283 2801 Quum
296 2763 456 2802 Athenas,
469 2762 622 2802 regnante
634 2761 784 2801 Claudio,
797 2761 926 2802 scythae
939 2761 1128 2803 occupavis-

80 2815 162 2854 sent,
174 2813 435 2854 conquisitusque
444 2821 557 2845 omnes
567 2812 665 2844 libros
674 2813 846 2844 crematuri
857 2816 963 2845 essent
972 2836 982 2853 ,
996 2812 1128 2853 quidam

82 2867 163 2899 inter
175 2875 229 2899 eos
241 2867 429 2908 prudentior
442 2866 555 2898 ceteris
567 2865 725 2904 creditus,
743 2874 812 2898 rem
829 2865 980 2898 inhibuit.
995 2865 1130 2898 Dicebat

81 2920 166 2951 enim
177 2920 243 2951 sore
255 2921 292 2951 ut
306 2918 455 2958 Romani,
469 2918 548 2950 dum
565 2918 654 2950 libris
668 2919 918 2959 occuparentur,
933 2918 1055 2951 bellurn
1071 2927 1129 2950 ne-

82 2972 247 3011 gligerent.
267 2972 335 3003 Hoc
346 2971 456 3002 autem
469 2971 506 3002 ut
519 2969 608 3001 rudis
619 2969 702 3002 dixit
718 2979 726 3000 z
741 2978 816 3002 nam
829 2970 854 3002 si
870 2970 1013 3002 novisset
1027 2970 1128 3004 Athe·

82 3023 239 3055 niensium
256 3023 289 3054 et
301 3023 520 3053 Romanorum
536 3021 691 3062 virtutes,
703 3022 761 3062 qui
773 3022 874 3054 literis
885 3022 918 3054 et
927 3021 1024 3054 armis
1038 3026 1132 3063 aeque

83 3075 287 3114 claruerunt,
302 3074 386 3106 baud
399 3074 444 3106 ita
456 3075 539 3106 esset
555 3074 693 3106 locutus.

125 3133 155 3161 2.
170 3127 298 3168 Scythae
310 3127 440 3159 urbium
454 3127 573 3159 incolas
587 3127 782 3167 irridebant,
798 3128 886 3168 quod
902 3127 936 3160 hi
948 3137 1014 3161 non
1026 3129 1132 3162 homi·

84 3188 163 3212 num
178 3178 234 3211 sed
255 3179 367 3210 avium
383 3178 484 3210 vitam
500 3180 647 3218 agerent,
664 3187 739 3218 quae
755 3179 848 3212 nidos
861 3180 1043 3212 sublimiter
1061 3189 1132 3214 sus·

86 3239 200 3271 pensos
214 3229 378 3268 liabitant3
392 3230 425 3260 et
434 3229 520 3269 quod
532 3229 644 3262 altrice
660 3231 747 3262 terra
760 3231 891 3270 relicta,
905 3232 1029 3264 steriles
1037 3233 1134 3265 urbes

87 3283 318 3324 praroptarent,
345 3281 497 3323 quodque
521 3282 616 3314 rebus
638 3284 746 3323 potius
776 3284 925 3317 inanimis
954 3293 1054 3326 quam
1075 3285 1134 3318 sibi

87 3335 295 3366 confiderent.

130 3391 160 3419 3.
174 3386 435 3419 Andonnoballus
454 3387 585 3428 quidam
600 3388 641 3420 ab
656 3389 783 3421 Herulis
798 3388 836 3420 ad
853 3391 1011 3422 Romanos
1027 3392 1133 3423 trans-

90 3440 212 3481 fugiens
225 3441 312 3472 venit
330 3441 363 3473 in
373 3441 533 3481 colloquia
551 3448 627 3473 cum
643 3441 778 3482 Bibulo,
798 3443 1014 3475 Romanorum
1032 3443 1133 3484 impe-

1019 238 1264 279 ANONYMI

1167 325 1362 379 προσέφυγε
1383 323 1468 379 πρὸς
1487 324 1700 375 Ῥωμαίους.
1723 326 1794 365 Καὶ
1813 319 1916 374 ἦλθεν
1942 327 1990 371 εἷς
2009 327 2129 379 λόγους
2145 330 2210 368 Br-

1170 385 1285 438 δούλῳ
1313 386 1382 437 (τῷ
1405 385 1564 436 βασιλεῖ)
1583 387 1653 423 τῶν
1674 384 1879 435 Ῥωμαίων.
1911 385 2115 439 Προέτρεπε
2142 386 2212 438 γὰρ

1170 443 1273 480 αὐτὸν
1302 442 1420 480 δοῦναι
1440 442 1562 481 ἑαυτὸν
1581 445 1631 494 τῷ
1661 445 1810 496 βασιλεῖ.
1833 443 1879 483 ‘O
1899 443 1935 482 δὲ
1961 444 2079 483 ἐκάλει
2108 445 2214 483 αὐτὸν

1170 502 1291 539 δοῦλον
1302 499 1555 552 φιλοδεσπότην
1569 501 1628 539 καὶ
1645 501 1795 554 γαστρὸς
1807 500 1935 548 ἥττονα
1947 517 1955 526 ·
1973 501 2033 545 καὶ
2046 501 2099 540 ὅτι
2115 503 2212 540 ε’λευ·

1170 559 1285 611 θερίαν
1296 558 1354 596 διὰ
1366 558 1406 596 τὸ
1419 559 1540 611 φαγεῖν
1553 559 1613 597 καὶ
1632 559 1775 612 φορέσαι
1791 561 2047 613 [κάμφορῆσαι
2058 561 2097 612 ?]
2115 560 2215 599 ἀπώ-

1171 618 1285 656 λεσεν.
1309 616 1463 660 Ἐκεῖνος
1484 618 1521 654 δὲ
1547 617 1727 668 ἀντέλεγεν
1748 620 1843 672 αὐτῷ
1858 634 1866 642 ·
1887 635 1906 654 οι
1926 617 2021 669 Ἐγὼ
2041 618 2218 671 ἐλεύθερός

1171 677 1256 725 εἶμι·
1275 674 1418 728 καὶγὰρ
1436 675 1533 727 φίλος
1554 675 1725 727 βασιλέως
1742 676 1948 724 τηλικούτου
1967 677 2062 726 εἰμὶ,
2081 676 2142 715 καὶ
2157 677 2216 715 οὖ·-

1171 734 1228 772 δέν
1258 749 1318 784 μοι
1335 736 1404 773 τῶν
1425 735 1564 785 ἀγαθῶν
1589 734 1719 773 λείπει·
1749 735 1792 774 σὺ
1815 734 1853 775 δὲ
1879 735 1959 775 οὔτε
1979 737 2121 784 ἐσθῆτος
2139 733 2217 774 οὔτε
2239 762 2241 764 v

1172 794 1299 847 τροφῆς
1314 794 1484 845 εὐπορεῖς.
1510 810 1527 828 u

1225 865 1257 893 4.
1290 851 1376 892 ιὈτι
1393 850 1483 901 μετὰ
1497 851 1561 898 τὴν
1577 851 1674 899 νίκην
1689 854 1757 890 τῶν
1777 854 1920 892 Σκυθῶν
1943 851 2216 906 εὖφραινομένου

1173 914 1233 949 τοῦ
1257 909 1430 964 βασιλέως
1450 909 1511 948 καὶ
1532 912 1733 958 ἑστιῶντος,
1755 912 1912 958 εἰσῆλθεν
1931 910 2219 953 Ἀνδοννόὸαλλος

1175 968 1232 1006 ἐπὶ
1243 968 1384 1006 πάντων
1400 967 1461 1006 καὶ
1472 968 1580 1018 λέγει,
1594 965 1646 1005 ὅτι
1663 986 1679 1002 «
1693 968 1810 1020 Χάριν
1828 968 1918 1007 θέλω
1934 968 2011 1007 τινά
2026 984 2109 1008 ποτε
2122 967 2220 1021 παρὰ

1175 1031 1235 1066 σού
1263 1028 1462 1074 αἰτῆσαι.»
1483 1025 1556 1066 Καὶ
1576 1026 1720 1076 νομίσας
1750 1042 1841 1078 μεγα
1860 1027 1894 1065 τί
1922 1042 2007 1066 ποτε
2027 1030 2220 1076 αἰτεῖσθαι,

1181 1085 1368 1139 ἐπέτρεψεν
1389 1086 1486 1124 αὐτῶ
1506 1087 1690 1125 αἰτεῖσθαι.
1715 1085 1788 1126 Και
1809 1085 1906 1136 λέγει
1921 1085 2220 1126 Ἀνδοννόὸαλλος·

1177 1163 1193 1179 «
1212 1144 1278 1188 Δός
1295 1159 1354 1195 μοι
1369 1143 1452 1182 καλ
1441 1159 1476 1181 ,ν
1493 1147 1593 1191 οἶνον,
1612 1142 1670 1181 ἵνα
1690 1143 1831 1182 καλέσω
1849 1144 1984 1189 πάντας
2000 1143 2078 1188 τους
2097 1147 2157 1183 τοῦ
2170 1143 2223 1182 οἴ·
2251 1176 2253 1179 ,

1176 1219 1238 1242 κου
1253 1219 1319 1252 μου
1335 1202 1396 1242 καὶ
1413 1204 1592 1256 εὐφρανθῶ
1607 1202 1684 1252 μετ’
1700 1204 1825 1241 αυτῶν·
1841 1221 1858 1238 u
1875 1202 1947 1242 Καὶ
1959 1203 2140 1255 γελάσας“
2126 1219 2145 1242 ο
2160 1205 2224 1255 βα-

1178 1261 1293 1306 σιλευς
1312 1261 1490 1300 ἐκέλευσεν
1512 1262 1607 1314 αὐτῷ
1624 1262 1766 1309 δοθῆναι
1781 1277 1891 1300 οινον·
1910 1261 2058 1301 δέδωκεν
2075 1260 2112 1301 δὲ
2129 1263 2225 1300 αὐτῶ

1181 1337 1242 1360 και
1259 1322 1380 1375 ἑτέρας
1399 1319 1530 1364 πολλὰς
1548 1320 1691 1373 δωρεάς.

1229 1382 1254 1432 S
1282 1395 1316 1419 1.
1344 1382 1489 1418 Eadem
1507 1381 1640 1418 iisdem
1659 1394 1767 1430 paene
1795 1382 1920 1418 verbis
1939 1383 2107 1419 Zonaras
2124 1383 2223 1428 XII,

1180 1441 1228 1478 26
1234 1454 1300 1490 ,.p
1321 1439 1424 1477 605:
1445 1438 1671 1482 Ἐπελθόντες
1688 1438 1724 1477 δε
1738 1444 1813 1482 ταῖς
1825 1438 1982 1485 Ἀθήναις
1992 1434 2082 1478 εἷλον
2101 1438 2226 1483 αὐτάς·

1179 1513 1239 1536 και
1259 1496 1510 1548 συναγαγόντες
1524 1497 1641 1535 πάντα
1671 1498 1716 1535 τὰ
1733 1499 1768 1536 ἐν
1788 1513 1831 1550 τῃ
1852 1497 1953 1535 πόλει
1980 1496 2077 1549 βιὸ)
2066 1511 2119 1545 ια,
2135 1500 2227 1535 καῦ-

1180 1571 1240 1595 σαι
1258 1560 1370 1594 ταῦτα
1386 1555 1594 1603 ἠὸούλοντο.
1619 1549 1680 1598 Εἷς
1698 1555 1735 1593 δέ
1747 1571 1799 1601 τις
1817 1557 1884 1593 τῶν
1901 1557 2051 1594 συνετῶν
2063 1554 2147 1607 παρ’
2164 1555 2226 1593 αὖ·

1181 1616 1252 1659 τοῖς
1269 1613 1461 1653 δοκούντων
1475 1614 1615 1666 ἀπεῖρξε
1633 1630 1710 1658 τους
1728 1613 1920 1666 ὁμοφύλους
1935 1629 1997 1652 του
2016 1612 2226 1667 ἐγχειρημα·

1180 1689 1257 1722 τος,
1273 1674 1426 1727 φάμενος
1439 1676 1485 1717 ὡς
1503 1673 1584 1726 περὶ
1602 1677 1714 1711 ταῦτα
1733 1675 1764 1711 οἱ
1776 1656 1952 1719 υΕλληνες
1968 1672 2224 1725 ἀσχολούμενοι

1180 1734 1381 1783 πολεμικῶν
1404 1733 1592 1783 ἀμελοῦσιν
1614 1731 1722 1784 ἔργων
1742 1731 1802 1770 καὶ
1823 1730 1932 1775 οὕτως
1950 1731 2154 1784 εὖχείρωται
2172 1731 2229 1782 γί-

1182 1807 1311 1832 νονται.
1333 1792 1424 1842 -5
1451 1791 1487 1831 3.
1519 1790 1715 1844 Βιὸούλῳ
1734 1792 1792 1841 τῷ
1823 1791 2054 1842 βασιλεῖ.]
2089 1793 2230 1828 «Num

1186 1865 1259 1902 pro
1281 1851 1419 1889 Bibulo
1434 1852 1677 1888 scribendum
1693 1858 1748 1888 est
1765 1852 1912 1898 bajulus
1940 1851 2101 1900 (nempe
2118 1851 2230 1887 lecti—

1181 1913 1305 1948 carius
1319 1910 1330 1960 )
1346 1938 1357 1956 ,
1375 1913 1427 1948 ita
1439 1918 1482 1947 ut
1495 1923 1640 1960 graecus
1655 1918 1775 1946 textus
1789 1911 1974 1946 latinitate
1988 1911 2035 1946 sit
2049 1909 2229 1955 infectus;

1182 1971 1345 2007 Herulus
1364 1977 1491 2006 autem
1519 1970 1581 2006 ille
1607 1982 1686 2005 non
1712 1981 1798 2006 cum
1817 1969 1952 2005 Bibulo
1975 1969 2139 2015 Caesare,
2165 1968 2233 2004 sed

1183 2042 1271 2066 cum
1286 2028 1434 2066 Claudii
1446 2028 1598 2066 Gothici
1616 2028 1746 2075 bajulo
1762 2027 1965 2075 loquatur?
1980 2028 2098 2076 Atqui
2115 2029 2155 2063 in
2171 2040 2234 2063 co-

1184 2088 1277 2124 dicis
1296 2099 1451 2135 quoque
1469 2087 1639 2136 margine
1660 2087 1796 2122 lemma
1811 2087 2048 2122 rubricatum
2075 2093 2131 2123 est
2153 2084 2234 2136 περὶ

1187 2144 1354 2196 βιὸούλου
1371 2147 1431 2182 τοῦ
1453 2143 1638 2195 βασιλέως.
1661 2146 1794 2193 Neque
1815 2152 1943 2182 tamen
1958 2146 2096 2182 lemma
2111 2146 2233 2194 suspi-

1185 2206 1333 2241 cionem
1349 2205 1490 2240 erroris
1506 2204 1688 2240 excludit.
1713 2220 1728 2236 υ
1754 2204 1847 2240 Mn.
1869 2204 1924 2240 Ut
1941 2203 1990 2240 de
2007 2202 2136 2251 bajulo
2162 2216 2233 2240 co—

1184 2264 1320 2312 gitaret
1331 2290 1341 2308 ,
1359 2263 1522 2299 movisse
1532 2263 1677 2299 Maium
1690 2262 1842 2298 videtur
1856 2275 1931 2298 vox
1947 2260 2103 2313 φορέσαι,
2120 2275 2234 2311 quam

1186 2321 1300 2356 vertit
1328 2321 1545 2367 bajulando.
1575 2321 1690 2368 Quod
1719 2332 1799 2356 non
1826 2327 1882 2356 est
1911 2319 2126 2369 probabile
2158 2321 2236 2356 Aut

1185 2379 1300 2415 scrib.
1316 2379 1533 2430 ἔμφορῆσαι,
1547 2386 1613 2414 aut
1626 2378 1762 2415 eodem
1774 2390 1885 2414 sensu
1900 2378 2088 2414 barbarus
2102 2385 2236 2414 noster

1183 2450 1275 2473 usui
1276 2439 1385 2486 pavit
1395 2450 1531 2474 vocem
1545 2434 1701 2489 φορέσαι.
1717 2437 1795 2475 For
1799 2443 1893 2473 tasse
1907 2437 1978 2472 fuit
1995 2429 2096 2482 ηλθεν
2109 2436 2157 2478 εἷς
2175 2434 2230 2472 λό·

1184 2510 1262 2545 γους
1285 2494 1439 2547 εὐνούχῳ
1461 2497 1520 2532 vel
1548 2494 1660 2533 δούλω
1682 2496 1743 2532 vel
1760 2493 1931 2547 τριὸούνῳ
1949 2493 2016 2532 τινὶ
2046 2492 2236 2546 βασιλέως,

1185 2555 1247 2590 vel
1262 2551 1424 2606 Βιὸούλῳ
1443 2555 1492 2605 τῷ
1513 2552 1551 2570 *¹*
1569 2556 1630 2591 τοῦ
1647 2553 1831 2605 βασιλέως.

1188 2663 1328 2703 ratoris(
1341 2663 1532 2704 ministro),
1549 2666 1605 2706 qui
1621 2665 1812 2697 hortabatur
1826 2664 1918 2696 illum
1942 2666 1980 2696 ut
2002 2664 2187 2705 imperatori
2203 2672 2239 2696 se

1185 2715 1338 2747 traderet.
1349 2716 1390 2748 At
1402 2718 1430 2747 is
1444 2717 1558 2748 contra
1569 2717 1751 2757 appellabat
1764 2715 1913 2748 Bibulum
1921 2715 2028 2748 servili
2037 2715 2145 2748 animo
2158 2724 2237 2757 proe·

1186 2766 1292 2798 ditum
1307 2767 1474 2807 ventrique
1489 2767 1633 2799 deditum
1644 2791 1653 2806 ,
1675 2768 1731 2808 qui
1744 2768 1897 2800 nimirum
1917 2767 2100 2800 libertatem
2113 2767 2239 2800 edendo

1187 2818 1220 2850 et
1244 2818 1464 2859 ingurgitando
1489 2818 1656 2851 amisisset.
1681 2819 1738 2850 llle
1770 2827 1847 2850 vero
1873 2818 2036 2859 respondit
2064 2830 2109 2851 a:
2133 2820 2239 2851 Immo

1188 2877 1246 2910 ego
1261 2877 1334 2901 sum
1360 2869 1458 2908 liber;
1485 2877 1560 2901 nam
1585 2870 1677 2901 tanto
1696 2869 1831 2910 principi
1856 2877 1951 2902 carus
1972 2878 2064 2910 sum,
2085 2869 2240 2910 nullaque

1189 2929 1224 2953 re
1239 2921 1325 2953 hona
1340 2920 1495 2953 destituor
1504 2932 1515 2961 ;
1530 2920 1590 2952 tibi
1611 2928 1689 2953 vero
1715 2928 1822 2961 neque
1839 2921 1935 2954 vestis
1951 2928 2058 2962 neque
2074 2920 2138 2952 cibi
2156 2921 2237 2953 atia-

1188 2972 1250 3004 tim
1260 2973 1318 3004 est.
1331 2983 1349 3000 ιο

1230 3026 1262 3057 4.
1278 3023 1354 3056 Post
1371 3023 1539 3056 victoriam
1557 3023 1598 3056 de
1610 3023 1736 3064 Scythis
1749 3023 1883 3055 relatam
1896 3023 1975 3055 dum
1989 3023 2164 3064 imperator
2181 3023 2238 3056 lae-

1189 3076 1270 3109 titiae
1287 3075 1432 3116 indulget
1455 3076 1489 3108 et
1501 3075 1704 3114 convivatur,
1724 3074 1884 3115 ingressus
1899 3076 1948 3107 est
1963 3083 2073 3107 coram
2088 3075 2240 3107 omnibus

1191 3127 1454 3160 Andonnoballus
1465 3151 1475 3167 ,
1493 3127 1602 3168 aitque
1617 3125 1699 3158 velle
1714 3134 1748 3158 se
1770 3125 1961 3158 beneficium
1976 3126 2018 3158 ab
2042 3126 2098 3158 illo
2114 3127 2235 3167 petere.

1191 3180 1369 3220 Imperator
1381 3178 1569 3211 existimans
1589 3186 1740 3218 magnum
1752 3178 1885 3210 fortasse
1903 3177 2023 3218 aliquid
2039 3177 2218 3218 petiturum
2228 3202 2238 3218 ‚

1191 3232 1398 3266 nibilominus
1414 3231 1546 3263 indulsit
1558 3231 1606 3271 ei,
1633 3232 1670 3262 ut
1686 3231 1820 3271 peteret.
1848 3232 1934 3263 Tum
1952 3230 2237 3269 Andonnoballus,

1194 3299 1211 3314 «ι
1226 3287 1272 3318 Da
1285 3285 1382 3324 milii,
1405 3284 1528 3325 inquit,
1549 3285 1662 3315 vinum
1692 3283 1870 3324 optimum,
1896 3283 1945 3321 ut,
1961 3282 2146 3314 necessariis
2160 3283 2242 3314 meis

1192 3338 1343 3371 omnibus
1359 3337 1556 3374 convocatis,
1573 3344 1639 3368 una
1657 3335 1810 3368 oblecter.
1825 3348 1840 3363 υ
1858 3334 1974 3367 Ridens
1992 3334 2242 3375 imperator-jus-

1193 3390 1234 3422 sit
1244 3391 1272 3423 εὶ
1289 3391 1397 3423 vinum
1414 3388 1627 3430 suppeditari,
1646 3388 1717 3420 tum
1731 3388 1762 3419 et
1773 3387 1910 3419 aliorum
1929 3394 2100 3419 munerum
2113 3386 2238 3426 copiam

1195 3443 1325 3476 addidit.
