2326 3724
978 204 1310 247 FRAGMENTA.

58 301 112 342 σοί
123 301 161 341 τέ
175 302 242 339 εἶσι
254 299 313 338 καὶ
327 298 511 347 ὁμόσκευοι
526 296 623 345 ἡμῖν,
635 291 694 331 καὶ
705 290 808 343 ὁμοία
822 291 978 343 χρῶνται
990 288 1096 340 στολῇ

56 361 115 399 καὶ
143 358 276 410 διαίτῃ,
301 357 378 395 ἀλλ’
395 354 448 394 ὅτι
466 353 525 392 καὶ
547 355 720 403 συγγενεῖς
743 349 804 389 καὶ
826 347 938 400 (κᾶνὶ’
957 348 1067 385 Nieb.
1086 347 1096 396 )

58 418 183 472 ἑτέροις
204 416 274 455 τισὶ
295 414 487 467 τετάχαται
505 410 687 464 ἡγεμόσιν.
710 408 838 459 ’Όμως
855 408 884 445 δ’
909 410 966 445 οὖν
986 406 997 456 (
1011 406 1097 444 'lou

57 475 225 519 στινιανὸς
251 474 314 526 μὲν
342 472 409 525 γὰρ
437 473 456 509 ὁ
485 470 530 508 τὰ
551 468 667 507 τοιάδε
697 463 1008 518 ἐγκελευσάμενος)
1040 461 1100 500 καὶ

5 563 6 566 =
58 534 182 574 αὖτίκα
193 533 254 580 τὴν
268 531 376 570 ἵππον
392 529 470 573 τους
486 525 738 580 Κοτριγούρους
753 524 962 578 ἀφελόμενος
975 523 1100 560 οἰκεῖον

57 592 249 644 ποιήσομαι
269 593 410 640 κτῆμα,
427 591 472 632 ὡς
488 587 530 626 ἂν
552 585 602 637 μὴ
625 585 736 637 ἔχοιεν
757 583 825 634 ὅτῳ
842 582 1027 636 ὀχούμενοι
1047 580 1100 618 σί

58 666 168 690 νοιντο
182 651 259 694 τους
277 647 489 699 Ρωμαίους.
507 664 522 680 n
544 646 602 685 Cf.
622 645 867 694 Agathiasv,
889 646 951 685 24.
972 640 1035 679 25.

429 736 467 775 4-
490 727 646 780 (5581)·
664 725 731 776 C)

109 817 202 853 Exc.
222 817 277 851 De
307 814 382 862 leg.
412 819 514 861 gent.
535 824 576 860 p.
607 823 657 860 99
679 811 764 845 Par.
796 805 963 860 ;[Περ“ι
987 805 1102 845 Ἀδά-

61 888 153 926 ρων.
168 873 182 924 ]
203 871 270 915 “Ως
293 868 408 908 πολλὰ
430 867 740 921 περινοστήσαντες
762 870 847 912 ἡκον
865 866 898 908 ἐς
917 863 1100 911 Ἀλανους,

59 931 119 970 καὶ
137 930 250 970 ἱκέται
272 930 425 1002 ἐγένοντο
443 926 626 980 Σαρωσίου
642 929 702 964 τοῦ
719 925 872 964 Ἀλανῶν
889 925 1102 975 ἡγουμένου,

58 992 105 1034 ὡς
129 991 171 1028 ἂν
192 990 235 1027 δι’
265 990 368 1026 αὐτοῦ
388 986 557 1039 γνώριμοι
577 984 710 1023 ἔσοιντο
729 983 932 1034 Ῥωμαίοις.
989 982 1034 1022 ‘O
1067 983 1102 1021 δὲ

60 1048 237 1100 Ἰουστίνω
254 1049 302 1099 τῷ
316 1049 519 1120 Γερμανοῧ,
538 1045 615 1082 κατ’
634 1044 742 1082 ἐκεῖνο
756 1046 876 1094 καιροῦ
894 1058 962 1080 των
976 1043 1010 1079 ἐν
1028 1045 1103 1081 Λα-

62 1110 139 1161 ζικῇ
156 1085 302 1145 κατάλό
292 1121 361 1156 γων
383 1103 622 1155 ἐξηγουμένω,
651 1105 719 1140 τῶν
736 1101 894 1153 Ἀδάρων
915 1101 995 1154 πέρι
1020 1101 1104 1148 ἐδη-

60 1168 185 1213 λωσεν,
205 1168 222 1203 ὁ
242 1163 279 1203 δὲ
310 1164 492 1206 Ἰουστῖνος
511 1162 626 1200 ’τΙουσ
631 1177 748 1213 ινιανῳ
775 1161 926 1212 βασιλεῖ.
960 1160 1031 1200 Καὶ
1063 1160 1104 1206 δὴ

62 1222 307 1262 ἐνεκελεύσατο
327 1224 345 1259 ὁ
367 1220 528 1273 βασιλευς
547 1223 597 1258 τῶ
615 1215 800 1272 στρατηγώ
818 1218 1006 1256 στέλλειν
993 1235 1024 1262 ες
1040 1220 1108 1258 Βυ-

63 1282 196 1328 ζάντιον
220 1280 282 1326 τὴν
311 1279 499 1332 πρεσὸείαν
519 1282 579 1317 τοῦ
611 1278 736 1320 ἔθνους,
774 1277 846 1317 Και
878 1281 936 1315 οὖν
967 1278 1107 1329 Κανδιχ

62 1339 173 1390 ὄνομά
186 1355 236 1383 τις
252 1338 358 1392 ᾑρέθη
374 1337 670 1389 πρεσὸευσόμενος
685 1335 771 1389 υπὲρ
789 1335 947 1388 Ἀδάρων
957 1338 1105 1388 πρῶτος,

63 1398 99 1443 ὃς
125 1398 333 1452 ἐσφοιτήσας
351 1396 443 1434 ἔλεῗε
465 1397 514 1448 τῷ
546 1394 796 1447 αὐτοκράτορι,
829 1397 875 1438 ὥς
899 1394 1048 1447 πάρεστι
1067 1395 1106 1433 τὸ

64 1457 227 1508 μέγιστόν
238 1471 278 1509 τε
293 1454 354 1493 καὶ
368 1453 611 1504 ἀλκιμώτατον
629 1456 696 1491 τῶν
718 1455 834 1500 ἐθνῶν,
854 1453 914 1491 καὶ
930 1455 976 1497 ὡς
991 1453 1031 1492 τὸ
1048 1457 1109 1506 φῦ-

63 1517 122 1554 λον
142 1517 173 1553 οἱ
197 1513 343 1567 Ἄδαροι
361 1512 634 1565 ἀκαταμάχητοί
653 1511 690 1550 τέ
713 1514 778 1550 εἶσι
798 1511 857 1549 καὶ
879 1512 918 1550 τὸ
947 1514 1106 1550 ἀντιστα-

64 1578 143 1613 τοῧν
162 1568 264 1612 οἷοίτε
283 1571 406 1627 ῥαδίως
427 1571 636 1609 ἀπώσασθαί
652 1586 689 1609 τε
716 1570 775 1608 καὶ
799 1571 1026 1623 διαφθείρειν,
1047 1571 1108 1610 καὶ

65 1634 112 1676 ὡς
126 1630 301 1684 προσῆκόν
323 1632 397 1668 ἐστι
413 1632 463 1682 τῷ
484 1631 620 1682 βασιλεῖ
644 1630 676 1672 ἐς
695 1629 890 1680 ὁμαιχμίαν
908 1635 996 1681 σφᾶς
1015 1632 1108 1668 ἑται-

67 1691 244 1745 ρίσασθαι,
270 1688 483 1741 ἀλεξητῆράς
510 1704 547 1727 τε
567 1688 658 1740 ἔχειν
681 1688 853 1739 ἀγαθοὺς,
884 1688 946 1726 καὶ
973 1691 1019 1732 ὡς
1045 1691 1108 1728 οὐκ

67 1750 180 1792 ἄλλως
193 1747 413 1787 εὐνούστατοι
429 1745 566 1785 ἔσονται
581 1750 622 1799 τῇ
639 1746 822 1798 Ῥωμαϊκῇ
837 1747 1027 1799 πολιτείᾳῆ
1042 1748 1108 1786 δώ·

68 1823 136 1862 ροις
152 1810 184 1852 ἐς
199 1807 243 1846 τὰ
266 1806 419 1858 μάλιστα
439 1805 662 1857 τιμιωτάτοις
682 1805 742 1844 καὶ
761 1806 941 1858 χρήμασιν
959 1806 1109 1853 ἐτησίοις

66 1867 125 1906 καὶ
145 1870 207 1918 γῆς
234 1864 474 1919 εὖφορωτάτης
493 1864 640 1912 οἰκήσει.
666 1866 790 1904 Ταῦτα
810 1867 860 1917 τῷ
881 1866 1110 1919 αὐτοκράτορι

67 1925 186 1972 ἐπειδὴ
208 1925 366 1976 ἤγγειλεν
387 1926 405 1962 ὁ
425 1924 582 1976 Κανδὶχ,
601 1924 728 1962 αὐτίκα
747 1947 800 1953 —
815 1926 853 1962 οὐ
873 1923 940 1977 γὰρ
964 1925 1110 1977 ἐσφρίγα

69 1986 100 2022 οἱ
119 1984 159 2022 τὸ
185 1986 312 2032 σῶμα,
340 1981 418 2021 οὐδὲ
447 1982 603 2032 ἤκμαζεν
633 1982 787 2031 ἡάλκὴ,
818 1981 937 2035 ὥσπερ
966 1983 1110 2034 ἀμέλει,

2122 204 2195 238 203

1159 283 1263 331 ἡνίκα
1290 285 1318 323 Γ
1321 281 1464 334 ελιμερα
1493 296 1531 319 τε
1554 295 1612 318 τον
1644 279 1823 326 Βάνδηλον
1853 279 1912 317 καὶ
1932 278 2110 329 Οὖίττιγιν
2142 277 2200 315 τὸν

1162 342 1290 383 Ῑότθον
1318 340 1430 400 ἄμφω
1446 339 1496 377 ἔτι
1516 338 1643 382 νεάζων
1664 338 1758 376 ἔθετο
1779 337 2016 389 δορυάλωτον·
2035 338 2111 374 ἀλλ’
2132 336 2202 383 ἤδη

1161 399 1331 454 γηραλέος
1349 412 1390 437 τε
1409 402 1463 446 ἠν,
1490 413 1552 436 και
1570 396 1610 434 τὸ
1640 397 1794 468 ἀνδρεῐρν
1823 396 1933 432 ἐκεῖνο
1952 393 2114 447 φρόνημα
2142 393 2203 432 καὶ

1162 459 1394 514 φιλοπόλεμον
1424 454 1694 507 μετεὸέὸλητο’
1680 470 1712 498 ες
1735 453 1774 491 τὸ
1804 452 2049 506 ῥαθυμότερον.
2076 455 2202 491 Ἰαυτα

1164 518 1252 570 ἔγνω
1272 515 1378 569 ἑτέρῳ
1400 515 1518 569 τρόπῳ
1546 513 1606 552 καὶ
1626 512 1705 565 οὐχι
1730 510 1874 564 πολέμῳ
1892 509 1955 557 τὴν
1987 508 2203 562 βαρὸοιρικὴν

1164 574 1480 628 ἀποκρούσασθαι
1462 572 1622 622 ούναμιν.
1646 571 1716 611 Καὶ
1729 568 1994 621 κατηγωνίσατο
2009 567 2050 606 ἂν
2067 567 2127 605 καὶ
2147 566 2206 618 ἄρ-

1164 636 1225 681 δην
1244 633 1426 687 ἠφάνισεν,
1449 633 1478 670 εἷ
1497 647 1558 670 και
1575 630 1624 681 μὴ
1644 628 1811 681 πολέμῳ,
1832 628 1909 666 ἀλλ’
1930 642 1988 665 ουν
2017 624 2180 676 εὖὸουλίᾳ
2193 655 2204 672 ,

1165 693 1195 732 εἴ
1213 709 1252 745 γε
1274 692 1323 741 μὴ
1343 708 1392 729 τι)
1412 689 1624 745 ὀφειλομένῳ
1643 688 1735 727 τέλει
1760 686 1940 759 πρότερον
1954 683 2125 737 ἠφανίσθη
2143 686 2205 720 αὖ·

1164 753 1244 796 τός·
1277 753 1315 790 06
1312 750 1405 813 a''thp
1427 751 1574 802 πολλω
1566 748 1706 800 ύστερον
1727 746 1838 800 ὤχετο
1866 747 1993 784 ἐκεῖσε
2026 742 2130 782 Ἐπει
2149 745 2206 780 οὖν

1164 811 1291 858 ἥκιστα
1309 814 1351 858 ἣν
1371 804 1484 848 οἱόστε
1504 808 1696 860 περιεῖναι,
1717 805 1778 853 τὴν
1810 803 1929 857 ἑτέραν
1951 802 2132 854 ἐτράπετο.
2151 804 2208 838 De

1166 873 1395 919 Jusdniano,
1409 877 1516 906 aetate
1526 870 1823 917 mgravescente,
1836 866 2026 908 molliore,
2043 870 2080 898 et
2099 861 2209 898 do'nis

1166 930 1339 978 dolisque
1355 929 1484 978 potius
1501 939 1616 976 quam
1634 926 1748 962 armis
1765 923 1893 961 hostes
1913 922 2115 959 cohibente
2127 947 2137 965 ,
2159 920 2211 956 cf.

1166 989 1345 1037 Agathias
1360 990 1406 1032 V,
1429 992 1489 1031 14.

1220 1110 1367 1146 Ibidem
1379 1122 1420 1158 p.
1444 1121 1542 1145 100:
1558 1105 1644 1145 “Ort
1660 1102 1909 1156 δημηγορήσας
1925 1103 1942 1139 ὁ
1962 1098 2134 1153 βασιλευς,
2149 1102 2209 1136 τοῦ

1167 1183 1204 1205 τε
1223 1170 1316 1220 ἱεροῦ
1338 1165 1502 1217 ξυλλόγου
1522 1165 1561 1203 τὸ
1582 1165 1744 1216 ἀγγινουν
1772 1178 1809 1200 τε
1830 1163 1889 1200 καὶ
1909 1162 1992 1212 βουλ
1995 1174 2128 1197 ευτικον
2149 1174 2209 1195 του

1171 1225 1338 1278 βασιλέως
1379 1224 1645 1269 ἐπαινέσαντος,
1684 1223 1908 1274 παραχρῆμα
1954 1218 1999 1256 τά
2041 1233 2079 1256 τε
2117 1217 2211 1268 δωρα

1169 1285 1307 1326 ἔστελλε
1318 1284 1457 1336 ,σειράς
1473 1298 1509 1320 τε
1524 1297 1646 1335 χρυσω
1665 1277 1995 1328 διαπεποικιλμένας
2007 1276 2066 1316 καὶ
2082 1276 2210 1322 κλίνας,

1170 1343 1315 1390 ἐσθητάς
1343 1358 1380 1380 τε
1401 1340 1545 1394 σηρικὰς
1567 1341 1628 1379 καὶ
1649 1339 1749 1391 ἕτερα
1769 1339 1916 1377 πλεῖστα
1941 1337 2213 1387 ἐκμαλθακῶσαι

1169 1396 1303 1440 eicite*
1283 1417 1368 1440 οντα
1395 1400 1595 1445 ἀλαζονείας
1616 1399 1774 1436 ἀνάπλεα
1794 1395 2023 1456 φρονήματα,
2043 1393 2127 1446 πρὸς
2144 1399 2214 1437 τοῖς

1170 1460 1229 1498 καὶ
1249 1458 1550 1511 πρεσὸευσόμενον
1570 1459 1777 1496 Βαλεντῖνον
1800 1457 1873 1508 (εἷς
1891 1453 1931 1500 δὴ
1947 1457 2042 1496 οὗτος
2061 1455 2129 1490 τῶν
2149 1455 2213 1504 βα-

1170 1519 1310 1556 σιλικῶν
1332 1516 1651 1590 μαχαιροφόρων)·
1682 1514 1742 1553 καὶ
1772 1513 2010 1566 προύτρέπετο
2040 1510 2080 1549 τὸ
2108 1510 2213 1563 φῦλον
2240 1542 2244 1547 .

1169 1575 1365 1629 ὁμαιχμίαν
1385 1576 1522 1627 ἐσάγειν
1537 1573 1729 1624 Ῥωμαίοις
1749 1588 1808 1610 και
1825 1570 1916 1610 κατὰ
1932 1573 2000 1608 τῶν
2015 1569 2214 1607 ἀντιπάλων

1170 1635 1398 1687 ὁπλίζεσθαι,
1437 1633 1699 1687 ἐμφρονέστατα
1742 1635 1842 1682 οἶμαι
1885 1627 2216 1682 προμηθευσάμενος

1171 1696 1188 1732 ὁ
1189 1693 1340 1766 rsswoffi
1330 1710 1386 1741 υς,
1404 1696 1449 1736 ὡς
1468 1692 1490 1740 ἢ
1509 1694 1669 1735 νικῶντες
1685 1693 1715 1730 οι
1732 1687 1913 1742 Αῧαροι
1895 1705 1917 1735 η
1943 1688 2002 1726 καὶ
2018 1686 2216 1736 ἡσσώμενοι

1172 1752 1205 1797 ἐξ
1222 1754 1349 1806 ἀμφοῖν
1367 1753 1532 1804 περιθωσι
1553 1750 1744 1801 Ῥωμαίοις
1759 1748 1798 1787 τὸ
1815 1753 1984 1786 συνοῖσον.
1998 1748 2071 1785 Γ
2033 1761 2071 1784 ου
2092 1743 2127 1783 δὲ
2143 1747 2216 1783 Βα

1171 1811 1350 1849 λεντίνου’
1336 1816 1446 1849 εκεῖσε
1459 1809 1669 1863 ἀφικομένου
1683 1824 1742 1846 και
1758 1806 1802 1846 τὰ
1818 1808 1914 1858 δῶρα
1930 1803 2216 1858 παρασχομένου,

1173 1869 1232 1907 καὶ
1261 1868 1360 1907 ὅσα’
1346 1869 1518 1919 εσήμηνεν
1544 1871 1561 1906 ὁ
1590 1866 1752 1920 βασιλευς
1771 1865 1976 1912 ἐξειπόντος,
1995 1866 2131 1915 πρῶτον
2155 1860 2217 1912 μὲν

1173 1927 1476 1978 ἐξεπολεμήθησαν
1506 1926 1746 1978 Οὖτιγούροις,
1777 1928 1851 1962 εἶτα
1882 1922 2028 1972 Ζάλοις,
2057 1922 2218 1972 Οὖννικω

1175 1985 1292 2038 φύλῳ·
1312 1989 1370 2024 καὶ
1391 1985 1582 2038 Σαὸείρους
1601 1984 1636 2023 δε
1655 1985 1827 2022 καθεῖλον.

71 2108 87 2122 «
99 2097 179 2128 Nam
192 2103 257 2126 non
270 2093 373 2125 solum
383 2117 392 2131 ,
406 2092 528 2133 inquit,
543 2093 587 2124 illi
601 2092 712 2124 eadem
723 2092 891 2124 nobiscum
902 2093 1009 2133 lingua
1019 2096 1051 2126 et
1064 2095 1114 2125 vi-

70 2145 167 2178 vendi
193 2146 315 2177 ratione
332 2146 480 2183 utuntur,
494 2144 547 2176 sed
561 2145 656 2176 etiam
671 2146 745 2175 sunt
761 2145 859 2175 nostri
873 2146 1114 2186 consanguinei,

70 2197 216 2238 quamvis
232 2196 303 2228 aliis
323 2195 460 2227 ducibus
486 2197 626 2236 pareant.
652 2196 866 2228 Nihilominus
886 2196 1116 2236 (Justinianus

70 2249 155 2281 enim
190 2249 251 2280 hoc
275 2247 469 2288 imperavit)
499 2256 610 2279 omnes
650 2247 893 2288 Coti-igurorum
920 2257 1021 2288 equos
1054 2249 1116 2281 illis

70 2300 236 2341 ademptos
251 2300 378 2331 nostros
397 2298 568 2338 faciemus,
585 2307 626 2330 ne
645 2298 798 2340 habeant,
813 2307 878 2340 quo
894 2299 978 2331 vecti
992 2301 1024 2332 et
1039 2300 1115 2332 insi-

71 2353 181 2385 dentes
195 2352 344 2385 Romanis
359 2352 495 2393 amplius
511 2352 659 2384 noceant.
681 2365 698 2380 ι»

113 2465 231 2495 Avares
245 2471 345 2503 quum
357 2461 410 2493 diu
419 2462 619 2502 multumque
631 2461 743 2494 incerti
753 2463 922 2502 errassent,
933 2462 1063 2495 tandem
1077 2462 1117 2495 ad

72 2514 189 2547 Alanos
213 2515 432 2552 accesserunt,
454 2515 486 2545 et
507 2514 687 2553 Sarosium,
708 2523 819 2545 eorum
834 2514 970 2554 ducem,
995 2515 1117 2556 suppli-

72 2565 151 2597 citer
159 2567 305 2604 orarunt,
316 2567 353 2597 ut
366 2574 422 2605 per
434 2574 508 2597 eum
522 2565 553 2596 in
567 2565 716 2597 notitiam
730 2567 762 2598 et
772 2566 945 2598 amicitiam
960 2569 1117 2598 Romano·

75 2623 147 2651 ru'm
163 2620 319 2652 venirent.
333 2621 364 2651 Is
378 2619 520 2658 Justin0‚
537 2621 685 2651 Germani
700 2620 765 2651 filio
777 2644 786 2660 ,
804 2620 859 2660 qui
878 2621 956 2652 tunc
968 2621 1119 2661 temporis

75 2672 246 2711 militibus,
271 2671 324 2712 qui
345 2671 378 2702 in
398 2672 512 2703 Lazica
529 2671 560 2702 in
584 2671 739 2711 praesidiis
752 2673 862 2711 erant,
877 2674 1030 2711 praeerat,
1048 2680 1118 2703 eam

73 2732 139 2755 rein
154 2723 331 2762 nuntiavit,
348 2724 381 2754 et
404 2722 550 2755 Justinus
562 2723 602 2754 ad
621 2723 835 2754 Justinianum
864 2723 990 2762 retulit,
1004 2724 1057 2764 qui
1075 2724 1119 2755 illi

74 2774 258 2814 mandavit,
285 2775 320 2805 ut
337 2773 405 2814 ejus
431 2774 531 2814 gentis
552 2774 672 2814 legatos
688 2773 727 2805 ad
747 2783 780 2806 se
806 2775 995 2815 Byzantium
1018 2776 1118 2806 trans-

75 2826 226 2858 mitteret.
255 2826 382 2858 Electus
409 2834 484 2857 vero
513 2825 574 2857 suit
598 2826 638 2857 ab
657 2835 695 2858 ea
717 2827 808 2866 gente
824 2826 955 2867 quidam
974 2826 1120 2858 Candich

74 2878 221 2921 nomine,
236 2877 292 2918 qui
305 2886 407 2918 quum
425 2878 545 2917 primus
555 2877 676 2918 legatus
685 2877 724 2909 ad
735 2878 958 2918 imperatorem
970 2879 1118 2919 venisset,

36 2960 38 2962 ,
75 2930 177 2970 dixit,
202 2930 311 2962 adesse
332 2932 457 2971 gentem
480 2931 625 2962 omnium
646 2931 821 2962 maximam
840 2932 872 2963 et
895 2931 1118 2970 fortissimam,

75 2983 212 3022 Avares,
223 2990 322 3022 genus
334 2982 500 3014 hominum
514 2982 668 3014 invictum
679 3006 688 3022 ,
702 2982 757 3023 qui
768 2991 879 3014 omnes
902 2983 1006 3014 hostes
1023 2983 1119 3023 repel-

75 3032 141 3066 lere
156 3033 342 3065 etsunditus
351 3033 553 3072 exstinguere
569 3034 708 3074 possent.
723 3035 927 3073 Imperatoris
941 3033 1120 3065 rationibus

76 3085 169 3117 valde
178 3085 356 3117 conducere
366 3094 440 3117 cum
451 3086 496 3118 eis
506 3094 669 3117 armorum
682 3086 867 3118 societatem
880 3087 982 3118 faeere
992 3087 1023 3117 et
1032 3086 1120 3117 auxi-

75 3135 181 3168 liarios
202 3137 340 3177 optimos
358 3136 417 3168 sibi
442 3136 634 3177 adsciscere,
654 3137 709 3177 qui
722 3139 830 3169 tamen
843 3146 908 3168 non
933 3137 994 3168 alia
1009 3137 1120 3168 condi-

74 3188 163 3221 tione
178 3191 322 3221 Romano
339 3189 472 3230 imperio
490 3190 664 3230 servirent,
680 3199 777 3230 quam
794 3189 820 3222 si
844 3190 935 3221 donis
953 3189 1099 3230 pretiosis
1110 3213 1119 3229 ,

76 3242 189 3273 annuis
204 3243 298 3274 etiam
312 3242 475 3283 stipendiis
491 3244 523 3274 et
537 3243 631 3274 fertili
645 3243 772 3283 regione
783 3266 792 3282 ,
806 3251 905 3283 quam
922 3242 1101 3273 habitarent
1111 3265 1119 3280 ,

76 3293 279 3326 donarentur.
308 3297 383 3327 Haec
404 3295 547 3328 Candich
562 3295 763 3336 imperatori.
788 3298 865 3327 Erat
881 3305 918 3327 ea
931 3296 1120 3335 tempestate

75 3344 248 3385 imperator
268 3347 376 3378 effoeto
401 3355 534 3387 corpore
554 3356 641 3378 :non
655 3347 767 3379 eadem
784 3347 829 3378 illi
856 3347 904 3378 vis
919 3346 1028 3386 animi,
1056 3355 1120 3386 qua

76 3395 221 3438 florebat,
236 3406 336 3438 quum
344 3397 470 3438 juvenis
479 3397 585 3430 adhuc
601 3398 792 3431 Gelimerem
806 3398 988 3430 Vandalum
1002 3399 1034 3430 et
1048 3397 1119 3429 Vit-

1175 2096 1272 2136 tigem
1281 2097 1422 2128 Gothum
1433 2096 1577 2136 captivos
1588 2095 1672 2127 fecit.
1685 2097 1798 2135 ltaque
1807 2093 1873 2133 jam
1884 2101 1978 2124 senex
1988 2091 2100 2123 exacta
2111 2091 2218 2128 aetate,
2256 2130 2260 2133 Ι

1174 2156 1275 2187 quum
1289 2148 1386 2179 animi
1401 2148 1498 2179 robur
1513 2149 1545 2179 et
1557 2147 1631 2179 belli
1647 2154 1790 2178 amorem
1804 2144 1923 2176 desidia
1944 2145 1975 2175 et
1991 2143 2056 2174 otio
2070 2150 2218 2173 commu-

1174 2200 1273 2231 tasset
1284 2223 1293 2238 ,
1308 2199 1518 2231 barbarorum
1538 2199 1715 2230 exercitum
1728 2206 1792 2228 non
1809 2196 1904 2235 bello,
1918 2194 1973 2226 sed
1983 2194 2045 2226 alia
2064 2193 2185 2225 ratione
2201 2200 2221 2223 a

1176 2250 1293 2282 finibus
1316 2251 1440 2291 imperii
1459 2250 1618 2291 depellere
1642 2248 1818 2281 constituit.
1848 2248 1889 2279 Et
1904 2254 1980 2278 sane
2005 2245 2133 2277 vicisset
2146 2252 2220 2275 eum

1176 2304 1208 2334 et
1224 2303 1349 2343 penitus
1372 2302 1588 2341 exstinxisset,
1612 2301 1638 2333 si
1661 2301 1767 2332 minus
1793 2299 1930 2340 proeliis,
1948 2299 1981 2329 at
1997 2296 2167 2338 prudentia
2188 2295 2221 2327 et

1176 2356 1321 2395 consilio,
1338 2356 1399 2388 nisi
1420 2356 1487 2396 ipse
1499 2355 1608 2386 debito
1623 2354 1685 2386 sme
1700 2354 1788 2394 prius
1800 2352 1977 2384 exstinctus
1990 2351 2082 2382 esset.
2096 2349 2231 2381 Etenim.

1176 2416 1240 2439 non
1257 2408 1361 2439 multo
1372 2409 1443 2448 post
1455 2416 1496 2439 ex
1513 2407 1581 2438 vita
1595 2406 1754 2446 migravit.
1775 2407 1883 2443 Quum
1898 2403 1995 2442 igitur
2018 2402 2052 2434 vi
2070 2401 2222 2433 barbaros

1176 2468 1325 2500 superare
1336 2468 1401 2491 non
1414 2460 1533 2500 posset,
1550 2458 1647 2490 aliam
1659 2457 1746 2489 viam
1759 2458 1918 2496 ingressus
1932 2455 1991 2486 est.

1681 2533 1716 2566 5.

1219 2620 1267 2651 De
1282 2627 1319 2651 ea
1332 2627 1366 2650 re
1378 2617 1552 2659 imperator
1567 2616 1754 2649 concionem
1770 2613 1853 2655 apud
1868 2621 1994 2646 sacrum
2007 2612 2151 2644 senatum
2166 2611 2222 2642 lna-

1177 2670 1248 2702 buit
1261 2694 1269 2708 ,
1286 2671 1341 2711 qui
1357 2670 1425 2710 eJus
1438 2670 1640 2710 prudentiam
1657 2670 1689 2700 et
1712 2668 1744 2699 in
1758 2667 1853 2699 rebus
1865 2665 2010 2706 gerendis
2022 2664 2143 2696 consilii
2157 2663 2222 2694 vim

1177 2725 1209 2754 et
1222 2721 1580 2762 acerrimumjudicium
1592 2719 1686 2751 valde
1702 2718 1907 2751 collaudavit.
1924 2719 1994 2749 Hoc
2009 2716 2093 2747 sacto
2115 2714 2223 2746 statim

1178 2774 1356 2813 imperator
1369 2773 1453 2804 dona
1466 2772 1507 2804 ad
1520 2772 1640 2812 legatos
1649 2771 1746 2810 misit,
1764 2771 1893 2801 catenas
1910 2777 1991 2800 auro
2003 2767 2177 2807 variegatas
2192 2766 2224 2797 et

1178 2825 1276 2856 lectos
1292 2826 1323 2856 et
1336 2824 1452 2856 sericas
1460 2825 1565 2855 vestes
1580 2824 1613 2854 et
1626 2822 1687 2854 alia
1701 2830 1799 2862 quam
1817 2820 1967 2861 plurima,
1981 2819 2100 2860 quibus
2111 2818 2225 2850 leniret

1178 2879 1210 2909 et
1223 2877 1420 2909 demulceret
1442 2877 1564 2908 animos
1579 2874 1736 2915 superbiae
1754 2876 1785 2906 et
1806 2873 1987 2905 insolentiae
2003 2872 2125 2912 plenos.
2141 2869 2225 2902 Misit

1179 2937 1310 2968 quoque
1335 2928 1474 2968 legatum
1492 2927 1701 2959 Valentinum
1716 2926 1766 2964 (is
1778 2926 1846 2957 erat
1859 2933 1944 2956 unus
1962 2933 2001 2956 ex
2015 2921 2225 2963 imperatoriis

1179 2980 1409 3022 satellitibus),
1436 2980 1488 3012 cui
1515 2979 1670 3020 praecepit
1685 2980 1722 3010 ut
1744 2979 1872 3018 gentem
1901 2978 2052 3009 Romanis
2075 2975 2225 3007 societate

1180 3033 1406 3074 conjungeret,
1433 3034 1465 3064 et
1483 3032 1626 3064 efficeret
1650 3033 1687 3063 ut
1711 3039 1787 3063 suos
1807 3030 1953 3062 inimicos
1968 3029 2053 3060 bello
2074 3026 2224 3067 aggrede-

1180 3086 1301 3116 rentur.
1329 3084 1381 3116 Sic
1396 3084 1482 3116 enim
1503 3083 1598 3115 valde
1613 3082 1799 3124 prudenter,
1819 3081 1945 3122 opinor,
1972 3080 2145 3119 imperator
2158 3085 2224 3109 sen-

1179 3136 1292 3175 tiebat,
1306 3136 1374 3168 sive
1389 3139 1508 3168 Avares
1519 3135 1695 3174 vincerent,
1706 3133 1773 3165 sive
1782 3133 1998 3170 vincerentur,
2012 3131 2044 3162 in
2055 3131 2225 3168 utramque

1180 3190 1303 3227 partem
1326 3197 1364 3220 ea
1379 3196 1453 3228 quae
1473 3187 1654 3227 evenirent,
1669 3195 1728 3217 suo
1753 3184 1923 3217 commodo
1952 3190 2090 3214 cessura.
2117 3184 2224 3218 Quum

1180 3241 1276 3281 igitur
1297 3239 1486 3272 Valentinus
1510 3239 1550 3270 ad
1574 3247 1629 3271 eos
1654 3237 1816 3278 profectus
1837 3237 1920 3268 esset
1946 3236 1978 3266 et
1996 3241 2128 3264 munera
2143 3239 2223 3271 prae-

1181 3293 1301 3325 buisset
1321 3294 1353 3324 et
1371 3292 1522 3323 mandata
1542 3290 1741 3331 imperatoris
1756 3287 1968 3328 exposuisset,
1994 3285 2131 3326 primum
2154 3282 2224 3322 qni-

1179 3344 1252 3376 dem
1266 3344 1429 3384 Utiguros,
1445 3343 1515 3375 tum
1541 3343 1646 3383 Salos,
1668 3340 1848 3374 Hunnicam
1863 3338 2000 3379 gentem,
2013 3334 2222 3371 debellarunt,

1180 3397 1213 3428 et
1223 3396 1349 3429 Sabiros
1358 3395 1552 3427 everterunt.
