2372 3704
0 36 22 152 {ww-„me
7 0 27 30 xx:

15 372 17 375 .
0 179 23 336 W&
0 156 24 172 π]

581 203 918 254 PYTHAENETI,
948 205 1220 246 PYTHERMI
1249 178 1452 250 Eplisssn
1483 212 1820 253 FRAGMENTA.

2203 226 2279 259 487

120 281 218 334 τρίτη
247 280 358 326 δεξιᾶς
382 280 557 320 εἰσιόντων
587 283 634 326 εἷς
653 282 696 320 τὰ
726 284 886 335 ἀνδρεῖα·
917 284 960 331 ἣν
989 284 1099 328 ξενίου
1129 301 1170 324 τε
1235 288 1277 335 ἣν
1294 294 1496 340 γαμηθῆναι
1511 290 1652 344 Ἄκτορι
1672 295 1706 331 ἐν
1731 295 1915 348 Θεσσαλίᾳ
1939 296 1998 334 καὶ
2017 304 2128 337 τεκεῖν
2149 300 2282 339 Μενοί-

119 340 199 384 Διὸς
221 338 331 385 ξενίαν
358 355 396 378 τε
419 339 689 394 προσηγόρευον.
721 343 778 380 Cf.
813 345 961 383 Miiller.
990 346 1077 384 Dor.
1111 348 1170 392 11,
1235 362 1323 385 τιον·
1341 347 1481 400 ὕστερον
1503 349 1538 387 δὲ
1556 354 1676 389 τοῦτον
1693 353 1740 395 εἰς
1760 352 1940 391 Ὀποῦντα
1961 357 2084 394 ἐλθεῖν.
2106 357 2284 409 Συγγενὴς

118 413 159 449 p.
179 403 254 446 ²74
269 426 280 445 ,
302 400 393 446 278.
460 458 467 460 ,

173 555 380 592 PYRRHO
411 556 687 594 LIPARAEUS.
726 559 772 594 V.
808 559 1022 595 Pisistratus
1053 562 1170 609 Lipa—

45 625 54 633 ·
117 626 211 650 raeus
229 627 271 662 p.
293 614 385 661 478.

540 711 722 725 ⁴000-—
730 717 748 720 -—

373 816 910 874 PYTHAENETUS.

486 934 792 973 AIFINHTIKA.

429 1021 459 1056 Ε
487 1021 639 1058 LIBRO
668 1021 838 1058 PRIMO.

624 1110 657 1134 1.

163 1173 313 1208 Tzetzes
331 1172 380 1208 ad
401 1173 494 1221 Lyc.
520 1171 611 1219 175,
629 1186 668 1222 p.
694 1173 768 1217 446
786 1173 848 1210 ed.
869 1173 974 1210 Miill.
1002 1186 1010 1208 :
1034 1170 1079 1210 ‘H
1102 1171 1163 1210 Αἴ-

107 1243 189 1279 γινα
207 1228 374 1281 πρότερον
393 1228 533 1276 Οἰνώνη
559 1230 696 1282 ἐλέγετο
717 1229 786 1268 ἀπὸ
807 1229 965 1277 Οἰνώνης
985 1232 1045 1276 τῆς
1073 1231 1161 1269 Βου-

112 1286 231 1331 δίωνος
247 1286 434 1341 θυγατρὸς,
456 1287 547 1326 καθά
568 1304 653 1341 φησι
676 1288 893 1331 Πυθαίνετος
912 1290 946 1326 ἐν
966 1290 1015 1341 τῷ
1035 1289 1164 1342 πρώτῳ

107 1348 176 1384 τῶν
195 1348 443 1398 Αἷγινητικῶν.
465 1351 510 1387 V.
532 1348 574 1388 C.
594 1349 639 1387 O.
659 1350 808 1385 Mfiller.
831 1349 1030 1398 AEginetic.
1053 1363 1094 1398 p.
1121 1349 1163 1395 8;

109 1405 234 1455 Heyn.
254 1406 302 1443 ad
317 1406 544 1455 Apollodor.
567 1408 636 1454 111,
658 1420 720 1451 12,
748 1407 786 1446 6.

618 1482 640 1506 2

159 1538 285 1577 Schol.
313 1539 423 1576 Pind.
452 1540 560 1578 Nem.
597 1541 671 1585 VI,
713 1539 762 1576 63
796 1553 804 1575 ;
840 1537 1163 1588 Βασσίδαισιν]

106 1593 152 1634 Ὁ
166 1594 319 1646 Δίδυμός
330 1611 433 1649 φησιῖ
450 1596 630 1648 Προσήκει
646 1596 789 1650 γράφειν
807 1597 988 1636 Βουδίδαι·
1004 1595 1163 1648 γενέσθαι

105 1653 173 1706 γάρ
187 1669 264 1692 τινα
280 1655 461 1694 Βουδίωνα
478 1657 512 1694 ἓν
527 1655 653 1707 Αἰγίνῃ
663 1686 674 1702 ,
691 1656 749 1709 ἀφ’
763 1650 802 1694 οῧ
816 1655 1028 1708 κατάγεσθαι
1042 1655 1162 1706 γενεὰν

105 1711 168 1759 τὴν
183 1714 371 1752 Βουδιδῶν·
385 1713 613 1765 μνημονεύειν
629 1714 666 1752 δέ
679 1730 763 1768 φασι
778 1715 921 1768 (φησιΡ)
937 1718 996 1753 τοῦ
1009 1714 1162 1754 Βουδίω-

106 1786 161 1815 νος
177 1771 389 1811 Πυθαίνετον
402 1774 437 1811 ἐν
451 1773 583 1826 πρώτῳ
597 1775 837 1825 Αἶγινητικῶν
846 1773 1022 1826 γράφοντα
1034 1773 1143 1816 οὕτως
1154 1789 1162 1796 ·

107 1848 125 1865 ιι
143 1829 235 1882 Περὶ
255 1829 292 1869 δὲ
314 1834 426 1870 ταῦτα
453 1831 585 1870 τούτων
604 1831 801 1884 λεγομένων
825 1832 964 1883 λέγεται
984 1831 1163 1871 Βουδίωνα

104 1888 289 1941 τυγχάνειν
315 1890 537 1941 διηνεγμένον
567 1891 654 1943 πρὸς
686 1889 847 1938 Οἰνώνην
870 1890 934 1938 τὴν
955 1893 1080 1929 ἑαυτοῦ
1098 1894 1160 1929 θυ-

104 1947 248 2001 γατέρα.
267 1966 284 1982 ι

126 2046 129 2050 ,
616 2010 653 2048 3.

156 2079 286 2115 Schol.
304 2080 432 2128 Apoll.
450 2080 524 2118 Rh.
542 2081 609 2129 IV,
630 2092 730 2127 171²
754 2093 763 2116 ε
783 2079 900 2126 Νῆσος
915 2080 937 2124 ἡ
957 2076 1138 2130 Ἱππουρὶς

103 2136 254 2183 πλησίον
274 2136 412 2189 Θήρας.
431 2136 653 2186 Μνημονεύει
674 2137 709 2176 δὲ
726 2139 832 2184 αὐτῆς
847 2137 908 2176 καὶ
929 2136 1160 2187 Τιμοσθένης,

103 2194 164 2233 καὶ
186 2195 396 2240 Πυθαίνετος
415 2197 450 2234 ἓν
468 2195 598 2249 πρώτῳ
626 2197 715 2250 Περὶ
734 2196 892 2248 Αἰγίνης.
914 2197 974 2236 Cf.
1005 2198 1159 2235 Miiller.

104 2256 229 2305 AEgin.
250 2269 290 2305 p.
315 2256 379 2300 84.

156 2377 244 2418 Sch.
266 2380 375 2416 Pind.
405 2380 464 2417 Ol.
487 2382 563 2426 IX,
591 2394 660 2427 107
686 2394 694 2417 t
715 2379 929 2423 Πυθαίνετος
946 2378 982 2417 δὲ
1000 2378 1059 2418 Διὶ
1079 2394 1161 2416 συν-

104 2437 273 2475 ελθοῦσαν
289 2437 438 2489 Αἴγιναν
452 2442 617 2488 γεννῆσαι
638 2439 770 2478 Αἰακὸν
787 2439 848 2477 καὶ
874 2437 1157 2490 Δαμοκράτειαν,

103 2548 353 2588 ingredientibus
377 2551 542 2582 coenacula
551 2574 560 2589 ‚
575 2560 673 2592 quam
694 2553 787 2585 Jovis
810 2551 1012 2593 hospitalis,
1037 2552 1070 2583 et
1093 2552 1160 2582 Ho-
1187 2565 1194 2684 ΙΙ

1263 2615 1470 2656 Pythaenetus
1479 2623 1498 2647 e
1507 2617 1588 2647 Jove
1600 2614 1747 2655 AEginam
1759 2615 1917 2655 peperisse
1931 2615 2010 2648 dicit
2021 2618 2154 2648 AEacum
2165 2618 2198 2649 et
2211 2620 2274 2650 Da·

102 2600 269 2640 spitalem
281 2609 436 2634 mensam
452 2602 624 2635 vocabant.

478 2678 785 2719 AEGINETICA.

613 2762 648 2795 1.

144 2819 257 2860 AEgina
272 2820 349 2853 olim
364 2822 495 2854 OEnone
506 2821 682 2854 vocabatur
702 2822 744 2855 ab
759 2824 887 2856 OEnone
906 2824 1055 2857 Budionis
1074 2823 1137 2857 lilia
1147 2850 1155 2864 ,

103 2872 140 2904 ut
157 2872 202 2905 ait
218 2873 427 2913 Pythaenetus
441 2874 544 2915 primo
557 2874 818 2916 AEgineticorum.

610 2941 645 2973 2.

143 2997 301 3038 Didymus
315 2999 361 3032 ait
373 3000 578 3034 scribendum
605 3003 690 3044 apud
704 3003 878 3037 Pindarum
903 3013 970 3037 esse
985 3004 1133 3037 Budidae
1148 3015 1154 3036 :

103 3048 197 3082 ruisse
206 3050 292 3082 enim
304 3051 480 3084 Budionem
493 3054 654 3094 quendam
669 3055 701 3087 in
713 3056 826 3097 AEgina
835 3080 844 3095 ,
855 3065 874 3088 a
884 3065 948 3097 quo
959 3056 1154 3089 Budidarum

101 3110 202 3142 genus
225 3103 381 3144 originem
406 3106 547 3139 duxisse.
577 3109 756 3142 Meminisse
782 3118 860 3142 vero
890 3112 980 3142 aiunt
1004 3110 1156 3142 Budionis

102 3153 327 3193 Pythoenetum
335 3156 439 3197 primo
450 3159 702 3198 AEgineticorum
713 3162 756 3193 ita
766 3162 958 3194 scribentem
975 3175 982 3194 ι
999 3175 1015 3190 «
1024 3164 1108 3194 Dum
1116 3162 1155 3194 de

103 3203 154 3237 his
167 3205 235 3238 haec
247 3206 448 3248 dicebantur,
467 3210 605 3244 Budioni
630 3212 739 3246 serunt
750 3213 916 3246 dissidium
940 3214 1155 3246 intercessisse

102 3263 176 3288 cum
190 3259 318 3291 OEnone
333 3260 398 3292 iilia
411 3270 480 3294 sua.
495 3274 510 3290 »
556 3282 560 3286 ·

143 3365 295 3406 Hipparis
318 3368 423 3401 insula
447 3372 494 3403 est
511 3381 609 3413 prope
633 3373 771 3406 Theram
795 3374 872 3413 sita,
891 3375 982 3415 cnjus
1010 3376 1155 3408 meminit

99 3416 319 3452 Timosthenes
331 3422 363 3453 et
381 3422 586 3463 Pythaenetus
601 3424 705 3465 primo
721 3427 765 3458 De
781 3427 903 3466 AEgina.

1235 404 1303 458 γὰρ
1323 407 1461 460 ὑπῆρχε
1477 411 1536 446 τοῦ
1552 410 1703 460 Λοκροῦ.

1744 469 1780 507 5.

1287 542 1413 581 Schol.
1428 543 1538 580 Pind.
1556 545 1662 580 Nem.
1672 546 1715 589 V,
1735 543 1779 580 81
1804 557 1812 582 :
1834 546 1926 596 Παρ’
1942 546 2146 596 Αἰγινήταις
2162 551 2285 603 Δελφί-

1232 614 1301 643 νιος
1321 600 1396 650 μεὶς
1413 600 1536 650 ἄγεται
1551 601 1735 653 Δελφινίου
1752 601 1967 647 Ἀπόλλωνος
1981 605 2068 656 ἱερὸς
2081 637 2092 656 ‚
2110 609 2144 644 ἐν
2159 603 2188 660 ᾧ
2202 609 2285 653 ἴσως

1233 658 1317 709 φησὶ
1334 661 1541 710 γεγενῆσθαι
1557 659 1600 697 τὰ
1618 658 1754 709 Νέμεα.
1779 662 2000 714 Πεφιλῆσθαι
2028 665 2095 714 γάρ
2123 681 2208 718 φησι
2227 667 2283 706 τὸν

1233 718 1327 776 μίἡνα
1348 720 1467 778 τοῦτον
1493 716 1560 754 ὑπὸ
1587 721 1648 756 τοῦ
1676 717 1905 772 Ἀπόλλωνος.
1942 721 2015 759 Καὶ
2035 722 2088 769 εἴη
2117 722 2157 761 ἂν
2178 729 2195 763 ὁ
2216 725 2283 776 μὴν

1232 777 1340 822 οὗτος,
1369 778 1404 814 ἐν
1426 779 1454 828 ᾧ
1475 775 1612 814 θύουσιν
1637 778 1824 828 Αἴγιν’ῆται
1854 773 2048 818 Ἀ’πόλλωνι
2068 784 2202 831 οἷκιστῆ
2226 786 2283 822 καὶ

1232 833 1432 886 δωματίτῃ,
1458 834 1549 873 καθά
1579 850 1663 887 φησι
1691 836 1916 881 Πυθαίνετος.
1945 840 1998 877 Cf.
2031 829 2192 880 Miiller.'
2211 846 2234 880 l.
2261 847 2284 882 l.

1231 906 1268 942 p.
1301 893 1384 930 150.

1542 991 1571 1025 Ε
1599 991 1750 1027 LIBRO
1780 993 1972 1029 TERTIO.

1742 1079 1780 1117 6.

1282 1153 1480 1189 Athenaeus
1494 1154 1613 1200 XIII,
1629 1168 1668 1203 p.
1689 1154 1780 1205 589,
1807 1157 1839 1195 F
1867 1170 1875 1192 :
1900 1156 2110 1201 Πυθαίνετος
2124 1159 2159 1195 ἐν
2178 1159 2284 1212 τρίτῳ

1230 1208 1319 1261 Περὶ
1351 1209 1498 1261 Αἰγίνης
1518 1210 1733 1264 Περίανδρόν
1755 1228 1875 1265 φησιν,
1907 1213 1940 1258 ἐξ
1970 1214 2189 1268 Ἐπιδαύρου
2219 1218 2281 1264 τὴν

1229 1267 1428 1319 Προκλέους
1445 1269 1618 1322 θυγατέρα
1635 1270 1816 1309 Μέλισσαν
1836 1271 1972 1320 ἰδόντα,
1992 1275 2283 1322 Πελοποννησια-

1228 1330 1298 1371 κῶς
1323 1327 1527 1377 ἠσθημένην
1548 1329 1811 1382 (ἀναμπέχονος
1831 1330 1898 1384 γὰρ
1931 1332 1991 1370 καὶ
2011 1332 2204 1385 μονοχίτων
2227 1329 2282 1381 ἦν,

1227 1387 1286 1424 καὶ
1302 1387 1448 1439 ᾠνοχόει
1468 1393 1539 1431 τοῖς
1555 1389 1813 1440 ἐργαζομένοις)
1825 1420 1834 1437 ,
1852 1390 2041 1442 ἐρασθέντα
2061 1395 2187 1443 γῆμαι.
2217 1394 2275 1433 Cf.

1226 1448 1373 1485 Miiller.
1394 1448 1515 1497 AEgin.
1533 1461 1572 1496 p.
1590 1448 1639 1484 63
1655 1460 1732 1498 sq.;
1747 1450 1836 1487 Dor.
1856 1451 1915 1496 ΙΙ,
1933 1464 1973 1499 p.
1997 1451 2085 1489 265.

1657 1571 1863 1587 -ωωῡ-

1280 1657 1596 1694 PYTHAGORAE
1607 1655 1616 1708 (
1627 1658 1719 1694 Orth
1725 1670 1849 1706 agorae
1858 1658 1882 1707 )‚
1893 1660 1959 1707 qui
1970 1662 2026 1696 De
2039 1663 2136 1697 mari
2148 1664 2280 1698 Rubro

1225 1717 1386 1765 scripsit,
1403 1716 1614 1766 fragmenta
1622 1717 1882 1754 exhibebimus
1897 1720 1937 1754 in
1950 1720 2169 1769 fragmentis
2185 1723 2280 1759 Geo-

1225 1776 1476 1825 graphoruxn.

1651 1883 1871 1899 -v—aeoeoe—

1327 1973 1776 2030 PYTHERMUS
1814 1968 2182 2033 EPHESIUS.

1278 2084 1497 2131 Pythermus
1516 2083 1700 2132 Ephesius
1715 2084 1809 2119 vixit
1826 2092 1915 2132 post
1931 2086 2164 2121 ,Antiochum
2182 2088 2198 2122 I
2220 2088 2279 2123 vel

1226 2144 1265 2178 11
1289 2142 1356 2191 (fr.
1376 2141 1420 2191 2)
1441 2149 1478 2178 et
1507 2149 1593 2177 ante
1611 2142 1898 2190 Hegesandrum
1922 2144 2107 2192 Delphum
2128 2145 2193 2193 (fr.
2223 2145 2278 2195 3),

1225 2213 1338 2249 quem
1357 2213 1437 2236 non
1456 2207 1542 2236 ante
1567 2212 1723 2248 regnum
1742 2201 1922 2236 Antiochi
1941 2203 2068 2250 Magni
2089 2204 2278 2251 scripsisse

1224 2261 1380 2305 scimus,
1410 2271 1600 2307 quemque
1616 2271 1694 2294 non
1710 2259 1764 2294 ita
1790 2261 1910 2296 multo
1930 2268 2018 2308 post
2044 2262 2278 2297 Antiochum

1226 2321 1278 2358 M.
1296 2320 1432 2355 vixisse
1450 2318 1694 2365 conjecimus.
1713 2319 1905 2366 Pythermi
1917 2320 2032 2367 igitur
2043 2327 2189 2356 aetatem
2209 2322 2279 2356 cir·

1225 2377 1428 2416 cumscrihi
1443 2385 1618 2425 putamus
1631 2390 1674 2413 eo
1690 2384 1863 2426 tempore
1883 2378 1988 2425 quod
2006 2379 2104 2414 inter
2117 2392 2276 2428 regnum

1224 2437 1407 2473 Antiochi
1417 2437 1489 2472 Dei
1503 2443 1541 2471 et
1555 2434 1669 2471 finem
1690 2437 1868 2472 Antiochi
1886 2438 2015 2485 Magni
2036 2438 2276 2484 interjectum

1731 2550 1765 2582 4.

1219 2668 1406 2700 mocratiam
1419 2691 1428 2706 ‚
1443 2675 1516 2707 quae
1526 2667 1670 2707 nupserit
1683 2667 1790 2698 Actori
1806 2667 1839 2698 in
1855 2667 2016 2699 Thessalia
2025 2692 2034 2708 ,
2046 2669 2138 2708 eique
2151 2672 2271 2701 Meum-

1218 2720 1299 2751 tium
1313 2719 1482 2760 pepererit.
1502 2720 1615 2751 Postea
1627 2727 1705 2751 vero
1720 2719 1806 2750 hunc
1822 2720 1944 2751 venisse
1958 2721 2139 2760 Opuntem3
2158 2730 2273 2762 nempe

1218 2773 1373 2812 cognatus
1390 2770 1451 2802 suit
1465 2771 1565 2803 Locri.

1259 2892 1351 2933 Apud
1370 2892 1532 2933 AEginctas
1554 2891 1742 2931 Delphinius
1755 2900 1846 2924 mens
1859 2893 1907 2924 est
1931 2901 2021 2924 sacer
2038 2894 2175 2934 Apollini
2199 2894 2270 2926 Del-

1217 2946 1343 2986 phinio;
1362 2946 1423 2976 hoc
1437 2945 1568 2977 sortasse
1587 2947 1706 2977 Nemea
1731 2944 1826 2977 fuisse
1846 2945 1942 2986 dicit3
1963 2955 2037 2978 nam
2055 2955 2165 2978 carum
2185 2947 2269 2978 hunc

1217 3005 1359 3028 mensem
1373 2995 1511 3036 Apollini
1525 2995 1580 3027 ait.
1598 2998 1700 3027 Porro
1717 2996 1768 3027 hic
1782 2997 1878 3029 suerit
1896 2998 2013 3030 mensis
2032 3008 2098 3039 quo
2115 2999 2269 3038 AEgineta}

1217 3048 1355 3088 Apollini
1371 3048 1529 3080 conditori
1542 3049 1574 3081 et
1586 3048 1763 3081 domestico
1780 3057 1869 3081 sacra
1883 3050 2016 3090 faciunt,
2032 3053 2067 3083 ut
2083 3051 2128 3083 ait
2146 3052 2267 3092 Pytha:-

1216 3102 1322 3133 uetus.
1793 3111 1797 3113 ·

1724 3165 1758 3196 6.

1260 3222 1468 3262 Pytbaenetus
1492 3224 1588 3256 tertio
1614 3224 1696 3256 libro
1724 3227 1771 3256 De
1799 3226 1911 3266 AEgina
1944 3226 2008 3265 ait,
2039 3225 2264 3262 Periandrum,

1216 3281 1290 3304 cum
1308 3274 1427 3306 Proclis
1443 3275 1626 3315 Epidaurici
1649 3276 1745 3308 filiam
1775 3277 1935 3309 Melissam
1959 3277 2086 3308 vidisset
2110 3277 2263 3316 Pelopon-

1215 3325 1342 3356 nesiaco
1364 3326 1454 3357 cultu
1476 3328 1624 3359 vestitam
1649 3328 1740 3368 (sine
1756 3329 1838 3360 stola
1860 3329 1943 3360 enim
1969 3330 2058 3366 erat,
2087 3327 2262 3367 simplicem

1215 3377 1357 3408 tunicam
1374 3378 1487 3411 induta
1498 3403 1506 3417 ‚
1525 3381 1558 3412 et
1572 3380 1681 3412 vinum
1701 3381 1854 3412 fundebat
1875 3381 2026 3421 operariis
2040 3381 2062 3419 ),
2077 3387 2184 3410 amore
2197 3378 2264 3418 ejus

1218 3429 1313 3461 fuisse
1327 3431 1455 3470 capium
1467 3432 1498 3463 et
1512 3440 1648 3463 uxorem
1666 3441 1734 3463 cam
1752 3432 1889 3463 duxisse.
