2326 3724
0 272 5 296 ν’
47 266 171 321 ἑτέρως
191 266 242 315 [ἢ]
259 265 350 306 καθὰ
370 267 510 319 βασιλεῖ
525 267 575 319 τῷ
600 264 774 340 ἡμετέρῳ
786 266 878 304 δοκεῖ
899 265 1096 318 διαπράξα-

47 331 182 367 σθαι.»
210 329 334 367 Ταυτα
357 326 477 365 Βώνου
508 325 705 377 εἰρηκότος,
735 318 774 363 ευ
801 323 894 377 ἔχειν
923 324 1015 370 ἔδοξε
1046 327 1097 378 τῶ

47 387 193 440 Βαϊανῳ
212 384 255 424 τὰ
280 384 435 435 ῥήματα.
458 383 641 434 Ἐσήμανε
664 382 699 422 δὲ
723 377 836 426 αυθις·
855 381 1034 430 «Ἐπειδὴ
1054 382 1098 420 τὰ

48 445 82 488 ἐς
98 442 296 497 ὁμαιχμίαν
324 442 478 516 ἑπόμενά
507 457 566 493 μοι
584 441 662 489 ἔθνη
684 439 918 493 αἰσχύνομαι,
936 440 1040 485 αἰδώς
1060 439 1098 479 τέ

51 518 95 554 με
116 502 211 556 ἔχει,
230 502 262 541 εἴ
291 517 331 555 γε
353 501 468 554 πάντῃ
498 501 676 554 ἄπρακτος
705 499 877 539 ενθένδε
858 515 1099 554 αναχωρησω,

49 562 158 613 μηδέν
192 578 225 600 τι
255 561 383 609 ὀνήσας
403 560 566 613 ἐμαυτόν·
587 563 632 604 ὡς
652 559 694 598 ἂν
717 558 766 610 μὴ
787 553 845 598 οὐν
869 559 956 604 δόξω
983 559 1098 611 μάτην

46 620 277 668 πεποιηκέναι
292 620 358 659 -καὶ
386 621 516 673 ἅκερδῆ
536 619 599 667 τὴν
619 618 850 672 επιχείρησιν,
872 619 1009 672 βραχέα
1040 619 1099 670 μοί

48 695 126 718 τινα
145 679 309 733 πέμψατε
324 680 434 732 δῶρα.
455 679 528 719 Καὶ
540 678 608 732 γὰρ
626 680 660 717 ἐν
681 681 723 731 τῇ
746 678 880 732 μκυθίᾳ
894 678 1101 732 περαιωθεὶς

48 737 144 778 οὐδὲν
163 741 276 777 ὁτιοῦν
292 738 530 790 ἐκομισάμην,
551 737 612 777 καὶ
629 740 698 776 τῶν
720 737 899 776 ἀδυνάτων
923 737 996 776 ἐστὶ
1015 739 1100 776 κάν·

46 800 163 836 τεῧθεν
183 797 311 845 ἥκιστα
339 797 562 848 ὠφεληθέντα
583 812 627 848 με
647 797 956 836 ἀπελεύσεσθαι.»
989 796 1100 850 Βώνῳ

46 855 82 894 δὲ
108 873 158 910 τῳ
188 872 378 910 στρατηγω
409 857 469 895 καὶ
500 859 572 901 τοῖς
591 855 665 895 ὅσοι
688 872 728 908 γε
749 855 836 909 ἀμφ’
857 855 960 895 αὐτόν
980 851 1044 908 (ἠν
1065 854 1101 894 δὲ

46 917 65 954 ὁ
81 918 143 963 τ’ἧς
157 914 294 960 πόλεως
312 915 474 967 μέγιστος
489 915 622 991 ἱερεύς)
640 915 751 961 ἔδοξεν
774 915 913 966 εὔλογον
935 914 998 966 μὲν
1015 909 1102 954 εἶναι

50 974 90 1013 τὸ
106 974 382 1028 προτεινόμενον·
403 974 480 1014 οὐδὲ
501 974 568 1027 γὰρ
590 976 740 1014 πλεῖστα
766 973 929 1014 ἐδούλετο
948 974 1102 1026 κομίσα-

52 1036 153 1081 σθαι,
173 1034 251 1071 ἀλλ’
272 1033 355 1086 ἄχρι
375 1033 493 1072 δίσκου
516 1033 588 1078 ἑνὸς
608 1033 885 1086 ἀργυροποιήτου
904 1032 964 1072 καὶ
986 1033 1102 1085 ὀλίγου

47 1092 213 1144 χρυσίου,
230 1091 281 1131 ἔτι
297 1108 336 1144 γε
353 1091 422 1143 μὴν
442 1092 502 1131 καὶ
527 1093 742 1146 ἀμπεχονίου
762 1091 912 1131 Σκυθίου
932 1093 945 1145 (
957 1096 1101 1145 σηρικοῦ

50 1151 155 1199 conj.
186 1152 355 1202 Bekk.)·
383 1150 475 1198 πλὴν
497 1151 671 1189 ἐδεδίεσαν
701 1153 732 1189 οἳ
759 1151 839 1201 περὶ
873 1153 989 1190 Βῶνον
1018 1151 1102 1189 ἰδιο-

51 1208 226 1256 Βουλῆσαι
245 1209 306 1248 καὶ
334 1209 414 1262 οὐχὶ
441 1209 566 1262 γνώμῃ
596 1214 655 1248 τοῦ
683 1209 935 1263 αὐτοκράτορος
962 1208 1102 1248 ἅπαντα

51 1267 322 1321 διαπράξασθαι.
342 1268 604 1320 Ἀντεσήμαναν
619 1284 800 1321 τοιγαρουν
817 1270 934 1322 αὐτῶ,
950 1271 997 1312 ὡς
1011 1286 1026 1304 α
1043 1272 1102 1307 νῦν

50 1328 176 1379 ἔχομεν
195 1327 342 1380 βασιλέα
364 1327 510 1380 φοὸερόν
529 1343 567 1366 τε
583 1343 644 1366 και
658 1327 946 1379 ἐμὸριθέστατον,
963 1327 1024 1366 καὶ
1041 1330 1103 1366 οὐκ

53 1386 242 1438 ἀνεξόμεθα
266 1387 343 1426 οὐδὲ
371 1387 436 1426 ὅσα
461 1382 572 1426 οἷόντε
598 1387 671 1426 ἐστὶ
700 1389 876 1426 διαλαθεῖν
903 1387 1006 1426 αὐτὸν
1028 1389 1105 1426 ε’πι-

48 1444 189 1484 τελέσαι
205 1444 441 1497 αὐθαιρέτως,
460 1446 575 1490 ἄλλως
594 1461 632 1484 τε
648 1445 707 1484 καὶ
727 1447 846 1496 ἡμεῖς,
865 1445 926 1484 ἅτε
942 1449 977 1485 ἐν
997 1462 1104 1500 στρα-

48 1503 197 1555 τεύματι
215 1504 463 1556 τυγχάνοντες,
481 1506 544 1544 οὐκ
567 1504 803 1558 ἐπιφερόμεθα
822 1505 1017 1558 χρημάτων
1037 1521 1103 1543 πε-

51 1562 252 1616 ριουσίαν*
232 1580 255 1610 η
285 1562 390 1615 μόνον
420 1563 675 1616 στρατιωτικὴν
697 1565 906 1618 ἐφεστρίδα,
935 1564 977 1612 ἥν
1002 1580 1041 1617 γε
1062 1564 1104 1612 δή

47 1638 115 1662 που
138 1623 198 1662 καὶ
211 1622 535 1684 περιὸεὸλήμεθα,
558 1623 607 1662 ἔτι
631 1639 669 1662 τε
686 1623 730 1662 τὰ
754 1622 860 1663 ὅπλα.
892 1626 1104 1685 Δωροφορη·

50 1697 111 1721 σαι
129 1681 172 1730 δὴ
192 1685 251 1721 οὐν
279 1684 330 1735 τῷ
350 1698 418 1721 των
440 1682 598 1736 Ἀὅάρων
625 1683 806 1742 ἡγουμένῳ
833 1682 867 1727 ἐξ
887 1687 935 1722 ὧν
957 1684 1105 1720 ἐνταῦθα

49 1740 182 1793 ἥκομεν
213 1739 349 1794 ἔχοντες
375 1742 538 1789 εὐτελῶν,
567 1740 680 1794 ἄθρει,
710 1744 739 1780 ὠ
765 1741 930 1793 Χάγανε,
962 1740 1011 1792 μὴ
1046 1741 1106 1780 καὶ

2 1806 6 1809 ’
49 1799 146 1854 ὕὸρις
169 1799 303 1854 πέφυκέ
325 1815 386 1844 τις.
406 1799 597 1851 Ἀξιότιμον
618 1799 675 1848 δὲ,
704 1799 842 1838 καθὰ”
824 1815 923 1851 εφην,
954 1800 1017 1838 ὡδι
1045 1802 1108 1839 οὐκ

51 1858 193 1911 ἔχομεν·
224 1858 269 1897 τὰ
297 1858 365 1910 γὰρ
395 1858 657 1911 τιμαλφέστερα
686 1861 755 1897 τῶν
786 1858 930 1911 ἐφοδίων
964 1862 1047 1908 ἡμῖν
1072 1861 1107 1897 ἐν

50 1916 180 1970 ἑτέροις
210 1917 410 1969 ὑπάρχουσι
441 1917 558 1961 τόποις
578 1917 637 1955 καὶ
666 1919 713 1961 ὡς
740 1917 957 1969 πορρωτάτω
988 1920 1105 1968 ἡμῶν.

51 1978 96 2016 Εἷ
118 1971 176 2015 οὐν
203 1978 222 2014 ὁ
245 1979 323 2015 καθ’
351 1979 446 2027 ἡμᾶς
474 1976 702 2029 αὐτοκράτωρ
737 1976 1030 2030 φιλοφρονήσεταί
1053 1991 1107 2014 σοι

49 2087 122 2119 dem
139 2096 214 2120 eum
230 2089 263 2120 et
276 2088 363 2127 justa
378 2087 495 2119 dixisse
510 2088 649 2120 Baianus
667 2087 810 2128 censuit3
828 2087 883 2119 sed
906 2087 976 2119 haec
993 2087 1102 2127 subje-

49 2140 113 2172 cit:
131 2151 147 2167 «
165 2141 248 2172 Sane
265 2148 322 2179 ego
340 2141 470 2180 propter
484 2143 612 2181 gentes,
628 2148 702 2180 quae
726 2148 780 2171 me
795 2140 837 2171 ad
850 2139 972 2171 bellum
989 2144 1108 2171 secutae

49 2192 142 2231 sunt,
157 2191 351 2223 verecundia
365 2191 479 2230 ducor,
496 2192 522 2223 si
538 2191 629 2224 nulla
648 2200 682 2224 re
698 2192 814 2224 effecta
830 2191 992 2231 recedere,
1003 2200 1109 2232 neque

50 2243 228 2290 quicquam
246 2252 354 2284 operae
373 2243 467 2284 pretii
487 2244 597 2276 secisse
614 2243 735 2275 videar.
749 2245 796 2276 Ne
811 2243 908 2284 igitur
922 2243 1031 2275 videar
1047 2243 1108 2274 sru·

50 2297 116 2327 stra
130 2296 257 2327 tantum
270 2295 389 2327 laboris
399 2296 566 2336 pertulisse
579 2296 611 2327 et
621 2296 689 2327 sine
699 2295 766 2327 ullo
778 2295 999 2327 emolumento
1012 2304 1108 2336 expe-

50 2346 205 2379 ditionem
223 2347 401 2388 suscepisse
413 2371 421 2387 ,
441 2356 540 2388 parva
562 2347 756 2379 munuscula
769 2347 807 2378 ad
825 2356 876 2379 me
893 2348 1022 2380 mittite.
1040 2350 1108 2380 Ete-

51 2400 119 2432 nim
141 2409 159 2432 e
185 2400 315 2441 Scythia
333 2400 396 2431 huc
420 2401 666 2440 transmittens,
684 2400 762 2431 nihil
780 2399 954 2440 quicquam
980 2409 1108 2432 mecum

52 2452 152 2484 extuli
166 2461 271 2493 neque
285 2452 379 2492 mibi,
393 2453 419 2484 si
439 2452 518 2484 nihil
535 2453 578 2484 rei
589 2477 597 2491 ,
613 2452 701 2493 quod
715 2461 767 2484 me
781 2452 893 2493 juvet,
918 2461 1108 2494 percepero,

53 2503 128 2536 hinc
137 2503 294 2536 excedere
306 2504 392 2536 licet.
410 2515 426 2531 ν
442 2505 531 2536 Bono
541 2504 671 2544 quidem
685 2504 761 2536 duci
774 2506 806 2536 et
819 2505 950 2545 ceteris,
966 2506 1020 2546 qui
1034 2514 1108 2538 cum

53 2565 91 2589 eo
105 2559 216 2597 erant,
237 2557 320 2589 inter
339 2565 422 2598 quos
445 2559 514 2589 erat
529 2566 700 2597 supremus
714 2557 802 2589 urbis
822 2558 988 2598 sacerdos,
1003 2559 1109 2591 visum

53 2610 119 2649 est,
134 2609 290 2641 Baianum
306 2608 398 2649 justa
420 2610 452 2641 et
469 2609 583 2641 rationi
606 2611 822 2642 consentanea
838 2619 1026 2650 proponere.
1045 2614 1109 2644 Nec

53 2661 139 2693 enim
152 2661 363 2693 immoderata
378 2670 513 2693 munera
531 2661 670 2694 Baianus
689 2661 749 2694 sibi
763 2661 832 2694 dari
846 2663 988 2703 petebat,
1003 2664 1109 2696 solum

53 2722 152 2747 unam
166 2716 308 2755 pateram
320 2723 360 2746 ex
370 2716 503 2755 argento
515 2715 630 2747 iactam
641 2739 650 2754 ‚
664 2723 724 2747 nec
739 2715 879 2763 multum
894 2716 976 2756 auri,
993 2719 1110 2757 praeter

56 2769 125 2800 haec
137 2768 282 2809 togulam
295 2768 491 2809 Scythicam.
506 2771 629 2801 Verum
650 2770 757 2800 Bonus
770 2769 802 2800 et
825 2769 879 2810 qui
895 2770 923 2801 ei
939 2769 1110 2803 adstabant

55 2819 175 2861 aliquid
188 2819 319 2861 proprio
335 2819 470 2852 consilio
483 2820 666 2853 inconsulto
685 2820 880 2861 imperatore
897 2821 1001 2854 facere
1014 2822 1108 2854 time-

9 2895 12 2897 .
55 2871 146 2906 bant.
166 2873 280 2914 ltaque
304 2872 425 2905 Baiano
454 2874 567 2905 contra
591 2873 754 2914 respondit
774 2885 783 2908 z
812 2887 828 2902 «
847 2874 1010 2907 Habemus
1026 2884 1111 2908 nunc

57 2925 304 2967 imperatorem,
324 2925 381 2967 qui
405 2926 499 2958 facile
521 2926 562 2958 ad
585 2926 784 2959 iracundiam
801 2927 974 2960 adducitur
982 2939 991 2968 ;
1012 2937 1112 2969 quare

59 2986 101 3011 ne
115 2986 153 3011 ea
170 2978 302 3020 quidem
313 3003 322 3019 ,
339 2987 413 3019 quae
427 2979 560 3011 fortasse
574 2988 649 3011 eum
662 2980 816 3020 laterent,
828 2981 938 3012 nostra
950 2983 1063 3021 sponte
1080 2983 1112 3014 et

59 3029 188 3070 proprio
203 3030 302 3062 animi
319 3029 441 3070 judicio
458 3030 562 3062 facere
580 3031 818 3064 sustinebimus.
837 3034 995 3065 Praeterea
1008 3041 1111 3073 quum

58 3082 90 3114 in
103 3081 215 3115 castris
224 3082 394 3124 degamus,
406 3085 557 3124 pecunias
570 3083 602 3115 in
615 3086 787 3117 numerato
798 3085 930 3118 minime
943 3086 1111 3124 habemus,

60 3142 165 3175 neque
174 3135 347 3175 quicquam
360 3135 529 3167 nobiscum
548 3135 682 3168 ferimus
697 3137 757 3168 nisi
776 3139 970 3170 castrensem
986 3138 1113 3178 suppel-

60 3185 198 3219 lectilem
207 3210 215 3225 ,
226 3187 258 3219 et
270 3195 308 3218 ea
323 3187 442 3227 quibus
457 3187 632 3228 induimur,
649 3190 746 3229 atque
756 3197 857 3220 arma.
873 3189 1018 3229 Denique
1028 3194 1112 3222 Ava-

62 3246 134 3270 rum
148 3236 221 3270 duci
235 3237 332 3278 exiis,
340 3238 458 3279 quibus
471 3239 596 3272 modice
608 3240 756 3272 instructi
774 3241 837 3272 buc
850 3241 1011 3281 venimus,
1028 3241 1112 3273 dona

61 3289 176 3322 offerre
186 3289 271 3329 vide,
284 3298 304 3322 o
321 3290 482 3330 chagane,
499 3299 541 3323 ne
558 3291 676 3332 injuria
686 3293 718 3324 et
736 3291 909 3333 ignominia
922 3292 1029 3333 aliqua
1047 3293 1089 3325 sit
1105 3305 1112 3325 ε

63 3349 137 3373 nam
147 3341 227 3374 nibil
237 3343 328 3374 tanto
338 3342 459 3375 honore
466 3342 552 3383 digni
562 3344 730 3376 habemus.
742 3344 934 3376 Pretiosiora
946 3345 1033 3377 enim
1043 3345 1114 3376 via—

63 3394 202 3427 ticorum
216 3396 400 3429 nostrorum
414 3398 487 3428 sunt
502 3396 535 3429 in
545 3397 615 3430 aliis
624 3397 703 3430 locis
720 3398 751 3430 et
766 3398 858 3438 longe
870 3405 888 3429 a
901 3397 993 3431 nobis
1009 3406 1114 3431 remo-

957 178 1298 219 FRAGMENTA.

2135 182 2211 220 233

1158 264 1296 317 δώροις,
1317 265 1381 302 οὐκ
1400 263 1593 315 ὀκνήσομεν
1612 263 1654 311 δή
1672 280 1738 303 που
1758 265 1818 303 καὶ
1841 268 1942 316 ἡμεῖς
1965 265 2148 318 γεγηθότες
2173 280 2211 303 τε

1162 323 1223 362 καὶ
1242 325 1292 376 τῷ
1311 324 1449 376 βασιλεῖ
1469 322 1631 373 ἑπόμενοι
1646 327 1757 361 ταῦτα
1774 324 2053 377 διαπράξασθαι,
2066 325 2216 364 καθόσον

1157 376 1261 420 οἷοίτε
1292 381 1410 432 ἐσμὲν,
1441 380 1561 434 ὥσπερ
1600 381 1690 434 φίλῳ
1722 382 1999 435 προσφερόμενοι
2033 383 2092 421 καὶ
2127 386 2216 433 δμο-

1159 440 1283 494 δούλῳ.
1306 457 1322 475 ιι
1343 440 1437 492 Πρὸς
1453 444 1564 478 ταῦτα
1582 440 1831 492 ἀγανακτήσας
1849 444 1866 479 ὁ
1883 441 2032 485 Βαϊανὸς
2046 441 2107 479 σὺν
2120 440 2213 494 ὅρκῳ

1158 500 1360 548 ἠπείλησεν,
1381 494 1404 547 ἦ
1423 499 1492 550 μὴν
1513 499 1717 552 στράτευμα
1734 499 1926 552 ἐκπέμψειν
1943 500 2006 546 τὴν
2023 500 2213 550 Ῥωμαίων

1158 560 1470 612 ἐπιδραμούμενον.
1506 559 1579 598 Καὶ
1618 558 1659 604 δὴ
1689 562 1749 597 τοῦ
1790 553 1985 612 στρατηγοῦ
2018 559 2217 606 κατάδηλον

1161 620 1256 670 αὐτῷ
1278 617 1534 666 πεποιηκότος,
1555 619 1602 661 ὡς
1630 616 1765 662 ἐξέσται
1795 617 1859 668 μέν
1885 620 1916 656 οἱ
1935 620 2047 655 ποιεῖν
2075 615 2141 654 ὅσα
2174 617 2216 655 ἂν

1161 677 1363 725 δυνήσοιτο,
1384 677 1512 715 εἰδέναι
1535 676 1593 725 δὲ,
1620 679 1666 721 ὡς
1688 678 1727 715 οὐ
1755 677 1894 720 πάντως
1918 677 1972 715 ἐπ’
1997 678 2116 729 ἀγαθῷ
2147 678 2216 714 τῶν

1160 735 1399 788 στελλομένων
1417 736 1517 775 ἔσται
1533 739 1555 783 ἠ
1572 735 1742 790 ἓπιδρομὴ
1755 765 1767 786 ,
1790 735 1890 780 αὐτὸς
1907 734 1972 789 ἔφη
1989 735 2041 773 ὅτι
2058 754 2073 770 «
2094 735 2220 774 Τοιού-

1160 813 1237 840 τους
1256 795 1429 849 ἐπαφήσω
1451 799 1495 849 τῇ
1516 795 1727 848 Ῥωμαϊκῇ,
1746 797 1810 843 ὡς,
1840 796 1870 833 εἷ
1899 794 1959 833 καὶ
1986 794 2143 845 συμὸαίη
2177 794 2221 845 γε’

1169 871 1266 909 σφισι
1282 854 1420 908 θανάτῳ
1438 854 1572 892 ἁλῶναι
1583 884 1593 902 ,
1613 855 1693 892 ἀλλ’
1709 853 1788 904 ἐμοί
1804 870 1843 906 γε
1858 852 1908 904 μὴ
1922 853 2082 905 γενέσθαι
2098 852 2221 891 συναί-

1165 918 1302 962 σθησιν.
1327 932 1342 949 υ
1364 913 1437 953 Καὶ
1466 912 1508 960 δὴ
1537 913 1824 965 παρεκελεύσατο
1855 912 1940 951 δέκα
1959 911 2123 964 χιλιάδας
2153 914 2220 949 τῶν

1168 973 1432 1026 Κοντριγούρων
1458 974 1659 1025 λεγομένων
1681 971 1825 1012 Οὔννων
1848 972 2014 1019 διαὸἦναι
2038 971 2097 1010 τὸν
2126 971 2221 1010 Σάον

1166 1032 1325 1082 ποταμὸν
1346 1033 1405 1070 καὶ
1430 1033 1565 1084 δῃῶσαι
1583 1032 1628 1071 τὰ
1651 1031 1710 1070 ἐπὶ
1734 1031 1958 1083 Δαλματίαν,
1974 1030 2076 1074 αὐτὸς
2102 1029 2136 1069 δὲ
2166 1029 2223 1074 ξὺν

1166 1092 1263 1143 πάσῃ
1282 1095 1326 1145 τῇ
1347 1093 1426 1130 κατ’
1448 1090 1553 1130 αὐτὸν
1575 1091 1706 1139 πληθύϊ
1725 1091 1868 1131 διελθὼν
1892 1091 1949 1130 τὸν
1966 1089 2103 1143 Ἴστρον
2124 1092 2158 1134 ἐς
2178 1089 2224 1128 τὰ

1163 1154 1231 1189 τῶν
1249 1151 1438 1198 Γηπαίδων
1459 1150 1629 1204 διέτριὸεν
1649 1150 1741 1203 ὅρια.

1534 1240 1598 1277 28.
1636 1240 1718 1291 (an.
1747 1240 1861 1290 568.)

1219 1331 1311 1368 Exc.
1328 1331 1385 1366 De
1401 1330 1474 1379 leg.
1491 1329 1607 1368 Rom.
1623 1343 1665 1380 p.
1687 1328 1894 1373 154-156
1914 1343 1922 1367 :
1939 1327 2026 1368 εὈτι
2040 1329 2058 1366 ὁ
2074 1326 2224 1370 Βαϊανὸς

1165 1388 1183 1424 ὃ
1207 1388 1276 1423 τῶν
1297 1385 1456 1439 Ἀὅάρων
1475 1385 1618 1438 ἡγεμὼν
1649 1389 1683 1425 ἐν
1713 1389 1821 1439 βουλῇ
1843 1386 2034 1433 ἐποιήσατο
2053 1386 2224 1440 πρεσὸεύ-

1166 1448 1296 1483 σασθαι
1311 1445 1372 1483 καὶ
1389 1445 1471 1497 περὶ
1491 1447 1651 1484 σπονδῶν
1667 1445 1790 1496 λόγους
1809 1449 2062 1498 προσαγαγεῖν.
2090 1446 2160 1485 Τὸν
2189 1445 2224 1484 δὲ

1166 1503 1373 1542 Βιταλιανὸν
1403 1503 1517 1551 ἐζήτει
1547 1505 1692 1557 χρυσίον
1724 1507 1756 1542 οἱ
1784 1510 1996 1558 παρασχεῖν,
2025 1507 2072 1549 ὡς
2102 1505 2143 1543 ἂν
2174 1505 2223 1556 μὴ

1164 1562 1338 1616 λεηλασίᾳ
1357 1563 1526 1616 χρήσοιτο
1543 1563 1635 1602 κατὰ
1656 1563 1698 1610 δὴ
1715 1563 1773 1602 τὸν
1789 1566 1852 1610 τ’ῆς
1872 1563 2066 1616 ἐκεχειρίας
2085 1563 2221 1617 καιρόν.

1167 1620 1212 1660 eO
1233 1621 1269 1659 δὲ
1291 1621 1533 1670 Ἰοὸουλήδας,
1551 1622 1612 1660 καὶ
1639 1621 1787 1674 εἰληφὼς
1804 1623 1843 1660 ἐκ
1862 1626 1923 1660 τοῦ
1949 1626 2010 1669 τῆς
2035 1622 2225 1676 Ἰλλυρίδος

1167 1679 1326 1733 ὑπάρχου
1344 1681 1548 1732 νομίσματα
1567 1682 1605 1720 οὐ
1626 1686 1722 1732 μεῖον
1742 1679 1764 1729 ἢ
1786 1681 1998 1729 ὀκτακόσια,
2023 1682 2224 1734 παρέσχετο

1169 1742 1218 1792 τῷ
1250 1742 1409 1794 Βαϊανῷ.
1448 1739 1572 1792 Ταύτῃ
1602 1756 1656 1779 τοι
1690 1740 1750 1779 καὶ
1782 1740 1914 1779 ἔστειλε
1946 1740 2004 1779 τὸν
2037 1741 2225 1794 Ταργίτιον

1169 1802 1186 1837 ὃ
1206 1801 1274 1837 τῶν
1293 1799 1451 1851 Ἀδάρων
1472 1799 1685 1851 ἡγούμενος,
1707 1799 1765 1845 ξὺν
1785 1803 1834 1852 τῷ
1854 1801 1914 1838 καὶ
1941 1799 2149 1839 Βιταλιανὸν
2168 1800 2225 1838 τὸν

1171 1857 1324 1910 ἑρμηνέα
1338 1889 1348 1907 ,
1368 1861 1417 1911 τῷ
1440 1860 1578 1910 βασιλεῖ
1597 1858 1760 1903 λέξοντας
1777 1858 1868 1897 ὥστε
1888 1858 1927 1896 τὸ
1945 1858 2092 1911 Σίρμιόν
2118 1859 2149 1896 οἱ
2174 1860 2226 1897 ἐν·

1170 1917 1330 1965 δοθῆναι,
1346 1917 1406 1956 καὶ
1427 1916 1471 1955 τὰ
1491 1917 1623 1965 συνήθη
1641 1917 1832 1969 χρήματα,
1852 1917 1874 1955 ἃ
1893 1916 2144 1971 Κουτρίγουροι
2165 1916 2227 1956 καὶ

1170 1975 1378 2028 Οὐτίγουροι
1405 1975 1491 2029 πρὸς
1520 1976 1769 2015 Ἰουστινιανοῧ
1799 1976 1999 2027 ἐκομίζοντο
2029 1977 2222 2029 βασιλέως,

1171 2087 1212 2119 tis
1226 2088 1340 2128 posita.
1356 2088 1477 2126 Quodsi
1494 2098 1550 2120 vos
1563 2089 1738 2129 imperator
1747 2089 1856 2120 noster
1868 2089 2056 2121 muneribus
2069 2088 2225 2121 demereri

1171 2140 1330 2179 voluerit,
1358 2149 1424 2172 non
1453 2141 1690 2181 cunctabimur,
1713 2140 1771 2173 tibi
1795 2143 1828 2173 et
1843 2141 1936 2173 nobis
1958 2135 2177 2182 gratulantes,
2195 2142 2227 2174 et

1169 2192 1372 2233 imperatoris
1382 2192 1471 2232 jussa
1486 2193 1609 2233 facere,
1627 2195 1659 2225 et
1681 2202 1795 2234 omne,
1810 2193 1915 2234 quoad
1935 2193 2003 2234 ejus
2015 2193 2082 2225 fieri
2094 2194 2227 2234 poterit,

1169 2245 1255 2286 quod
1275 2246 1332 2278 tibi
1347 2246 1526 2287 conducet,
1541 2247 1692 2288 exsequi',
1720 2248 1876 2287 tanquam
1899 2247 1994 2278 amici
2008 2248 2041 2279 et
2059 2248 2147 2287 ejus,
2172 2247 2227 2288 qui

1171 2306 1235 2329 una
1251 2298 1421 2330 nobiscum
1434 2299 1490 2330 uni
1505 2299 1639 2330 domino
1653 2300 1761 2339 paret,
1771 2299 1964 2331 utilitatibus
1977 2299 2195 2332 inservientes.
2210 2313 2226 2328 »

1170 2350 1220 2382 Ob
1234 2350 1304 2382 llaec
1327 2350 1510 2391 indignatus
1529 2350 1666 2383 Baianus
1683 2350 1796 2390 jurans
1814 2351 1957 2382 minatus
1975 2352 2040 2391 est,
2058 2360 2092 2383 se
2105 2351 2227 2384 immis-

1169 2412 1281 2436 surum
1306 2404 1486 2436 exercitum
1514 2404 1548 2436 in
1572 2407 1794 2437 Romanorum
1821 2404 1951 2436 ditionis
1981 2405 2143 2445 regiones,
2171 2404 2228 2446 qui
2270 2418 2277 2423 f

1170 2458 1391 2498 populationes
1402 2458 1532 2490 faceret.
1550 2458 1597 2490 Ad
1615 2467 1690 2499 quae
1706 2467 1808 2499 quum
1820 2458 1887 2490 dux
1904 2458 2011 2499 palam
2021 2458 2226 2499 praedicaret,

1170 2511 1215 2543 illi
1232 2511 1363 2552 quidem
1383 2512 1480 2544 licere
1492 2512 1620 2553 omnia,
1643 2521 1718 2553 quae
1738 2513 1857 2553 posset,
1884 2512 2010 2553 aggredi
2026 2513 2058 2544 et
2082 2514 2227 2552 tentare,

1169 2564 1225 2596 sed
1244 2573 1433 2605 persuasum
1459 2565 1599 2605 habere,
1623 2565 1691 2597 sore
1716 2567 1752 2597 ut
1771 2565 1842 2597 istae
1863 2565 2070 2598 excursiones
2088 2566 2154 2605 his,
2173 2566 2228 2606 qui

1169 2615 1202 2647 in
1213 2625 1265 2648 eas
1285 2617 1505 2657 mitterentur,
1523 2626 1587 2648 non
1602 2617 1683 2649 bene
1698 2618 1880 2658 verterent,
1898 2617 2080 2658 respondit,
2095 2626 2129 2650 se
2149 2618 2229 2650 tales

1170 2668 1364 2706 missurum,
1389 2669 1447 2710 qui
1469 2669 1495 2701 si
1517 2669 1690 2710 perierint,
1720 2669 1888 2701 damnum·
1905 2669 2031 2701 nullum
2051 2678 2090 2701 ex
2115 2678 2227 2701 eorum

1170 2720 1267 2752 exitio
1278 2720 1319 2752 ad
1335 2720 1404 2761 ejus
1417 2730 1547 2753 sensum
1561 2723 1644 2753 esset
1657 2722 1900 2762 perventurum.
1920 2722 2033 2762 ltaque
2044 2722 2137 2762 jussit
2147 2721 2229 2753 dena

1171 2772 1270 2804 millia
1284 2774 1497 2812 Hunnorum,
1515 2773 1572 2813 qui
1583 2773 1768 2814 Contriguri
1784 2774 1794 2813 (
1809 2773 2073 2814 Cutriqurirsr.
2091 2778 2144 2805 28.
2166 2775 2227 2805 Co-

1172 2827 1303 2866 trz'yuri
1321 2826 1458 2866 Agatb.)
1473 2825 1674 2866 dicebantur,
1685 2826 1833 2867 trajicere
1845 2828 1944 2858 Saum
1961 2828 1993 2858 et
2012 2827 2138 2858 vastare
2152 2827 2228 2858 Dal-

1171 2879 1316 2910 matiam.
1332 2880 1345 2910 Ι
1349 2887 1404 2918 pse
1415 2886 1492 2909 vero
1502 2886 1577 2909 cum
1589 2877 1677 2909 omni
1693 2887 1752 2910 suo
1762 2878 1921 2919 exercitu,
1933 2878 2118 2911 transmisso
2128 2880 2209 2911 istro
2218 2902 2227 2918 ‚

1172 2930 1204 2962 in
1220 2930 1339 2962 finibus
1355 2930 1552 2971 Gepidarum
1565 2929 1720 2962 substitit.
1933 2925 1935 2928 ⁴

1678 2982 1739 3014 28.

1214 3034 1393 3074 Baianum,
1412 3037 1556 3067 Avarum
1569 3034 1705 3075 ducem,
1732 3035 1883 3068 voluntas
1915 3036 2019 3077 coegit
2045 3035 2166 3077 legatos
2187 3035 2228 3067 ad

1173 3088 1333 3118 Romanos
1347 3087 1476 3118 mittere
1486 3111 1495 3126 ,
1506 3086 1562 3127 qui
1577 3086 1617 3118 de
1631 3087 1805 3119 foederibus
1821 3087 1919 3120 verba
1935 3088 2085 3120 facerent.
2103 3091 2129 3119 A
2144 3087 2228 3118 Vita-

1173 3138 1258 3169 liano
1277 3138 1374 3170 etiam
1390 3138 1448 3170 sibi
1468 3147 1584 3170 aurum
1601 3138 1670 3170 dari
1687 3140 1800 3179 petiitf,
1820 3141 1857 3171 ut
1872 3148 1890 3171 a
1901 3139 2018 3180 praedis
2028 3138 2156 3179 agendis
2172 3147 2229 3179 per

1177 3189 1324 3221 inducias
1349 3190 1537 3223 abstineret.
1563 3190 1742 3231 lobulidas,
1771 3192 1911 3232 acceptis
1935 3200 1954 3222 a
1978 3191 2129 3231 praerecto
2155 3190 2228 3229 llly-

1175 3241 1232 3272 rici
1253 3241 1396 3274 nummis
1420 3251 1486 3273 non
1514 3242 1620 3274 minus
1647 3243 1856 3282 octingentis,
1885 3251 1923 3274 ea
1940 3242 2059 3274 Baiano
2083 3241 2226 3273 tradidit.

1176 3293 1396 3330 Quamobrem
1422 3295 1564 3325 Avarum
1581 3293 1647 3325 dux
1665 3294 1752 3326 misit
1770 3294 1965 3334 'sargitium‚
1985 3293 2038 3333 qui
2063 3301 2128 3324 una
2152 3301 2226 3323 cum

1176 3345 1339 3378 Vitaliano
1364 3346 1539 3387 interprete
1554 3347 1740 3387 imperatori
1763 3346 2008 3384 denuntiarent,
2025 3346 2062 3376 ut
2077 3344 2226 3376 Sirmium

1178 3399 1210 3431 et
1219 3391 1380 3439 pecunias
1390 3423 1398 3439 ‚
1412 3407 1493 3440 quas
1505 3398 1667 3440 Gotriguri
1681 3400 1712 3431 et
1724 3398 1845 3439 Utiguri
1858 3407 1875 3429 a
1889 3399 1906 3430 J
1911 3397 2069 3429 ustiniano
2085 3396 2227 3436 accipere
