2372 3704
679 229 964 271 HELIODORI
994 228 1332 270 ATHENIENSIS
1361 229 1689 270 FRAGMENTA.

113 360 583 420 HELIODORUS
620 358 1127 417 ATHENIENSIS.

150 499 384 537 Heliodorus
405 498 642 536 Atheniensis
655 498 847 547 p'eriegeta
871 503 960 546 post
975 502 1151 545 tempora

95 559 277 596 Antiochi
295 558 505 607 Epiphanis
522 556 533 606 (
552 554 741 605 175-164)
763 556 934 604 scripsit,
961 555 1151 603 siquidem

95 629 179 665 quae
192 617 296 666 apud
313 617 535 654 Athenaeum
546 628 586 665 p.
602 617 669 661 45,
687 616 715 652 C
734 614 801 664 (fr.
816 614 862 664 6)
879 627 925 651 ex
938 614 1149 651 Heliodoro

96 676 326 722 afferuntur,
363 676 412 713 ad
437 677 705 713 Atheniensem
729 676 911 711 Nostrum
942 675 1148 723 pertinent.

95 735 278 772 Condidit
296 736 416 772 libros
444 735 665 784 quindecim
698 733 768 784 (fr.
806 732 848 783 5)
880 733 928 770 de
957 733 1150 782 acropolis

94 795 330 831 Athenarum
360 793 548 840 aedificiis,
573 794 724 842 statuis,
746 792 1014 837 anathematis,
1034 798 1149 840 atque

95 865 192 902 opus
209 851 298 904 Περὶ
316 853 384 890 τῶν
403 851 567 899 Ἀθήνησι
584 850 756 903 τριπόδων
773 851 783 901 (
794 851 840 887 fr.
863 850 926 901 7),
943 858 980 887 et
997 849 1148 887 fortasse

94 912 170 947 alia
180 912 353 960 quaedam
365 912 513 949 similia.
525 913 701 949 Ceterum
714 911 781 958 qui
792 910 893 959 apud
904 909 1148 945 Plutarchum

93 970 134 1005 in
153 970 252 1007 Mor.
275 982 316 1019 p.
338 967 415 1018 849
427 998 437 1016 ,
455 971 502 1016 C,
521 971 635 1018 vulgo
659 969 858 1005 exhibetur
876 965 1088 1017 Ἡλιόδωρος
1113 967 1147 1004 ἐν

96 1025 127 1078 γ’
147 1027 238 1080 Περὶ
257 1027 466 1078 μνημάτων,
484 1036 664 1065 monente
679 1028 909 1064 Ruhnkenio
941 1025 1056 1076 (Hist.
1091 1039 1145 1064 cr.

94 1100 153 1125 or.
165 1101 206 1137 p.
225 1086 312 1137 86),
328 1100 405 1124 esse
423 1088 537 1124 debet
551 1086 724 1138 Διόδωρος
743 1085 800 1138 (V.
818 1086 984 1123 Diodori
997 1086 1143 1133 Perieg.

94 1145 143 1182 fr.
165 1159 186 1182 2
201 1175 210 1192 ,
233 1153 324 1183 tom.
340 1148 378 1182 II
392 1174 402 1191 ‚
417 1160 458 1195 p.
480 1144 553 1190 354
569 1146 596 1192 ).
619 1147 802 1193 Reliquos
822 1144 1054 1181 Heliodoros
1078 1156 1147 1179 re-

93 1213 219 1241 censet
237 1206 438 1242 Fabricius
462 1207 504 1243 B.
525 1205 588 1242 Gr.
608 1209 703 1242 tom.
724 1206 796 1252 VI,
816 1217 858 1253 p.
883 1216 955 1252 797
983 1215 1072 1250 sqq,
1091 1204 1148 1238 De

92 1266 349 1312 grammaticis
358 1262 425 1313 huj
431 1277 472 1300 us
484 1265 652 1300 nominis
665 1264 883 1300 doctissime
894 1263 971 1311 agit
983 1261 1143 1299 Ritsehl.

96 1323 187 1362 Ueb.
202 1325 242 1360 d.
257 1325 370 1360 Alex.
391 1324 490 1362 Bibl.
506 1336 549 1373 p.
580 1323 750 1369 137-147
763 1350 770 1357 .

158 1429 280 1468 ΠΕΡΙ
308 1429 410 1468 ΤΗΣ
438 1427 673 1467 ΑΘΗΝΗΣΙ
703 1425 1072 1465 ΑΚΡΟΠΟΛΕΩΣ.

411 1522 442 1557 Ε
470 1521 622 1558 LIBRO
651 1520 822 1561 PRIMO.

606 1612 640 1635 1.

145 1677 400 1726 Harpocratio
418 1688 456 1715 v.
480 1673 749 1728 Προπύλαια
769 1675 921 1714 ταῦτα,
934 1695 989 1702 —
1004 1672 1094 1724 Περὶ
1109 1671 1145 1711 δὲ

91 1737 161 1773 τῶν
184 1733 421 1786 Προπυλαίων
441 1735 502 1780 τῆς
522 1733 763 1786 ἀκροπόλεως,
783 1734 828 1774 ὡς
848 1730 906 1770 ἐπὶ
926 1732 1146 1781 Εὐθυμένους

25 1811 30 1817 ’
93 1793 260 1847 ἄρχοντος
292 1795 483 1844 οἰκοδομεῖν
508 1791 657 1846 ἤρξαντο
686 1791 879 1839 Ἀθηναῖοι,
901 1791 1146 1839 Μνησικλέους

94 1855 396 1904 ἆρχιτεκτοῧντος,
421 1851 520 1890 ἄλλοι
546 1866 583 1888 τε
613 1849 821 1903 ἱστορήκασι
851 1849 911 1887 καὶ
945 1849 1146 1902 Φιλόχορος

94 1911 161 1962 (fr.
180 1912 252 1963 98)
271 1912 305 1949 ἐν
325 1913 368 1963 τῇ
388 1911 433 1950 δ’.
449 1909 663 1961 “Ηλιόδωρος
675 1909 703 1946 δ’
723 1911 757 1947 ἐν
771 1909 803 1946 α’
821 1908 910 1960 Περὶ
922 1910 983 1955 τῆς
1000 1908 1146 1956 Ἀθήνη-

93 1985 147 2008 σιν
178 1969 418 2023 ἀκροπόλεως·
435 1972 511 2020 μεθ’
549 1967 650 2020 ἕτερα
681 1967 742 2006 καὶ
768 1968 878 2006 ταῦτά
904 1984 1027 2022 φησιν·
1046 1987 1061 2004 «
1083 1968 1146 2009 Ἐν

91 2028 185 2068 ἔτεσι
206 2028 269 2080 μὲν
289 2029 316 2067 ε’
338 2030 517 2071 παντελῶς
540 2026 742 2077 ἐξεποιήθη,
760 2027 916 2065 τάλαντα
934 2026 970 2065 δὲ
983 2026 1145 2075 ἀνηλώθη

91 2087 249 2140 δισχίλια
266 2086 312 2124 ιδ’
323 2099 332 2108 ·
345 2086 372 2125 ε’
387 2085 424 2125 δὲ
445 2086 558 2130 πύλας
575 2085 759 2133 ἐποίησαν,
776 2087 820 2124 δι’
837 2079 883 2124 ὧν
902 2087 950 2129 εἰς
965 2084 1027 2132 τὴν
1046 2085 1146 2139 ἀκρό.

89 2146 191 2184 πολιν
208 2144 369 2184 εἰσίασιν.
393 2161 409 2179 υ
433 2146 577 2183 Eadem
596 2146 753 2182 Photius
765 2153 803 2182 et
824 2145 971 2184 Suidas.

601 2247 637 2271 2.

143 2313 252 2350 Idem
281 2325 291 2349 ε
327 2308 444 2358 Νίκη
471 2309 651 2357 Ἀθηνᾶ,
685 2310 886 2362 Λυκοῦργος
910 2310 946 2348 ἐν
974 2311 1025 2362 τῷ
1055 2308 1144 2363 Περὶ

92 2372 156 2417 τῆς
182 2369 321 2422 ἱερείας.
346 2366 434 2408 (Ότι
469 2368 505 2406 δὲ
532 2367 645 2415 Νίκης
664 2367 810 2414 Ἀθηνᾶς
836 2366 954 2412 ξόανον
981 2369 1144 2421 ἄπτερον,

91 2428 173 2481 ἔχον
195 2427 258 2479 μὲν
287 2429 322 2466 ἐν
342 2431 386 2481 τῇ
416 2426 511 2480 δεξιᾷ
529 2426 626 2480 ῥόαν,
645 2427 678 2465 ἐν
697 2425 733 2464 δὲ
749 2428 792 2478 τῇ
814 2425 983 2478 εὐωνύμῳ
1000 2426 1143 2478 κράνος,

91 2489 237 2538 ἐτιμᾶτο
253 2486 336 2540 παρ’
356 2485 570 2534 Ἀθηναίοις,
587 2484 782 2532 δεδήλωκεν
805 2484 1015 2538 Ἡλιόδωρος
1033 2485 1068 2538 (ὃ
1082 2501 1144 2524 πε·

253 2631 319 2670 DE
357 2629 685 2670 ATHENARUM
715 2627 982 2667 ACROPOLI.

602 2723 636 2756 1.

136 2800 185 2831 De
211 2795 382 2838 propylaeis
407 2795 582 2837 acropolis,
604 2797 641 2827 ut
659 2803 733 2836 quae
761 2793 965 2834 Euthymcne
994 2794 1149 2827 archonte

94 2850 252 2882 aediticare
260 2849 479 2888 Athenienses,
491 2847 661 2880 Mnesiclco
669 2846 858 2885 architecte,
866 2846 1031 2887 coeperint,
1046 2856 1148 2887 quum

94 2901 147 2933 alii
164 2901 382 2942 exposuerunt
403 2901 476 2932 tum
493 2899 704 2931 Philochorus
720 2898 801 2930 libro
816 2899 943 2938 quarto.
960 2898 1150 2931 Heliodorus

95 2963 171 2987 vero
186 2955 268 2986 libro
286 2954 389 2995 primo
410 2956 458 2986 De
479 2961 553 2984 arce
575 2952 774 2985 Athenarum
791 2952 863 2992 post
879 2951 940 2982 alia
959 2952 1055 2983 etiam
1080 2952 1150 2983 haec

95 3006 193 3039 dicit:
211 3019 226 3034 «
242 3006 467 3046 Quinquennio
481 3005 627 3036 absoluta
645 3005 739 3042 sunt,
754 3002 906 3043 impensis
921 3003 954 3034 in
972 3012 1053 3044 opus
1072 3003 1150 3035 illud

95 3059 223 3091 talentis
235 3058 284 3090 bis
296 3057 381 3089 mille
388 3056 569 3088 duodecim.
578 3057 736 3088 Fecerunt
745 3055 853 3087 autem
868 3056 976 3094 portas
984 3055 1128 3096 quinque
1139 3079 1148 3095 ‚

96 3119 153 3151 per
165 3109 290 3151 quasin
310 3117 417 3141 arcem
432 3108 582 3140 intratur.
599 3120 616 3136 n

604 3169 640 3201 2.

140 3231 284 3263 Minerva
301 3230 437 3263 Victrix.
463 3231 629 3269 Lycurgus
653 3229 687 3260 in
713 3227 860 3260 oratione
883 3229 931 3259 De
958 3225 1149 3259 sacrificula.

99 3282 248 3315 Victricis
261 3283 370 3314 autem
384 3282 535 3314 Minervae
548 3280 756 3312 simulacrum
766 3303 776 3319 ,
793 3280 852 3311 alis
865 3287 976 3310 carens
989 3278 1061 3310 etin
1077 3277 1152 3309 dex-

100 3336 151 3365 tra
166 3334 286 3365 malum
302 3333 459 3365 Punicum
470 3357 478 3372 ,
493 3334 526 3364 in
548 3332 675 3364 sinistra
691 3332 814 3372 galeam
837 3332 950 3362 tenens
961 3353 970 3370 ‚
993 3329 1034 3361 ab
1050 3329 1150 3361 Athe·

99 3385 261 3417 niensibus
274 3385 398 3416 cultum
414 3384 509 3417 fuisse
522 3383 710 3417 Heliodorus
723 3381 937 3424 (periegetes)
952 3381 1034 3413 libro
1049 3380 1152 3422 primo

102 3440 148 3470 De
161 3446 234 3469 arce
249 3437 354 3470 tradit.

2184 240 2261 272 425

1213 315 1380 368 ριηγητὴς
1395 319 1483 357 add.
1503 319 1638 356 Suidas
1659 325 1697 354 et
1725 317 1859 367 Phot.)
1875 318 1910 357 ἐν
1930 319 1979 372 τῷ
1996 318 2029 357 α’
2050 318 2141 372 Περὶ
2157 321 2262 373 ἀκρο-

1211 374 1357 418 πόλεως.
1373 377 1468 413 Ead.
1490 377 1622 413 Suidas
1637 384 1674 413 et
1692 377 1804 415 Phot.
1825 377 1881 415 Cf.
1900 378 2080 427 Sophocl.
2096 381 2259 419 Philoct.

1217 434 1289 479 134
1312 448 1321 470 t
1344 434 1438 480 Νίκη
1458 433 1488 472 τ’
1506 433 1633 480 Ἀθηνᾶ
1654 433 1803 481 Πολιάς,
1821 436 1917 484 ihiq.
1940 437 2083 483 schol.;
2105 440 2261 488 Ulpian.

1211 494 1251 530 in
1266 495 1464 532 Demosth.
1489 495 1532 533 C.
1559 495 1766 532 Timocrat.
1795 507 1834 542 p.
1863 494 1953 531 266.
1980 497 2181 546 Kiessling.
2212 498 2263 535 ad

1210 553 1379 602 Lycurgi
1396 552 1532 602 fragm.
1553 565 1594 602 p,
1618 565 1707 590 100.
1733 553 1925 590 Welcker.
1951 554 2091 602 Trng.
2108 567 2148 603 p.
2171 555 2261 602 287.

1719 633 1756 669 3.

1263 710 1462 747 Athenaeus
1480 711 1553 756 IX,
1571 723 1611 759 p.
1637 709 1730 755 406,
1752 709 1781 749 C
1801 722 1811 746 ε
1830 706 2046 761 Ἡλιόδωρος
2059 709 2088 747 δ’
2109 711 2128 747 ὁ
2141 725 2263 763 περιη-

1211 766 1322 819 γητὴς
1339 770 1372 806 ἐν
1392 767 1523 821 πρώτῳ
1541 767 1631 820 Περὶ
1659 767 1899 821 ἀκροπόλεως·
1917 785 1933 802 τι
1963 769 2038 815 Τῆς
2056 769 2124 806 τῶν
2144 772 2263 822 πυρῶν

1211 828 1354 879 (φησιν)
1375 826 1530 880 ἑψήσεως
1550 826 1789 874 ἐπινοηθείσης
1808 828 1838 865 οἱ
1856 826 1919 877 μὲν
1947 826 2095 866 παλαιοὶ
2116 827 2263 877 πύανον,

1210 887 1241 924 οἱ
1257 884 1292 924 δὲ
1312 889 1370 924 νῦν
1393 885 1562 940 ὁλόπυρον
1579 885 1913 939 προσαγορεύουσιν.
1935 903 1953 920 ¹»

1490 996 1520 1030 E
1547 995 1710 1031 LIBRIS
1739 994 1978 1032 INCERTIS.

1715 1093 1752 1132 4.

1236 1177 1520 1235 ”Harpocratio
1540 1189 1549 1212 z
1565 1173 1710 1214 Θέτι-α
1721 1177 1809 1219 λος·
1824 1173 1958 1218 Λυσίας
1977 1173 2079 1214 Κατὰ
2099 1173 2260 1214 Νικίδου,

1209 1234 1271 1278 Εἰς
1290 1236 1359 1271 τῶν
1378 1234 1542 1285 Κίμωνος
1560 1234 1696 1272 παίδων
1715 1233 1894 1277 Θέτταλος
1918 1234 2097 1283 ἐκαλεῖτο,
2130 1232 2176 1278 ὥς
2192 1249 2263 1287 φη-

1208 1309 1262 1332 σιν
1282 1292 1494 1346 Ἡλιόδωρος
1509 1295 1544 1332 ἐν
1559 1296 1608 1347 τῷ
1627 1293 1718 1345 Περὶ
1738 1293 1975 1346 ἀκροπόλεως.

1718 1376 1754 1413 5.

1261 1454 1462 1491 Athenaeus
1476 1455 1542 1500 VI,
1562 1467 1604 1502 p.
1622 1454 1714 1502 239,
1733 1455 1764 1489 E
1786 1466 1796 1489 :
1818 1450 2066 1504 Ἀριστοφάνης
2088 1452 2117 1489 δ’
2144 1454 2161 1490 ὃ
2191 1467 2264 1490 κω·-

1209 1511 1418 1564 μῳδιοποιὺς
1441 1510 1499 1562 (ὅν
1532 1527 1636 1564 φησιν
1657 1510 1870 1563 (Ηλιόδωρος
1892 1512 1910 1548 ὁ
1939 1510 2116 1558 Ἀθηναῖος
2133 1512 2167 1549 ἐν
2186 1516 2260 1554 τοῖς

1210 1569 1300 1623 Περὶ
1331 1569 1574 1622 ἀκροπόλεως,
1614 1568 1864 1607 πεντεκαίδεκα
1892 1568 1920 1606 δ’
1957 1568 2031 1607 ἐστὶ
2061 1573 2174 1607 ταῦτα
2202 1572 2260 1621 βι-

1211 1629 1316 1679 ὅλία,
1335 1628 1587 1681 Ναυκρατίτην
1617 1622 1704 1666 εἶναι
1724 1627 1842 1679 γένος)
1864 1628 1941 1666 κτλ.

1260 1691 1485 1734 Heliodorus,
1510 1691 1634 1738 quide
1656 1688 1943 1725 Atheniensium
1959 1688 2225 1736 anathematis,
2242 1701 2266 1726 a

1207 1749 1329 1785 Plinio
1349 1756 1567 1785 recensetur
1595 1749 1694 1784 inter
1710 1748 1830 1784 fontes
1856 1748 2043 1783 librorum
2070 1749 2260 1784 XXXIII.

1206 1807 1386 1844 XXXIV.
1407 1808 1568 1843 XXXV.
1591 1808 1761 1843 Fortasse
1779 1819 1825 1842 ex
1840 1806 2053 1842 Heliodoro
2072 1819 2262 1842 memora·

1208 1867 1271 1895 tur
1298 1862 1320 1905 ἠ
1343 1858 1528 1911 ἀναγραφὴ
1562 1860 1630 1896 τῶν
1664 1859 1697 1895 ἐν
1720 1857 1907 1910 ἀκροπόλει
1937 1857 2174 1907 ἀναθημάτων
2209 1857 2264 1896 ἐπ’

1210 1916 1431 1956 Ἀλκιὸιάδου
1452 1919 1492 1969 (Ρ)
1513 1916 1679 1970 ἄρχοντος
1696 1931 1759 1967 ap.
1776 1919 1923 1957 Polluc.
1946 1919 2020 1957 On.
2041 1919 2098 1965 X,
2125 1918 2213 1960 126,

1717 1999 1755 2037 6.

1260 2075 1371 2112 Idem
1399 2076 1459 2121 11,
1491 2088 1534 2124 p,
1571 2073 1635 2121 45,
1671 2075 1699 2112 C
1731 2091 1739 2111 ε
1774 2072 1986 2124 Ἡλιόδωρος
2016 2072 2053 2111 δέ
2085 2087 2170 2126 φησι
2202 2071 2260 2111 τὸν

1211 2132 1391 2186 Ἐπιφανῆ
1424 2132 1613 2185 Ἀντίοχον,
1655 2131 1692 2170 ὃν
1723 2131 1780 2170 διὰ
1811 2131 1873 2175 τὰς
1910 2131 2053 2184 πράξεις
2089 2130 2263 2175 Πολύὸιος

1208 2191 1395 2242 Ἐπιμανῆ
1416 2192 1537 2239 καλεῖ,
1557 2190 1620 2239 τὴν
1639 2190 1770 2244 κρήνην
1790 2193 1852 2237 τὴν
1878 2192 1913 2229 ἐν
1935 2190 2127 2243 Ἀντιοχείᾳ
2155 2189 2263 2241 κερά-

1207 2266 1268 2289 σαι
1289 2250 1389 2304 οἴνῳ·
1407 2251 1567 2304 καθάπερ
1593 2250 1654 2289 καὶ
1675 2250 1733 2289 τὸν
1764 2249 1894 2303 Φρύγα
1914 2249 2032 2289 Μίδαν
2064 2249 2150 2303 φησὶ
2167 2249 2260 2289 Θεό-

1205 2324 1346 2360 πομπος
1359 2340 1371 2360 ,
1388 2309 1444 2347 ὅτε
1462 2311 1552 2347 ἑλεῖν
1569 2309 1629 2347 τὸν
1653 2308 1820 2356 Σειληνὸν
1838 2308 1905 2346 ὑπὸ
1925 2307 2032 2359 μέθης
2043 2308 2228 2355 ἠθέλησεν.

1259 2371 1359 2406 Num
1379 2371 1457 2406 haec
1480 2371 1530 2406 ad
1551 2371 1785 2419 periegetam
1804 2382 1852 2406 an
1871 2369 1921 2406 ad
1945 2370 2062 2405 alium
2082 2368 2264 2406 Heliodo-

1205 2441 1291 2464 rum
1300 2429 1502 2465 referenda
1511 2430 1584 2465 sint
1596 2430 1635 2464 in
1645 2428 1774 2464 medio
1788 2429 1969 2476 relinquit
1980 2428 2127 2464 Ritschl
2142 2426 2153 2476 (
2164 2428 2258 2465 Ueb.

1207 2489 1269 2523 die
1314 2488 1593 2524 Grammatiker
1629 2489 1849 2523 Heliodorus
1878 2488 1919 2522 in
1951 2487 2051 2522 libro
2093 2487 2186 2524 Ueb.
2220 2487 2261 2530 d,

1718 2598 1753 2630 3.

1248 2648 1442 2681 Heliodorus
1456 2647 1620 2688 periegeta
1635 2647 1718 2679 libro
1734 2646 1837 2687 primo
1855 2648 1902 2678 De
1915 2654 1989 2678 arce
2004 2655 2012 2678 ε
2027 2659 2043 2674 α
2058 2648 2107 2678 Ex
2120 2654 2185 2687 quo
2198 2645 2263 2677 fru-

1206 2700 1307 2732 menti
1326 2701 1477 2740 coctura,
1497 2700 1620 2740 inquit,
1637 2699 1769 2731 inventa
1788 2700 1853 2738 est,
1880 2699 2011 2730 coctum
2034 2698 2115 2729 illud
2140 2698 2264 2729 veteres

1206 2752 1336 2793 quidem
1348 2761 1486 2793 pyanon
1496 2752 1703 2784 nominarunt
1711 2761 1722 2791 ς
1737 2751 1792 2792 qui
1802 2759 1879 2783 vero
1887 2751 1999 2782 nostro
2012 2751 2120 2783 seculo
2133 2750 2262 2789 vivunt,

1208 2805 1424 2847 holopyrum.
1439 2817 1456 2834 ι,
1719 2848 1739 2880 4

1249 2904 1420 2937 Thessalus
1431 2928 1439 2943 ‚
1453 2912 1539 2935 unus
1551 2912 1590 2953 ex
1602 2903 1746 2936 Cimonis
1759 2901 1830 2934 filiis
1844 2902 1891 2934 sic
1902 2901 2088 2935 nominatus
2099 2902 2158 2943 est,
2171 2901 2207 2934 ut
2218 2901 2264 2934 ait

1209 2956 1403 2989 Heliodorus
1416 2956 1450 2987 in
1466 2964 1564 2996 opere
1584 2957 1632 2987 De
1644 2963 1728 2986 arce.

1716 3010 1752 3042 5.

1251 3066 1496 3106 Aristophanem
1519 3064 1679 3096 comicum
1698 3072 1812 3105 genere
1828 3064 2037 3096 Naucratiten
2054 3072 2122 3096 esse
2144 3063 2252 3095 Helio-

1206 3118 1306 3150 dorus
1327 3118 1372 3150 ait
1391 3118 1424 3149 in
1436 3125 1534 3157 opere
1546 3118 1594 3148 De
1609 3125 1701 3156 arce,
1717 3115 1806 3157 quod
1822 3115 2008 3157 quindecim
2019 3115 2108 3147 libris
2124 3116 2260 3147 constat.

1717 3170 1753 3202 6.

1251 3225 1442 3259 Heliodorus
1453 3225 1566 3257 auctor
1577 3225 1643 3264 est,
1667 3224 1862 3256 Antiochum
1875 3223 2071 3264 Epiphanem
2083 3245 2092 3262 ‚
2113 3230 2208 3262 quem
2219 3221 2261 3252 ob

1211 3286 1260 3310 res
1281 3277 1390 3308 insane
1405 3278 1508 3317 gestas
1531 3278 1740 3318 Epimanem
1764 3275 1918 3316 Polybius
1943 3275 2055 3313 vocat,
2083 3272 2260 3304 Antiochiae

1210 3329 1331 3361 fontem
1346 3328 1420 3359 vino
1436 3328 1621 3360 miscuisse:
1635 3326 1908 3368 quemadmodum
1918 3327 1949 3358 et
1962 3324 2130 3365 Phrygium
2142 3323 2258 3355 Midam

1211 3380 1318 3412 fecisse
1336 3380 1562 3421 Theopompus
1571 3379 1700 3419 scribit,
1715 3387 1813 3419 quern
1831 3378 1926 3410 vellet
1938 3377 2079 3410 Silenum
2090 3383 2145 3415 per
2158 3374 2258 3407 ebrie—

1212 3434 1311 3465 tatem
1326 3440 1450 3473 capere.
