2372 3704
676 215 1054 258 CLITOPHONTIS
1083 217 1267 258 RHODII
1299 219 1632 261 FRAGMENTA.

75 294 205 343 νάπην.
221 287 307 334 νΤῶν
327 293 364 333 δὲ
381 293 529 347 δένδρων
554 294 779 345 σεισθέντων,
796 298 828 336 οἱ
853 296 952 342 κύνες
974 298 1121 351 ἐπιδρα-

74 352 213 402 μόντες,
242 351 457 391 διέσπασαν·
477 351 548 391 ὅδὲ
569 353 762 407 ἐπέσφαξεν
782 355 923 395 ἑαυτόν·
948 358 995 400 ὡς
1016 357 1120 395 Κλει-

71 410 227 463 τώνυμος
243 413 277 450 ἐν
296 410 444 465 δευτέρῳ
465 410 726 466 Συὸαριτικῶν.

471 502 717 559 ΘΡᾼΚΙΚΛ.

125 584 234 621 Idem
250 586 307 622 De
325 584 419 623 fluv.
442 597 474 624 c.
502 584 545 631 3,
575 590 598 629 4
629 598 638 621 z
667 586 840 624 Γεννᾶται
867 585 903 623 δὲ
931 585 991 624 καὶ
1011 587 1047 624 ἐν
1072 602 1122 639 τῳ

72 642 250 694 Παγγαίῳ
269 641 341 695 ὄρει
363 641 515 694 βοτάνη,
540 642 667 695 κιθάρα
687 642 887 694 καλουμένη
908 643 965 682 διὰ
988 644 1120 692 ταύτην

69 699 134 748 τὴν
160 699 289 742 αἰτίαν.
312 700 610 753 Διασπαράξασαι
630 700 688 740 τὸν
714 701 871 755 Ὀρφέα,
887 703 931 741 τὰ
950 702 1039 754 μέλη
1059 707 1121 742 τοῦ

69 758 323 812 προειρημένου
341 761 390 803 εἷς
407 759 568 810 ποταμὸν
588 759 714 799 ἔὸαλον
733 759 885 813 Ἕὸρον.
914 761 986 801 Καὶ
1006 765 1028 810 ἡ
1058 761 1121 814 μὲν

69 818 206 872 κεφαλὴ
227 822 288 858 τοῦ
308 822 433 866 θνητοῦ
460 818 551 857 κατὰ
571 819 735 873 πρόνοιαν
757 823 843 860 θεῶν
872 822 921 865 εἷς
950 820 1120 874 δράκοντα

69 876 244 928 μετέὸαλε
266 876 330 925 τὴν
362 875 497 931 μορφὴν
517 881 578 917 τοῦ
603 878 783 929 σώματος·
809 882 831 927 ἡ
852 879 888 918 δὲ
907 879 997 933 λύρα
1014 895 1121 919 κατε-

69 935 242 989 στηρίχθη
264 935 588 989 (κατηστερίσθηὲ)
607 937 700 975 κατὰ
720 937 922 992 προαίρεσιν
943 938 1121 978 Ἀπόλλω-

68 1009 141 1038 νος·
162 996 203 1033 ἐκ
219 993 256 1033 δὲ
271 997 331 1033 τοῦ
350 992 535 1047 ῥεύσαντος
555 993 739 1046 αἵματος’
724 996 869 1050 ενεφάνη
893 998 1022 1050 βοτάνη
1034 1027 1045 1045 ,
1061 1012 1120 1036 κι-

68 1053 159 1105 θάρα
177 1052 392 1104 καλουμένη.
411 1055 492 1093 Τῶν
511 1052 548 1092 δὲ
566 1054 757 1093 Διονυσίων
774 1055 1010 1106 τελουμένων,
1027 1055 1119 1103 αὕτη
1164 1065 1170 1070 ”

68 1111 214 1164 κιθάρας
230 1111 422 1150 ἀναδίδωσι
441 1115 547 1164 ἠχον·
567 1114 599 1151 οἱ
615 1113 684 1151 δὲ’
668 1112 831 1167 εγχώριοι
847 1130 883 1153 νε
887 1114 1008 1168 ὅρίδας
1020 1130 1119 1167 περι-

69 1169 283 1221 ὅεὸλημένοι
314 1170 375 1209 καὶ
395 1170 540 1223 θύρσους
559 1174 784 1224 κρατοῦντες,
817 1171 925 1222 ύμνον
957 1171 1119 1225 ᾄδουσιν·

149 1240 211 1272 Καὶ
226 1239 296 1272 τότε
309 1240 469 1282 φρονήσεις
482 1263 491 1280 ,
512 1240 586 1272 ὅταν
605 1240 663 1282 ἔσῃ
680 1240 782 1283 μάτην
799 1244 917 1283 φρονῶν
929 1250 937 1258 ·

66 1297 180 1343 καθὼς
195 1300 325 1353 ἱστορεῖ
341 1298 586 1350 Κλειτώνυμος
597 1301 631 1339 ἐν
645 1302 694 1353 τῷ
707 1300 740 1351 γ’
753 1303 822 1339 τῶν
833 1302 1022 1353 Θρᾳκικῶν
1040 1301 1118 1352 (sic

69 1359 218 1396 emend.
240 1361 393 1396 Jonsius
411 1361 469 1398 ΙΙΙ
481 1389 492 1407 ,
511 1373 554 1407 2,
578 1373 600 1397 2
619 1374 693 1410 pro
712 1374 776 1410 vg.
804 1361 993 1412 Τραγικῶν
1007 1359 1034 1411 ).

185 1552 608 1610 CLITOPHON
649 1552 989 1612 RHODIUS.

492 1657 683 1695 ΙΝΔΙΚΑ.

365 1749 394 1784 Ε
422 1749 575 1785 LIBRO
603 1748 807 1785 DECIMO.

568 1842 584 1865 1
597 1857 603 1864 .

118 1881 314 1930 Plutarch.
337 1895 394 1929 De
408 1891 502 1931 fluv.
524 1891 573 1929 25
589 1919 599 1938 ,
622 1892 642 1928 3
665 1904 675 1930 :
695 1889 832 1929 Φύεται
851 1890 886 1928 δὲ
906 1890 966 1929 καὶ
988 1889 1117 1943 βοτάνη

65 1951 142 2000 (sc.
163 1952 197 1988 ἐν
215 1949 355 2002 Ἰνδῷ),
377 1949 554 2002 Καρπύκη
579 1949 795 2000 καλουμένη,
815 1949 1029 2002 βουγλώσσῳ
1049 1965 1117 1988 πα-

66 2008 225 2060 ρόμοιος·
244 2009 338 2046 ποιεῖ
363 2008 392 2046 δ’
422 2008 549 2061 ἄριστα
575 2007 661 2060 πρὸς
684 2007 877 2060 ἷκτερικοὺς
900 2007 974 2057 μεθ’
993 2007 1116 2052 ὕδατος

62 2068 208 2119 χλιαροῦ
229 2065 391 2116 διδομένη
411 2072 481 2110 τοῖς
500 2066 698 2118 πάσχουσι·
718 2065 831 2109 καθὼς
854 2066 986 2118 ἱστορεῖ
1010 2067 1118 2106 Κλει-

62 2127 175 2178 τοφῶν
197 2127 214 2163 ὁ
238 2124 372 2170 Ῥόδιος
386 2127 421 2163 ἐν
443 2125 464 2162 ι’
486 2124 657 2165 Ἰνδικῶν.
676 2126 819 2163 Eadem
834 2126 1004 2163 Stobaeus
1022 2126 1113 2163 Flo·

62 2186 172 2235 rileg.
195 2186 236 2233 C,
252 2198 316 2224 20.

481 2267 696 2283 -w

471 2299 491 2318 b

62 2399 175 2423 nemus
194 2390 338 2423 intravit.
353 2391 463 2422 Ramis
478 2390 587 2421 autem
603 2389 745 2430 agitatis,
772 2398 866 2421 canes
881 2388 1112 2428 accurrerunt,

61 2451 198 2484 eamque
210 2442 459 2483 discerpserunt.
474 2441 678 2482 Clitonymus
690 2440 831 2474 secundo
844 2440 1111 2482 Sybariticorum.

447 2515 726 2564 THRACICA.

101 2644 249 2677 Nascitur
273 2644 307 2677 in
337 2646 474 2684 Pangaeo
495 2644 608 2675 monte
637 2642 737 2675 herba
764 2641 906 2675 cithara
926 2642 1115 2683 nuncupata

62 2695 146 2728 hanc
166 2696 208 2728 ob
233 2704 376 2728 causam.
394 2695 461 2728 Illae
485 2704 558 2736 quae
573 2695 738 2735 Orpheum
762 2694 1015 2734 discerpserunt,
1046 2693 1116 2733 ejus

62 2747 206 2779 membra
222 2747 254 2779 in
270 2747 405 2779 fluvium
420 2747 564 2779 Hebrum
581 2746 798 2787 projecerunt.
813 2747 854 2778 Et
870 2746 966 2786 caput
983 2745 1114 2786 quidem

62 2799 181 2831 mortui
197 2798 241 2831 dii
260 2800 430 2831 mutarunt
442 2798 475 2830 in
490 2798 653 2830 dracontis
670 2797 826 2836 formam,
854 2797 921 2838 lyra
941 2798 1050 2829 autem
1073 2805 1115 2829 ex

63 2850 214 2891 Apollinis
220 2850 348 2883 decreto
358 2851 441 2883 inter
454 2851 539 2882 astra
552 2850 652 2882 relata
658 2850 718 2882 est.
731 2850 820 2882 Atex
831 2848 986 2888 sanguine
998 2848 1115 2881 fluente

64 2904 135 2934 orta
149 2904 197 2935 est
209 2903 319 2944 herba,
331 2904 454 2935 cithara
469 2903 594 2941 vocata,
608 2911 682 2943 quae
692 2902 770 2934 dum
778 2902 977 2942 peraguntur
992 2900 1113 2941 Diony-

63 2955 122 2994 sia,
134 2964 247 2988 sonum
263 2956 381 2988 emittit
396 2956 540 2988 citharas.
553 2955 714 2996 Indigenae
727 2964 803 2987 vero
816 2954 1001 2986 nebridibus
1011 2953 1113 2986 induti

64 3007 97 3039 et
105 3007 231 3048 thyrsos
242 3009 398 3048 tenentes,
407 3008 564 3049 hymnum
578 3008 711 3048 canunt,
722 3006 773 3047 cuj
779 3015 815 3038 us
826 3007 896 3038 haec
905 3007 981 3038 sunt
991 3005 1090 3038 verba
1104 3016 1112 3037 :

104 3070 259 3111 Tuncque
270 3069 371 3111 sapies
385 3078 486 3111 quum
505 3069 566 3102 eris
582 3069 615 3101 in
630 3077 751 3101 vanum
764 3068 901 3110 sapiens.

64 3131 172 3164 Refert
185 3131 387 3174 Clitonymus
399 3133 494 3166 tertio
504 3132 747 3165 Thracicorum.

488 3203 543 3242 IN
548 3202 687 3242 DICA.

108 3329 227 3361 crescit
244 3329 280 3361 in
290 3330 370 3362 lndo
384 3329 484 3363 herba
496 3277 640 3371 Gargisce
650 3354 658 3368 ‚
675 3330 824 3370 buglosso
840 3327 1002 3360 simillima
1014 3350 1022 3366 ,
1041 3334 1115 3366 quae

67 3379 283 3413 laborantibus
294 3381 380 3421 regio
402 3381 516 3413 morbo
537 3382 682 3413 exhibita
705 3390 780 3412 cum
805 3388 890 3420 aqua
912 3378 1036 3419 tepida,
1063 3385 1116 3409 eos

69 3431 200 3471 liberat,
215 3433 252 3464 ut
264 3432 360 3465 refert
369 3432 541 3473 Glitophon
558 3432 701 3465 Rhodius
717 3431 841 3464 decimo
854 3430 1051 3463 Indicorum.

2138 228 2212 265 367

1592 322 1661 360 ΚΤ
1666 322 1818 362 ΙΣΕΙΣ.

1381 405 1412 440 Ε
1438 405 1587 442 LIBRO
1615 407 1806 444 DECIMO
1834 409 2027 447 TERTIO.

1688 494 1724 519 2.

1235 542 1427 581 Plutarch.
1448 544 1506 580 De
1533 541 1628 582 fluv.
1660 545 1704 590 6,
1738 545 2054 596 43Παράκειται
2076 549 2107 587 δ’
2134 551 2229 604 αὐτῶ

1184 599 1261 650 (sc.
1283 615 1334 653 τῳ
1346 598 1470 653 Ἄραρι
1488 600 1690 653 ποταμῶ)”
1669 617 1758 654 ορος,
1770 601 1986 654 Αούγδουνος
2003 607 2228 657 καλούμενον

1183 655 1473 712 [μετ]ωνομάσθη
1503 657 1540 697 δὲ
1575 659 1618 697 δι’
1639 660 1754 699 αἰτίαν
1781 660 1958 708 τοιαύτην.
1980 663 2153 717 Μώμορος
2171 666 2232 704 καὶ

1183 715 1466 770 Ἀτεπόμαρος,“
1454 717 1520 756 υπὸ
1535 719 1758 771 Σεσηρονέως
1774 735 1836 767 της
1863 721 1972 772 ἀρχῆς
1986 721 2229 773 ἐκὸληθέντες,

1182 776 1229 819 εἷς
1238 778 1357 814 τοῦτον
1375 774 1466 813 κατὰ
1486 775 1687 829 προσταγὴν
1698 777 1756 815 τὸν
1773 778 1910 831 λόφον“ι
1919 778 2019 817 πόλιν
2037 780 2154 818 κτίσαι
2174 781 2231 820 θέ-

1181 835 1309 878 λοντες.
1328 836 1390 873 Γ
1364 850 1412 872 ων
1441 833 1477 872 δὲ
1495 835 1663 885 θεμελίων
1683 836 1948 889 ὀρυσσομένων,
1977 837 2154 890 αἰφνιδίως
2172 838 2232 878 κό-

1183 908 1286 946 ρακες
1299 893 1524 946 ἐπιφανέντες
1541 893 1601 932 καὶ
1616 894 1926 947 διαπτερυξάμενοι
1935 925 1946 943 ,
1960 896 1999 934 τὸ
2015 895 2112 949 πέριξ
2130 897 2233 944 ἐπλή-

1183 967 1298 1005 ρωσαν
1314 951 1358 990 τὰ
1375 951 1512 1006 δένδρα.
1537 951 1713 1005 Μώμορος
1733 954 1781 1002 δ’,
1799 954 2050 999 οἰωνοσκοπίας
2066 954 2229 1008 ἔμπειρος

1181 1010 1348 1064 ὑπάρχων
1358 1041 1368 1058 ,
1378 1010 1441 1058 τὴν
1453 1013 1554 1049 πόλιν
1569 1011 1788 1062 Λούγδουνον
1798 1012 2075 1066 προσηγόρευσεν
2086 1029 2095 1038 ·
2109 1016 2232 1066 λοῦγον

1181 1067 1249 1122 γὰρ
1266 1072 1310 1121 τῇ
1332 1071 1428 1122 σφῶν
1449 1070 1622 1120 διαλέκτῳ
1643 1070 1701 1108 τὸν
1721 1070 1856 1124 κόρακα
1877 1073 2043 1111 καλοῦσι·
2059 1073 2177 1111 δοῦνον
2194 1071 2231 1112 δὲ

1181 1126 1239 1166 τὸν
1254 1126 1435 1180 ἐξέχοντα·
1450 1127 1564 1172 καθὼς
1578 1130 1711 1181 ἱστορεῖ
1725 1131 1928 1184 Κλειτοφῶν
1942 1131 1977 1169 ἐν
1994 1130 2038 1182 ιγ’
2054 1130 2226 1171 Κτίσεων.

1566 1234 1843 1274 ΓΑΛΑΤΙΚΑ.

1327 1320 1358 1355 Ε
1384 1320 1535 1357 LIBRO
1563 1321 1752 1368 QUINTO
1781 1322 1876 1358 VEL
1904 1322 2076 1360 PRIMO.

1686 1395 1724 1431 3.

1237 1456 1408 1493 Stobaeus
1425 1457 1557 1495 Floril.
1580 1458 1638 1502 X,
1659 1470 1704 1503 71
1741 1470 1749 1493 :
1773 1457 2033 1509 Κλειτοφῶντος
2063 1457 2101 1494 ἐκ
2122 1459 2184 1495 τοῦ
2204 1458 2227 1494 ε’

1182 1513 1360 1553 Ἰταλικοῦ
1389 1513 1435 1564 (l.
1462 1514 1708 1564 Γαλατικῶν).
1739 1513 1885 1567 Βρέννος
1912 1517 1930 1552 ὃ
1957 1517 2025 1552 τῶν
2058 1515 2228 1554 Γαλατῶν

1184 1571 1367 1624 βασιλεὺς,
1383 1573 1563 1620 λεηλατῶν
1574 1570 1638 1619 τὴν
1654 1571 1792 1621 Ἀσίαν,
1808 1574 1854 1616 εἷς
1879 1570 2034 1625 Ἔφεσον
2049 1567 2151 1621 ἦλθε,
2172 1589 2231 1612 και

1183 1630 1571 1684 στρατοπεδευσάμενος
1597 1630 1779 1684 περιέμενε
1805 1634 1868 1670 τοῦ
1885 1631 2040 1682 πολέμου
2063 1632 2126 1678 τὴν
2145 1646 2232 1684 προ-

1182 1688 1343 1740 θεσμίαν.
1366 1689 1542 1742 Παρθένος
1561 1689 1598 1727 δέ
1616 1705 1668 1733 τις
1685 1692 1753 1728 τῶν
1770 1689 1970 1740 ἐπισήμων,
1989 1688 2141 1740 τοῦνομα
2158 1692 2231 1738 Δη·

1183 1748 1328 1800 μονίκη,
1347 1749 1393 1792 εἷς
1410 1747 1595 1799 ἐπιθυμίαν
1613 1750 1816 1800 ἐμπεσοῦσα
1835 1753 1896 1787 τοῦ
1918 1747 2118 1801 βαρὸάρου,
2140 1764 2229 1801 προ-

1182 1807 1305 1846 δώσειν
1324 1809 1419 1861 αὖτῷ
1439 1806 1501 1854 τὴν
1522 1806 1675 1861 Ἔφεσον
1695 1807 1889 1860 ὑπέσχετο,
1905 1806 1966 1846 ἐὰν
1984 1806 2104 1858 μισθὸν
2125 1807 2229 1846 λάὸοι

1181 1866 1226 1905 τὰ
1243 1867 1371 1920 ψέλλια
1399 1867 1459 1905 καὶ
1478 1866 1557 1908 τους
1577 1867 1725 1941 ὅρμους·
1756 1869 1774 1905 ὃ
1806 1866 1842 1905 δὲ
1870 1866 2018 1918 Βρέννος
2047 1866 2230 1916 δεξάμενος

1182 1925 1288 1972 αὐτὴν
1301 1928 1349 1969 εἰς
1361 1925 1467 1964 τόπον
1478 1925 1688 1979 ὡρισμένον,
1699 1926 1810 1978 ἤγαγε
1824 1942 1902 1969 τους
1915 1925 2230 1977 ὑποτεταγμένους,

1181 1984 1242 2023 καὶ
1262 1984 1472 2038 προσέταξεν
1500 1985 1617 2027 αὐτοῖς
1635 1984 1694 2022 τὸν
1727 1983 1857 2036 χρυσὸν
1878 1984 1958 2023 ὅσον
1979 1978 2072 2036 εἰχον
2098 1984 2230 2034 κόσμου

1181 2043 1285 2096 χάριν
1309 2043 1452 2095 βάλλειν
1478 2044 1526 2087 εἷς
1547 2042 1605 2080 τὸν
1627 2045 1690 2089 τῆς
1707 2042 1919 2096 φιλαργύρου
1944 2042 2089 2082 κόλπον.
2116 2044 2231 2088 Ποιη-

1182 2101 1318 2140 σάντων
1344 2100 1379 2139 δὲ
1412 2102 1526 2139 αὐτῶν
1555 2100 1595 2139 τὸ
1622 2099 1885 2154 παραγγελθὲν,
1915 2104 1937 2149 ἡ
1959 2100 2176 2154 Δημονίκη*
2164 2101 2232 2140 υπὸ

1179 2165 1240 2210 τ’ῆς
1253 2160 1430 2214 δαψιλείας
1439 2163 1498 2199 τοῦ
1513 2158 1730 2213 βαλλομένου
1741 2159 1887 2213 χρυσίου
1898 2162 1992 2205 ζῶσα
2003 2159 2225 2212 κατεχώσθη.

1233 2221 1427 2258 Plutarch.
1461 2222 1547 2259 Par.
1574 2221 1669 2258 min.
1698 2232 1733 2259 c.
1760 2219 1805 2257 15
1829 2233 1839 2256 :
1861 2217 2025 2269 Βρέννος,
2057 2219 2229 2257 Γαλατῶν

1182 2277 1362 2330 βασιλεὺς,
1373 2279 1553 2325 λεηλατῶν
1569 2277 1631 2325 τὴν
1648 2277 1766 2317 Ἀσίαν
1777 2307 1788 2325 ,
1812 2277 1869 2315 ἐπὶ
1881 2275 2033 2329 Ἔφεσον
2050 2271 2154 2328 ἦλθε,
2169 2276 2230 2315 καὶ

1459 2427 1668 2467 URBIUM
1682 2419 1951 2467 'ORIGINES.

1685 2531 1720 2564 2.

1215 2599 1315 2631 Juxta
1329 2601 1458 2631 Ararem
1469 2597 1574 2629 adstat
1584 2606 1677 2629 mons
1687 2596 1873 2637 Lugdunus,
1888 2595 1943 2636 qui
1954 2595 2036 2627 hanc
2045 2593 2087 2626 ob
2098 2601 2227 2625 causam

1174 2659 1293 2683 nomen
1306 2650 1367 2682 hoc
1382 2649 1516 2690 accepit.
1535 2652 1645 2688 Quum
1661 2651 1825 2680 Momorus
1840 2648 1872 2679 et
1885 2649 2097 2687 Atepomarus
2109 2669 2118 2685 ‚
2133 2653 2152 2676 a
2169 2647 2228 2677 Se-

1175 2710 1310 2734 seroneo
1322 2710 1419 2742 regno
1429 2700 1556 2740 dejecti,
1568 2700 1601 2731 in
1615 2708 1653 2732 eo
1667 2699 1748 2731 colle
1761 2708 1800 2731 ex
1809 2698 1932 2730 oraculi
1945 2700 2106 2738 praecepto
2114 2696 2229 2728 urbem

1175 2753 1335 2785 aedificare
1357 2753 1497 2791 vellent,
1514 2751 1609 2791 jactis
1620 2751 1687 2791 jam
1701 2750 1934 2788 fundamentis,
1952 2748 2039 2780 corvi
2056 2747 2162 2779 subito
2176 2755 2229 2787 ap-

1174 2805 1323 2845 parentes
1338 2803 1485 2844 expansis
1495 2802 1566 2841 alis,
1582 2802 1712 2833 arbores
1722 2809 1796 2841 quae
1809 2801 1894 2831 circa
1905 2800 1996 2832 erant
2010 2799 2226 2839 repleverunt.

1175 2858 1341 2888 Momorus
1361 2858 1469 2886 autem
1491 2853 1616 2893 augurii
1644 2852 1888 2884 callentissimus
1910 2850 2073 2883 civitatem
2098 2849 2228 2889 Lugdu-

1174 2916 1253 2939 num
1272 2906 1412 2939 vocavit.
1440 2908 1573 2945 Laqum
1592 2903 1678 2936 enim
1696 2903 1833 2935 dialecto
1851 2910 1910 2934 sua
1929 2910 2064 2933 corvum
2092 2901 2227 2938 vocant,

1175 2958 1311 2991 dunum
1323 2966 1399 2990 vero
1413 2957 1520 2988 locum
1535 2955 1728 2987 eminentem
1741 2978 1751 2995 ‚
1765 2956 1802 2987 ut
1815 2954 1912 2986 refert
1923 2953 2093 2994 Clitophon
2103 2951 2228 2984 decimo

1161 3012 1268 3061 ‘tertio
1278 3013 1325 3044 De
1339 3010 1469 3042 urbium
1480 3007 1667 3048 originibus.

1561 3104 1821 3145 GALATICA

1683 3198 1719 3231 3.

1216 3270 1360 3301 Brennus
1370 3265 1536 3299 Gallorum
1550 3263 1615 3295 dux
1630 3263 1737 3295 Asiam
1751 3261 1879 3293 vastans
1892 3259 1930 3291 ad
1948 3258 2108 3298 Ephesum
2121 3254 2222 3292 venit,

1176 3321 1283 3361 ibique
1309 3318 1448 3359 puellam
1471 3316 1665 3349 Demonicen
1688 3315 1819 3346 nomine
1834 3311 2020 3344 adamavit·
2040 3317 2077 3340 ea
2100 3315 2133 3338 se
2152 3314 2222 3336 cor-

1177 3373 1262 3413 poris
1274 3372 1323 3403 sui
1332 3379 1461 3403 usuram
1475 3369 1533 3410 ipsi
1547 3375 1783 3405 concessuram,
1792 3365 2020 3405 Ephesumque
2032 3358 2222 3392 traditurum

1177 3425 1316 3467 pollicita
1327 3425 1374 3456 est
1386 3424 1499 3464 ‚pacta
1518 3421 1672 3454 mercedis
1685 3421 1755 3452 loco
1769 3418 1910 3451 armillas
1929 3416 1961 3448 et
1977 3413 2132 3446 mundum
2147 3419 2220 3442 mu-

1666 3519 1685 3535 Q
