2326 3724
96 271 170 304 292

146 352 316 390 Γεννᾶται
331 350 360 386 δ’
380 350 414 387 ἐν
433 349 526 399 αὐτῷ
540 347 598 386 καὶ
614 346 717 400 λίθος,
738 345 908 399 Βηρύλλῳ
928 345 1129 398 παρόμοιος·

93 406 129 445 ὃν
148 406 207 446 ἐὰν
226 406 449 459 κρατήσωσιν
464 408 495 444 οἱ
511 407 804 458 ψευδομαρτυρεῖν
822 405 1008 455 ἐθέλοντες,
1025 404 1132 453 μέλας

92 465 240 517 γίνεται.
302 466 445 504 Κεῒνται
469 463 505 502 δὲ
533 465 655 502 πολλοὶ
673 465 707 501 ἐν
729 465 779 516 τῷ
798 462 933 513 τεμένει
955 465 1016 509 τῆς
1034 463 1132 514 Προ-

92 523 262 574 συμναίας
277 522 412 576 Ἥρας,
432 521 546 565 καθὼς
567 522 697 573 ἱστορεῖ
716 520 884 571 Τιμόθεος
899 522 933 558 ἐν
953 525 1025 563 τοῖς
1045 519 1133 572 Ἀρ-

94 583 260 632 γολικοῖς·
293 582 468 632 μέμνηται
488 579 523 618 δὲ
551 579 682 618 τούτων
710 579 770 617 καὶ
793 578 945 630 Ἀγάθων
961 581 978 616 ὁ
996 577 1134 629 Σάμιος

94 642 126 678 ἐν
149 642 178 692 β’
203 640 289 692 Περὶ
309 641 492 690 ποταμῶν.

520 753 725 768 ..φοροῦ-

318 847 904 908 AGATHONYMUS.

146 967 433 1015 Agathonymus
446 993 456 1011 ‚
495 967 562 1013 qui
594 973 775 1012 tanquam
811 960 981 1013 Περσίδος
1005 969 1140 998 auctor

94 1040 114 1062 a
136 1025 508 1061 Pseudo-Plutarcho
534 1023 729 1067 laudatur,
756 1032 833 1057 non
864 1021 1054 1056 historicis
1075 1021 1139 1068 qui

96 1086 142 1121 de
163 1085 292 1120 Persiae
316 1084 428 1118 rebus
450 1088 706 1130 exposuerunt
727 1080 806 1128 (uti
823 1080 954 1116 Vossio
975 1079 1138 1127 visum),

95 1143 159 1180 sed
181 1143 317 1191 poetis,
336 1142 402 1189 qui
422 1141 456 1176 ἐν
477 1137 649 1190 Περσηΐδι
666 1139 790 1174 Persei
813 1138 977 1174 fabulam
1000 1145 1141 1173 tracta-

97 1208 200 1244 runt,
217 1198 522 1235 annumerandus
539 1210 615 1233 csse
631 1197 724 1232 mihi
740 1196 906 1233 videtur.
919 1195 1046 1232 Locus
1061 1196 1143 1230 Plu-

97 1258 216 1295 tarchi
244 1258 381 1305 legitur
400 1258 438 1292 in
458 1256 555 1291 libro
575 1257 633 1291 De
661 1253 752 1289 fluv.
783 1267 841 1302 19,
876 1266 921 1290 1o
942 1266 950 1289 ε
972 1249 1080 1302 Ὄρος
1107 1250 1142 1288 δὲ

100 1313 292 1365 Κοκκύγιον
309 1311 530 1363 διωνομάσθη
546 1311 590 1349 δι’
605 1310 719 1348 αιτίαν
731 1311 905 1358 τοιαύτην.
919 1309 1017 1357 Ζευς,
1027 1307 1144 1362 ἽΙρας

96 1375 158 1415 τ’ἧς
176 1373 324 1424 ἀδελφης
350 1370 522 1423 ἐρασθεις,
543 1369 603 1407 καὶ
622 1368 886 1419 δυσωπούμενος
912 1368 973 1415 τὴν
995 1371 1141 1419 ἀγαπωυ

100 1447 142 1479 με
134 1430 206 1477 ’νην
212 1429 415 1481 ,ἐγέννησεν
431 1428 463 1473 ἐξ
479 1431 585 1475 αὐτης
602 1427 749 1480 ‹lippi-:vor
765 1427 803 1465 τό
816 1428 848 1478 γ’
861 1421 918 1465 ουν
931 1426 1143 1477 καλούμενον

102 1489 179 1540 ὅρος
197 1487 372 1534 Λυκηϊον,
395 1487 464 1525 ἀπὸ
481 1502 540 1524 του
559 1485 823 1538 συγκυρήματος
842 1485 1038 1537 Κοκκύγιον
1056 1482 1145 1524 ὦνο-

103 1546 237 1597 μοίσθη·
273 1546 387 1590 καθὼς
416 1548 544 1598 ἱστορεῖ
574 1543 881 1595 Ἀγαθώνυμος
914 1545 950 1582 ἐν
983 1544 1141 1596 Περσίδι.

103 1604 298 1658 (Περσηίδι
309 1607 346 1655 ἳ)

152 1666 408 1714 Agathonymi
417 1677 558 1701 nomen
568 1666 607 1700 in
618 1666 843 1707 Aristonrmz'
858 1663 990 1699 abiisse
1003 1676 1035 1699 c.
1051 1667 1096 1705 24
1106 1690 1116 1708 ‚
1126 1676 1140 1698 1

101 1731 228 1760 censet
246 1724 457 1761 Reinesius.
485 1722 666 1768 Διόνυσος,
697 1722 922 1757 Plutarchus
955 1723 1033 1766 ait,
1065 1721 1144 1772 ἐρα·

101 1781 191 1825 σθεις
212 1780 451 1838 Ἃλφεσιὸοίας
476 1780 612 1833 νύμφης
627 1795 687 1818 και
708 1778 796 1829 μήτε
814 1777 934 1829 δώροις
954 1778 1042 1827 μήτε
1063 1778 1145 1825 δεή-

102 1854 177 1877 σεσι
203 1840 322 1877 πεῖσαι
355 1831 568 1890 δυνάμενος,
595 1839 642 1881 εἷς
669 1837 732 1884 τὴν
749 1835 1003 1890 προειρημένην
1023 1836 1145 1909 Τίγριν

102 1897 277 1937 μετέὸαλε
295 1897 358 1944 τὴν
380 1897 519 1950 μορφὴν
536 1913 596 1935 του
619 1895 798 1946 σώματος·
821 1894 880 1932 καὶ
908 1893 1005 1947 φόὸῳ
1024 1895 1147 1939 πείσας

101 1954 165 2002 τὴν
182 1955 437 2006 ἀγαπωμένην,
457 1954 626 1992 ἀνέλαδεν
652 1954 779 2000 αὐτήν·
796 1969 855 1991 και
881 1953 937 1990 διὰ
956 1968 1016 1991 του
1037 1967 1147 1990 ποτα-

103 2018 168 2064 μοῦ
189 2013 353 2065 κομίσας,
374 2014 554 2065 ἐγέννησεν
571 2013 644 2051 υἱὸν
665 2013 840 2060 Μῆδον·
862 2011 896 2055 ὃς
917 2011 1081 2062 ἀκμάσας
1102 2014 1148 2056 εἷς

95 2072 205 2122 ,τιμὴν
225 2076 286 2111 τοῦ
303 2072 588 2125 συγκυρήματος,
622 2071 679 2110 τὸν
700 2070 857 2121 ποταμὸν
885 2070 1010 2122 Τίγριν
1034 2086 1147 2120 μετω-

102 2131 252 2182 νόμασε·
272 2130 386 2174 καθὼς
407 2133 536 2183 ἱστορεῖ
560 2129 814 2182 Ἀριστώνυμος
840 2131 874 2167 ἐν
893 2128 936 2178 γ’.
954 2131 1045 2178 Quae
1063 2132 1147 2178 qui-

102 2192 190 2227 dem
211 2191 370 2226 historia
396 2192 436 2226 in
465 2198 640 2239 poemate
664 2192 722 2226 De
748 2189 861 2225 rebus
889 2188 1016 2225 Persei
1039 2189 1149 2226 facile

102 2251 231 2286 locum
251 2249 425 2284 obtinere
445 2250 586 2298 potuit.
602 2249 737 2284 Nescio
752 2260 801 2284 an
814 2261 910 2287 'cum
925 2248 1148 2296 Agathony-

102 2320 167 2343 mo
189 2314 321 2342 nostro
358 2306 643 2355 componendus
674 2308 721 2342 sit
755 2306 983 2354 Agathyllus
996 2335 1006 2352 ‚
1037 2310 1151 2343 Arcas

102 2373 238 2414 poeta,
258 2366 321 2413 qui
340 2367 528 2401 Arcadica
544 2367 721 2401 tractavit
733 2393 743 2410 ‚
761 2373 851 2401 teste
868 2366 1053 2413 Dionysio
1076 2367 1150 2402 Ha-

103 2426 237 2460 licarn.
254 2426 299 2461 A.
317 2425 366 2462 R.
391 2426 432 2470 Ι,
467 2438 506 2472 p.
534 2425 604 2460 123
633 2433 670 2460 et
688 2425 760 2460 180
785 2424 842 2461 ed.
863 2426 925 2469 R„
945 2425 1033 2460 coll.
1053 2425 1144 2471 Syn-

107 2484 203 2519 cello
234 2495 273 2531 p.
307 2494 402 2530 192,
433 2483 500 2518 ubi
529 2496 601 2531 pro
622 2481 828 2531 Ἀγάθυλλος
851 2484 939 2518 libri
971 2484 1151 2518 exhibent

106 2539 438 2590 Ἀγοίθυμος.-1)ο
452 2541 696 2587 Aristonymo
704 2548 822 2589 poeta
837 2542 985 2576 comico
1002 2553 1035 2577 V.
1046 2541 1155 2576 Athe

106 2611 206 2635 naeus
218 2612 258 2648 p.
279 2598 344 2646 87,
360 2601 406 2642 A,
425 2605 462 2633 et
477 2598 569 2642 284,
588 2599 637 2643 F;
652 2598 740 2644 287,
753 2599 794 2634 C.
812 2600 1001 2645 Anonym.
1022 2599 1062 2632 in
1072 2599 1156 2635 Vita

110 2656 389 2705 Aristophani53
408 2656 539 2692 Suidas
552 2669 589 2692 v·
609 2653 861 2706 Ἀριστώνυμος
878 2655 890 2705 (
904 2656 1050 2691 diversa
1066 2669 1157 2691 con-

109 2715 313 2764 sundens);
336 2714 500 2753 Meinek.
533 2715 631 2753 Hist.
664 2715 748 2750 erit.
779 2727 877 2750 com.
901 2727 940 2762 p.
976 2714 1048 2761 196
1073 2726 1156 2761 sqq.

110 2775 165 2810 Ex
188 2774 419 2821 Aristonymi
431 2774 557 2809 neseio
575 2772 683 2820 cujus
698 2773 730 2810 T
732 2771 899 2823 ωμαρίοις
915 2773 1021 2808 locos
1038 2784 1152 2807 com-

110 2888 222 2921 εγω-α
242 2879 346 2918 dicta,
364 2882 447 2912 ruiae
469 2880 595 2921 similis,
616 2889 715 2920 quam
729 2879 890 2918 mulieres,
905 2887 1005 2919 quum
1021 2878 1088 2910 sine
1101 2886 1157 2919 pe-

111 2931 213 2968 riculo
233 2931 373 2962 abortire
383 2932 514 2971 volunt,
529 2931 604 2962 vino
623 2928 774 2971 irriguam
799 2930 952 2962 umbilico
977 2930 1157 2970 imponunt.

113 2984 278 3016 Invenitur
297 2983 391 3015 ctiam
409 2984 440 3014 in
456 2983 528 3023 ipso
552 2983 649 3024 lapis,
673 2983 795 3024 beryllo
814 2983 965 3023 aequalis,
987 2983 1042 3023 qui
1072 2982 1160 3022 niger

113 3034 263 3074 efficitur,
274 3034 314 3073 si,
328 3034 382 3074 qui
399 3034 477 3066 salso
490 3035 599 3066 testari
616 3035 746 3074 volunt,
761 3043 836 3066 eum
851 3035 1021 3066 tenuerint.
1041 3035 1160 3065 Horum

114 3085 255 3126 lapidum
271 3085 392 3116 multos
411 3086 538 3116 exstare
551 3086 582 3116 in
599 3086 719 3126 templo
734 3085 869 3117 Junonis
885 3088 1099 3125 Prosymnaeae
1115 3093 1163 3116 re-

115 3137 175 3168 fert
189 3136 374 3168 Timotheus
384 3137 415 3167 in
434 3137 586 3176 Argolicis
598 3161 606 3175 ‚
625 3139 657 3168 et
674 3138 819 3177 Agathou
833 3137 958 3169 Samius
973 3137 1005 3168 in
1021 3136 1162 3168 secundo

116 3190 163 3220 De
180 3187 296 3219 fluviis.

535 3258 753 3298 lTALlCA.

160 3338 293 3370 Fulvius
328 3338 444 3370 Stellus
472 3347 490 3369 a
516 3339 702 3370 mulieribus
728 3340 834 3371 animo
858 3340 962 3371 alieno
984 3348 1059 3371 cum
1082 3347 1164 3379 equa

120 3399 188 3420 rem
215 3389 328 3420 habuit
359 3397 418 3420 :ea
443 3398 500 3420 suo
515 3391 657 3430 tempore
685 3390 780 3421 liliam
810 3391 907 3422 edidit
928 3391 1163 3431 perpulchram,

121 3442 172 3475 cui
189 3444 278 3483 pater
293 3445 411 3482 Eponae
426 3450 543 3473 nomen
571 3442 702 3482 indidi13
726 3444 822 3482 atque
839 3443 906 3474 Ιιοεο
922 3443 980 3476 dea
999 3445 1047 3475 est
1065 3451 1165 3483 equo·

745 247 1107 308 AGATHONYM1‚
1141 260 1396 311 AGESILAI,
1429 261 1569 301 AmAE

1195 360 1325 384 munes
1336 349 1446 384 affert
1454 349 1623 386 Stohaeus
1635 349 1671 384 in
1683 349 1862 397 Florilcg.
1875 349 2028 397 passim.
2040 348 2095 386 Cf.
2111 346 2148 385 S.
2160 347 2240 383 Ma-

1196 407 1318 442 ximus
1332 408 1385 450 ΙΙ,
1397 419 1437 455 p.
1456 413 1502 453 57
1513 420 1547 452 1,
1561 406 1658 455 659,
1678 407 1768 452 684,
1784 420 1803 452 7
1814 406 2035 455 193Anton.
2046 406 2195 441 Melissa
2209 406 2240 451 Ι,

1197 477 1231 500 c.
1250 477 1313 509 71.
1326 464 1439 500 Mitto
1455 477 1536 513 quae
1554 477 1598 501 ex
1619 466 1862 513 Aristonymo
1879 465 1998 500 citant
2017 463 2241 511 Hesychius,

1196 523 1321 570 Etym.
1343 523 1393 559 M.
1413 530 1450 559 et
1467 523 1629 559 Bekkeri
1644 523 1789 559 Anecd.

1610 625 1823 640 *ooo——

1483 704 1591 761 AG
1604 706 1645 760 E
1660 704 1728 761 Sl
1742 704 1841 760 LA
1854 704 1968 762 US.

1610 816 1838 858 ιΤΑΛιΚΑ.

1494 921 1498 924 ’
1519 931 1547 965 Ε
1568 930 1718 967 Lumo
1745 930 1940 967 TERTIO.

1256 1037 1448 1075 Plutarch.
1473 1038 1559 1072 Par.
1588 1049 1637 1073 m.
1655 1050 1688 1074 c.
1704 1049 1753 1085 29
1771 1049 1779 1072 :
1809 1034 2004 1078 Φουλούιος
2019 1034 2170 1078 Στέλλος
2188 1049 2246 1085 μι-

1205 1095 1274 1131 σῶν
1295 1098 1482 1144 γυναῖκας,
1508 1092 1607 1145 ἵππῳ
1639 1092 1884 1143 συνεμίσγετο·
1912 1096 1933 1139 ἡ
1955 1092 1991 1130 δὲ
2015 1091 2106 1131 κατὰ
2124 1092 2248 1144 χρόνον

1206 1151 1299 1190 ἔτεκε
1319 1151 1423 1203 κόρην
1445 1151 1627 1204 εὔμορφον,
1647 1152 1707 1189 καὶ
1725 1151 1906 1202 ὠνόμασεν
1922 1149 2095 1190 Ἔποναν·
2111 1149 2185 1189 ἔστι
2212 1149 2248 1188 δὲ

1205 1210 1279 1254 θεὸς
1313 1209 1477 1262 πρόνοιαν
1515 1210 1706 1261 ποιουμένη
1729 1208 1868 1247 ἵππων·
1897 1212 1942 1253 ὡς
1977 1209 2181 1261 Ἀγησίλαος
2212 1209 2248 1246 ἐν

1205 1270 1311 1322 τρίτῳ
1331 1268 1527 1308 Ἰταλικῶν.

1258 1331 1456 1378 Agesilaus
1501 1329 1568 1377 qui
1615 1328 1795 1364 laudatur
1844 1329 1884 1363 in
1919 1328 2026 1364 libris
2063 1327 2250 1364 Macrobii

1208 1388 1309 1437 (Sat.
1322 1391 1365 1434 V,
1387 1385 1452 1438 18)
1469 1400 1547 1424 esse
1562 1387 1675 1424 debet
1689 1388 1883 1422 Acusilaas
1899 1386 1963 1438 (fr.
1983 1399 2024 1423 11
2045 1400 2080 1432 a,
2105 1388 2248 1430 tom.1‚

1207 1460 1246 1496 p.
1271 1460 1339 1483 101
1363 1446 1386 1495 ).

1395 1622 1617 1681 AGIAS
1654 1619 1671 1685 (
1697 1608 2073 1685 ARGIVUS).

1590 1733 1864 1772 ΑΡΓΟΛΙΚΑ.

1713 1841 1746 1865 1.

1263 1907 1463 1951 Athenaeus
1480 1916 1537 1951 III
1549 1942 1560 1960 ,
1574 1928 1616 1964 p.
1637 1914 1685 1951 86
1699 1941 1710 1959 ,
1726 1914 1757 1952 F
1775 1927 1783 1950 z
1806 1912 1923 1964 Ἀγίας
1943 1912 1979 1950 δὲ
2002 1914 2061 1951 καὶ
2079 1914 2252 1966 Δερκύλος

1213 1972 1246 2009 ἓν
1266 1972 1478 2023 Αργολικοῖς
1511 1988 1589 2015 τους
1617 1971 1832 2024 στραῧήλους
1860 1971 2099 2022 ἀστραδήλους
2127 1973 2256 2022 ὀνομά-

1215 2033 1331 2076 ζουσι,
1351 2029 1623 2080 μνημονεύοντες
1647 2031 1760 2068 αὐτων
1788 2031 1834 2073 ὡς
1856 2029 2011 2094 ἐπιτηδέ
2001 2045 2060 2067 ιων
2080 2029 2186 2068 ὄντων
2210 2031 2258 2073 εἷς

1216 2088 1252 2126 τὸ
1269 2089 1462 2134 σαλπίζειν.

1720 2166 1742 2189 2
1750 2182 1759 2191 .

1518 2243 1548 2277 Ε
1565 2240 1717 2279 LIBRO
1746 2241 1941 2277 TERTIO.

1265 2337 1435 2372 Clemens
1451 2336 1557 2372 Alex.
1575 2335 1715 2372 Strom.
1742 2336 1776 2379 Ι,
1799 2347 1864 2380 21,
1882 2347 1923 2382 p.
1958 2333 2060 2382 139,‘
2074 2333 2095 2370 5
2118 2346 2127 2372 ε
2146 2333 2260 2384 Ἀγίας

1215 2392 1352 2431 δὲκαὶ
1373 2391 1546 2445 Δερκύλος
1572 2393 1607 2429 ἐν
1625 2395 1668 2443 τῇ
1700 2391 1798 2443 τρίτῃ
1829 2391 1935 2440 μηνὸς
1960 2390 2128 2441 Πανέμου
2153 2392 2258 2443 ὀγδόῃ

1214 2450 1385 2503 φθίνοντος
1401 2451 1535 2502 (Ilium
1555 2459 1707 2500 captum
1720 2464 1798 2487 esse
1818 2450 1990 2499 dicunt)
2009 2451 2103 2489 Ead.
2119 2452 2257 2490 Euseb.

1215 2512 1258 2548 P.
1281 2513 1325 2548 E.
1344 2524 1384 2559 p.
1413 2511 1514 2560 293,
1534 2510 1602 2545 ubi
1619 2511 1784 2545 citantur
1802 2502 1898 2558 ’Ἆγις
1922 2523 1982 2545 και
1998 2507 2186 2560 Κερκυλος
2203 2511 2260 2546 Dc

1218 2566 1316 2605 Πανέ
1302 2582 1374 2618 «μω
1410 2567 1571 2616 (rectius
1607 2565 1793 2619 Πενήμω)
1822 2580 1948 2604 mense
1975 2580 2012 2606 v.
2048 2569 2255 2605 Hermann

1221 2629 1283 2663 Gr.
1304 2627 1491 2664 Monatsk.
1512 2639 1551 2674 p.
1577 2639 1622 2672 71
1649 2639 1706 2674 sq.

1721 2701 1757 2738 3.

1273 2771 1401 2808 Schol.
1424 2772 1593 2809 Vatican.
1610 2772 1701 2808 Eur.
1722 2771 1862 2809 Troad.
1891 2770 1937 2807 16
1961 2768 2056 2808 εΤὸν
2077 2769 2112 2807 δὲ
2133 2768 2263 2822 ἕρκειον

1219 2888 1290 2910 rum
1318 2879 1575 2919 procurationem
1603 2886 1723 2918 gerens.
1754 2878 1916 2918 Agesilaus
1935 2878 2032 2910 tertio
2062 2878 2258 2911 Italicorum.

1607 2941 1877 2981 ARGOLICA.

1727 3020 1760 3051 1.

1262 3081 1354 3121 Agias
1366 3081 1398 3112 et
1411 3079 1564 3119 Dercylus
1585 3078 1618 3110 in
1634 3078 1788 3119 Argolicis
1815 3078 1970 3110 strabelos
1999 3078 2192 3111 astrabelos
2206 3088 2265 3112 vo·

1221 3134 1295 3165 cant
1304 3157 1312 3172 ‚
1329 3131 1520 3163 mentionem
1534 3139 1645 3162 eorum
1659 3130 1808 3162 facientes
1821 3131 1857 3162 ut
1870 3131 2019 3170 aptorum
2033 3129 2072 3161 ad
2086 3130 2265 3163 canendum

1222 3184 1321 3217 veluti
1333 3184 1422 3215 tuba.
1719 3226 1740 3257 2

1265 3283 1358 3323 Agias
1375 3283 1406 3314 et
1424 3282 1577 3321 Dercylus
1592 3281 1673 3312 libro
1691 3281 1786 3312 tertio
1803 3281 1932 3322 TroJam
1947 3281 2075 3320 captam
2097 3288 2166 3313 esse
2177 3279 2266 3325 aiunl-

1223 3336 1274 3368 die
1287 3335 1435 3367 vicesimo
1448 3335 1541 3366 tertio
1559 3334 1688 3366 Panemi
1705 3334 1832 3367 mensis,

1726 3385 1759 3416 3.

1268 3443 1422 3473 Herceum
1437 3440 1522 3472 liunc
1539 3442 1652 3472 ,Iovem
1677 3439 1818 3470 historici
1839 3439 2144 3479 commemorantes,
2161 3437 2189 3470 ei
2213 3447 2265 3479 pe·
