2326 3724
0 613 5 624 2
0 588 7 597 .,
7 570 13 578 ⁸
0 470 23 561 *ts-&39⁴-
0 430 12 463 9,
3 405 6 418 ..

934 207 937 209 .
968 167 1303 208 FRAGMENTA.

26 288 29 291 »
62 257 195 310 ρέθηδὲ
214 249 311 301 οὗτος
329 258 347 295 ὁ
362 255 448 308 ἀνὴρ
466 254 583 302 πάσης
599 253 735 298 ἐλπίδος
749 253 928 307 κρείττων,
945 256 1107 306 οὐδεμιᾶς

61 319 185 371 ἀρετῆς
203 315 360 354 ἀποδέων
375 330 384 339 ·
415 313 551 357 οὐδενὸς
570 312 637 366 γὰρ
659 311 707 364 μὴ
737 312 789 352 ὅτι
809 315 876 351 τῶν
898 315 975 352 καθ’
1004 314 1106 352 αὑτὸν

60 374 249 428 ἀνθρώπων
272 373 455 426 [ἐλείπετο
468 373 498 424 ],
521 372 612 410 ἀλλὰ
626 372 686 411 καὶ
706 373 776 416 τοῖς
797 373 957 417 παλαιοῖς
978 372 1107 417 δίκαιος

58 429 101 482 ἦν
117 432 408 486 παραὸάλλεσθαι
421 462 431 483 ,
446 431 507 470 καὶ
525 430 656 470 τούτων
674 436 745 475 τοῖς
762 430 851 481 ἄγαν
866 432 1104 483 εὐδοκιμοῦσιν

59 495 107 537 εἷς
127 492 302 536 ἅπαντας·
320 489 355 535 ὅς
375 506 414 541 γε
436 490 667 543 φιλοπόλεμος
689 489 751 541 μὲν
770 488 832 537 ὢν,
861 489 989 537 ἥκιστα
1009 492 1105 544 φιλο·

58 551 211 596 κίνδυνος
228 545 270 599 ἦν
286 566 294 575 ·
315 552 352 589 οὐ
376 551 420 588 δι’
438 549 571 597 ἑαυτὸν,
594 552 662 588 τῶν
683 548 887 602 ἀρχομένων
910 548 946 587 δὲ
966 549 1080 589 ἕνεκεν
1096 566 1104 574 ·

56 610 250 665 χρημάτων
269 608 304 648 δὲ
323 611 417 662 αὐτῷ
437 608 590 656 πλήθους
614 607 751 659 ἔμελεν,
780 607 846 647 ὅσα
865 608 903 647 τὸ
924 610 1028 660 σῶμα
1048 608 1105 647 διὰ

13 715 19 727 ,ἱ
57 673 125 709 τῶν
158 670 274 709 ὅπλων
304 669 494 718 neap-foeno
526 667 675 719 ἔμελλε
705 666 834 722 τροφὴν
861 666 896 706 δὲ
925 668 1105 741 προῄρητο

58 730 214 801 σκληρὰν
234 728 294 768 καὶ
313 743 493 781 τραχειαν,
512 727 572 766 καὶ
589 726 654 773 ὅση
669 725 818 778 καμόντι
834 726 952 777 ἤρκει,
973 743 1031 766 και
1046 730 1104 781 ὁρ-

57 787 208 841 μωμένῳ
219 787 302 841 πρὸς
313 787 470 837 κάματον
483 788 545 825 οὐκ
559 802 600 834 ην
613 786 775 838 κώλυμα.
793 785 1105 840 Φιλοστρατιώτης

56 845 92 886 δὲ
119 844 168 885 ὢν
190 845 436 900 διαφερόντως,
457 845 686 898 στρατιώταις
707 848 769 884 οὐκ
787 846 988 899 ἐχαρίζετο,
1013 844 1105 883 ἀλλὰ

54 905 172 944 πᾶσάν
192 921 229 944 τε
250 904 375 958 ἀφῄρει
394 903 595 949 πλεονεξίαν
615 903 677 950 τὴν
696 904 766 943 ἀπὸ
786 907 854 943 τῶν
875 903 1025 951 οἰκείων,
1044 903 1104 942 καὶ

53 965 94 1004 τὸ
111 964 363 1018 ἁρπακτικὸν’
349 980 407 1002 επι
423 962 501 1007 τους
517 963 744 1014 πολεμίους’
724 979 889 1017 ετρεπεν·
907 964 1050 1008 ἐκόλαζε
1068 962 1103 1001 δὲ

55 1025 207 1077 ἰσχυρῶς
226 1023 304 1067 τους
294 1022 607 1085 ”napassaivovtoeq
622 1039 753 1071 ταυτα,
773 1023 833 1062 καὶ
849 1029 919 1066 τοῖς
940 1022 1104 1073 πειθομέ-

55 1098 125 1127 νοις
144 1084 190 1127 εἷς
212 1083 251 1122 τὸ
281 1086 371 1121 εἶναι
394 1083 434 1134 (Ρ)
469 1081 737 1133 συνηγωνίζετο·
772 1082 893 1126 ἁπλῶς
913 1081 948 1120 δὲ
982 1083 1104 1130 εἰπεῖν,

53 1142 249 1192 ὑπόδειγμα
269 1157 330 1180 και
342 1138 553 1194 χαρακτῆρα
572 1143 739 1194 παρεῖχεν
754 1141 875 1180 ἑαυτὸν
891 1142 1028 1194 ἀρετῆς·
1046 1158 1103 1194 γε·

7 1231 14 1234 -
53 1200 161 1252 γονὼς
173 1200 208 1239 δὲ
221 1201 278 1239 ἐπὶ
290 1200 459 1252 μεγάλαις
466 1200 526 1239 καὶ
537 1203 717 1253 λαμπραῖς
727 1200 966 1254 στρατηγίαις,
982 1200 1102 1254 ὥσπερ

52 1263 72 1299 ὁ
95 1260 240 1300 Ῥοδίων
267 1259 453 1310 κολοσσὸς,
476 1258 533 1297 διὰ
553 1258 695 1311 μέγεθος
722 1262 1009 1307 καταπληκτικὸς
1037 1259 1100 1310 ὢν,

54 1320 117 1357 οὐκ
147 1318 240 1357 ἔστιν
266 1318 451 1370 ἐράσμιος,
483 1319 641 1362 κάκεῖνος
668 1317 726 1356 διὰ
754 1317 792 1356 τὸ
812 1318 1100 1371 ἀφιλοχρηματον

52 1377 253 1427 θαυμαστὸς
272 1375 332 1424 ὢν,
353 1378 415 1414 οὐκ
434 1375 517 1428 ἔσχε
540 1375 644 1428 χάριν
656 1392 664 1400 ·
681 1376 971 1429 προσκεκρουκὼς
989 1375 1025 1415 δὲ
1043 1378 1100 1415 διὰ

51 1436 193 1487 γνώμης
218 1435 388 1488 ὀρθότητα
407 1438 478 1479 τοῖς
509 1438 804 1485 κατακοιμισταῒς
840 1435 1013 1488 εὐνούχοις
1032 1439 1100 1475 τῶν

53 1494 240 1547 βασιλέων,
260 1493 400 1538 εὔκολος
418 1491 467 1532 ὢν
488 1492 546 1532 διὰ
564 1493 686 1531 πενίαν
706 1493 766 1532 καὶ
785 1497 911 1547 κοῦφος
931 1495 976 1538 εἷς
993 1510 1100 1545 μετα-

52 1554 232 1602 νάστασιν,
252 1552 411 1605 διεδέχθη
432 1556 493 1600 τῆς
511 1553 738 1606 στρατηγίας.

103 1616 196 1652 Exc.
220 1617 277 1651 De
302 1622 398 1650 sent.
420 1627 460 1663 p.
490 1627 588 1660 272,
614 1614 689 1660 273
727 1626 735 1649 :
757 1611 843 1652 Ὅτι
863 1612 1101 1656 Σεὸαστιανὸς

50 1671 113 1720 τὴν
129 1672 319 1724 ἡγεμονίαν
335 1671 433 1724 παρὰ
458 1675 518 1710 τοῦ
542 1671 713 1723 βασιλέως
733 1672 928 1716 Οὐάλεντος
950 1672 1101 1725 εἰληφὼς

51 1731 149 1785 παρὰ
159 1731 299 1770 πάντων
318 1731 481 1770 ὑπόνοιαν
500 1731 828 1784 δισχιλίουςῇτησεν
842 1731 1002 1776 ὁπλίτας.
1020 1732 1098 1779 Τὴν

49 1791 87 1832 δὲ
106 1792 261 1838 ἐξουσίαν
281 1794 342 1839 τῆς
359 1792 523 1844 αἱρέσεως
547 1791 646 1836 αὐτὸς
667 1791 891 1845 ἐπιτραπεὶς,
909 1808 969 1830 του
992 1795 1098 1842 βασι-

49 1850 136 1895 λέως
166 1851 226 1890 καὶ
256 1852 384 1912 χάριν..
388 1851 783 1925 πρόσομολογήσαντος,
807 1851 861 1890 ὅτι
887 1850 1099 1889 κινδυνεύσει

49 1910 128 1964 περὶ
143 1910 341 1963 δισχιλίους,
353 1904 460 1948 εἰτα’
446 1910 610 1962 ερομένου
624 1909 686 1957 τὴν
704 1910 832 1958 αἰτίαν,
847 1911 894 1948 δι’
906 1910 949 1957 ἢν
964 1910 1099 1961 ὀλίγους

50 1969 184 2017 αἰτοίη,
203 1969 245 2007 τὰ
262 1969 368 2008 λοιπὰ
385 1972 403 2008 ὁ
433 1969 709 2013 Σεὸαστιανὸςν
691 1985 756 2022 εφη
781 1969 840 2007 τὸν
865 1969 1017 2018 πόλεμον
1039 1972 1099 2007 ευ-

52 2027 169 2077 ρῆσειν
189 2044 197 2052 ·
215 2031 286 2072 τοῖς
303 2027 371 2080 γὰρ
392 2022 430 2066 εῧ
449 2028 642 2080 πράττουσι
661 2027 808 2072 πολλοὺς
823 2006 1098 2079 προσθήσεσθαι·

49 2088 179 2133 πλῆθος
199 2086 235 2125 δὲ
257 2087 465 2137 μετακαλεῖν
487 2085 523 2129 ἐξ
545 2086 744 2137 ἀναγωγίας
761 2085 928 2124 δύσκολον
945 2101 952 2109 ·
974 2085 1098 2137 ὀλίγων

1165 1614 1181 1628 „

2166 184 2213 216 37»

1168 256 1202 295 δὲ
1222 257 1428 309 ἀρχομένων
1459 259 1491 302 ἐς
1520 258 1558 297 τὸ
1584 259 1690 298 καλὸν
1718 263 2046 311 μεταπλασθέντων,
2074 265 2133 302 καὶ
2152 268 2214 311 τῆς

1168 316 1307 366 ἀγωγῆς
1321 316 1639 368 ἐπιτυγχανούσης,
1659 317 1699 356 τό
1718 334 1757 371 γε
1775 319 1873 371 (τότε
1890 325 1929 361 Β.
1947 323 1956 371 )
1979 322 2070 361 κατὰ
2091 324 2213 377 μικρὸν

1167 374 1372 426 προσιόντας
1394 377 1476 428 ρᾷον
1497 375 1553 414 ἐπι
1572 377 1612 414 τὸ
1631 378 1783 430 κρεῖττον
1802 379 2063 424 ἐνταθήσεσῡαι,

1221 436 1347 472 Suidae
1374 437 1502 472 loc-um
1530 439 1705 486 Eunapio
1731 439 1942 476 vindicavit
1971 442 2136 478 Valesius
2169 443 2217 478 ad

1167 495 1357 530 Ammian.
1374 496 1525 543 XXXI,
1544 508 1558 531 1
1570 510 1600 532 1.
1616 498 1809 533 Nonnulla
1826 511 1872 534 ex
1889 512 1934 534 eo
1952 500 2089 535 iterum
2108 501 2217 537 affert

1166 553 1301 590 Suidas
1319 567 1357 589 v.
1384 552 1560 596 Κολοσσὸς
1584 562 1622 590 et
1650 555 1958 608 Προσκεκρουκώς.
1989 558 2045 595 Cf.
2069 561 2212 595 Zosim.

1166 614 1244 662 111,
1263 612 1326 648 23.

1531 709 1840 749 ΘΕΟΔΟΣΙΟΣ.

1659 810 1722 854 48.

1218 906 1311 940 Exc.
1334 907 1390 941 De
1411 913 1506 941 sent.
1529 918 1569 954 p.
1589 907 1663 952 273
1687 919 1694 941 :
1722 906 1768 945 ‘O
1784 905 1819 943 δὲ
1839 905 2002 957 βασιλεὺς
2017 906 2216 954 Θεοδόσιος,

1165 961 1383 1014 παραλαὸὼν
1405 962 1579 1010 τοσαύτην
1602 962 1715 1016 ἀρχὴν
1737 963 1796 1002 καὶ
1818 965 2012 1017 βασιλείαν,
2031 982 2216 1020 συνεμαρ-

1165 1020 1293 1073 τύρησε
1314 1027 1384 1065 τοῖς
1409 1023 1573 1066 παλαιοῖς
1601 1022 1722 1070 ἡλίκον
1743 1023 1817 1062 ἐστὶ
1845 1025 1953 1062 κακὸν
1979 1024 2135 1074 ἐξουσία,
2155 1027 2214 1064 καὶ

1164 1078 1218 1118 ὅτι
1232 1095 1316 1132 προς
1335 1078 1379 1118 τὰ
1395 1081 1511 1118 πάντα
1530 1081 1695 1132 στεγανόν
1713 1098 1746 1120 τι
1762 1098 1822 1121 και
1843 1083 1989 1133 μόνιμον
2007 1085 2100 1130 πλὴν
2117 1087 2217 1124 εὔτυ-

1164 1138 1245 1191 χίας
1262 1138 1454 1191 ἄνθρωπος.
1473 1141 1528 1179 Οὐ
1554 1139 1620 1192 γὰρ
1633 1139 1762 1194 ἔφθασε
1781 1142 2000 1194 παρελθὼν
1985 1143 2041 1181 επὶ
2061 1142 2125 1191 τὴν
2151 1148 2214 1198 ἀρ·

1164 1196 1249 1250 χὴν,
1267 1213 1328 1236 και
1344 1198 1502 1251 καθάπερ
1521 1199 1700 1252 μειράκιον
1724 1201 1983 1250 μελλόπλουτον
2004 1202 2134 1255 πατρὸς
2157 1204 2213 1242 επὶ

1164 1257 1279 1310 χρόνῳ
1298 1258 1413 1296 πολλὰ
1432 1257 1603 1310 χρηματα
1633 1259 1888 1312 σεσωρευκότος
1909 1260 1966 1298 διὰ
1987 1262 2214 1314 σωφροσύνην

1164 1316 1223 1355 καὶ
1242 1316 1369 1370 φειδὼ,
1392 1316 1523 1369 ἀθρόως
1540 1333 1725 1368 κυριευσαν
1742 1335 1810 1357 των
1827 1320 2045 1372 πραγμάτων
2067 1322 2215 1374 σφοδρόν

1163 1392 1239 1414 τινα
1260 1391 1319 1414 και
1335 1378 1497 1414 παντοῖον
1515 1377 1654 1429 ὄλεθρον
1674 1377 1765 1416 κατὰ
1779 1394 1847 1416 των
1868 1379 2073 1453 ευρεθεντων
2092 1381 2214 1431 μαίνε-

1162 1450 1243 1485 ται,
1268 1434 1359 1473 οὕτω
1384 1434 1445 1473 καὶ
1465 1435 1542 1473 τότε
1573 1439 1614 1483 ἠν
1636 1439 1768 1489 ὁρῶντα
1800 1439 2002 1476 ἐπισκοπεῖν
2031 1438 2151 1492 ὥσπερ
2176 1442 2214 1478 ἐκ

1162 1498 1353 1547 περιωπῆς,
1368 1494 1424 1532 τόν
1440 1510 1478 1545 γε
1493 1494 1660 1548 ἔμφρονα,
1681 1494 1815 1545 μηδένα
1829 1496 1956 1549 τρόπον
1972 1497 2212 1549 ἀμελούμενον

1162 1553 1288 1598 κακίας
1321 1553 1380 1591 καὶ
1401 1554 1592 1597 ἀκολασίας
1622 1556 1654 1598 ἐς
1674 1554 1737 1602 τὴν
1769 1555 1885 1603 κοινὴν
1905 1559 1973 1594 τῶν
1994 1559 2213 1609 πραγμάτων
2246 1604 2249 1607 ι

1162 1613 1364 1666 οιαφθοράν.

1215 1672 1358 1724 Ἀπορία
1375 1672 1443 1725 γὰρ
1463 1673 1548 1725 πρὸς
1568 1674 1730 1726 εἰσφορὰς
1751 1676 1942 1715 ἀκίνδυνον.

1216 1750 1231 1767 «
1246 1735 1464 1783 Eunapium
1480 1735 1701 1771 Christianis
1716 1736 1892 1772 omnibus
1907 1737 2017 1773 fuisse
2028 1738 2216 1774 infensum

1160 1794 1456 1843 imperatoribus
1473 1795 1561 1829 satis
1572 1795 1762 1831 novimus.
1784 1796 1855 1831 Hic
1873 1803 1998 1832 autem
2013 1798 2216 1846 reprehen-

1162 1853 1218 1889 dit
1241 1853 1446 1889 Theodosii
1464 1854 1616 1898 luxum3
1640 1853 1748 1901 cujus
1769 1856 2062 1905 vituperationis
2088 1858 2213 1893 imita·

1161 1920 1282 1948 torem
1301 1913 1418 1948 habet
1433 1914 1628 1961 Eunapius
1646 1915 1839 1950 Zosimum
1853 1943 1862 1960 ‚
1886 1917 1967 1963 qui,
1986 1918 2052 1963 IV,
2072 1928 2137 1962 27,
2162 1919 2215 1953 ait

1161 1971 1416 2007 Theodosium
1433 1984 1609 2007 exorsum
1626 1985 1704 2008 esse
1720 1974 1923 2022 imperium
1940 1987 1961 2010 a
1976 1975 2139 2020 luxuria,
2156 1989 2217 2010 so*

1163 2030 1296 2066 cordia
1307 2030 1637 2079 etprodigalitate.
1652 2033 1778 2081 Pergit
1791 2046 1909 2081 porro
1925 2034 2025 2069 idem
2042 2035 2213 2070 Zosimus

1162 2089 1367 2124 Theodosii
1387 2090 1518 2125 luxum
1547 2090 1763 2127 describere
1784 2093 1847 2136 IV,
1868 2091 1933 2129 28.
1966 2092 2029 2128 33.
2056 2091 2118 2128 50.
2143 2094 2216 2130 Sed

49 2207 104 2238 spe
129 2198 244 2229 melior
265 2198 313 2229 est
334 2197 503 2237 inventus,
532 2196 652 2229 nullius
678 2196 808 2228 virtutis
833 2205 958 2237 expers.
989 2198 1103 2230 Nullus

50 2250 135 2281 enim
148 2251 217 2281 erat
230 2258 294 2280 non
305 2249 409 2280 solum
426 2248 511 2281 illius
526 2248 631 2280 aetatis
645 2248 811 2279 hominum
823 2273 840 2288 ,,
854 2248 908 2280 sed
924 2258 964 2281 ne
979 2251 1097 2290 prisco·

49 2310 122 2333 rum
137 2301 266 2342 quidem
280 2302 437 2332 eteorum
469 2300 525 2341 qui
544 2300 628 2340 apud
643 2309 755 2332 omnes
772 2300 865 2332 valde
878 2291 1078 2334 celebrantur
1089 2325 1098 2341 ,

50 2363 125 2386 cum
150 2363 215 2394 quo
240 2362 304 2385 non
329 2354 435 2393 posset
456 2353 529 2393 jure
558 2354 748 2393 comparari.
776 2353 861 2393 Qui,
891 2363 993 2394 quum
1018 2354 1102 2387 bella

50 2408 192 2446 amaret,
225 2405 356 2437 minime
387 2407 497 2437 tamen
528 2405 745 2446 periculorum
782 2414 893 2437 amans
921 2410 1006 2447 erat,
1036 2417 1101 2439 non

50 2461 179 2501 propter
203 2468 254 2499 se,
280 2459 335 2491 sed
362 2460 494 2499 propter
518 2468 574 2491 eos
593 2459 710 2500 quibus
732 2459 922 2500 imperabat.
952 2461 1100 2493 Pecuniae

50 2512 175 2552 copiam
205 2502 356 2551 curabat,
377 2513 505 2542 tantum
522 2513 558 2542 ut
583 2520 700 2551 corpus
718 2511 816 2543 armis
840 2514 981 2544 ornaret.
1003 2511 1101 2545 Vic'tu

51 2573 128 2597 vero
147 2564 298 2597 utebatur
311 2564 393 2595 duro
406 2566 440 2596 et
448 2573 573 2605 aspero,
587 2565 642 2606 qui
659 2565 717 2605 ipsi
731 2564 902 2606 defatigato
918 2566 1081 2599 sufficeret

49 2617 83 2648 et
99 2616 140 2648 ad
159 2616 303 2648 laborem
318 2616 408 2648 eunti
432 2625 496 2648 non
509 2617 592 2649 esset
607 2616 848 2657 impedimento.
868 2618 976 2655 Quum
990 2619 1099 2650 autem

50 2668 214 2709 insigniter
223 2667 364 2700 militum
377 2677 489 2700 amans
498 2670 592 2709 esset,
604 2668 690 2701 vitiis
699 2669 806 2701 tamen
814 2677 924 2701 corum
935 2679 998 2701 non
1006 2671 1099 2710 grati-

50 2720 220 2759 ficabatur,
229 2720 282 2752 sed
293 2729 421 2753 omnem
434 2721 561 2753 illorum
573 2722 740 2754 avaritiam
748 2723 780 2754 et
791 2722 998 2762 rapacitatem
1009 2724 1100 2756 asuis

50 2775 197 2804 avertens
204 2772 234 2804 in
244 2773 350 2804 hostes
357 2773 573 2805 convertebat.
587 2773 660 2805 lllos
667 2782 755 2814 vero,
770 2774 826 2814 qui
835 2773 903 2806 liaec
915 2774 1086 2808 violassent

50 2824 189 2864 graviter
212 2824 364 2865 puniebat
383 2838 390 2857 ι
412 2825 709 2866 obtemperantibus
722 2835 798 2858 vero
818 2835 876 2866 pro
895 2826 1018 2859 viribus
1031 2830 1100 2860 erat

51 2875 250 2916 adjumento,
273 2876 438 2917 Denique,
456 2879 494 2909 ut
515 2877 626 2917 paucis
644 2886 712 2909 rem
729 2877 915 2919 expediam,
935 2887 970 2911 se
993 2879 1098 2919 ipsum

51 2928 179 2960 virtutis
191 2928 373 2968 exemplum
387 2930 419 2960 et
433 2928 570 2969 effigiem
589 2929 773 2969 praestabat.
791 2931 828 2961 ln
851 2930 975 2970 magnis
989 2933 1098 2963 autem

51 2981 85 3012 et
109 2979 283 3020 splendidis
307 2980 455 3020 praeturis
482 2982 646 3019 versatus,
668 2985 705 3012 ut
726 2981 926 3013 Rhodiorum
949 2983 1099 3015 colossus

52 3030 358 3072 ob‘magnitudinem
379 3032 588 3064 formidabilis
601 3034 649 3064 est
661 3056 669 3070 ,
680 3041 744 3064 non
758 3034 867 3065 autem
881 3034 1037 3073 amabilis,
1052 3035 1098 3067 sic

53 3084 84 3115 et
97 3084 148 3115 ille
161 3084 289 3124 propter
304 3083 454 3116 virtutem
469 3083 510 3115 ab
525 3083 658 3115 avaritia
674 3093 804 3124 prorsus
820 3085 955 3117 alienam
969 3110 978 3125 ,
993 3087 1096 3118 admi-

53 3134 160 3167 rabilis
172 3135 300 3175 quidem
315 3136 400 3174 erat,
414 3135 468 3167 sed
482 3135 602 3167 nullam
620 3135 757 3168 habebat
775 3137 920 3176 granam.
938 3140 979 3169 Et
995 3147 1097 3179 quum

53 3189 182 3228 propter
205 3188 320 3220 mentis
333 3188 558 3220 rectitudinem
571 3189 755 3221 offendisset
774 3189 957 3228 eunuchos,
977 3192 1097 3231 Regum

54 3240 241 3279 (Gratiani
269 3241 303 3272 et
336 3240 576 3272 Valentiniani
602 3241 650 3280 ll)
675 3241 902 3280 cubicularios,
933 3242 1011 3282 ipsi,
1042 3243 1098 3283 qui

52 3293 181 3332 propter
195 3293 415 3332 paupertatem
433 3292 601 3332 expeditus
616 3294 648 3325 et
667 3293 708 3325 ad
723 3293 829 3326 locum
844 3294 1037 3326 mutandum
1054 3296 1097 3327 sa-

53 3343 122 3374 cilis
141 3345 227 3383 erat,
241 3344 364 3384 imperii
378 3353 542 3376 successor
557 3345 651 3377 datus
666 3347 724 3377 est.

100 3396 319 3436 Sebastianus,
334 3396 504 3437 imperium
519 3398 682 3437 copiarum
697 3398 738 3430 ab
758 3398 949 3439 imperatore
964 3399 1098 3432 Valente

1162 2200 1374 2237 consecutus,
1402 2201 1517 2239 praeter
1545 2200 1691 2231 omnium
1721 2202 1993 2241 exspectationem
2017 2202 2082 2234 duo
2115 2203 2214 2234 millia

1162 2250 1388 2282 tantummodo
1406 2251 1544 2283 militum
1558 2253 1744 2292 postulavit.
1764 2255 1937 2294 Quumque
1956 2254 1985 2286 ei
2004 2254 2148 2287 delectus
2160 2264 2214 2286 ar·

1162 2301 1293 2334 bitrium
1311 2303 1500 2343 permissum
1524 2305 1652 2345 fuisset,
1668 2305 1837 2346 eidemque
1848 2308 1975 2345 gratum
1995 2308 2138 2339 animum
2151 2308 2210 2339 im·

1162 2356 1291 2394 perator
1309 2356 1492 2396 testaretur,
1507 2356 1595 2396 quod
1612 2356 1741 2389 duobus
1753 2359 1881 2390 tantum
1907 2358 2044 2399 stipatus
2072 2359 2215 2392 millibus

1162 2407 1313 2448 proelium
1325 2409 1460 2449 experiri
1471 2409 1622 2449 auderet,
1636 2410 1831 2452 insuperque
1851 2420 1983 2444 causam
2005 2415 2131 2454 rogaret
2144 2415 2210 2445 tam

1162 2467 1282 2499 paucos
1295 2461 1461 2500 poscendi,
1483 2475 1497 2489 «
1519 2464 1600 2499 Quae
1622 2462 1752 2502 desunt,
1784 2463 1889 2504 inquit
1908 2465 2126 2505 Sebastianus,
2145 2466 2213 2497 bel-

1161 2511 1230 2543 lum
1250 2511 1409 2553 inveniet;
1424 2522 1497 2545 nam
1516 2514 1661 2546 felicibus
1676 2515 1769 2546 multi
1784 2515 1998 2556 adjungentur
2013 2530 2021 2549 ι
2037 2526 2123 2549 nunc
2137 2527 2214 2549 vero

1162 2565 1401 2598 multitudinem
1415 2568 1601 2607 corruptam
1615 2577 1633 2599 a
1646 2567 1777 2608 perditis
1793 2569 1938 2602 moribus
1960 2579 2113 2603 revocare
2136 2580 2210 2612 per-

1160 2616 1299 2649 arduum
1322 2620 1383 2650 est.
1403 2620 1523 2650 Contra
1539 2619 1565 2651 si
1583 2619 1675 2659 pauci
1689 2619 1730 2651 ad
1743 2621 1898 2653 virtutem
1910 2622 2063 2663 incipiant
2079 2623 2211 2662 retrahi,

1160 2671 1239 2702 tunc
1250 2670 1421 2712 disciplina
1436 2671 1580 2704 adbibita
1599 2672 1645 2704 illi
1661 2674 1759 2705 etiam
1771 2698 1780 2714 ,
1795 2674 1851 2715 qui
1871 2674 2028 2715 paulatim
2039 2675 2210 2715 accedent,

1161 2722 1286 2754 facilius
1302 2723 1403 2755 vitam
1424 2724 1656 2756 emendabunt.
1674 2737 1689 2753 ι»

1652 2806 1710 2838 48.

1201 2878 1397 2910 Theodosius
1406 2879 1577 2918 Augustus,
1585 2879 1652 2910 tam
1665 2878 1730 2910 lata
1741 2878 1860 2911 ditione
1868 2880 2067 2920 imperioque
2077 2881 2209 2921 potitus,

1159 2931 1276 2962 veteris
1292 2930 1378 2962 effati
1393 2931 1562 2962 veritatem
1573 2930 1823 2970 demonstravit,
1837 2932 1957 2964 malum
1972 2932 2091 2964 seilicet
2101 2933 2210 2972 ingens

1159 2992 1226 3016 esse
1240 2984 1442 3025 potestatem,
1455 2984 1552 3024 atque
1565 2983 1728 3016 hominem
1742 2985 1891 3025 quamvis
1902 2984 1943 3016 ad
1958 2986 2065 3017 cetera
2076 2985 2206 3019 firmum

1159 3038 1256 3077 atque
1274 3036 1469 3069 obduratum
1485 3036 1627 3068 felicitati
1643 3039 1751 3069 tamen
1764 3046 1829 3069 non
1849 3046 1941 3078 posse
1956 3038 2111 3070 resistere.
2128 3040 2207 3070 Nam

1160 3090 1260 3122 veluti
1285 3089 1540 3121 adolescentulus
1555 3090 1753 3121 luculentam
1779 3091 1877 3131 patris
1899 3090 2109 3123 hereditatem
2135 3091 2205 3122 diu-

1158 3142 1253 3173 turna
1273 3141 1453 3182 frugalitate
1475 3141 1733 3182 parsimoniaque
1754 3144 1880 3182 partam
1896 3144 2026 3183 repente
2053 3142 2206 3183 adeptus,

1159 3194 1340 3226 vehementi
1353 3194 1493 3235 quodam
1511 3194 1696 3235 furiosoque
1710 3195 1831 3236 impetu
1845 3195 1885 3227 ad
1898 3195 2124 3236 prodigentlam
2139 3204 2206 3226 rem

1158 3245 1322 3276 inventam
1333 3245 1454 3286 rapitur
1470 3258 1477 3277 z
1492 3244 1537 3277 sic
1550 3247 1618 3278 tum
1634 3246 1749 3278 licebat
1766 3246 1897 3278 cordato
1915 3246 2034 3278 homini
2050 3248 2203 3286 tanquam

1159 3306 1176 3329 e
1189 3297 1317 3337 specula
1332 3298 1503 3329 observare
1513 3297 1730 3330 Theodosium
1745 3298 1785 3329 ad
1808 3307 1982 3330 commune
2004 3298 2048 3329 rei
2067 3297 2205 3337 publicae

1158 3349 1290 3381 exitium
1307 3349 1394 3381 omni
1407 3349 1610 3390 improbitate
1623 3349 1930 3390 intemperantiaque
1943 3352 2099 3381 ruentem.

1208 3402 1336 3441 Egestas
1354 3401 1507 3434 adversus
1524 3402 1714 3442 imperatum
1732 3402 1889 3434 tributum
1907 3402 1975 3433 tuta
1999 3403 2056 3432 est.

2054 3461 2080 3484 3.
