2372 3704
875 288 1149 329 PAUSANIAE

109 373 366 424 κεραυνωθῆναι
380 369 446 408 ὑπὸ
459 369 580 422 πυρὸς,
597 371 642 413 ὡς
655 370 757 416 δῆλον
775 368 827 408 ὅτι
842 372 872 408 οἱ
886 369 1070 423 Ἀντιοχεῖς
1087 373 1147 416 τῆς

109 428 238 481 Συρίας
258 429 292 466 ἐν
312 430 354 480 τῆ
374 431 420 481 γῇ
450 429 581 466 οἷκοῦσι
610 430 678 466 τῶν
697 428 884 479 γιγάντων.
910 428 1079 475 Ἐποίησε
1110 427 1146 466 δὲ

104 489 122 524 6
145 486 246 530 αὐτὸς
267 485 436 529 Σέλευκός
456 485 523 539 πρὸ
542 488 604 533 τῆς
631 485 764 529 πόλεως
779 485 888 538 πέραν
908 490 967 524 τοῦ
987 489 1146 537 ποταμοῦ

104 545 189 583 ἄλλο
209 545 353 596 ἄγαλμα
374 546 527 595 κεφαλῆς
541 543 649 583 ἵππου
669 544 729 582 καὶ
748 545 900 582 κασσίδα
918 545 1146 596 κεχρυσωμέ-

103 619 164 651 νην
193 605 353 651 πλησίον,
372 603 567 656 ἐπιγράψας
595 605 628 641 ἐν
653 605 786 652 αὐτοῖς,
817 621 831 637 n
860 603 940 655 Ἐφ’
971 597 1010 641 οῧ
1030 603 1146 656 φυγὼν

103 665 121 700 6
151 662 321 705 Σέλευκος
340 661 398 700 τὸν
432 662 620 713 Ἀντίγονον
651 661 798 708 διεσώθη
814 677 821 685 ·
844 661 902 699 καὶ
930 661 1147 714 ὑποστρέψας

104 722 232 758 ἐκεῖθεν
255 721 386 758 ἀνεῖλεν
405 720 520 759 αὐτόν.
542 739 556 754 υ
578 720 751 772 Ἄνήγειρε
772 718 807 758 δὲ
825 722 842 758 6
860 719 959 763 αὐτὸς
977 719 1147 763 Σέλευκος

103 780 163 816 καὶ
180 781 229 831 τῷ
243 778 399 830 Ἀμφίονι
413 779 543 826 στήλην
561 778 785 831 μαρμαρίνην
801 777 868 816 ἔσω
884 781 943 826 τῆς
958 778 1147 831 λεγομένης

103 837 353 888 Ῥωμανησίας
370 839 518 889 πόρτας,
538 838 754 889 ὅρνεοθυσίαν
773 841 926 875 ποιοῦντι
943 837 1016 888 ἅμα
1034 840 1143 890 αὐτῷ.

99 894 247 934 Ἔκτισε
264 895 299 934 δὲ
316 898 333 934 6
350 895 452 939 αὐτὸς
472 895 640 938 Σέλευκος
659 898 676 933 6
694 894 858 947 Νικάτωρ
874 895 934 933 καὶ
950 894 1059 942 ἄλλην
1077 910 1147 932 πα-

102 953 224 1005 ραλίαν
241 953 341 992 πόλιν
356 956 389 992 ἐν
406 957 447 1006 τῇ
467 953 579 1006 Συρίᾳ
595 953 738 1003 ὀνόματι
751 953 961 991 Λαοδίκειαν
975 954 1021 996 εἷς
1035 952 1146 1003 ὄνομα

100 1014 162 1058 τῆς
178 1014 284 1050 αὐτοῦ
300 1012 466 1064 θυγατρὸς
477 1042 487 1062 ,
507 1010 628 1064 πρῴην
645 1005 751 1049 οὖσαν
765 1010 888 1062 κώμην
909 1012 1053 1061 ὀνόματι
1067 1013 1104 1050 Μ
1109 1028 1147 1049 α-

102 1069 244 1113 ξαὸδάν.
267 1069 425 1117 Ποιήσας
445 1069 535 1108 κατὰ
555 1070 595 1107 τὸ
614 1069 686 1112 ἔθος
703 1068 822 1107 θυσίαν
844 1071 893 1121 τῷ
914 1068 982 1116 Διὶ,
1002 1068 1062 1106 καὶ
1083 1070 1148 1106 αἷ-

100 1127 296 1178 τησάμενος
321 1132 389 1166 ποῦ
414 1128 523 1167 κτίσει
550 1127 612 1174 τὴν
641 1127 756 1174 πόλιν,
779 1123 880 1175 ἦλθεν
906 1127 1003 1171 ἀετὸς
1039 1127 1146 1166 πάλιν

101 1187 161 1224 καὶ
181 1186 339 1240 ἥρπασεν
362 1186 430 1225 ἀπὸ
455 1189 516 1234 τῆς
544 1186 681 1229 θυσίας·
714 1186 773 1224 καὶ
795 1188 828 1224 ἐν
849 1188 897 1238 τῷ
918 1185 1147 1224 καταδιώκειν

108 296 182 328 470

101 1245 204 1283 αὐτὸν
226 1245 284 1283 τὸν
306 1245 402 1283 ἀετὸν
424 1245 620 1292 ὑπήντησεν
639 1246 733 1298 αὐτῷ
750 1244 896 1298 σύαγρος
913 1245 1037 1295 μέγας,
1057 1245 1147 1290 ἐξελ-

101 1302 168 1340 θὼν
189 1303 258 1341 ἀπὸ
274 1305 500 1354 καλαμῶνος,
526 1302 641 1341 ὅντινα
660 1304 791 1340 ἀνεῖλεν
812 1301 909 1356 ᾥτινι
928 1305 1068 1354 κατεῖχε
1086 1303 1147 1341 δό-

104 1376 182 1413 ρατι
194 1377 202 1385 ·
221 1361 280 1399 καὶ
299 1361 466 1414 φονεύσας
484 1362 543 1400 τὸν
563 1362 713 1413 σύαγρον
731 1361 790 1399 καὶ
809 1361 915 1413 σύρας
931 1361 969 1399 τὸ
985 1363 1146 1414 λείψανον

101 1421 222 1470 αὐτοῦ,
237 1421 276 1458 ἐκ
289 1423 347 1458 τοῦ
366 1419 511 1471 αἵματος
523 1421 627 1458 αὐτοῦ
648 1419 831 1472 διεχάραξε
851 1419 895 1457 τὰ
912 1419 1027 1472 τείχη,
1043 1421 1148 1463 ἐάσας

99 1477 158 1516 τὸν
180 1478 299 1516 ἀετόν·
321 1478 379 1516 καὶ
405 1477 512 1522 οὕτως
531 1478 594 1524 τὴν
618 1477 725 1525 αὐτὴν
752 1478 853 1516 πόλιν
873 1478 1005 1516 ἔκτισεν
1032 1478 1148 1516 ἐπάνω

101 1540 162 1575 τοῦ
186 1536 335 1587 αἵματος
363 1541 422 1575 τοῦ
453 1537 623 1590 συάγρου,
643 1537 809 1580 θυσιάσας
828 1537 933 1588 κόρην
954 1538 1045 1584 ἀδαῆ
1069 1537 1148 1575 ὀνό-

103 1611 188 1644 ματι
199 1595 362 1646 Ἀγαύην,
379 1596 527 1642 ποιήσας
547 1598 635 1648 αὐτῇ
657 1596 790 1642 στήλην
808 1597 946 1647 χαλκῆν
957 1597 1003 1639 εἷς
1019 1595 1145 1647 Τύχην

101 1656 162 1699 τῆς
179 1655 285 1700 αὐτῆς
304 1654 451 1697 πόλεως.
476 1652 622 1693 Ἔκτισε
645 1654 681 1692 δὲ
701 1657 719 1692 6
739 1654 840 1697 αὐτὸς
861 1654 1029 1698 Σέλευκος
1050 1656 1067 1691 6
1084 1655 1149 1692 Ni-

101 1710 220 1763 κάτωρ
250 1711 310 1750 καὶ
340 1711 450 1758 ἄλλην
475 1711 576 1750 πόλιν
608 1715 654 1756 εἷς
683 1713 745 1758 τὴν
774 1713 904 1765 Συρίαν
928 1713 1084 1763 μεγάλην
1105 1714 1150 1755 εἷς

102 1769 213 1820 ὄνομα
247 1773 308 1817 τῆς
329 1772 432 1809 αὐτοῦ
453 1771 619 1823 θυγατρὸς
648 1771 830 1821 Ἀπάμας,
854 1771 1005 1823 εὑρηκὼς
1027 1771 1148 1820 κώμην

102 1827 226 1881 πρῴην
237 1829 427 1880 λεγομένην
439 1829 649 1882 Φαρνάκην·
659 1830 718 1868 καὶ
731 1830 886 1882 τειχίσας
901 1829 1008 1876 αὐτὴν
1021 1832 1038 1867 6
1050 1829 1151 1874 αὐτὸς

102 1886 273 1931 Σέλευκος
287 1888 494 1938 ἐπωνόμασε
513 1888 625 1934 πόλιν,
646 1889 798 1931 καλέσας
819 1888 925 1934 αὐτὴν
947 1888 1150 1939 Ἀπάμειαν,

102 1944 222 1982 θυσίαν
239 1945 399 1992 ποιήσας·
418 1946 460 1993 ἣν
479 1946 580 1989 αὐτὸς
599 1947 828 1996 μετεκάλεσεν
846 1947 991 1995 ὀνόματι
1007 1946 1150 1986 Πέλλαν

106 2002 163 2040 διὰ
179 2004 219 2042 τὸ
236 2004 326 2056 ἔχειν
344 2004 406 2051 τὴν
421 2004 543 2057 Τύχην
558 2008 619 2051 τῆς
634 2006 741 2051 αὐτῆς
757 2005 948 2055 Ἀπαμείας
965 2004 1097 2047 πόλεως
1114 2005 1152 2043 τὸ

101 2061 211 2112 ὄνομα
238 2067 359 2101 τοῦτο·
388 2058 431 2111 ἧν
451 2063 518 2116 γὰρ
547 2066 565 2101 6
593 2063 693 2107 αὐτὸς
718 2063 889 2107 Σέλευκος
920 2063 988 2102 ἀπὸ
1010 2063 1150 2111 Πέλλης

102 2123 167 2168 τῆς
180 2121 313 2165 πόλεως
329 2122 560 2165 Μακεδονίας.
579 2122 747 2169 Ἐποίησε
765 2122 800 2160 δὲ
815 2122 934 2161 θυσίαν
951 2126 1074 2175 ταῦρον
1093 2123 1152 2160 καὶ

102 2179 245 2232 τράγον·
266 2180 327 2219 καὶ
350 2180 457 2218 ἐλθὼν
478 2181 584 2219 πάλιν
615 2183 633 2219 6
662 2181 760 2225 ἀετὸς
779 2182 887 2233 ἐπῆρε
906 2180 967 2225 τὰς
998 2182 1152 2234 κεφαλὰς

104 2292 136 2323 in
151 2291 238 2323 hunc
253 2301 354 2333 usque
366 2292 451 2324 diem
462 2293 611 2333 Gigantes
629 2294 755 2325 vocant.
783 2295 882 2325 Porro
903 2296 1036 2334 Pagrarn
1055 2302 1153 2334 quen·

104 2343 178 2374 dam
198 2343 374 2383 gigantem,
394 2344 479 2375 illius
507 2345 567 2376 loci
587 2345 724 2376 incolam
737 2369 746 2384 ‚
772 2345 842 2384 igne
860 2345 979 2378 coelesti
1002 2354 1153 2377 consum-

104 2395 195 2434 ptum
208 2394 250 2426 ibi
265 2395 393 2435 periisse
405 2396 520 2427 serunt.
540 2397 620 2427 Ante
632 2396 743 2428 urbem
758 2405 835 2428 vero
847 2397 886 2428 ad
901 2397 1000 2437 ripam
1013 2396 1155 2428 fluminis

106 2447 292 2478 ulteriorem
303 2448 454 2479 Seleucus
471 2448 559 2480 aliud
575 2448 671 2480 etiam
685 2450 790 2488 posuit
802 2450 1008 2481 simulacrum
1019 2474 1028 2489 ‚
1043 2450 1154 2490 capitis

103 2499 225 2531 scilicet
239 2500 365 2540 equini,
378 2500 535 2540 juxtaque
552 2502 705 2533 cassidem
727 2502 932 2541 deauratam,
949 2503 1066 2542 quibus
1086 2503 1153 2534 haec

104 2551 256 2591 inscripta
277 2553 352 2584 sunt
372 2565 379 2583 ;
402 2554 493 2585 Huic
512 2553 665 2585 insidens
691 2554 850 2586 seleucus
870 2556 1075 2594 Anciqonum
1086 2554 1152 2594 su-

105 2605 202 2642 qiens
216 2605 327 2635 evasit
347 2615 357 2635 .·
381 2606 413 2635 et
428 2604 548 2636 deinde
562 2613 718 2637 reversus
735 2613 812 2637 eum
828 2605 965 2637 occidit.
984 2606 1154 2646 Amphioni

106 2655 200 2686 etiam
215 2654 370 2687 sacerdoti
383 2681 393 2694 ‚
405 2655 543 2695 quicum
555 2656 623 2696 ipso
635 2656 775 2696 auspicia
788 2658 989 2696 captaverat,
1003 2657 1155 2689 Seleucus

105 2706 290 2737 columnam
304 2706 410 2746 posuit
436 2715 667 2746 marmoream,
682 2708 764 2739 intra
781 2710 905 2748 portam
925 2717 1021 2748 quam
1040 2710 1154 2740 vocant

105 2758 339 2789 Romanesiam.
356 2760 455 2790 Porro
471 2759 622 2791 Seleucus
635 2760 762 2792 Nicator
775 2760 887 2791 urbem
901 2759 1043 2791 condidit
1058 2761 1153 2792 etiam

106 2807 139 2837 in
159 2807 247 2846 Syria
258 2807 418 2838 maritima
431 2832 439 2846 ,
454 2818 550 2848 quam
565 2818 582 2840 a
596 2809 659 2840 tilia
681 2818 739 2841 sua
755 2810 941 2842 Laodiceam
965 2810 1151 2842 nominavit.

106 2860 209 2891 Antea
222 2859 264 2890 ibi
282 2860 384 2891 suerat
401 2861 509 2898 vicus,
538 2861 591 2892 cui
614 2870 732 2893 nomen
750 2862 912 2894 Mazabda.
930 2863 1032 2894 Sacris
1047 2865 1154 2894 autem

107 2910 179 2943 Jovi
206 2919 263 2950 pro
289 2920 377 2943 more
401 2912 555 2951 peractis,
581 2913 777 2954 numineque
799 2915 908 2954 rogato
931 2914 1060 2946 ubinam
1080 2915 1156 2946 urbs

109 2961 274 2993 condenda
292 2964 391 3002 esset,
409 2963 564 2995 advolans
578 2965 682 3004 aquila
693 2988 701 3003 ‚
720 2967 755 2996 ut
774 2967 886 3006 antea,
900 2965 1033 2998 offulam
1048 2975 1088 2998 ex
1101 2975 1155 2997 ara

108 3014 261 3054 surripit:
278 3023 374 3054 quarn
389 3015 464 3046 dum
483 3025 538 3047 rex
558 3017 747 3058 insequitur,
759 3018 898 3050 occurrit
910 3019 936 3049 ei
951 3027 1027 3059 aper
1046 3018 1156 3058 ingens

109 3075 151 3097 ex
166 3065 356 3097 arundineto
373 3079 380 3097 :
396 3067 481 3098 hunc
497 3068 647 3099 Seleucus
663 3069 752 3100 hasta
769 3078 865 3109 quam
886 3069 1006 3102 serebat
1027 3071 1156 3102 interie-

109 3117 170 3156 cit3
187 3118 219 3149 et
231 3117 326 3149 occisi
336 3118 403 3158 apri
417 3120 669 3152 circumtrahens
682 3122 828 3160 cadaver,
847 3122 940 3154 missa
954 3123 1073 3163 aquila,
1087 3132 1156 3154 san-

110 3170 204 3209 guine
215 3170 282 3209 eins
295 3170 466 3210 designatis
479 3173 639 3203 moenibus
656 3174 861 3206 fundamenta
879 3175 966 3208 urbis
981 3176 1013 3207 in
1030 3176 1084 3208 illo
1097 3185 1155 3216 po-

113 3222 178 3253 suit
193 3231 201 3252 z
217 3223 327 3261 parata
348 3221 381 3252 in
394 3222 557 3254 victimam
579 3224 700 3264 virgine
724 3225 861 3265 intacta,
885 3227 1014 3259 nomine
1030 3231 1155 3268 Agave3

112 3273 164 3303 cui
187 3273 282 3303 etiam
300 3274 437 3304 statuam
460 3283 575 3305 aeream
592 3275 693 3307 erexit
710 3276 741 3307 in
761 3278 935 3309 Fortunam
954 3279 1051 3311 urbis.
1070 3280 1156 3311 idem

112 3325 264 3356 Seleucus
281 3324 410 3356 Nicator
433 3325 575 3358 incidens
600 3328 631 3357 in
651 3328 759 3358 vicum
784 3329 946 3368 quendam
971 3331 1088 3370 Syriae,
1105 3331 1157 3362 cui

114 3375 276 3407 Pharnace
307 3385 442 3416 nomen,
464 3377 624 3410 moenibus
650 3387 724 3410 eum
744 3381 861 3420 cinxit,
883 3382 1059 3424 urbemque
1085 3384 1158 3415 fecit

114 3437 283 3468 magnam,
313 3438 331 3460 a
362 3429 436 3461 filiae
462 3440 528 3462 suae
554 3432 682 3463 nomine
699 3436 872 3473 Apameam
893 3444 1022 3468 vocans.
1053 3440 1156 3475 Quam

115 3478 227 3510 deinde
241 3480 393 3512 Seleucus
402 3505 410 3521 ‚
426 3483 548 3513 mutato
562 3483 690 3514 nomine
700 3507 708 3522 ,
727 3483 844 3515 Pellam
857 3484 896 3516 ah
907 3486 995 3518 urbis
1008 3488 1157 3518 Fortunae

1374 174 1387 184 ο

1181 287 1487 336 Damascum,

1205 368 1332 422 ταύρου
1352 368 1413 408 καὶ
1431 373 1491 407 τοῦ
1518 369 1647 421 τράγου
1660 383 1667 390 ·
1687 369 1746 407 καὶ
1774 368 2021 422 περιεχάραξεν
2041 371 2078 408 ἐκ
2100 373 2158 408 τοῦ
2191 369 2244 408 αἵ-

1207 443 1314 478 ματος
1329 427 1371 465 τὰ
1392 427 1507 479 τείχη.
1526 426 1671 466 Ἐκτισε
1687 427 1722 465 δὲ
1737 428 1796 465 καὶ
1811 428 1917 472 ἄλλας
1933 429 2114 482 διαφόρους
2130 429 2248 473 πόλεις

1207 487 1253 529 εἰς
1281 486 1389 529 ἄλλας
1409 485 1580 538 ἐπαρχίας
1599 485 1659 523 καὶ
1678 487 1724 529 εἷς
1743 486 1786 524 τὰ
1815 485 1975 538 Περσικὰ
1997 487 2085 539 μέρη
2106 490 2124 525 6
2147 487 2249 531 αὐτὸς

1208 543 1375 587 Σέλευκος
1394 543 1544 591 πολλὰς,
1564 538 1612 582 {iv
1629 543 1770 596 ἀριθμός
1789 546 1880 582 ἐστιν
1897 545 1958 592 σε’,
1979 545 2092 589 καθὼς
2110 548 2128 584 6
2148 546 2249 599 σοφὸς

1207 602 1411 645 Παυσανίας
1435 604 1452 639 6
1471 601 1707 653 χρονογράφος
1733 601 1992 655 συνεγράψατο,
2018 598 2167 641 ὧντινων
2187 603 2248 640 πό·

1205 662 1293 698 λεων
1313 661 1372 698 καὶ
1395 659 1438 697 τὰ
1454 659 1609 710 ὀνόματα
1629 658 1780 709 ἐξέθετο,
1802 661 1848 704 εἷς
1871 660 1981 710 ὄνομα
1996 660 2081 699 ἴδιον
2101 661 2161 700 καὶ
2179 664 2248 699 τῶν

1206 721 1310 756 αὐτοῦ
1322 718 1463 768 τέκνων,
1482 720 1528 762 ὡς
1540 717 1652 762 ἔδοξεν
1673 719 1766 769 αὐτῷ
1787 719 1827 768 (6
1841 718 2046 770 Σέλευκος).
2071 719 2117 758 ‘O
2133 718 2169 758 δὲ
2188 735 2246 758 σο-

1206 776 1264 829 φὸς
1286 775 1488 819 Παυσανίας
1508 775 1660 823 ἐξέθετο,
1683 777 1760 827 [ὡς]
1779 778 1825 820 εἷς
1840 776 1950 827 ὄνομα
1968 781 2025 815 τοῦ
2045 779 2168 816 ἑαυτοῦ
2184 793 2252 816 πα-

1207 835 1283 887 τρὸς
1302 834 1403 880 ἔθηκε
1432 834 1471 872 τὸ
1493 833 1602 884 ὄνομα
1621 837 1682 881 τῆς
1708 834 1864 884 μεγάλης
1887 835 2095 887 Ἀντιοχείας
2113 838 2131 874 6
2151 836 2252 880 αὐτὸς

1207 893 1394 939 Σέλευκος,
1416 892 1534 939 ἐπειδὴ
1555 893 1614 930 καὶ
1630 895 1647 930 6
1665 894 1768 931 αὐτοῦ
1784 892 1902 944 πατὴρ
1919 893 2089 946 Ἀντίοχος
2101 893 2249 946 ἐλέγετο.

1204 951 1328 994 Οὐδεὶς
1346 950 1380 988 δὲ
1401 950 1522 996 κτίζων
1539 950 1640 989 πόλιν
1659 952 1705 995 εἰς
1724 950 1833 1000 ὄνομα
1852 952 2052 998 τεθνηκότος
2069 951 2175 1000 αὐτὴν
2191 967 2253 990 κα-

1205 1011 1259 1047 λεῖ
1272 1025 1279 1032 ·
1298 1008 1372 1047 ἔστι
1391 1007 1458 1062 γὰρ
1471 1011 1574 1061 λῆρος
1586 1025 1594 1032 ·
1614 1010 1690 1047 ἀλλ’
1706 1011 1752 1053 εἷς
1765 1009 1875 1060 ὄνομα
1895 1012 2018 1055 ζῶντος
2031 1011 2090 1049 καὶ
2106 1013 2252 1054 ἑστῶτος

1206 1069 1320 1108 καλεῖ.
1350 1065 1499 1106 Ἥντινα
1531 1068 1631 1106 πόλιν
1653 1069 1698 1112 εἷς
1729 1070 1839 1119 ὄνομα
1866 1068 2043 1121 Ἀντιόχου
2074 1073 2136 1108 τοῦ
2166 1069 2254 1108 ἰδίου

1207 1128 1312 1164 αὐτοῦ
1330 1129 1415 1174 υἱοῦ,
1429 1129 1475 1170 ὡς
1488 1127 1709 1179 προείρηται,
1727 1127 1885 1166 ἐκάλεσε.
1904 1128 2026 1167 Πολλὰ
2038 1128 2074 1166 δὲ
2087 1128 2148 1167 καὶ
2161 1129 2252 1167 ἄλλα

1206 1188 1223 1222 6
1238 1185 1337 1228 αὐτὸς
1358 1186 1555 1238 σοφώτατος
1573 1185 1775 1229 Παυσανίας
1788 1189 1976 1232 ποιητικῶς
1993 1186 2245 1239 συνεγράψατο.

1207 1246 1327 1280 Etiam
1348 1246 1513 1293 reliqua,
1533 1259 1617 1293 quae
1635 1246 1680 1282 de
1697 1246 2007 1282 Antiochensium
2025 1247 2120 1283 urbe
2138 1247 2254 1283 habet

1208 1305 1379 1348 Malalas,
1398 1304 1539 1339 bonam
1554 1312 1700 1352 partem
1719 1317 1765 1342 ex
1780 1304 1915 1340 eodem
1938 1306 2118 1341 Pausania
2136 1304 2254 1341 fluxe-

1206 1362 1296 1396 rint.
1320 1364 1375 1397 De
1395 1363 1507 1398 rebus
1528 1364 1701 1410 exposuit
1721 1364 1767 1400 Ο.
1792 1364 1941 1399 Miiller.
1963 1365 2019 1399 De
2042 1364 2254 1410 antiquita-

1208 1420 1307 1455 tibus
1335 1422 1578 1456 Antiochenis
1595 1423 1938 1458 Commentationes
1965 1422 2060 1461 duae.
2082 1423 2252 1470 Gotting.

1213 1478 1326 1527 1839.
1371 1479 1425 1515 Cf.
1481 1479 1648 1526 ejusdem
1678 1482 1812 1516 Klein&
1853 1481 2026 1516 deutsche
2066 1479 2256 1528 Schriften

1210 1544 1299 1572 torn.
1320 1538 1361 1584 Ι,
1378 1551 1416 1585 p.
1439 1550 1488 1585 90
1511 1551 1593 1585 sqq.
1714 1591 1735 1627 5

1262 1660 1416 1695 Malalas'
1430 1673 1470 1708 p.
1497 1660 1572 1702 248
1593 1674 1600 1695 :
1622 1658 1706 1697 Ἐπὶ
1726 1658 1760 1696 δὲ
1781 1661 1842 1705 τῆς
1865 1659 2041 1710 βασιλείας
2067 1663 2128 1698 τοῦ
2146 1661 2252 1698 αὐτοῦ

1211 1716 1387 1755 Κλαυδίου
1419 1718 1450 1754 οἱ
1484 1717 1581 1754 αὐτοὶ
1616 1716 1800 1769 Ἀντιοχεῖς
1830 1717 1993 1770 κτήτορες
2023 1718 2083 1756 καὶ
2114 1720 2255 1757 πολῖται

1210 1774 1385 1827 ἀναφορὰν
1404 1774 1587 1827 ἔπεμψαν,
1609 1775 1763 1826 δεόμενοι
1791 1774 1880 1814 ὥστε
1905 1779 2169 1828 παρασχεθῆναι
2195 1778 2256 1814 αὖ·

1213 1838 1283 1876 τοῖς
1300 1833 1369 1871 ἀπὸ
1385 1833 1474 1877 θείας
1491 1835 1594 1872 αὐτοῦ
1611 1833 1798 1877 κελεύσεως
1814 1835 2050 1886 ἀγορασθῆναι
2065 1835 2108 1872 τὰ
2125 1835 2258 1885 Ὀλύμ-

1211 1907 1275 1928 πια
1305 1891 1374 1928 ἀπὸ
1402 1895 1469 1930 τῶν
1503 1892 1662 1930 Πισαίων
1694 1895 1755 1938 τῆς
1775 1892 1945 1936 Ἑλλάδος
1963 1893 2080 1946 χώρας
2101 1893 2170 1932 ἀπὸ
2189 1897 2257 1932 τῶν

1211 1948 1357 1995 ἐτησίων
1378 1948 1556 2002 προσόδων
1575 1952 1644 1987 τῶν
1663 1949 1831 1988 ἐαθέντων
1848 1952 2041 2003 χρημάτων
2060 1951 2157 2005 παρὰ
2177 1954 2256 1992 Σω-

1211 2007 1324 2045 σιὸίου
1350 2007 1440 2049 τινὸς
1471 2009 1721 2059 συγκλητικοῦ,
1751 2008 1966 2057 συμπολίτου
1999 2011 2126 2049 αὐτῶν.
2187 2010 2257 2049 Καὶ

1210 2065 1385 2117 παρέσχεν
1406 2067 1521 2109 αὐτοῖς
1541 2065 1710 2118 ἀγοράσαι
1727 2065 1770 2103 τὰ
1790 2065 1973 2117 Ὀλύμπια
1988 2069 2005 2104 6
2022 2068 2122 2112 αὐτὸς
2138 2068 2258 2108 Κλαύ-

1213 2125 1280 2167 διος
1302 2123 1482 2175 βασιλεὺς,
1512 2124 1606 2168 ἔτους
1629 2124 1902 2176 χρηματίζοντος
1921 2125 2011 2163 κατὰ
2030 2125 2108 2170 τοὺς
2127 2126 2258 2165 Ἀντιο-

1212 2183 1285 2234 χεῒς
1302 2181 1436 2234 Σύρους
1457 2182 1526 2232 462
1547 2184 1660 2222 Τοῦτο
1677 2182 1712 2220 δὲ
1730 2183 1896 2231 ἐποίησαν
1912 2186 1942 2222 οἷ
1961 2185 2058 2223 αὐτοὶ
2075 2184 2260 2237 Ἀντιοχεῖς

1220 2293 1350 2324 nomine
1379 2293 1450 2332 (sic
1472 2293 1583 2332 dictae,
1612 2294 1699 2334 quod
1718 2303 1736 2326 a
1758 2295 1842 2327 Pella
1871 2295 2065 2328 Macedonia]
2091 2296 2171 2328 urbe
2195 2296 2261 2337 ipse

1214 2344 1371 2376 oriundus
1381 2345 1470 2384 erat)
1486 2345 1668 2385 appellavit.
1694 2348 1730 2378 ln
1746 2347 1937 2379 sacrificinm
1957 2347 2068 2380 habuit
2082 2349 2212 2380 taurum
2228 2351 2261 2381 et

1214 2397 1351 2429 hircum.
1368 2399 1405 2429 Et
1421 2398 1528 2438 aquila
1544 2399 1611 2430 tum
1626 2407 1736 2431 rursus
1745 2399 1896 2432 advolans
1909 2401 1991 2432 tauri
2002 2401 2146 2442 hircique
2155 2402 2260 2442 capita

1213 2448 1363 2488 abripuit.
1391 2451 1537 2486 Quorum
1567 2459 1606 2481 ex
1637 2451 1789 2490 sanguine
1811 2452 1931 2483 moenia
1955 2452 2044 2484 urbis
2069 2452 2258 2492 designavit.

1215 2502 1372 2532 Praeterea
1393 2500 1471 2532 alias
1484 2501 1579 2533 urbes
1594 2510 1690 2542 quam
1719 2502 1873 2542 plurimas
1889 2503 2041 2535 Seleucus
2059 2503 2202 2536 condidit
2227 2505 2260 2536 in

1212 2551 1281 2582 aliis
1311 2551 1492 2591 regionibus
1510 2553 1542 2583 et
1567 2553 1600 2583 in
1625 2553 1750 2585 Perside
1775 2554 1892 2592 etiam,
1912 2563 2046 2586 numero
2063 2556 2260 2596 septuaginta

1213 2602 1374 2642 quinque,
1403 2603 1449 2634 uti
1474 2603 1597 2643 sapiens
1616 2606 1788 2637 Pausanias
1812 2606 2071 2647 chronographus
2096 2608 2261 2639 memoriae

1213 2653 1351 2694 prodidit
1365 2664 1375 2686 z
1388 2663 1467 2694 quas
1478 2663 1588 2686 omnes
1604 2655 1653 2687 vel
1668 2657 1796 2688 nomine
1809 2665 1867 2688 suo
1876 2657 1926 2689 vel
1939 2657 2112 2692 liberorum
2126 2667 2258 2691 suorum

1215 2714 1271 2744 pro
1297 2705 1402 2736 lubitu
1419 2706 1571 2738 Seleucus
1598 2707 1771 2747 insignivit.
1795 2708 1926 2748 Sapiens
1953 2711 2060 2741 autem
2089 2710 2262 2742 Pausanias

1217 2756 1347 2787 tradidit
1375 2757 1543 2788 seleucum
1582 2758 1758 2790 Antiochiae
1789 2768 1914 2800 magnae
1941 2769 2057 2792 nomen
2088 2761 2211 2794 dedisse
2241 2770 2260 2793 a

1215 2808 1303 2847 patre
1325 2815 1383 2838 suo
1410 2808 1577 2840 Antiocho.
1606 2811 1727 2841 Verum
1747 2819 1841 2841 nemo
1859 2811 1946 2843 urbis
1970 2811 2115 2843 conditor
2133 2821 2202 2844 eam
2227 2814 2260 2844 in

1214 2859 1372 2892 demortui
1386 2870 1502 2892 nomen
1517 2870 1631 2893 vocare
1649 2862 1728 2894 solet
1745 2875 1752 2893 z
1770 2863 1945 2894 absurdum
1963 2865 2047 2895 enim
2060 2865 2126 2903 est;
2142 2864 2196 2895 sed
2213 2865 2261 2895 vi·

1215 2912 1317 2942 ventis
1330 2912 1465 2951 alicujus
1477 2913 1507 2943 et
1521 2913 1698 2952 superstitis
1714 2923 1830 2945 nomen
1847 2915 1874 2945 ei
1891 2914 1980 2946 indit.
2003 2917 2113 2955 ltaque
2129 2917 2161 2947 et
2177 2916 2259 2948 hanc

1216 2964 1326 2995 urbem
1340 2965 1492 2996 Seleucus
1511 2965 1658 2996 Antiochi
1675 2966 1729 2997 filii
1744 2966 1791 2997 sui
1805 2967 1934 2999 nomine
1948 2968 2147 2999 Antiochiam
2162 2978 2258 3000 voca-

1215 3015 1277 3054 vit,
1294 3016 1339 3046 uti
1352 3015 1382 3047 in
1409 3015 1566 3055 prioribus
1581 3016 1716 3047 dictum.
1731 3018 1883 3049 Ceterum
1896 3020 1928 3050 et
1943 3019 2005 3049 alia
2018 3019 2119 3050 multa
2136 3020 2259 3061 sapien-

1215 3067 1351 3098 tissimus
1366 3067 1417 3098 illc
1435 3068 1604 3100 Pausanias
1620 3071 1786 3108 poetarum
1800 3077 1888 3101 more
1902 3070 1975 3102 ficta
1991 3070 2132 3103 tradidit.

1257 3180 1376 3212 Eodem
1389 3180 1563 3221 imperante
1577 3181 1709 3213 Claudio
1722 3182 1876 3222 primores
1889 3184 1919 3214 et
1940 3184 2075 3223 populus
2090 3185 2260 3218 Antioche-

1216 3242 1276 3264 nus
1293 3233 1332 3264 ad
1344 3234 1568 3274 imperatorem
1591 3233 1786 3273 referebant,
1807 3234 1848 3265 ab
1867 3243 1904 3266 eo
1921 3239 2081 3276 petentes,
2099 3238 2136 3268 ut
2151 3237 2261 3271 divino

1219 3285 1290 3324 ejus
1304 3284 1407 3316 edicto
1422 3285 1604 3316 facultatem
1624 3285 1683 3316 sibi
1700 3285 1852 3317 haberent
1866 3286 2012 3326 Olympia
2025 3295 2043 3318 a
2059 3288 2165 3320 Pisaeis
2177 3290 2259 3326 redi--

1217 3335 1324 3367 mendi
1339 3345 1380 3368 ex
1393 3335 1507 3368 annuis
1516 3336 1578 3368 iilis
1591 3336 1744 3368 reditibus
1758 3337 1844 3368 urbis
1866 3346 1931 3368 suae
1947 3346 1966 3368 a
1982 3338 2104 3370 Sosibio
2120 3340 2259 3379 quodam

1217 3388 1286 3419 cive
1296 3388 1328 3419 et
1342 3389 1487 3420 senatore
1501 3387 1698 3420 Antiocheno
1714 3389 1791 3420 olim
1809 3389 1927 3428 legatis.
1944 3390 2139 3421 Facultatem
2154 3390 2260 3429 itaque

1219 3438 1366 3479 Olympia
1385 3438 1559 3471 redimendi
1577 3440 1732 3471 concessit
1745 3440 1788 3471 eis
1801 3440 1952 3471 Claudius
1969 3441 2152 3480 imperator,
2172 3450 2254 3472 anno

1218 3497 1291 3521 aerae
1308 3489 1513 3522 Antiochenoe
1528 3499 1604 3522 xcn.
1623 3491 1754 3523 Factum
1775 3500 1888 3531 nempe
1905 3491 1964 3523 hoc
1980 3492 2019 3523 ab
2036 3491 2254 3526 Aristomenis,
