2372 3704
926 197 981 235 IN
1013 199 1286 241 VOLUMINE
1315 202 1385 241 ΙΙΙ.

132 279 226 331 Pag.
252 294 300 328 70
316 308 326 327 ,
355 281 400 317 fr.
430 294 468 330 9.
485 302 539 310 —
555 282 697 318 Eadem
716 284 757 319 in
783 281 955 320 Cramcri
979 286 1126 324 Anecd.

77 342 234 378 Parisin.
255 342 327 390 lv,
347 353 388 389 p.
412 340 462 377 65
477 368 488 386 ‚
506 339 527 377 5
539 367 550 387 ,
570 341 640 377 ubi
668 354 741 390 pro
760 339 827 379 υἱοὶ
845 339 975 393 Ἄρεως
993 345 1131 393 legitur

75 397 143 436 υἱοὶ
170 397 331 447 Αἰνείου,
356 400 462 447 quod
493 400 632 449 procul
652 399 770 437 dubio
792 402 906 438 etiam
933 403 972 438 in
1000 405 1125 452 Etym.

74 459 127 494 M.
148 459 429 508 reponendum.

125 516 217 567 Pag.
242 530 305 565 71.
329 539 382 546 —
405 520 461 554 Ex
483 518 558 555 hoc
578 519 773 556 Simonide
791 521 1003 557 Lucianum
1021 535 1127 558 suam

71 576 291 613 Galatarum
317 589 453 627 pugnae
474 577 767 627 descriptionem
800 587 1015 616 mutuatum
1050 594 1126 618 esse

70 634 356 672 Wernsdorfius
371 649 459 672 cum
478 648 602 685 eoque
622 638 687 673 alii
701 645 867 677 censent.
890 639 1124 676 Simonidem

69 694 117 732 de
139 707 184 732 ea
197 696 388 742 carmine,
409 708 488 732 non
507 697 633 733 soluta
655 698 840 744 oratione,
860 699 1053 748 scripsisse
1077 712 1123 736 ex

66 766 163 792 voce
182 753 343 798 ἐποποιὸς
357 768 421 806 ap.
441 755 597 792 Suidam
615 756 762 806 colligit
778 759 1014 806 Droysenius
1031 760 1124 795 Hel—

68 813 142 852 len.
164 815 221 860 ΙΙ,
235 827 277 864 p.
297 814 386 852 233.

118 870 210 922 Pag.
237 878 326 923 149.
351 898 404 906 -
422 872 479 910 De
517 874 673 910 Mnasea
703 882 862 924 egerunt
894 876 1049 914 Preller.
1082 878 1123 912 in

64 931 334 980 Zeitsclzftfitr
345 933 838 982 Alterthumswissensclzafl
855 935 967 981 1846,
979 936 1066 973 fasc.
1081 935 1118 980 8,

65 998 104 1028 et
125 1000 215 1041 post
239 992 344 1029 hunc
363 993 553 1042 peculiari
581 993 712 1030 libello
738 994 927 1043 Eugenius
962 995 1121 1032 Mehlius

64 1048 267 1101 (Mnaseoe
303 1053 525 1088 Patarensis
562 1053 806 1102 Fragmenta.
854 1054 975 1101 Lugd.
1026 1055 1115 1093 Bat.

67 1109 165 1156 1847
181 1110 206 1160 ).
235 1111 391 1148 Prelleri
409 1112 553 1159 scripto
571 1112 627 1147 uti
646 1124 724 1147 non
740 1112 862 1148 licuit.

115 1167 209 1219 Pag.
234 1174 322 1219 149,
340 1178 422 1208 not.
444 1183 477 1215 1,
494 1171 562 1206 lin.
583 1168 865 1222 3legetsr.6.
891 1169 953 1207 15.
969 1171 1033 1209 33.
1053 1172 1116 1220 39.

59 1227 178 1264 Linea
193 1228 217 1264 6
237 1229 319 1278 lege
338 1241 347 1266 :
366 1227 428 1275 fr.
449 1227 486 1267 5.
507 1241 546 1277 9.
569 1228 633 1265 35.
652 1228 716 1272 46.
732 1249 786 1256 -
802 1230 879 1265 Illis
898 1230 992 1266 locis
1011 1232 1119 1267 Mna-

59 1299 140 1323 seas
156 1286 334 1339 Πατρεὺς,
345 1288 404 1324 his
418 1285 603 1337 Παταρεὺς
614 1288 843 1337 appellatur.
858 1290 903 1325 In
918 1289 1052 1338 fragm.
1069 1281 1118 1326 38

59 1347 100 1381 in
119 1347 294 1395 plurimis
318 1347 435 1383 codd.
466 1354 521 1383 est
544 1345 726 1398 Πατρεὺς,
755 1349 797 1383 in
824 1349 1007 1385 Vaticano
1036 1349 1117 1387 Πα-

58 1403 197 1456 ταρεύς.
212 1406 402 1442 Prellerus
415 1406 783 1455 adoptavitformam
799 1404 995 1459 Παταρεὺς,
1008 1408 1116 1444 item-

57 1477 132 1513 que
151 1465 311 1502 Mehlius
325 1493 336 1512 ‚
354 1467 421 1514 qui
439 1466 601 1503 formam
621 1464 782 1517 Πατρεὺς
802 1469 924 1503 errori
945 1467 1113 1504 tribuen-

57 1523 146 1560 dam
174 1532 322 1570 censet‚
350 1541 366 1558 «
404 1525 511 1573 quod
530 1523 634 1574 (ait)
667 1538 788 1574 quum
805 1526 866 1562 vel
896 1538 942 1562 ex
977 1528 1116 1575 exiguo

55 1584 231 1620 locorum
247 1586 407 1620 istorum
422 1591 550 1634 pateat
568 1597 728 1621 numero
741 1613 751 1631 ‚
774 1597 839 1621 eos
858 1587 970 1622 tacite
987 1587 1118 1623 licebit

56 1644 262 1693 corrigere.
289 1661 305 1678 ι
327 1644 402 1680 Sed
417 1656 597 1680 numerus
618 1645 923 1681 testimoniorum
942 1646 1043 1683 idem
1063 1654 1118 1682 est

55 1702 104 1739 ab
129 1701 242 1751 parte
264 1711 451 1751 utraque3
475 1703 655 1739 codicum
674 1715 765 1739 vero
796 1715 975 1739 numerus
996 1711 1032 1740 et
1051 1717 1115 1740 au-

55 1763 213 1799 ctoritas
229 1762 351 1811 major
368 1770 421 1799 est
437 1763 486 1798 ab
504 1770 615 1812 parte
631 1775 766 1799 eorum
780 1763 1011 1812 scriptorum
1023 1792 1032 1810 ‚
1050 1766 1115 1812 qui

54 1820 216 1858 formam
235 1819 394 1874 Πατρεὺς
422 1823 621 1860 exhibent.
641 1816 805 1858 Aliunde
839 1835 931 1858 vero
952 1824 1046 1858 nihil
1065 1825 1116 1859 af-

53 1879 145 1916 ferri
158 1881 308 1926 licebit,
324 1894 392 1916 cur
405 1894 449 1917 ex
463 1882 583 1929 Lycia
593 1882 724 1930 potius
736 1893 850 1929 quam
863 1882 909 1917 'ex
924 1882 1113 1931 Pelopon-

52 1951 146 1975 neso
176 1939 384 1975 oriundum
405 1952 486 1975 esse
514 1941 739 1989 scriptorem
766 1940 947 1977 volueris.
965 1960 1019 1968 —-
1036 1941 1112 1976 Ibi·

53 1997 141 2034 dem
155 1999 223 2034 lin.
249 2012 263 2034 1
276 2012 291 2034 1
311 2011 385 2048 pro
405 2000 590 2034 Mnaseas
621 1998 839 2045 Corcyroeus
861 1999 944 2047 lege
968 2009 977 2036 τ
1001 2000 1114 2035 Mmt-

51 2070 138 2093 seas
160 2056 414 2106 (Corcyroeus,
437 2061 492 2092 uti
511 2058 705 2104 videtur).

106 2115 200 2166 Pag.
229 2121 318 2165 149,
335 2117 384 2152 ad
398 2109 442 2152 fr.
465 2129 503 2154 2.
521 2137 571 2144 —
585 2117 641 2154 Cf.
656 2116 790 2153 Suidas
805 2124 842 2153 et
855 2118 982 2165 Etym.
1006 2118 1058 2153 M.
1079 2131 1109 2155 5.

52 2175 137 2212 ead.
159 2189 198 2212 v.
219 2182 255 2212 et
274 2177 429 2212 Bachm.
449 2176 594 2212 Anecd.
613 2177 643 2222 I,
666 2189 705 2225 p.
726 2175 788 2211 38.

106 2234 198 2284 Pag.
219 2234 305 2281 150,
322 2235 369 2271 fr.
391 2235 428 2280 3,
444 2236 513 2272 lin.
535 2234 574 2272 5.
589 2256 637 2262 —
650 2237 723 2283 Ap.
742 2235 953 2270 Zenobium
966 2248 1039 2283 pro
1053 2250 1111 2272 νο-

55 2291 220 2342 μίσαντες
240 2292 426 2343 ἀναμένειν
459 2294 725 2342 Wyttenbach.
740 2301 779 2330 et
799 2294 960 2329 Mehlius
981 2295 1112 2343 legunt

51 2350 243 2402 ὀμόσαντες
261 2353 458 2401 ἀναμενεῖν,
474 2361 578 2389 recte
594 2382 604 2397 ,
623 2359 733 2401 puto.

106 2412 166 2450 Ib.
189 2412 237 2450 fr.
262 2412 299 2458 6,
315 2413 384 2449 lin.
404 2413 474 2447 ult.
498 2433 552 2438 —
571 2413 646 2447 Pro
667 2409 795 2460 σκάρον
816 2423 861 2447 ex
877 2412 1034 2449 Aristot.
1059 2414 1107 2448 H.

52 2470 124 2508 An.
154 2471 226 2516 IV,
252 2483 275 2518 9
300 2478 336 2506 et
356 2472 428 2506 AEl.
453 2472 502 2506 H.
530 2473 604 2508 An.
623 2471 686 2513 X,
714 2482 755 2505 11
777 2470 849 2519 leg.
873 2468 1020 2519 κάπρον.
1050 2471 1106 2508 Cf.

50 2529 209 2567 Pausan.
231 2531 343 2577 VIII,
364 2542 408 2565 21
425 2556 435 2574 ,
463 2541 503 2564 1·
495 2556 505 2574 ,
521 2530 618 2566 Plin.
638 2529 718 2573 XI,
740 2541 824 2565 112.
843 2529 898 2565 IX
910 2529 1002 2575 ,3.4

105 2590 196 2636 Pag.
221 2587 310 2633 151,
337 2588 386 2624 ad
406 2588 452 2624 fr.
473 2587 511 2623 8.
537 2609 590 2615 —
607 2587 702 2625 Ead.
723 2587 896 2624 Eudocia
914 2601 954 2637 p.
977 2588 1022 2623 3
1004 2601 1053 2637 79
1073 2596 1111 2625 et

52 2645 140 2681 213
163 2645 298 2682 Priore
319 2647 406 2682 loco
434 2659 507 2695 pro
525 2659 603 2687 τους
621 2643 799 2688 Μολιονας
819 2647 956 2695 legitur
974 2655 1109 2683 notum

50 2706 147 2742 illud
160 2703 239 2747 tob<
258 2703 468 2748 Μολιονίδας
481 2732 491 2751 ,
505 2705 611 2754 quod
623 2706 789 2755 etiamssn.
803 2706 828 2740 l.
843 2707 1108 2755 reponendum

49 2776 128 2800 esse
143 2765 309 2803 videtur.

102 2823 200 2860 Ibid.
222 2823 267 2859 fr.
296 2837 310 2860 1
324 2837 357 2869 1,
388 2824 454 2861 lin.
475 2836 512 2859 2.
531 2844 584 2851 —
603 2824 787 2859 Prcllerus
818 2825 1006 2873 vulgatam
1028 2822 1109 2867 Διὸς

49 2879 266 2933 Ἡρακλέους
294 2884 391 2918 tueri
417 2883 556 2921 studet.
594 2900 608 2914 «
636 2881 787 2918 Effinxit
818 2896 962 2918 novum
994 2883 1106 2919 deum

48 2943 71 2978 J
74 2943 411 2978 ovem-Herculem
422 2970 431 2988 ‚
450 2949 576 2978 ortum
592 2943 612 2978 J
616 2943 697 2978 ovis
712 2943 963 2990 Herculisque
978 2955 997 2979 e
1015 2956 1107 2979 con-

45 3000 245 3047 junctione
258 3028 268 3048 ‚
289 3001 378 3037 licet
397 3001 579 3050 analogiis
598 3014 684 3036 eum
704 3000 852 3037 studeat
874 3001 1009 3037 fulcire
1029 3002 1103 3050 (cf.

50 3059 245 3098 Heinrich.
272 3061 330 3096 De
350 3060 677 3108 hermaphroditis
694 3073 733 3109 p.
759 3064 803 3101 14
823 3058 849 3106 ).
871 3075 886 3092 »
915 3060 1103 3106 Mehlius,

51 3116 118 3165 qui
135 3118 214 3166 ipsc
236 3119 275 3153 in
292 3125 398 3154 textu
416 3119 624 3154 verborum
641 3118 749 3154 dedit
772 3130 779 3155 τ
804 3115 1023 3168 εΗρακλεόυς
1042 3120 1102 3155 τοῦ

51 3173 147 3221 Διὸς,
172 3176 394 3212 Schneideri
419 3177 548 3225 legens
576 3178 750 3227 vestigia.
780 3179 824 3213 In
859 3179 1106 3214 annotatione

50 3243 176 3271 tamen
204 3236 303 3271 hanc
323 3234 458 3281 rejecit
478 3235 754 3283 conjecturam,
773 3236 953 3285 urbisque
966 3249 1105 3273 nomen

53 3293 64 3343 (
81 3293 182 3341 Δῖον)
208 3295 326 3330 latere
341 3295 568 3343 suspicatur.

105 3352 206 3388 Ibid.
230 3353 278 3391 fr.
305 3366 365 3390 12.
384 3374 435 3381 -
457 3353 513 3391 Cf.
528 3354 709 3406 Stephan.
727 3367 761 3391 v.
780 3351 900 3403 Σύμη.

105 3410 199 3460 Pag.
237 3411 330 3457 152,
364 3412 411 3448 fr.
440 3413 502 3449 16.
527 3439 575 3448 -
594 3414 756 3451 Mehlius
787 3427 860 3464 pro
888 3415 1101 3463 Apollinem

2164 218 2238 250 6:29

1190 289 1262 337 leg.
1286 292 1470 339 proponit
1486 294 1714 340 Apopidem.
1739 296 1826 333 coll.
1849 298 2033 336 Plutarch.
2063 301 2118 335 De
2137 301 2183 339 Is.
2204 307 2242 336 ct

1192 347 1255 384 Os.
1280 355 1371 386 tom.
1394 351 1484 395 VII,
1508 363 1549 398 p.
1585 355 1659 393 442
1681 353 1742 390 R..
1763 352 1864 395 ἄλλος
1885 353 1920 392 δὲ
1945 354 2078 406 λόγος’
2063 371 2155 393 εστιν
2173 358 2240 396 Αἷ-

1192 404 1369 454 γυπτίων,
1392 407 1438 448 ὥς
1462 405 1608 450 Ἄποπις
1631 408 1774 454 ἡλίου
1753 426 1801 447 ων
1835 413 1876 449 ἀο
1863 412 1980 464 Ξελφὸς
2009 414 2171 463 ἐπολέμει
2189 431 2240 452 τω

1190 462 1248 501 Διι
1271 465 1348 503 κτλ.
1370 465 1446 501 Sed
1478 467 1657 516 AEgyptia
1673 469 1754 505 haec
1774 472 1871 507 male
1900 474 2065 519 quadra1
2068 482 2132 510 ent
2153 488 2239 511 cum

1190 527 1295 560 tertio
1320 525 1414 560 libro
1426 526 1608 575 Europae,
1632 539 1701 563 nec
1719 529 2038 577 quidquaminest
2062 534 2236 582 vulgatae,

1189 583 1295 631 quod
1317 584 1365 620 ab
1383 585 1669 622 euhemeristica
1688 588 1817 623 Nostri
1837 589 2011 627 doctrina
2040 591 2240 632 abhorret.

1188 642 1361 680 Aliorum
1384 644 1431 681 de
1454 644 1526 681 hac
1544 657 1585 681 re
1610 646 1797 682 silentium
1812 648 1950 685 nullius
1973 656 2026 685 est
2042 653 2236 689 momenti.

1186 702 1362 739 Ceterum
1380 705 1554 740 meminit
1572 704 1683 751 hujus
1702 705 1778 740 loci
1811 707 1962 744 Miiller.
1994 709 2164 757 Prolegg.
2199 711 2238 745 in

1188 762 1306 809 myth.
1324 775 1364 810 p.
1389 763 1484 809 307,
1506 771 1684 800 monente
1704 765 1860 802 Mehlio.

1238 821 1297 858 lb.
1312 821 1358 856 sr.
1384 835 1443 866 17.
1458 843 1510 848 —
1523 821 1600 858 Pro
1617 821 1820 865 Θελξίνειαν
1844 825 1901 859 vel
1919 822 2101 867 Θελξινίαν
2123 826 2235 864 Mehl.

1183 878 1787 930 501.Θελξίνοιαν,[)1’01)81)ἰ1ἰῑει,
1815 897 2043 931 quamquam
2072 884 2121 921 Θε
2126 883 2236 927 λξινία

1182 951 1323 974 nomen
1333 940 1447 975 habet
1460 941 1573 976 etiam
1586 941 1752 989 Hesych.
1772 939 1886 984 τΘελξ
1872 942 1958 978 ινία
1977 938 2074 994 ‘'Hpoe
2092 957 2238 994 τιμαται

1181 997 1278 1047 παρα
1300 996 1504 1043 Ἀθηναίοις.

1236 1056 1277 1092 P.
1306 1056 1391 1107 153,
1428 1058 1474 1094 fi.
1510 1071 1573 1096 20.
1596 1078 1650 1087 —
1674 1060 1746 1095 Pro
1775 1057 1911 1109 Ἰταλίᾳ
1936 1061 2050 1098 Meht.
2084 1063 2237 1111 scripsit

1182 1115 1385 1167 Θεσσαλία,
1406 1130 1488 1165 quae
1502 1118 1716 1155 emendatio
1731 1126 1837 1155 extra
1849 1119 2095 1156 dubitationis
2116 1122 2235 1157 aleam

1182 1177 1305 1225 posita
1322 1184 1390 1214 est.

1235 1235 1336 1271 Ibid.
1361 1236 1407 1274 fr.
1436 1249 1498 1274 22.
1518 1258 1569 1263 -
1589 1235 1666 1272 Pro
1688 1234 1773 1287 ὑπὲρ
1794 1235 1851 1274 τὸν
1870 1232 1962 1274 Ἄθω
1982 1239 2140 1275 Mehlius
2157 1241 2230 1288 legi

1182 1295 1262 1330 vult
1278 1306 1286 1331 τ
1304 1292 1372 1331 ὑπὸ
1389 1309 1420 1332 τ.
1443 1291 1511 1340 Ἄ.,
1532 1296 1675 1343 absque
1695 1308 1805 1332 causa
1824 1297 1976 1336 idonea.

1235 1352 1323 1402 Pag.
1343 1353 1430 1399 1515,
1449 1354 1497 1389 ad
1520 1354 1568 1392 fr.
1587 1354 1651 1393 23.
1670 1376 1719 1382 -—
1736 1356 1875 1391 Eadem
1903 1357 2036 1392 Suidas
2057 1370 2086 1396 5.
2107 1371 2145 1393 v.
2171 1358 2227 1396 Cf.

1180 1412 1367 1455 Hellanici
1386 1413 1433 1450 sr.
1459 1413 1544 1458 173.

1234 1468 1277 1508 P.
1304 1470 1395 1515 154,
1415 1471 1459 1507 fr.
1477 1469 1524 1506 25
1545 1471 1580 1505 b.
1606 1492 1653 1497 —
1669 1471 1725 1508 Cf.
1742 1472 1911 1508 Eudocia
1924 1486 1963 1521 p.
1983 1473 2071 1510 306.

1233 1526 1324 1577 l‘ng.
1352 1528 1421 1572 154
1439 1555 1449 1573 ,
1473 1536 1560 1576 post
1586 1528 1720 1578 fragm.
1754 1530 1797 1566 31
1831 1531 1929 1567 adde
1954 1533 2074 1570 schol.
2105 1534 2231 1572 AEsch.

1181 1587 1282 1624 Pel-,s
1307 1591 1381 1632 742
1408 1600 1416 1621 τ
1450 1585 1557 1637 Ἱερὸν
1589 1585 1624 1623 δε
1645 1590 1763 1624 τοῦτον
1787 1589 1863 1638 (sc.
1894 1588 1951 1626 τὸν
1973 1587 2015 1627 ‘il
2018 1589 2232 1635 λλήσποντον

1180 1643 1378 1696 Αἰσγύλος)
1398 1659 1482 1697 φησι
1502 1644 1559 1683 διὰ
1580 1644 1618 1683 τὸ
1638 1646 1798 1698 ἱδρῦσθαι
1817 1647 1937 1706 αὐτόθι
1956 1647 2034 1692 Διὸς
2054 1648 2164 1701 ἱερὸν,
2188 1651 2234 1693 ὡς

1181 1701 1362 1746 Μνασέας.

1234 1762 1278 1799 Ρ.
1316 1763 1410 1809 155,
1434 1764 1477 1801 fr.
1511 1762 1575 1800 35.
1600 1786 1650 1792 —-
1668 1766 1740 1800 Pro
1762 1762 2042 1817 Ιίρμαφρόδιτον
2072 1768 2232 1804 Mehlius

1177 1822 1246 1870 leg.
1267 1830 1378 1871 putat
1399 1820 1532 1872 Ἱζρμοῧ
1551 1821 1611 1858 καὶ
1629 1821 2120 1874 Ἀφροδίτης,ΡιόὸεὼΙΙίιοΓ.
2139 1828 2233 1862 Vul-

1176 1889 1303 1928 gatam
1321 1889 1448 1917 tuetur
1460 1882 1699 1917 Heinrichius
1714 1884 1768 1918 De
1783 1883 2098 1931 hermaphroditis
2110 1897 2150 1932 p.
2166 1884 2228 1930 33,

1177 1952 1410 1988 quamquam
1439 1941 1532 1976 nihil
1553 1941 1712 1977 afferens
1733 1942 1838 1989 quod
1860 1943 1908 1978 ad
1941 1943 2115 1978 tuendam
2150 1956 2231 1980 eam

1174 1999 1311 2036 valcat.

1227 2056 1320 2106 Pag.
1350 2057 1437 2102 156,
1455 2058 1504 2093 ad
1518 2058 1566 2096 fr.
1591 2062 1652 2102 42,
1666 2066 1746 2096 not.
1767 2080 1819 2085 —-
1835 2059 1948 2107 Apud
1969 2062 2108 2109 Hygin.
2130 2062 2162 2106 Ι,
2181 2061 2228 2097 23

1173 2117 1372 2152 Mum-eam
1386 2130 1458 2166 pro
1475 2119 1624 2153 Musaeo
1639 2119 1810 2166 reposuit
1820 2117 1901 2164 jam
1918 2120 2081 2155 Valesius
2097 2121 2228 2156 Emen-

1174 2176 1267 2212 datt.
1287 2177 1339 2211 lib
1371 2179 1413 2221 V,
1434 2177 1492 2222 13¹,
1506 2190 1544 2225 p.
1565 2177 1659 2221 134,
1673 2184 1829 2213 notante
1842 2178 1991 2214 Mehlio.
2007 2179 2044 2214 Si
2062 2179 2227 2215 admittis

1174 2234 1429 2281 conjecturam
1444 2233 1454 2284 (
1470 2236 1698 2282 nequeenim
1718 2242 1794 2271 tam
1808 2244 1909 2271 certa
1920 2243 1974 2271 est
1987 2250 2099 2284 quam
2107 2238 2228 2273 videri

1172 2293 1336 2342 possit),
1372 2294 1620 2340 consequitur
1655 2293 1791 2329 eodem
1818 2294 1935 2330 modo
1962 2296 2228 2344 corrigendum

1173 2364 1252 2387 esse
1269 2364 1327 2400 ap.
1345 2352 1461 2387 schol.
1482 2352 1696 2388 Germanici
1713 2365 1752 2401 p.
1779 2352 1848 2387 103
1861 2382 1870 2398 ,
1891 2353 1958 2387 ubi
1973 2353 2020 2388 de
2037 2354 2166 2389 eadem
2186 2367 2228 2391 rc

1173 2410 1250 2445 haec
1269 2422 1278 2448 τ
1301 2412 1471 2446 Musaeus
1492 2409 1502 2459 (
1518 2412 1708 2457 Mnaseas)
1725 2413 1772 2446 de
1788 2425 1905 2460 capra
1917 2412 1987 2447 hoc
2004 2409 2130 2458 refert.
2154 2415 2229 2449 Da-

1173 2477 1233 2504 tur
1245 2470 1347 2506 Jovis
1362 2467 1492 2516 irgfans
1511 2471 1727 2505 nutriendus
1753 2471 1925 2506 Tltemicli
1942 2479 1980 2506 et
1997 2472 2224 2517 Amaltheae,

1171 2526 1346 2576 quoefuit
1357 2530 1511 2564 domina
1530 2541 1674 2577 caproe,
1697 2543 1782 2577 quoe
1795 2542 1844 2565 ex
1859 2542 1904 2564 ea
1920 2531 2047 2565 Joc‘em
2064 2535 2223 2567 mitt-ivit.

1170 2588 1260 2622 Esse
1275 2596 1398 2623 autem
1418 2587 1517 2622 lianc
1535 2600 1690 2635 capram
1695 2588 1826 2635 filiam
1842 2590 1944 2624 lovis
1957 2589 2104 2634 dicuat,
2122 2594 2227 2637 cusas

1170 2647 1366 2694 adspectas
1384 2654 1460 2681 tam
1476 2644 1717 2691 atroxfuis·s·e
1733 2647 1883 2691 dicitur,
1906 2655 1945 2682 at
1966 2648 2119 2683 Titanes
2139 2661 2223 2684 eam

1171 2709 1358 2748 timerent,
1386 2713 1629 2754 rogarentque
1642 2712 1798 2740 matrem
1813 2706 1984 2750 Terram,
2002 2713 2043 2740 uc
2058 2718 2141 2742 eam
2159 2708 2223 2741 ab·

1169 2767 1283 2802 deret.
1319 2767 1434 2801 Terra
1462 2773 1585 2800 autem
1618 2767 1655 2799 in
1672 2772 1782 2800 antro
1810 2765 1977 2800 clausam
2009 2765 2224 2801 Amaltheae

1170 2826 1325 2860 tradidit
1365 2825 1666 2867 custodiendam,
1708 2824 1830 2871 ibique
1863 2824 1990 2859 lovem
2022 2837 2103 2859 cum
2135 2838 2221 2861 cum

1177 2883 1383 2919 Amalthea
1397 2883 1575 2919 educavit.
1595 2883 1670 2928 Qui
1689 2894 1799 2929 quum
1819 2890 1915 2917 esset
1927 2885 2090 2928 Juvenis,
2110 2891 2149 2918 et
2160 2884 2223 2918 ille

1168 2952 1299 2978 contra
1321 2943 1475 2977 Titanas
1491 2943 1606 2976 vellet
1623 2944 1773 2976 inermis
1782 2953 1972 2989 pugnare,
1992 2945 2071 2988 ejus
2083 2943 2222 2990 pellem

1168 3003 1303 3036 (licitur
1321 3007 1513 3048 acceptam
1538 3013 1609 3048 pro
1630 3007 1732 3035 scuto
1751 2999 1944 3044 habuisse,
1963 3001 2063 3048 quod
2077 3013 2225 3048 semper

1174 3061 1362 3095 Titanibus
1380 3072 1425 3106 α
1411 3062 1545 3094 critator
1558 3062 1699 3094 timoris
1707 3056 1846 3104 suerit.
1863 3059 1962 3094 Hinc
1979 3070 2045 3094 sua
2060 3060 2219 3094 Lactan-

1168 3120 1241 3155 tius
1259 3121 1316 3154 De
1336 3117 1365 3155 f.
1394 3118 1463 3153 rel.
1493 3119 1532 3162 Ι,
1559 3130 1604 3152 21
1620 3145 1631 3166 ,
1653 3117 1719 3165 qui
1747 3118 1839 3153 item
1858 3118 1990 3153 laudat
2008 3118 2209 3154 Musoeum.

1219 3177 1309 3225 Pag.
1333 3175 1404 3212 156
1418 3204 1427 3222 ,
1447 3175 1494 3214 fr.
1516 3180 1578 3219 44.
1598 3196 1648 3203 -—
1665 3175 1808 3212 Eadem
1824 3177 1864 3211 in
1880 3177 2046 3212 Cramer.
2067 3177 2138 3213 An.
2153 3177 2217 3219 1V,

1166 3248 1204 3284 p.
1230 3234 1320 3270 318.

1226 3291 1320 3343 Pag.
1346 3293 1430 3340 157,
1468 3293 1515 3331 sr.
1541 3293 1590 3337 46
1612 3306 1621 3331 τ
1644 3319 1693 3327 --
1713 3291 1976 3344 Εὖρυστέρνας]
1996 3289 2215 3341 εὐρυστέρνου

1166 3354 1369 3390 Ruhnken.
1388 3354 1460 3402 Ep.
1476 3354 1561 3390 crit.
1583 3353 1624 3398 Ι,
1641 3366 1682 3401 p.
1703 3366 1765 3402 91.
1781 3354 1906 3388 Locus
1922 3351 2087 3386 mutilus.
2110 3350 2214 3386 Cete-

1166 3426 1251 3450 rum
1272 3414 1309 3448 in
1326 3413 1450 3449 latinis
1469 3425 1541 3462 pro
1563 3414 1807 3461 Eurysternas
1822 3410 1945 3446 scribe
1958 3410 2210 3456 Eurysternoe.

2031 3479 2075 3505 42.
