2372 3704
1035 194 1368 237 FRAGMENTA.

1176 310 1178 312 ·
1227 286 1259 330 ἦ
1283 284 1416 338 μήτηρ,
1439 287 1631 333 συνειδυίας
1646 290 1706 329 καὶ
1725 294 1786 340 τῆς
1807 294 1914 333 αὐτοῦ
1932 298 2108 348 γυναικὸς,
2128 301 2275 352 δεσμοὺς

611 291 625 314 1
636 279 697 325 76.

2198 220 2275 256 605

180 335 271 384 Exc'.
291 321 405 383 Salmi
420 358 462 396 p.
481 346 556 396 398
577 360 587 384 :
607 338 954 401 ἸουλιανὸξΚαῖσαρ
969 349 1178 402 προὸληθεὶς
1238 342 1397 394 σῑδηρθῧς
1410 343 1515 397 τέχνῃ
1528 346 1594 384 τινὶ
1604 350 1899 391 κατασκευάσασα
1911 360 2134 408 μαργαρῑῒῶν
2145 359 2275 399 ἔσωθεν

125 395 220 440 εἶπεν
231 431 244 450 ,

261 479 370 512 ἔλλαὸε
384 482 554 523 πορφύρεος
569 481 697 519 θάνατος
716 483 769 514 καὶ
785 485 878 524 μοῖρα
893 484 1039 525 κραταιή·

122 543 169 585 ὡς
188 542 247 581 καὶ
261 548 321 583 τοῦ
333 546 484 599 ἀδελφοῦ
503 548 610 586 αὐτοῦ
627 548 661 586 ἐν
678 546 789 600 τούτῳ
803 550 853 602 τῷ
869 549 1028 601 σχήματι
1039 551 1174 588 ἀπολω-

109 599 234 644 λότος.
254 604 518 649 Κωνσταντῖνος
537 604 605 658 πρὸ
620 605 746 658 ὀλίγων
763 609 903 659 ἡμερῶν
918 610 979 654 τῆς
999 609 1103 647 αὐτοῦ
1122 624 1174 647 τε·

119 664 242 709 λευτῆς
262 661 354 707 ἔδοξε
382 669 522 714 κρατεῖν
543 664 716 717 σφαῖραν,
735 664 864 712 ταύτην
892 664 928 703 δὲ
956 667 1067 705 παῖδα
1095 667 1172 705 τινὰ

118 720 353 775 προσελθόντα
374 721 540 775 ἁρπάζειν
562 723 602 760 ἐκ
618 725 686 760 τῶν
705 725 833 775 χειρῶν
850 724 971 764 αὐτοῦ.

485 809 792 850 Ἰ()ΥΛΙΑΝΟΣ.

601 904 689 939 177.

169 967 263 1005 Exc.
294 967 352 1002 De
371 966 440 1005 ins.
460 979 502 1015 p.
522 966 571 1003 62
597 979 607 1003 ε
627 964 714 1006 ’Ὀτι
737 965 922 1011 Ἰουλιανὸς
955 970 974 1007 ὁ
1004 969 1170 1021 παραδοί-

114 1039 176 1071 της
199 1022 305 1075 μέχρι
325 1022 387 1073 μέν
408 1038 497 1067 τινος
518 1023 662 1076 δεύτερα
689 1023 800 1075 λόγων
821 1025 965 1064 διετέλει
991 1029 1042 1079 τῷ
1066 1030 1171 1066 αὐτο-

114 1081 272 1134 κράτορι.
289 1080 392 1120 Ἐπεὶ
409 1080 445 1119 δὲ
460 1081 546 1134 πρὸς
557 1083 679 1135 φθόνον
694 1085 763 1121 τῶν
778 1085 809 1121 οἳ
823 1083 1008 1136 δρωμένων
1022 1087 1169 1133 κινηθεὶς

115 1138 360 1183 Κωνστάντιος
386 1139 448 1183 τὰς
477 1139 696 1192 Γερμανικὰς
719 1141 936 1192 καλουμένας
963 1142 1167 1197 φάλαγγας,

115 1197 172 1236 ἐπὶ
189 1200 330 1252 φυλακῇ
349 1201 410 1246 τῆς
426 1198 602 1243 Γαλατίας
619 1201 658 1238 ἐκ
674 1203 733 1238 τοῦ
750 1200 985 1240 παλαιοτάτου
1006 1204 1167 1256 καθιδρυ-

114 1256 239 1306 μένας,
263 1255 403 1294 ἀπιέναι
428 1259 489 1304 τ’ῆς
508 1257 674 1304 συνήθους
695 1258 869 1310 ἠνάγκαζε
897 1260 1078 1312 διατριὸἢς
1092 1292 1103 1312 ,
1122 1264 1168 1306 ὡς

113 1314 279 1364 μονωθεὶς
304 1314 493 1359 Ἰουλιανὸς
518 1316 614 1368 αὐτῷ
636 1332 674 1355 τε
705 1316 767 1356 καὶ
794 1323 863 1362 τοῖς
884 1318 1071 1372 βαρὸάροις
1093 1322 1166 1359 εὖε-

112 1372 314 1425 πιχείρητος
333 1373 386 1420 εἴη
399 1402 411 1424 ,
429 1373 628 1413 καταινέσει
649 1377 718 1414 τῶν
737 1379 980 1429 στρατιωτῶν,
1002 1379 1167 1428 αἰσθομέ-

111 1446 181 1469 νων
202 1434 264 1478 τῆς
283 1435 344 1470 τοῦ
363 1433 611 1472 Κωνσταντίου
636 1433 798 1485 γνώμης,
820 1435 1046 1489 αὐτοκράτωρ
1074 1439 1162 1476 ἀπο-

111 1489 298 1529 δείκνυται·
314 1490 519 1529 ἐνιαυτόνπε
531 1493 747 1543 καταμείνας
766 1493 898 1542 αὐτόθι,
911 1493 973 1542 τὴν
986 1496 1164 1536 Γαλατίαν

111 1549 366 1596 κατεστήσατο.
386 1548 493 1602 Ἄρας
509 1550 546 1588 δὲ
561 1549 621 1589 τὸν
637 1551 807 1604 στρατὸν,
834 1551 912 1591 οὔτε
933 1553 990 1592 ἐπὶ
1011 1554 1163 1600 Ἰταλίας

109 1606 173 1653 τὴν
191 1606 334 1660 πορείαν
351 1609 522 1656 ἐποιεῖτο,
543 1607 621 1647 οὔτε
641 1609 782 1656 εὔδηλος
801 1605 843 1658 ἧν
859 1610 945 1663 πρὸς
964 1611 1022 1651 τὸν
1052 1613 1160 1666 ἐμφύ-

108 1666 182 1703 λιον
197 1666 407 1718 ὡρμημένος
419 1667 586 1718 πόλεμον·
601 1669 678 1706 ἀλλ’
694 1668 751 1708 ἐπὶ
765 1669 842 1713 τοὺς
857 1671 1054 1724 βαρὸάρους
1068 1667 1163 1717 αὖθις

108 1721 194 1762 ἵετο.
224 1725 414 1775 Γενόμενος
433 1725 469 1763 δὲ
496 1726 581 1779 πρὸς
603 1728 653 1779 τῷ
676 1730 850 1780 ποταμῷ,
873 1729 932 1767 καὶ
953 1732 1162 1784 ἐπιστρέψας

108 1780 171 1828 τὴν
191 1782 335 1835 πορείαν
355 1783 481 1837 ἐχώρει
506 1785 595 1837 [ἐπὶ]
621 1787 689 1823 τῶν
715 1786 908 1839 Ἑρκυνίων
934 1789 1160 1840 καλουμένων

108 1840 262 1892 δρυμῶν·
283 1842 355 1880 ἐκεῖ
369 1842 405 1880 δὲ
421 1846 503 1886 ναῦς
518 1844 694 1894 ποταμίας
713 1848 1084 1898 κατασκευασάμενος,
1101 1848 1160 1886 καὶ

108 1901 170 1945 τῆς
189 1907 354 1951 στρατιᾶς
373 1900 453 1939 ὅσον
478 1896 521 1949 ἦν
541 1902 726 1954 κράτιστον
748 1903 952 1952 ἀναλαὸὼν,
981 1905 1077 1957 παρὰ
1095 1906 1158 1952 τὴν

107 1958 286 2009 ποταμίαν
305 1959 413 2011 ὄχθην
433 1960 637 2011 ἐκομίζετο,
667 1965 712 2006 ὡς
740 1961 780 2000 ἂν
798 1963 910 2001 λάθοι.
943 1962 1015 2002 Καὶ
1045 1964 1158 2002 πολλὰ

107 2017 306 2067 εἰργάσατο.
323 2017 370 2067 Ὦ
389 2017 424 2057 δὲ
443 2020 687 2064 Κωνστάντιος
702 2021 778 2059 ἐπεὶ
792 2021 917 2073 ᾔσθετο
938 2025 1058 2069 τοῦτο,
1075 2023 1157 2074 πρὸς

106 2074 165 2112 τὸν
182 2075 349 2128 ἐμφύλιον
369 2077 522 2128 πόλεμον
541 2079 603 2117 σὺν
621 2081 708 2132 ὀργῇ
727 2079 904 2132 τρέπεται·
927 2081 965 2118 οὐ
994 2080 1063 2131 μὴν
1086 2079 1156 2125 ἐξε·

107 2138 226 2189 γέ-νετό
240 2141 271 2178 οἱ
288 2140 345 2178 διὰ
366 2140 484 2194 μάχης
501 2143 610 2181 ἐλθεῖν
630 2145 681 2196 τῷ
702 2143 883 2196 Ἰουλιανῷ
896 2173 906 2191 ,
938 2144 1155 2196 βραὸεύσαν-

106 2213 164 2241 τος
184 2201 245 2236 τοῦ
267 2201 345 2237 θεοῦ
364 2199 420 2237 τὸν
440 2200 616 2252 πόλεμον,
634 2202 694 2240 καὶ
719 2201 812 2240 κατὰ
842 2201 952 2253 μέσην
969 2204 1064 2255 αὐτῷ
1093 2202 1156 2250 τὴν

107 2255 251 2308 πορείαν
273 2258 521 2308 ἐπιγενομένης
539 2263 600 2306 τ’ῆς
627 2260 790 2306 τελευτῆς
809 2260 888 2312 περὶ
908 2260 1154 2312 Μοψουεστίαν

105 2313 228 2365 πόλιν,
249 2316 285 2353 ἐν
306 2314 397 2368 ὅροις
428 2316 582 2355 Κιλίκων
602 2333 639 2356 τε
658 2318 718 2356 καὶ
738 2318 862 2370 Σύρων
892 2318 1072 2370 κειμένην,
1100 2319 1155 2370 με’

105 2376 167 2420 τῆς
186 2373 322 2421 ἡλικίας
341 2376 510 2428 ἐνιαυτῷ,
531 2379 594 2423 τ’ῆς
614 2375 649 2414 δὲ
669 2377 851 2429 βασιλείας
868 2377 940 2423 λη’.

100 2499 101 2502 ¹
589 2453 677 2499 178.

157 2522 247 2558 Exc.
265 2521 379 2556 Salm.
397 2533 437 2569 p.
461 2520 536 2568 398
564 2532 573 2558 :
591 2519 806 2572 Ἇδαρνάσης
827 2519 964 2558 παιδίον
989 2518 1037 2557 ὢν
1062 2522 1153 2571 ἠρω-

103 2576 192 2623 τήθη
213 2576 280 2614 ὑπὸ
302 2580 362 2614 τοῦ
377 2577 464 2615 ἰδίου
485 2577 620 2630 πατρὸς
645 2578 850 2630 Ναρσαίου,
872 2578 1042 2629 βασιλέως
1067 2580 1156 2630 Περ-

105 2637 174 2672 σῶν
190 2666 199 2682 ,
219 2636 248 2672 εἷ
263 2633 355 2681 καλὴ
370 2634 422 2682 εἴη
436 2637 458 2681 ἡ
480 2635 592 2683 σκηνὴ
614 2637 889 2688 ἡπροσαχθεῒσα
908 2638 1002 2688 αὐτῷ
1023 2637 1062 2673 ἐκ
1082 2637 1155 2687 δερ-

106 2693 227 2741 μάτων
243 2692 492 2732 Βαὸυλωνίων·
512 2696 530 2731 ὁ
554 2693 590 2732 δὲ
610 2687 724 2741 εἶπεν,
753 2696 822 2743 ὡς,
853 2695 882 2732 εἷ
906 2694 966 2732 καὶ
986 2693 1154 2744 κρατήσει

103 2754 165 2798 τῆς
178 2751 373 2803 βασιλείας,
389 2751 557 2789 καλλίονα
574 2752 704 2798 ταύτης
723 2752 861 2798 ποιήσει
878 2753 912 2796 ἐξ
927 2752 1153 2804 ἀνθρωπίνων

104 2810 297 2862 δερμάτων·
318 2810 378 2848 καὶ
402 2810 581 2863 κρατήσας
606 2810 745 2855 ἐξέπεσε
761 2813 822 2858 τῆς
845 2810 1043 2863 βασιλείας,
1064 2810 1154 2863 ἔχων

104 2869 163 2907 δύο
181 2869 364 2921 ἀδελφοὺς,
380 2863 428 2907 ὧν
445 2869 501 2908 τὸν
519 2869 581 2920 μὲν
604 2869 663 2908 ἕνα
679 2870 852 2922 Σάπωρον
877 2870 1056 2923 κρατήσας
1075 2870 1149 2908 ἐτύ-

103 2929 240 2980 φλωσε,
261 2927 318 2966 τὸν
340 2928 370 2966 δ’
390 2928 504 2980 ἕτερον
534 2928 732 2981 Ὁρμίσδην
753 2923 845 2980 εἶχεν
874 2930 908 2967 ἐν
936 2930 1086 2980 φυλακῇ·
1116 2922 1154 2966 οὑ

146 3042 198 3072 Fr.
228 3043 298 3072 176.
320 3030 644 3081 Κωνσταντῖνος]
661 3050 701 3072 an
715 3041 929 3076 Κωνστάντιος
942 3042 956 3071 Ρ

1236 399 1425 449 ἐνέπλησε,
1440 403 1501 440 καὶ
1527 405 1688 451 δεηθεῖσα
1707 411 1776 446 τῶν
1796 411 1984 461 φυλάκων,
1998 414 2075 458 τοὺς
2095 416 2157 467 μὲν
2186 434 2274 470 προ-

1234 457 1352 509 τέρους
1371 459 1517 510 δεσμοὺς
1534 463 1581 505 ὡς
1604 465 1722 516 βαρεῖς
1740 467 1919 517 ἀφείλετο,
1938 471 2085 516 ἐκείνους
2104 474 2139 512 δὲ
2156 477 2273 515 ἐπιτέ-

1234 518 1356 562 θεικεν,
1372 517 1419 560 ὡς
1435 515 1491 565 ἂν,
1512 519 1543 556 εἷ
1562 519 1722 569 δυνηθείη
1740 530 1871 575 φυγεῖν,
1887 525 1967 566 ἄνευ
1985 529 2107 582 βάρους
2123 534 2272 574 πλοῦτον

1233 573 1442 627 ἐπιφέροιτο.
1465 575 1511 616 ‘H
1531 577 1567 615 δὲ
1597 579 1682 629 γυνὴ
1713 584 1817 620 αὐτοῦ
1845 584 1947 635 ῥινίον
1979 590 2072 641 αὐτῷ
2100 590 2270 641 δέδωκεν,

1232 631 1292 669 καὶ
1307 632 1514 672 δειπνίσασα
1530 634 1609 680 τοὺς
1627 637 1785 690 φύλακας
1804 642 1960 680 ὑπνῶσαι
1976 645 2148 692 ἐποίησεν.
2168 650 2215 690 ‘O
2235 652 2272 690 δὲ

1232 690 1352 743 καιρὸν
1372 691 1480 744 εὑρὼν
1511 694 1703 742 ἐπιτήδειον
1723 697 1767 735 τὰ
1789 698 1899 748 δεσμὰ
1925 700 2027 752 ῥήξας
2052 703 2180 757 ἔφυγε,
2211 709 2272 747 καὶ

1232 746 1331 802 ἵππῳ
1349 749 1570 801 χρησάμενος
1594 753 1686 792 κατὰ
1710 756 1932 807 διαστήματα
1955 761 1989 798 ἐν
2008 762 2166 813 σχήματι
2193 766 2271 805 δου-

1230 807 1320 858 λικῷ
1329 807 1427 861 παρὰ
1444 810 1620 849 Λικιννίου
1629 813 1816 865 φιλοτίμως
1832 817 2018 869 ὑπεδέχθη.
2035 814 2105 860 ’Ἦν
2120 822 2154 860 δὲ
2170 825 2272 863 ἀκον·

1233 865 1353 913 τιστὴς
1373 870 1541 916 τοιοῦτος,
1560 868 1649 909 ὥστε
1670 873 1797 911 ἐκεῖνον
1818 873 1921 924 μόνον
1941 878 2156 929 ἀναίμακτον
2172 882 2271 934 λέγε-

1230 938 1288 960 ται
1303 925 1490 976 ἐσχηκέναι
1506 926 1545 965 τὸ
1562 927 1662 982 δόρυ,
1679 930 1799 982 ὃμετὰ
1815 936 1926 973 ταῦτα
1946 936 1981 974 ἐν
1995 937 2099 976 εἰκόνι
2112 939 2270 994 κατέχων

1230 982 1378 1036 ἐγράφη.

1282 1053 1312 1078 2.
1341 1041 1527 1088 Ἰουλιανὸς
1542 1045 1660 1098 ὡράθη
1674 1048 1743 1086 τισὶ
1764 1051 2046 1104 συναιρεσιώταις
2062 1056 2167 1094 αὐτοῦ
2183 1058 2270 1112 ὑπὲρ

1228 1099 1399 1150 πελάγους
1427 1102 1571 1155 ἀπείρου
1585 1104 1644 1143 καὶ
1668 1107 1786 1159 ἀγρίου
1807 1111 1842 1147 ἐν
1860 1112 1909 1162 τῷ
1933 1111 2008 1164 ἀέρι
2030 1114 2268 1165 κρεμάμενος,

1228 1157 1275 1200 εἷς
1290 1156 1353 1204 τὴν
1371 1159 1550 1199 θάλασσαν
1570 1162 1623 1199 ἀεὶ
1648 1165 1827 1203 πεσεῖσθαι
1851 1169 2068 1218 προσδοκῶν,
2090 1171 2149 1208 καὶ
2166 1173 2267 1220 σιδη-

1228 1218 1305 1267 ροῦς
1325 1215 1431 1269 κόραξ
1448 1218 1560 1271 εἴχετο
1580 1222 1684 1259 αὐτοῦ
1708 1226 1777 1267 τοῖς
1801 1223 1911 1273 ὄνυξι,
1933 1226 2062 1280 ῥάμφει
2084 1227 2120 1266 δὲ
2137 1231 2268 1283 σιδηρῷ

1227 1271 1289 1320 τὴν
1310 1276 1414 1314 αὐτοῦ
1435 1277 1587 1330 κορυφὴν
1609 1280 1797 1325 ἀπαύστως
1816 1282 2000 1331 ἔπληττεν.
2029 1280 2139 1330 Οὗτος
2158 1288 2266 1327 ἐλθὼν

1226 1333 1272 1376 εἷς
1285 1333 1426 1386 Ταρσὸν
1437 1365 1447 1382 ,
1465 1337 1652 1387 εὐδαίμονά
1666 1354 1742 1377 τινα
1758 1341 1998 1392 μονόφθαλμον
2012 1344 2106 1398 ἱερέα
2122 1341 2268 1394 Ἀσκλη·

1224 1394 1305 1428 πιοῧ
1330 1391 1386 1429 διὰ
1403 1391 1466 1439 τὴν
1479 1395 1676 1447 τυφλότητα
1697 1399 1943 1450 αἰσχυνόμενον
1960 1403 2125 1454 ὁραθῆναι
2147 1405 2264 1457 αὐτῷ,

1225 1451 1466 1499 ἀναζητήσας,
1486 1452 1543 1491 τὸν
1559 1455 1761 1507 ἠτυχηκότα
1784 1458 1960 1510 ὀφθαλμὸν
1985 1461 2090 1499 αὐτοῦ
2119 1462 2264 1502 ἐνώπιον

1223 1507 1361 1547 πάντων
1379 1510 1603 1564 κατεφίλησε.

1274 1580 1305 1607 8.
1333 1569 1566 1622 Νουμεριανὸς
1591 1575 1814 1624 κατηγορεῖτο
1835 1574 1900 1612 ὑπὸ
1921 1575 2008 1620 τινὸς
2025 1579 2070 1622 ὡς
2090 1579 2265 1632 κεκλοφὼς

1222 1625 1372 1676 δημόσια
1388 1627 1570 1680 χρήματα·
1590 1632 1608 1667 ὁ
1628 1630 1658 1668 δ’
1678 1630 1815 1683 ἔξαρνος
1831 1627 1885 1680 ἧν·
1906 1636 1923 1672 ὁ
1940 1633 1974 1672 δὲ
1991 1635 2180 1690 κατήγορος
2201 1640 2264 1676 οὐκ

1221 1683 1312 1736 ἔχων
1332 1685 1516 1738 ἐλέγχους,
1535 1706 1550 1722 α
1567 1688 1639 1727 Καὶ
1656 1689 1716 1738 τίς,
1737 1690 1799 1743 ἔφη
1813 1721 1822 1739 ,
1844 1693 2014 1744 βασιλέων
2033 1694 2172 1746 ἄριστε,
2190 1699 2259 1735 τῶν

1221 1743 1391 1781 ὑπαιτίων
1407 1745 1505 1793 δίκην
1525 1747 1663 1799 ὑπόσχῃ
1678 1777 1687 1794 ,
1708 1750 1736 1786 εἷ
1750 1749 1834 1800 πρὸς
1849 1752 2006 1804 ἐκφυγεῖν
2021 1753 2060 1790 τὸ
2074 1755 2263 1806 ἀρνηθῆναι

1221 1802 1322 1852 μόνον
1353 1803 1512 1855 ἀρκεύει;
1535 1823 1551 1839 u
1581 1805 1626 1845 ‘O
1655 1807 1690 1844 δὲ
1719 1807 1926 1856 Ἰουλιανὸς,
1954 1829 1970 1844 ι»
2001 1811 2070 1849 Καὶ
2096 1812 2168 1860 τίς,
2197 1812 2261 1863 ἔφη

1220 1861 1369 1905 ἀναίτιος
1394 1863 1634 1915 εὑρεθήσεται,
1667 1867 1696 1903 εἷ
1716 1868 1734 1903 ὁ
1754 1867 1944 1920 κατήγορος
1969 1869 2122 1921 ἐλέγχων
2154 1871 2263 1923 χωρὶς

1219 1920 1414 1959 πιστεύοιτο
1428 1937 1438 1970 ;
1457 1940 1472 1956 »
1971 1944 1974 1947 ⁴

1269 1993 1298 2018 4.
1324 1980 1493 2025 Ἰοὸιανὸς
1508 1981 1687 2028 ἠκολούθει
1707 1983 1790 2022 ποτὲ
1810 1983 2009 2037 Ἰουλιανῷ,
2024 1986 2102 2033 καὶ,
2121 1986 2260 2037 συμὸὰν

1218 2037 1329 2089 οὕτω,
1348 2038 1410 2086 τὴν
1440 2040 1604 2092 χλαμύδα
1623 2042 1728 2079 αὐτοῦ
1745 2042 1930 2088 ἐπάτησεν.
1963 2043 2008 2083 Ὁ
2034 2043 2070 2082 δὲ
2099 2045 2262 2097 στραφεὶς

1216 2096 1302 2148 πρὸς
1322 2098 1438 2145 αὐτὸν,
1468 2099 1527 2136 καὶ
1546 2097 1663 2151 ὥσπερ
1692 2099 1891 2153 ἑρμηνεύων
1915 2101 1955 2140 τὸ
1983 2101 2107 2152 μέλλον
2140 2097 2256 2151 εἶπεν,

1216 2172 1231 2189 «
1255 2154 1341 2194 Εἴθε
1358 2159 1440 2206 γοῦν
1467 2156 1645 2209 ἄνθρωπος
1665 2152 1721 2204 ἦν.
1740 2175 1755 2191 υ
1776 2157 1849 2198 Καὶ
1875 2159 1964 2210 μετὰ
1983 2160 2130 2199 θάνατον
2150 2162 2257 2200 αὐτοῦ

1217 2212 1387 2258 Ἰοὸιανὸς
1407 2215 1509 2253 αὐτὸν
1527 2215 1715 2260 διεδέξατο.

1697 2328 1784 2365 179.

1270 2407 1363 2444 Exc.
1388 2408 1445 2443 De
1465 2408 1553 2443 virt.
1572 2420 1612 2456 p.
1631 2407 1703 2451 841
1731 2421 1739 2444 :
1761 2406 1846 2446 Ὅτι
1866 2406 2049 2451 Ἰουλιανὸς
2067 2409 2084 2446 ὃ
2101 2407 2259 2458 μισόθεος

1217 2461 1276 2499 καὶ
1293 2461 1519 2515 μισόχριστος
1540 2464 1808 2517 διανυκτερεύων
1834 2463 1953 2515 λόγους
1970 2465 2160 2518 συνέγραφε
2171 2495 2182 2513 ,
2198 2465 2258 2504 καὶ

1215 2519 1356 2564 τούτους
1375 2520 1433 2558 ἐπὶ
1449 2523 1510 2568 τ’ἧς
1523 2521 1719 2573 συγκλήτου
1738 2524 1863 2574 βουλῆς
1878 2523 2107 2561 ἐπεδείκνυτο.
2122 2523 2256 2574 Ἓτίμα

1215 2578 1251 2616 δὲ
1282 2578 1342 2617 καὶ
1370 2579 1450 2624 τοὺς
1475 2580 1555 2634 περὶ
1583 2580 1743 2619 παιδείαν
1776 2581 2071 2632 ἀσχολουμένους,
2105 2580 2256 2631 μάλιστα

1214 2636 1290 2681 τοὺς
1303 2637 1506 2690 φιλοσοφίαν
1520 2639 1847 2690 ἐπαγγελλομένους.
1860 2642 1983 2678 Ταῦτα
1998 2641 2102 2678 αὐτοῦ
2116 2642 2257 2678 ἀσκοῦν-

1214 2711 1270 2739 τος
1290 2697 1320 2734 οἱ
1339 2698 1407 2734 τῶν
1423 2698 1586 2748 ἐπαρχῶν
1605 2697 1767 2749 ἄρχοντες
1782 2697 1974 2747 λαμὸάνειν
1992 2697 2036 2735 τὰ
2065 2700 2134 2735 τῶν
2160 2699 2255 2749 Χρι-

1210 2756 1356 2792 στιανῶν
1374 2754 1576 2806 βουλόμενοι
1591 2754 1740 2799 πολλοὺς
1755 2756 1936 2808 τιμωρίαις
1954 2755 2162 2795 ὑπέὸαλλον.
2181 2756 2252 2795 Καὶ

1216 2814 1233 2849 ὃ
1252 2812 1315 2863 μὲν
1333 2812 1519 2856 Ἰουλιανὸς
1535 2813 1614 2852 κατ’
1633 2813 1743 2866 ἀρχὰς
1762 2820 1832 2857 τοῖς
1852 2818 2052 2867 προσιοῦσιν
2069 2814 2170 2861 ἤπιος
2190 2812 2251 2862 ὢν,

1215 2872 1280 2922 οὐχ
1307 2869 1434 2921 ὁμοίως
1460 2870 1538 2908 τότε
1565 2870 1750 2921 διεγένετο,
1776 2870 1866 2909 ἀλλὰ
1893 2872 2006 2910 πολλὰ
2039 2874 2107 2909 τῶν
2135 2887 2249 2923 πρατ-

1214 2930 1365 2978 τομένων
1388 2928 1452 2966 ὑπὸ
1471 2931 1539 2966 τῶν
1563 2928 1749 2975 ἑλληνίζειν
1767 2928 1958 2968 δοκούντων
1978 2929 2156 2982 παρεώρα.
2180 2930 2252 2969 Καί

147 3088 199 3117 Fr.
226 3089 294 3118 177.
316 3087 478 3127 δεύτερα
494 3087 646 3128 λόγων]
663 3087 758 3119 scrib.
774 3089 832 3118 aut
846 3087 970 3128 δεύτερα
982 3087 1080 3127 λέγων
1094 3087 1150 3118 aut
1165 3086 1400 3125 δευτερολογῶν.
1420 3102 1461 3108 -
1482 3085 1528 3116 ἐπ
1540 3087 1571 3117 εὶ
1591 3085 1655 3127 δὲ]
1671 3087 1776 3118 eram.
1789 3109 1798 3124 ‚
1812 3087 1862 3118 ἐπὶ
1878 3087 1910 3118 δὲ
1929 3087 2001 3119 cod.
2016 3104 2059 3110 —
2071 3087 2249 3128 ἀπιέναι]

103 3132 154 3163 vel
168 3132 288 3167 ἐξιέναι.
305 3133 414 3164 Codex
429 3133 558 3164 ἐπιέναι.
573 3153 614 3161 -
629 3136 681 3174 τῷ
699 3132 886 3174 ποταμῷ]
902 3142 948 3165 sc.
964 3132 1172 3164 Danubi0.-
1187 3130 1417 3172 Ἑρκυνίων]
1434 3132 1611 3172 ὀρκυωνίων
1625 3133 1696 3166 eod.
1712 3134 1832 3165 lnserui
1849 3134 1910 3165 ἐπὶ.
1924 3151 1967 3157 —-
1979 3134 2016 3165 ἐν
2033 3134 2160 3174 ὅροις]
2175 3136 2251 3166 Gra-

103 3187 199 3216 men,
213 3179 244 3209 ἐν
257 3178 378 3219 ὀλίγοις,
391 3179 462 3211 cod.
477 3199 518 3206 --
533 3179 840 3220 Μοψουεστίαν]
855 3179 927 3210 deb.
945 3179 1185 3219 Μοψουκρήνην.
1202 3181 1241 3209 V.
1259 3178 1417 3209 Ammian.
1433 3180 1507 3210 xxl
1521 3201 1530 3217 ,
1550 3182 1603 3217 15,
1624 3184 1653 3211 2.
1671 3196 1713 3202 ——
1727 3178 1802 3220 λη’]
1817 3181 1977 3220 corrupte.

144 3225 197 3255 Fr.
223 3226 294 3256 178.
319 3226 397 3256 flaec
416 3233 457 3255 ex
472 3224 586 3256 eodem
606 3227 741 3256 auctore
763 3225 926 3256 fluxerunt
948 3233 987 3255 ex
1006 3233 1072 3264 quo
1090 3224 1195 3255 hausit
1212 3226 1349 3256 Zonaras
1371 3227 1464 3263 ΧΙΙΙ,
1482 3229 1511 3256 5.
1528 3226 1636 3256 Paullo
1653 3225 1745 3257 aliter
1763 3235 1830 3257 rem
1847 3228 1954 3257 narrat
1970 3226 2113 3257 Zosimus
2129 3226 2176 3262 11,
2195 3227 2245 3256 27.

105 3269 287 3301 normisdae
303 3270 376 3310 suga
390 3270 431 3301 ad
448 3271 647 3303 constantini
664 3271 769 3310 Magni
786 3273 930 3311 tempora
947 3272 1020 3309 (an.
1039 3271 1119 3309 323)
1135 3270 1287 3310 pertinet;
1304 3273 1442 3302 Joannes
1458 3279 1533 3302 vero
1546 3279 1584 3302 eo
1600 3271 1690 3310 loco,
1705 3271 1759 3302 ubi
1773 3271 1812 3304 de
1825 3273 1844 3304 J
1848 3271 1941 3304 uliani
1958 3271 2157 3312 expeditione
2175 3272 2248 3301 Per·

103 3316 167 3348 sica
180 3318 348 3356 exposuit,
362 3319 458 3350 altius
475 3327 525 3350 res
543 3321 690 3359 repetens
701 3319 741 3350 de
761 3318 928 3350 Hormisda
941 3317 1058 3349 dixisse
1072 3317 1208 3351 videtur.
1223 3334 1265 3341 —
1278 3317 1340 3358 ‘Op
1349 3316 1417 3358 μίσ
1426 3317 1513 3359 δην]
1526 3317 1672 3360 Ὁρμίδην
1688 3317 1759 3350 cod.

145 3364 197 3395 Fr.
223 3366 288 3395 179.
310 3366 356 3395 Ex
374 3366 462 3404 parte
475 3364 587 3397 eadem
600 3374 650 3405 ap.
670 3367 833 3398 Socratem
854 3367 893 3397 H.
915 3364 998 3396 Eccl.
1017 3366 1077 3403 ΙΙΙ,
1097 3368 1126 3395 ι.
