<?xml version="1.0" encoding="UTF-8"?>
<!DOCTYPE html PUBLIC "-//W3C//DTD XHTML 1.0 Transitional//EN"
    "http://www.w3.org/TR/xhtml1/DTD/xhtml1-transitional.dtd">
<html xmlns="http://www.w3.org/1999/xhtml" xml:lang="en" lang="en">
 <head>
  <title>
</title>
<meta http-equiv="Content-Type" content="text/html;charset=utf-8" />
  <meta name='ocr-system' content='tesseract 3.04.00' />
  <meta name='ocr-capabilities' content='ocr_page ocr_carea ocr_par ocr_line ocrx_word'/>
</head>
<body>
  <div class='ocr_page' id='page_1' title='image "./fragmentahistori04mueluoft_0164.png"; bbox 0 0 2326 3724; ppageno 0'>
   <div class='ocr_carea' id='block_1_1' title="bbox 112 191 182 223">
    <p class='ocr_par' dir='ltr' id='par_1_1' title="bbox 112 191 182 223">
     <span class='ocr_line' id='line_1_1' title="bbox 112 191 182 223; baseline -0.014 0"><span class='ocrx_word' id='word_1_1' title='bbox 112 191 182 223; x_wconf 74' lang='lat'>152</span> 
     </span>
    </p>
   </div>
   <div class='ocr_carea' id='block_1_2' title="bbox 937 195 1403 240">
    <p class='ocr_par' dir='ltr' id='par_1_2' title="bbox 937 195 1403 240">
     <span class='ocr_line' id='line_1_2' title="bbox 937 195 1403 240; baseline 0.017 -7"><span class='ocrx_word' id='word_1_2' title='bbox 937 195 1176 236; x_wconf 82' lang='lat' dir='ltr'>HESYCHH</span> <span class='ocrx_word' id='word_1_3' title='bbox 1209 199 1248 238; x_wconf 93' lang='lat' dir='ltr'><strong>M</strong></span> <span class='ocrx_word' id='word_1_4' title='bbox 1254 201 1403 240; x_wconf 87' lang='lat' dir='ltr'><strong>lLESlI</strong></span> 
     </span>
    </p>
   </div>
   <div class='ocr_carea' id='block_1_3' title="bbox 105 273 2238 349">
    <p class='ocr_par' dir='ltr' id='par_1_3' title="bbox 105 273 2238 349">
     <span class='ocr_line' id='line_1_3' title="bbox 105 273 2238 349; baseline 0.016 -42"><span class='ocrx_word' id='word_1_5' title='bbox 105 273 172 308; x_wconf 83' lang='grc' dir='ltr'>τῶν</span> <span class='ocrx_word' id='word_1_6' title='bbox 201 273 277 331; x_wconf 58' lang='grc' dir='ltr'>καθ’</span> <span class='ocrx_word' id='word_1_7' title='bbox 300 274 391 321; x_wconf 79' lang='grc' dir='ltr'>ἡμᾶς</span> <span class='ocrx_word' id='word_1_8' title='bbox 420 274 625 319; x_wconf 81' lang='grc' dir='ltr'>διασώζεται</span> <span class='ocrx_word' id='word_1_9' title='bbox 644 275 790 329; x_wconf 86' lang='grc' dir='ltr'>χρόνων.</span> <span class='ocrx_word' id='word_1_10' title='bbox 821 279 879 331; x_wconf 78' lang='lat' dir='ltr'><strong>(ao)</strong></span> <span class='ocrx_word' id='word_1_11' title='bbox 903 282 984 320; x_wconf 66' lang='lat' dir='ltr'><strong>Etsi</strong></span> <span class='ocrx_word' id='word_1_12' title='bbox 1010 283 1045 322; x_wconf 83' lang='grc' dir='ltr'>δὲ</span> <span class='ocrx_word' id='word_1_13' title='bbox 1075 284 1140 336; x_wconf 75' lang='grc' dir='ltr'>[οἱ]</span> <span class='ocrx_word' id='word_1_14' title='bbox 1168 299 1174 320; x_wconf 83' lang='grc' dir='ltr'>ι</span> <span class='ocrx_word' id='word_1_15' title='bbox 1202 291 1345 325; x_wconf 87' lang='lat' dir='ltr'><strong>Charetis</strong></span> <span class='ocrx_word' id='word_1_16' title='bbox 1365 296 1454 336; x_wconf 85' lang='lat' dir='ltr'><strong>erat,</strong></span> <span class='ocrx_word' id='word_1_17' title='bbox 1480 299 1516 329; x_wconf 88' lang='lat' dir='ltr'>ut</span> <span class='ocrx_word' id='word_1_18' title='bbox 1543 299 1642 340; x_wconf 83' lang='lat' dir='ltr'><strong>liquet</strong></span> <span class='ocrx_word' id='word_1_19' title='bbox 1664 309 1702 332; x_wconf 84' lang='lat' dir='ltr'><strong>ex</strong></span> <span class='ocrx_word' id='word_1_20' title='bbox 1718 301 1883 344; x_wconf 80' lang='lat' dir='ltr'><strong>adscriptis</strong></span> <span class='ocrx_word' id='word_1_21' title='bbox 1906 304 1990 337; x_wconf 88' lang='lat' dir='ltr'><strong>hisce</strong></span> <span class='ocrx_word' id='word_1_22' title='bbox 2010 305 2167 347; x_wconf 80' lang='lat' dir='ltr'><strong>versibus,</strong></span> <span class='ocrx_word' id='word_1_23' title='bbox 2182 301 2238 349; x_wconf 73' lang='lat' dir='ltr'><strong>q‘ui</strong></span> 
     </span>
    </p>
   </div>
   <div class='ocr_carea' id='block_1_4' title="bbox 105 327 342 379">
    <p class='ocr_par' dir='ltr' id='par_1_4' title="bbox 105 327 342 379">
     <span class='ocr_line' id='line_1_4' title="bbox 105 327 342 379; baseline 0.004 -15"><span class='ocrx_word' id='word_1_24' title='bbox 105 327 216 379; x_wconf 78' lang='grc' dir='ltr'>στίχοι</span> <span class='ocrx_word' id='word_1_25' title='bbox 234 332 323 367; x_wconf 77' lang='grc' dir='ltr'>οὗτοι</span> <span class='ocrx_word' id='word_1_26' title='bbox 334 346 342 353; x_wconf 95' lang='grc'><em>·</em></span> 
     </span>
    </p>
   </div>
   <div class='ocr_carea' id='block_1_5' title="bbox 94 403 1138 1511">
    <p class='ocr_par' dir='ltr' id='par_1_5' title="bbox 94 403 1138 1511">
     <span class='ocr_line' id='line_1_5' title="bbox 185 403 914 454; baseline 0.015 -20"><span class='ocrx_word' id='word_1_27' title='bbox 185 403 318 444; x_wconf 87' lang='grc' dir='ltr'>Ἰναχίης</span> <span class='ocrx_word' id='word_1_28' title='bbox 331 405 388 437; x_wconf 85' lang='grc' dir='ltr'>οὐκ</span> <span class='ocrx_word' id='word_1_29' title='bbox 401 407 462 447; x_wconf 86' lang='grc' dir='ltr'>εἰμὶ</span> <span class='ocrx_word' id='word_1_30' title='bbox 477 407 548 448; x_wconf 82' lang='grc' dir='ltr'>βοὸς</span> <span class='ocrx_word' id='word_1_31' title='bbox 560 408 653 445; x_wconf 78' lang='grc' dir='ltr'>τύπος</span> <span class='ocrx_word' id='word_1_32' title='bbox 663 431 672 448; x_wconf 86' lang='grc'>,</span> <span class='ocrx_word' id='word_1_33' title='bbox 685 410 749 442; x_wconf 87' lang='grc' dir='ltr'>οὐδ’</span> <span class='ocrx_word' id='word_1_34' title='bbox 763 411 816 452; x_wconf 77' lang='grc' dir='ltr'>ἀπ’</span> <span class='ocrx_word' id='word_1_35' title='bbox 830 414 914 454; x_wconf 85' lang='grc' dir='ltr'>ἐμεῖο</span> 
     </span>
     <span class='ocr_line' id='line_1_6' title="bbox 226 451 870 497; baseline 0.014 -16"><span class='ocrx_word' id='word_1_36' title='bbox 226 451 367 491; x_wconf 79' lang='grc' dir='ltr'>κλῄζεται</span> <span class='ocrx_word' id='word_1_37' title='bbox 382 453 524 485; x_wconf 86' lang='grc' dir='ltr'>ἀντωπὸν</span> <span class='ocrx_word' id='word_1_38' title='bbox 539 455 711 496; x_wconf 86' lang='grc' dir='ltr'>Βοσπόριον</span> <span class='ocrx_word' id='word_1_39' title='bbox 726 458 870 497; x_wconf 85' lang='grc' dir='ltr'>πέλαγος.</span> 
     </span>
     <span class='ocr_line' id='line_1_7' title="bbox 183 496 999 548; baseline 0.013 -20"><span class='ocrx_word' id='word_1_40' title='bbox 183 496 295 534; x_wconf 90' lang='grc' dir='ltr'>Κείνην</span> <span class='ocrx_word' id='word_1_41' title='bbox 311 498 370 540; x_wconf 83' lang='grc' dir='ltr'>γὰρ</span> <span class='ocrx_word' id='word_1_42' title='bbox 382 500 417 531; x_wconf 89' lang='grc' dir='ltr'>τὸ</span> <span class='ocrx_word' id='word_1_43' title='bbox 430 499 556 540; x_wconf 85' lang='grc' dir='ltr'>πάροιθε</span> <span class='ocrx_word' id='word_1_44' title='bbox 570 501 663 542; x_wconf 86' lang='grc' dir='ltr'>βαρὺς</span> <span class='ocrx_word' id='word_1_45' title='bbox 676 502 767 542; x_wconf 86' lang='grc' dir='ltr'>χόλος</span> <span class='ocrx_word' id='word_1_46' title='bbox 779 505 890 542; x_wconf 82' lang='grc' dir='ltr'>ἤλασεν</span> <span class='ocrx_word' id='word_1_47' title='bbox 902 506 999 548; x_wconf 86' lang='grc' dir='ltr'>Ἥρης</span> 
     </span>
     <span class='ocr_line' id='line_1_8' title="bbox 221 543 916 591; baseline 0.013 -16"><span class='ocrx_word' id='word_1_48' title='bbox 221 543 250 580; x_wconf 83' lang='grc' dir='ltr'>ἐς</span> <span class='ocrx_word' id='word_1_49' title='bbox 267 544 381 585; x_wconf 87' lang='grc' dir='ltr'>Φάρον·</span> <span class='ocrx_word' id='word_1_50' title='bbox 395 546 449 583; x_wconf 81' lang='grc' dir='ltr'>ἥδε</span> <span class='ocrx_word' id='word_1_51' title='bbox 461 547 489 578; x_wconf 84' lang='grc' dir='ltr'>δ’</span> <span class='ocrx_word' id='word_1_52' title='bbox 502 547 564 586; x_wconf 87' lang='grc' dir='ltr'>ἐγὼ</span> <span class='ocrx_word' id='word_1_53' title='bbox 578 549 727 589; x_wconf 88' lang='grc' dir='ltr'>Κεκροπίς</span> <span class='ocrx_word' id='word_1_54' title='bbox 741 551 803 591; x_wconf 83' lang='grc' dir='ltr'>εἰμι</span> <span class='ocrx_word' id='word_1_55' title='bbox 816 553 916 589; x_wconf 82' lang='grc' dir='ltr'>νέκυς.</span> 
     </span>
     <span class='ocr_line' id='line_1_9' title="bbox 182 591 1036 637; baseline 0.014 -16"><span class='ocrx_word' id='word_1_56' title='bbox 182 591 304 627; x_wconf 84' lang='grc' dir='ltr'>Εὐνέτις</span> <span class='ocrx_word' id='word_1_57' title='bbox 317 591 354 630; x_wconf 85' lang='grc' dir='ltr'>ἦν</span> <span class='ocrx_word' id='word_1_58' title='bbox 365 592 397 623; x_wconf 86' lang='grc' dir='ltr'>δὲ</span> <span class='ocrx_word' id='word_1_59' title='bbox 411 593 548 633; x_wconf 86' lang='grc' dir='ltr'>Χάρητος</span> <span class='ocrx_word' id='word_1_60' title='bbox 557 617 566 632; x_wconf 91' lang='grc'>,</span> <span class='ocrx_word' id='word_1_61' title='bbox 575 594 676 626; x_wconf 79' lang='grc' dir='ltr'>ἕπλων</span> <span class='ocrx_word' id='word_1_62' title='bbox 690 596 730 634; x_wconf 87' lang='grc' dir='ltr'>δ’,</span> <span class='ocrx_word' id='word_1_63' title='bbox 740 597 784 628; x_wconf 86' lang='grc' dir='ltr'>ὅτ’</span> <span class='ocrx_word' id='word_1_64' title='bbox 796 598 912 631; x_wconf 83' lang='grc' dir='ltr'>ἔπλωεν</span> <span class='ocrx_word' id='word_1_65' title='bbox 923 600 1036 637; x_wconf 84' lang='grc' dir='ltr'>ἐκεῖνος</span> 
     </span>
     <span class='ocr_line' id='line_1_10' title="bbox 221 636 1003 683; baseline 0.014 -15"><span class='ocrx_word' id='word_1_66' title='bbox 221 638 311 678; x_wconf 80' lang='grc' dir='ltr'>τῇδε,</span> <span class='ocrx_word' id='word_1_67' title='bbox 329 636 520 671; x_wconf 77' lang='grc' dir='ltr'>Φιλιππείων</span> <span class='ocrx_word' id='word_1_68' title='bbox 537 640 699 678; x_wconf 73' lang='grc' dir='ltr'>ἀντίπαλος</span> <span class='ocrx_word' id='word_1_69' title='bbox 715 645 869 683; x_wconf 81' lang='grc' dir='ltr'>σκαφέων.</span> <span class='ocrx_word' id='word_1_70' title='bbox 1001 677 1003 679; x_wconf 79' lang='grc'>,</span> 
     </span>
     <span class='ocr_line' id='line_1_11' title="bbox 186 683 994 733; baseline 0.014 -20"><span class='ocrx_word' id='word_1_71' title='bbox 186 683 308 714; x_wconf 86' lang='grc' dir='ltr'>Βοίδιον</span> <span class='ocrx_word' id='word_1_72' title='bbox 325 684 482 730; x_wconf 9' lang='grc' dir='ltr'>οὕνομαμδ’</span> <span class='ocrx_word' id='word_1_73' title='bbox 494 685 546 724; x_wconf 81' lang='grc' dir='ltr'>ἦεν</span> <span class='ocrx_word' id='word_1_74' title='bbox 563 687 630 727; x_wconf 88' lang='grc' dir='ltr'>ἐμοὶ</span> <span class='ocrx_word' id='word_1_75' title='bbox 645 687 712 719; x_wconf 82' lang='grc' dir='ltr'>τότε</span> <span class='ocrx_word' id='word_1_76' title='bbox 723 697 730 704; x_wconf 89' lang='grc'><em>·</em></span> <span class='ocrx_word' id='word_1_77' title='bbox 745 693 798 721; x_wconf 82' lang='grc' dir='ltr'>νῦν</span> <span class='ocrx_word' id='word_1_78' title='bbox 811 691 842 722; x_wconf 86' lang='grc' dir='ltr'>δὲ</span> <span class='ocrx_word' id='word_1_79' title='bbox 857 691 994 733; x_wconf 87' lang='grc' dir='ltr'>Χάρητος</span> 
     </span>
     <span class='ocr_line' id='line_1_12' title="bbox 223 730 856 776; baseline 0.013 -16"><span class='ocrx_word' id='word_1_80' title='bbox 223 730 334 767; x_wconf 82' lang='grc' dir='ltr'>εὐνέτις</span> <span class='ocrx_word' id='word_1_81' title='bbox 349 731 484 772; x_wconf 85' lang='grc' dir='ltr'>ἠπείροις</span> <span class='ocrx_word' id='word_1_82' title='bbox 497 733 645 774; x_wconf 86' lang='grc' dir='ltr'>τέρπομαι</span> <span class='ocrx_word' id='word_1_83' title='bbox 663 735 856 776; x_wconf 82' lang='grc' dir='ltr'>ἀμφοτέραις.</span> 
     </span>
     <span class='ocr_line' id='line_1_13' title="bbox 101 803 1136 867; baseline 0.012 -26"><span class='ocrx_word' id='word_1_84' title='bbox 101 803 162 851; x_wconf 76' lang='lat' dir='ltr'><strong>(ai)</strong></span> <span class='ocrx_word' id='word_1_85' title='bbox 181 805 251 843; x_wconf 76' lang='grc' dir='ltr'>Τοῦ</span> <span class='ocrx_word' id='word_1_86' title='bbox 273 806 308 844; x_wconf 83' lang='grc' dir='ltr'>δὲ</span> <span class='ocrx_word' id='word_1_87' title='bbox 326 807 486 859; x_wconf 85' lang='grc' dir='ltr'>Χάρητος</span> <span class='ocrx_word' id='word_1_88' title='bbox 504 810 549 852; x_wconf 86' lang='grc' dir='ltr'>εἷς</span> <span class='ocrx_word' id='word_1_89' title='bbox 569 808 710 856; x_wconf 76' lang='grc' dir='ltr'>Ἀθήνας</span> <span class='ocrx_word' id='word_1_90' title='bbox 733 811 1007 863; x_wconf 83' lang='grc' dir='ltr'>ἐκπλεύσαντος,</span> <span class='ocrx_word' id='word_1_91' title='bbox 1030 815 1136 867; x_wconf 82' lang='grc' dir='ltr'>Πρω-</span> 
     </span>
     <span class='ocr_line' id='line_1_14' title="bbox 97 862 1138 922; baseline 0.011 -22"><span class='ocrx_word' id='word_1_92' title='bbox 97 862 251 914; x_wconf 84' lang='grc' dir='ltr'>τόμαχος</span> <span class='ocrx_word' id='word_1_93' title='bbox 272 863 333 911; x_wconf 86' lang='grc' dir='ltr'>τὴν</span> <span class='ocrx_word' id='word_1_94' title='bbox 362 866 597 917; x_wconf 82' lang='grc' dir='ltr'>στρατηγικὴν</span> <span class='ocrx_word' id='word_1_95' title='bbox 627 868 739 919; x_wconf 83' lang='grc' dir='ltr'>ἀρχὴν</span> <span class='ocrx_word' id='word_1_96' title='bbox 769 870 984 922; x_wconf 79' lang='grc' dir='ltr'>διαδέχεται·</span> <span class='ocrx_word' id='word_1_97' title='bbox 1004 871 1039 916; x_wconf 82' lang='grc' dir='ltr'>ὃς</span> <span class='ocrx_word' id='word_1_98' title='bbox 1060 873 1138 917; x_wconf 82' lang='grc' dir='ltr'>τοὺς</span> 
     </span>
     <span class='ocr_line' id='line_1_15' title="bbox 98 922 1136 980; baseline 0.013 -23"><span class='ocrx_word' id='word_1_99' title='bbox 98 922 361 967; x_wconf 82' lang='grc' dir='ltr'>ἐπαναστάντας</span> <span class='ocrx_word' id='word_1_100' title='bbox 383 925 529 977; x_wconf 80' lang='grc' dir='ltr'>Θρᾷκας</span> <span class='ocrx_word' id='word_1_101' title='bbox 548 927 818 971; x_wconf 85' lang='grc' dir='ltr'>καταδουλώσας</span> <span class='ocrx_word' id='word_1_102' title='bbox 847 929 916 972; x_wconf 81' lang='grc' dir='ltr'>τοῖς</span> <span class='ocrx_word' id='word_1_103' title='bbox 935 928 1074 980; x_wconf 81' lang='grc' dir='ltr'>ὅπλοις,</span> <span class='ocrx_word' id='word_1_104' title='bbox 1102 933 1136 970; x_wconf 81' lang='grc' dir='ltr'>ἐν</span> 
     </span>
     <span class='ocr_line' id='line_1_16' title="bbox 97 980 1135 1038; baseline 0.012 -22"><span class='ocrx_word' id='word_1_105' title='bbox 97 981 146 1030; x_wconf 81' lang='grc' dir='ltr'>τῷ</span> <span class='ocrx_word' id='word_1_106' title='bbox 175 980 379 1033; x_wconf 81' lang='grc' dir='ltr'>καλουμένῳ</span> <span class='ocrx_word' id='word_1_107' title='bbox 408 985 470 1029; x_wconf 73' lang='grc' dir='ltr'>τῆς</span> <span class='ocrx_word' id='word_1_108' title='bbox 499 982 630 1026; x_wconf 85' lang='grc' dir='ltr'>πόλεως</span> <span class='ocrx_word' id='word_1_109' title='bbox 663 985 793 1038; x_wconf 86' lang='grc' dir='ltr'>Μηλίῳ</span> <span class='ocrx_word' id='word_1_110' title='bbox 824 986 959 1038; x_wconf 85' lang='grc' dir='ltr'>χάλκεα</span> <span class='ocrx_word' id='word_1_111' title='bbox 992 988 1135 1037; x_wconf 85' lang='grc' dir='ltr'>ἀνέθηκε</span> 
     </span>
     <span class='ocr_line' id='line_1_17' title="bbox 96 1036 1136 1097; baseline 0.012 -23"><span class='ocrx_word' id='word_1_112' title='bbox 96 1036 259 1088; x_wconf 88' lang='grc' dir='ltr'>τρόπαια.</span> <span class='ocrx_word' id='word_1_113' title='bbox 282 1040 341 1091; x_wconf 83' lang='lat'>(32)</span> <span class='ocrx_word' id='word_1_114' title='bbox 366 1040 625 1092; x_wconf 80' lang='grc' dir='ltr'>Κατοιχομένου</span> <span class='ocrx_word' id='word_1_115' title='bbox 651 1041 686 1079; x_wconf 79' lang='grc' dir='ltr'>δὲ</span> <span class='ocrx_word' id='word_1_116' title='bbox 708 1042 768 1081; x_wconf 77' lang='grc' dir='ltr'>καὶ</span> <span class='ocrx_word' id='word_1_117' title='bbox 796 1044 935 1092; x_wconf 82' lang='grc' dir='ltr'>τούτου,</span> <span class='ocrx_word' id='word_1_118' title='bbox 965 1047 1136 1097; x_wconf 80' lang='grc' dir='ltr'>Τιμήσιος</span> 
     </span>
     <span class='ocr_line' id='line_1_18' title="bbox 97 1093 1135 1154; baseline 0.013 -23"><span class='ocrx_word' id='word_1_119' title='bbox 97 1093 183 1147; x_wconf 84' lang='grc' dir='ltr'>ἀνὴρ</span> <span class='ocrx_word' id='word_1_120' title='bbox 204 1099 270 1134; x_wconf 79' lang='grc' dir='ltr'>τῶν</span> <span class='ocrx_word' id='word_1_121' title='bbox 292 1099 325 1134; x_wconf 81' lang='grc' dir='ltr'>ἐν</span> <span class='ocrx_word' id='word_1_122' title='bbox 344 1097 505 1149; x_wconf 87' lang='grc' dir='ltr'>Ἀργείοις</span> <span class='ocrx_word' id='word_1_123' title='bbox 520 1099 720 1152; x_wconf 81' lang='grc' dir='ltr'>γραφέντων</span> <span class='ocrx_word' id='word_1_124' title='bbox 736 1104 870 1154; x_wconf 88' lang='grc' dir='ltr'>πρῶτον</span> <span class='ocrx_word' id='word_1_125' title='bbox 889 1103 951 1153; x_wconf 81' lang='grc' dir='ltr'>μὲν</span> <span class='ocrx_word' id='word_1_126' title='bbox 968 1105 1058 1143; x_wconf 82' lang='grc' dir='ltr'>κατὰ</span> <span class='ocrx_word' id='word_1_127' title='bbox 1077 1106 1135 1145; x_wconf 82' lang='grc' dir='ltr'>τὸν</span> 
     </span>
     <span class='ocr_line' id='line_1_19' title="bbox 98 1154 1135 1219; baseline 0.013 -28"><span class='ocrx_word' id='word_1_128' title='bbox 98 1154 256 1198; x_wconf 78' lang='grc' dir='ltr'>Εὔξεινον</span> <span class='ocrx_word' id='word_1_129' title='bbox 276 1157 615 1209; x_wconf 81' lang='grc' dir='ltr'>προσαγορευόμενον</span> <span class='ocrx_word' id='word_1_130' title='bbox 636 1160 774 1208; x_wconf 81' lang='grc' dir='ltr'>πόντον,</span> <span class='ocrx_word' id='word_1_131' title='bbox 791 1162 876 1215; x_wconf 82' lang='grc' dir='ltr'>πρὸς</span> <span class='ocrx_word' id='word_1_132' title='bbox 893 1166 942 1214; x_wconf 86' lang='grc' dir='ltr'>τῷ</span> <span class='ocrx_word' id='word_1_133' title='bbox 959 1165 1135 1219; x_wconf 83' lang='grc' dir='ltr'>λεγομένῳ</span> 
     </span>
     <span class='ocr_line' id='line_1_20' title="bbox 96 1211 1132 1275; baseline 0.013 -26"><span class='ocrx_word' id='word_1_134' title='bbox 96 1211 283 1266; x_wconf 74' lang='grc' dir='ltr'>Ἐφεσιοίτῃ</span> <span class='ocrx_word' id='word_1_135' title='bbox 314 1214 417 1266; x_wconf 85' lang='grc' dir='ltr'>(ἔνθα</span> <span class='ocrx_word' id='word_1_136' title='bbox 441 1215 524 1254; x_wconf 79' lang='grc' dir='ltr'>ποτὲ</span> <span class='ocrx_word' id='word_1_137' title='bbox 549 1216 705 1270; x_wconf 78' lang='grc' dir='ltr'>Ἐφέσιοι</span> <span class='ocrx_word' id='word_1_138' title='bbox 731 1220 892 1264; x_wconf 78' lang='grc' dir='ltr'>ἀποικίας</span> <span class='ocrx_word' id='word_1_139' title='bbox 911 1221 1132 1275; x_wconf 73' lang='grc' dir='ltr'>πέμψαντες,</span> 
     </span>
     <span class='ocr_line' id='line_1_21' title="bbox 94 1270 1133 1327; baseline 0.013 -20"><span class='ocrx_word' id='word_1_140' title='bbox 94 1270 154 1307; x_wconf 83' lang='grc' dir='ltr'>καὶ</span> <span class='ocrx_word' id='word_1_141' title='bbox 169 1273 268 1309; x_wconf 87' lang='grc' dir='ltr'>πόλιν</span> <span class='ocrx_word' id='word_1_142' title='bbox 286 1274 478 1323; x_wconf 84' lang='grc' dir='ltr'>οἰκοδομεῖν</span> <span class='ocrx_word' id='word_1_143' title='bbox 498 1275 732 1327; x_wconf 81' lang='grc' dir='ltr'>πειραθέντες,</span> <span class='ocrx_word' id='word_1_144' title='bbox 755 1272 849 1322; x_wconf 62' lang='grc' dir='ltr'>αὖθις</span> <span class='ocrx_word' id='word_1_145' title='bbox 868 1283 926 1317; x_wconf 79' lang='grc' dir='ltr'>τοῦ</span> <span class='ocrx_word' id='word_1_146' title='bbox 947 1282 1133 1326; x_wconf 87' lang='grc' dir='ltr'>Βυζαντίου</span> 
     </span>
     <span class='ocr_line' id='line_1_22' title="bbox 94 1329 448 1382; baseline 0.011 -16"><span class='ocrx_word' id='word_1_147' title='bbox 94 1329 294 1375; x_wconf 77' lang='grc' dir='ltr'>ὑπήκουσαν</span> <span class='ocrx_word' id='word_1_148' title='bbox 315 1332 448 1382; x_wconf 85' lang='grc' dir='ltr'>λογίου,</span> 
     </span>
     <span class='ocr_line' id='line_1_23' title="bbox 176 1418 1004 1466; baseline 0.012 -19"><span class='ocrx_word' id='word_1_149' title='bbox 176 1418 272 1448; x_wconf 80' lang='grc' dir='ltr'>Ἔνθα</span> <span class='ocrx_word' id='word_1_150' title='bbox 288 1418 343 1449; x_wconf 82' lang='grc' dir='ltr'>δύο</span> <span class='ocrx_word' id='word_1_151' title='bbox 359 1419 509 1456; x_wconf 80' lang='grc' dir='ltr'>σκύλακες</span> <span class='ocrx_word' id='word_1_152' title='bbox 523 1421 631 1458; x_wconf 82' lang='grc' dir='ltr'>πολιὴν</span> <span class='ocrx_word' id='word_1_153' title='bbox 649 1421 821 1463; x_wconf 85' lang='grc' dir='ltr'>μάρπτουσι</span> <span class='ocrx_word' id='word_1_154' title='bbox 835 1424 1004 1466; x_wconf 82' lang='grc' dir='ltr'>Θάλασσαν,</span> 
     </span>
     <span class='ocr_line' id='line_1_24' title="bbox 175 1463 991 1511; baseline 0.01 -16"><span class='ocrx_word' id='word_1_155' title='bbox 175 1463 256 1495; x_wconf 83' lang='grc' dir='ltr'>Ἔνθ’</span> <span class='ocrx_word' id='word_1_156' title='bbox 274 1466 358 1506; x_wconf 84' lang='grc' dir='ltr'>ἰχθὺς</span> <span class='ocrx_word' id='word_1_157' title='bbox 372 1466 479 1506; x_wconf 76' lang='grc' dir='ltr'>ἔλαφος</span> <span class='ocrx_word' id='word_1_158' title='bbox 491 1477 524 1498; x_wconf 91' lang='grc' dir='ltr'>τε</span> <span class='ocrx_word' id='word_1_159' title='bbox 539 1468 632 1508; x_wconf 85' lang='grc' dir='ltr'>νομὸν</span> <span class='ocrx_word' id='word_1_160' title='bbox 648 1468 813 1508; x_wconf 81' lang='grc' dir='ltr'>βόσκονται</span> <span class='ocrx_word' id='word_1_161' title='bbox 831 1471 859 1507; x_wconf 82' lang='grc' dir='ltr'>ἐς</span> <span class='ocrx_word' id='word_1_162' title='bbox 874 1471 991 1511; x_wconf 82' lang='grc' dir='ltr'>αὐτόν),</span> 
     </span>
    </p>
   </div>
   <div class='ocr_carea' id='block_1_6' title="bbox 54 1547 1133 2778">
    <p class='ocr_par' dir='ltr' id='par_1_6' title="bbox 54 1547 1133 2642">
     <span class='ocr_line' id='line_1_25' title="bbox 92 1547 1132 1605; baseline 0.011 -24"><span class='ocrx_word' id='word_1_163' title='bbox 92 1547 388 1594; x_wconf 79' lang='grc' dir='ltr'>ἀντικαταστῆσαι</span> <span class='ocrx_word' id='word_1_164' title='bbox 406 1547 505 1586; x_wconf 85' lang='grc' dir='ltr'>πόλιν</span> <span class='ocrx_word' id='word_1_165' title='bbox 523 1549 768 1601; x_wconf 75' lang='grc' dir='ltr'>ἐπιχειρήσας,</span> <span class='ocrx_word' id='word_1_166' title='bbox 783 1551 844 1589; x_wconf 80' lang='grc' dir='ltr'>καὶ</span> <span class='ocrx_word' id='word_1_167' title='bbox 858 1553 1056 1605; x_wconf 86' lang='grc' dir='ltr'>διαμαρτὼν</span> <span class='ocrx_word' id='word_1_168' title='bbox 1073 1557 1132 1601; x_wconf 74' lang='grc' dir='ltr'>τῆς</span> 
     </span>
     <span class='ocr_line' id='line_1_26' title="bbox 91 1603 1132 1663; baseline 0.011 -23"><span class='ocrx_word' id='word_1_169' title='bbox 91 1603 247 1652; x_wconf 75' lang='grc' dir='ltr'>ἐλπίδος,</span> <span class='ocrx_word' id='word_1_170' title='bbox 275 1606 501 1651; x_wconf 85' lang='grc' dir='ltr'>συνοικίζεται</span> <span class='ocrx_word' id='word_1_171' title='bbox 537 1608 750 1655; x_wconf 85' lang='grc' dir='ltr'>Βυζαντίοις,</span> <span class='ocrx_word' id='word_1_172' title='bbox 780 1610 840 1647; x_wconf 88' lang='grc' dir='ltr'>καὶ</span> <span class='ocrx_word' id='word_1_173' title='bbox 865 1611 1056 1663; x_wconf 83' lang='grc' dir='ltr'>στρατηγὸς</span> <span class='ocrx_word' id='word_1_174' title='bbox 1072 1617 1132 1651; x_wconf 69' lang='grc' dir='ltr'>τοῦ</span> 
     </span>
     <span class='ocr_line' id='line_1_27' title="bbox 91 1662 1133 1717; baseline 0.01 -18"><span class='ocrx_word' id='word_1_175' title='bbox 91 1662 220 1706; x_wconf 80' lang='grc' dir='ltr'>παντὸς</span> <span class='ocrx_word' id='word_1_176' title='bbox 241 1664 456 1716; x_wconf 81' lang='grc' dir='ltr'>ἀναδειχθεὶς</span> <span class='ocrx_word' id='word_1_177' title='bbox 476 1665 610 1716; x_wconf 80' lang='grc' dir='ltr'>δήμου,</span> <span class='ocrx_word' id='word_1_178' title='bbox 631 1672 748 1704; x_wconf 82' lang='grc' dir='ltr'>πᾶσαν</span> <span class='ocrx_word' id='word_1_179' title='bbox 772 1670 857 1717; x_wconf 82' lang='grc' dir='ltr'>ὁμοῦ</span> <span class='ocrx_word' id='word_1_180' title='bbox 882 1668 944 1715; x_wconf 80' lang='grc' dir='ltr'>τὴν</span> <span class='ocrx_word' id='word_1_181' title='bbox 967 1670 1065 1709; x_wconf 86' lang='grc' dir='ltr'>πόλιν</span> <span class='ocrx_word' id='word_1_182' title='bbox 1086 1673 1133 1715; x_wconf 86' lang='grc' dir='ltr'>εἷς</span> 
     </span>
     <span class='ocr_line' id='line_1_28' title="bbox 54 1720 1131 1782; baseline 0.01 -26"><span class='ocrx_word' id='word_1_183' title='bbox 54 1752 57 1755; x_wconf 93' lang='grc'><em>.</em></span> <span class='ocrx_word' id='word_1_184' title='bbox 92 1720 131 1758; x_wconf 85' lang='grc' dir='ltr'>τὸ</span> <span class='ocrx_word' id='word_1_185' title='bbox 151 1723 268 1771; x_wconf 81' lang='grc' dir='ltr'>μεῖζον</span> <span class='ocrx_word' id='word_1_186' title='bbox 284 1722 344 1760; x_wconf 81' lang='grc' dir='ltr'>καὶ</span> <span class='ocrx_word' id='word_1_187' title='bbox 370 1724 544 1776; x_wconf 82' lang='grc' dir='ltr'>ὠφέλιμον</span> <span class='ocrx_word' id='word_1_188' title='bbox 566 1725 836 1776; x_wconf 83' lang='grc' dir='ltr'>μετερρύθμισε,</span> <span class='ocrx_word' id='word_1_189' title='bbox 854 1726 977 1777; x_wconf 88' lang='grc' dir='ltr'>νόμους</span> <span class='ocrx_word' id='word_1_190' title='bbox 994 1744 1030 1766; x_wconf 90' lang='grc' dir='ltr'>τε</span> <span class='ocrx_word' id='word_1_191' title='bbox 1053 1730 1131 1782; x_wconf 87' lang='grc' dir='ltr'>περὶ</span> 
     </span>
     <span class='ocr_line' id='line_1_29' title="bbox 89 1779 1130 1834; baseline 0.009 -18"><span class='ocrx_word' id='word_1_192' title='bbox 89 1781 159 1816; x_wconf 85' lang='grc' dir='ltr'>τῶν</span> <span class='ocrx_word' id='word_1_193' title='bbox 193 1779 271 1818; x_wconf 85' lang='grc' dir='ltr'>καθ’</span> <span class='ocrx_word' id='word_1_194' title='bbox 287 1780 420 1833; x_wconf 79' lang='grc' dir='ltr'>ἡμέραν</span> <span class='ocrx_word' id='word_1_195' title='bbox 446 1782 670 1832; x_wconf 74' lang='grc' dir='ltr'>συμὸολαίιον</span> <span class='ocrx_word' id='word_1_196' title='bbox 691 1784 882 1833; x_wconf 83' lang='grc' dir='ltr'>τιθέμενος,</span> <span class='ocrx_word' id='word_1_197' title='bbox 902 1785 962 1823; x_wconf 87' lang='grc' dir='ltr'>καὶ</span> <span class='ocrx_word' id='word_1_198' title='bbox 988 1786 1047 1834; x_wconf 85' lang='grc' dir='ltr'>ἔθη</span> <span class='ocrx_word' id='word_1_199' title='bbox 1067 1803 1130 1824; x_wconf 85' lang='grc' dir='ltr'>κα·</span> 
     </span>
     <span class='ocr_line' id='line_1_30' title="bbox 89 1836 1129 1893; baseline 0.009 -19"><span class='ocrx_word' id='word_1_200' title='bbox 89 1836 208 1881; x_wconf 84' lang='grc' dir='ltr'>θιστὰς</span> <span class='ocrx_word' id='word_1_201' title='bbox 224 1838 388 1876; x_wconf 81' lang='grc' dir='ltr'>πολιτικά</span> <span class='ocrx_word' id='word_1_202' title='bbox 411 1855 447 1877; x_wconf 87' lang='grc' dir='ltr'>τε</span> <span class='ocrx_word' id='word_1_203' title='bbox 467 1839 527 1878; x_wconf 84' lang='grc' dir='ltr'>καὶ</span> <span class='ocrx_word' id='word_1_204' title='bbox 543 1840 681 1893; x_wconf 80' lang='grc' dir='ltr'>ἥμερα,</span> <span class='ocrx_word' id='word_1_205' title='bbox 703 1842 747 1878; x_wconf 88' lang='grc' dir='ltr'>δι’</span> <span class='ocrx_word' id='word_1_206' title='bbox 767 1836 813 1879; x_wconf 64' lang='grc' dir='ltr'>ὧν</span> <span class='ocrx_word' id='word_1_207' title='bbox 837 1843 992 1887; x_wconf 85' lang='grc' dir='ltr'>ἀστείους</span> <span class='ocrx_word' id='word_1_208' title='bbox 1013 1861 1050 1882; x_wconf 87' lang='grc' dir='ltr'>τε</span> <span class='ocrx_word' id='word_1_209' title='bbox 1071 1845 1129 1883; x_wconf 75' lang='grc' dir='ltr'>καὶ</span> 
     </span>
     <span class='ocr_line' id='line_1_31' title="bbox 90 1895 1129 1952; baseline 0.009 -20"><span class='ocrx_word' id='word_1_210' title='bbox 90 1895 352 1948; x_wconf 73' lang='grc' dir='ltr'>φιλανθρώπους</span> <span class='ocrx_word' id='word_1_211' title='bbox 367 1896 445 1940; x_wconf 75' lang='grc' dir='ltr'>τοὺς</span> <span class='ocrx_word' id='word_1_212' title='bbox 462 1897 606 1941; x_wconf 88' lang='grc' dir='ltr'>πολίτας</span> <span class='ocrx_word' id='word_1_213' title='bbox 620 1899 807 1947; x_wconf 85' lang='grc' dir='ltr'>ἀπέδειξεν,</span> <span class='ocrx_word' id='word_1_214' title='bbox 825 1899 882 1951; x_wconf 75' lang='lat'>(33)</span> <span class='ocrx_word' id='word_1_215' title='bbox 898 1902 972 1952; x_wconf 83' lang='grc' dir='ltr'>ἱερά</span> <span class='ocrx_word' id='word_1_216' title='bbox 989 1918 1025 1940; x_wconf 89' lang='grc' dir='ltr'>τε</span> <span class='ocrx_word' id='word_1_217' title='bbox 1046 1906 1129 1941; x_wconf 82' lang='grc' dir='ltr'>θεῶν</span> 
     </span>
     <span class='ocr_line' id='line_1_32' title="bbox 88 1954 1129 2012; baseline 0.008 -22"><span class='ocrx_word' id='word_1_218' title='bbox 88 1955 263 2004; x_wconf 83' lang='grc' dir='ltr'>πλεῖστα,</span> <span class='ocrx_word' id='word_1_219' title='bbox 283 1954 326 1992; x_wconf 81' lang='grc' dir='ltr'>τὰ</span> <span class='ocrx_word' id='word_1_220' title='bbox 348 1954 410 2005; x_wconf 85' lang='grc' dir='ltr'>μὲν</span> <span class='ocrx_word' id='word_1_221' title='bbox 441 1955 542 1999; x_wconf 79' lang='grc' dir='ltr'>αὐτὸς</span> <span class='ocrx_word' id='word_1_222' title='bbox 573 1956 809 2003; x_wconf 82' lang='grc' dir='ltr'>ἀνεστήσατο,</span> <span class='ocrx_word' id='word_1_223' title='bbox 837 1957 881 1995; x_wconf 83' lang='grc' dir='ltr'>τὰ</span> <span class='ocrx_word' id='word_1_224' title='bbox 907 1959 941 1996; x_wconf 81' lang='grc' dir='ltr'>δὲ</span> <span class='ocrx_word' id='word_1_225' title='bbox 971 1959 1030 1997; x_wconf 85' lang='grc' dir='ltr'>καὶ</span> <span class='ocrx_word' id='word_1_226' title='bbox 1050 1961 1129 2012; x_wconf 82' lang='grc' dir='ltr'>πρὶν</span> 
     </span>
     <span class='ocr_line' id='line_1_33' title="bbox 87 2011 1129 2069; baseline 0.007 -20"><span class='ocrx_word' id='word_1_227' title='bbox 87 2011 170 2049; x_wconf 80' lang='grc' dir='ltr'>ὄντα</span> <span class='ocrx_word' id='word_1_228' title='bbox 191 2012 429 2063; x_wconf 80' lang='grc' dir='ltr'>ἐπεκόσμησε·</span> <span class='ocrx_word' id='word_1_229' title='bbox 442 2013 500 2051; x_wconf 86' lang='grc' dir='ltr'>τὸν</span> <span class='ocrx_word' id='word_1_230' title='bbox 519 2012 585 2065; x_wconf 83' lang='grc' dir='ltr'>γὰρ</span> <span class='ocrx_word' id='word_1_231' title='bbox 607 2014 691 2066; x_wconf 82' lang='grc' dir='ltr'>πρὸς</span> <span class='ocrx_word' id='word_1_232' title='bbox 714 2018 757 2067; x_wconf 79' lang='grc' dir='ltr'>τῇ</span> <span class='ocrx_word' id='word_1_233' title='bbox 778 2015 867 2068; x_wconf 73' lang='grc' dir='ltr'>ἄκρᾳ</span> <span class='ocrx_word' id='word_1_234' title='bbox 884 2019 944 2063; x_wconf 78' lang='grc' dir='ltr'>τῆς</span> <span class='ocrx_word' id='word_1_235' title='bbox 970 2019 1129 2069; x_wconf 86' lang='grc' dir='ltr'>Προπον-</span> 
     </span>
     <span class='ocr_line' id='line_1_34' title="bbox 87 2070 1128 2123; baseline 0.008 -16"><span class='ocrx_word' id='word_1_236' title='bbox 87 2070 176 2114; x_wconf 86' lang='grc' dir='ltr'>τίδος</span> <span class='ocrx_word' id='word_1_237' title='bbox 194 2070 370 2117; x_wconf 80' lang='grc' dir='ltr'>θαλάσσης</span> <span class='ocrx_word' id='word_1_238' title='bbox 389 2071 544 2120; x_wconf 87' lang='grc' dir='ltr'>κείμενον</span> <span class='ocrx_word' id='word_1_239' title='bbox 561 2072 658 2123; x_wconf 85' lang='grc' dir='ltr'>ναὸν,</span> <span class='ocrx_word' id='word_1_240' title='bbox 673 2072 710 2111; x_wconf 85' lang='grc' dir='ltr'>ὃν</span> <span class='ocrx_word' id='word_1_241' title='bbox 726 2073 852 2112; x_wconf 86' lang='grc' dir='ltr'>Ἰάσων</span> <span class='ocrx_word' id='word_1_242' title='bbox 869 2075 953 2112; x_wconf 80' lang='grc' dir='ltr'>ποτὲ</span> <span class='ocrx_word' id='word_1_243' title='bbox 973 2081 1042 2120; x_wconf 88' lang='grc' dir='ltr'>τοῖς</span> <span class='ocrx_word' id='word_1_244' title='bbox 1064 2076 1128 2115; x_wconf 88' lang='grc' dir='ltr'>δώ-</span> 
     </span>
     <span class='ocr_line' id='line_1_35' title="bbox 88 2128 1128 2184; baseline 0.008 -19"><span class='ocrx_word' id='word_1_245' title='bbox 88 2128 171 2166; x_wconf 82' lang='grc' dir='ltr'>δεκα</span> <span class='ocrx_word' id='word_1_246' title='bbox 183 2132 268 2172; x_wconf 87' lang='grc' dir='ltr'>θεοῖς</span> <span class='ocrx_word' id='word_1_247' title='bbox 282 2130 484 2182; x_wconf 83' lang='grc' dir='ltr'>καθιέρωσε,</span> <span class='ocrx_word' id='word_1_248' title='bbox 497 2131 801 2183; x_wconf 88' lang='grc' dir='ltr'>κατηρειπωμένον</span> <span class='ocrx_word' id='word_1_249' title='bbox 818 2132 988 2184; x_wconf 83' lang='grc' dir='ltr'>ἀνήγειρε,</span> <span class='ocrx_word' id='word_1_250' title='bbox 1003 2134 1061 2172; x_wconf 87' lang='grc' dir='ltr'>καὶ</span> <span class='ocrx_word' id='word_1_251' title='bbox 1073 2135 1128 2174; x_wconf 84' lang='grc' dir='ltr'>τὸν</span> 
     </span>
     <span class='ocr_line' id='line_1_36' title="bbox 90 2186 1127 2243; baseline 0.007 -20"><span class='ocrx_word' id='word_1_252' title='bbox 90 2186 147 2223; x_wconf 79' lang='grc' dir='ltr'>ἐπὶ</span> <span class='ocrx_word' id='word_1_253' title='bbox 163 2189 213 2239; x_wconf 80' lang='grc' dir='ltr'>τῷ</span> <span class='ocrx_word' id='word_1_254' title='bbox 243 2187 375 2240; x_wconf 83' lang='grc' dir='ltr'>Φρίξου</span> <span class='ocrx_word' id='word_1_255' title='bbox 394 2188 570 2242; x_wconf 86' lang='grc' dir='ltr'>λεγομένῳ</span> <span class='ocrx_word' id='word_1_256' title='bbox 596 2189 711 2239; x_wconf 87' lang='grc' dir='ltr'>λιμένι</span> <span class='ocrx_word' id='word_1_257' title='bbox 737 2194 798 2237; x_wconf 69' lang='grc' dir='ltr'>τῆς</span> <span class='ocrx_word' id='word_1_258' title='bbox 823 2190 1018 2243; x_wconf 79' lang='grc' dir='ltr'>Ἀρτέμιδος</span> <span class='ocrx_word' id='word_1_259' title='bbox 1037 2186 1127 2232; x_wconf 67' lang='grc' dir='ltr'>οἶκον</span> 
     </span>
     <span class='ocr_line' id='line_1_37' title="bbox 89 2245 1127 2302; baseline 0.007 -20"><span class='ocrx_word' id='word_1_260' title='bbox 89 2245 313 2285; x_wconf 82' lang='grc' dir='ltr'>ἀνεκαίνισεν.</span> <span class='ocrx_word' id='word_1_261' title='bbox 336 2247 394 2298; x_wconf 70' lang='grc'>(34)</span> <span class='ocrx_word' id='word_1_262' title='bbox 416 2246 500 2285; x_wconf 78' lang='grc' dir='ltr'>Ἐπὶ</span> <span class='ocrx_word' id='word_1_263' title='bbox 518 2246 551 2285; x_wconf 84' lang='grc' dir='ltr'>δὲ</span> <span class='ocrx_word' id='word_1_264' title='bbox 570 2247 681 2300; x_wconf 86' lang='grc' dir='ltr'>τούτῳ</span> <span class='ocrx_word' id='word_1_265' title='bbox 703 2247 907 2296; x_wconf 78' lang='grc' dir='ltr'>Καλλίάδης</span> <span class='ocrx_word' id='word_1_266' title='bbox 923 2254 1127 2302; x_wconf 84' lang='grc' dir='ltr'>στρατηγῶν</span> 
     </span>
     <span class='ocr_line' id='line_1_38' title="bbox 87 2304 1127 2359; baseline 0.006 -18"><span class='ocrx_word' id='word_1_267' title='bbox 87 2307 146 2341; x_wconf 79' lang='grc' dir='ltr'>τοῦ</span> <span class='ocrx_word' id='word_1_268' title='bbox 172 2304 360 2348; x_wconf 86' lang='grc' dir='ltr'>Βυζαντίου</span> <span class='ocrx_word' id='word_1_269' title='bbox 375 2334 384 2352; x_wconf 95' lang='grc'>,</span> <span class='ocrx_word' id='word_1_270' title='bbox 409 2304 536 2357; x_wconf 81' lang='grc' dir='ltr'>ἄριστά</span> <span class='ocrx_word' id='word_1_271' title='bbox 558 2321 595 2343; x_wconf 87' lang='grc' dir='ltr'>τε</span> <span class='ocrx_word' id='word_1_272' title='bbox 626 2307 711 2359; x_wconf 78' lang='grc' dir='ltr'>πρὸς</span> <span class='ocrx_word' id='word_1_273' title='bbox 738 2306 815 2351; x_wconf 71' lang='grc' dir='ltr'>τοὺς</span> <span class='ocrx_word' id='word_1_274' title='bbox 837 2308 984 2352; x_wconf 85' lang='grc' dir='ltr'>ὀθνείους</span> <span class='ocrx_word' id='word_1_275' title='bbox 1011 2325 1048 2347; x_wconf 90' lang='grc' dir='ltr'>τε</span> <span class='ocrx_word' id='word_1_276' title='bbox 1068 2310 1127 2348; x_wconf 84' lang='grc' dir='ltr'>καὶ</span> 
     </span>
     <span class='ocr_line' id='line_1_39' title="bbox 88 2361 1124 2418; baseline 0.007 -20"><span class='ocrx_word' id='word_1_277' title='bbox 88 2361 274 2414; x_wconf 80' lang='grc' dir='ltr'>ἐμφυλίους</span> <span class='ocrx_word' id='word_1_278' title='bbox 292 2362 467 2413; x_wconf 86' lang='grc' dir='ltr'>πολέμους</span> <span class='ocrx_word' id='word_1_279' title='bbox 491 2364 767 2415; x_wconf 81' lang='grc' dir='ltr'>ἀγωνισάμενος,</span> <span class='ocrx_word' id='word_1_280' title='bbox 782 2365 820 2403; x_wconf 86' lang='grc' dir='ltr'>τὸ</span> <span class='ocrx_word' id='word_1_281' title='bbox 839 2366 1045 2418; x_wconf 74' lang='grc' dir='ltr'>περιὸόητον</span> <span class='ocrx_word' id='word_1_282' title='bbox 1067 2371 1124 2405; x_wconf 81' lang='grc' dir='ltr'>τοῦ</span> 
     </span>
     <span class='ocr_line' id='line_1_40' title="bbox 86 2419 1126 2474; baseline 0.004 -16"><span class='ocrx_word' id='word_1_283' title='bbox 86 2419 258 2463; x_wconf 82' lang='grc' dir='ltr'>Βύζαντος</span> <span class='ocrx_word' id='word_1_284' title='bbox 289 2419 433 2471; x_wconf 82' lang='grc' dir='ltr'>ἄγαλμα</span> <span class='ocrx_word' id='word_1_285' title='bbox 473 2420 563 2459; x_wconf 84' lang='grc' dir='ltr'>κατὰ</span> <span class='ocrx_word' id='word_1_286' title='bbox 596 2422 657 2468; x_wconf 80' lang='grc' dir='ltr'>τὴν</span> <span class='ocrx_word' id='word_1_287' title='bbox 687 2424 904 2474; x_wconf 81' lang='grc' dir='ltr'>καλουμένην</span> <span class='ocrx_word' id='word_1_288' title='bbox 935 2425 1126 2472; x_wconf 81' lang='grc' dir='ltr'>Βασιλικὴν</span> 
     </span>
     <span class='ocr_line' id='line_1_41' title="bbox 87 2477 677 2532; baseline 0.005 -17"><span class='ocrx_word' id='word_1_289' title='bbox 87 2477 248 2526; x_wconf 87' lang='grc' dir='ltr'>ἀνέθηκε,</span> <span class='ocrx_word' id='word_1_290' title='bbox 264 2480 324 2516; x_wconf 85' lang='grc' dir='ltr'>καὶ</span> <span class='ocrx_word' id='word_1_291' title='bbox 340 2479 534 2532; x_wconf 76' lang='grc' dir='ltr'>ἐπέγραψεν</span> <span class='ocrx_word' id='word_1_292' title='bbox 552 2479 677 2523; x_wconf 80' lang='grc' dir='ltr'>οὕτως·</span> 
     </span>
     <span class='ocr_line' id='line_1_42' title="bbox 80 2555 918 2598; baseline 0.006 -13"><span class='ocrx_word' id='word_1_293' title='bbox 80 2564 106 2581; x_wconf 68' lang='lat'>0</span> <span class='ocrx_word' id='word_1_294' title='bbox 167 2555 228 2586; x_wconf 79' lang='grc' dir='ltr'>Τὸν</span> <span class='ocrx_word' id='word_1_295' title='bbox 244 2555 388 2596; x_wconf 86' lang='grc' dir='ltr'>κρατερὸν</span> <span class='ocrx_word' id='word_1_296' title='bbox 401 2555 540 2592; x_wconf 79' lang='grc' dir='ltr'>Βύζαντα</span> <span class='ocrx_word' id='word_1_297' title='bbox 552 2557 603 2588; x_wconf 77' lang='grc' dir='ltr'>καὶ</span> <span class='ocrx_word' id='word_1_298' title='bbox 619 2558 742 2598; x_wconf 78' lang='grc' dir='ltr'>ἱμερτὴν</span> <span class='ocrx_word' id='word_1_299' title='bbox 755 2559 918 2590; x_wconf 73' lang='grc' dir='ltr'>Φιδοίλειαν</span> 
     </span>
     <span class='ocr_line' id='line_1_43' title="bbox 210 2601 774 2642; baseline 0.007 -10"><span class='ocrx_word' id='word_1_300' title='bbox 210 2601 288 2633; x_wconf 86' lang='grc' dir='ltr'>κίονι</span> <span class='ocrx_word' id='word_1_301' title='bbox 299 2603 461 2642; x_wconf 85' lang='grc' dir='ltr'>κοσμήσας</span> <span class='ocrx_word' id='word_1_302' title='bbox 472 2603 578 2634; x_wconf 85' lang='grc' dir='ltr'>ἄνθετο</span> <span class='ocrx_word' id='word_1_303' title='bbox 591 2603 774 2642; x_wconf 82' lang='grc' dir='ltr'>Καλλιάδης.</span> 
     </span>
    </p>

    <p class='ocr_par' dir='ltr' id='par_1_7' title="bbox 138 2665 1126 2721">
     <span class='ocr_line' id='line_1_44' title="bbox 138 2665 1126 2721; baseline 0.003 -18"><span class='ocrx_word' id='word_1_304' title='bbox 138 2679 184 2703; x_wconf 77' lang='lat'>25.</span> <span class='ocrx_word' id='word_1_305' title='bbox 215 2665 319 2704; x_wconf 89' lang='grc' dir='ltr'>Ἀλλὰ</span> <span class='ocrx_word' id='word_1_306' title='bbox 352 2670 461 2705; x_wconf 82' lang='grc' dir='ltr'>ταῦτα</span> <span class='ocrx_word' id='word_1_307' title='bbox 491 2666 553 2717; x_wconf 85' lang='grc' dir='ltr'>μὲν</span> <span class='ocrx_word' id='word_1_308' title='bbox 584 2667 644 2706; x_wconf 79' lang='grc' dir='ltr'>καὶ</span> <span class='ocrx_word' id='word_1_309' title='bbox 675 2669 1037 2721; x_wconf 85' lang='grc' dir='ltr'>ἀριστοκρατουμένων</span> <span class='ocrx_word' id='word_1_310' title='bbox 1066 2668 1126 2706; x_wconf 81' lang='grc' dir='ltr'>καὶ</span> 
     </span>
    </p>

    <p class='ocr_par' dir='ltr' id='par_1_8' title="bbox 86 2724 1127 2778">
     <span class='ocr_line' id='line_1_45' title="bbox 86 2724 1127 2778; baseline 0.004 -18"><span class='ocrx_word' id='word_1_311' title='bbox 86 2724 421 2776; x_wconf 83' lang='grc' dir='ltr'>δημοκρατουμένων</span> <span class='ocrx_word' id='word_1_312' title='bbox 446 2728 515 2763; x_wconf 84' lang='grc' dir='ltr'>τῶν</span> <span class='ocrx_word' id='word_1_313' title='bbox 535 2726 746 2774; x_wconf 86' lang='grc' dir='ltr'>Βυζαντίων,</span> <span class='ocrx_word' id='word_1_314' title='bbox 775 2726 824 2764; x_wconf 88' lang='grc' dir='ltr'>ἔτι</span> <span class='ocrx_word' id='word_1_315' title='bbox 854 2726 889 2765; x_wconf 81' lang='grc' dir='ltr'>δὲ</span> <span class='ocrx_word' id='word_1_316' title='bbox 914 2726 974 2764; x_wconf 82' lang='grc' dir='ltr'>καὶ</span> <span class='ocrx_word' id='word_1_317' title='bbox 1000 2742 1127 2778; x_wconf 86' lang='grc' dir='ltr'>τυραν-</span> 
     </span>
    </p>
   </div>
   <div class='ocr_carea' id='block_1_7' title="bbox 1202 349 1513 401">
    <p class='ocr_par' dir='ltr' id='par_1_9' title="bbox 1202 349 1513 401">
     <span class='ocr_line' id='line_1_46' title="bbox 1202 349 1513 401; baseline 0.023 -21"><span class='ocrx_word' id='word_1_318' title='bbox 1202 349 1307 382; x_wconf 89' lang='lat' dir='ltr'><strong>adhuc</strong></span> <span class='ocrx_word' id='word_1_319' title='bbox 1320 356 1489 393; x_wconf 83' lang='lat' dir='ltr'><strong>supersunt</strong></span> <span class='ocrx_word' id='word_1_320' title='bbox 1504 369 1513 401; x_wconf 60' lang='lat' dir='ltr'>q</span> 
     </span>
    </p>
   </div>
   <div class='ocr_carea' id='block_1_8' title="bbox 1271 431 2125 794">
    <p class='ocr_par' dir='ltr' id='par_1_10' title="bbox 1271 431 2125 520">
     <span class='ocr_line' id='line_1_47' title="bbox 1271 431 2125 477; baseline 0.018 -20"><span class='ocrx_word' id='word_1_321' title='bbox 1271 431 1315 458; x_wconf 80' lang='grc'>50.</span> <span class='ocrx_word' id='word_1_322' title='bbox 1331 431 1457 461; x_wconf 81' lang='lat' dir='ltr'><strong>Inachiae</strong></span> <span class='ocrx_word' id='word_1_323' title='bbox 1470 441 1532 462; x_wconf 90' lang='lat' dir='ltr'>non</span> <span class='ocrx_word' id='word_1_324' title='bbox 1542 442 1608 463; x_wconf 88' lang='lat' dir='ltr'><strong>suin</strong></span> <span class='ocrx_word' id='word_1_325' title='bbox 1620 437 1737 472; x_wconf 83' lang='lat' dir='ltr'><strong>signum</strong></span> <span class='ocrx_word' id='word_1_326' title='bbox 1747 438 1840 474; x_wconf 83' lang='lat' dir='ltr'><strong>bovis,</strong></span> <span class='ocrx_word' id='word_1_327' title='bbox 1852 432 1989 477; x_wconf 70' lang='lat' dir='ltr'><strong>hauddue</strong></span> <span class='ocrx_word' id='word_1_328' title='bbox 2001 445 2125 472; x_wconf 85' lang='lat' dir='ltr'><strong>vocatur</strong></span> 
     </span>
     <span class='ocr_line' id='line_1_48' title="bbox 1305 477 1972 520; baseline 0.018 -17"><span class='ocrx_word' id='word_1_329' title='bbox 1305 482 1321 502; x_wconf 86' lang='lat' dir='ltr'>a</span> <span class='ocrx_word' id='word_1_330' title='bbox 1333 484 1379 505; x_wconf 90' lang='lat' dir='ltr'>me</span> <span class='ocrx_word' id='word_1_331' title='bbox 1392 477 1549 507; x_wconf 85' lang='lat' dir='ltr'><strong>adversum</strong></span> <span class='ocrx_word' id='word_1_332' title='bbox 1565 480 1636 509; x_wconf 85' lang='lat' dir='ltr'><strong>illud</strong></span> <span class='ocrx_word' id='word_1_333' title='bbox 1651 484 1826 519; x_wconf 85' lang='lat' dir='ltr'><strong>Bosporium</strong></span> <span class='ocrx_word' id='word_1_334' title='bbox 1843 486 1972 520; x_wconf 81' lang='lat' dir='ltr'><strong>pelagus.</strong></span> 
     </span>
    </p>

    <p class='ocr_par' dir='ltr' id='par_1_11' title="bbox 1279 521 2068 613">
     <span class='ocr_line' id='line_1_49' title="bbox 1279 521 1989 567; baseline 0.017 -19"><span class='ocrx_word' id='word_1_335' title='bbox 1279 521 1364 549; x_wconf 83' lang='lat' dir='ltr'><strong>Hanc</strong></span> <span class='ocrx_word' id='word_1_336' title='bbox 1376 523 1486 551; x_wconf 81' lang='lat' dir='ltr'><strong>etenim</strong></span> <span class='ocrx_word' id='word_1_337' title='bbox 1496 525 1578 560; x_wconf 87' lang='lat' dir='ltr'><strong>prius</strong></span> <span class='ocrx_word' id='word_1_338' title='bbox 1587 525 1631 554; x_wconf 86' lang='lat' dir='ltr'>ira</span> <span class='ocrx_word' id='word_1_339' title='bbox 1646 528 1743 562; x_wconf 85' lang='lat' dir='ltr'><strong>gravis</strong></span> <span class='ocrx_word' id='word_1_340' title='bbox 1752 531 1880 558; x_wconf 73' lang='lat' dir='ltr'><strong>sunonis</strong></span> <span class='ocrx_word' id='word_1_341' title='bbox 1892 531 1989 567; x_wconf 77' lang='lat' dir='ltr'>abegit</span> 
     </span>
     <span class='ocr_line' id='line_1_50' title="bbox 1308 568 2068 613; baseline 0.018 -20"><span class='ocrx_word' id='word_1_342' title='bbox 1308 573 1399 602; x_wconf 85' lang='lat' dir='ltr'><strong>usquc</strong></span> <span class='ocrx_word' id='word_1_343' title='bbox 1410 568 1541 597; x_wconf 82' lang='lat' dir='ltr'>Pharum</span> <span class='ocrx_word' id='word_1_344' title='bbox 1553 580 1560 602; x_wconf 69' lang='grc' dir='ltr'>ς</span> <span class='ocrx_word' id='word_1_345' title='bbox 1578 570 1627 599; x_wconf 86' lang='lat' dir='ltr'>sed</span> <span class='ocrx_word' id='word_1_346' title='bbox 1641 578 1696 606; x_wconf 85' lang='lat' dir='ltr'><strong>ego</strong></span> <span class='ocrx_word' id='word_1_347' title='bbox 1705 576 1822 602; x_wconf 82' lang='lat' dir='ltr'><strong>mortua</strong></span> <span class='ocrx_word' id='word_1_348' title='bbox 1832 583 1897 604; x_wconf 90' lang='lat' dir='ltr'><strong>suni</strong></span> <span class='ocrx_word' id='word_1_349' title='bbox 1910 578 2048 613; x_wconf 87' lang='lat' dir='ltr'><strong>Cecropis</strong></span> <span class='ocrx_word' id='word_1_350' title='bbox 2059 589 2068 611; x_wconf 83' lang='grc'>;</span> 
     </span>
    </p>

    <p class='ocr_par' dir='ltr' id='par_1_12' title="bbox 1282 613 2052 701">
     <span class='ocr_line' id='line_1_51' title="bbox 1282 613 2052 660; baseline 0.019 -22"><span class='ocrx_word' id='word_1_351' title='bbox 1282 614 1369 647; x_wconf 85' lang='lat' dir='ltr'><strong>atque</strong></span> <span class='ocrx_word' id='word_1_352' title='bbox 1379 613 1511 642; x_wconf 87' lang='lat' dir='ltr'><strong>Cliaretis</strong></span> <span class='ocrx_word' id='word_1_353' title='bbox 1520 623 1602 644; x_wconf 87' lang='lat' dir='ltr'><strong>eram</strong></span> <span class='ocrx_word' id='word_1_354' title='bbox 1615 618 1737 654; x_wconf 88' lang='lat' dir='ltr'><strong>conjux,</strong></span> <span class='ocrx_word' id='word_1_355' title='bbox 1752 620 1894 657; x_wconf 86' lang='lat' dir='ltr'><strong>illumque</strong></span> <span class='ocrx_word' id='word_1_356' title='bbox 1909 625 2052 660; x_wconf 75' lang='lat' dir='ltr'>sequebar</span> 
     </span>
     <span class='ocr_line' id='line_1_52' title="bbox 1317 659 1924 701; baseline 0.018 -16"><span class='ocrx_word' id='word_1_357' title='bbox 1317 664 1424 694; x_wconf 88' lang='lat' dir='ltr'><strong>nempe</strong></span> <span class='ocrx_word' id='word_1_358' title='bbox 1437 659 1597 697; x_wconf 82' lang='lat' dir='ltr'><strong>Philippeis</strong></span> <span class='ocrx_word' id='word_1_359' title='bbox 1612 663 1735 692; x_wconf 88' lang='lat' dir='ltr'><strong>navibus</strong></span> <span class='ocrx_word' id='word_1_360' title='bbox 1744 667 1924 701; x_wconf 86' lang='lat' dir='ltr'><strong>oppositum.</strong></span> 
     </span>
    </p>

    <p class='ocr_par' dir='ltr' id='par_1_13' title="bbox 1274 703 1999 794">
     <span class='ocr_line' id='line_1_53' title="bbox 1274 703 1999 746; baseline 0.019 -17"><span class='ocrx_word' id='word_1_361' title='bbox 1274 703 1384 732; x_wconf 87' lang='lat' dir='ltr'><strong>Bucula</strong></span> <span class='ocrx_word' id='word_1_362' title='bbox 1400 703 1479 733; x_wconf 83' lang='lat' dir='ltr'><strong>dicta</strong></span> <span class='ocrx_word' id='word_1_363' title='bbox 1489 704 1665 742; x_wconf 82' lang='lat' dir='ltr'><strong>rui=conjux</strong></span> <span class='ocrx_word' id='word_1_364' title='bbox 1675 716 1757 738; x_wconf 90' lang='lat' dir='ltr'><strong>nunc</strong></span> <span class='ocrx_word' id='word_1_365' title='bbox 1771 713 1852 746; x_wconf 80' lang='lat' dir='ltr'><strong>grata</strong></span> <span class='ocrx_word' id='word_1_366' title='bbox 1865 712 1999 742; x_wconf 81' lang='lat' dir='ltr'><strong>Chai-etis</strong></span> 
     </span>
     <span class='ocr_line' id='line_1_54' title="bbox 1305 753 1911 794; baseline 0.018 -17"><span class='ocrx_word' id='word_1_367' title='bbox 1305 753 1454 779; x_wconf 85' lang='lat' dir='ltr'><strong>terrarum</strong></span> <span class='ocrx_word' id='word_1_368' title='bbox 1469 754 1589 788; x_wconf 82' lang='lat' dir='ltr'><strong>gemino</strong></span> <span class='ocrx_word' id='word_1_369' title='bbox 1602 754 1687 784; x_wconf 85' lang='lat' dir='ltr'><strong>laetor</strong></span> <span class='ocrx_word' id='word_1_370' title='bbox 1697 759 1826 794; x_wconf 89' lang='lat' dir='ltr'><strong>utroque</strong></span> <span class='ocrx_word' id='word_1_371' title='bbox 1838 759 1911 789; x_wconf 84' lang='lat' dir='ltr'><strong>solo.</strong></span> 
     </span>
    </p>
   </div>
   <div class='ocr_carea' id='block_1_9' title="bbox 1197 827 2243 1029">
    <p class='ocr_par' dir='ltr' id='par_1_14' title="bbox 1197 827 2243 1029">
     <span class='ocr_line' id='line_1_55' title="bbox 1245 827 2243 877; baseline 0.018 -21"><span class='ocrx_word' id='word_1_372' title='bbox 1245 827 1295 857; x_wconf 80' lang='lat'>31.</span> <span class='ocrx_word' id='word_1_373' title='bbox 1310 828 1418 864; x_wconf 87' lang='lat' dir='ltr'><strong>Quum</strong></span> <span class='ocrx_word' id='word_1_374' title='bbox 1431 837 1507 860; x_wconf 82' lang='lat' dir='ltr'><strong>vero</strong></span> <span class='ocrx_word' id='word_1_375' title='bbox 1517 830 1635 863; x_wconf 77' lang='lat' dir='ltr'>Chares</span> <span class='ocrx_word' id='word_1_376' title='bbox 1648 832 1787 866; x_wconf 83' lang='lat' dir='ltr'><strong>Athenas</strong></span> <span class='ocrx_word' id='word_1_377' title='bbox 1801 835 1996 877; x_wconf 82' lang='lat' dir='ltr'><strong>navigasset,</strong></span> <span class='ocrx_word' id='word_1_378' title='bbox 2009 839 2243 875; x_wconf 83' lang='lat' dir='ltr'><strong>Protomachus</strong></span> 
     </span>
     <span class='ocr_line' id='line_1_56' title="bbox 1197 903 2242 950; baseline 0.017 -19"><span class='ocrx_word' id='word_1_379' title='bbox 1197 903 1370 940; x_wconf 73' lang='lat' dir='ltr'><strong>praeturam</strong></span> <span class='ocrx_word' id='word_1_380' title='bbox 1395 906 1519 945; x_wconf 80' lang='lat' dir='ltr'><strong>excepit</strong></span> <span class='ocrx_word' id='word_1_381' title='bbox 1527 916 1537 945; x_wconf 88' lang='lat'>;</span> <span class='ocrx_word' id='word_1_382' title='bbox 1562 907 1616 947; x_wconf 92' lang='lat' dir='ltr'>qui</span> <span class='ocrx_word' id='word_1_383' title='bbox 1631 916 1731 948; x_wconf 88' lang='lat' dir='ltr'><strong>quum</strong></span> <span class='ocrx_word' id='word_1_384' title='bbox 1758 909 1967 945; x_wconf 86' lang='lat' dir='ltr'><strong>obtiirbantes</strong></span> <span class='ocrx_word' id='word_1_385' title='bbox 1985 914 2124 947; x_wconf 87' lang='lat' dir='ltr'><strong>Thraces</strong></span> <span class='ocrx_word' id='word_1_386' title='bbox 2143 917 2242 950; x_wconf 86' lang='lat' dir='ltr'><strong>armis</strong></span> 
     </span>
     <span class='ocr_line' id='line_1_57' title="bbox 1197 976 2240 1029; baseline 0.015 -21"><span class='ocrx_word' id='word_1_387' title='bbox 1197 976 1410 1019; x_wconf 83' lang='lat' dir='ltr'><strong>subjugasset,</strong></span> <span class='ocrx_word' id='word_1_388' title='bbox 1440 987 1523 1012; x_wconf 78' lang='lat' dir='ltr'><strong>aerea</strong></span> <span class='ocrx_word' id='word_1_389' title='bbox 1546 983 1665 1022; x_wconf 78' lang='lat' dir='ltr'><strong>tropaea</strong></span> <span class='ocrx_word' id='word_1_390' title='bbox 1683 992 1720 1015; x_wconf 89' lang='lat' dir='ltr'><strong>eo</strong></span> <span class='ocrx_word' id='word_1_391' title='bbox 1742 984 1875 1018; x_wconf 88' lang='lat' dir='ltr'><strong>iuurbis</strong></span> <span class='ocrx_word' id='word_1_392' title='bbox 1899 987 1972 1020; x_wconf 79' lang='lat' dir='ltr'><strong>loco</strong></span> <span class='ocrx_word' id='word_1_393' title='bbox 1984 990 2039 1029; x_wconf 89' lang='lat' dir='ltr'>qui</span> <span class='ocrx_word' id='word_1_394' title='bbox 2067 991 2240 1024; x_wconf 85' lang='lat' dir='ltr'><strong>Miliarium</strong></span> 
     </span>
    </p>
   </div>
   <div class='ocr_carea' id='block_1_10' title="bbox 1195 1051 2239 1323">
    <p class='ocr_par' dir='ltr' id='par_1_15' title="bbox 1195 1051 2239 1323">
     <span class='ocr_line' id='line_1_58' title="bbox 1196 1051 2239 1107; baseline 0.016 -25"><span class='ocrx_word' id='word_1_395' title='bbox 1196 1051 1312 1084; x_wconf 82' lang='lat' dir='ltr'><strong>dicitur</strong></span> <span class='ocrx_word' id='word_1_396' title='bbox 1339 1054 1460 1086; x_wconf 85' lang='lat' dir='ltr'><strong>statuit.</strong></span> <span class='ocrx_word' id='word_1_397' title='bbox 1507 1057 1571 1097; x_wconf 85' lang='lat'>(32)</span> <span class='ocrx_word' id='word_1_398' title='bbox 1587 1058 1656 1089; x_wconf 85' lang='lat' dir='ltr'>Hoc</span> <span class='ocrx_word' id='word_1_399' title='bbox 1671 1059 1767 1092; x_wconf 83' lang='lat' dir='ltr'><strong>etiam</strong></span> <span class='ocrx_word' id='word_1_400' title='bbox 1795 1063 1923 1094; x_wconf 87' lang='lat' dir='ltr'><strong>mortuo</strong></span> <span class='ocrx_word' id='word_1_401' title='bbox 1938 1064 2094 1097; x_wconf 70' lang='lat' dir='ltr'><strong>Timasius</strong></span> <span class='ocrx_word' id='word_1_402' title='bbox 2109 1066 2239 1107; x_wconf 86' lang='lat' dir='ltr'><strong>quidam</strong></span> 
     </span>
     <span class='ocr_line' id='line_1_59' title="bbox 1195 1115 2239 1174; baseline 0.016 -18"><span class='ocrx_word' id='word_1_403' title='bbox 1195 1125 1386 1166; x_wconf 86' lang='lat' dir='ltr'><strong>Argivorum</strong></span> <span class='ocrx_word' id='word_1_404' title='bbox 1410 1128 1539 1161; x_wconf 84' lang='lat' dir='ltr'><strong>civitate</strong></span> <span class='ocrx_word' id='word_1_405' title='bbox 1552 1129 1730 1172; x_wconf 84' lang='lat' dir='ltr'><strong>adscriptus</strong></span> <span class='ocrx_word' id='word_1_406' title='bbox 1754 1115 1893 1174; x_wconf 82' lang='lat' dir='ltr'><strong>primum</strong></span> <span class='ocrx_word' id='word_1_407' title='bbox 1915 1130 1954 1168; x_wconf 79' lang='lat' dir='ltr'>ad</span> <span class='ocrx_word' id='word_1_408' title='bbox 1970 1138 2110 1170; x_wconf 82' lang='lat' dir='ltr'><strong>Pontum</strong></span> <span class='ocrx_word' id='word_1_409' title='bbox 2138 1139 2239 1172; x_wconf 82' lang='lat' dir='ltr'><strong>Euxi-</strong></span> 
     </span>
     <span class='ocr_line' id='line_1_60' title="bbox 1195 1199 2237 1251; baseline 0.014 -22"><span class='ocrx_word' id='word_1_410' title='bbox 1195 1207 1274 1230; x_wconf 86' lang='lat' dir='ltr'>num</span> <span class='ocrx_word' id='word_1_411' title='bbox 1293 1199 1324 1230; x_wconf 90' lang='lat' dir='ltr'>iu</span> <span class='ocrx_word' id='word_1_412' title='bbox 1342 1200 1412 1231; x_wconf 90' lang='lat' dir='ltr'><strong>loco</strong></span> <span class='ocrx_word' id='word_1_413' title='bbox 1427 1203 1613 1243; x_wconf 85' lang='lat' dir='ltr'><strong>nuncupato</strong></span> <span class='ocrx_word' id='word_1_414' title='bbox 1634 1204 1804 1244; x_wconf 84' lang='lat' dir='ltr'><strong>Ephesiate</strong></span> <span class='ocrx_word' id='word_1_415' title='bbox 1819 1207 1829 1246; x_wconf 91' lang='lat'>(</span> <span class='ocrx_word' id='word_1_416' title='bbox 1844 1207 1897 1239; x_wconf 91' lang='lat' dir='ltr'>ubi</span> <span class='ocrx_word' id='word_1_417' title='bbox 1914 1208 2077 1249; x_wconf 88' lang='lat' dir='ltr'><strong>quondam</strong></span> <span class='ocrx_word' id='word_1_418' title='bbox 2092 1210 2237 1251; x_wconf 79' lang='lat' dir='ltr'><strong>Ephesii,</strong></span> 
     </span>
     <span class='ocr_line' id='line_1_61' title="bbox 1196 1271 2235 1323; baseline 0.013 -22"><span class='ocrx_word' id='word_1_419' title='bbox 1196 1271 1316 1303; x_wconf 88' lang='lat' dir='ltr'><strong>colonis</strong></span> <span class='ocrx_word' id='word_1_420' title='bbox 1331 1280 1369 1304; x_wconf 93' lang='lat' dir='ltr'><strong>eo</strong></span> <span class='ocrx_word' id='word_1_421' title='bbox 1385 1272 1541 1314; x_wconf 88' lang='lat' dir='ltr'><strong>deductis,</strong></span> <span class='ocrx_word' id='word_1_422' title='bbox 1556 1275 1668 1307; x_wconf 89' lang='lat' dir='ltr'><strong>urbem</strong></span> <span class='ocrx_word' id='word_1_423' title='bbox 1683 1276 1840 1310; x_wconf 81' lang='lat' dir='ltr'><strong>aedificare</strong></span> <span class='ocrx_word' id='word_1_424' title='bbox 1856 1279 1974 1319; x_wconf 86' lang='lat' dir='ltr'><strong>conati,</strong></span> <span class='ocrx_word' id='word_1_425' title='bbox 1987 1280 2102 1313; x_wconf 85' lang='lat' dir='ltr'><strong>iterum</strong></span> <span class='ocrx_word' id='word_1_426' title='bbox 2115 1282 2235 1323; x_wconf 80' lang='lat' dir='ltr'><strong>Byzan-</strong></span> 
     </span>
    </p>
   </div>
   <div class='ocr_carea' id='block_1_11' title="bbox 1193 1343 1750 1379">
    <p class='ocr_par' dir='ltr' id='par_1_16' title="bbox 1193 1343 1750 1379">
     <span class='ocr_line' id='line_1_62' title="bbox 1193 1343 1750 1379; baseline 0.009 -5"><span class='ocrx_word' id='word_1_427' title='bbox 1193 1343 1274 1374; x_wconf 89' lang='lat' dir='ltr'><strong>tium</strong></span> <span class='ocrx_word' id='word_1_428' title='bbox 1289 1343 1367 1375; x_wconf 91' lang='lat' dir='ltr'><strong>illud</strong></span> <span class='ocrx_word' id='word_1_429' title='bbox 1378 1345 1542 1376; x_wconf 85' lang='lat' dir='ltr'><strong>oraculum</strong></span> <span class='ocrx_word' id='word_1_430' title='bbox 1556 1346 1727 1379; x_wconf 87' lang='lat' dir='ltr'><strong>audierunt</strong></span> <span class='ocrx_word' id='word_1_431' title='bbox 1742 1357 1750 1378; x_wconf 75' lang='grc' dir='ltr'>ε</span> 
     </span>
    </p>
   </div>
   <div class='ocr_carea' id='block_1_12' title="bbox 1267 1425 2074 1520">
    <p class='ocr_par' dir='ltr' id='par_1_17' title="bbox 1267 1425 2074 1520">
     <span class='ocr_line' id='line_1_63' title="bbox 1267 1425 2074 1468; baseline 0.01 -15"><span class='ocrx_word' id='word_1_432' title='bbox 1267 1426 1333 1459; x_wconf 84' lang='lat' dir='ltr'><strong>Hic,</strong></span> <span class='ocrx_word' id='word_1_433' title='bbox 1347 1425 1398 1454; x_wconf 88' lang='lat' dir='ltr'>ubi</span> <span class='ocrx_word' id='word_1_434' title='bbox 1408 1427 1567 1455; x_wconf 85' lang='lat' dir='ltr'><strong>caeruleum</strong></span> <span class='ocrx_word' id='word_1_435' title='bbox 1579 1427 1715 1457; x_wconf 86' lang='lat' dir='ltr'><strong>lambunt</strong></span> <span class='ocrx_word' id='word_1_436' title='bbox 1728 1428 1789 1458; x_wconf 89' lang='lat' dir='ltr'>duo</span> <span class='ocrx_word' id='word_1_437' title='bbox 1802 1428 1923 1459; x_wconf 84' lang='lat' dir='ltr'><strong>flumina</strong></span> <span class='ocrx_word' id='word_1_438' title='bbox 1937 1434 2074 1468; x_wconf 85' lang='lat' dir='ltr'><strong>pontum,</strong></span> 
     </span>
     <span class='ocr_line' id='line_1_64' title="bbox 1268 1478 2006 1520; baseline 0.011 -15"><span class='ocrx_word' id='word_1_439' title='bbox 1268 1478 1358 1506; x_wconf 79' lang='lat' dir='ltr'><strong>Piscis</strong></span> <span class='ocrx_word' id='word_1_440' title='bbox 1374 1478 1423 1507; x_wconf 91' lang='lat' dir='ltr'>ubi</span> <span class='ocrx_word' id='word_1_441' title='bbox 1440 1486 1603 1516; x_wconf 80' lang='lat' dir='ltr'><strong>cervusque</strong></span> <span class='ocrx_word' id='word_1_442' title='bbox 1616 1481 1684 1510; x_wconf 85' lang='lat' dir='ltr'><strong>cibo</strong></span> <span class='ocrx_word' id='word_1_443' title='bbox 1697 1484 1857 1511; x_wconf 82' lang='lat' dir='ltr'><strong>vescuntur</strong></span> <span class='ocrx_word' id='word_1_444' title='bbox 1869 1483 1987 1520; x_wconf 87' lang='lat' dir='ltr'><strong>eodein)</strong></span> <span class='ocrx_word' id='word_1_445' title='bbox 1999 1505 2006 1518; x_wconf 88' lang='lat'><strong>,</strong></span> 
     </span>
    </p>
   </div>
   <div class='ocr_carea' id='block_1_13' title="bbox 1187 1560 2235 2520">
    <p class='ocr_par' dir='ltr' id='par_1_18' title="bbox 1187 1560 2235 2520">
     <span class='ocr_line' id='line_1_65' title="bbox 1193 1560 2235 1611; baseline 0.011 -20"><span class='ocrx_word' id='word_1_446' title='bbox 1193 1560 1305 1592; x_wconf 89' lang='lat' dir='ltr'><strong>urbem</strong></span> <span class='ocrx_word' id='word_1_447' title='bbox 1321 1570 1361 1592; x_wconf 88' lang='lat' dir='ltr'><strong>ex</strong></span> <span class='ocrx_word' id='word_1_448' title='bbox 1377 1561 1512 1594; x_wconf 79' lang='lat' dir='ltr'><strong>adverso</strong></span> <span class='ocrx_word' id='word_1_449' title='bbox 1526 1562 1662 1595; x_wconf 86' lang='lat' dir='ltr'><strong>condere</strong></span> <span class='ocrx_word' id='word_1_450' title='bbox 1677 1564 1829 1604; x_wconf 76' lang='lat' dir='ltr'><strong>incipiens</strong></span> <span class='ocrx_word' id='word_1_451' title='bbox 1841 1590 1850 1606; x_wconf 93' lang='lat'><strong><em>‚</em></strong></span> <span class='ocrx_word' id='word_1_452' title='bbox 1865 1575 1965 1606; x_wconf 86' lang='lat' dir='ltr'><strong>quum</strong></span> <span class='ocrx_word' id='word_1_453' title='bbox 1978 1575 2033 1608; x_wconf 83' lang='lat' dir='ltr'>spe</span> <span class='ocrx_word' id='word_1_454' title='bbox 2046 1568 2235 1611; x_wconf 80' lang='lat' dir='ltr'><strong>excidisset,</strong></span> 
     </span>
     <span class='ocr_line' id='line_1_66' title="bbox 1191 1638 2234 1697; baseline 0.011 -27"><span class='ocrx_word' id='word_1_455' title='bbox 1191 1638 1232 1670; x_wconf 88' lang='lat' dir='ltr'>ad</span> <span class='ocrx_word' id='word_1_456' title='bbox 1244 1639 1416 1679; x_wconf 84' lang='lat' dir='ltr'><strong>Byzantios</strong></span> <span class='ocrx_word' id='word_1_457' title='bbox 1429 1649 1462 1672; x_wconf 90' lang='lat' dir='ltr'>se</span> <span class='ocrx_word' id='word_1_458' title='bbox 1479 1641 1626 1673; x_wconf 89' lang='lat' dir='ltr'><strong>contulit.</strong></span> <span class='ocrx_word' id='word_1_459' title='bbox 1643 1642 1863 1697; x_wconf 17' lang='lat' dir='ltr'><strong>universique*</strong></span> <span class='ocrx_word' id='word_1_460' title='bbox 1869 1645 1978 1685; x_wconf 92' lang='lat' dir='ltr'><strong>populi</strong></span> <span class='ocrx_word' id='word_1_461' title='bbox 1994 1645 2166 1687; x_wconf 85' lang='lat' dir='ltr'><strong>imperator</strong></span> <span class='ocrx_word' id='word_1_462' title='bbox 2176 1647 2234 1680; x_wconf 88' lang='lat' dir='ltr'><strong>‹le-</strong></span> 
     </span>
     <span class='ocr_line' id='line_1_67' title="bbox 1191 1719 2234 1766; baseline 0.01 -16"><span class='ocrx_word' id='word_1_463' title='bbox 1191 1719 1342 1760; x_wconf 71' lang='lat' dir='ltr'><strong>signatus,</strong></span> <span class='ocrx_word' id='word_1_464' title='bbox 1356 1721 1458 1751; x_wconf 84' lang='lat' dir='ltr'><strong>totam</strong></span> <span class='ocrx_word' id='word_1_465' title='bbox 1476 1721 1638 1753; x_wconf 84' lang='lat' dir='ltr'><strong>civitatem</strong></span> <span class='ocrx_word' id='word_1_466' title='bbox 1657 1721 1689 1752; x_wconf 91' lang='lat' dir='ltr'>iii</span> <span class='ocrx_word' id='word_1_467' title='bbox 1702 1722 1816 1753; x_wconf 88' lang='lat' dir='ltr'><strong>melius</strong></span> <span class='ocrx_word' id='word_1_468' title='bbox 1837 1725 1965 1755; x_wconf 81' lang='lat' dir='ltr'><strong>auctam</strong></span> <span class='ocrx_word' id='word_1_469' title='bbox 1983 1725 2179 1766; x_wconf 85' lang='lat' dir='ltr'><strong>reformavit,</strong></span> <span class='ocrx_word' id='word_1_470' title='bbox 2196 1735 2234 1760; x_wconf 84' lang='lat' dir='ltr'>ac</span> 
     </span>
     <span class='ocr_line' id='line_1_68' title="bbox 1192 1795 2229 1840; baseline 0.009 -14"><span class='ocrx_word' id='word_1_471' title='bbox 1192 1796 1276 1836; x_wconf 84' lang='lat' dir='ltr'><strong>leges</strong></span> <span class='ocrx_word' id='word_1_472' title='bbox 1294 1795 1333 1827; x_wconf 87' lang='lat' dir='ltr'>de</span> <span class='ocrx_word' id='word_1_473' title='bbox 1343 1796 1536 1836; x_wconf 78' lang='lat' dir='ltr'><strong>quotidianis</strong></span> <span class='ocrx_word' id='word_1_474' title='bbox 1551 1798 1748 1830; x_wconf 86' lang='lat' dir='ltr'><strong>commerciis</strong></span> <span class='ocrx_word' id='word_1_475' title='bbox 1762 1799 1992 1840; x_wconf 82' lang='lat' dir='ltr'><strong>promulgavit,</strong></span> <span class='ocrx_word' id='word_1_476' title='bbox 2011 1802 2043 1833; x_wconf 87' lang='lat' dir='ltr'>et</span> <span class='ocrx_word' id='word_1_477' title='bbox 2056 1804 2229 1835; x_wconf 83' lang='lat' dir='ltr'><strong>consuetu·</strong></span> 
     </span>
     <span class='ocr_line' id='line_1_69' title="bbox 1189 1871 2233 1916; baseline 0.01 -15"><span class='ocrx_word' id='word_1_478' title='bbox 1189 1871 1279 1903; x_wconf 85' lang='lat' dir='ltr'><strong>dines</strong></span> <span class='ocrx_word' id='word_1_479' title='bbox 1302 1871 1439 1903; x_wconf 88' lang='lat' dir='ltr'><strong>instituit</strong></span> <span class='ocrx_word' id='word_1_480' title='bbox 1459 1871 1586 1913; x_wconf 78' lang='lat' dir='ltr'><strong>civiles,</strong></span> <span class='ocrx_word' id='word_1_481' title='bbox 1612 1873 1729 1914; x_wconf 89' lang='lat' dir='ltr'><strong>quibus</strong></span> <span class='ocrx_word' id='word_1_482' title='bbox 1753 1875 1910 1916; x_wconf 80' lang='lat' dir='ltr'><strong>elegantes</strong></span> <span class='ocrx_word' id='word_1_483' title='bbox 1921 1877 1953 1908; x_wconf 90' lang='lat' dir='ltr'>et</span> <span class='ocrx_word' id='word_1_484' title='bbox 1976 1877 2133 1910; x_wconf 86' lang='lat' dir='ltr'><strong>humanos</strong></span> <span class='ocrx_word' id='word_1_485' title='bbox 2145 1879 2233 1911; x_wconf 86' lang='lat' dir='ltr'><strong>cives</strong></span> 
     </span>
     <span class='ocr_line' id='line_1_70' title="bbox 1189 1947 2232 1992; baseline 0.009 -14"><span class='ocrx_word' id='word_1_486' title='bbox 1189 1947 1304 1980; x_wconf 74' lang='lat' dir='ltr'><strong>effecit.</strong></span> <span class='ocrx_word' id='word_1_487' title='bbox 1329 1947 1392 1988; x_wconf 83' lang='lat'><strong>(33)</strong></span> <span class='ocrx_word' id='word_1_488' title='bbox 1418 1948 1511 1980; x_wconf 85' lang='lat' dir='ltr'><strong>AEdes</strong></span> <span class='ocrx_word' id='word_1_489' title='bbox 1538 1948 1615 1980; x_wconf 89' lang='lat' dir='ltr'><strong>item</strong></span> <span class='ocrx_word' id='word_1_490' title='bbox 1643 1949 1774 1982; x_wconf 85' lang='lat' dir='ltr'><strong>deorum</strong></span> <span class='ocrx_word' id='word_1_491' title='bbox 1801 1952 1981 1992; x_wconf 85' lang='lat' dir='ltr'><strong>complures</strong></span> <span class='ocrx_word' id='word_1_492' title='bbox 1999 1953 2051 1985; x_wconf 91' lang='lat' dir='ltr'><strong>vel</strong></span> <span class='ocrx_word' id='word_1_493' title='bbox 2069 1955 2232 1987; x_wconf 85' lang='lat' dir='ltr'><strong>exstruxit</strong></span> 
     </span>
     <span class='ocr_line' id='line_1_71' title="bbox 1190 2023 2233 2069; baseline 0.01 -16"><span class='ocrx_word' id='word_1_494' title='bbox 1190 2023 1276 2063; x_wconf 85' lang='lat' dir='ltr'><strong>ipse,</strong></span> <span class='ocrx_word' id='word_1_495' title='bbox 1290 2023 1340 2055; x_wconf 87' lang='lat' dir='ltr'><strong>vel</strong></span> <span class='ocrx_word' id='word_1_496' title='bbox 1358 2023 1481 2064; x_wconf 84' lang='lat' dir='ltr'><strong>pridem</strong></span> <span class='ocrx_word' id='word_1_497' title='bbox 1500 2026 1678 2058; x_wconf 86' lang='lat' dir='ltr'><strong>exstructas</strong></span> <span class='ocrx_word' id='word_1_498' title='bbox 1699 2027 1878 2059; x_wconf 83' lang='lat' dir='ltr'><strong>exornavit.</strong></span> <span class='ocrx_word' id='word_1_499' title='bbox 1894 2029 1973 2060; x_wconf 86' lang='lat' dir='ltr'>Nam</span> <span class='ocrx_word' id='word_1_500' title='bbox 1989 2029 2077 2069; x_wconf 89' lang='lat' dir='ltr'><strong>quod</strong></span> <span class='ocrx_word' id='word_1_501' title='bbox 2091 2030 2133 2062; x_wconf 81' lang='lat' dir='ltr'>ad</span> <span class='ocrx_word' id='word_1_502' title='bbox 2155 2032 2233 2062; x_wconf 89' lang='lat' dir='ltr'><strong>Pro-</strong></span> 
     </span>
     <span class='ocr_line' id='line_1_72' title="bbox 1189 2098 2232 2143; baseline 0.01 -14"><span class='ocrx_word' id='word_1_503' title='bbox 1189 2098 1327 2140; x_wconf 86' lang='lat' dir='ltr'><strong>pontidis</strong></span> <span class='ocrx_word' id='word_1_504' title='bbox 1342 2100 1596 2139; x_wconf 86' lang='lat' dir='ltr'><strong>promontorium</strong></span> <span class='ocrx_word' id='word_1_505' title='bbox 1615 2102 1662 2134; x_wconf 89' lang='lat' dir='ltr'>est</span> <span class='ocrx_word' id='word_1_506' title='bbox 1678 2102 1848 2143; x_wconf 88' lang='lat' dir='ltr'><strong>templum,</strong></span> <span class='ocrx_word' id='word_1_507' title='bbox 1871 2103 1912 2135; x_wconf 87' lang='lat' dir='ltr'>ab</span> <span class='ocrx_word' id='word_1_508' title='bbox 1936 2105 2048 2137; x_wconf 84' lang='lat' dir='ltr'><strong>iasone</strong></span> <span class='ocrx_word' id='word_1_509' title='bbox 2071 2105 2148 2138; x_wconf 90' lang='lat' dir='ltr'><strong>olim</strong></span> <span class='ocrx_word' id='word_1_510' title='bbox 2171 2106 2232 2139; x_wconf 88' lang='lat' dir='ltr'><strong>diis</strong></span> 
     </span>
     <span class='ocr_line' id='line_1_73' title="bbox 1188 2175 2230 2222; baseline 0.007 -16"><span class='ocrx_word' id='word_1_511' title='bbox 1188 2175 1357 2207; x_wconf 89' lang='lat' dir='ltr'><strong>duodecim</strong></span> <span class='ocrx_word' id='word_1_512' title='bbox 1396 2177 1635 2215; x_wconf 86' lang='lat' dir='ltr'><strong>consecratum,</strong></span> <span class='ocrx_word' id='word_1_513' title='bbox 1677 2177 1836 2217; x_wconf 86' lang='lat' dir='ltr'><strong>dejectum</strong></span> <span class='ocrx_word' id='word_1_514' title='bbox 1875 2180 2085 2222; x_wconf 85' lang='lat' dir='ltr'><strong>restauravit,</strong></span> <span class='ocrx_word' id='word_1_515' title='bbox 2134 2183 2167 2214; x_wconf 91' lang='lat' dir='ltr'>et</span> <span class='ocrx_word' id='word_1_516' title='bbox 2197 2182 2230 2214; x_wconf 86' lang='lat' dir='ltr'>in</span> 
     </span>
     <span class='ocr_line' id='line_1_74' title="bbox 1189 2251 2228 2296; baseline 0.006 -13"><span class='ocrx_word' id='word_1_517' title='bbox 1189 2251 1296 2283; x_wconf 80' lang='lat' dir='ltr'><strong>Phrixi</strong></span> <span class='ocrx_word' id='word_1_518' title='bbox 1314 2252 1408 2292; x_wconf 88' lang='lat' dir='ltr'><strong>portu</strong></span> <span class='ocrx_word' id='word_1_519' title='bbox 1429 2251 1532 2284; x_wconf 84' lang='lat' dir='ltr'><strong>aedem</strong></span> <span class='ocrx_word' id='word_1_520' title='bbox 1547 2253 1657 2285; x_wconf 81' lang='lat' dir='ltr'><strong>Dianae</strong></span> <span class='ocrx_word' id='word_1_521' title='bbox 1676 2254 1852 2286; x_wconf 90' lang='lat' dir='ltr'><strong>renovavit.</strong></span> <span class='ocrx_word' id='word_1_522' title='bbox 1882 2254 1947 2296; x_wconf 81' lang='lat'>(34)</span> <span class='ocrx_word' id='word_1_523' title='bbox 1966 2256 2039 2288; x_wconf 83' lang='lat' dir='ltr'><strong>Post</strong></span> <span class='ocrx_word' id='word_1_524' title='bbox 2057 2256 2140 2288; x_wconf 86' lang='lat' dir='ltr'><strong>hunc</strong></span> <span class='ocrx_word' id='word_1_525' title='bbox 2156 2258 2228 2290; x_wconf 88' lang='lat' dir='ltr'><strong>Cal-</strong></span> 
     </span>
     <span class='ocr_line' id='line_1_75' title="bbox 1187 2327 2228 2371; baseline 0.004 -12"><span class='ocrx_word' id='word_1_526' title='bbox 1187 2327 1303 2368; x_wconf 64' lang='lat' dir='ltr'><strong>liadoe‚</strong></span> <span class='ocrx_word' id='word_1_527' title='bbox 1321 2327 1464 2368; x_wconf 82' lang='lat' dir='ltr'><strong>Byzantii</strong></span> <span class='ocrx_word' id='word_1_528' title='bbox 1485 2329 1616 2368; x_wconf 80' lang='lat' dir='ltr'><strong>praetor,</strong></span> <span class='ocrx_word' id='word_1_529' title='bbox 1633 2328 1682 2360; x_wconf 90' lang='lat' dir='ltr'>vir</span> <span class='ocrx_word' id='word_1_530' title='bbox 1698 2328 1786 2360; x_wconf 86' lang='lat' dir='ltr'><strong>bellis</strong></span> <span class='ocrx_word' id='word_1_531' title='bbox 1804 2329 1890 2360; x_wconf 89' lang='lat' dir='ltr'><strong>domi</strong></span> <span class='ocrx_word' id='word_1_532' title='bbox 1912 2329 2050 2370; x_wconf 79' lang='lat' dir='ltr'><strong>forisque</strong></span> <span class='ocrx_word' id='word_1_533' title='bbox 2070 2331 2228 2371; x_wconf 83' lang='lat' dir='ltr'><strong>egregius,</strong></span> 
     </span>
     <span class='ocr_line' id='line_1_76' title="bbox 1187 2384 2228 2445; baseline 0.004 -11"><span class='ocrx_word' id='word_1_534' title='bbox 1187 2403 1342 2434; x_wconf 86' lang='lat' dir='ltr'><strong>celebrem</strong></span> <span class='ocrx_word' id='word_1_535' title='bbox 1357 2403 1444 2435; x_wconf 89' lang='lat' dir='ltr'><strong>illam</strong></span> <span class='ocrx_word' id='word_1_536' title='bbox 1458 2405 1491 2436; x_wconf 86' lang='lat' dir='ltr'>et</span> <span class='ocrx_word' id='word_1_537' title='bbox 1503 2403 1720 2435; x_wconf 86' lang='lat' dir='ltr'><strong>admirandam</strong></span> <span class='ocrx_word' id='word_1_538' title='bbox 1734 2384 1882 2445; x_wconf 62' lang='lat' dir='ltr'><strong>B‘yzantis</strong></span> <span class='ocrx_word' id='word_1_539' title='bbox 1893 2405 2032 2437; x_wconf 87' lang='lat' dir='ltr'><strong>statuam</strong></span> <span class='ocrx_word' id='word_1_540' title='bbox 2050 2406 2083 2438; x_wconf 89' lang='lat' dir='ltr'>in</span> <span class='ocrx_word' id='word_1_541' title='bbox 2097 2406 2228 2439; x_wconf 84' lang='lat' dir='ltr'><strong>Basilica</strong></span> 
     </span>
     <span class='ocr_line' id='line_1_77' title="bbox 1189 2478 1680 2520; baseline 0.004 -11"><span class='ocrx_word' id='word_1_542' title='bbox 1189 2478 1313 2519; x_wconf 84' lang='lat' dir='ltr'><strong>posuit,</strong></span> <span class='ocrx_word' id='word_1_543' title='bbox 1327 2480 1424 2520; x_wconf 86' lang='lat' dir='ltr'><strong>atque</strong></span> <span class='ocrx_word' id='word_1_544' title='bbox 1439 2479 1484 2511; x_wconf 85' lang='lat' dir='ltr'>sic</span> <span class='ocrx_word' id='word_1_545' title='bbox 1498 2479 1655 2520; x_wconf 80' lang='lat' dir='ltr'><strong>insci-ipsit</strong></span> <span class='ocrx_word' id='word_1_546' title='bbox 1673 2492 1680 2511; x_wconf 71' lang='grc' dir='ltr'>ε</span> 
     </span>
    </p>
   </div>
   <div class='ocr_carea' id='block_1_14' title="bbox 1257 2557 1982 2646">
    <p class='ocr_par' dir='ltr' id='par_1_19' title="bbox 1257 2557 1982 2646">
     <span class='ocr_line' id='line_1_78' title="bbox 1257 2557 1982 2594; baseline 0.001 -8"><span class='ocrx_word' id='word_1_547' title='bbox 1257 2558 1475 2593; x_wconf 77' lang='lat' dir='ltr'><strong>Magnanimum</strong></span> <span class='ocrx_word' id='word_1_548' title='bbox 1492 2560 1655 2594; x_wconf 86' lang='lat' dir='ltr'><strong>Byzantem</strong></span> <span class='ocrx_word' id='word_1_549' title='bbox 1665 2566 1734 2587; x_wconf 90' lang='lat' dir='ltr'>cum</span> <span class='ocrx_word' id='word_1_550' title='bbox 1744 2560 1825 2594; x_wconf 84' lang='lat' dir='ltr'><strong>grata</strong></span> <span class='ocrx_word' id='word_1_551' title='bbox 1843 2557 1982 2588; x_wconf 82' lang='lat' dir='ltr'><strong>Phidalea</strong></span> 
     </span>
     <span class='ocr_line' id='line_1_79' title="bbox 1293 2611 1787 2646; baseline 0.002 -8"><span class='ocrx_word' id='word_1_552' title='bbox 1293 2611 1386 2638; x_wconf 86' lang='lat' dir='ltr'><strong>erexit</strong></span> <span class='ocrx_word' id='word_1_553' title='bbox 1399 2611 1513 2646; x_wconf 82' lang='lat' dir='ltr'><strong>junctis</strong></span> <span class='ocrx_word' id='word_1_554' title='bbox 1523 2611 1664 2639; x_wconf 84' lang='lat' dir='ltr'><strong>Calliades</strong></span> <span class='ocrx_word' id='word_1_555' title='bbox 1676 2611 1787 2640; x_wconf 85' lang='lat' dir='ltr'><strong>statuis.</strong></span> 
     </span>
    </p>
   </div>
   <div class='ocr_carea' id='block_1_15' title="bbox 1186 2673 2226 2772">
    <p class='ocr_par' dir='ltr' id='par_1_20' title="bbox 1186 2673 2226 2772">
     <span class='ocr_line' id='line_1_80' title="bbox 1227 2673 2226 2716; baseline 0.003 -12"><span class='ocrx_word' id='word_1_556' title='bbox 1227 2676 1279 2704; x_wconf 85' lang='lat'>35.</span> <span class='ocrx_word' id='word_1_557' title='bbox 1297 2674 1335 2704; x_wconf 80' lang='lat' dir='ltr'>Et</span> <span class='ocrx_word' id='word_1_558' title='bbox 1345 2673 1415 2704; x_wconf 83' lang='lat' dir='ltr'><strong>haec</strong></span> <span class='ocrx_word' id='word_1_559' title='bbox 1430 2673 1559 2714; x_wconf 82' lang='lat' dir='ltr'><strong>quidem</strong></span> <span class='ocrx_word' id='word_1_560' title='bbox 1574 2674 1733 2714; x_wconf 72' lang='lat' dir='ltr'><strong>Byzantiis</strong></span> <span class='ocrx_word' id='word_1_561' title='bbox 1755 2674 1815 2706; x_wconf 91' lang='lat' dir='ltr'>sub</span> <span class='ocrx_word' id='word_1_562' title='bbox 1841 2674 2050 2715; x_wconf 80' lang='lat' dir='ltr'><strong>optimatum,</strong></span> <span class='ocrx_word' id='word_1_563' title='bbox 2066 2675 2173 2716; x_wconf 90' lang='lat' dir='ltr'><strong>populi</strong></span> <span class='ocrx_word' id='word_1_564' title='bbox 2194 2678 2226 2708; x_wconf 82' lang='lat' dir='ltr'>et</span> 
     </span>
     <span class='ocr_line' id='line_1_81' title="bbox 1186 2731 2223 2772; baseline 0.003 -11"><span class='ocrx_word' id='word_1_565' title='bbox 1186 2732 1394 2771; x_wconf 76' lang='lat' dir='ltr'><strong>tyrannorum</strong></span> <span class='ocrx_word' id='word_1_566' title='bbox 1410 2740 1538 2771; x_wconf 87' lang='lat' dir='ltr'><strong>quoque</strong></span> <span class='ocrx_word' id='word_1_567' title='bbox 1559 2731 1691 2771; x_wconf 85' lang='lat' dir='ltr'><strong>imperio</strong></span> <span class='ocrx_word' id='word_1_568' title='bbox 1709 2732 1803 2763; x_wconf 87' lang='lat' dir='ltr'><strong>variis</strong></span> <span class='ocrx_word' id='word_1_569' title='bbox 1815 2732 2011 2772; x_wconf 90' lang='lat' dir='ltr'><strong>temporibus</strong></span> <span class='ocrx_word' id='word_1_570' title='bbox 2029 2732 2223 2766; x_wconf 81' lang='lat' dir='ltr'><strong>acciderunt.</strong></span> 
     </span>
    </p>
   </div>
   <div class='ocr_carea' id='block_1_16' title="bbox 85 2781 2225 2837">
    <p class='ocr_par' dir='ltr' id='par_1_21' title="bbox 85 2781 2225 2837">
     <span class='ocr_line' id='line_1_82' title="bbox 85 2781 2225 2837; baseline 0.003 -20"><span class='ocrx_word' id='word_1_571' title='bbox 85 2781 269 2830; x_wconf 85' lang='grc' dir='ltr'>νουμένων,</span> <span class='ocrx_word' id='word_1_572' title='bbox 285 2781 376 2820; x_wconf 84' lang='grc' dir='ltr'>κατὰ</span> <span class='ocrx_word' id='word_1_573' title='bbox 393 2783 574 2836; x_wconf 76' lang='grc' dir='ltr'>διαφόρους</span> <span class='ocrx_word' id='word_1_574' title='bbox 594 2784 796 2834; x_wconf 68' lang='grc' dir='ltr'>συμὸέὸηκε</span> <span class='ocrx_word' id='word_1_575' title='bbox 817 2785 972 2837; x_wconf 86' lang='grc' dir='ltr'>χρόνους.</span> <span class='ocrx_word' id='word_1_576' title='bbox 998 2784 1063 2827; x_wconf 68' lang='grc' dir='ltr'>εΩς</span> <span class='ocrx_word' id='word_1_577' title='bbox 1087 2784 1123 2822; x_wconf 79' lang='grc' dir='ltr'>δὲ</span> <span class='ocrx_word' id='word_1_578' title='bbox 1186 2790 1359 2829; x_wconf 81' lang='lat' dir='ltr'><strong>Postquam</strong></span> <span class='ocrx_word' id='word_1_579' title='bbox 1389 2797 1465 2820; x_wconf 87' lang='lat' dir='ltr'><strong>vero</strong></span> <span class='ocrx_word' id='word_1_580' title='bbox 1500 2789 1658 2820; x_wconf 85' lang='lat' dir='ltr'><strong>consulari</strong></span> <span class='ocrx_word' id='word_1_581' title='bbox 1695 2789 1816 2821; x_wconf 85' lang='lat' dir='ltr'><strong>virtute</strong></span> <span class='ocrx_word' id='word_1_582' title='bbox 1848 2792 2028 2822; x_wconf 84' lang='lat' dir='ltr'><strong>Romanum</strong></span> <span class='ocrx_word' id='word_1_583' title='bbox 2056 2791 2225 2831; x_wconf 88' lang='lat' dir='ltr'><strong>imperium</strong></span> 
     </span>
    </p>
   </div>
   <div class='ocr_carea' id='block_1_17' title="bbox 84 2890 2225 3450">
    <p class='ocr_par' dir='ltr' id='par_1_22' title="bbox 84 2890 2225 3450">
     <span class='ocr_line' id='line_1_83' title="bbox 84 2890 2221 2946; baseline 0.001 -23"><span class='ocrx_word' id='word_1_584' title='bbox 84 2909 125 2915; x_wconf 94' lang='lat'>—</span> <span class='ocrx_word' id='word_1_585' title='bbox 140 2890 159 2931; x_wconf 83' lang='lat'>§</span> <span class='ocrx_word' id='word_1_586' title='bbox 173 2896 223 2924; x_wconf 87' lang='grc'>30.</span> <span class='ocrx_word' id='word_1_587' title='bbox 248 2894 283 2924; x_wconf 89' lang='grc' dir='ltr'>οἱ</span> <span class='ocrx_word' id='word_1_588' title='bbox 300 2892 379 2933; x_wconf 88' lang='grc' dir='ltr'>στ.]</span> <span class='ocrx_word' id='word_1_589' title='bbox 396 2895 425 2924; x_wconf 85' lang='grc' dir='ltr'>οἱ</span> <span class='ocrx_word' id='word_1_590' title='bbox 449 2893 554 2926; x_wconf 89' lang='lat' dir='ltr'><strong>addidi</strong></span> <span class='ocrx_word' id='word_1_591' title='bbox 566 2904 583 2926; x_wconf 87' lang='lat' dir='ltr'><strong>e</strong></span> <span class='ocrx_word' id='word_1_592' title='bbox 600 2895 734 2927; x_wconf 76' lang='lat' dir='ltr'><strong>Codino‚</strong></span> <span class='ocrx_word' id='word_1_593' title='bbox 750 2895 950 2936; x_wconf 73' lang='lat' dir='ltr'><strong>Epigramma</strong></span> <span class='ocrx_word' id='word_1_594' title='bbox 965 2896 1068 2927; x_wconf 87' lang='lat' dir='ltr'><strong>exstat</strong></span> <span class='ocrx_word' id='word_1_595' title='bbox 1082 2895 1177 2926; x_wconf 87' lang='lat' dir='ltr'><strong>etiam</strong></span> <span class='ocrx_word' id='word_1_596' title='bbox 1200 2903 1251 2934; x_wconf 88' lang='lat' dir='ltr'>ap.</span> <span class='ocrx_word' id='word_1_597' title='bbox 1267 2893 1462 2925; x_wconf 81' lang='lat' dir='ltr'><strong>constantin.</strong></span> <span class='ocrx_word' id='word_1_598' title='bbox 1479 2893 1634 2932; x_wconf 87' lang='lat' dir='ltr'><strong>Porphyr.</strong></span> <span class='ocrx_word' id='word_1_599' title='bbox 1656 2895 1702 2926; x_wconf 78' lang='lat' dir='ltr'><strong>De</strong></span> <span class='ocrx_word' id='word_1_600' title='bbox 1715 2893 1828 2925; x_wconf 90' lang='lat' dir='ltr'><strong>Them.</strong></span> <span class='ocrx_word' id='word_1_601' title='bbox 1849 2895 1897 2945; x_wconf 84' lang='lat' dir='ltr'>ll,</span> <span class='ocrx_word' id='word_1_602' title='bbox 1918 2898 1964 2925; x_wconf 86' lang='lat'>12.</span> <span class='ocrx_word' id='word_1_603' title='bbox 1981 2895 2023 2925; x_wconf 82' lang='lat' dir='ltr'>V.</span> <span class='ocrx_word' id='word_1_604' title='bbox 2041 2903 2074 2946; x_wconf 78' lang='lat' dir='ltr'>in</span> <span class='ocrx_word' id='word_1_605' title='bbox 2091 2894 2221 2946; x_wconf 75' lang='lat' dir='ltr'><strong>Antbol.</strong></span> 
     </span>
     <span class='ocr_line' id='line_1_84' title="bbox 85 2938 2225 2994; baseline 0 -24"><span class='ocrx_word' id='word_1_606' title='bbox 85 2938 197 2978; x_wconf 88' lang='lat' dir='ltr'><strong>Steph.</strong></span> <span class='ocrx_word' id='word_1_607' title='bbox 212 2941 275 2978; x_wconf 90' lang='lat'>111,</span> <span class='ocrx_word' id='word_1_608' title='bbox 297 2942 351 2978; x_wconf 79' lang='lat'>12,</span> <span class='ocrx_word' id='word_1_609' title='bbox 368 2948 399 2980; x_wconf 92' lang='lat' dir='ltr'>p.</span> <span class='ocrx_word' id='word_1_610' title='bbox 416 2942 487 2971; x_wconf 83' lang='lat'><strong>224.</strong></span> <span class='ocrx_word' id='word_1_611' title='bbox 502 2941 638 2972; x_wconf 83' lang='lat' dir='ltr'><strong>Brunck.</strong></span> <span class='ocrx_word' id='word_1_612' title='bbox 655 2942 744 2973; x_wconf 82' lang='lat' dir='ltr'><strong>Anal.</strong></span> <span class='ocrx_word' id='word_1_613' title='bbox 755 2944 780 2973; x_wconf 88' lang='lat' dir='ltr'>t.</span> <span class='ocrx_word' id='word_1_614' title='bbox 797 2943 841 2973; x_wconf 81' lang='grc' dir='ltr'>ΙΙΙ</span> <span class='ocrx_word' id='word_1_615' title='bbox 853 2965 862 2981; x_wconf 92' lang='grc'>,</span> <span class='ocrx_word' id='word_1_616' title='bbox 876 2950 908 2981; x_wconf 91' lang='lat' dir='ltr'>p.</span> <span class='ocrx_word' id='word_1_617' title='bbox 926 2944 997 2974; x_wconf 88' lang='lat'>187.</span> <span class='ocrx_word' id='word_1_618' title='bbox 1013 2943 1061 2973; x_wconf 77' lang='lat' dir='ltr'>Cf.</span> <span class='ocrx_word' id='word_1_619' title='bbox 1075 2943 1184 2982; x_wconf 86' lang='lat' dir='ltr'><strong>Heyn.</strong></span> <span class='ocrx_word' id='word_1_620' title='bbox 1202 2940 1308 2980; x_wconf 87' lang='lat' dir='ltr'><strong>Antiq.</strong></span> <span class='ocrx_word' id='word_1_621' title='bbox 1325 2941 1401 2980; x_wconf 72' lang='lat' dir='ltr'><strong>ByZ.</strong></span> <span class='ocrx_word' id='word_1_622' title='bbox 1418 2942 1551 2970; x_wconf 88' lang='lat' dir='ltr'><strong>Excurs.</strong></span> <span class='ocrx_word' id='word_1_623' title='bbox 1564 2941 1609 2971; x_wconf 81' lang='grc' dir='ltr'>ΙΙΙ</span> <span class='ocrx_word' id='word_1_624' title='bbox 1627 2948 1634 2970; x_wconf 77' lang='lat' dir='ltr'><strong><em>z</em></strong></span> <span class='ocrx_word' id='word_1_625' title='bbox 1654 2941 1700 2993; x_wconf 64' lang='lat' dir='ltr'><strong>pe</strong></span> <span class='ocrx_word' id='word_1_626' title='bbox 1716 2939 1900 2970; x_wconf 72' lang='lat' dir='ltr'><strong>Damalzde</strong></span> <span class='ocrx_word' id='word_1_627' title='bbox 1911 2939 2069 2994; x_wconf 56' lang='lat' dir='ltr'><strong>Chai-etas</strong></span> <span class='ocrx_word' id='word_1_628' title='bbox 2082 2948 2225 2992; x_wconf 43' lang='lat' dir='ltr'><strong>conju-qe</strong></span> 
     </span>
     <span class='ocr_line' id='line_1_85' title="bbox 87 2984 2221 3040; baseline 0 -25"><span class='ocrx_word' id='word_1_629' title='bbox 87 2984 227 3025; x_wconf 81' lang='lat' dir='ltr'><strong>ejusque</strong></span> <span class='ocrx_word' id='word_1_630' title='bbox 243 2988 374 3018; x_wconf 78' lang='lat' dir='ltr'><strong>statua.</strong></span> <span class='ocrx_word' id='word_1_631' title='bbox 387 3006 426 3012; x_wconf 96' lang='lat'><strong>—</strong></span> <span class='ocrx_word' id='word_1_632' title='bbox 442 2987 593 3028; x_wconf 84' lang='grc' dir='ltr'>βοίδιον</span> <span class='ocrx_word' id='word_1_633' title='bbox 611 2987 697 3029; x_wconf 91' lang='grc' dir='ltr'>κτλ.]</span> <span class='ocrx_word' id='word_1_634' title='bbox 711 2989 836 3029; x_wconf 82' lang='grc' dir='ltr'>βοιΐδιον</span> <span class='ocrx_word' id='word_1_635' title='bbox 850 2988 876 3020; x_wconf 83' lang='grc' dir='ltr'>δ’</span> <span class='ocrx_word' id='word_1_636' title='bbox 889 2989 1003 3026; x_wconf 83' lang='grc' dir='ltr'>ἤκουον</span> <span class='ocrx_word' id='word_1_637' title='bbox 1019 2989 1081 3029; x_wconf 89' lang='grc' dir='ltr'>ἐγὼ</span> <span class='ocrx_word' id='word_1_638' title='bbox 1093 2989 1162 3020; x_wconf 85' lang='grc' dir='ltr'>τότε</span> <span class='ocrx_word' id='word_1_639' title='bbox 1180 2986 1293 3019; x_wconf 86' lang='lat' dir='ltr'><strong>Codin.</strong></span> <span class='ocrx_word' id='word_1_640' title='bbox 1308 2985 1407 3026; x_wconf 81' lang='lat' dir='ltr'><strong>—§3i</strong></span> <span class='ocrx_word' id='word_1_641' title='bbox 1418 3011 1425 3018; x_wconf 89' lang='lat'><strong>.</strong></span> <span class='ocrx_word' id='word_1_642' title='bbox 1441 2986 1636 3037; x_wconf 72' lang='grc' dir='ltr'>καταδουλ</span> <span class='ocrx_word' id='word_1_643' title='bbox 1647 2985 1766 3026; x_wconf 84' lang='grc' dir='ltr'>ωσας]</span> <span class='ocrx_word' id='word_1_644' title='bbox 1779 2986 2094 3040; x_wconf 71' lang='grc' dir='ltr'>καταδουλωσαμενος</span> <span class='ocrx_word' id='word_1_645' title='bbox 2107 2986 2221 3037; x_wconf 73' lang='lat' dir='ltr'><strong>Codin.</strong></span> 
     </span>
     <span class='ocr_line' id='line_1_86' title="bbox 85 3029 2220 3084; baseline 0.002 -24"><span class='ocrx_word' id='word_1_646' title='bbox 85 3047 125 3052; x_wconf 92' lang='lat'>--</span> <span class='ocrx_word' id='word_1_647' title='bbox 136 3031 166 3061; x_wconf 90' lang='lat' dir='ltr'>M</span> <span class='ocrx_word' id='word_1_648' title='bbox 174 3031 218 3067; x_wconf 82' lang='grc' dir='ltr'>ηλ</span> <span class='ocrx_word' id='word_1_649' title='bbox 226 3029 235 3060; x_wconf 94' lang='grc' dir='ltr'>ί</span> <span class='ocrx_word' id='word_1_650' title='bbox 244 3042 269 3070; x_wconf 89' lang='grc' dir='ltr'>ῳ</span> <span class='ocrx_word' id='word_1_651' title='bbox 280 3030 331 3071; x_wconf 83' lang='grc' dir='ltr'>]ἐν</span> <span class='ocrx_word' id='word_1_652' title='bbox 344 3034 388 3071; x_wconf 89' lang='grc' dir='ltr'>τῷ</span> <span class='ocrx_word' id='word_1_653' title='bbox 395 3033 464 3063; x_wconf 85' lang='grc' dir='ltr'>καλ.</span> <span class='ocrx_word' id='word_1_654' title='bbox 474 3033 575 3073; x_wconf 85' lang='grc' dir='ltr'>Μιλίῳ</span> <span class='ocrx_word' id='word_1_655' title='bbox 585 3033 673 3074; x_wconf 87' lang='grc' dir='ltr'>τόπῳ</span> <span class='ocrx_word' id='word_1_656' title='bbox 681 3037 734 3071; x_wconf 88' lang='grc' dir='ltr'>τῆς</span> <span class='ocrx_word' id='word_1_657' title='bbox 742 3033 859 3070; x_wconf 84' lang='grc' dir='ltr'>πόλεως</span> <span class='ocrx_word' id='word_1_658' title='bbox 869 3033 982 3066; x_wconf 85' lang='lat' dir='ltr'><strong>Codin.</strong></span> <span class='ocrx_word' id='word_1_659' title='bbox 995 3051 1035 3057; x_wconf 80' lang='lat'><strong>—</strong></span> <span class='ocrx_word' id='word_1_660' title='bbox 1043 3035 1063 3066; x_wconf 84' lang='grc' dir='ltr'>ἀ</span> <span class='ocrx_word' id='word_1_661' title='bbox 1072 3047 1087 3066; x_wconf 89' lang='grc' dir='ltr'>ν</span> <span class='ocrx_word' id='word_1_662' title='bbox 1095 3035 1158 3071; x_wconf 82' lang='grc' dir='ltr'>έθη</span> <span class='ocrx_word' id='word_1_663' title='bbox 1166 3045 1186 3064; x_wconf 87' lang='grc' dir='ltr'>κ</span> <span class='ocrx_word' id='word_1_664' title='bbox 1194 3032 1226 3074; x_wconf 88' lang='grc' dir='ltr'>ε]</span> <span class='ocrx_word' id='word_1_665' title='bbox 1250 3033 1401 3068; x_wconf 84' lang='grc' dir='ltr'>ἀνέστησε</span> <span class='ocrx_word' id='word_1_666' title='bbox 1409 3031 1574 3084; x_wconf 59' lang='lat' dir='ltr'><strong>Codim—</strong></span> <span class='ocrx_word' id='word_1_667' title='bbox 1583 3030 1601 3071; x_wconf 57' lang='grc' dir='ltr'><strong>ἓ</strong></span> <span class='ocrx_word' id='word_1_668' title='bbox 1609 3034 1667 3083; x_wconf 44' lang='grc'>32..</span> <span class='ocrx_word' id='word_1_669' title='bbox 1676 3041 1695 3070; x_wconf 94' lang='grc' dir='ltr'>γ</span> <span class='ocrx_word' id='word_1_670' title='bbox 1703 3041 1718 3071; x_wconf 90' lang='grc' dir='ltr'>ρ</span> <span class='ocrx_word' id='word_1_671' title='bbox 1727 3041 1773 3071; x_wconf 85' lang='grc' dir='ltr'>αφ</span> <span class='ocrx_word' id='word_1_672' title='bbox 1781 3043 1816 3063; x_wconf 92' lang='grc' dir='ltr'>εν</span> <span class='ocrx_word' id='word_1_673' title='bbox 1824 3042 1841 3062; x_wconf 91' lang='grc' dir='ltr'>τ</span> <span class='ocrx_word' id='word_1_674' title='bbox 1849 3043 1898 3062; x_wconf 91' lang='grc' dir='ltr'>ων</span> <span class='ocrx_word' id='word_1_675' title='bbox 1907 3030 1918 3071; x_wconf 91' lang='grc'>]</span> <span class='ocrx_word' id='word_1_676' title='bbox 1927 3041 2099 3072; x_wconf 82' lang='grc' dir='ltr'>τραφεντων</span> <span class='ocrx_word' id='word_1_677' title='bbox 2107 3030 2220 3064; x_wconf 86' lang='lat' dir='ltr'><strong>Codin.</strong></span> 
     </span>
     <span class='ocr_line' id='line_1_87' title="bbox 85 3077 2221 3132; baseline 0.001 -25"><span class='ocrx_word' id='word_1_678' title='bbox 85 3095 125 3102; x_wconf 89' lang='lat'><em>-</em></span> <span class='ocrx_word' id='word_1_679' title='bbox 135 3087 156 3107; x_wconf 89' lang='grc' dir='ltr'>π</span> <span class='ocrx_word' id='word_1_680' title='bbox 165 3087 378 3118; x_wconf 85' lang='grc' dir='ltr'>ροσαγορευ</span> <span class='ocrx_word' id='word_1_681' title='bbox 387 3079 403 3109; x_wconf 86' lang='grc' dir='ltr'><em>ὁ</em></span> <span class='ocrx_word' id='word_1_682' title='bbox 413 3089 472 3118; x_wconf 88' lang='grc' dir='ltr'>μεν</span> <span class='ocrx_word' id='word_1_683' title='bbox 482 3090 521 3110; x_wconf 91' lang='grc' dir='ltr'>ον</span> <span class='ocrx_word' id='word_1_684' title='bbox 532 3078 544 3119; x_wconf 98' lang='grc'>]</span> <span class='ocrx_word' id='word_1_685' title='bbox 555 3087 620 3110; x_wconf 82' lang='lat' dir='ltr'>om.</span> <span class='ocrx_word' id='word_1_686' title='bbox 637 3079 748 3111; x_wconf 88' lang='lat' dir='ltr'><strong>Codin.</strong></span> <span class='ocrx_word' id='word_1_687' title='bbox 764 3081 843 3111; x_wconf 85' lang='grc' dir='ltr'>-Ἐ</span> <span class='ocrx_word' id='word_1_688' title='bbox 852 3079 1014 3122; x_wconf 81' lang='grc' dir='ltr'>φεσιάτῃ</span> <span class='ocrx_word' id='word_1_689' title='bbox 1025 3081 1055 3122; x_wconf 89' lang='grc'>],</span> <span class='ocrx_word' id='word_1_690' title='bbox 1072 3094 1087 3108; x_wconf 87' lang='lat'>«</span> <span class='ocrx_word' id='word_1_691' title='bbox 1099 3081 1169 3112; x_wconf 89' lang='lat' dir='ltr'><strong>loco</strong></span> <span class='ocrx_word' id='word_1_692' title='bbox 1180 3080 1212 3111; x_wconf 93' lang='lat' dir='ltr'>in</span> <span class='ocrx_word' id='word_1_693' title='bbox 1226 3079 1315 3111; x_wconf 85' lang='lat' dir='ltr'><strong>litore</strong></span> <span class='ocrx_word' id='word_1_694' title='bbox 1326 3080 1455 3118; x_wconf 81' lang='lat' dir='ltr'><strong>Bospori</strong></span> <span class='ocrx_word' id='word_1_695' title='bbox 1471 3079 1596 3109; x_wconf 88' lang='lat' dir='ltr'><strong>sinistro</strong></span> <span class='ocrx_word' id='word_1_696' title='bbox 1613 3077 1623 3116; x_wconf 93' lang='grc'>(</span> <span class='ocrx_word' id='word_1_697' title='bbox 1634 3079 1760 3132; x_wconf 54' lang='lat' dir='ltr'><strong>Dionys.</strong></span> <span class='ocrx_word' id='word_1_698' title='bbox 1774 3079 1848 3127; x_wconf 75' lang='lat' dir='ltr'><strong>Byz.</strong></span> <span class='ocrx_word' id='word_1_699' title='bbox 1865 3086 1895 3129; x_wconf 80' lang='lat' dir='ltr'>p.</span> <span class='ocrx_word' id='word_1_700' title='bbox 1912 3081 1947 3110; x_wconf 87' lang='lat'>17</span> <span class='ocrx_word' id='word_1_701' title='bbox 1957 3078 1968 3116; x_wconf 91' lang='lat'><em>)</em></span> <span class='ocrx_word' id='word_1_702' title='bbox 1978 3101 1987 3116; x_wconf 90' lang='lat'>,</span> <span class='ocrx_word' id='word_1_703' title='bbox 2003 3077 2088 3132; x_wconf 72' lang='lat' dir='ltr'><strong>haud</strong></span> <span class='ocrx_word' id='word_1_704' title='bbox 2101 3077 2191 3117; x_wconf 90' lang='lat' dir='ltr'><strong>longe</strong></span> <span class='ocrx_word' id='word_1_705' title='bbox 2202 3087 2221 3109; x_wconf 85' lang='lat' dir='ltr'>a</span> 
     </span>
     <span class='ocr_line' id='line_1_88' title="bbox 86 3122 2220 3177; baseline 0 -24"><span class='ocrx_word' id='word_1_706' title='bbox 86 3123 179 3154; x_wconf 82' lang='lat' dir='ltr'><strong>Ponti</strong></span> <span class='ocrx_word' id='word_1_707' title='bbox 192 3124 307 3154; x_wconf 81' lang='lat' dir='ltr'><strong>Euxini</strong></span> <span class='ocrx_word' id='word_1_708' title='bbox 317 3123 410 3163; x_wconf 86' lang='lat' dir='ltr'><strong>ostio,</strong></span> <span class='ocrx_word' id='word_1_709' title='bbox 423 3124 504 3155; x_wconf 78' lang='lat' dir='ltr'><strong>iufra</strong></span> <span class='ocrx_word' id='word_1_710' title='bbox 515 3126 697 3165; x_wconf 85' lang='lat' dir='ltr'><strong>Myrlaeuin.</strong></span> <span class='ocrx_word' id='word_1_711' title='bbox 708 3124 724 3152; x_wconf 60' lang='grc' dir='ltr'>ὃ»</span> <span class='ocrx_word' id='word_1_712' title='bbox 740 3127 864 3157; x_wconf 65' lang='lat' dir='ltr'><strong>Herma.</strong></span> <span class='ocrx_word' id='word_1_713' title='bbox 877 3127 927 3158; x_wconf 80' lang='lat' dir='ltr'>Cf.</span> <span class='ocrx_word' id='word_1_714' title='bbox 939 3126 1240 3159; x_wconf 85' lang='lat' dir='ltr'><strong>Lainbeeiusinnot.</strong></span> <span class='ocrx_word' id='word_1_715' title='bbox 1250 3125 1289 3156; x_wconf 88' lang='lat' dir='ltr'>ad</span> <span class='ocrx_word' id='word_1_716' title='bbox 1303 3124 1471 3156; x_wconf 85' lang='lat' dir='ltr'><strong>codinum.</strong></span> <span class='ocrx_word' id='word_1_717' title='bbox 1482 3124 1597 3163; x_wconf 85' lang='grc' dir='ltr'>-λογ</span> <span class='ocrx_word' id='word_1_718' title='bbox 1607 3122 1788 3163; x_wconf 72' lang='grc' dir='ltr'>ιου)λογου</span> <span class='ocrx_word' id='word_1_719' title='bbox 1803 3123 1961 3154; x_wconf 83' lang='lat' dir='ltr'><strong>Codin.——</strong></span> <span class='ocrx_word' id='word_1_720' title='bbox 1975 3133 2220 3177; x_wconf 37' lang='lat' dir='ltr'><strong>dap-ittoiaen}</strong></span> 
     </span>
     <span class='ocr_line' id='line_1_89' title="bbox 85 3168 2220 3227; baseline 0.001 -28"><span class='ocrx_word' id='word_1_721' title='bbox 85 3168 208 3209; x_wconf 77' lang='lat' dir='ltr'><strong>siipra§</strong></span> <span class='ocrx_word' id='word_1_722' title='bbox 220 3174 236 3201; x_wconf 88' lang='grc'><strong>3</strong></span> <span class='ocrx_word' id='word_1_723' title='bbox 246 3170 410 3208; x_wconf 84' lang='grc' dir='ltr'>λάπτουσι,</span> <span class='ocrx_word' id='word_1_724' title='bbox 423 3171 469 3202; x_wconf 89' lang='lat' dir='ltr'>uti</span> <span class='ocrx_word' id='word_1_725' title='bbox 487 3172 546 3202; x_wconf 88' lang='lat' dir='ltr'>hoc</span> <span class='ocrx_word' id='word_1_726' title='bbox 561 3181 688 3212; x_wconf 81' lang='lat' dir='ltr'><strong>quoque</strong></span> <span class='ocrx_word' id='word_1_727' title='bbox 699 3173 769 3203; x_wconf 88' lang='lat' dir='ltr'><strong>loco</strong></span> <span class='ocrx_word' id='word_1_728' title='bbox 783 3173 879 3204; x_wconf 82' lang='lat' dir='ltr'><strong>habet</strong></span> <span class='ocrx_word' id='word_1_729' title='bbox 894 3172 1045 3213; x_wconf 79' lang='lat' dir='ltr'><strong>CodinuS‚</strong></span> <span class='ocrx_word' id='word_1_730' title='bbox 1059 3182 1123 3205; x_wconf 91' lang='lat' dir='ltr'>non</span> <span class='ocrx_word' id='word_1_731' title='bbox 1131 3173 1221 3212; x_wconf 85' lang='lat' dir='ltr'><strong>duos,</strong></span> <span class='ocrx_word' id='word_1_732' title='bbox 1230 3171 1284 3204; x_wconf 88' lang='lat' dir='ltr'>sed</span> <span class='ocrx_word' id='word_1_733' title='bbox 1296 3172 1448 3211; x_wconf 86' lang='lat' dir='ltr'><strong>quattuor</strong></span> <span class='ocrx_word' id='word_1_734' title='bbox 1459 3179 1569 3202; x_wconf 87' lang='lat' dir='ltr'><strong>versus</strong></span> <span class='ocrx_word' id='word_1_735' title='bbox 1580 3178 1753 3224; x_wconf 73' lang='lat' dir='ltr'><strong>apponens,</strong></span> <span class='ocrx_word' id='word_1_736' title='bbox 1765 3178 1849 3222; x_wconf 78' lang='lat' dir='ltr'><strong>quos</strong></span> <span class='ocrx_word' id='word_1_737' title='bbox 1861 3169 2037 3209; x_wconf 84' lang='lat' dir='ltr'><strong>Hesychius</strong></span> <span class='ocrx_word' id='word_1_738' title='bbox 2049 3168 2220 3227; x_wconf 41' lang='lat' dir='ltr'><strong>{aadscri-</strong></span> 
     </span>
     <span class='ocr_line' id='line_1_90' title="bbox 86 3216 2219 3274; baseline -0.001 -26"><span class='ocrx_word' id='word_1_739' title='bbox 86 3217 158 3257; x_wconf 86' lang='lat' dir='ltr'><strong>psit.</strong></span> <span class='ocrx_word' id='word_1_740' title='bbox 177 3234 212 3238; x_wconf 84' lang='lat'>—-</span> <span class='ocrx_word' id='word_1_741' title='bbox 233 3218 249 3247; x_wconf 84' lang='grc' dir='ltr'><em>ὁ</em></span> <span class='ocrx_word' id='word_1_742' title='bbox 259 3220 330 3257; x_wconf 78' lang='grc' dir='ltr'>μοῦ</span> <span class='ocrx_word' id='word_1_743' title='bbox 341 3219 406 3255; x_wconf 87' lang='grc' dir='ltr'>τήν</span> <span class='ocrx_word' id='word_1_744' title='bbox 421 3216 554 3258; x_wconf 87' lang='grc' dir='ltr'>πόλιν]</span> <span class='ocrx_word' id='word_1_745' title='bbox 571 3219 615 3250; x_wconf 82' lang='lat' dir='ltr'>sie</span> <span class='ocrx_word' id='word_1_746' title='bbox 632 3219 764 3259; x_wconf 86' lang='lat' dir='ltr'><strong>Codin.;</strong></span> <span class='ocrx_word' id='word_1_747' title='bbox 779 3221 830 3261; x_wconf 81' lang='grc' dir='ltr'>ὀμ.</span> <span class='ocrx_word' id='word_1_748' title='bbox 845 3221 899 3257; x_wconf 83' lang='grc' dir='ltr'>τήν</span> <span class='ocrx_word' id='word_1_749' title='bbox 914 3221 966 3260; x_wconf 85' lang='grc' dir='ltr'>μὲν</span> <span class='ocrx_word' id='word_1_750' title='bbox 980 3221 1067 3252; x_wconf 86' lang='grc' dir='ltr'>πόλιν</span> <span class='ocrx_word' id='word_1_751' title='bbox 1081 3220 1217 3260; x_wconf 77' lang='lat' dir='ltr'><strong>Hesyeh.</strong></span> <span class='ocrx_word' id='word_1_752' title='bbox 1233 3217 1423 3250; x_wconf 73' lang='lat' dir='ltr'><strong>particulam</strong></span> <span class='ocrx_word' id='word_1_753' title='bbox 1436 3227 1470 3248; x_wconf 88' lang='grc' dir='ltr'>τε</span> <span class='ocrx_word' id='word_1_754' title='bbox 1482 3218 1552 3256; x_wconf 83' lang='lat' dir='ltr'><strong>post</strong></span> <span class='ocrx_word' id='word_1_755' title='bbox 1566 3227 1678 3272; x_wconf 64' lang='grc' dir='ltr'>νομους</span> <span class='ocrx_word' id='word_1_756' title='bbox 1691 3224 1755 3247; x_wconf 88' lang='lat' dir='ltr'>om.</span> <span class='ocrx_word' id='word_1_757' title='bbox 1771 3216 1884 3273; x_wconf 64' lang='lat' dir='ltr'><strong>Codin.</strong></span> <span class='ocrx_word' id='word_1_758' title='bbox 1901 3235 1937 3242; x_wconf 94' lang='lat'>—</span> <span class='ocrx_word' id='word_1_759' title='bbox 1949 3226 1989 3247; x_wconf 90' lang='grc' dir='ltr'>τε</span> <span class='ocrx_word' id='word_1_760' title='bbox 2002 3227 2069 3273; x_wconf 60' lang='grc' dir='ltr'>και</span> <span class='ocrx_word' id='word_1_761' title='bbox 2079 3216 2219 3274; x_wconf 60' lang='grc' dir='ltr'>ημερα(</span> 
     </span>
     <span class='ocr_line' id='line_1_91' title="bbox 85 3263 2220 3321; baseline -0 -28"><span class='ocrx_word' id='word_1_762' title='bbox 85 3271 149 3294; x_wconf 83' lang='lat' dir='ltr'>om.</span> <span class='ocrx_word' id='word_1_763' title='bbox 167 3263 280 3294; x_wconf 88' lang='lat' dir='ltr'><strong>Codin.</strong></span> <span class='ocrx_word' id='word_1_764' title='bbox 290 3282 331 3289; x_wconf 87' lang='lat'>-·</span> <span class='ocrx_word' id='word_1_765' title='bbox 343 3263 362 3303; x_wconf 52' lang='grc' dir='ltr'><strong>ὃ</strong></span> <span class='ocrx_word' id='word_1_766' title='bbox 375 3267 425 3296; x_wconf 82' lang='grc'>33.</span> <span class='ocrx_word' id='word_1_767' title='bbox 443 3265 587 3296; x_wconf 82' lang='grc' dir='ltr'>ἐπεκὸσ</span> <span class='ocrx_word' id='word_1_768' title='bbox 597 3264 651 3305; x_wconf 87' lang='grc' dir='ltr'>μ.]</span> <span class='ocrx_word' id='word_1_769' title='bbox 673 3265 814 3306; x_wconf 87' lang='grc' dir='ltr'>διεκόσμ.</span> <span class='ocrx_word' id='word_1_770' title='bbox 830 3266 942 3297; x_wconf 84' lang='lat' dir='ltr'><strong>Codin.</strong></span> <span class='ocrx_word' id='word_1_771' title='bbox 953 3286 994 3293; x_wconf 86' lang='lat'>..-</span> <span class='ocrx_word' id='word_1_772' title='bbox 1007 3265 1245 3308; x_wconf 83' lang='grc' dir='ltr'>καθιέρωσε]</span> <span class='ocrx_word' id='word_1_773' title='bbox 1261 3265 1423 3305; x_wconf 83' lang='grc' dir='ltr'>καθίδρυσε</span> <span class='ocrx_word' id='word_1_774' title='bbox 1440 3263 1569 3294; x_wconf 88' lang='lat' dir='ltr'><strong>cod.-</strong></span> <span class='ocrx_word' id='word_1_775' title='bbox 1582 3263 1748 3318; x_wconf 46' lang='lat' dir='ltr'><strong>szffou‘]</strong></span> <span class='ocrx_word' id='word_1_776' title='bbox 1762 3264 1865 3303; x_wconf 83' lang='grc' dir='ltr'>Φριξῳ</span> <span class='ocrx_word' id='word_1_777' title='bbox 1880 3263 1960 3315; x_wconf 68' lang='lat' dir='ltr'><strong>Cod.</strong></span> <span class='ocrx_word' id='word_1_778' title='bbox 1974 3280 2016 3286; x_wconf 93' lang='lat'>-—</span> <span class='ocrx_word' id='word_1_779' title='bbox 2027 3274 2092 3321; x_wconf 47' lang='lat' dir='ltr'><strong>wir:</strong></span> <span class='ocrx_word' id='word_1_780' title='bbox 2114 3266 2137 3295; x_wconf 85' lang='grc' dir='ltr'>Α</span> <span class='ocrx_word' id='word_1_781' title='bbox 2147 3263 2220 3306; x_wconf 82' lang='grc' dir='ltr'>ρτ.]</span> 
     </span>
     <span class='ocr_line' id='line_1_92' title="bbox 84 3309 2220 3371; baseline -0.002 -30"><span class='ocrx_word' id='word_1_782' title='bbox 84 3313 137 3347; x_wconf 81' lang='grc' dir='ltr'>τῆς</span> <span class='ocrx_word' id='word_1_783' title='bbox 148 3318 212 3342; x_wconf 88' lang='lat' dir='ltr'>om.</span> <span class='ocrx_word' id='word_1_784' title='bbox 223 3310 302 3342; x_wconf 85' lang='lat' dir='ltr'><strong>cod.</strong></span> <span class='ocrx_word' id='word_1_785' title='bbox 311 3322 378 3342; x_wconf 90' lang='grc' dir='ltr'>-κ</span> <span class='ocrx_word' id='word_1_786' title='bbox 386 3322 429 3341; x_wconf 88' lang='grc' dir='ltr'>ατ</span> <span class='ocrx_word' id='word_1_787' title='bbox 437 3321 451 3341; x_wconf 90' lang='grc' dir='ltr'>ε</span> <span class='ocrx_word' id='word_1_788' title='bbox 459 3322 474 3351; x_wconf 88' lang='grc' dir='ltr'>ρ</span> <span class='ocrx_word' id='word_1_789' title='bbox 483 3322 491 3342; x_wconf 90' lang='grc' dir='ltr'>ι</span> <span class='ocrx_word' id='word_1_790' title='bbox 499 3323 521 3342; x_wconf 88' lang='grc' dir='ltr'>π</span> <span class='ocrx_word' id='word_1_791' title='bbox 530 3323 556 3342; x_wconf 90' lang='grc' dir='ltr'><em>ω</em></span> <span class='ocrx_word' id='word_1_792' title='bbox 565 3312 632 3351; x_wconf 86' lang='grc' dir='ltr'>μέν</span> <span class='ocrx_word' id='word_1_793' title='bbox 640 3311 702 3352; x_wconf 86' lang='grc' dir='ltr'>ον]</span> <span class='ocrx_word' id='word_1_794' title='bbox 717 3314 788 3344; x_wconf 82' lang='lat' dir='ltr'><strong>Hes.</strong></span> <span class='ocrx_word' id='word_1_795' title='bbox 799 3323 808 3351; x_wconf 82' lang='lat'><em>3</em></span> <span class='ocrx_word' id='word_1_796' title='bbox 821 3314 1084 3353; x_wconf 88' lang='grc' dir='ltr'>κατερειπώμενον</span> <span class='ocrx_word' id='word_1_797' title='bbox 1095 3313 1161 3345; x_wconf 75' lang='lat' dir='ltr'><strong>Coi]</strong></span> <span class='ocrx_word' id='word_1_798' title='bbox 1169 3332 1218 3345; x_wconf 90' lang='lat'>.—-</span> <span class='ocrx_word' id='word_1_799' title='bbox 1227 3311 1245 3353; x_wconf 83' lang='lat'>§</span> <span class='ocrx_word' id='word_1_800' title='bbox 1254 3313 1303 3343; x_wconf 80' lang='lat'>34.</span> <span class='ocrx_word' id='word_1_801' title='bbox 1313 3322 1357 3342; x_wconf 87' lang='grc' dir='ltr'>στ</span> <span class='ocrx_word' id='word_1_802' title='bbox 1365 3322 1380 3352; x_wconf 92' lang='grc' dir='ltr'>ρ</span> <span class='ocrx_word' id='word_1_803' title='bbox 1389 3321 1458 3347; x_wconf 89' lang='grc' dir='ltr'>ατη</span> <span class='ocrx_word' id='word_1_804' title='bbox 1467 3313 1519 3350; x_wconf 88' lang='grc' dir='ltr'>γῶ</span> <span class='ocrx_word' id='word_1_805' title='bbox 1527 3309 1565 3350; x_wconf 92' lang='grc' dir='ltr'>ν]</span> <span class='ocrx_word' id='word_1_806' title='bbox 1579 3320 1795 3366; x_wconf 71' lang='grc' dir='ltr'>στρατηγησας</span> <span class='ocrx_word' id='word_1_807' title='bbox 1806 3310 1868 3347; x_wconf 85' lang='lat' dir='ltr'><strong>vel,</strong></span> <span class='ocrx_word' id='word_1_808' title='bbox 1877 3311 1913 3341; x_wconf 86' lang='lat' dir='ltr'>ut</span> <span class='ocrx_word' id='word_1_809' title='bbox 1923 3317 1955 3362; x_wconf 78' lang='lat' dir='ltr'>¹.n</span> <span class='ocrx_word' id='word_1_810' title='bbox 1966 3309 2036 3340; x_wconf 82' lang='lat' dir='ltr'><strong>cod.</strong></span> <span class='ocrx_word' id='word_1_811' title='bbox 2048 3311 2123 3362; x_wconf 42' lang='lat' dir='ltr'><strong>tat.</strong></span> <span class='ocrx_word' id='word_1_812' title='bbox 2133 3319 2220 3371; x_wconf 74' lang='grc' dir='ltr'>στρα-</span> 
     </span>
     <span class='ocr_line' id='line_1_93' title="bbox 84 3355 2216 3414; baseline -0 -27"><span class='ocrx_word' id='word_1_813' title='bbox 84 3356 176 3395; x_wconf 76' lang='grc' dir='ltr'>τηγὸς</span> <span class='ocrx_word' id='word_1_814' title='bbox 194 3356 272 3388; x_wconf 85' lang='lat' dir='ltr'><strong>Cod.</strong></span> <span class='ocrx_word' id='word_1_815' title='bbox 296 3376 336 3383; x_wconf 90' lang='lat'>-—</span> <span class='ocrx_word' id='word_1_816' title='bbox 356 3357 426 3387; x_wconf 78' lang='grc' dir='ltr'>καλ</span> <span class='ocrx_word' id='word_1_817' title='bbox 436 3367 477 3387; x_wconf 87' lang='grc' dir='ltr'>ου</span> <span class='ocrx_word' id='word_1_818' title='bbox 487 3357 624 3398; x_wconf 82' lang='grc' dir='ltr'>μένην]</span> <span class='ocrx_word' id='word_1_819' title='bbox 638 3359 804 3398; x_wconf 79' lang='grc' dir='ltr'>λεγομένην</span> <span class='ocrx_word' id='word_1_820' title='bbox 821 3358 900 3391; x_wconf 91' lang='lat' dir='ltr'><strong>Cod.</strong></span> <span class='ocrx_word' id='word_1_821' title='bbox 913 3379 951 3385; x_wconf 89' lang='lat'><em>-</em></span> <span class='ocrx_word' id='word_1_822' title='bbox 965 3358 1101 3398; x_wconf 81' lang='grc' dir='ltr'>κίονι]</span> <span class='ocrx_word' id='word_1_823' title='bbox 1115 3360 1242 3398; x_wconf 84' lang='lat' dir='ltr'><strong>Codin.;</strong></span> <span class='ocrx_word' id='word_1_824' title='bbox 1254 3360 1297 3390; x_wconf 81' lang='grc' dir='ltr'>εἶν</span> <span class='ocrx_word' id='word_1_825' title='bbox 1311 3358 1353 3390; x_wconf 84' lang='grc' dir='ltr'>ἑνὶ</span> <span class='ocrx_word' id='word_1_826' title='bbox 1368 3357 1530 3398; x_wconf 84' lang='lat' dir='ltr'><strong>Hesych.;</strong></span> <span class='ocrx_word' id='word_1_827' title='bbox 1548 3357 1652 3409; x_wconf 70' lang='grc' dir='ltr'>ἐνθαδε</span> <span class='ocrx_word' id='word_1_828' title='bbox 1667 3356 1780 3411; x_wconf 73' lang='lat' dir='ltr'><strong>codini</strong></span> <span class='ocrx_word' id='word_1_829' title='bbox 1794 3356 1895 3410; x_wconf 78' lang='lat' dir='ltr'><strong>codex</strong></span> <span class='ocrx_word' id='word_1_830' title='bbox 1910 3356 1986 3387; x_wconf 84' lang='lat' dir='ltr'><strong>bibl.</strong></span> <span class='ocrx_word' id='word_1_831' title='bbox 2003 3355 2216 3414; x_wconf 76' lang='lat' dir='ltr'><strong>Valicellanae.</strong></span> 
     </span>
     <span class='ocr_line' id='line_1_94' title="bbox 85 3402 2218 3450; baseline -0.002 -14"><span class='ocrx_word' id='word_1_832' title='bbox 85 3402 157 3442; x_wconf 79' lang='lat'>·-—.§</span> <span class='ocrx_word' id='word_1_833' title='bbox 171 3406 219 3435; x_wconf 82' lang='lat'>35.</span> <span class='ocrx_word' id='word_1_834' title='bbox 239 3407 361 3436; x_wconf 81' lang='grc' dir='ltr'>ταῦτα</span> <span class='ocrx_word' id='word_1_835' title='bbox 376 3405 440 3444; x_wconf 81' lang='grc' dir='ltr'>μὲν</span> <span class='ocrx_word' id='word_1_836' title='bbox 458 3405 521 3435; x_wconf 83' lang='grc' dir='ltr'>καὶ</span> <span class='ocrx_word' id='word_1_837' title='bbox 539 3405 591 3444; x_wconf 82' lang='grc' dir='ltr'>ἀρ.</span> <span class='ocrx_word' id='word_1_838' title='bbox 607 3406 672 3436; x_wconf 83' lang='grc' dir='ltr'>κτλ.</span> <span class='ocrx_word' id='word_1_839' title='bbox 687 3405 698 3445; x_wconf 92' lang='grc'>]</span> <span class='ocrx_word' id='word_1_840' title='bbox 713 3409 810 3436; x_wconf 83' lang='grc' dir='ltr'>ταῦτα</span> <span class='ocrx_word' id='word_1_841' title='bbox 828 3406 881 3445; x_wconf 85' lang='grc' dir='ltr'>μὲν</span> <span class='ocrx_word' id='word_1_842' title='bbox 895 3407 942 3447; x_wconf 89' lang='grc' dir='ltr'>ἀρ.</span> <span class='ocrx_word' id='word_1_843' title='bbox 958 3410 1020 3438; x_wconf 85' lang='grc' dir='ltr'>τῶν</span> <span class='ocrx_word' id='word_1_844' title='bbox 1036 3407 1163 3450; x_wconf 43' lang='grc' dir='ltr'>Βυζ.,ἔτι</span> <span class='ocrx_word' id='word_1_845' title='bbox 1178 3407 1208 3437; x_wconf 83' lang='grc' dir='ltr'>δὲ</span> <span class='ocrx_word' id='word_1_846' title='bbox 1222 3407 1274 3437; x_wconf 85' lang='grc' dir='ltr'>καὶ</span> <span class='ocrx_word' id='word_1_847' title='bbox 1287 3415 1407 3446; x_wconf 85' lang='grc' dir='ltr'>τυρανν.</span> <span class='ocrx_word' id='word_1_848' title='bbox 1426 3405 1492 3435; x_wconf 90' lang='grc' dir='ltr'>κτλ.</span> <span class='ocrx_word' id='word_1_849' title='bbox 1510 3403 1623 3437; x_wconf 86' lang='lat' dir='ltr'><strong>Codin.</strong></span> <span class='ocrx_word' id='word_1_850' title='bbox 1637 3402 1945 3443; x_wconf 81' lang='grc' dir='ltr'>-επιστατειᾳ]</span> <span class='ocrx_word' id='word_1_851' title='bbox 1964 3402 2095 3434; x_wconf 72' lang='lat' dir='ltr'><strong>Bekker.</strong></span> <span class='ocrx_word' id='word_1_852' title='bbox 2113 3410 2144 3433; x_wconf 87' lang='lat' dir='ltr'>iii</span> <span class='ocrx_word' id='word_1_853' title='bbox 2157 3403 2218 3433; x_wconf 82' lang='lat' dir='ltr'>Co·</span> 
     </span>
    </p>
   </div>
  </div>
 </body>
</html>
