2372 3704
1016 244 1344 285 FRAGMENTA.

103 345 159 374 τος
177 323 278 370 εἶναι.
297 329 336 382 (o)
357 329 433 377 Τὴν
447 330 643 383 Ὠρείθυιαν
663 333 680 370 6
699 330 858 384 Ἀστρέου
878 332 928 381 (l.
952 330 1148 385 Ἀστραίου)

102 388 235 441 Βορέας
262 391 280 427 6
307 389 406 443 Θρᾲξ
433 389 614 442 ἥρπασεν,
644 391 708 442 οὐχ
733 392 750 427 6
771 391 907 440 ἄνεμος.
934 389 973 442 (7)
994 389 1039 430 Ὁ
1059 391 1152 443 Φρί-

103 446 160 492 ξου
178 448 337 498 μυθώδης
351 447 444 501 κριὸς
459 449 578 488 πλοῖον
592 443 634 495 ἦν
651 448 740 487 οὕτω
757 448 986 499 καλούμενον,
1005 449 1028 495 ἢ
1045 451 1063 487 6
1080 450 1152 488 δια-

102 505 219 550 σώσας
235 506 338 545 αὗτὸν
358 507 513 560 τροφεύς.
541 508 582 558 (8)
605 507 649 546 Ἡ
667 506 809 560 Γοργὼν
828 507 949 559 ἑταίρα
967 502 1007 554 ἦν
1026 506 1151 560 εὔμορ-

101 579 163 616 φος
183 564 239 603 διὰ
255 564 382 609 κάλλος
400 565 567 610 ἐξιστῶσα
587 566 665 610 τοὺς
681 565 824 615 θεατὰς,
841 569 886 610 ὡς
903 568 1151 605 ἀπολιθοῦσθαι

101 624 233 662 δοκεῖν·
262 624 322 663 καὶ
341 627 360 663 6
389 623 556 675 Πήγασος
585 627 690 672 αὐτῆς
710 619 752 672 ἦν
773 627 911 675 κτῆμα,
939 624 1046 667 ἵππος
1076 623 1151 670 ὀξὺς

102 680 169 720 ὥν·
192 683 422 736 Παλαίφατος
449 682 483 721 δὲ
505 683 780 737 Βελλεροφόντου
799 683 899 722 τοῦτό
915 699 999 736 φησι
1016 684 1148 723 πλοῖον.

153 755 183 779 ο.
214 739 304 781 (Ὅτε
326 741 469 792 Κάδμος
489 741 600 787 ἔκτιζε
617 741 761 790 Θήὸας,
780 744 809 780 οἱ
826 741 1065 795 πλησιόχωροι
1084 742 1150 781 ἐνέ-

99 814 204 839 πεσον
222 798 380 854 ἐξαίφνης
399 802 493 852 αὐτῷ
505 830 515 850 ,
537 801 596 839 καὶ
616 800 674 839 διὰ
693 800 731 838 τὸ
751 800 968 852 πανταχόθεν
990 802 1060 852 [ὡς
1080 800 1149 839 ἀπὸ

98 861 162 908 γῆς
189 861 279 897 add.
302 861 413 909 Sync.
432 860 445 911 ]
468 860 602 912 συρρεῖν
621 859 725 911 [κατ’
746 860 851 898 αὐτοῦ
875 861 963 900 add.
989 860 1147 911 Sync.],

99 917 258 968 Σπαρτοὶ
272 918 527 969 ὠνομάσθησαν
547 918 560 969 [
574 920 620 961 ὡς
637 917 866 970 Παλαίφατος
886 919 920 956 ἐν
934 918 1063 971 πρώτῳ
1079 933 1148 971 φη-

99 975 152 1014 σίν
172 978 286 1026 Sync.
305 977 333 1028 ].
367 978 424 1027 (1ο)
457 979 499 1015 Οἱ
530 979 614 1028 παρ’
636 976 816 1029 Ἀμφίονος
835 977 1035 1027 θελγόμενοι
1062 976 1148 1015 λίθοι

97 1033 224 1081 ἠλίθιοί
244 1050 331 1079 τινες
344 1029 435 1083 ἦσαν
453 1035 633 1087 ἀκροαταί.
655 1036 712 1086 (11)
731 1035 902 1079 Δαίδαλος
915 1035 1026 1080 ἔδοξεν
1039 1035 1149 1086 ἀγάλ-

99 1107 195 1142 ματα
215 1093 400 1144 κινούμενα
421 1099 531 1132 ποιεῖν
554 1094 610 1131 διὰ
639 1094 679 1131 τὸ
697 1096 836 1145 πρῶτον
865 1095 1052 1141 διαστῆσαι
1073 1093 1148 1138 τοὺς

97 1150 208 1195 πόδας
225 1152 353 1199 αὐτῶν,
371 1155 440 1190 τῶν
458 1152 574 1190 ἄλλων
593 1152 863 1204 συμπεφυκότας
884 1152 1073 1191 ποιούντων
1090 1168 1097 1176 ·
1114 1152 1148 1196 ὃς

97 1209 233 1263 φεύγων
263 1210 412 1262 Μίνωα,
442 1211 498 1249 διὰ
526 1210 565 1249 τὸ
585 1211 765 1263 ἀνεύρετον
786 1210 897 1255 ἔδοξεν
928 1213 1146 1259 ἀποπτῆναι,

96 1268 219 1307 πλοίου
237 1268 353 1321 τυχὼν
369 1268 443 1320 ἅμα
463 1271 513 1321 τῷ
532 1271 595 1321 υἱῷ
616 1268 755 1322 Ἰκάρῳ.
778 1270 839 1320 (12)
868 1269 913 1308 ‘H
936 1269 1046 1322 Σφὶγξ
1061 1270 1146 1319 γυνὴ

97 1320 183 1365 οὖσα
213 1327 362 1377 Κάδμου
387 1326 444 1365 διὰ
473 1328 576 1374 ζῆλον
607 1327 789 1380 Ἁρμονίας
808 1327 962 1375 ἀπέστη,
986 1327 1046 1365 καὶ
1065 1329 1146 1375 Θη-

98 1384 208 1428 ὅαίοις
225 1384 408 1436 ἐπολέμει·
429 1386 596 1429 Οἰδίπους
614 1385 649 1424 δὲ
666 1385 940 1438 ἐπιστρατεύσας
951 1415 962 1436 ,
978 1380 1067 1424 εἷλεν
1083 1387 1146 1423 αὖ·

96 1443 174 1490 σήν.
234 1445 293 1495 (13)
316 1444 405 1482 ιὌτε
430 1443 593 1496 Σαμψὼν
611 1444 731 1495 ἠγεῖτο
749 1448 809 1482 τοῦ
834 1446 938 1491 λαοῦ,
968 1443 1148 1497 Ἡρακλῆς

96 1501 207 1540 ἐτέλει
224 1501 302 1546 τοὺς
321 1501 443 1544 ἄθλους
455 1517 464 1525 ·
489 1502 630 1554 ἰσχυρὸς
646 1502 682 1540 δὲ
701 1500 762 1550 ὢν,
783 1501 927 1554 ἄτεχνος
947 1497 989 1548 ἦν
1011 1503 1146 1540 παλαι-

96 1560 182 1608 στής
194 1576 202 1585 ·
220 1563 238 1599 ὃ
253 1559 289 1599 δὲ
307 1560 457 1604 Ἀνταῖος
471 1560 634 1612 ἔμπειρος
648 1563 717 1598 τῶν
736 1560 834 1613 παρὰ
849 1561 919 1604 τοῖς
935 1562 1146 1604 παλαισταῖς

95 1618 212 1671 χαμαὶ
232 1619 474 1669 καλουμένων,
495 1621 540 1662 ὡς
560 1619 629 1657 ὑπὸ
648 1621 711 1670 γῆς
727 1621 789 1665 τ’ῆς
803 1620 932 1671 μητρὸς
948 1621 1145 1671 βοηθεῖσθαι

96 1680 222 1717 δοκεῖν.
253 1681 374 1716 Ταῦτα
400 1677 534 1731 φεύγων
559 1681 577 1715 6
598 1677 798 1729 ζΗρακλῆς,
821 1677 933 1722 ζώσας
954 1677 1055 1716 αὐτὸν
1076 1684 1146 1721 τοῖς

97 1736 256 1787 ἅμμασι,
271 1736 331 1775 καὶ
345 1738 516 1789 μετέωρον
532 1737 617 1789 ἄρας
631 1736 824 1776 ἀπέκτεινε.
850 1738 908 1787 (11)
925 1737 1028 1788 Λέγει
1043 1736 1143 1776 Πλά-

96 1808 166 1833 των
189 1795 381 1846 (Euthyd.
401 1810 440 1845 p.
463 1797 557 1842 206,
575 1796 628 1848 E)
647 1795 707 1833 καὶ
726 1793 786 1841 τὴν
807 1794 913 1847 ὕδραν
943 1795 1144 1848 σοφίστριαν

95 1848 184 1893 εἶναι
203 1855 331 1899 δεινήν.
356 1856 415 1905 (16)
436 1856 482 1894 Οἳ
499 1854 691 1907 Κένταυροι
709 1856 903 1894 Θεσσαλῶν
918 1849 1007 1901 ἦσαν
1024 1857 1143 1898 ἱππεῖς

95 1915 244 1967 ἄριστοι.

150 1987 196 2013 16.
227 1974 297 2012 Τὸν
326 1972 545 2024 Μινόταυρον
566 1972 680 2024 θηρίον
707 1972 909 2022 μυθεύονται
929 1974 1143 2010 καταθοινώ-

96 2046 198 2081 μενον
217 2032 345 2074 παῖδας
354 2030 538 2074 Ἀττικούς·
561 2030 752 2082 στρατηγὸς
767 2030 800 2068 δὲ
813 2024 885 2076 {va
905 2029 1022 2072 Μίνως
1043 2024 1140 2079 (1.ἧν

95 2089 277 2141 Μίνωος),
308 2091 445 2140 Ταῦρος
475 2088 685 2138 καλούμενος
718 2087 774 2125 διὰ
805 2089 843 2125 τὸ
879 2087 1051 2137 θυμοειδὲς
1082 2088 1140 2126 καὶ

94 2151 155 2187 τοῦ
172 2148 301 2198 τρόπου
319 2147 359 2185 τὸ
377 2147 507 2200 ἄγριον.
530 2147 633 2186 Ἐπεὶ
654 2147 689 2184 δὲ
709 2146 880 2198 [Μίνως]
902 2148 1020 2197 ἀγῶνα
1040 2146 1142 2184 ἐτίθει

95 2207 150 2246 ἐπ’
172 2206 380 2259 Ἀνδρόγεῳ,
401 2206 437 2244 ὃν
455 2205 663 2244 ἀπέκτειναν
680 2206 875 2254 Ἀθηναῖοι,
897 2204 1026 2243 ἐδίδουν
1047 2206 1142 2257 αὐτῷ

95 2268 146 2316 (1.
163 2265 275 2305 ἐδίδου
291 2267 386 2318 αὐτῷ
403 2267 463 2302 vel
483 2264 632 2316 Ταύρῳ)
649 2263 782 2303 ἔπαθλα
803 2265 930 2308 παῖδας
950 2263 1139 2310 Ἀττικοὺς,

94 2327 142 2369 ὣς
160 2326 299 2363 νικῶντι
314 2324 464 2366 πάντας·
487 2322 627 2375 ἰσχυρὸς
646 2322 713 2375 γὰρ
730 2317 786 2369 ἦν.
804 2322 870 2365 Ὡς
886 2322 920 2360 δὲ
938 2326 996 2361 τοῦ
1012 2323 1142 2372 ἀγῶνος

2166 261 2240 294 539

1215 333 1400 387 μετείληφε
1418 334 1668 387 [καὶ]Θησεὺς
1682 336 1740 374 καὶ
1757 337 1892 385 ἐνίκησε
1906 340 2028 378 Μίνωα
2043 343 2143 387 (deb.
2155 344 2187 381 Τ
2190 346 2250 381 αῦ-

1214 395 1290 444 ρον)
1304 422 1312 439 ,
1327 392 1460 440 ἐπαύθη
1468 393 1507 431 τὸ
1518 393 1609 432 κατὰ
1622 394 1700 438 τοὺς
1713 396 1850 438 παῖδας.
1869 396 1925 448 (17)
1938 384 2116 449 Ἡρακλῆς
2129 403 2254 444 εἰςλοι-

1213 450 1276 498 μὸν
1295 451 1455 501 ἐμπεσὼν
1475 454 1521 495 εἷς
1539 452 1652 505 πυρὰν
1672 453 1795 499 ἥλατο.
1814 455 1858 492 Ἥ
1876 457 2088 506 μυθευομένη
2112 459 2252 506 Σκύλλη

1211 507 1354 561 τριήρης
1364 503 1404 556 ἧν
1413 512 1603 562 Τυρρηνῶν
1615 511 1827 561 ληιζομένων
1840 512 1915 556 τοὺς
1931 515 2207 566 παραπλέοντας·
2219 519 2255 554 αἱ

1212 566 1247 605 δὲ
1270 569 1434 620 Σειρῆνες
1452 570 1589 620 ἑταῖραι
1613 568 1900 608 ἐπιδουλεύουσαι
1916 574 1985 616 τοῖς
2001 574 2255 624 παραπλέουσι.

1212 626 1271 677 (18)
1293 626 1394 666 Φασί
1411 642 1497 670 τινες
1512 626 1678 680 Ὅμηρον
1692 628 1752 666 καὶ
1771 628 1932 668 Ἡσίοδον
1946 631 2056 670 Δαυὶδ
2069 633 2257 683 συνακμά-

1211 699 1288 731 σαι,
1305 687 1336 723 οἱ
1358 684 1394 723 δὲ
1414 685 1520 738 ὀλίγῳ
1539 685 1703 740 πρότερον
1717 715 1727 733 ,
1749 688 1780 724 οἱ
1801 685 1836 725 δὲ
1853 687 1941 738 μετὰ
1960 692 2070 727 ταῦτα
2086 691 2255 740 γενέσθαι.

1265 757 1311 783 19.
1322 743 1457 782 Ξάνθου
1466 748 1523 783 τοῦ
1536 747 1689 784 Βοιωτοῦ
1699 745 1882 795 Θυμοίτην
1893 747 1938 790 εἷς
1950 748 2169 800 μονομαχίαν
2177 765 2257 801 προ-

1210 802 1441 850 καλουμένου,
1463 802 1511 852 μὴ
1537 803 1798 847 ὑπακούσαντος
1820 806 1944 852 αὐτοῦ,
1962 807 1979 842 6
1996 804 2256 859 Ἀνδροπόμπου

1210 860 1280 904 υἱὸς
1295 861 1474 905 Μέλανθος
1494 861 1622 906 Πύλιος
1634 862 1673 901 τὸ
1686 862 1816 901 ἐκείνου
1830 866 1952 916 σχῆμα
1968 865 2166 912 ἀναλαὸὼν,
2182 867 2257 916 ἐμο-

1210 918 1388 971 νομάχησε
1403 921 1463 958 καὶ
1477 921 1664 968 νενίκηκεν·
1674 919 1748 959 ὅθεν
1760 925 1781 968 ἢ
1797 924 1864 959 τῶν
1886 922 2123 974 Ἀπατουρίων
2139 925 2254 976 ἑορτή.

1262 991 1307 1017 20.
1339 978 1423 1018 Ἐπ’
1452 978 1652 1032 Ἀρχεμόρῳ
1682 979 1725 1017 τὰ
1746 980 1867 1031 Νέμεα
1889 980 1973 1032 πρὸς
1996 984 2064 1019 τῶν
2094 982 2257 1034 Ἀργείων

1210 1035 1352 1087 ἄγεται·
1375 1036 1431 1075 ἐπὶ
1453 1036 1651 1089 Μελικέρτῃ
1666 1038 1732 1076 ὑπὸ
1755 1038 1941 1091 Κορινθίων
1958 1039 2000 1077 τὰ
2019 1037 2173 1090 Ἴσθμια·
2191 1043 2258 1080 ὑπὸ

1209 1095 1352 1147 Δελφῶν
1371 1095 1415 1133 τὰ
1438 1095 1553 1135 Πύθια
1583 1095 1641 1134 ἐπὶ
1670 1096 1830 1150 Δελφύνῃ
1862 1098 1911 1150 τῷ
1948 1098 2129 1149 δράκοντι·
2159 1100 2189 1136 οἱ
2221 1098 2258 1137 δέ

1209 1167 1313 1205 φασιν
1336 1153 1394 1191 ἐπὶ
1422 1153 1580 1207 Δελφύνῃ
1605 1154 1738 1207 ἀρχαίᾳ
1759 1154 1894 1208 ἡρωίδι.
1917 1156 2002 1194 Ἀπὸ
2027 1159 2088 1203 τ’ἧς
2108 1156 2258 1206 ἁμίλλης

1208 1213 1275 1249 τῶν
1296 1210 1447 1250 Ἀεθλίου
1466 1211 1599 1250 παίδων
1621 1212 1769 1260 ἀθληταὶ
1789 1213 1987 1260 ἐκλήθησαν
2004 1216 2034 1252 οἱ
2053 1215 2254 1265 ἀγωνισταί.

1261 1283 1309 1308 21.
1344 1269 1530 1322 Αἰγύπτιοί
1561 1286 1665 1323 φασιν
1690 1274 1737 1315 ὡς
1771 1270 1971 1324 ᾱΗφαιστος
2000 1274 2113 1311 αὐτῶν
2136 1273 2255 1311 ἐὸασί-

1208 1330 1326 1367 λευσεν
1359 1328 1519 1381 ἀπείρους
1550 1329 1643 1373 τινὰς
1673 1330 1832 1383 χρόνους·
1867 1331 1955 1380 μετὰ
1985 1335 2103 1370 τοῦτον
2132 1331 2255 1375 (Ἤλιος

1208 1389 1225 1425 6
1245 1386 1437 1439 ιΗφαίστου
1467 1387 1527 1435 ἔτη
1553 1387 1672 1440 Ιξψοζ·4
1691 1389 1766 1437 μετ’
1791 1389 1893 1427 αὐτὸν
1915 1391 2013 1436 Σῶς,
2036 1390 2114 1437 ἤτοι
2132 1387 2255 1442 Ἄρης,

1208 1448 1283 1496 μεθ’
1312 1444 1348 1483 ὃν
1377 1444 1461 1491 Κὴὸ
1478 1449 1539 1484 τοῦ
1570 1445 1714 1496 Ἡλίου,
1737 1447 1814 1494 ἤτοι
1841 1448 1983 1500 Κρόνος.
2011 1447 2057 1487 ‘O
2078 1448 2148 1486 ἀπὸ
2169 1450 2255 1498 Χὰμ

1207 1507 1265 1541 τοῦ
1289 1505 1362 1541 υἱοῦ
1395 1506 1476 1543 Νῶε
1507 1503 1676 1556 Μεστρὲμ
1704 1506 1751 1548 εἷς
1769 1505 1946 1556 Αἴγυπτον
1975 1506 2176 1558 ἀπῳκίσθη,
2195 1508 2255 1544 καὶ

1208 1563 1269 1600 ἀπ’
1286 1563 1390 1600 αὐτοῦ
1411 1561 1539 1610 ἐκλήθη
1557 1565 1579 1608 ἦ
1605 1563 1718 1615 χώρα·
1736 1563 1774 1601 τὸ
1791 1563 1858 1616 γὰρ
1877 1564 2045 1615 Μεστρὲμ
2064 1564 2251 1617 Ἑὸραϊστὶ

1206 1620 1384 1672 Αἴγυπτον
1414 1621 1524 1667 δηλοῖ.
1558 1620 1643 1660 Ἐπὶ
1671 1621 1837 1673 Βινώριος
1869 1622 2039 1674 βασιλέως
2076 1622 2254 1673 Αἰγύπτου

1205 1680 1291 1732 φασὶ
1312 1678 1371 1717 τὸν
1389 1680 1513 1719 Νεῖλον
1533 1678 1647 1729 μέλιτι
1664 1679 1696 1717 α’
1716 1683 1851 1732 ῥυῆναι.
1868 1680 1984 1734 Ψίωψ
1998 1680 2136 1728 ἑξαέτης
2157 1680 2257 1734 ἀρξά-

1205 1754 1303 1788 μενος
1325 1737 1518 1789 βασιλεύων
1540 1738 1708 1788 διεγένετο
1720 1739 1841 1791 μέχρις
1856 1741 1941 1777 ἐτῶν
1958 1740 2000 1789 ρ’.

1256 1810 1301 1835 22.
1347 1795 1542 1848 Σεμίραμις
1576 1800 1597 1842 ἡ
1635 1797 1840 1849 περιὸόητος
1871 1799 2052 1850 πολλαχοῦ
2089 1799 2153 1844 τῆς
2188 1799 2252 1846 γῆς

1203 1855 1320 1907 ἤγειρε
1336 1854 1488 1906 χώματα
1501 1885 1512 1905 ,
1532 1855 1704 1908 προφάσει
1725 1855 1787 1906 μὲν
1805 1856 1860 1893 διὰ
1874 1856 1951 1899 τοὺς
1970 1854 2249 1906 κατακλυσμούς·

1202 1913 1277 1951 τάδ’
1297 1907 1388 1960 ἦσαν
1409 1913 1477 1965 ἄρα
1496 1915 1564 1950 τῶν
1585 1913 1768 1964 ἐρωμένων
1786 1913 1921 1958 ζώντων
1938 1914 2246 1966 κατορυσσομένων

1203 1974 1233 2010 οἱ
1249 1970 1368 2024 τάφοι,
1389 1972 1465 2022 [ὡς]
1492 1971 1648 2018 Κτησίας
1664 1973 1808 2024 ἱστορεῖ.

1254 2043 1302 2068 23.
1344 2029 1542 2082 Σέσωστρις
1580 2029 1742 2081 βασιλεὺς
1774 2029 1955 2081 Αἰγύπτου
1994 2030 2023 2066 θ’
2055 2028 2145 2067 ἔτεσι
2188 2028 2252 2076 τὴν

1203 2088 1342 2125 ἅπασαν
1360 2087 1476 2125 Ἀσίαν
1493 2086 1717 2139 ἐχειρώσατο,
1733 2087 1792 2126 καὶ
1809 2090 1870 2135 τῆς
1893 2085 2068 2139 Εὐρώπης
2083 2085 2127 2123 τὰ
2145 2085 2251 2138 μέχρι

1977 2144 2226 2158 „„„„„

1203 2220 1307 2252 σεως,
1323 2204 1379 2242 ἐπὶ
1401 2203 1464 2253 μὲν
1484 2205 1553 2248 τοῖς
1576 2203 1741 2255 γενναίοις
1761 2205 1908 2257 ἀνδρῶν,
1932 2203 1988 2242 ἐπὶ
2009 2202 2045 2241 δὲ
2062 2205 2130 2246 τοῖς
2146 2205 2250 2254 ἀγεν-

1202 2263 1274 2300 νέσι
1297 2263 1467 2313 γυναικῶν
1488 2262 1586 2313 [ταῖς
1607 2262 1750 2309 στήλαις
1771 2262 2021 2315 ἐγ]χαράσσων
2044 2261 2166 2313 μόρια.

1255 2334 1300 2359 2⁴.
1332 2320 1415 2359 Ἐπὶ
1429 2320 1631 2374 Βοκχόρεως
1653 2320 1824 2373 βασιλέως
1842 2320 2020 2371 Αἰγύπτου
2039 2319 2154 2372 ἀρνίον
2174 2319 2252 2357 ἐλά-

93 2431 162 2473 ·—§
174 2436 206 2464 6.
221 2431 341 2464 Eadem
356 2431 493 2472 syncell.
509 2439 539 2471 p.
560 2434 612 2462 161
626 2455 636 2469 ,
653 2434 676 2462 Α
688 2454 696 2470 ,
713 2439 752 2462 ex
768 2430 958 2462 Philochoro
977 2430 1035 2470 (fr.
1051 2430 1117 2469 30.)
1135 2427 1206 2468 —§
1223 2431 1253 2461 8.
1270 2427 1388 2460 Eadem
1404 2428 1527 2468 plenius
1539 2428 1675 2468 syncell.
1697 2436 1727 2468 p.
1746 2432 1817 2467 162,
1833 2433 1870 2459 A.
1887 2426 2043 2459 Eusebius
2058 2435 2111 2457 an.
2124 2429 2197 2458 669.
2210 2444 2251 2451 —

92 2479 157 2521 §9.
171 2479 248 2512 Ead.
264 2481 358 2520 Syuc.
370 2487 402 2519 p.
424 2483 481 2510 162
493 2502 502 2518 ‚
517 2480 554 2510 B.
571 2477 685 2510 Euseb.
700 2486 752 2509 311.
769 2481 840 2510 711.
862 2496 902 2504 -
917 2476 936 2517 §
957 2482 1004 2510 10.
1020 2477 1098 2509 Ε311.
1117 2478 1210 2516 Sync.
1233 2485 1263 2515 p.
1284 2479 1340 2507 156
1353 2499 1362 2515 ‚
1385 2478 1425 2507 D.
1440 2477 1488 2507 De
1501 2475 1685 2515 Amphionis
1698 2474 1805 2507 sabula
1818 2476 1972 2507 Nostrum
1992 2473 2100 2505 laudat
2114 2474 2247 2504 Tzetzes

92 2525 174 2559 chil.
194 2528 227 2563 1,
241 2528 301 2558 316
317 2535 325 2556 ε
339 2526 378 2558 Ὁ
397 2526 530 2566 λυρῳδὸς
546 2525 675 2566 Ἀμφίων
698 2525 752 2566 μὲν
768 2524 856 2561 οὗτος
878 2525 1003 2566 σύναμα
1017 2525 1107 2565 Ζήθῳ
1123 2524 1190 2554 Υἱοὶ
1210 2522 1281 2558 Διὸς
1302 2522 1371 2553 καθ’
1394 2522 1556 2564 Ὅμηρον,
1574 2521 1685 2563 μητρὸς
1707 2525 1759 2559 τῆς
1782 2519 1955 2558 Ἀντιόπης·
1978 2519 2067 2551 Κατὰ
2081 2519 2108 2550 δ’
2126 2518 2244 2559 ἑτέρους

91 2573 253 2614 χρονικοὺς
265 2573 319 2604 καὶ
334 2573 397 2604 τὸν
414 2572 611 2612 Ἀντιοχέα
627 2572 694 2603 Υἱοὶ
707 2574 763 2602 τοῦ
780 2570 995 2611 Θεοὸόωντος,
1016 2571 1128 2611 μητρὸς
1142 2570 1174 2601 δὲ
1189 2572 1243 2607 τῆς
1258 2569 1409 2610 ῥηθείσης.
1429 2568 1500 2610 —§
1517 2573 1565 2601 11.
1581 2569 1631 2601 Cf.
1649 2568 1786 2609 Syncell.
1807 2577 1838 2608 p.
1859 2571 1914 2600 162
1926 2592 1935 2606 ,
1951 2569 1989 2598 G.
2004 2565 2075 2607 —§
2094 2569 2142 2597 12.
2163 2565 2242 2598 Ead.

93 2619 233 2660 syncell.
247 2627 281 2660 p.
299 2621 376 2658 156,
390 2621 431 2651 D.
450 2619 566 2651 Euseb.
584 2627 636 2650 311.
652 2621 706 2650 761
722 2641 731 2656 ,
745 2626 786 2650 ex
801 2617 997 2658 palaephato.
1011 2617 1083 2657 -ς
1106 2621 1151 2648 13.
1168 2616 1218 2648 Cf.
1234 2616 1371 2656 syncell.
1387 2625 1419 2657 p.
1451 2621 1526 2655 163,
1543 2620 1565 2648 Α
1579 2628 1588 2656 ;
1604 2616 1720 2647 Euseb.
1739 2624 1791 2646 311.
1811 2618 1882 2647 770.
1904 2617 1975 2646 Post
2000 2623 2030 2645 v.
2046 2613 2244 2653 καλουμένων

93 2665 251 2698 excidisse
268 2665 398 2698 videtur
410 2665 544 2707 τρόπων.
560 2661 726 2705 syncellus
739 2664 783 2696 ita
811 2677 817 2695 :
842 2664 995 2705 Ἡρακλῆς
1011 2665 1081 2700 τοὺς
1103 2664 1212 2699 ἄθλους
1226 2664 1319 2695 ἐτέλει
1333 2665 1386 2695 καὶ
1407 2663 1542 2696 Ἀνταῖον
1562 2665 1592 2696 ἐν
1609 2664 1709 2703 Λιὸύῃ
1725 2662 1963 2698 καταπαλαίσας
1986 2662 2102 2701 ἀναιρεῖ
2125 2660 2176 2691 τὸν
2195 2660 2245 2691 λε-

92 2713 223 2754 γόμενον
246 2716 379 2753 γηγενῆ,
394 2713 446 2744 διὰ
458 2713 494 2744 τὸ
508 2712 701 2753 ἐπιστήμονα
718 2711 795 2743 εἶναι
813 2711 865 2742 τὸν
887 2710 1050 2752 λεγόμενον
1066 2711 1150 2752 παρὰ
1173 2713 1236 2747 τοῖς
1258 2712 1442 2748 παλαισταῖς
1458 2711 1570 2752 τρόπον
1587 2711 1690 2752 χαμὰς
1702 2735 1710 2748 ,
1732 2713 1773 2746 ὡς
1790 2710 1852 2741 ἀπὸ
1875 2713 1928 2747 τῆς
1957 2709 2067 2749 μητρὸς
2085 2711 2141 2747 γῆς
2170 2708 2244 2747 βοη·

92 2761 210 2792 θεῖσθαι
223 2760 336 2792 δοκεῖν.
350 2777 391 2785 -—
406 2759 426 2800 ὃ
443 2762 490 2792 14.
505 2759 584 2791 Ε311.
603 2761 697 2799 Sync.
713 2768 743 2799 p.
766 2762 841 2796 163,
859 2760 893 2790 B.
914 2758 1028 2790 Euseb.
1044 2767 1096 2790 an.
1120 2761 1193 2791 776.
1209 2776 1244 2780 -
1262 2757 1281 2798 §
1300 2762 1347 2790 15.
1363 2757 1439 2789 Ead.
1463 2760 1558 2798 Sync.
1571 2758 1593 2789 l.
1609 2758 1629 2789 l.
1644 2782 1652 2796 ,
1668 2757 1784 2789 Euseb.
1799 2765 1852 2788 au.
1872 2758 1946 2788 777.
1961 2753 2032 2795 —-§
2056 2759 2103 2786 16.
2126 2753 2242 2793 Eadem

92 2807 201 2838 narrat
213 2806 351 2846 syncell.
365 2815 396 2847 p.
416 2810 472 2838 163
482 2830 492 2846 ,
504 2808 543 2845 C,
560 2807 593 2838 et
608 2806 724 2838 Euseh.
739 2814 793 2837 311.
806 2809 864 2838 787
877 2829 886 2844 ‚
898 2814 916 2837 e
930 2804 1118 2836 Philochoro
1132 2805 1190 2844 (fr.
1205 2806 1276 2843 39).
1289 2803 1360 2844 —§
1377 2807 1425 2836 17.
1441 2807 1488 2836 De
1503 2804 1640 2837 Hercule
1652 2804 1763 2835 eadem
1777 2803 1913 2844 syncell,
1930 2811 1961 2842 p.
1982 2803 2037 2833 164
2047 2825 2058 2840 ,
2074 2804 2109 2832 Α.
2125 2801 2239 2831 Euseb.

91 2862 144 2885 an.
157 2855 229 2885 826.
243 2869 285 2876 —-
297 2851 524 2894 Τυρρηνῶν]
543 2854 706 2892 Cramer.,
721 2851 874 2893 τυράννων
891 2851 963 2883 cod.
980 2853 1021 2883 V.
1043 2851 1216 2891 Palaephat.
1243 2852 1366 2883 lncred.
1384 2860 1413 2883 e.
1433 2856 1483 2883 21.
1505 2850 1576 2892 —§
1596 2854 1643 2883 18.
1669 2851 1716 2882 Cf.
1733 2851 1851 2883 chron.
1872 2852 2031 2889 Anonym.
2049 2847 2121 2879 cod.
2147 2848 2241 2879 Paris.

92 2901 152 2931 854
170 2899 202 2930 in
215 2900 357 2931 Cramer.
373 2900 494 2931 Anecd.
512 2901 560 2938 11,
578 2908 609 2940 p.
626 2903 698 2931 261.
713 2898 787 2940 -ξ
807 2902 855 2931 19.
870 2898 1059 2931 Ξάνθου...
1076 2898 1296 2939 Μέλανθος]
1314 2899 1535 2933 Ξανθίππου...
1556 2897 1723 2933 Μελάνθιος
1742 2897 1813 2928 cod.
1831 2914 1873 2920 —
1892 2895 2032 2931 Πύλιος
2048 2893 2110 2934 τὸ]
2128 2893 2242 2925 ποδίως

91 2957 124 2978 τε
137 2945 210 2978 cod.
229 2947 396 2987 syncellus
408 2955 439 2987 p.
464 2950 518 2980 178
530 2971 538 2986 ,
561 2948 584 2979 Β
603 2960 609 2978 :
631 2947 701 2978 Ἐπὶ
715 2947 825 2978 τούτου
838 2947 858 2983 ἦ
874 2949 936 2979 τῶν
954 2946 1152 2987 Ἐρεχθειδῶν
1167 2945 1312 2986 βασιλεία
1327 2945 1476 2981 κατελύθη
1491 2945 1574 2984 παρὰ
1588 2944 1755 2982 Ἀθηναίοις
1771 2943 1915 2975 Ἀττικῶν
1934 2942 2083 2981 λεγομένη
2096 2964 2104 2978 ,
2119 2941 2171 2970 καὶ
2187 2951 2240 2980 με·

91 2994 197 3032 τῆλθεν
210 2994 254 3030 εἰς
268 2993 369 3035 ἕτερον
385 2995 482 3034 γένος.
499 2994 658 3035 Θυμοίτην
672 2994 730 3035 γὰρ
747 2993 1020 3036 προκαλεσαμένου
1038 2992 1159 3024 Ξάνθου
1179 2995 1235 3023 τοῦ
1252 2991 1403 3023 Βοιωτίου
1414 3015 1421 3029 ,
1437 2992 1489 3023 καὶ
1505 2993 1546 3032 μή
1564 2991 1798 3027 ὑπακούσαντος
1817 2993 1872 3021 τοῦ
1889 2989 2064 3030 Θυμοίτου,
2080 2988 2236 3022 Μέλανθος

92 3040 322 3083 Ἀνδροπόμπου
339 3041 451 3078 Πύλιος
475 3041 695 3082 ἀναδεξάμενος
717 3040 938 3082 ἐμονομάχησε
959 3041 1011 3072 καὶ
1029 3040 1157 3077 νικήσας
1177 3038 1386 3070 ἐ6ασίλευσεν.
1411 3038 1517 3069 Ἔνθεν
1541 3038 1682 3076 Ἀθήνησι
1699 3039 1718 3076 ἡ
1734 3040 1796 3068 τῶν
1813 3035 2008 3076 ἀπατουρίων
2023 3035 2110 3075 ἑορτὴ
2131 3033 2236 3083 ἄγεται

91 3087 142 3119 διὰ
153 3087 189 3120 τὸ
202 3087 258 3120 σὺν
273 3087 377 3128 ἀπάτῃ
391 3089 532 3128 γενέσθαι
546 3089 601 3126 τήν
614 3088 713 3125 νίκην.
731 3087 809 3120 Ε311.
831 3088 946 3119 Euseb.
968 3087 1007 3119 ad
1026 3095 1079 3118 311.
1101 3088 1174 3117 889.
1189 3084 1260 3125 —§
1278 3089 1330 3117 20.
1349 3083 1539 3124 Ἀεθλίου]
1553 3084 1681 3115 ἀεθλίων
1698 3083 1770 3115 cod.
1785 3085 1826 3115 V.
1843 3082 1962 3114 Euseb.
1979 3089 2008 3120 p.
2028 3082 2083 3110 140
2098 3079 2148 3110 ed.
2166 3080 2237 3109 Mai.

90 3150 132 3158 —
144 3133 164 3174 §
177 3138 229 3166 21.
246 3135 302 3175 ,ζψ
313 3133 384 3175 οζ’]
399 3134 420 3166 1.
437 3144 465 3166 e.
482 3137 575 3167 7777.
592 3134 703 3166 codex
728 3135 824 3166 habet
839 3144 846 3165 z
863 3136 919 3175 ,ζψ
931 3145 947 3165 ο
958 3135 997 3173 ξ’,
1016 3133 1103 3174 quod
1125 3134 1235 3172 aperte
1250 3132 1453 3171 corruptum.
1471 3132 1619 3163 Fortasse
1635 3129 1854 3170 reponendum
1868 3128 2017 3168 111635ρυ
2029 3137 2045 3158 ο
2056 3125 2077 3162 ζ’
2100 3125 2239 3177 (44717),

91 3189 191 3221 quem
215 3189 386 3213 numerum
412 3181 557 3222 praebent
573 3182 693 3214 Chron.
716 3182 827 3214 Pasch.
857 3184 887 3221 l,
909 3190 938 3221 p.
969 3184 1008 3212 82
1029 3182 1059 3211 et
1079 3179 1193 3211 Malaia
1217 3189 1247 3220 p.
1269 3182 1325 3219 23,
1347 3184 1365 3210 2
1386 3178 1458 3219 (ed.
1482 3178 1627 3218 Bonn.),
1647 3181 1679 3210 et
1701 3178 1782 3209 infra
1802 3176 1861 3216 (fr.
1889 3179 1926 3214 6,
1946 3173 1965 3215 ς
1993 3174 2029 3213 8)
2055 3173 2120 3212 ipse
2144 3173 2239 3202 etiam

89 3229 229 3260 Joannes
246 3228 365 3260 noster.
393 3228 455 3260 sed
477 3229 525 3260 his
543 3229 620 3261 nihil
641 3229 815 3267 dirimitur,
832 3237 932 3267 quum
955 3236 992 3259 ea
1011 3235 1085 3266 quae
1104 3227 1186 3256 infra
1212 3235 1263 3266 ap.
1285 3228 1442 3258 ι1031136111
1470 3227 1630 3266 leguntur,
1653 3234 1694 3257 ex
1714 3224 1785 3256 aliis
1805 3223 1943 3255 sontibus
1963 3223 2075 3253 hausta
2091 3228 2158 3251 esse
2183 3218 2239 3250 de-

91 3274 201 3307 beant.
215 3276 367 3308 Ceterum
388 3276 429 3307 cf.
448 3276 630 3308 Manethon.
649 3276 760 3316 fragm.
783 3276 814 3307 in
834 3277 912 3307 tom.
932 3276 977 3313 11,
996 3283 1027 3314 p.
1045 3277 1116 3305 533.
1133 3292 1171 3298 -
1185 3271 1389 3314 Βινώριος]
1410 3272 1501 3313 Apud
1520 3272 1747 3304 Manethonem
1761 3270 1896 3302 Africani
1911 3269 1972 3308 (fr.
1989 3271 2018 3304 8,
2034 3275 2065 3306 p.
2085 3265 2165 3304 542)
2184 3272 2239 3294 rex

90 3320 162 3361 ille,
181 3321 240 3353 sub
253 3330 318 3362 quo
330 3322 394 3354 mel
407 3322 497 3354 Nilus
510 3322 623 3361 fluxit,
638 3323 816 3363 appellatur
833 3321 1098 3362 Neplzerclzeres.
1120 3320 1210 3360 Apud
1231 3319 1403 3351 Eusebium
1426 3328 1543 3351 nomen
1557 3319 1626 3359 ejus
1638 3318 1846 3350 desideratur.
1875 3314 2038 3348 Antecedit
2054 3321 2128 3343 vero
2153 3310 2236 3350 apud

90 3367 207 3400 Euseb.
223 3368 437 3409 mentioregis
451 3368 588 3409 Βιόφιος;
605 3369 737 3401 sortasse
752 3378 792 3401 ex
810 3369 871 3400 hoc
885 3370 998 3400 natum
1018 3369 1066 3399 est
1079 3369 1222 3398 nostrum
1239 3367 1394 3407 Βινώριος.
1411 3386 1449 3393 -
1463 3367 1575 3407 Φίωψ
1587 3365 1598 3406 ]
1612 3367 1703 3404 Φιὼφ
1718 3367 1860 3396 Cramer.
1875 3381 1914 3384 —
1930 3361 1948 3402 §
1966 3363 2015 3391 23.
2031 3355 2234 3396 ἁλώσεως]

91 3414 310 3455 reponendum
329 3415 455 3448 videtur
476 3418 696 3456 κατασχέσεως
719 3416 768 3447 vel
795 3417 933 3456 σχέσεως
958 3425 999 3446 ex
1022 3415 1170 3446 Africano
1193 3416 1224 3445 et
1248 3413 1384 3445 Eusebio
1408 3423 1459 3454 ap.
1488 3413 1625 3453 Syneon.
1644 3422 1675 3452 p.
1694 3415 1754 3450 69,
1782 3413 1806 3442 Β
1823 3411 1875 3448 (ν.
1904 3407 2083 3439 Maiiethon.
2111 3404 2149 3459 fr.
2178 3405 2236 3440 34,

90 3469 124 3504 p.
151 3463 245 3502 560).
262 3464 338 3495 Mox
360 3462 444 3503 [ταῖς
470 3464 595 3501 στήλαις
622 3463 676 3504 ἐγ]
707 3463 812 3495 addidi
834 3473 849 3495 e
871 3463 1028 3502 syncello.
1050 3480 1088 3485 -
1105 3461 1123 3501 ὃ
1141 3464 1192 3494 24.
1212 3462 1260 3495 Cf.
1290 3462 1428 3502 syncell.
1458 3463 1489 3494 et
1518 3461 1630 3493 Euseh.
1651 3461 1682 3492 in
1704 3458 1843 3492 Manem.
1868 3457 1904 3487 sr.
1925 3459 1973 3486 65.
1999 3451 2103 3484 Verba
2120 3451 2234 3489 ανῦρω-
