2372 3704
124 237 202 272 566

123 317 225 356 αὐτὸν
243 316 381 368 ἀγαγὼν
401 315 462 363 τὴν
477 315 639 363 τελευτὴν
655 319 716 355 τοῦ
736 315 831 369 βίου,
851 318 885 361 ἐς
899 316 942 364 ἣν
961 317 1062 362 αὐτὸς
1078 318 1163 370 πρό·

122 392 220 429 τερον
240 375 298 414 τὸν
316 375 450 428 πατέρα
471 375 678 422 συνήλασεν.

177 448 222 475 12.
244 434 389 480 Ἐπειδὴ
415 438 526 472 ταῦτα
551 433 826 487 διαπραξάμενος
847 435 1037 481 ἐπανῆλθεν
1057 436 1090 479 ἐς
1105 434 1166 481 τὴν

123 492 282 542 Ῥώμην,
299 493 411 546 τρίτον
437 493 557 531 ἑαυτὸν
577 492 709 532 ὕπατον
739 491 902 539 ἀνειπὼν,
922 493 983 531 καὶ
1004 492 1167 532 κοινωνὸν

123 553 183 596 τῆς
197 552 308 603 ἀρχῆς
330 550 582 604 προσελόμενος
602 550 749 603 Μάρκον
769 550 931 600 Αἰμίλιον
948 551 1110 600 Λέπιδον,
1131 551 1168 595 ὃς

123 608 214 646 κατὰ
231 609 288 646 τὸν
308 609 503 662 ἔμπροσθεν
516 609 672 647 ἐνιαυτὸν
691 608 872 662 ἵππαρχος
892 604 933 656 ἦν
959 611 1054 662 αὐτῷ
1077 609 1168 649 κατὰ

125 668 319 721 μοναρχίαν
347 667 585 722 ἐξηγουμένῳ,
611 668 759 712 πολλούς
777 683 814 706 τε
834 670 901 706 τῶν
927 670 1168 719 Πομπηιανῶν

125 725 429 776 ἀνακαλεσάμενος
440 755 450 774 ,
468 728 518 779 τῷ
534 742 572 764 τε
589 726 691 779 δήμῳ
712 725 900 775 Ῥωμαίων
925 726 1081 776 μεγάλας
1098 728 1169 765 δω-

125 783 204 835 ρεὰς
232 785 292 822 καὶ
314 784 450 837 ἀφέσεις
478 787 592 837 χρεῶν
618 785 874 836 χαρισάμενος,
895 783 1111 835 στρατηγούς
1131 800 1168 823 τε

123 843 192 879 τῶν
212 841 410 894 ἀναγκαίων
440 842 678 893 ἐπιμελητὰς,
706 842 766 883 καὶ
786 843 887 894 ἱερεῖς
907 841 992 894 ὑπὲρ
1016 842 1055 880 τὸ
1077 858 1169 880 νενο-

124 899 290 950 μισμένον
321 901 546 948 καταστήσας
578 904 622 952 τῇ
650 900 769 948 πόλει,
796 900 874 943 τούς
894 916 931 938 τε
961 901 1092 944 ἱππέας
1111 900 1170 939 καὶ

125 958 378 1011 ἑκατοντάρχας
403 959 527 1002 ἄλλους
548 958 589 996 τέ
609 975 702 1002 τινας
723 958 934 1005 καταλέξας,
964 958 1170 1011 Σαλουστίῳ

124 1015 189 1062 τὴν
211 1016 394 1063 πολιτικὴν
415 1017 583 1063 διοίκησιν
605 1015 865 1065 καταλιμπάνει
888 1015 947 1054 καὶ
967 1015 1045 1060 τοὺς
1064 1032 1171 1068 γεγη-

127 1074 276 1126 ρακότας
296 1074 510 1126 στρατιώτας
524 1105 534 1123 ,
570 1074 671 1118 αὐτός
701 1090 737 1112 τε
757 1073 815 1112 ἐπὶ
845 1073 907 1121 τὴν
929 1074 1062 1120 Λιέύην
1086 1077 1171 1113 ἐπε-

126 1136 282 1185 ραιοῦτο,
302 1132 382 1172 ἔνθα
399 1133 437 1171 τὸ
456 1133 544 1172 πολὺ
563 1133 624 1171 καὶ
647 1132 916 1184 γνωριμώτατον
935 1135 996 1178 τῆς
1016 1131 1172 1182 Ῥωμαϊ-

125 1193 188 1237 κῆς
203 1191 374 1242 εὐγενείας
403 1190 577 1239 συνελθὸν,
604 1192 784 1244 συμμάχῳ
805 1207 840 1229 τε
865 1190 1045 1243 χρώμενον
1064 1190 1172 1244 Ἰώὸᾳ

124 1251 174 1300 τῷ
207 1250 345 1301 βασιλεῖ
382 1251 450 1288 τῶν
496 1250 751 1303 Μαυρουσίων,
789 1251 967 1289 ἀνενεοῦτο
1006 1249 1065 1288 τὸν
1103 1250 1169 1288 πό·

124 1308 244 1358 λεμον.

179 1380 225 1408 13.
249 1366 419 1418 Ἡγοῦντο
446 1366 483 1405 δὲ
512 1368 579 1405 τῶν
600 1366 879 1415 συνεληλυθότων
913 1368 1060 1406 ἐνταῦθα
1079 1366 1171 1407 Ῥω-

126 1426 238 1476 μαίων
282 1425 438 1470 Πόπλιος
481 1425 693 1477 Κορνήλιος,
735 1426 930 1469 Σκιπίωνος
967 1426 1172 1479 Ἀφρικανοῦ

124 1482 293 1535 γεγονὼς,
315 1483 486 1530 κηδεστὴς
506 1485 542 1522 δὲ
565 1483 760 1535 Πομπηίου
777 1483 974 1536 τυγχάνων,
990 1485 1050 1523 καὶ
1070 1484 1174 1537 Μάρ-

125 1559 184 1587 κος
205 1543 375 1595 Πετρήιος
391 1544 451 1581 καὶ
471 1544 616 1587 Κόϊντος
635 1543 765 1594 Βάρος,
785 1545 844 1581 καὶ
865 1543 1007 1594 Μάρκος
1026 1543 1174 1594 Πόρκιος

127 1602 254 1641 Κάτων
280 1604 298 1639 ὃ
324 1601 528 1655 φιλόσοφος,
558 1601 617 1640 καὶ
637 1601 830 1652 Κορνήλιος
848 1602 1013 1644 Φαῦστος
1035 1600 1172 1640 Σύλλου

126 1663 187 1698 τοῦ
208 1659 492 1711 μοναρχήσαντος
508 1660 590 1703 παῖς
606 1659 666 1698 ὤν’
687 1654 734 1703 οἷς
752 1658 1017 1709 ἀντιταξάμενος
1037 1661 1055 1696 ὃ
1078 1661 1174 1697 Καῖ-

129 1733 197 1770 σαρ
225 1718 314 1769 μετὰ
330 1717 461 1762 πολλὰς
477 1718 674 1771 προσὸολὰς
693 1717 753 1755 καὶ
776 1718 958 1770 διαφόρους
973 1720 1042 1755 τῶν
1061 1733 1174 1770 πρατ-

126 1776 281 1826 τομένων
309 1777 417 1829 τύχας
430 1807 440 1827 ,
461 1782 582 1829 κρατεῖ
598 1777 819 1814 παντάπασιν
832 1791 840 1800 ·
868 1779 914 1820 ὡς
937 1775 1088 1815 Κάτωνα
1110 1775 1171 1826 μὲν

126 1835 186 1873 καὶ
216 1835 398 1874 Σκιπίωνα
412 1866 422 1884 ,
454 1835 629 1889 Πετρήιόν
655 1851 692 1873 τε
725 1834 785 1874 καὶ
815 1834 941 1874 Ἰώδαν
972 1835 1176 1886 αὐτόχειρας

127 1899 215 1946 σφᾶς
241 1893 361 1937 αὐτοὺς
381 1895 512 1932 ἀνελεῖν
526 1924 537 1944 ,
559 1893 728 1934 Φαῦστόν
749 1909 786 1931 τε
813 1892 869 1931 τὸν
900 1894 1009 1930 παῖδα
1041 1892 1177 1932 Σύλλου

127 1956 351 1990 συνοικοῦντα
391 1951 535 2005 θυγατρὶ
564 1951 777 2004 Πομπηίου,
797 1951 883 2004 πρὸς
906 1953 1010 1990 αὐτοῦ
1032 1952 1177 2003 διαφθα-

133 2013 232 2063 ρῆναι
245 2014 304 2048 τοῦ
324 2010 512 2062 Καίσαρος.

183 2082 230 2107 14.
248 2068 435 2108 Ἒνιαυτὸν
472 2068 514 2115 δὴ
543 2062 600 2106 οῦν
627 2067 766 2121 ὕστερον
798 2066 1016 2120 ἀναστρέψας
1040 2067 1097 2106 ἐπὶ
1115 2067 1177 2114 τὴν

128 2126 273 2177 Ῥώμην
290 2130 307 2165 ὃ
325 2127 441 2175 Γάϊος,
453 2126 623 2179 τέταρτον
640 2126 760 2165 ἑαυτὸν
773 2126 947 2171 ἀπέδειξεν
961 2126 1104 2174 ὕπατον,
1118 2126 1179 2165 καὶ

130 2186 194 2230 τὰς
208 2186 371 2237 δυνάμεις
383 2186 583 2234 ἀναλαὸὼν,
597 2186 675 2225 εὐθὺ
691 2186 783 2239 [ἐπὶ]
797 2185 858 2230 τὰς
869 2186 1025 2238 ’16ηρίας
1037 2185 1175 2239 ἐχώρει.

132 2247 178 2284 Οἱ
213 2245 280 2297 γὰρ
314 2245 355 2292 δὴ
390 2249 451 2284 τοῦ
484 2244 675 2295 Πομπηίου
708 2247 850 2296 παῖδες,
889 2247 1022 2289 ἑαυτοῖς
1055 2261 1092 2283 τε
1120 2244 1180 2283 καὶ

131 2305 182 2354 τῷ
199 2302 305 2355 πατρὶ
325 2307 538 2347 καθεστῶτες
558 2303 754 2354 ὁμώνυμοι,
771 2306 895 2347 Γναῖος
916 2302 1104 2353 Πομπήιος
1119 2303 1179 2340 καὶ

135 2361 260 2406 Σέξτος
277 2362 483 2415 Πομπήιος,
501 2363 655 2413 μεγάλας
668 2362 862 2413 ἐγείραντες
879 2357 973 2405 αὖθις
993 2361 1154 2411 δυνάμεις
1168 2391 1178 2410 ,

131 2422 331 2458 ἀνενεοῦντο
350 2420 408 2458 τὸν
424 2421 590 2470 πόλεμον.
650 2420 754 2458 Ἐπεὶ
770 2424 850 2470 γοῦν
867 2422 1007 2472 Καῖσαρ
1022 2420 1177 2470 ἀφίκετο,

129 2478 259 2516 πολλαὶ
283 2477 345 2527 μὲν
371 2478 430 2516 καὶ
460 2478 625 2530 καρτεραὶ
651 2478 855 2517 συνίσταντο
881 2478 1013 2530 μάχαι·
1042 2478 1176 2530 ἐσχάτη
1206 2479 1213 2526 Ι

913 231 1126 271 JOANNIS
1153 231 1475 272 ANTIOCHENI

1227 316 1263 355 δὲ
1291 317 1422 363 πόλεως
1451 315 1614 365 Μούνδης
1646 318 1795 366 πλησίον
1822 318 1974 370 γίνεται·
2001 319 2079 357 καθ’
2107 317 2149 365 ἥν
2179 333 2267 372 φασι

1228 376 1324 428 παρὰ
1338 375 1438 414 τόσον
1463 377 1572 415 ἐλθεῖν
1600 375 1757 416 κινδύνου
1783 376 1840 415 τὸν
1862 377 2027 428 Καίσαρα
2039 407 2049 425 ,
2064 379 2111 422 ὡς
2124 392 2268 430 παρερ-

1229 434 1400 486 ρηγμένης
1418 434 1484 482 ἤδη
1501 433 1708 482 τῆςόἷκείας
1724 435 1899 488 φάλαγγος
1913 465 1923 483 ,
1941 436 2077 475 σπάσαι
2094 438 2171 474 καθ’
2190 438 2269 474 ἑαυ-

1228 496 1288 531 τοῦ
1308 492 1346 531 τὸ
1374 492 1482 546 ξίφος,
1502 493 1662 532 τεθνάναι
1688 494 1895 545 βουλόμενον
1915 493 1996 546 πρὶν
2019 493 2108 544 μετὰ
2126 493 2270 541 τοσήνδε

1229 553 1297 590 τῶν
1318 552 1516 601 πολεμικῶν
1540 550 1649 603 ἔργων
1664 552 1778 600 δόξαν,
1795 551 1862 591 ὑπὸ
1876 553 1980 604 χεῖρα
1998 552 2067 590 δύω
2081 552 2269 603 μειρακίων

1229 609 1330 647 πέσοι
1350 607 1435 662 ἀνὴρ
1455 609 1522 656 ἤδη
1541 609 1626 662 πρὸς
1639 613 1748 662 γῆρας
1765 610 1888 662 σχεδὸν
1905 610 2105 663 ἀφιγμένος.
2124 611 2272 650 Ἀνακα-

1228 666 1419 717 λεσάμενος
1448 666 1484 705 δὲ
1510 666 1604 717 ὅμως
1637 668 1716 711 τοὺς
1745 667 1950 719 φεύγοντας,
1978 669 2038 707 καὶ
2069 668 2130 712 τὰς
2160 669 2272 714 τάξεις

1231 725 1539 776 ἀνανεωσάμενος,
1565 726 1744 764 ἐπιπίπτει
1764 731 1833 769 τοῖς
1857 725 2042 774 ἐναντίοις,
2072 725 2131 765 καὶ
2151 731 2272 779 κρατεῖ

1230 786 1439 837 περιφανῶς.
1496 786 1577 824 Τῶν
1610 783 1646 822 δὲ
1675 783 1867 833 Πομπηίου
1900 783 2035 822 παίδων
2055 786 2074 822 ὁ
2098 783 2161 836 μὲν
2188 800 2272 838 πρε-

1233 842 1396 894 σὸύτερος
1423 843 1457 880 ἐν
1474 845 1517 894 τῇ
1537 841 1730 894 παρατάξει
1742 841 1997 895 διαφθείρεται,
2014 844 2032 880 ὃ
2053 841 2089 882 δὲ
2111 842 2274 897 νεώτερος

1232 902 1422 952 ἀγαπητῶς
1439 900 1659 945 διασώζεται.

1287 973 1332 999 15.
1357 958 1402 997 Ὁ
1421 957 1534 996 τοίνυν
1554 959 1716 1011 Καῖσαρ,
1735 957 1900 997 ἁπάντων
1921 958 1989 1006 ἤδη
2009 959 2078 996 τῶν
2097 958 2274 1011 ἐμφυλίων

1231 1016 1406 1067 πολεμίων
1418 1017 1430 1068 (
1440 1019 1466 1056 l.
1479 1016 1654 1068 πολέμων)
1668 1016 1985 1069 κατειργασμένων,
1993 1017 2049 1055 ἐπὶ
2057 1015 2119 1063 τὴν
2131 1016 2274 1065 Ῥώμην

1233 1074 1471 1127 ἀνεστρέφετο,
1481 1075 1520 1113 τό
1531 1091 1568 1113 τε
1582 1075 1744 1127 φρόνημα
1757 1081 1833 1119 ταῖς
1844 1074 2022 1127 συνεχέσιν
2034 1076 2276 1128 ἀνδραγαθίαις

1231 1133 1473 1184 ἕξωγκωμένος
1484 1162 1494 1180 ,
1511 1133 1571 1171 καὶ
1585 1133 1681 1186 παρὰ
1695 1133 1734 1171 τὸ
1748 1134 1891 1182 σύνηθες
1909 1137 1953 1186 τῇ
1971 1133 2160 1184 Ῥωμαίων
2175 1136 2274 1173 ἐλευ-ι·

1232 1192 1327 1246 θερίᾳ
1345 1192 1431 1245 πρὸς
1449 1190 1527 1235 τοὺς
1549 1192 1822 1244 ἐντυγχάνοντας
1847 1192 2148 1243 ἀλαζονευόμενος.
2173 1192 2275 1232 Ἐπεὶ

1232 1255 1312 1303 γοῦν
1327 1251 1388 1294 τάς
1407 1266 1444 1288 τε
1460 1249 1563 1300 τιμὰς
1579 1250 1640 1288 καὶ
1658 1250 1697 1288 τὸ
1715 1254 1816 1304 κῦρος
1831 1255 1890 1290 τοῦ
1908 1250 2020 1301 δήμου
2040 1249 2277 1303 παρελόμενος

1234 1307 1335 1352 αὐτὸς
1354 1307 1542 1360 ἐπέτρεπεν
1567 1302 1615 1351 οἷς
1640 1307 1823 1359 ἐδούλετο,
1844 1308 1929 1356 καὶ,
1954 1311 2016 1355 τῆς
2043 1310 2167 1360 βουλῆς
2192 1308 2277 1360 πρὸς

1233 1365 1335 1404 αὐτὸν
1356 1365 1473 1413 ἰούσης
1481 1398 1491 1414 ,
1516 1367 1582 1418 οὐχ
1601 1365 1835 1413 ὑπανίστατο,
1865 1365 1955 1404 ἀλλὰ
1978 1368 2169 1418 βασιλικοῖς
2188 1366 2276 1414 εἴτε,

1237 1424 1466 1476 ἀληθέστερον
1487 1427 1609 1472 εἰπεῖν,
1626 1426 1839 1477 τυραννικοῖς
1863 1424 1995 1477 χαίρων
2016 1425 2117 1472 δῆλος
2141 1419 2182 1471 ἦν
2206 1427 2278 1464 ἐπι-

1234 1483 1452 1534 τηδεύμασιν
1475 1484 1487 1534 (
1507 1483 1639 1527 εἰκόνας
1667 1499 1704 1521 τε
1721 1483 1788 1536 γὰρ
1813 1483 1874 1521 καὶ
1892 1483 2096 1535 ἀνδριάντας
2114 1484 2173 1520 καὶ
2201 1485 2278 1522 ἀνι-

1235 1541 1396 1592 δρύματά
1416 1557 1504 1585 τινες
1518 1543 1611 1594 αὐτῷ
1628 1544 1695 1580 τῶν
1711 1541 1869 1580 κολάκων
1882 1541 2109 1594 προσέφερον,
2131 1542 2228 1581 ἄλλοι
2239 1558 2276 1580 τε

1235 1601 1295 1638 καὶ
1318 1600 1464 1652 βασιλέα
1486 1598 1789 1651 προσηγόρευον),
1807 1599 1897 1638 οὕτω
1917 1599 2028 1638 τοίνυν
2053 1599 2191 1638 πάντων
2208 1603 2276 1639 τῶν

1235 1659 1269 1695 ἐν
1285 1657 1406 1709 μνήμη
1425 1657 1613 1706 Ῥωμαίων
1627 1657 1791 1709 κρείττων
1811 1657 1946 1711 φανεὶς,
1968 1657 2023 1695 διὰ
2039 1657 2100 1704 τὴν
2117 1659 2203 1710 ὑπὲρ
2223 1658 2279 1696 ἄν·

1235 1720 1370 1767 θρωπον
1387 1715 1531 1766 δύναμιν
1546 1716 1619 1759 θεὸς
1631 1716 1832 1766 ὠνομάσθη.
1851 1716 1931 1756 Εἰσὶ
1942 1715 1976 1754 δὲ
1996 1715 2065 1754 ἀπὸ
2079 1718 2148 1754 τῶν
2160 1719 2277 1769 Τρωϊ-

1235 1777 1304 1813 κῶν
1322 1775 1379 1813 ἐπὶ
1401 1774 1546 1814 Ἰούλιον
1570 1774 1733 1828 Καίσαρα
1751 1775 1901 1814 ἐνιαυτοὶ
1926 1775 2032 1827 χίλιοι
2055 1775 2141 1828 ρκδ”.

1291 1846 1334 1871 16.
1356 1833 1459 1872 Ἐπεὶ
1490 1832 1526 1871 δὲ
1547 1836 1688 1885 Καῖσαρ
1720 1833 1900 1886 ὑπερόγκῳ
1938 1833 2132 1886 φρονήματι
2164 1835 2198 1877 ἐς
2216 1832 2279 1880 τὴν

1239 1890 1431 1941 σύγκλητον
1451 1891 1641 1943 διεγένετο,
1666 1891 1869 1943 βουλεύουσι
1894 1891 1970 1929 κατ’
1992 1893 2096 1928 αὐτοῦ
2117 1890 2276 1938 θάνατον,

1240 1951 1352 2003 φθόνῳ
1381 1966 1417 1988 τε
1445 1954 1506 1988 τοῦ
1531 1950 1764 2002 προσήκοντος
1785 1949 1845 1988 καὶ
1866 1949 1960 2000 μίσει
1981 1953 2041 1988 τοῦ
2067 1964 2280 2001 προτετιμη-

1240 2009 1362 2059 μένου,
1381 2009 1501 2061 ἄνδρες
1528 2009 1612 2061 ὑπὲρ
1633 2008 1660 2054 ξ’
1682 2011 1749 2046 τῶν
1767 2023 1805 2047 τε
1828 2008 1896 2046 ἀτὶὸ
1920 2011 1981 2054 τ’ἧς
2002 2007 2196 2059 συγκλήτου
2220 2007 2281 2046 καὶ

1240 2070 1306 2105 τῶν
1331 2069 1363 2111 ἐς
1388 2067 1465 2111 τοὺς
1494 2067 1622 2111 ἱππέας
1652 2066 1858 2114 τελούντων,
1886 2066 1978 2118 ὅρκῳ
2002 2065 2064 2112 τὴν
2083 2066 2160 2104 κατ’
2177 2067 2281 2105 αὐτοῦ

1240 2127 1406 2165 σύστασιν
1420 2126 1710 2178 βεὸαιωσάμενοι.
1735 2125 1882 2176 Ἐνῆγον
1895 2124 1931 2162 δὲ
1948 2124 2015 2175 ἄρα
2030 2124 2185 2174 μάλιστα
2198 2124 2283 2163 πάν,

1239 2201 1307 2223 των
1326 2183 1403 2229 τοὺς
1420 2185 1620 2235 συνωμότας
1642 2187 1674 2229 ἐς
1690 2183 1752 2231 τὴν
1773 2182 1989 2235 ἐπιχείρησιν
2017 2185 2163 2234 Βροῦτοι
2187 2182 2280 2232 δύω,

1239 2244 1355 2294 γένους
1381 2243 1473 2287 ὄντες
1505 2243 1670 2282 ἀνέκαθεν
1703 2242 1985 2294 αὖστηροτάτου·
2007 2242 2039 2285 ἐς
2069 2239 2136 2292 γὰρ
2164 2240 2206 2286 δὴ
2223 2241 2282 2279 τὸν

1241 2302 1391 2340 παλαιὸν
1403 2305 1555 2355 Βροῦτον
1569 2306 1629 2340 τοῦ
1645 2301 1790 2352 αἵματος
1808 2299 1969 2352 ἀνέφερον
1983 2298 2045 2346 τὴν
2058 2298 2185 2350 ἀρχὴν,
2198 2298 2280 2352 [ὃς]

1239 2360 1318 2404 τοὺς
1331 2361 1514 2412 τυράννους
1533 2363 1567 2399 ἐν
1581 2364 1650 2403 τοῖς
1665 2359 1830 2398 ἀνωτάτω
1846 2359 1981 2411 χρόνοις
1996 2357 2171 2405 ἐκὸαλὼν,
2186 2360 2283 2410 πρῶ,

1241 2435 1297 2463 τος
1311 2419 1500 2472 ἀπεδείχθη
1517 2419 1615 2471 παρὰ
1635 2418 1824 2468 εΡιιυμοιίοις
1841 2416 1982 2459 ὕπατος.

1294 2492 1340 2517 17.
1362 2479 1488 2518 Καίτοι
1504 2477 1589 2532 φασί
1606 2493 1693 2521 τινες
1717 2478 1905 2526 δημοτικοῦ
1922 2478 2126 2526 γεγενῆσθαι
2153 2473 2284 2526 πατρὸς

131 2584 244 2616 fictum
269 2585 317 2616 est
335 2593 424 2616 more
449 2587 627 2624 poetarum.
645 2587 714 2616 Non
731 2593 807 2624 sua,
825 2585 878 2617 sed
893 2585 1027 2617 aliorum
1045 2594 1142 2617 manu
1167 2585 1347 2617 Pharnaces
1362 2585 1464 2625 periit.
1494 2585 1576 2616 Vide
1601 2585 1688 2616 locos
1712 2583 1868 2616 laudatos.
1889 2582 1962 2623 -ἓ
1988 2586 2035 2613 12.
2062 2583 2194 2621 Eutrop.
2220 2582 2282 2619 vl,

137 2634 173 2662 18
191 2643 199 2662 :
219 2630 302 2662 Inde
319 2633 461 2661 Romam
486 2639 679 2670 reyressus,
703 2632 806 2662 tertio
827 2639 862 2663 se
879 2633 1050 2663 consulem
1060 2632 1150 2672 feeit
1163 2641 1241 2663 cum
1257 2634 1302 2664 M.
1321 2633 1461 2664 AEmilz'o
1483 2631 1626 2671 Lepido,
1645 2631 1704 2671 qui
1721 2632 1751 2661 ei
1765 2629 1932 2662 dictatori
1946 2629 2111 2668 maqister
2123 2629 2283 2669 equitum

134 2679 216 2708 ante
232 2685 367 2708 annum
377 2676 516 2716 suerat.
539 2677 621 2708 Inde
638 2678 675 2709 in
692 2676 848 2716 Africam
869 2678 1044 2718 profectus
1060 2680 1127 2716 ese,
1145 2678 1204 2710 ubi
1223 2679 1362 2715 infinita
1380 2679 1542 2711 nobilitas
1566 2686 1644 2710 cum
1663 2677 1774 2715 Iuba,
1795 2677 2022 2708 Mauritaniae
2043 2683 2137 2714 φερε,
2156 2674 2284 2706 bellum

132 2725 376 2763 reparaverat.
399 2740 439 2747 —-
457 2723 667 2764 συνελθὸν]
685 2725 837 2756 συνελθὼν
851 2724 923 2757 eod.
942 2742 981 2748 —
995 2724 1228 2766 ἀνενεοῦτο]
1247 2726 1323 2757 ἐνεν.
1345 2726 1416 2757 cod.
1436 2724 1508 2765 -ξ
1535 2728 1580 2756 13.
1602 2725 1693 2756 Eutr.
1721 2733 1729 2755 ε
1754 2726 1862 2755 Duces
1884 2724 2002 2754 autem
2027 2722 2168 2753 Romani
2182 2721 2284 2751 erant

133 2771 176 2800 P.
196 2769 370 2801 Cornelius
386 2771 512 2810 Scipio,
529 2778 573 2801 ex
589 2778 709 2809 yencre
723 2772 966 2811 antiquissimo
982 2773 1152 2811 Scipionis
1168 2773 1326 2811 Africani
1345 2772 1355 2811 (
1370 2771 1426 2803 liic
1439 2773 1546 2802 etiam
1561 2779 1654 2802 socer
1674 2771 1826 2809 Pompeii
1841 2770 1957 2809 Maqnt
1966 2769 2095 2808 fuerat
2109 2768 2120 2808 )
2132 2791 2140 2805 ,
2158 2769 2202 2799 M.
2221 2769 2282 2799 Pe-

135 2818 262 2854 treius,
289 2819 327 2853 Q.
356 2818 484 2854 Varus,
508 2819 553 2849 M.
572 2819 716 2849 Porcius
738 2819 836 2856 Cato,
854 2820 888 2850 L.
910 2819 1090 2850 Cornelius
1109 2820 1276 2857 Faustus,
1290 2818 1392 2859 Syllae
1409 2817 1590 2849 dictatoris
1596 2817 1710 2856 filius.
1734 2817 1914 2847 Commisso
1930 2815 2050 2854 proelio
2061 2816 2137 2854 post
2151 2813 2284 2845 multas

134 2861 370 2894 dimicationes
387 2863 583 2902 victorsuit
603 2865 729 2899 Caesar.
749 2865 849 2903 Cato,
868 2866 978 2905 Scipio
990 2889 997 2903 ,
1015 2866 1312 2904 Petreiusduba,
1328 2867 1392 2905 ipsi
1408 2873 1443 2896 se
1455 2864 1652 2896 occiderunt
1662 2874 1675 2902 ,·
1690 2863 1856 2900 Faustus,
1875 2861 1976 2900 Syllae
1990 2861 2163 2902 quondam
2179 2859 2285 2891 dicta-

135 2910 219 2940 toris
229 2908 350 2948 filius,
368 2911 521 2949 Pompeii
536 2918 650 2949 qencr,
668 2919 691 2942 a
712 2913 842 2943 Coesare
858 2911 1062 2952 interjectus
1079 2913 1140 2943 est.
1156 2911 1228 2952 -ς
1250 2914 1297 2943 14.
1326 2914 1457 2951 Eun-op.
1481 2920 1509 2942 c.
1533 2914 1568 2942 19
1588 2923 1595 2941 .-
1618 2911 1695 2941 Post
1717 2917 1850 2940 annum
1868 2910 1983 2940 Caesar
1996 2911 2136 2939 ,Romam
2157 2913 2284 2946 reyres-

92 2955 97 2958 “
133 2963 209 2992 sus,
226 2958 353 2996 quarto
371 2965 406 2988 se
422 2957 593 2988 consulem
607 2958 715 2997 fecit,
739 2960 772 2990 et
787 2959 909 2990 statim
925 2958 973 2990 ad
990 2959 1173 2999 Hispanias
1195 2959 1247 2990 est
1263 2957 1455 2997 profectus,
1470 2958 1528 2989 ubi
1549 2955 1802 2996 Pompeiifitii‚
1823 2956 1944 2986 Cnoeus
1961 2956 1994 2986 et
2007 2955 2147 2991 Sextus,
2163 2954 2284 2992 inqens

135 3001 261 3033 bellum
278 3005 541 3042 reparaverant.
571 3004 685 3035 Multa
700 3004 825 3043 proelia
837 3004 991 3044 fuerunt
998 3015 1011 3043 ,·
1026 3005 1192 3036 ultimum
1216 3004 1312 3045 apud
1330 3004 1503 3036 Mundam
1521 3005 1698 3035 civitatem
1714 3012 1722 3033 :
1741 3004 1777 3033 in
1794 3010 1861 3042 quo
1885 3001 1971 3032 adeo
1989 3002 2105 3032 Caesar
2120 3007 2215 3040 paene
2231 3001 2282 3030 vi-

134 3051 220 3088 ctus,
236 3051 289 3088 ut,
297 3049 520 3089 sumentibus
531 3052 617 3088 δαῖε,
631 3059 665 3081 se
681 3050 831 3082 voluerit
847 3050 1016 3090 occidere,
1033 3058 1074 3082 ne
1087 3052 1165 3090 post
1183 3052 1321 3082 tantam
1335 3053 1385 3082 rei
1398 3051 1563 3082 militaris
1577 3049 1723 3089 qtorz'am
1737 3049 1772 3078 in
1788 3049 1991 3086 potestatem
2005 3046 2283 3084 adolescentium,

135 3097 241 3127 natus
254 3105 363 3128 annos
380 3105 440 3128 sex
462 3098 494 3128 et
510 3099 787 3137 quinquaqinta,
808 3099 950 3128 veniret.
973 3099 1125 3138 Denique
1138 3099 1315 3138 reparatis
1330 3100 1402 3129 suis
1418 3099 1516 3132 οἱς-ἑκ
1531 3099 1563 3128 et
1581 3097 1731 3135 Pompeii
1745 3094 1845 3134 filius
1863 3095 1974 3134 maJ'or
1987 3095 2118 3125 occisus
2135 3094 2201 3129 est.
2220 3094 2284 3124 mi-

135 3151 200 3174 nor
213 3142 323 3183 fuqit.
342 3143 416 3184 -ξ
441 3148 548 3175 15-18.
568 3146 703 3183 Eutrop.
722 3144 852 3175 brevius
869 3156 875 3175 z
904 3143 987 3175 Inde
1011 3145 1139 3182 Caesar‚
1157 3143 1255 3175 bellis
1279 3144 1436 3176 civilibus
1457 3145 1525 3174 toto
1540 3142 1618 3174 orbe
1635 3142 1845 3181 compositis,
1867 3141 2009 3171 Romam
2033 3138 2157 3178 rediit,
2182 3146 2284 3178 aqcre

136 3190 343 3222 insolentius
363 3191 463 3230 coepit
475 3212 484 3228 ‚
511 3191 544 3220 et
561 3192 681 3221 contra
697 3190 977 3222 consuetudinem
997 3193 1154 3223 Romame
1168 3191 1350 3223 libertatis.
1373 3193 1485 3227 Quum
1503 3197 1580 3228 erqo
1597 3189 1629 3220 et
1651 3187 1791 3219 honores
1805 3194 1848 3217 ex
1865 3194 1930 3217 sua
1948 3185 2124 3217 voluntate
2142 3186 2285 3224 praesta-

135 3237 210 3275 ret,
227 3237 287 3276 qui
301 3245 323 3268 a
335 3236 461 3276 populo
475 3238 556 3267 ante
571 3236 830 3273 deserebantur,
846 3245 906 3268 nec
919 3240 1058 3270 senatui
1075 3238 1121 3269 ad
1133 3246 1168 3270 se
1188 3239 1333 3269 venienti
1349 3236 1552 3274 adsurqerct
1565 3258 1573 3272 ,
1591 3234 1731 3274 aliaque
1745 3234 1840 3272 rcqia
1853 3240 1893 3263 ac
1909 3240 2007 3272 paene
2021 3234 2209 3272 tyrannum
2217 3230 2284 3270 sa-

136 3284 227 3313 ceret
241 3291 251 3312 :
265 3282 486 3322 conjuratum
506 3284 556 3313 est
573 3284 608 3312 in
623 3291 699 3313 cum
715 3291 737 3313 a
755 3285 815 3314 LX
828 3284 880 3315 vel
894 3283 1047 3323 amplius
1065 3284 1282 3317 senatoribus
1295 3284 1532 3325 equitibusque
1557 3282 1731 3313 Romanis.
1753 3279 2088 3319 Proecz'puifuerunt
2102 3280 2194 3310 inter
2206 3285 2283 3309 con-

130 3329 275 3368 juratos
294 3329 361 3361 duo
373 3331 498 3367 Bruti,
515 3337 558 3360 ex
572 3337 608 3360 co
625 3337 745 3368 qencre
762 3331 883 3369 Bruti,
902 3333 962 3371 qui
974 3333 1108 3371 primus
1123 3334 1234 3363 Romae
1246 3331 1366 3363 consul
1373 3331 1518 3371 suerat,
1534 3331 1567 3360 et
1583 3336 1677 3368 reyes
1693 3326 1894 3367 expulerat,
1914 3328 1946 3359 C.
1967 3327 2104 3358 Cassius
2123 3327 2156 3356 et
2173 3325 2284 3356 serm·-

139 3376 206 3408 lius
224 3377 340 3408 Casca.
359 3378 451 3415 Eryo
469 3379 592 3414 Caesar,
609 3385 716 3417 quum
732 3379 874 3409 senatus
890 3378 943 3409 die
957 3379 1113 3418 quadam
1127 3380 1218 3410 inter
1230 3380 1356 3410 ceteros
1371 3378 1512 3409 venisset
1526 3374 1574 3406 ad
1584 3376 1738 3409 curiam,
1759 3374 1883 3404 XXIII
1894 3373 2095 3404 vulneribus
2109 3370 2284 3409 confossus
2307 3396 2320 3410 ,

137 3425 197 3455 est.
214 3423 285 3464 —-§
307 3427 352 3455 17.
368 3423 653 3464 Ποσειδώνιος]
670 3423 785 3456 Eadem
799 3434 816 3456 e
835 3425 998 3456 Posidonio
1012 3426 1023 3465 (
1035 3425 1072 3459 fr.
1089 3428 1140 3465 47,
1156 3427 1234 3457 tom.
1250 3428 1314 3464 111,
1328 3434 1357 3465 p.
1376 3425 1457 3464 272)
1476 3425 1583 3455 narrat
1597 3420 1785 3454 Plutarchus
1800 3420 1831 3450 in
1846 3420 1935 3451 Bruti
1949 3428 1975 3452 c.
2000 3424 2026 3452 1.
