2372 3704
170 232 244 265 052

167 324 205 352 et
238 328 368 364 reapse
396 315 448 350 sic
483 313 604 351 codex
635 314 768 360 habet,
796 315 902 363 quod
929 324 1062 352 notare
1094 316 1214 353 omisi.

167 380 273 415 Fort.
294 378 368 424 leg.
391 374 538 419 ἀπειλῆς
557 372 660 423 conj.
677 373 834 420 Feder.,
853 374 901 410 de
921 387 998 422 quo
1019 376 1097 423 ipse
1114 388 1216 422 quo-

166 450 241 485 que
261 436 529 484 cogitaveram.
550 435 650 470 Num
670 432 757 470 fort.
783 432 1002 484 ἀμειλιχίας,
1029 447 1077 470 an
1103 430 1218 470 τοιαύ-

164 510 227 541 της
245 493 405 545 ὁμιλίαςΡ

219 557 308 604 Pag.
322 553 508 598 xxvxl1‚l.
528 564 564 598 7.
583 548 669 602 πρὸς
681 547 760 593 τοὺς
775 549 855 602 περὶ
875 548 1087 600 Ἀγαθοκλέα
1102 550 1116 602 ]
1131 549 1218 602 πρὸς

165 612 224 651 τὸν
258 612 380 662 Ἀγαθ.
413 610 600 656 Federus,
622 610 751 645 nescio
786 622 863 657 quo
892 610 1013 658 lapsu.
1043 632 1097 638 -—
1123 612 1148 648 l,
1176 611 1213 647 8,

166 670 333 723 ὑδρείας]
361 672 388 707 l.
411 667 541 721 ὑδρίας.
569 690 624 696 -
642 669 670 706 l.
705 668 767 706 15.
799 667 976 719 Ἀρσινόης
1005 667 1128 720 φόνῳ]
1160 670 1214 708 Cf.

165 734 276 769 Joan.
297 729 476 767 Antioch.
499 728 546 764 fr.
571 727 636 772 54,
654 741 695 776 p.
715 726 806 764 558.
825 749 877 755 —-
897 729 924 765 l.
945 741 1008 766 21.
1026 725 1088 773 τὴν
1108 727 1215 766 πατέ-

168 789 236 843 ρα]
252 791 278 828 l.
294 787 350 825 τὸν
367 802 408 824 π.
426 809 479 814 -
491 787 518 822 l.
541 799 601 834 29-
614 783 822 836 προέκειτο]
841 783 1044 837 προσέκειτο
1065 787 1214 833 Feder.,

166 849 275 898 quod
288 849 359 884 nisi
377 847 547 896 sphalma
559 852 625 890 est,
645 846 743 881 male
756 845 883 883 habet.
899 846 987 881 -1.
1009 845 1073 883 30.
1091 847 1217 882 Verba

164 906 201 952 ἐξ
221 905 402 952 ἀπιστίας,
423 905 525 941 unde
543 905 655 940 elicui
674 903 781 951 quod
793 905 964 951 sequitur
983 901 1216 952 ἐξαπέστειλε,

163 967 433 1017 parentheseos
451 963 582 1012 signis,
608 968 651 997 ut
677 974 697 998 a
726 962 883 997 librario
916 961 1059 1012 efficta,
1089 964 1216 999 inclu-

165 1026 291 1063 denda
315 1030 435 1062 erant.
451 1044 503 1050 —-
518 1023 584 1060 lin.
601 1022 671 1059 ult.
692 1019 823 1070 μηδὲν]
841 1019 973 1069 μηδένα
990 1034 1063 1058 scr.
1079 1022 1214 1060 Feder.

217 1087 304 1133 Pag.
325 1095 434 1128 xxm,
453 1083 520 1117 lin.
548 1081 694 1129 penult.
713 1077 806 1125 ἥξειν
828 1076 935 1129 (ἕξειν
948 1080 1037 1116 cod.
1054 1079 1086 1131 )]
1108 1078 1216 1124 ἕλξειν

162 1143 346 1190 Federus,
362 1141 469 1190 quod
486 1139 663 1189 praefero,

217 1204 310 1251 Pag.
328 1213 430 1245 xxx,
462 1201 489 1237 l.
518 1212 532 1234 1
545 1227 552 1234 .
575 1195 625 1234 ἔτι
655 1196 788 1246 μᾶλλον
806 1200 818 1243 ]
843 1195 893 1234 ἔτι
912 1195 1038 1246 μέλλον
1059 1199 1119 1235 vel
1135 1198 1216 1235 ἐπι-

164 1260 296 1298 ὅάλλον
327 1259 425 1306 conj.
455 1259 498 1296 F.
522 1283 575 1289 --
606 1257 673 1292 lin.
707 1270 721 1292 1
734 1269 768 1292 1.
806 1255 1090 1307 ἕκκηλούμενος]
1123 1258 1212 1294 fort.

161 1322 274 1357 fuisse
298 1316 551 1365 ἐκκαλούμενος
576 1316 757 1364 opinatur
780 1317 825 1354 F.
857 1337 911 1345 -
936 1317 995 1352 Ib.
1030 1323 1112 1353 not.
1151 1330 1212 1363 17.

162 1380 261 1416 adde
281 1390 290 1417 ε
308 1376 376 1414 ὑπὸ
393 1374 532 1417 τούτους
551 1374 654 1421 conj.
674 1374 810 1413 Feder.
831 1396 885 1402 -
911 1376 937 1411 l.
959 1376 1029 1414 ult.
1055 1389 1129 1426 pro
1152 1390 1216 1413 κα-

161 1436 370 1487 θεστάμενος
386 1437 410 1474 l.
432 1433 703 1482 καθεσταμένος.

214 1499 306 1546 Pag.
325 1508 437 1541 xxx1,
459 1495 486 1530 l.
514 1507 573 1530 11.
595 1489 804 1545 ῥαστώνην]
826 1493 852 1531 l.
872 1490 1000 1544 ῥᾴστην
1025 1507 1111 1530 cum
1131 1496 1215 1531 Pic-

162 1558 277 1594 coloo
299 1563 337 1592 et
350 1554 510 1592 Federo.
532 1573 586 1579 ———-
607 1552 634 1587 l.
659 1555 724 1594 24.
746 1549 835 1599 μετὰ
856 1551 1012 1603 τροφῆς]
1033 1551 1163 1601 μεστὰς
1178 1568 1211 1591 τ,

161 1615 266 1662 conj.
288 1613 424 1652 Feder.
446 1634 502 1639 —
531 1612 557 1648 l.
581 1623 646 1658 27.
669 1608 765 1647 οὐδὲν
797 1610 949 1660 ἀγαθοῦ]
970 1612 1042 1660 leg.
1065 1613 1216 1648 videtur

161 1672 259 1711 οὐδὲν
280 1671 421 1723 ἀγαθὸν,
439 1678 484 1707 ut
497 1670 632 1708 Feder.
648 1676 685 1706 et
700 1671 818 1715 Pice„
837 1670 895 1706 vel
913 1669 1047 1712 οὐδενὸς
1068 1671 1211 1720 ἀγαθοῦ.

160 1755 214 1761 —
229 1734 258 1772 l.
278 1732 403 1768 ultim.
425 1728 515 1780 ἔργῳ
531 1727 545 1778 ]
561 1729 586 1766 l.
605 1726 708 1779 ἔργα,
728 1735 772 1763 ut
793 1729 947 1764 Piccolo
964 1737 1001 1765 et
1017 1730 1152 1767 Feder.

214 1794 307 1840 Pag.
338 1801 477 1837 xxxu,
499 1789 526 1823 l.
565 1800 623 1824 12.
657 1785 803 1838 ὀλίγος]
833 1786 948 1837 ὀλίγου
972 1788 1073 1835 conj.
1096 1791 1139 1826 F.
1161 1811 1216 1818 ——

160 1853 188 1887 l.
217 1850 276 1887 15.
295 1847 436 1886 πάντων
457 1845 613 1896 μάλιστα
629 1849 640 1891 ]
658 1844 786 1887 παντὸς
805 1861 844 1892 μ.
865 1847 999 1884 Feder.
1029 1872 1066 1876 —-
1085 1849 1112 1883 l.
1148 1849 1211 1886 36.

163 1913 235 1959 leg,
259 1905 434 1952 Μισηνὸν,
464 1926 519 1932 --
538 1905 566 1940 l.
592 1904 654 1940 38.
677 1902 879 1950 κατέπλησε
898 1904 973 1947 ταῖς
992 1919 1047 1956 τρ.
1068 1906 1083 1956 ]
1107 1908 1214 1944 verbi

161 1969 290 2005 dativo
311 1966 437 2013 juncti
457 1963 628 2012 exempla
649 1976 686 2001 v.
719 1964 760 1998 in
779 1963 907 2011 steph.
928 1964 1039 2002 Thes.
1070 1978 1109 2004 v.
1145 1964 1213 2003 πί-

162 2028 291 2076 πλημι.
313 2025 426 2073 Quod
443 2030 606 2073 propter
623 2023 810 2059 Federum
825 2035 979 2058 moneo.

213 2085 309 2134 Pag.
331 2096 482 2131 xxmn,
499 2083 525 2120 l.
542 2095 580 2131 9.
602 2079 793 2127 ποιήσηται
813 2079 870 2117 διὰ
883 2080 946 2126 τὴν
963 2081 1003 2118 ἐκ
1019 2081 1032 2132 ]
1050 2083 1215 2121 Federus

163 2145 263 2192 conj.
292 2142 425 2194 ποιήσῃ
448 2140 510 2187 τὴν
539 2139 719 2177 διάστασιν
750 2140 788 2176 ἐκ
811 2142 873 2184 τῆς
901 2140 989 2188 mk„
1015 2143 1214 2181 Piccolous

159 2203 264 2250 conj.
286 2200 479 2247 ποιήσηται
499 2198 683 2246 δικαστήν.
716 2200 810 2235 Mihi
839 2201 953 2236 etiam
972 2214 1074 2237 nunc
1097 2204 1214 2240 verba

161 2261 265 2299 αὑτὸν
285 2259 479 2307 ποιήσηται
505 2266 541 2295 et
564 2257 668 2295 αὐτὸν
696 2256 887 2303 ποιήσηται
908 2260 947 2294 in
968 2260 1100 2295 eadem
1116 2262 1214 2299 linea

160 2333 394 2370 magnopere
414 2319 636 2367 displicent,
656 2325 692 2353 et
714 2318 872 2353 librario
893 2319 1116 2367 imputanda
1136 2333 1214 2358 esse

160 2381 354 2417 videntur.
374 2378 599 2426 Scripserim
621 2390 629 2412 :
648 2373 670 2421 ἢ
688 2374 745 2412 τὸν
761 2375 869 2423 δῆμον
891 2374 1027 2425 ἕρεθίσῃ
1049 2368 1133 2427 πρὸς
1150 2379 1212 2416 αὐ-

161 2438 234 2484 τὸν,
261 2437 318 2474 διὰ
349 2435 411 2482 τὴν
442 2437 481 2474 ἐκ
510 2437 571 2481 τῆς
595 2434 766 2484 ἑταιρείας
786 2433 950 2479 ἐπιὸολὴν
975 2435 985 2485 (
1010 2438 1062 2472 sic
1085 2439 1213 2474 malim

161 2510 235 2547 pro
260 2493 449 2541 ἐπιὸουλήν
468 2497 480 2545 )
497 2492 575 2531 τινὰ
600 2494 610 2544 (
626 2501 747 2531 neutr.
766 2495 869 2543 plur.
888 2494 898 2543 )
917 2492 994 2530 κατ’
1015 2494 1122 2532 αὐτοῦ
1142 2511 1214 2546 μη-

161 2554 421 2607 χανησάμενος.

217 2615 308 2662 Pag.
329 2624 468 2662 xxxlv,
491 2611 519 2647 l.
548 2623 580 2648 1.
598 2608 741 2660 ἔχοντι]
759 2607 884 2660 ἔχοντα
899 2611 1030 2648 maluit
1046 2613 1139 2649 Fed.
1159 2635 1206 2642 —-

162 2673 189 2708 l.
206 2672 239 2709 3.
257 2672 306 2722 τῷ
326 2670 394 2721 τε]
413 2672 486 2719 leg.
506 2669 556 2720 τῷ
571 2667 606 2704 δὲ
627 2681 711 2704 cum
730 2669 830 2704 Picc.
852 2677 891 2705 et
909 2669 1001 2705 Fed.
1018 2691 1069 2697 —-
1086 2672 1151 2707 lin.
1173 2672 1209 2709 8.

163 2729 358 2780 λεγομένων
381 2743 416 2766 τε
437 2728 496 2766 καὶ
511 2727 525 2777 ]
543 2729 622 2763 haec
638 2728 755 2763 verba
774 2740 836 2776 ap.
854 2728 1043 2764 Federum
1057 2731 1212 2767 excide-

161 2798 264 2827 runt.
286 2790 381 2826 -1.
406 2794 470 2833 24.
491 2787 575 2824 ὅπου
591 2786 606 2837 ]
624 2787 641 2822 ὁ
657 2788 723 2822 ποῦ
741 2785 830 2824 Fed.

215 2847 309 2896 Pag.
331 2859 453 2893 xxxv,
472 2847 496 2883 l.
519 2845 554 2883 3.
576 2843 861 2894 ὑποκαθιεῖσθαι]
884 2844 1124 2890 ὑποκαθῆσθαι
1139 2846 1208 2896 leg.

163 2915 291 2944 censet
311 2908 352 2945 F.
383 2927 434 2933 —
462 2906 489 2940 l.
522 2918 560 2953 9.
584 2906 654 2953 leg.
679 2903 827 2955 ἀθρόων,
847 2910 889 2939 ut
906 2904 999 2940 Fed.
1023 2905 1120 2943 ——l.
1150 2920 1208 2943 10.

162 2961 353 3018 ἀπεκόπη]
384 2962 536 3009 ἀνεκόπη
556 2965 599 3000 F.
623 2985 678 2990 --
701 2964 769 2998 lin.
805 2963 866 2999 13.
901 2963 968 2998 τῶν
990 2960 1210 3015 Ῥωμαίων]

161 3026 189 3061 l.
212 3022 273 3069 τὴν
289 3021 347 3061 Ῥ.
364 3044 419 3050 -—
439 3024 466 3057 1.
491 3022 552 3063 34.
577 3023 637 3058 τοῦ
663 3019 809 3071 θορύὸου
827 3021 841 3071 ]
858 3023 992 3071 supple
1010 3034 1131 3060 accus.
1149 3021 1212 3069 τὴν

162 3082 263 3120 πόλιν
279 3081 342 3118 vel
360 3079 418 3117 τὸν
435 3080 544 3129 δῆμον
557 3107 567 3125 ,
587 3087 653 3115 aut
670 3080 752 3128 lege
771 3078 830 3124 τὸν
848 3078 1006 3132 θόρυὸον.

196 3142 308 3189 ,Pag.
328 3151 465 3185 xxxvx,
484 3139 510 3176 l.
544 3151 602 3183 17.
623 3136 887 3189 ἀποτραπέσθαι
918 3136 1026 3187 μηδὲν
1046 3137 1061 3189 ]
1093 3139 1131 3178 ἀ.
1153 3138 1213 3177 καὶ

164 3197 272 3250 μηδὲν
289 3198 382 3235 Fed.
397 3197 482 3233 —l.
500 3209 562 3242 27.
580 3194 738 3232 ἰσόπεδον
767 3194 868 3244 μένον
884 3196 896 3246 ]
914 3200 988 3233 Aut
1007 3198 1079 3234 fuit
1099 3198 1214 3235 ἰσόπε-

163 3259 221 3296 δον
237 3255 376 3303 Μήλιον
394 3255 405 3305 (
425 3253 542 3304 μέλιον
559 3256 598 3290 in
615 3255 701 3290 cod.
718 3255 847 3303 aliquo
867 3255 981 3291 fucrit
998 3252 1008 3305 )
1029 3257 1085 3291 uti
1099 3256 1215 3293 Fede-

163 3331 228 3355 rus
243 3324 381 3366 censet,
399 3323 465 3352 aut
478 3315 590 3351 verba
609 3314 655 3356 ὡς
669 3311 755 3350 ἂν...
774 3312 875 3362 μένον
893 3326 938 3350 ex
953 3315 1079 3363 inepta
1093 3316 1213 3363 glossa

163 3378 204 3412 in
226 3383 371 3412 textum
398 3375 647 3423 irrepserunt.
679 3373 826 3408 Deinde
851 3373 891 3407 in
911 3373 1036 3408 verbis
1059 3385 1142 3420 quae
1168 3386 1212 3410 ex

163 3436 321 3484 Dionys.
336 3435 427 3473 Exc.
452 3435 535 3471 Vat.
552 3431 744 3481 supplevi,
774 3431 982 3480 scripserim
1006 3442 1014 3469 ε
1036 3429 1138 3475 τόπος
1155 3426 1211 3469 οὖν

913 223 1159 266 ADDENDA
1188 225 1252 264 ET
1281 222 1613 264 CORRIGENDA

1280 306 1417 364 [Α’ἷκον
1434 313 1448 363 ]
1468 312 1605 359 Μήλιον
1629 313 1707 353 κτλ.
1727 335 1775 342 -
1798 315 1865 351 liu.
1889 329 1908 362 7
1929 317 1975 352 ab
1993 317 2067 354 ima
2085 315 2179 368 ἄγειν
2198 317 2212 368 ]
2233 317 2325 356 ἀπά-

1277 386 1350 423 γειν
1367 373 1452 420 conj
1460 401 1470 411 .
1494 373 1626 410 Feder.

1332 432 1423 480 Pag.
1446 444 1604 479 xxxvu,
1633 431 1660 470 l.
1683 445 1716 468 1.
1742 433 1822 482 lege
1841 431 2021 483 γενόμενος
2044 447 2129 470 cum
2147 436 2328 474 Piccoloo

1279 497 1316 526 et
1335 491 1494 528 Federo.
1506 512 1561 518 —-
1573 491 1600 526 l.
1618 491 1656 528 6.
1676 494 1752 532 ταῖς
1765 489 1916 542 οἰκίαις]
1938 493 1971 529 ἐν
1987 507 2021 530 τ.
2042 493 2107 533 οἷκ.
2127 495 2227 542 conj.
2244 497 2330 533 Pic-

1280 550 1381 588 colo.
1412 571 1466 577 —
1483 550 1549 588 lin.
1575 562 1612 599 9.
1636 550 1779 586 excidit
1804 555 1876 594 τοῖς
1905 559 1989 588 ante
2025 552 2255 601 Καμπανίαν.
2277 575 2331 584 -

1279 608 1305 643 l.
1333 609 1394 647 13.
1425 606 1624 657 ἐλάμὸανον
1644 607 1658 657 ]
1689 608 1823 645 eadem
1846 623 1923 646 vox
1947 623 2064 659 quum
2088 613 2218 660 paullo
2241 621 2331 661 post

1278 666 1431 715 redeat,
1450 667 1651 702 Piccolous
1669 668 1792 715 priori
1805 668 1891 704 loco
1914 668 2002 704 fort.
2025 670 2100 718 leg.
2117 672 2330 719 suspicatur

1280 723 1467 771 ἀπέλαυον,
1479 733 1543 761 aut
1556 726 1674 762 altero
1694 726 1781 762 loco
1797 725 1918 777 μικρὸν
1935 725 2135 765 ἐὸάλλοντο.
2149 751 2205 758 —-
2223 731 2250 768 l.
2265 743 2328 770 21.

1279 783 1309 820 οἱ
1331 781 1368 820 δὲ
1400 783 1582 834 ἀσθενεῖς]
1605 784 1692 820 fort.
1724 785 1835 821 fuisse
1861 785 1898 837 οἱν
1922 783 1958 822 δὲ
1990 786 2147 824 πλεῖστοι
2174 788 2329 832 ἀσθενεῖς

1278 844 1487 891 suspicatur
1513 843 1683 879 Piccolo.
1704 865 1758 870 —
1776 844 1802 879 l.
1826 843 1888 880 32.
1912 844 1951 881 ἐκ
1979 846 2039 881 τοῦ
2056 843 2192 897 πεδίου]
2211 847 2251 884 ἐκ
2266 850 2329 885 τοῦ

1279 898 1469 938 σπουδαίου
1491 902 1682 950 eleganter
1701 900 1803 948 conj.
1823 903 1976 938 Piccolo
1990 933 2000 951 ‚
2020 905 2165 941 collatis
2185 906 2332 943 Nicolai

1276 961 1407 996 werbis
1425 956 1471 1010 (t.
1498 961 1569 1006 111,
1585 973 1625 1008 p.
1646 959 1744 1009 355)
1769 957 1911 996 ἀπὸτοῦ
1930 960 2111 1012 βελτίστου
2130 961 2190 1000 καὶ
2217 978 2330 1003 σπου-

1279 1017 1478 1057 δαιοτάτου.
1493 1018 1664 1056 Federus
1684 1018 1790 1055 dedit
1814 1019 1852 1055 ἐκ
1871 1022 1930 1056 τοῦ
1957 1019 2124 1061 παλαιοῦ.
2141 1023 2327 1061 'Similiter

1278 1079 1399 1126 possis
1423 1077 1462 1114 ἐκ
1485 1079 1545 1114 τοῦ
1567 1075 1726 1127 βεὸαίου,
1743 1078 1781 1114 ἐκ
1796 1080 1856 1114 τοῦ
1878 1076 2002 1124 ἀϊδίου,
2023 1079 2063 1116 ἐκ
2082 1082 2142 1118 τοῦ
2163 1080 2318 1130 ἐμπέδου

1278 1138 1352 1173 Nec
1382 1137 1537 1172 fortasse
1558 1137 1701 1184 deerit,
1721 1138 1788 1185 qui
1810 1138 1931 1186 ipsam
1955 1139 2141 1188 vulgatam
2166 1147 2328 1190 tueatur,

1280 1197 1419 1232 collata
1444 1209 1479 1231 v.
1502 1193 1664 1246 πεδόθεν,
1693 1198 1719 1232 i.
1742 1209 1778 1234 e.
1810 1196 1973 1247 ἀρχῆθεν,
2002 1210 2074 1236 sec.
2092 1199 2255 1247 Hesych.
2272 1222 2326 1230 -—

1279 1256 1346 1290 lin.
1367 1254 1430 1293 38.
1448 1252 1530 1304 δαὶ]
1552 1256 1591 1290 in
1609 1254 1650 1300 δὴ
1671 1256 1830 1291 mutavit
1846 1257 1888 1294 F.
1901 1278 1956 1284 -
1969 1256 2022 1294 ib.
2043 1257 2204 1294 κωλῦσαν
2222 1257 2326 1308 ]leg.

1279 1313 1450 1360 κωλῦσον,
1474 1313 1655 1349 suadente
1673 1315 1865 1352 Piccoloo.
1884 1335 1939 1343 ——-
1957 1315 1984 1351 l.
2017 1319 2080 1359 4ο.
2113 1315 2291 1362 Σιτικηνοὶ
2311 1317 2326 1367 ]
2352 1331 2357 1335 ·

1278 1376 1416 1410 Verum
1433 1374 1555 1422 gentis
1573 1385 1729 1421 nomen,
1750 1373 1931 1420 Σιδικῖνοι,
1944 1375 2074 1422 posuit
2089 1376 2116 1411 F
2119 1375 2238 1422 eder„
2255 1376 2327 1412 du-

1277 1432 1399 1468 bitans
1416 1440 1555 1470 tamen.
1573 1433 1629 1469 Cf.
1650 1433 1780 1480 Steph.
1797 1434 1885 1480 Byz.
1901 1446 1937 1471 v,
1957 1430 2123 1478 Σιτηκόν.
2142 1454 2195 1462 --
2215 1435 2241 1471 l.
2263 1439 2328 1479 44.

1278 1488 1465 1540 ἐάσωμεν]
1488 1492 1514 1529 l.
1535 1489 1698 1540 ἐάσομεν,
1719 1498 1762 1526 ut
1779 1491 1876 1527 bene
1897 1491 2076 1527 Federus.

1330 1551 1421 1598 Pag.
1443 1562 1621 1597 xxxma,
1643 1551 1670 1587 l.
1697 1561 1757 1595 17..
1784 1546 1915 1598 αὐτὸν]
1935 1547 2036 1592 αὐτὸς
2052 1550 2201 1597 Feder.,
2224 1552 2332 1600 quod

1278 1609 1356 1657 ipse
1371 1621 1526 1658 quoque
1544 1610 1688 1656 malim,
1702 1609 1792 1656 quia
1807 1609 1966 1657 propius
1987 1609 2093 1645 abest
2105 1610 2153 1645 ab
2179 1609 2304 1653 αὐτοὺς
2319 1639 2329 1658 ,

1279 1668 1336 1703 uti
1357 1674 1413 1703 est
1436 1668 1476 1703 in
1493 1668 1580 1705 cod.
1603 1689 1658 1699 .—
1682 1668 1708 1702 l.
1741 1680 1802 1715 19.
1829 1664 1891 1709 τὰς
1917 1665 1995 1704 τότε
2022 1665 2155 1718 οὔσας]
2172 1667 2231 1706 καὶ
2249 1668 2328 1706 τότε

1279 1725 1383 1768 οὔσας
1397 1754 1407 1772 ,
1430 1734 1467 1762 et
1487 1726 1624 1762 deinde
1645 1723 1785 1776 ἐπειδὴ,
1806 1726 1944 1764 Feder.
1961 1749 2013 1754 —
2031 1728 2056 1764 l.
2079 1727 2143 1766 33.
2165 1727 2330 1777 διακομί-

1279 1784 1363 1834 σαι]
1382 1798 1518 1835 παρακ.
1539 1785 1583 1822 F.
1598 1785 1686 1820 —l.
1706 1784 1769 1828 34.
1784 1782 2030 1836 χωρήσαντες]
2054 1786 2081 1824 l.
2100 1784 2330 1836 χωρίσαντες,

1277 1845 1331 1880 uti
1358 1852 1413 1879 est
1440 1845 1480 1879 in
1499 1845 1564 1880 lat.
1588 1865 1641 1871 —
1658 1845 1685 1881 l.
1713 1843 1774 1888 45.
1799 1842 2036 1895 Ταρρακινὰ]
2058 1846 2128 1880 Hic
2149 1858 2328 1895 quoque,

1277 1911 1318 1938 ut
1342 1904 1504 1952 passim,
1534 1903 1581 1939 ad
1600 1904 1811 1940 Romanam
1839 1903 2152 1952 orthographiam
2172 1906 2330 1942 nomina

1277 1962 1427 2010 exigens
1453 1961 1621 1998 Federus
1652 1974 1724 1999 scr.
1749 1959 1986 2012 Ταρρακίναν,
2013 1975 2245 2012 quamquam
2269 1977 2330 2001 re-

1277 2020 1442 2068 fragante
1463 2019 1652 2068 Stephano
1675 2021 1740 2068 qui
1765 2021 1890 2069 ipsum
1915 2022 2007 2057 citat
2021 2022 2258 2070 Dionysium.
2277 2044 2328 2052 —

1275 2080 1345 2115 ult.
1369 2076 1429 2116 καὶ
1445 2075 1534 2129 γὰρ]
1551 2080 1576 2117 1.
1598 2076 1658 2115 καὶ
1675 2077 1771 2129 χεὶρ,
1793 2092 1838 2115 ex
1863 2081 2098 2118 correctione
2116 2081 2268 2119 Federi.

1331 2140 1420 2188 Pag.
1441 2151 1586 2186 xxmx,
1608 2139 1634 2175 l.
1657 2151 1694 2185 2,
1713 2146 1795 2174 not.
1820 2142 1864 2180 14
1891 2136 2058 2175 ἁπάντων
2077 2138 2256 2189 ]praestat
2269 2141 2328 2178 ὑπ’

1276 2198 1405 2242 αὐτῶν,
1429 2205 1474 2233 ut
1509 2197 1608 2245 conj.
1638 2197 1774 2234 Feder.
1805 2219 1857 2225 —
1887 2198 1914 2233 l.
1941 2198 1979 2236 6.
2012 2199 2294 2248 συμπεμπόντων
2314 2200 2330 2251 ]

1277 2257 1413 2293 excudi
1432 2257 1521 2293 deb.
1551 2254 1915 2307 συμπροπεμπόντων.
1935 2258 2029 2292 —l.
2061 2270 2122 2294 12.
2145 2258 2330 2310 Οὐλτουρ·

1276 2314 1331 2352 νὸν
1349 2319 1361 2361 ]
1388 2317 1414 2354 l.
1433 2316 1650 2363 Οὖλτοῧρνον
1677 2316 1738 2351 vel
1756 2315 2035 2366 Οὐουλτοῦρνον,
2054 2317 2142 2354 coll.
2165 2318 2326 2366 Dionys.

1276 2377 1367 2421 Vll,
1389 2375 1422 2411 3.
1440 2375 1576 2411 Strabo
1599 2377 1643 2423 V,
1662 2388 1705 2424 p.
1726 2374 1818 2423 238,
1847 2379 1937 2422 249.
1954 2396 2008 2402 —-
2030 2376 2056 2413 l.
2077 2375 2141 2412 23.
2160 2375 2329 2428 στρατιάν

1276 2449 1313 2471 τε
1327 2431 1394 2485 γὰρ
1410 2433 1424 2483 ]
1445 2432 1558 2470 fuerit
1575 2430 1828 2484 στρατολογίαν
1844 2431 1926 2485 γὰρ.
1947 2433 2083 2470 Feder.
2107 2434 2207 2481 conj.
2223 2433 2330 2486 στρα-

1275 2491 1350 2530 τιάν
1363 2493 1392 2530 τ’
1415 2491 1577 2544 ἀγείρειν.
1595 2514 1645 2519 -
1659 2493 1684 2531 l.
1696 2492 1757 2528 26.
1769 2491 1983 2542 χρονισμοῦ]
2000 2494 2141 2543 χρονοῧ,
2161 2494 2329 2542 sphalma

1277 2565 1340 2601 ap.
1366 2553 1459 2589 Fed.
1479 2573 1534 2579 —
1550 2553 1574 2590 l.
1599 2552 1662 2597 37.
1683 2550 1816 2602 ψόγον]
1836 2549 1940 2602 φόὸον
1970 2551 2062 2589 Fed.
2079 2573 2136 2580 —
2151 2552 2206 2589 ib.
2229 2559 2326 2592 extr.

1274 2625 1348 2661 pro
1369 2609 1454 2661 ὑπὲρ
1469 2612 1530 2646 τοῦ
1549 2610 1649 2660 [υἱοῦ
1669 2610 1754 2658 τοῦ]
1771 2608 1904 2646 ὑπάτου
1926 2607 2104 2661 Μαλλίου,
2126 2612 2239 2648 tacite
2257 2613 2286 2648 F
2289 2624 2328 2648 e·

1277 2671 1356 2707 der.
1377 2683 1385 2706 t
1408 2667 1498 2720 Περὶ
1517 2671 1578 2705 τοῦ
1595 2669 1669 2705 υἱοῦ
1693 2666 1870 2706 Μαλλίου.

1328 2731 1417 2777 Pag.
1435 2740 1499 2773 XL,
1512 2729 1537 2764 l.
1565 2741 1625 2766 10.
1644 2725 1883 2777 ἀψολυθέντων
1899 2725 1914 2776 ]
1934 2725 2200 2773 ἀπεληλυθότων
2216 2727 2322 2775 conj.

1275 2788 1369 2825 Fed.
1391 2809 1445 2815 -—-
1470 2788 1494 2823 l.
1522 2799 1583 2824 11.
1607 2786 1640 2822 ἐν
1661 2785 1737 2828 ταῖς
1761 2783 1953 2836 ὑποψίαις]
1973 2787 2080 2823 artic.
2110 2787 2223 2822 tacite
2244 2799 2321 2823 om.

1275 2847 1386 2891 Fed.;
1403 2843 1438 2881 ἔν
1452 2859 1517 2881 τινι
1533 2843 1662 2896 ὑποψίᾳ
1678 2843 1780 2891 conj.
1798 2845 2066 2882 Piccolo.—l.
2085 2838 2204 2892 15's‘q.
2223 2845 2325 2882 ὀκτα-

1276 2901 1454 2944 κοσίους...
1469 2902 1708 2953 τετρακοσίους
1723 2902 1736 2952 ]
1758 2900 2083 2952 ὀκτακισχιλίους...
2098 2916 2325 2953 τετρακισχι-

1275 2960 1367 3003 λίους
1387 2962 1497 2997 tacite
1525 2961 1684 3010 Feder.,
1713 2961 1818 3008 quasi
1841 2961 1918 2996 haec
1937 2961 2058 2996 codex
2077 2961 2252 2998 haberet.
2275 2965 2326 2998 At

1275 3034 1354 3056 non
1373 3020 1482 3056 fuisse
1504 3021 1686 3068 Rheginis
1723 3031 1864 3065 12‚ooo
1898 3020 2244 3070 praesidiariorum‚
2265 3023 2325 3058 vel

1276 3079 1364 3115 inde
1384 3079 1579 3127 collegeris
1599 3078 1706 3126 quod
1728 3078 1827 3113 infra
1847 3079 2011 3126 Pyrrhus
2035 3091 2123 3115 cum
2147 3078 2220 3117 500
2239 3087 2325 3116 tan-

1276 3146 1356 3175 tum
1383 3138 1564 3173 militibus
1594 3137 1690 3174 urbe
1722 3138 1913 3185 potiturus
1933 3137 2044 3174 fuisse
2073 3137 2242 3187 fingitur.
2267 3140 2324 3175 Ac

1275 3198 1400 3234 nescio
1421 3198 1487 3245 qui
1519 3195 1606 3245 fiat,
1632 3204 1675 3232 ut
1694 3197 1772 3244 ipse
1789 3197 1902 3232 etiam
1918 3196 2081 3233 Federus
2099 3210 2138 3246 p.
2163 3210 2212 3243 70
2235 3205 2318 3234 not.

1275 3256 1434 3292 Decium
1453 3255 1556 3291 dicat
1586 3255 1732 3290 cladem
1760 3255 1868 3289 istam
1896 3255 2073 3290 excitasse
2100 3270 2117 3286 α
2143 3267 2229 3290 cum
2248 3256 2322 3291 suis

1274 3317 1491 3364 octitzgentis
1513 3314 1712 3362 Campanis
1739 3320 1776 3349 et
1801 3314 2087 3368 ‘quadringentig
2102 3313 2285 3350 Sidicinis.
2304 3330 2319 3347 a

1275 3396 1327 3401 »-
1348 3375 1414 3409 1ἰ11.
1442 3372 1505 3410 28.
1537 3374 1581 3408 In
1604 3379 1686 3410 not.
1713 3372 1735 3408 6
1767 3372 1817 3407 ad
1848 3372 1886 3407 h.
1913 3373 1938 3407 l.
1970 3373 2021 3407 ita
2048 3372 2130 3420 lege

1277 3431 1584 3470 antecedentibus
1597 3438 1683 3481 post
1696 3444 1729 3467 v.
1749 3429 1833 3481 πρὸς
1855 3431 1959 3468 αὐτοῦ
1976 3430 2152 3467 excidisse
2172 3430 2319 3467 videtur

2239 3373 2320 3407 «in
