2326 3724
101 251 174 283 220

151 335 310 380 ,Legatos
332 335 491 368 Avarum
503 337 627 379 sussos
650 337 789 370 intrare
802 336 987 382 Magister

150 389 352 436 anteferes
363 404 490 426 sacras
504 393 638 426 divinoe
650 397 808 429 >nuntiat
822 396 949 438 Auloe,

147 456 296 484 orantes
314 462 393 484 sese
412 453 578 496 vestIgia
595 463 706 485 sacra
725 452 853 487 videre

147 507 335 542 clementis
348 508 511 542 domini:
534 520 622 556 quos
641 520 733 544 voce
757 517 795 544 et
807 518 928 545 mente
948 511 1110 558 benigna

152 566 315 612 imperat
330 569 460 600 acciri.

96 623 260 670 Reliqua
285 624 444 672 Corippi
463 624 631 659 narratio
652 637 738 660 cum
762 625 960 662 Menandri
982 626 1139 662 historia

94 693 250 729 prorsus
268 683 457 729 congruit.
484 699 500 715 »

149 737 217 781 Ἐς
246 738 321 784 τὴν
363 741 443 777 τῶν
483 739 697 791 Φράγγων
736 738 904 792 χώραν]
945 758 961 775 (ι
995 743 1139 779 Abares

95 805 183 845 post
197 806 363 834 mortem
380 799 567 837 Clotharii
579 801 619 835 in
635 800 879 848 Thuringiam
899 802 1139 851 irruperunt,

96 862 133 890 et
146 868 232 891 cum
246 857 451 905 Sigisberto
461 857 604 893 bellum
624 869 769 906 gessere
780 886 790 903 ‚
803 866 847 893 ut
860 859 991 894 scribit
1004 861 1140 894 Paulus

94 914 134 948 in
151 914 246 950 Hist.
273 916 623 964 Longobardorum
645 916 712 950 lib.
737 928 775 961 2,
797 929 881 964 cap.
907 929 974 962 10,
993 924 1029 952 et
1046 918 1141 953 Gre-

93 973 224 1019 gorius
248 975 476 1010 Turonensis
490 975 557 1009 lib.
579 980 598 1018 ί,
614 1002 623 1021 ,
640 974 746 1022 quod
757 975 970 1011 notandum
985 982 1038 1011 est
1053 989 1141 1011 con-

94 1030 219 1078 tigisse
247 1043 346 1066 anno
376 1033 506 1080 primo
534 1033 671 1067 Justini
701 1034 882 1068 Junioris.
916 1034 1015 1069 Male
1047 1046 1137 1083 ergo

94 1089 329 1125 Hermannus
356 1091 578 1126 Contractus
598 1103 698 1126 anno
728 1089 798 1126 561
814 1091 863 1127 ·id
882 1091 999 1127 refert
1027 1094 1137 1140 quin-

93 1148 260 1194 quennio
280 1156 364 1184 ante
382 1149 583 1184 Justiniani
600 1156 777 1187 mortem.
806 1166 821 1182 »
846 1152 1042 1188 Vtuzsms.

354 1233 414 1273 15.
437 1233 555 1284 (565.
574 1236 711 1271 Justini
728 1247 790 1271 an.
818 1235 878 1285 1.)

145 1320 236 1357 Exc.
260 1321 316 1355 De
335 1320 405 1368 leg.
427 1322 541 1359 Rom.
563 1334 604 1369 p.
632 1319 835 1367 147—151
861 1334 869 1357 :
889 1317 976 1360 Ὅτι
992 1319 1136 1359 'leuent-

91 1390 145 1418 νος
164 1378 181 1413 ὃ
207 1375 344 1427 ἀνεψιὸς
368 1377 612 1415 Ἰουστινιανοῦ
640 1376 718 1415 κατ’
738 1378 848 1416 ἐκεῖνο
868 1382 991 1430 καιροῦ
1013 1379 1136 1418 Ἰωάν-

91 1448 152 1480 νην
172 1433 229 1471 τὸν
252 1434 482 1484 Κομεντίολον
503 1435 601 1494 sgr&
624 1437 773 1488 Περσῶν
799 1436 866 1483 ἤθη
890 1436 1022 1474 ἔστειλε
1042 1453 1138 1491 πρε-

92 1492 339 1542 σὸευσόμενον.
362 1493 632 1546 Παρενεγγύησε
647 1494 684 1532 δέ
703 1496 734 1532 οἱ
751 1496 791 1533 ἐκ
812 1494 875 1544 μὲν
888 1498 948 1533 τοῦ
967 1497 1138 1548 ἐμφανοῦς

92 1550 300 1602 ἀνακήρυξιν
326 1551 542 1598 ποιήσασθαι
569 1555 629 1598 τῆς
656 1554 760 1590 αὐτοῦ
781 1552 839 1590 ἐπὶ
861 1553 924 1600 τὴν
956 1555 1137 1605 βασιλείαν

91 1607 350 1659 ἀναγορεύσεως
368 1609 461 1646 κατὰ
480 1610 519 1647 τὸ
547 1610 662 1653 εἰωθὸς
679 1609 873 1657 εΡωμαίοις
888 1626 926 1648 τε
950 1611 1010 1649 καὶ
1039 1611 1137 1664 Πέρ-

90 1682 186 1714 σαις,
200 1668 233 1704 ἐν
248 1668 365 1719 ταύτῷ
386 1667 439 1715 δὲ,
460 1667 530 1718 εἴγε
549 1668 691 1706 καλέσοι
708 1667 848 1720 καιρὸς,
864 1669 923 1707 καὶ
939 1670 1028 1722 ἀμφὶ
1047 1672 1135 1709 Σου-

91 1724 187 1767 ανίας
203 1728 344 1772 κινῆσαι
363 1725 499 1776 λόγους.
519 1725 663 1773 Ταύτην
679 1726 746 1779 γὰρ
761 1726 858 1764 οὔπω
878 1729 1037 1780 Χοσρόης
1051 1731 1135 1767 ἀπε-

90 1782 290 1829 κατέστησε
319 1783 534 1834 Ῥωμαίοις,
556 1783 670 1822 καίτοι
701 1788 762 1831 τ’ἧς
789 1788 944 1833 Λαζικῆς
963 1803 1134 1839 παραχω·

92 1841 214 1892 ρήσας,
230 1836 270 1888 ἧς
286 1842 437 1889 ὑπήκοος
451 1837 538 1880 οῧσα
554 1846 576 1889 ἡ
598 1845 751 1882 Σουανία
770 1844 972 1896 ἐτύγχανεν.
990 1845 1082 1884 Ἀλλ’
1099 1850 1134 1886 αἱ

91 1900 153 1948 μὲν
180 1901 502 1948 πεντηκοντούτιδες
525 1902 673 1939 σπονδαὶ
692 1897 794 1950 ἦσαν,
817 1907 856 1947 ἃς
876 1903 970 1942 ἔθετο
999 1905 1129 1957 Πέτρος

90 1961 108 1995 ὁ
133 1961 200 1997 τῶν
220 1959 300 2011 περὶ
327 1959 474 2010 βασιλέα
504 1961 708 2012 καταλόγων
737 1961 899 2012 ἡγεμών·
922 1962 967 2000 τὰ
992 1962 1028 2001 δὲ
1057 1964 1135 2016 περὶ

91 2018 262 2062 Σουανίας
281 2020 337 2056 ἐπ’
358 2019 544 2072 ἀμφιὸόλῳ
564 2014 621 2066 ἧν.
654 2019 840 2064 Ἰουστῖνος
861 2020 896 2058 δὲ
922 2023 940 2058 ὁ
974 2022 1137 2072 βασιλεὺς

92 2077 340 2115 ἐνεκελεύσατο
353 2077 534 2127 Ἰωάννην,
553 2078 704 2128 ὡς,,εἴγε
724 2078 902 2131 βούλοιντο
920 2079 1058 2133 Πέρσαι
1077 2082 1136 2119 καὶ

87 2134 187 2172 ὤνιον
203 2136 427 2174 ἀποδίδοσθαι
442 2137 505 2183 τὴν
519 2137 656 2189 χώραν,
674 2138 883 2187 ἑτοιμότατα
903 2141 1012 2190 φῆσαι
1030 2139 1134 2191 ἔχειν.

843 246 1117 287 MENANDRI
1148 245 1498 287 PROTECTORIS

1196 333 1240 373 Ἥ
1261 333 1326 386 γὰρ
1347 334 1500 373 Σουανία
1521 333 1694 387 ἀξιόλογος
1712 335 1774 387 μὲν
1795 338 1972 389 οὐδαμῶς,
1993 338 2085 389 ὅμως
2106 340 2140 378 δὲ
2162 342 2233 379 ἐπι-

1196 393 1338 439 τηδείως
1353 392 1483 445 ἔχουσα
1503 394 1625 438 θέσεως
1645 396 1679 439 ἐς
1697 395 1740 432 τὰ
1755 396 1909 445 μάλιστα
1924 398 2055 444 ὀνίνησι
2071 398 2134 446 τὴν
2149 399 2236 438 Ῥω·

1199 449 1310 500 μαίων
1330 450 1442 503 ἀρχὴν
1455 454 1504 504 τῷ
1519 451 1567 502 μὴ
1586 454 1628 490 δι’
1648 454 1754 500 αὐτῆς
1773 455 2025 505 ἐπιτιθεμένους
2042 457 2182 509 Πέρσας
2193 457 2235 496 τὰ

1196 511 1263 546 τῶν
1281 509 1429 561 Κόλχων
1449 509 1527 562 ὅρια
1546 510 1956 561 λυμαίνεσθαι.Ἰωοίννης
1972 509 2029 552 οῦν
2047 516 2086 552 ἐκ
2104 518 2235 561 Βυζανς

1197 567 1268 604 τίου
1292 567 1398 620 ἄρας,
1431 568 1491 606 καὶ
1511 571 1556 612 ὥς
1583 569 1734 621 τάχιστα
1758 568 1819 617 τὴν
1851 572 1992 623 πορείαν
2025 573 2168 623 ἀνύσας,
2201 576 2237 613 ἐν

1196 625 1272 669 ταῖς
1285 625 1376 664 κατὰ
1389 626 1617 678 τὴνῖπάροδον
1631 627 1753 666 πόλεσι
1767 632 1834 667 τῶν
1853 629 2052 681 ἀναγκαίων
2073 632 2236 683 φροντίδα

1197 681 1336 732 θέμενος
1349 684 1496 735 πολλὴν,
1514 688 1613 723 τοῦτο
1624 687 1872 738 προειρημένον
1890 690 1984 741 αὐτῷ
2000 691 2038 726 ἐκ
2055 690 2236 740 βασιλέως,

1197 742 1337 793 ἀφίκετο
1357 744 1404 786 εἷς
1423 742 1461 780 τὸ
1480 742 1611 796 Δάρας.
1635 744 1808 783 Ἐνταῦθα
1829 745 1885 784 τὸν
1906 747 1999 785 κατὰ
2015 748 2116 786 πόλιν
2136 749 2237 787 ὁλκὸν

1197 803 1256 837 τοῦ
1275 799 1397 844 ὕδατος
1413 801 1623 840 ἐπεσκεύασε
1639 803 1698 841 καὶ
1716 805 1895 856 ὑδροχοεῒα
1908 806 2087 854 ἐπενόησε,
2103 807 2162 846 καὶ
2175 808 2237 858 μὲν

1198 851 1256 896 οὖν
1275 857 1365 896 ἄλλα
1381 858 1469 898 ἄττα
1484 862 1551 897 τῶν
1566 862 1600 899 ἐν
1615 860 1713 899 ἄστει
1725 862 1922 914 ἀναγκαίων
1937 865 2138 916 εἰργάσατο,
2156 866 2239 912 Διή-

1196 930 1282 966 γαγε
1300 915 1336 954 δὲ
1353 918 1456 955 αὐτοῦ
1470 918 1603 970 ἡμέρας
1617 917 1702 957 δέκα
1721 922 1770 972 τῷ
1789 920 1852 968 τὴν
1871 921 1970 975 (τοὺς
1990 925 2092 971 conj.
2109 926 2156 963 N.
2176 926 2186 975 )
2203 926 2238 962 ἐν

1197 977 1240 1026 τῇ
1262 975 1403 1014 Νισίὸει
1419 978 1463 1027 τῇ
1480 977 1579 1014 πόλει
1594 978 1838 1031 πανηγυρίζειν
1854 996 1892 1018 τε
1910 982 1970 1019 καὶ
1986 981 2082 1032 ἄγειν
2102 982 2237 1035 ἑορτὴν,

1197 1035 1265 1070 κάκ
1285 1033 1406 1072 τούτου
1423 1034 1486 1081 τὴν
1504 1035 1694 1086 πρεσὸείαν
1711 1036 1759 1087 μὴ
1783 1038 2024 1083 ὑποδέξασθαι.
2043 1040 2088 1080 ‘O
2106 1041 2142 1079 δὲ
2159 1041 2237 1080 Ἰω·

1199 1090 1301 1139 άννης
1319 1093 1450 1144 δεχθεὶς
1470 1092 1559 1142 μετὰ
1579 1093 1641 1140 τὴν
1660 1094 1780 1147 ἑορτὴν
1800 1095 1863 1143 τὴν
1881 1097 2081 1149 Φουρδίγαν
2103 1114 2238 1152 προσα-

1197 1149 1442 1200 γορευομένην,
1461 1149 1482 1188 ὅ
1499 1152 1591 1189 ἐστιν
1609 1151 1814 1200 Ἑλληνιστὶ
1834 1155 1973 1206 νεκυία,
1990 1157 2030 1193 ἐκ
2046 1158 2114 1194 τῶν
2139 1158 2175 1195 ἐν
2194 1161 2238 1210 τῇ

1197 1207 1337 1248 Νισίὸει
1360 1209 1539 1261 ἀρχόντων
1566 1209 1762 1263 ἐξεπέμφθη
1784 1211 1844 1249 σὺν
1861 1215 1904 1265 τῇ
1926 1214 2132 1267 νομιζομένῃ
2151 1219 2237 1268 τιμῇ

1197 1266 1402 1318 πρεσὸεύειν
1427 1269 1460 1310 ἐς
1483 1267 1525 1305 τὰ
1546 1268 1709 1320 βασίλεια
1732 1272 1878 1322 Περσῶν
1893 1285 1902 1294 ·
1925 1271 1985 1310 καὶ
2011 1271 2171 1321 ἅπαντα,
2189 1268 2237 1313 ὧν

1197 1324 1297 1362 ἕνεκα
1318 1324 1484 1372 ἔσταλτο,
1505 1327 1540 1363 ἐν
1560 1326 1671 1365 δέοντι
1696 1328 2026 1379 καταστησάμενος,
2047 1333 2082 1369 ἐν
2107 1331 2238 1377 τούτοις

1197 1384 1367 1434 ὑπῆρχεν.
1389 1382 1434 1423 Ὁ
1456 1382 1491 1423 δὲ
1512 1385 1672 1437 Χοσρόης
1690 1388 1723 1424 ἐν
1742 1392 1807 1439 μιᾷ
1827 1389 1895 1425 τῶν
1914 1391 2055 1440 ἡμερῶν
2071 1393 2140 1428 τῶν
2162 1392 2237 1430 Σα-

1198 1444 1356 1493 ρακηνῶν
1375 1442 1455 1495 πέρι
1473 1444 1567 1496 αὐτῷ
1586 1444 1722 1492 ἐκίνησε
1745 1445 1879 1496 λόγους.
1901 1446 1957 1485 Τὰ
1972 1448 2039 1500 γὰρ
2059 1450 2238 1502 Σαρακη-

1196 1498 1275 1536 νικὰ
1289 1501 1381 1551 φῦλα
1398 1501 1562 1553 μυριάδες
1578 1506 1710 1551 ταῦτα,
1728 1503 1787 1540 καὶ
1802 1502 1840 1541 τὸ
1853 1505 2015 1543 πλεῖστον
2033 1507 2146 1544 αὐτῶν
2161 1510 2238 1560 ε’ρη-

1197 1557 1343 1608 μονόμοι
1372 1558 1438 1596 εἶσὶ
1467 1560 1526 1597 καὶ
1558 1561 1759 1599 ἀδέσποτοι·
1782 1561 1842 1599 καὶ
1872 1562 1966 1614 [τὰ]
1997 1562 2060 1612 μὲν
2088 1558 2147 1602 οῦν
2176 1569 2238 1613 τῆς

1196 1615 1398 1666 Ῥωμαίων,
1422 1618 1512 1656 ἐστὶν
1530 1618 1551 1655 ἃ
1571 1618 1631 1657 καὶ
1645 1622 1705 1666 τῆς
1728 1621 1875 1671 Περσῶν
1888 1621 2025 1668 ὑπήκοα
2043 1623 2232 1668 πολιτείας.

1195 1674 1300 1714 Οὕτω
1318 1674 1352 1713 δὲ
1368 1676 1637 1728 διακεκριμένων
1654 1679 1783 1729 αὐτῶν,
1802 1679 2043 1724 Ἰουστινιανὸς
2055 1710 2066 1730 ,
2086 1682 2237 1733 μεγαλό-

1195 1748 1289 1785 φρων
1310 1733 1396 1786 ἀνὴρ
1416 1734 1476 1772 καὶ
1505 1735 1795 1787 βασιλικώτατος,
1825 1736 1903 1781 τοὺς
1925 1738 2132 1787 μηδίζοντας
2155 1742 2234 1779 Σα-

1198 1794 1356 1842 ρακηνῶν
1378 1792 1498 1844 δώροις
1522 1793 1691 1839 ἐδεξιοῦτο
1719 1794 1914 1847 κρατούσης
1944 1796 2094 1849 εἰρήνης.
2128 1797 2171 1837 Ὁ
2199 1799 2235 1836 δὲ

1196 1849 1381 1894 Ἰουστῖνος
1394 1881 1404 1901 ,
1425 1851 1592 1903 ε’μὸριθής
1609 1868 1647 1890 τε
1667 1852 1714 1890 ὢν
1733 1853 1793 1891 καὶ
1822 1853 2012 1906 βαρὸάρων
2041 1856 2237 1908 φρονήματι

1196 1907 1324 1955 ἥκιστα
1347 1912 1545 1962 ὑποχαλῶν,
1563 1913 1597 1949 ἐν
1616 1912 1727 1950 οὐδενὶ
1747 1912 1840 1964 λόγῳ
1861 1913 2049 1960 ἐποιήσατο
2067 1914 2144 1959 τοὺς
2163 1915 2238 1954 ὅσοι

1197 1967 1358 2015 ἐμήδιζον
1387 1971 1454 2006 τῶν
1478 1970 1709 2022 Σαρακηνῶν.
1735 1973 1781 2010 Οἱ
1811 1971 1846 2009 δὲ
1875 1972 2236 2022 (πλεονεκτικώτατον

1195 2025 1264 2078 γὰρ
1285 2025 1323 2063 τὸ
1344 2028 1476 2079 φῦλον)
1499 2028 1682 2074 ἀποκοπὴν
1704 2033 1805 2068 τοῦτο
1829 2030 2047 2080 ’ἡγησάμενοι
2066 2035 2114 2084 τῷ
2136 2034 2237 2083 βασι-

1195 2085 1250 2122 λεῖ
1269 2084 1436 2123 ἐνέκειντο
1461 2089 1606 2139 Περσῶν
1629 2087 1677 2137 μὴ
1699 2089 1863 2140 περιιδεῖν
1884 2088 2007 2132 αὐτοὺς
2033 2091 2126 2143 αὐτῷ
2153 2091 2240 2128 ἀνα-

1196 2142 1386 2193 κειμένους.
1404 2147 1467 2197 Τῷ
1485 2160 1538 2182 τοι
1559 2145 1626 2197 ἄρα
1646 2146 1705 2183 καὶ
1732 2146 1869 2199 Πέτρου
1890 2149 2001 2186 ἐκεῖσε
2020 2147 2239 2200 πρεσὸευσα-

87 2210 2242 2232 ·—-—————-——————-——-——-..——..

129 2299 274 2331 ,lustinus
298 2299 414 2339 minor,
441 2300 613 2332 ,Iustiniani
647 2309 765 2341 nepos,
796 2300 848 2332 illo
876 2301 1021 2342 tempore
1049 2302 1136 2334 misit

86 2353 243 2383 ,loannem
258 2353 495 2384 comentiolum
507 2353 539 2384 in
551 2354 702 2393 persiam,
717 2355 754 2385 ut
770 2354 924 2394 legatione
938 2355 1134 2395 fungeretur.

85 2404 250 2435 Mandavit
263 2403 303 2443 ei,
317 2406 353 2435 ut
364 2404 403 2435 ad
417 2405 554 2443 speciem
565 2405 694 2445 quidem
710 2415 767 2446 pro
781 2415 870 2437 more
884 2406 966 2438 inter
975 2409 1135 2440 Romanos

86 2457 119 2487 et
138 2458 249 2487 Persas
265 2457 392 2495 recepto
411 2456 574 2488 nun-naret
586 2479 595 2495 ,
621 2457 748 2488 ‚Iustino
774 2457 943 2497 imperium
967 2458 1108 2490 delatum
1125 2471 1133 2490 ι

86 2506 181 2538 simul
195 2507 302 2538 autem
312 2530 321 2544 ‚
334 2506 360 2538 si
371 2515 404 2538 se
417 2507 548 2538 offerret
561 2508 685 2539 occasio
695 2531 704 2547 ,
722 2508 752 2538 in
770 2517 949 2540 sermonem
963 2509 1002 2541 de
1018 2511 1135 2542 Suania

86 2557 250 2590 incideret.
282 2557 433 2590 Nondum
450 2558 535 2590 enirn
560 2567 631 2590 eam
646 2559 710 2598 Juri
735 2561 954 2591 Romanorum
979 2561 1135 2593 chosroes

86 2611 241 2648 cesserat,
258 2610 406 2650 quamvis
431 2611 549 2641 Suania
575 2610 686 2642 ditioni
710 2611 836 2642 Lazicae
861 2611 1004 2650 subjecta
1029 2615 1133 2652 esset,

86 2671 160 2702 quae
185 2662 252 2702 ipsa
267 2662 417 2694 Romanis
432 2662 550 2694 tradita
565 2663 645 2695 erat.
672 2662 807 2695 Foedera
833 2663 982 2703 quidem,
1014 2665 1134 2704 quaein

86 2714 387 2753 quinquagesimum
407 2721 528 2743 annum
545 2714 676 2751 Petrus,
695 2713 844 2753 magister
865 2713 1062 2752 officiorum,
1083 2723 1133 2754 pe-

87 2766 225 2806 pigerat,
251 2764 506 2797 observabantur
522 2777 529 2796 :
548 2764 603 2796 sed
619 2765 723 2805 quoad
742 2765 893 2797 suaniam
910 2774 960 2797 res
981 2765 1087 2797 adhuc
1102 2766 1134 2798 in

86 2825 242 2857 suspenso
261 2817 490 2848 remanserant.
514 2816 662 2848 Justinus
683 2824 760 2848 vero
782 2816 955 2856 imperator
972 2817 1086 2848 Joanni
1102 2817 1135 2848 in

87 2870 244 2901 mandatis
256 2869 399 2908 dederat,
413 2870 438 2900 si
451 2871 558 2901 Persae
573 2869 661 2900 illam
676 2868 835 2908 regionem
851 2868 988 2900 vendere
1001 2869 1132 2908 vellent,

87 2923 124 2953 ut
139 2930 172 2953 se
188 2923 332 2962 paratum
355 2930 422 2954 esse
440 2922 570 2953 diceret.
590 2922 670 2953 Erat
695 2921 812 2954 Suania
832 2930 896 2952 non
918 2921 984 2961 ipsa
1003 2922 1131 2961 quidem

87 2974 193 3014 magni
207 2974 359 3005 momenti
373 2976 429 3006 aut
445 2974 555 3014 pretii,
569 2974 625 3006 sed
638 2975 699 3006 situ
712 2973 805 3006 valde
819 2974 991 3005 commodo
1004 2975 1035 3006 et
1046 2976 1133 3015 apto,

88 3028 126 3058 ut
143 3035 294 3066 magnum
322 3026 543 3066 adjumentum
570 3027 699 3059 afferret
722 3027 763 3058 ad
781 3027 937 3059 arcendos
959 3029 1070 3059 Persas
1094 3028 1135 3059 ab

86 3077 273 3109 invadendis
300 3078 495 3109 Colchorum
527 3078 657 3111 finibus.
685 3079 797 3119 ltaque
818 3080 959 3111 Joannes
983 3080 1135 3119 Byzantio

87 3130 268 3169 profectus,
282 3138 385 3170 quum
405 3130 500 3162 rebus
514 3130 642 3162 urbium
653 3155 662 3171 ,
679 3140 736 3171 per
752 3140 831 3171 quas
846 3131 906 3163 iter
922 3131 968 3163 illi
991 3133 1079 3171 erat,
1099 3136 1135 3163 ut

87 3182 128 3214 ab
141 3182 333 3222 imperatore
349 3183 572 3223 praescriptum
588 3184 708 3223 fuerat,
722 3184 826 3215 multa
837 3192 913 3215 cura
927 3185 959 3216 et
974 3184 1135 3224 diligentia

87 3235 298 3274 subvenisset,
313 3235 353 3267 ad
369 3238 469 3267 Daras
484 3237 638 3276 pervenit.
655 3237 724 3268 Illic
738 3245 832 3277 aquoe
845 3237 978 3268 ductum
994 3237 1135 3269 reficien-

87 3287 165 3319 dum
179 3287 320 3326 curavit,
334 3288 366 3319 et
375 3295 467 3327 aquae
479 3289 679 3328 receptacula
692 3289 852 3329 condidit,
866 3290 897 3320 et
908 3289 970 3320 alia
983 3289 1134 3329 quaedam

87 3349 184 3380 opera
198 3340 373 3372 necessaria
392 3341 563 3372 exstruxit.
579 3341 626 3372 lbi
645 3350 700 3381 per
717 3341 828 3373 decern
842 3341 909 3373 dies
925 3342 972 3373 est
989 3351 1133 3374 commo-

89 3393 194 3432 ratus,
205 3391 359 3431 tantisper
375 3391 453 3422 dum
472 3391 571 3424 Nisibi
587 3393 702 3424 festum
721 3393 936 3424 celebraretur
958 3394 990 3424 et
1005 3401 1134 3433 perage-

89 3445 187 3475 retur.
212 3445 288 3476 llaec
307 3452 402 3476 causa
419 3446 506 3484 erat,
536 3453 594 3476 cur
619 3444 735 3485 legatio
761 3444 886 3477 admitti
903 3454 965 3477 non
996 3447 1131 3485 poterat.

1195 2249 1287 2280 Festo
1303 2251 1451 2290 peracto,
1467 2250 1554 2290 quod
1573 2250 1658 2291 apud
1675 2259 1728 2283 eos
1742 2252 1900 2292 Furdigan
1913 2253 2042 2292 dicitur,
2060 2253 2168 2285 feralia
2190 2253 2240 2286 di-

1196 2308 1282 2332 ceres
1299 2302 1550 2341 (Menandrum
1570 2311 1690 2334 errare
1709 2305 1874 2344 suspicor.
1899 2306 1996 2336 Certe
2012 2304 2237 2337 Fardsclzane

1197 2354 1314 2384 Persis
1328 2354 1620 2386 Ptoclzodocheum
1633 2355 1816 2396 siymficat.
1831 2355 1919 2388 Nieb.
1936 2356 1960 2396 ),
1977 2360 2129 2396 exoeptus
2141 2357 2239 2388 Joan-

1196 2412 1251 2435 nes
1265 2413 1284 2435 a
1297 2405 1490 2444 primoribus
1513 2406 1628 2438 Nisibis
1644 2415 1717 2437 cum
1733 2407 1855 2438 solenni
1872 2407 1992 2439 honore
2010 2407 2050 2438 ad
2061 2416 2240 2448 exsequen-

1194 2455 1268 2486 dam
1285 2456 1471 2496 legationem
1486 2457 1517 2488 in
1533 2458 1651 2497 regiam
1673 2460 1840 2490 Persarum
1857 2459 1905 2490 est
1916 2458 2073 2490 dimissus.
2087 2459 2117 2490 ls
2133 2467 2170 2490 eo
2183 2467 2239 2491 ac-

1195 2507 1306 2547 cessit,
1321 2510 1353 2539 et
1365 2509 1514 2541 omnibus
1526 2533 1534 2548 ‚
1549 2518 1688 2549 quorum
1699 2518 1796 2541 eausa
1806 2509 1919 2541 missus
1929 2510 1988 2541 snit
1995 2533 2005 2549 ,
2017 2511 2078 2542 rite
2092 2510 2239 2551 peractis,

1195 2569 1379 2600 responsum
1389 2562 1547 2593 manebat.
1562 2562 1719 2594 chosroes
1728 2565 1836 2594 autem
1850 2562 1989 2602 quadam
2001 2562 2052 2594 die
2060 2571 2242 2596 sermonem

1195 2612 1295 2642 movit
1313 2611 1352 2644 de
1384 2613 1559 2645 saracenis.
1586 2614 1705 2646 Gentes
1732 2614 1816 2646 enim
1842 2613 2039 2645 saracenicae
2063 2613 2241 2646 innumerae

1194 2666 1287 2703 sunt,
1306 2674 1442 2704 quarum
1461 2665 1603 2697 maxima
1618 2675 1692 2706 pars
1707 2675 1763 2706 per
1787 2666 1912 2698 deserta
1931 2667 2103 2706 pascentes
2116 2668 2148 2698 et
2172 2666 2240 2698 sine

1194 2715 1324 2748 domino
1334 2719 1501 2758 vagantur,
1512 2718 1584 2749 alioe
1593 2720 1811 2750 Romanorum
1822 2742 1831 2756 ‚
1845 2719 1915 2751 aliae
1926 2721 2094 2751 Persarum
2107 2719 2241 2759 imperio

1195 2770 1317 2807 parent.
1340 2770 1384 2800 lta
1401 2769 1511 2800 divisoe
1528 2779 1627 2809 quum
1644 2772 1766 2810 essent,
1782 2770 1998 2809 Justinianus‚
2011 2770 2116 2810 magni
2128 2769 2239 2810 iudicii

1194 2819 1256 2859 vir,
1274 2821 1305 2851 et
1323 2820 1379 2860 qui
1392 2829 1543 2860 magnum
1557 2829 1651 2852 usum
1667 2821 1762 2861 regiae
1778 2821 2063 2853 administrationis
2079 2821 2237 2861 hahebat,

1195 2874 1387 2913 Saracenos,
1416 2874 1473 2914 qui
1495 2873 1529 2904 in
1557 2873 1724 2905 Medorum
1753 2874 1897 2914 partibus
1920 2874 2011 2905 erant
2022 2898 2032 2914 ‚
2057 2882 2114 2914 per
2130 2882 2240 2914 pacem

1194 2924 1285 2956 donis
1299 2927 1485 2965 prosecutus
1499 2925 1611 2957 suerat·
1626 2925 1687 2957 Sed
1700 2926 1856 2966 Justinus,
1870 2926 1920 2957 vir
1932 2925 2037 2965 gravis
2047 2927 2079 2957 et
2091 2926 2240 2957 constans

1194 2986 1299 3018 neque
1314 2977 1490 3018 quidquam
1504 2977 1713 3009 barbarorum
1730 2978 1887 3018 superbiae
1904 2978 2036 3017 cedens,
2051 2979 2239 3017 Saracenos,

1194 3031 1249 3070 qui
1267 3031 1368 3062 Persis
1387 3031 1553 3071 favebant,
1571 3030 1769 3071 contemptui
1786 3030 1915 3070 habuit,
1933 3032 1966 3062 et
1987 3030 2078 3061 nihili
2095 3029 2180 3062 fecit.
2201 3030 2241 3062 At

1196 3082 1239 3114 illi
1255 3082 1264 3122 (
1276 3083 1325 3114 est
1345 3083 1430 3113 enim
1448 3091 1523 3122 gens
1537 3082 1739 3122 avidissima)
1754 3091 1855 3122 quum
1875 3083 2027 3122 tanquam
2044 3080 2130 3122 quod
2143 3089 2243 3113 suum

1195 3135 1294 3173 esset,
1313 3133 1372 3165 sibi
1388 3133 1465 3174 eripi
1481 3133 1717 3172 existimarent,
1748 3135 1915 3165 Persarum
1932 3141 2038 3172 regem
2051 3156 2060 3171 ,
2087 3141 2128 3164 ne
2143 3141 2178 3164 se
2198 3131 2242 3164 ad

1195 3194 1252 3217 sua
1268 3193 1370 3225 genua
1383 3186 1560 3224 prostratos
1568 3185 1797 3223 contemneret,
1806 3184 1963 3224 supplices
1971 3185 2115 3216 orarunt.
2127 3185 2241 3224 ltaque

1195 3237 1362 3276 Chosroes‚
1374 3245 1474 3276 quum
1484 3237 1594 3268 Petrus
1610 3235 1695 3276 apud
1706 3244 1781 3267 eum
1792 3236 1930 3276 legatum
1945 3237 2070 3275 ageret,
2082 3238 2241 3268 Romanos

1195 3287 1360 3321 Saracenis
1376 3287 1518 3319 debitum
1535 3288 1658 3319 solvere
1681 3296 1812 3327 aequum
1829 3287 1988 3318 censebat.
2005 3287 2127 3319 Deinde
2139 3295 2240 3327 quum

1195 3343 1334 3373 Joannes
1347 3339 1387 3371 ad
1404 3349 1477 3372 eum
1500 3339 1700 3378 accessisset,
1729 3339 1840 3370 iisdem
1857 3339 1963 3371 verbis
1976 3340 2024 3370 est
2040 3348 2127 3370 usus.
2145 3341 2238 3370 Sara-

1195 3391 1264 3424 ceni
1279 3391 1362 3423 enim
1388 3391 1629 3429 asseverabant,
1655 3399 1688 3421 se
1705 3390 1747 3421 ob
1771 3399 1841 3423 eam
1864 3398 1994 3422 causam
2004 3414 2013 3430 ,
2039 3391 2075 3421 ut
2097 3389 2239 3430 quietem

1195 3444 1341 3484 agerent,
1357 3451 1460 3482 neque
1475 3444 1690 3474 Romanorum
1702 3442 1794 3474 terris
1810 3441 1914 3474 infesti
1929 3442 2052 3480 essent,
2069 3449 2121 3472 eas
2136 3448 2237 3481 pecu-
