2372 3704
123 301 197 338 376

176 378 448 427 Ctesiphontis,
478 379 698 424 architecti,
726 386 768 415 ut
795 378 960 424 videtur,
989 378 1167 414 volumen

122 439 178 473 De
193 440 324 473 Ionica
341 437 424 473 oede
443 437 599 485 Ephesi,
624 450 711 485 quae
729 445 784 472 est
797 438 937 472 Dianoe
952 464 961 481 ,
982 443 1168 472 memorat

122 497 268 533 vitruv,
288 497 371 541 Vll,
387 495 648 544 praefat.Alios
665 494 927 543 Ctesiphontes
945 495 1037 530 nihil
1057 507 1163 531 curo.

541 600 749 614 ⁴000——

441 683 847 741 CTESIPPUS.

521 792 765 831 ΣΚΥΘΙΚΑ.

400 882 430 916 E
458 880 607 917 LIBRO
637 879 878 916 SECUNDO.

175 966 404 1002 Plutarchus
429 967 486 1001 De
516 963 604 1000 fluv.
640 963 685 1008 5,
714 976 734 999 2
760 976 768 998 ε
795 963 966 1000 Γεννᾶται
995 961 1023 999 δ’
1057 963 1091 999 ἐν
1119 964 1169 1015 τῷ

122 1026 272 1076 ποταμῷ
295 1022 474 1073 (Φάσιδι)
495 1021 638 1074 ῥάὸδος,
658 1019 895 1070 ὀνομαζομένη
917 1018 1169 1072 Λευκόφυλλος·

126 1083 322 1134 εὑρίσκεται
352 1079 388 1118 δὲ
409 1081 477 1123 τοῖς
507 1078 708 1129 μυστηρίοις
739 1080 801 1124 τῆς
829 1077 984 1125 ἹΞκάτης
1003 1078 1081 1130 περὶ
1112 1077 1169 1115 τὸν

125 1139 261 1191 ὄρθρον,
276 1138 359 1191 πρὸς
374 1137 586 1187 παιανισμὸν
607 1137 731 1183 ἔνθεον,
750 1138 854 1174 αὐτοῦ
875 1136 954 1188 περὶ
973 1134 1036 1182 τὴν
1056 1135 1169 1188 ἀρχὴν

123 1201 184 1235 τοῦ
206 1197 316 1249 ἔαρος·
344 1196 387 1243 ἢν
413 1198 443 1234 οἱ
467 1195 654 1242 ζηλότυποι
681 1197 750 1232 τῶν
780 1195 911 1246 ἀνδρῶν
943 1194 1169 1246 δρεπόμενοι,

126 1254 291 1307 ῥίππουσι
309 1254 389 1306 περὶ
416 1254 472 1292 τὸν
493 1253 676 1305 παρθένιον
698 1252 876 1303 θάλαμον,
904 1252 963 1291 καὶ
984 1252 1164 1291 ἀνόθευτον

131 1317 278 1364 τηροῦσι
294 1313 351 1351 τὸν
362 1313 490 1363 γάμον.
505 1311 592 1351 Ἐάν
612 1328 662 1356 τις
674 1311 947 1363 προπετέστερον
962 1313 1169 1364 ἀποστραφῇ

123 1373 191 1409 τῶν
215 1370 451 1423 ἀσεὸεστέρων
473 1370 529 1408 διὰ
542 1370 670 1421 μέθην,
687 1370 747 1408 καὶ
762 1372 808 1414 εἷς
829 1370 885 1407 τὸν
900 1370 1006 1407 τόπον
1020 1369 1170 1422 εἰσέλθῃ,

126 1432 194 1467 τῶν
215 1430 480 1482 σωφρονούντων
502 1430 744 1481 ἀφαρπάζεται
764 1429 962 1479 λογισμῶν,
983 1427 1043 1465 καὶ
1074 1427 1171 1471 εὐθὺς

125 1489 288 1538 ὁμολογεῖ
314 1494 432 1534 πᾶσιν,
458 1486 522 1526 ὅσα
548 1487 760 1539 παρανόμως
781 1486 803 1533 ἢ
833 1486 978 1538 ἔπραξεν
1001 1484 1022 1532 ἢ
1052 1486 1171 1536 μέλλει

124 1546 303 1597 πράττειν.
334 1548 380 1585 Οἱ
402 1545 438 1583 δὲ
464 1546 814 1598 παρατυγχάνοντες,
847 1543 1171 1595 συλλαμὸάνοντες,

119 1604 303 1657 ,ῥίπτουσιν
324 1603 635 1656 ἐμὸεόυρσωμένον
660 1605 705 1646 εἷς
729 1602 768 1640 τὸ
788 1602 1000 1653 καλούμενον
1019 1602 1171 1653 Στόμιον

123 1665 191 1700 τῶν
210 1662 360 1702 ἀσεὸῶν.
373 1661 478 1701 Ἔστι
491 1662 525 1699 δὲ
540 1660 830 1713 στρογγυλοειδὲς,
841 1661 963 1714 φρέατι
976 1660 1172 1713 παραπλή-

127 1736 213 1759 σιον.
235 1720 424 1760 Ἐκδίδωσι
450 1720 540 1758 δὲτὸ
568 1718 691 1772 βληθὲν
719 1718 807 1770 μετὰ
832 1719 862 1757 λ’
889 1720 1023 1772 ἡμέρας
1049 1721 1095 1763 εἷς
1114 1719 1171 1757 τὸν

127 1781 287 1818 Μαιῶτιν
306 1779 444 1829 λίμνην,
465 1779 656 1826 σκωλήκων
677 1778 784 1830 γέμον
795 1786 806 1814 5
819 1779 932 1821 svm<
949 1779 980 1815 δ’
997 1778 1172 1830 αἰφνιδίως

127 1836 350 1889 ἐπιφανέντες
368 1837 522 1888 ἀόρατοι,
547 1837 585 1875 τὸ
606 1837 709 1888 (μὲν)
727 1836 882 1886 κείμενον
901 1836 1169 1889 διαρπάζουσιν,

124 1899 169 1939 ὡς
187 1898 319 1948 ἱστορεῖ
339 1895 604 1942 Κτήσιππος
623 1897 663 1933 ἐν
689 1895 719 1945 β’
738 1897 982 1934 Σκυθικῶν.

540 2008 755 2024 ψ-

193 2093 544 2154 CYDIPPUS
580 2094 1093 2155 MANTINENSIS.

178 2206 375 2257 Cydippus
416 2206 662 2244 Mantinensis
706 2219 729 2243 a
766 2207 960 2246 Clemente
990 2208 1099 2244 Alex.
1134 2208 1171 2242 in

124 2267 262 2302 Strom.
276 2268 309 2311 l,
324 2280 364 2315 p.
385 2266 470 2311 132,
481 2278 558 2301 una
569 2279 654 2302 cum
665 2267 896 2315 Antiphane,
912 2266 1170 2310 Aristodemo,

124 2325 346 2369 Aristotele,
365 2325 656 2373 Philostephano
668 2351 679 2370 ,
697 2326 894 2370 Stratone,
917 2326 1016 2361 inter
1032 2337 1096 2360 eos
1114 2337 1171 2359 re·

126 2384 376 2430 censetur-qui
393 2381 480 2433 Περὶ
498 2382 704 2433 εὑρημάτων
726 2385 957 2432 scripserint.

538 2495 754 2509 —Qoefi—

297 2577 484 2635 DAES
524 2578 995 2635 COLONENSIS.

179 2692 312 2727 Strabo
332 2692 444 2740 XIII,
462 2704 503 2741 p.
525 2689 600 2727 615
623 2704 631 2727 ε
655 2689 756 2736 Φησὶ
775 2689 810 2727 δὲ
830 2689 957 2735 Δάηςὸ
994 2688 1173 2732 Κολωνεὺς

131 2749 164 2784 ἐν
186 2750 366 2791 Κολωναῖς
385 2749 565 2800 ἱδρυθῆναι
583 2750 720 2800 πρῶτον
740 2747 806 2785 ὑπὸ
823 2750 891 2785 τῶν
913 2749 951 2785 ἐκ
964 2751 1025 2794 τῆς
1042 2747 1172 2785 Ἑλλά-

132 2807 186 2850 δος
199 2807 423 2844 πλευσάντων
449 2807 604 2846 Αἰολέων
624 2806 662 2844 τὸ
687 2810 746 2845 τοῦ
771 2806 939 2845 Κιλλαίου
960 2806 1173 2848 Ἀπόλλωνος

129 2863 232 2915 ἱερόν.

516 3015 762 3056 SCYTHICA
771 3045 779 3053 .

169 3119 315 3151 Nascitur
328 3119 359 3151 in
373 3120 506 3153 Phaside
517 3122 620 3162 virga,
634 3124 867 3163 Leucopliyllus
877 3123 974 3162 dicta,
988 3132 1079 3164 quoe,
1094 3123 1172 3155 dum

129 3171 329 3203 celebrantur
344 3174 477 3204 Hecates
490 3175 656 3214 mysteria,
672 3175 832 3207 invenitur
843 3176 927 3207 circa
939 3176 1118 3208 diluculum
1131 3176 1171 3208 ad

128 3223 270 3255 divinam
289 3232 434 3264 paeanum
455 3226 668 3258 cantationem
680 3250 689 3266 ,
710 3228 743 3259 in
759 3228 826 3268 ipso
848 3228 933 3260 veris
951 3228 1060 3269 initio3
1075 3237 1171 3268 quam

129 3275 297 3315 postquam
315 3275 449 3316 zelotypi
467 3276 526 3307 viri
541 3277 754 3317 collegerunt,
778 3279 862 3310 circa
880 3280 1058 3311 thalamum
1075 3280 1171 3320 virgi-

130 3327 236 3358 nalem
259 3327 401 3368 jaciunt,
429 3330 466 3360 ut
486 3338 582 3369 puras
600 3335 789 3362 conservent
805 3333 941 3372 nuptias.
961 3332 1080 3369 Quodsi
1101 3333 1173 3372 quis

132 3379 278 3419 impurus
299 3379 342 3411 ob
365 3379 550 3412 ebrietatem
574 3382 758 3414 insolentius
780 3384 947 3415 accesserit
969 3385 1002 3416 et
1025 3384 1064 3415 ad
1086 3384 1172 3415 hunc

130 3429 235 3461 locum
263 3431 461 3471 pervenerit,
490 3433 597 3464 mente
614 3433 784 3471 alienatur,
816 3435 847 3465 et
872 3435 979 3466 statim
1002 3435 1173 3467 confitetur

130 3489 237 3513 coram
253 3483 419 3522 omuibus,
436 3492 648 3524 quaecumque
665 3484 826 3525 illegitima
841 3489 896 3516 aul
911 3486 983 3517 fecit
999 3488 1054 3517 aut
1068 3487 1170 3518 saclu-

497 288 745 340 CTESIPPI,
777 288 983 328 CYDIPPI
1011 287 1378 336 MANTfflENSffi,
1402 286 1608 335 DAETIS‚
1638 287 1896 334 DALIONIS‚

1603 427 1892 485 DALION.

1283 537 1426 573 Plinius
1439 538 1487 573 H.
1505 538 1550 575 N.
1566 538 1635 582 VI,
1652 549 1682 572 s.
1707 535 1755 572 35
1770 562 1780 581 ,
1800 549 1841 584 p.
1861 535 1935 571 388
1955 536 2016 574 ed.
2036 536 2154 574 Tchn.
2181 538 2272 574 :Si-

1230 598 1315 631 mili
1340 596 1448 631 modo
1472 596 1520 630 de
1552 608 1723 631 mensura
1759 599 1839 641 ejus
1869 594 2002 643 (spatii
2027 595 2133 642 quod
2164 604 2219 632 est
2251 609 2275 632 a

1230 655 1349 701 Syene
1367 653 1414 689 ad
1427 653 1604 703 Meroen)
1620 657 1731 689 varia
1744 654 1957 701 prodidere.
1974 654 2122 689 Primus
2134 656 2274 692 Dalion

1230 712 1328 746 ultra
1357 711 1512 746 Meroen
1548 713 1657 758 longe
1682 719 1894 759 provectus,·
1926 724 2013 747 mox
2040 714 2274 750 Aristocreon

1230 777 1266 805 et
1274 771 1371 805 Bion
1384 777 1421 804 ct
1431 770 1582 814 Basilis,
1604 777 1678 806 etc.
1695 768 1812 818 (Vide
1826 768 1962 818 fragm.
1984 770 2149 821 Basilis).
2163 771 2275 808 Pere-

1230 829 1460 877 grinationes
1490 841 1575 864 suas
1605 829 1737 877 primis
1763 828 2006 877 Philadelphi
2033 831 2277 879 temporibus

1230 887 1367 922 Dalion
1398 887 1598 922 instituisse
1630 886 1795 922 videtur.
1827 887 1979 923 Vossius
2009 885 2066 936 (p.
2107 892 2182 932 424
2209 889 2272 926 ed.

1230 946 1429 982 Westerm.
1443 944 1455 995 )
1475 958 1556 981 non
1567 945 1874 994 distinguendum
1887 957 1961 981 esse
1973 953 2084 995 putat
2092 947 2192 983 inter
2203 949 2277 984 Da·

1231 1005 1387 1048 lionem,
1414 1005 1481 1052 qui
1509 1004 1556 1040 de
1584 1004 1779 1053 AEthiopia
1804 1005 1974 1052 scripsit,
2003 1011 2116 1052 atque
2139 1006 2276 1042 Dalio-

1230 1074 1316 1097 nem
1332 1062 1525 1098 medicum
1537 1089 1547 1107 ‚
1566 1063 1632 1110 qui
1648 1069 1883 1097 memoratur
1901 1074 1965 1110 ap.
1989 1063 2087 1099 Plin.
2107 1064 2159 1102 H.
2178 1065 2222 1100 N.
2236 1064 2278 1100 in

1232 1120 1389 1155 elencho
1422 1128 1623 1156 auctorum
1649 1121 1714 1156 lib.
1749 1121 1822 1158 XX
1846 1119 2078 1171 (Damione,
2097 1122 2270 1166 Dalione,

1231 1175 1455 1229 Sosim-ene),
1472 1179 1569 1215 XXI
1604 1178 1819 1228 (Damione,
1857 1180 2029 1224 Dalione,
2047 1178 2078 1229 ),
2110 1181 2278 1218 XXVIII

1235 1237 1422 1285 (Dalione,
1443 1238 1592 1274 Coecilio
1602 1239 1730 1282 Bz’one,
1746 1239 1811 1285 qui
1823 1235 1911 1287 Περὶ
1923 1236 2116 1287 δυνάμεων,
2131 1242 2278 1275 Anaxi-

1235 1297 1311 1341 lao,
1340 1295 1475 1345 Juba),
1497 1303 1536 1332 et
1549 1297 1642 1342 XX,
1671 1296 1718 1342 73
1736 1309 1777 1345 p.
1793 1294 1867 1332 335
1888 1296 1980 1332 Tch.
2009 1295 2172 1345 (Dalion,
2196 1297 2280 1334 her·

1237 1353 1394 1404 bat-ius).
1423 1356 1586 1391 Damion
1615 1355 1785 1390 medicus
1820 1355 1960 1391 citatur
1981 1355 2048 1394 lib.
2082 1356 2180 1404 XX,
2206 1361 2276 1402 403

1232 1415 1378 1448 Damon
1402 1414 1572 1450 medicus
1587 1440 1598 1459 ‚
1627 1415 1774 1460 XXIV,
1805 1413 1879 1450 150
1906 1414 1968 1452 ed.
1991 1414 2156 1452 Tauchn.
2176 1414 2209 1453 F
2211 1427 2278 1451 or-

1234 1478 1326 1507 tasse
1345 1473 1498 1517 DaHon,
1518 1474 1677 1508 Damion
1698 1479 1735 1508 et
1747 1474 1895 1508 Damon
1913 1485 2010 1508 unus
2021 1479 2078 1509 est
2086 1472 2277 1522 idemque.

1742 1674 1777 1700 1.

1287 1735 1428 1770 Plinius
1446 1736 1495 1771 11.
1518 1736 1562 1772 N.
1578 1736 1643 1784 Vl,
1660 1734 1721 1781 35,
1737 1748 1777 1784 p.
1800 1735 1872 1783 391
1897 1748 1904 1771 :
1927 1737 2046 1784 Regio
2062 1749 2177 1786 supra
2194 1737 2279 1773 Sir-

1234 1794 1359 1837 bitum,
1381 1794 1444 1828 ubi
1463 1795 1635 1829 desinunt
1651 1802 1805 1838 montes,
1832 1795 1992 1830 traditur
2012 1807 2038 1830 a
2058 1796 2279 1843 quibusdam

1235 1851 1374 1887 habere
1396 1856 1603 1887 maritimos
1617 1852 1835 1901 AEthiopas,
1865 1854 2086 1897 Nisicaste5‚
2115 1855 2272 1898 Nisicas,

1234 1912 1333 1958 quod
1353 1912 1544 1959 significat
1564 1913 1706 1948 ternam
1722 1920 1761 1948 et
1774 1915 1991 1960 quaternam
2007 1913 2192 1948 oculorum
2215 1917 2278 1949 vi-

1235 1981 1318 2004 ros:
1343 1982 1416 2004 non
1435 1973 1521 2017 quia
1535 1973 1589 2005 sic
1613 1974 1697 2014 sint,
1723 1971 1793 2005 sed
1815 1973 1905 2018 quia
1917 1973 2065 2017 sagittis
2078 1974 2281 2020 prcecipua

1234 2029 1543 2076 contemplatione
1560 2037 1721 2068 utantur.
1740 2030 1798 2065 Ab
1814 2042 1860 2065 ea
1871 2041 1959 2065 vero
1967 2037 2082 2078 parte
2094 2031 2135 2066 N
2134 2030 2180 2065 ili
2191 2043 2280 2078 quoe

1234 2099 1347 2134 supra
1381 2087 1509 2133 Syrtes
1534 2091 1710 2133 majores,
1751 2099 2001 2135 oceanumque
2027 2087 2277 2123 meridianum

1231 2146 1470 2193 protenditur,
1495 2147 1632 2182 Dalion
1651 2145 1720 2195 (al.
1736 2147 1875 2182 Dallon
1890 2145 1900 2194 )
1913 2154 2062 2182 vocatos
2074 2158 2150 2181 esse
2167 2147 2274 2191 dicit,

1231 2205 1360 2251 pluvia
1388 2212 1527 2239 tantum
1548 2217 1648 2252 aqua
1675 2211 1814 2240 utentes
1836 2205 1994 2247 Cisoros,
2024 2206 2276 2253 Iongoporos.

1234 2263 1292 2298 Ab
1319 2263 1558 2298 OEcalicibus
1570 2263 1714 2299 dierum
1733 2267 1892 2311 quinque
1911 2266 2040 2299 itinere
2063 2263 2271 2307 Usibalcos,

1234 2322 1390 2364 Isuelos,
1423 2320 1628 2365 Pharusos,
1665 2322 1699 2355 V
1699 2322 1810 2365 alios,
1840 2321 1997 2369 Cispios.
2017 2323 2182 2369 Reliqua
2209 2322 2278 2358 de-

1233 2387 1346 2416 serta.
1368 2380 1513 2414 Deinde
1520 2377 1716 2424 fabulosa.

1739 2456 1776 2481 2.

1288 2517 1430 2553 Plinius
1448 2519 1529 2561 VII,
1558 2530 1592 2561 1,
1617 2530 1654 2565 p.
1678 2516 1699 2553 5
1722 2518 1840 2556 Tchn.
1868 2519 2008 2552 :Haud
2020 2519 2203 2554 dissimile
2233 2522 2279 2554 iis

1238 2576 1306 2624 (sc.
1320 2576 1464 2610 Thibiis
1480 2574 1592 2611 Ponti
1607 2577 1764 2624 accolis3
1784 2576 1832 2614 cf.
1853 2576 1899 2611 sr.
1919 2576 2115 2623 Phylarchi
2129 2576 2278 2626 68)ge-

1234 2646 1301 2668 nus
1311 2634 1549 2668 Phar-navum
1564 2637 1600 2668 in
1612 2634 1807 2682 AEthiopia
1820 2635 1989 2682 prodidit
2003 2635 2160 2679 Damon,
2181 2647 2273 2682 quo-

1234 2705 1312 2726 rum
1329 2693 1440 2727 sudor
1458 2693 1579 2727 tabem
1597 2697 1775 2728 contactis
1787 2692 1998 2740 corporibus
2011 2691 2169 2738 asserat.

1286 2751 1432 2785 Damon
1448 2751 1699 2797 probabiliter
1713 2758 1838 2792 ortum
1853 2763 1898 2786 ex
1914 2749 2077 2795 Δάλλων,
2093 2750 2199 2798 quod
2223 2750 2279 2786 fa·-

1235 2809 1305 2843 cile
1325 2808 1429 2842 abire
1454 2809 1582 2855 potuit
1600 2809 1636 2842 in
1655 2810 1803 2843 Damon
1817 2835 1827 2852 ,
1855 2821 1992 2844 nomen
2020 2809 2269 2844 notissimum.

1234 2868 1457 2912 Quanquam
1478 2867 1636 2914 cogitari
1659 2873 1785 2915 posset
1817 2866 1862 2901 de
1879 2868 2053 2902 Damone
2071 2892 2081 2911 ,
2101 2867 2166 2913 qui
2187 2864 2277 2916 Περὶ

1234 2984 1288 3006 rus
1301 2976 1378 3006 erat.
1395 2975 1457 3012 Qui
1478 2983 1553 3006 vero
1570 2983 1669 3015 prope
1690 2976 1812 3012 astant,
1836 2983 1910 3006 eum
1929 2975 2122 3015 corripiunt,
2141 2976 2173 3006 et
2189 2974 2276 3006 corio

1232 3027 1373 3059 insutum
1395 3025 1570 3065 conjiciunt
1589 3026 1621 3056 in
1636 3028 1679 3058 Os
1698 3025 1888 3065 impiorum,
1915 3025 2002 3065 quod
2026 3026 2152 3057 vocant.
2173 3027 2229 3057 Est
2245 3025 2277 3057 id

1231 3079 1404 3111 rotundum
1413 3103 1422 3118 ‚
1438 3079 1600 3119 puteoque
1608 3079 1807 3110 simillimum
1817 3103 1826 3118 ,
1837 3088 1875 3110 ac
1889 3079 2067 3118 proiectum
2080 3088 2195 3120 corpus
2205 3081 2276 3119 post

1232 3131 1361 3171 triginta
1368 3131 1435 3162 dies
1443 3131 1475 3162 in
1485 3130 1665 3162 Maeotidem
1678 3130 1826 3171 paludem
1837 3130 1922 3170 ejicit
1931 3131 2092 3162 vermibus
2104 3131 2272 3162 refertum:

1230 3183 1374 3214 vullurae
1386 3183 1493 3214 autem
1507 3190 1545 3213 ex
1562 3184 1706 3222 tempore
1719 3190 1737 3213 a
1750 3181 1878 3213 nemine
1899 3183 1992 3213 antea
2015 3181 2154 3222 percepti
2165 3181 2276 3221 ¹iacens

1231 3234 1366 3265 cadaver
1383 3233 1586 3274 discerpunt,
1604 3235 1640 3264 ut
1664 3235 1800 3265 testatur
1813 3233 1980 3273 Ctesippus
1999 3232 2139 3264 secundo
2156 3234 2276 3275 Rerum

1231 3286 1464 3326 Scythicarum.

1646 3336 1861 3350 ⁴000*—

1273 3385 1356 3416 Daes
1373 3383 1558 3415 colonensis
1581 3383 1625 3414 ait
1642 3383 1770 3415 colonis
1792 3382 1995 3423 (inTroade)
2012 3371 2155 3423 primum
2163 3389 2274 3414 conse·

1231 3437 1354 3466 eratum
1374 3435 1471 3466 fuisse
1489 3435 1530 3467 ab
1543 3435 1687 3467 AEolibus
1699 3443 1716 3466 e
1735 3434 1857 3467 Graecia
1880 3434 1943 3465 huc
1958 3433 2099 3465 advectis
2117 3433 2274 3473 templum

1236 3487 1387 3528 Apollinis
1399 3487 1512 3519 Cillaei.
