2326 3724
967 166 1305 207 FRAGMENTA.
2163 174 2209 206 79

67 261 150 308 ἡμῖν
173 255 373 309 ἀπέπεμψε.
401 253 755 308 Διανυκτερεύσαντες
783 253 819 292 δὲ
851 253 911 292 καὶ
939 252 1010 291 ἀπὸ
1038 255 1105 291 τῶν

0 315 15 369 ,Α
65 315 167 368 ὁρίων
193 318 254 362 τῆς
272 317 432 354 Ναῖσσοῦ
450 315 514 361 τὴν
534 313 676 366 πορείαν
704 312 934 364 ποιησάμενοι
964 312 1020 350 ἐπὶ
1048 312 1106 350 τὸν

65 373 203 427 Ιστρον
223 373 393 424 ποταμὸν,
412 372 444 417 ἔς
464 388 498 410 τι
517 372 643 425 χωρίον
664 372 883 422 ἐσὸάλλομεν
899 370 1105 424 συνηρεφὲς,

65 431 207 483 καμπὰς
227 431 262 470 δὲ
281 432 340 470 καὶ
357 430 519 482 ἑλιγμοὺς
543 431 603 469 καὶ
620 430 839 483 περιαγωγὰς
858 429 1032 473 πολλὰς”
1013 445 1104 481 εχον.

64 490 127 530 E'v
149 494 243 543 ᾡπερ
265 493 327 537 τῆς
347 489 481 542 ἡμέρας
501 489 763 542 διαφαινούσης,
784 487 951 538 οἷομενοις
971 487 1028 526 ἐπὶ
1047 488 1104 524 δυ-

18 576 25 583 ,
64 547 156 598 σμὰς
186 547 393 596 πορεύεσθαι
424 550 446 594 ἡ
476 551 535 585 τοῦ
566 547 667 594 ἡλίου
697 546 850 593 ἀνατολὴ
882 545 1103 584 κατεναντίον

63 605 172 659 ὤφθη,
185 604 274 644 ὥστε
288 605 365 650 τοὺς
380 605 530 658 ἀπείρως
541 605 681 658 ἔχοντας
692 609 753 652 τῆς
764 610 826 644 τοῦ
839 607 969 658 χωρίου
981 603 1105 648 θέσεως

11 658 17 679 ξ’
63 664 277 711 ἀναὸοῆσαι,
297 659 354 703 οἶα
378 664 419 712 δὴ
439 669 498 703 τοῦ
518 665 617 711 ἡλίου
634 665 696 711 τὴν
718 664 874 703 ἐναντίαν
897 663 1104 714 ποιουμένου

11 725 14 732 ’
63 723 204 775 πορείαν
224 723 284 761 καὶ
315 723 415 775 ἕτερα
440 723 536 776 παρὰ
564 723 608 761 τὰ
634 726 836 777 καθεστῶτα
863 722 1104 774 σημαίνοντος.

64 781 154 821 ’Υπὸ
172 781 207 820 δὲ
224 784 285 827 τῆς
300 785 360 820 τοῦ
380 781 486 820 τόπου
507 782 711 832 ἀνωμαλίας
730 783 789 820 ἐπὶ·
806 781 977 826 ἀνατολὰς
994 782 1107 820 ἐκεῖνο

63 840 104 879 τὸ
124 839 227 894 μέρος
247 839 371 878 ἔὸλεπε
391 843 452 887 τ’ῆς
471 842 564 880 ὁδοῦ.
585 841 691 880 Μετὰ
708 841 744 879 δὲ
772 840 835 888 τὴν
856 841 1053 893 δυσχωρίαν
1070 843 1105 879 ἐν

63 899 171 952 πεδίῳ
186 899 246 938 καὶ
266 901 360 952 αὐτῷ
376 899 500 938 ὑλώδει
518 899 796 953 παραγινόμεθα.
815 900 997 940 Ἐντεῦθεν
1016 900 1105 953 βάρ-

63 956 164 1009 Caput
193 958 358 1010 πορθμεῖς
388 959 423 996 ἐν
455 959 603 1011 σκάφεσι
637 958 850 1009 μονοξύλοις,
884 958 974 1010 ἅπερ
1009 957 1106 996 αὐτοι

64 1016 216 1068 δένδρα’
202 1015 422 1065 εκτέμνοντες
438 1033 498 1055 και
513 1018 756 1069 διαγλύφοντες
772 1018 1104 1064 κατασκευάζουσιν,

63 1074 220 1127 ἐδέχοντο
233 1077 328 1123 ἡμᾶς
341 1074 400 1113 καὶ
415 1075 657 1127 διεπόρθμευον
675 1076 734 1131 τὸν
747 1076 917 1126 ποταμὸν,
929 1077 995 1128 οὐχ
1005 1078 1106 1125 ἡμῶν

62 1132 162 1171 ἕνεκα
179 1134 545 1186 παρασκευασάμενοι,
561 1135 651 1172 ἀλλὰ
665 1135 1002 1189 διαπορθμεύσαντες
1015 1136 1107 1181 πλῆ-

63 1195 118 1235 θος
135 1191 404 1245 βαρὸαρικὸν,
383 1208 468 1244 οπερ
488 1195 572 1243 ἡμῖν
589 1192 680 1231 κατὰ
699 1192 761 1239 τὴν
782 1193 858 1231 ὁδὸν
888 1192 1104 1240 ἀπηντήκει,

64 1254 120 1289 οἱα
138 1250 179 1297 δὴ
202 1252 449 1303 βουλομένου
431 1269 476 1296 ως
495 1252 552 1290 ἐπὶ
570 1252 678 1313 θήραν
698 1252 848 1300 Ἀττήλα
866 1252 1089 1291 διαὸαίνειν’
1075 1269 1107 1296 ες

64 1307 126 1356 τὴν
149 1310 341 1360 Ῥωμαίων
356 1327 435 1362 γην.
458 1313 572 1350 Τοῦτο
591 1310 627 1349 δὲ
648 1315 689 1358 ἠν
708 1312 862 1361 πολέμου
882 1311 1107 1363 παρασκευὴν

61 1367 258 1421 ποιουμένῳ
288 1369 516 1421 (παρασκευὴ
542 1369 757 1420 ποιουμένηῗ
776 1371 840 1420 Β.)
871 1373 920 1420 τῷ
942 1370 1109 1423 βασιλείῳ

62 1426 201 1478 Σκύθῃ,
222 1428 394 1479 προφάσει
418 1431 478 1466 τοῦ
502 1427 550 1478 μὴ
575 1429 710 1471 πάντας
730 1429 824 1481 αὐτῷ
854 1428 930 1472 τοὺς
955 1428 1110 1481 φυγάδας

63 1484 234 1524 δεδόσθαι.
259 1486 518 1538 Περαιωθέντες
546 1486 582 1524 δὲ
608 1485 666 1524 τὸν
697 1486 833 1539 Ἴστρον
860 1486 921 1524 καὶ
948 1486 1009 1525 σὺν
1041 1492 1110 1530 τοῖς

65 1543 251 1596 βαρὸἄροις
270 1546 316 1587 ὣς
335 1544 364 1582 o‘
395 1544 616 1597 πορευθέντες
647 1544 824 1593 σταδίους,
853 1546 886 1583 ἐν
917 1545 1025 1597 πεδίῳ
1044 1545 1110 1584 τινὶ

39 1635 41 1637 .
64 1601 236 1653 ἐπιμένειν
251 1603 536 1653 ἠναγκάσθημεν,
553 1603 643 1642 ὥστε
659 1603 738 1648 τοὺς
752 1603 842 1655 ἀμφὶ
858 1603 915 1642 τὸν
931 1603 1110 1643 Ἐδέκωνα

62 1663 112 1713 τῷ
140 1659 289 1714 Ἀττήλᾳ
311 1661 471 1712 γενέσθαι
500 1665 561 1709 τῆς
579 1662 753 1714 ἡμετέρας
773 1662 920 1716 ἀφίξεως
939 1662 1107 1713 μηνυτάς.

66 1719 362 1769 Καταμεινάντων
389 1719 425 1758 δὲ
454 1719 515 1759 συν
544 1724 629 1772 ἡμῖν
661 1737 721 1759 και
751 1724 820 1760 τῶν
849 1720 1109 1772 ξεναγησάντων

64 1780 157 1836 ἡμας
175 1778 374 1831 βαρὸάρων,
404 1780 493 1833 ἀμφι
514 1760 632 1827 δείλην
655 1779 758 1833 ὀψίαν
781 1781 930 1818 δεῖπνον
933 1782 1034 1830 ἡμῶν
1055 1783 1110 1819 αἱ·

66 1835 252 1889 ρουμένων,
274 1837 394 1891 κρότος
412 1837 568 1876 ἵππωνε
550 1855 596 1883 ως
618 1840 746 1887 ἡμᾶς
731 1838 928 1913 ερχομένων
947 1839 1106 1886 ἠκούετο.

65 1895 137 1934 Καὶ
152 1894 235 1941 δὴ”
212 1896 330 1947 ανδρες
347 1896 407 1935 δύο
424 1897 695 1950 Σκύθαιπαρεγί
697 1913 794 1936 νοντο
810 1901 856 1941 ὡς
868 1897 926 1935 τὸν
941 1898 1111 1945 Ἀττήλαν

1165 256 1259 304 ἡμᾶς
1289 252 1429 291 ἀπιέναι
1458 252 1790 305 παρακελευόμενοι.
1823 251 1947 304 Ἧμῶν
1979 253 2015 293 δὲ
2045 255 2210 309 πρότερον

1166 312 1223 350 ἐπὶ
1245 311 1284 350 τὸ
1313 312 1446 349 δεῖπνον
1476 310 1598 355 αὐτοὺς
1618 311 1726 349 ἐλθεῖν
1758 312 1992 362 αἰτησάντων,
2018 313 2211 358 ἀποὸάντες

1165 373 1232 408 τῶν
1249 370 1368 408 ἵππων
1388 368 1628 422 εὐωχήθησαν,
1645 369 1703 408 καὶ
1720 371 1805 419 ἡμῖν
1822 373 1882 416 τῆς
1897 372 1974 408 ὁδοῦ
1988 374 2030 422 τῇ
2047 372 2211 424 ὑστεραίᾳ

1164 429 1353 479 ἡγήσαντο.
1359 427 1677 501 ῊΠαραγενομένων
1701 427 1735 466 δὲ
1757 430 1790 472 ἐς
1818 428 1879 471 τὰς
1907 429 2056 473 Ἀττήλα
2083 430 2213 477 σκηνὰς

1166 487 1256 548 ἀμφὶ
1288 488 1317 526 θ’
1339 491 1399 534 τῆς
1424 487 1558 538 ἡμέρας
1581 486 1654 539 ὥρα
1685 486 1831 537 (πολλαι
1850 486 1886 525 δὲ
1907 488 2002 525 αὐτῶ
2022 487 2210 540 ἐτύγχανον

1165 540 1283 597 οὖσαι)
1295 578 1305 594 ,
1330 546 1389 585 ἐπί
1407 562 1443 584 τε
1459 546 1566 598 λόφου
1586 546 1673 589 τινὸς
1690 549 1943 593 σκηνοποιῆσαι
1962 546 2211 598 βουληθέντων,

1165 607 1196 643 οἱ
1217 606 1435 658 ἐπιτυχόντες
1459 605 1673 643 διεκώλυσαν
1703 605 1895 658 βάρὸαροι,
1924 607 1970 648 ὡς
1985 608 2046 652 τῆς
2065 605 2211 652 Ἀττήλα

1166 665 1200 701 ἐν
1230 665 1405 716 χθαμαλῷ
1434 662 1657 715 ὑπαρχούσης
1683 666 1826 710 σκηνῆς.
1863 662 2147 702 Καταλυσοίντων
2176 664 2212 701 δὲ

1166 721 1252 760 ὅπου
1272 727 1343 765 τοῖς
1372 722 1521 765 Σκύθαις
1542 722 1675 772 ἐδόκει,
1701 722 1853 761 Ἐδέκων
1876 722 1936 760 καὶ
1962 721 2131 772 Ὀρέστης
2151 722 2212 759 καὶ

1167 781 1323 825 Σκόττας
1340 780 1399 818 καὶ
1416 780 1525 834 ἕτεροι
1543 783 1611 819 τῶν
1629 782 1663 818 ἐν
1678 782 1791 824 αὐτοῖς
1810 781 1966 832 λογάδων
1981 776 2066 827 ἧκον
2084 783 2212 833 ἀνερω-

1166 842 1290 883 τῶντες
1305 838 1404 877 τίνων
1419 845 1536 891 τυχεῖν
1549 839 1799 883 ἐσπουδακότες
1813 839 1876 887 τὴν
1890 839 2078 891 πρεσὸείαν
2096 839 2211 878 ποιού-

1168 901 1270 949 μεθα.
1292 898 1415 948 Ἥμῶν
1436 898 1471 936 δὲ
1488 897 1550 945 τὴν
1566 898 1690 949 ἄλογον
1711 899 2026 949 ἀποθαυμαζόντων
2044 898 2212 951 ἐρώτησιν

1167 957 1226 995 καὶ
1259 958 1291 1000 ἐς
1317 957 1490 1004 ἀλλήλους
1514 957 1685 1010 ὁρώντων,
1705 958 1878 996 διετέλουν
1907 958 1991 1011 πρὸς
2017 957 2123 1009 ὄχλου
2153 960 2214 1004 τ’ἧς

1169 1015 1384 1069 ἀποκρίσεως
1400 1015 1499 1054 ἕνεκα
1513 1015 1701 1068 γινόμενοι.
1719 1015 1896 1055 Εἰπόντων
1912 1016 1969 1067 δὲ,
1989 1016 2135 1069 Ἀττήλα
2154 1016 2213 1054 καὶ

1168 1077 1233 1127 οὐχ
1251 1074 1377 1128 ἑτέροις
1396 1075 1508 1127 λέγειν
1528 1076 1674 1127 βασιλέα
1688 1076 2032 1128 παρακελεύσασθαι,
2051 1076 2214 1128 χαλεπή-

1167 1149 1227 1178 νας
1247 1135 1404 1178 Σκόττας
1435 1134 1645 1187 ἀπεκρίνατο
1671 1139 1731 1173 τοῦ
1763 1138 1857 1188 σφῶν
1884 1138 1996 1174 αὐτῶν
2021 1135 2213 1187 ἡγουμένου

1170 1193 1346 1244 ἐπίταγμα
1367 1188 1472 1231 εἶναι·
1499 1195 1538 1232 οὗ
1559 1195 1626 1246 γὰρ
1649 1193 1690 1232 ἂν
1713 1194 2036 1247 πολυπραγμοσύνῃ
2061 1194 2211 1248 σφετέρᾳ

1169 1252 1256 1304 παρ’
1281 1255 1375 1302 ἡμᾶς
1406 1252 1620 1299 ἐληλυθέναι.
1643 1254 1842 1300 Φησάντων
1872 1254 1908 1292 δὲ
1937 1253 1986 1304 μὴ
2017 1257 2136 1292 τοῦτον
2156 1253 2214 1291 ἐπὶ

1168 1316 1237 1354 τοῖς
1252 1310 1420 1363 πρεσὸεσι
1440 1314 1574 1350 κεῖσθαι
1589 1311 1647 1350 τὸν
1669 1311 1786 1363 νόμον,
1803 1311 1893 1350 ὥστε
1916 1312 1964 1364 μὴ
1986 1312 2213 1364 ἐντυγχάνον-

1169 1385 1244 1418 τας,
1271 1370 1394 1420 μηδὲ’
1380 1386 1412 1413 ες
1431 1370 1544 1422 ὅψιν’
1529 1370 1735 1445 ερχῒομένους
1754 1373 1839 1423 παρ’
1859 1371 1916 1415 οὓς
1933 1371 2144 1419 ἐστάλησαν,
2169 1372 2214 1409 δι’

1170 1427 1294 1480 ἑτέρων
1316 1428 1595 1481 ἀνακρίνεσθαι
1575 1445 1622 1467 ων
1637 1429 1738 1467 ἕνεκα
1754 1429 2017 1482 πρεσὸεύοιντο,
2038 1446 2097 1468 και
2112 1433 2215 1468 τοῦτο

1170 1486 1256 1537 μηδὲ
1278 1487 1400 1530 αὐτους
1415 1488 1547 1538 ἀγνοεῖν
1562 1487 1699 1530 Σκύθας
1713 1488 1842 1538 θαμινὰ
1857 1505 1954 1541 παρα
1972 1488 2119 1540 βασιλέα
2133 1504 2215 1540 πρε-

1170 1545 1420 1596 σὸευομένους·
1436 1549 1564 1598 χρῆναι
1579 1545 1615 1584 δὲ
1629 1550 1697 1584 τῶν
1711 1546 1795 1585 ἴσων
1807 1554 1936 1601 κυρεῖν,
1954 1548 2002 1597 μὴ
2017 1547 2084 1599 γὰρ
2102 1548 2216 1592 ἄλλως

1169 1621 1212 1642 τα
1232 1621 1294 1651 της
1319 1605 1506 1656 πρεσὸείας
1532 1608 1638 1658 ἐρεῖν·
1670 1607 1715 1649 ὡς
1736 1606 1792 1644 τὸν
1828 1606 1995 1654 Ἀττήλαν
2025 1606 2216 1654 ἀνέζευξαν,

1171 1678 1231 1701 και
1258 1667 1352 1707 αὖθις
1380 1666 1552 1710 ἐπανῆκον
1583 1663 1775 1708 Ἐδέκωνος
1803 1680 1929 1718 χωρις,
1957 1665 2017 1704 καὶ
2052 1665 2213 1710 ἅπαντα,

1171 1737 1251 1775 περι
1279 1738 1327 1759 ων
1358 1721 1637 1775 ἔπρεσὸευόμεθα
1654 1753 1664 1773 ,
1693 1723 1826 1774 ἔλεγον,
1860 1724 2143 1775 προστάττοντες
2156 1724 2217 1770 τὴν

1171 1781 1344 1833 ταχίστην
1368 1782 1527 1829 ἀπιέναι,
1551 1784 1579 1820 εἷ
1603 1782 1651 1832 μὴ
1669 1782 1769 1835 ἕτερα
1791 1783 1971 1836 φράζειν“’
1953 1799 2107 1836 εχοιμεν.
2132 1783 2218 1822 'Exti

1172 1839 1209 1878 δὲ
1225 1843 1294 1884 τοῖς
1313 1842 1466 1892 λεχθεῖσι
1483 1841 1587 1880 πλέον
1609 1841 1658 1879 ἔτι
1684 1843 1892 1894 ἀποροῦντες
1919 1844 1979 1893 (οὐ
2000 1842 2066 1894 γὰρ
2085 1837 2127 1890 ἦν
2145 1844 2218 1895 ἐφι-

1173 1899 1254 1937 κτὸν
1274 1898 1454 1951 γινώσκειν
1476 1899 1569 1943 ὅπως
1600 1899 1730 1947 ἔκδηλα
1757 1901 1904 1951 ἐγεγόνει
1924 1900 1967 1938 τὰ
1994 1904 2078 1938 θεῶν
2102 1905 2217 1952 παρά-

61 2022 179 2062 quibus
196 2024 237 2055 ad
250 2025 380 2057 Attilam
409 2026 598 2066 scripserat,
624 2027 799 2067 explerent.
827 2028 999 2059 Hominem
1014 2027 1110 2068 igitur

69 2076 275 2108 convenimus
285 2101 295 2117 ,
311 2078 344 2109 et
359 2078 503 2118 quinque
515 2080 666 2119 prolugos
682 2079 805 2110 Hunnis
819 2080 946 2111 tradere
956 2081 1108 2121 praecepi-

61 2134 147 2166 mus,
161 2136 242 2168 quos
252 2129 358 2160 verbis
368 2129 550 2161 consolatus
562 2130 728 2161 nobiscum
747 2130 877 2163 dimisit.
892 2133 991 2164 Nocte
1003 2133 1109 2163 trans-

60 2182 150 2217 acta,
172 2188 191 2210 a
208 2180 372 2212 montibus
393 2180 494 2213 Naissi
511 2183 630 2213 Istrum
652 2191 764 2214 versus
780 2184 964 2223 pergentes,
993 2183 1027 2215 in
1052 2192 1109 2215 an·

61 2232 187 2271 gustam
201 2232 379 2264 convallem
407 2241 464 2273 per
480 2233 629 2274 obliquos
652 2234 754 2266 flexus
775 2235 807 2266 et
819 2235 971 2267 circuitus
991 2235 1111 2268 multos

61 2282 244 2314 deserimur.
261 2283 319 2315 Hic
333 2293 434 2324 quum
445 2284 528 2319 inea
541 2285 690 2326 opinione
699 2294 855 2324 essemus,
869 2286 948 2318 utin
961 2295 1110 2319 occasum

61 2333 120 2366 iter
133 2334 264 2366 tendere
276 2335 532 2368 existimaremus
541 2360 550 2375 ,
564 2337 873 2378 simulatqueilluxit
886 2338 932 2370 sol
945 2340 1108 2380 exoriens,

61 2394 130 2418 sese
145 2395 184 2418 ex
197 2387 331 2419 adverso
347 2389 450 2420 oculis
468 2390 584 2422 nostris
593 2389 719 2429 objecit.
738 2392 852 2431 ltaque
868 2391 922 2431 qui
936 2391 998 2423 loci
1013 2392 1109 2424 situm

61 2438 249 2478 ignorabant
261 2441 462 2481 exclamare,
483 2443 639 2483 tanquam
659 2443 705 2475 sol
723 2443 918 2476 contrarium
933 2445 1024 2476 solito
1037 2454 1109 2476 cur-

63 2499 134 2522 sum
154 2491 345 2530 conticeret,
364 2493 396 2524 et
414 2493 617 2526 abhorrentia
632 2503 650 2526 a
674 2495 847 2527 constituto
869 2504 977 2528 rerum
1000 2497 1111 2529 ordine

63 2541 242 2581 designaret
259 2552 266 2574 :
281 2543 335 2574 sed
360 2546 488 2585 propter
500 2545 563 2577 loci
579 2546 831 2586 inaequalitatem
846 2547 898 2579 via
914 2556 950 2579 ea
965 2549 1055 2588 parte
1070 2547 1111 2579 ad

64 2594 230 2625 Orientem
246 2596 378 2634 spectat.
396 2598 444 2627 Ex
466 2596 521 2628 illo
533 2596 652 2629 difficili
666 2599 698 2629 et
713 2597 813 2630 arduo
830 2599 900 2630 loco
916 2599 956 2630 ad
969 2599 1063 2640 plana
1078 2600 1111 2632 et

63 2647 218 2687 uliginosa
233 2647 429 2680 devenimus.
447 2649 505 2681 Hic
517 2659 577 2682 nos
591 2650 716 2682 barbari
734 2651 905 2692 portitores
928 2652 959 2684 in
987 2652 1112 2693 scaphis

65 2699 160 2731 unico
176 2700 260 2740 ligno
282 2702 518 2742 constantibus,
537 2711 616 2743 quas
631 2704 799 2736 arboribus
823 2705 918 2737 se'ctis
938 2706 971 2737 et
992 2705 1112 2737 cavatis

63 2751 238 2792 adornant·,
256 2756 468 2795 exceperunt,
485 2756 518 2787 et
533 2755 654 2788 flumen
663 2757 921 2790 transmiserunt.
966 2759 1005 2790 Et
1015 2758 1112 2790 lembi

66 2803 195 2844 quidem
211 2804 343 2836 minime
358 2805 398 2836 ad
412 2814 470 2837 nos
485 2806 700 2840 traducendos
711 2831 720 2846 ‚
743 2807 798 2840 sed
814 2808 854 2840 ad
873 2809 1112 2843 multitudinem

67 2853 277 2887 barbarorum
299 2856 520 2896 trajiciendam
542 2860 634 2890 erant
664 2860 851 2900 praeparati,
873 2869 947 2901 quae
971 2861 1064 2894 nobis
1080 2863 1113 2894 in

65 2905 116 2937 via
133 2910 334 2948 occurrerat,
351 2909 426 2949 quia
443 2909 557 2941 Attilas
569 2910 610 2941 ad
626 2911 826 2943 venationem
839 2912 872 2943 in
895 2914 1113 2945 Romanorum

67 2957 146 2990 finae
163 2959 338 2999 transgredi
352 2959 459 2992 vellet.
478 2962 601 2993 Revera
613 2964 720 2994 autem
735 2962 854 2995 bellurn
873 2965 986 2996 contra
998 2966 1113 2997 Rorna-

68 3017 126 3041 nos
135 3011 276 3050 paravit,
291 3010 341 3051 cuj
347 3020 382 3042 us
391 3011 519 3051 gerendi
532 3013 731 3045 occasionem
741 3015 904 3051 sumebat,
915 3016 999 3056 quod
1013 3018 1113 3049 trans·

16 3076 18 3078 ·
67 3058 150 3100 tugae
164 3069 230 3092 non
250 3061 470 3096 redderentur.
490 3065 689 3097 Transmisso
705 3068 788 3097 Istro
800 3089 808 3105 ‚
828 3067 1028 3107 septuaginta
1047 3069 1114 3101 sere

67 3112 243 3145 stadiorum
256 3113 318 3146 iter
327 3124 402 3147 cum
415 3116 560 3148 barbaris
573 3118 692 3149 emensi
707 3118 738 3149 in
753 3127 866 3159 eampo
879 3119 1019 3159 quodam
1041 3121 1114 3153 suh-

69 3163 178 3197 sistere
193 3165 295 3197 coacti
314 3174 443 3206 sumus,
461 3168 615 3209 tantisper
627 3168 705 3200 dum
724 3169 850 3202 Edecon
867 3171 997 3203 Attilam
1015 3174 1115 3205 nostri

68 3213 224 3247 adventus
246 3216 413 3249 certiorem
431 3219 563 3258 faceret,
583 3220 787 3252 manentibus
811 3221 931 3253 interea
946 3223 1113 3255 nobiscum

69 3275 110 3298 ex
129 3266 289 3306 barbaris,
306 3267 361 3308 qui
377 3277 436 3301 nos
449 3271 539 3302 erant
551 3270 730 3303 deducturi.
756 3272 850 3304 Circa
866 3282 1029 3314 vesperam
1054 3284 1114 3306 no-

68 3316 117 3349 bis
129 3318 347 3359 coenantibus,
364 3320 493 3353 auditus
508 3325 555 3353 est
575 3323 727 3363 strepitus
739 3332 895 3364 equorum
921 3325 961 3356 ad
981 3335 1040 3358 nos
1058 3335 1113 3358 ve-

70 3370 235 3403 nientium.
280 3373 320 3403 Et
345 3371 410 3404 duo
431 3373 492 3405 viri
519 3375 647 3415 Scythae
662 3375 878 3417 advenerunt,
902 3378 956 3418 qui
990 3387 1048 3410 nos
1073 3379 1114 3410 ad

1173 2027 1304 2059 Attilam
1323 2028 1433 2060 venire
1443 2028 1617 2068 jusserunt.
1665 2029 1761 2061 Nobis
1774 2038 1851 2060 vero
1867 2030 1955 2070 prius
1970 2038 2024 2061 eos
2036 2030 2077 2061 ad
2092 2039 2218 2061 coenam

1170 2079 1322 2111 accedere
1336 2080 1520 2119 rogantibus
1531 2104 1541 2120 ,
1561 2080 1601 2112 de
1610 2081 1701 2121 equis
1716 2081 1942 2112 descendentes
1954 2090 2017 2112 una
2033 2083 2218 2113 convivium

1170 2130 1328 2170 inierunt,
1343 2133 1374 2163 et
1388 2131 1537 2172 postridie
1559 2133 1643 2163 viam
1658 2134 1837 2172 praeeuntes
1855 2132 2129 2165 demonstrarunt.
2148 2136 2218 2171 Qua

1169 2181 1220 2213 die
1231 2182 1307 2214 liora
1322 2183 1387 2214 sere
1400 2192 1483 2214 nona
1491 2184 1530 2214 ad
1541 2184 1649 2216 Attilae
1659 2185 1797 2216 tentoria
1812 2185 2015 2224 pervenimus
2027 2193 2116 2216 :nam
2127 2187 2218 2216 erant

1169 2233 1197 2265 ei
1211 2234 1359 2274 plurima.
1378 2236 1418 2266 Et
1430 2243 1530 2274 quum
1550 2236 1580 2266 in
1598 2236 1679 2267 colle
1693 2235 1834 2275 quodam
1857 2237 1995 2268 tentoria
2011 2236 2105 2276 figere
2122 2237 2218 2269 velle-

1169 2294 1259 2324 muS‚
1273 2286 1361 2318 obvii
1374 2288 1503 2319 barbari
1529 2287 1784 2328 prohibuerunt,
1813 2289 1966 2328 quoniam
1985 2289 2092 2321 Attilae
2111 2291 2219 2320 tento-

1169 2337 1252 2369 rium
1269 2339 1350 2370 esset
1363 2339 1394 2370 in
1410 2339 1542 2379 planitie
1555 2340 1708 2380 positum.
1724 2340 1939 2377 Quamobrem
1950 2340 1991 2372 ad
2009 2341 2218 2372 barbarorum

1169 2389 1337 2422 arbitrium
1352 2391 1460 2422 locum
1474 2391 1602 2423 tentorii
1618 2391 1796 2423 collocandi
1811 2392 1966 2432 cepimus.
1983 2394 2055 2424 Huc
2072 2393 2197 2424 Edecon
2209 2417 2218 2430 ,

1171 2443 1310 2481 Orestes,
1327 2444 1437 2475 Scotta
1450 2444 1482 2474 et
1493 2443 1546 2474 alii
1557 2452 1599 2474 ex
1614 2443 1739 2484 Scythis
1752 2444 1907 2484 primores
1918 2453 1994 2475 mox
2004 2444 2216 2483 advenerunt,

1169 2495 1258 2525 etex
1283 2494 1374 2526 nobis
1389 2495 1606 2535 quaesierunt,
1622 2504 1761 2535 quarum
1790 2504 1899 2527 rerum
1922 2496 2219 2536 consequendarum

1169 2546 1269 2586 gratia
1285 2547 1369 2579 lianc
1384 2548 1576 2588 legationem
1597 2550 1857 2589 suscepissemus.
1902 2551 1966 2581 Nos
1984 2558 2059 2581 vero
2081 2549 2219 2581 invicem

1169 2598 1305 2638 intueri,
1318 2601 1350 2631 et
1364 2602 1429 2631 tam
1451 2599 1591 2640 ineptam
1610 2601 1904 2640 percunctationem
1925 2600 2085 2632 admirari.
2104 2601 2151 2632 llli
2170 2602 2219 2632 ni-
2270 2624 2273 2627 .

1170 2651 1342 2684 liilominus
1360 2661 1579 2692 perseverare,
1595 2654 1627 2684 et
1640 2653 1732 2684 nobis
1744 2677 1753 2693 ,
1770 2654 1808 2684 ut
1820 2653 2102 2693 responderemus,
2120 2654 2219 2684 insta·

1170 2703 1260 2735 bant.
1304 2707 1346 2736 At
1362 2713 1463 2745 quum
1485 2705 1543 2736 soli
1557 2705 1665 2736 Attilae
1677 2728 1686 2743 ,
1707 2713 1771 2735 non
1784 2705 1854 2736 aliis
1882 2705 2107 2744 iinperatorem
2125 2713 2218 2735 man-

1170 2754 1246 2787 data
1260 2764 1421 2796 exponere
1431 2756 1560 2796 jussisse
1576 2756 1847 2796 respondissemus
1856 2780 1865 2795 ,
1877 2757 1986 2788 Scotta
1995 2756 2146 2794 offensus,
2159 2756 2220 2786 lioc

1170 2808 1230 2840 sibi
1244 2817 1263 2840 a
1277 2818 1336 2840 suo
1346 2809 1427 2840 duce
1443 2811 1639 2850 praeceptum
1653 2818 1722 2841 esse
1747 2809 1830 2840 dixit
1841 2833 1850 2848 ‚
1865 2818 1969 2849 neque
1987 2818 2043 2841 sua
2057 2811 2168 2849 sponte
2186 2817 2221 2840 se

1171 2860 1211 2892 ad
1229 2869 1289 2892 nos
1310 2861 1446 2892 venisse.
1474 2862 1538 2892 Nos
1550 2869 1628 2892 vero
1640 2861 1812 2900 obtestari,
1829 2869 1989 2901 nusquam
2014 2861 2095 2892 hanc
2118 2861 2219 2900 legem

1171 2912 1284 2952 legatis
1319 2912 1500 2953 impositam
1512 2937 1521 2951 ‚
1545 2914 1582 2944 ut
1609 2921 1666 2953 per
1704 2913 1782 2944 alios
1807 2911 1956 2944 mandata
1981 2912 2078 2944 edant
2105 2914 2137 2944 et
2163 2921 2219 2952 pa-

1172 2964 1240 2995 lam
1260 2963 1394 3002 saciant‚
1417 2965 1590 3004 antequam
1612 2973 1683 3004 eos,
1700 2964 1741 2995 ad
1758 2973 1840 3005 quos
1867 2965 1952 2996 missi
1968 2965 2050 3003 sint,
2064 2964 2218 3000 adierint,

1174 3017 1208 3047 et
1221 3015 1252 3046 in
1271 3017 1476 3056 conspectum
1489 3024 1601 3047 eorum
1612 3017 1770 3047 venerint.
1815 3018 1926 3056 Neque
1939 3016 2000 3047 hoc
2019 3016 2152 3056 Scythas
2168 3024 2220 3046 ne·

1172 3067 1272 3106 scire,
1290 3067 1344 3107 qui
1358 3075 1576 3107 saepenumero
1602 3067 1721 3107 legatos
1745 3067 1785 3098 ad
1802 3067 2028 3108 imperatorem
2060 3067 2218 3098 miserint.

1173 3118 1260 3150 Idem
1274 3120 1307 3150 et
1319 3118 1411 3150 nobis
1420 3119 1602 3159 contingere
1611 3128 1668 3159 par
1678 3128 1745 3151 esse
1755 3144 1764 3159 ‚
1782 3128 1886 3159 neque
1899 3119 1990 3151 aliter
2002 3127 2059 3150 nos
2069 3118 2220 3150 mandata

1173 3178 1241 3202 esse
1252 3170 1406 3202 dicturos.
1422 3171 1546 3207 Quibus
1559 3171 1676 3203 auditis
1688 3171 1729 3203 ad
1742 3171 1872 3203 Attilam
1889 3172 2114 3211 perrexerunt,
2134 3169 2220 3203 unde

1174 3230 1238 3253 non
1251 3222 1354 3253 multo
1369 3224 1437 3262 post
1454 3222 1520 3254 sine
1536 3222 1683 3254 Edecone
1693 3223 1962 3262 reversi,⁴0mnia,
1977 3231 2051 3262 quae
2070 3230 2143 3252 cum
2158 3221 2220 3252 illis

1173 3282 1266 3314 agere
1281 3274 1314 3305 in
1342 3274 1502 3306 mandatis
1532 3274 1728 3307 habebamus
1740 3299 1749 3315 ,
1770 3275 1939 3314 dixerunt,
1966 3273 2218 3313 confestimque,

1174 3327 1233 3358 nisi
1246 3327 1322 3367 quid
1337 3327 1423 3358 aliud
1434 3327 1525 3359 nobis
1535 3337 1609 3359 cum
1623 3328 1684 3359 illis
1697 3328 1741 3359 rei
1756 3329 1858 3367 esset,
1872 3327 2034 3359 discedere
2046 3327 2217 3366 jusserunt.

1176 3383 1256 3418 Quae
1273 3379 1326 3412 ubi
1352 3380 1555 3421 audivimus,
1577 3381 1691 3413 animis
1715 3381 1803 3413 dubii
1828 3381 2033 3421 suspensique
2058 3377 2217 3409 haesimus.
