<?xml version="1.0" encoding="UTF-8"?>
<!DOCTYPE html PUBLIC "-//W3C//DTD XHTML 1.0 Transitional//EN"
    "http://www.w3.org/TR/xhtml1/DTD/xhtml1-transitional.dtd">
<html xmlns="http://www.w3.org/1999/xhtml" xml:lang="en" lang="en">
 <head>
  <title>
</title>
<meta http-equiv="Content-Type" content="text/html;charset=utf-8" />
  <meta name='ocr-system' content='tesseract 3.04.00' />
  <meta name='ocr-capabilities' content='ocr_page ocr_carea ocr_par ocr_line ocrx_word'/>
</head>
<body>
  <div class='ocr_page' id='page_1' title='image "./fragmentahistori04mueluoft_0173.png"; bbox 0 0 2326 3724; ppageno 0'>
   <div class='ocr_carea' id='block_1_1' title="bbox 996 190 1332 232">
    <p class='ocr_par' dir='ltr' id='par_1_1' title="bbox 996 190 1332 232">
     <span class='ocr_line' id='line_1_1' title="bbox 996 190 1332 232; baseline -0.006 0"><span class='ocrx_word' id='word_1_1' title='bbox 996 190 1332 232; x_wconf 85' lang='lat' dir='ltr'><strong>FRAGMENTA.</strong></span> 
     </span>
    </p>
   </div>
   <div class='ocr_carea' id='block_1_2' title="bbox 75 278 1142 2502">
    <p class='ocr_par' dir='ltr' id='par_1_2' title="bbox 75 278 1124 631">
     <span class='ocr_line' id='line_1_2' title="bbox 75 278 1116 338; baseline -0.009 -12"><span class='ocrx_word' id='word_1_2' title='bbox 75 284 250 334; x_wconf 79' lang='grc' dir='ltr'>ἐδόξαζεν,</span> <span class='ocrx_word' id='word_1_3' title='bbox 268 286 325 338; x_wconf 79' lang='grc' dir='ltr'>ἀφ’</span> <span class='ocrx_word' id='word_1_4' title='bbox 348 278 411 336; x_wconf 64' lang='grc' dir='ltr'>οὗ]</span> <span class='ocrx_word' id='word_1_5' title='bbox 430 280 616 335; x_wconf 75' lang='grc' dir='ltr'>ὁμότεχνός</span> <span class='ocrx_word' id='word_1_6' title='bbox 637 297 688 326; x_wconf 89' lang='grc' dir='ltr'>τις</span> <span class='ocrx_word' id='word_1_7' title='bbox 715 279 880 323; x_wconf 65' lang='grc' dir='ltr'>αἰτιαθεὶς</span> <span class='ocrx_word' id='word_1_8' title='bbox 900 281 957 318; x_wconf 74' lang='grc' dir='ltr'>ὑπ’</span> <span class='ocrx_word' id='word_1_9' title='bbox 984 281 1089 318; x_wconf 75' lang='grc' dir='ltr'>αὑτοῦ</span> <span class='ocrx_word' id='word_1_10' title='bbox 1106 307 1116 327; x_wconf 87' lang='grc'>,</span> 
     </span>
     <span class='ocr_line' id='line_1_3' title="bbox 75 337 1119 395; baseline -0.009 -11"><span class='ocrx_word' id='word_1_11' title='bbox 75 347 122 390; x_wconf 82' lang='grc' dir='ltr'>ὥς</span> <span class='ocrx_word' id='word_1_12' title='bbox 151 343 194 393; x_wconf 88' lang='grc' dir='ltr'>δὴ</span> <span class='ocrx_word' id='word_1_13' title='bbox 216 349 350 382; x_wconf 82' lang='grc' dir='ltr'>παιᾶνα</span> <span class='ocrx_word' id='word_1_14' title='bbox 378 341 608 395; x_wconf 77' lang='grc' dir='ltr'>ὑφελόμενος,</span> <span class='ocrx_word' id='word_1_15' title='bbox 628 340 664 380; x_wconf 83' lang='grc' dir='ltr'>ὃν</span> <span class='ocrx_word' id='word_1_16' title='bbox 693 339 794 385; x_wconf 79' lang='grc' dir='ltr'>αὐτὸς</span> <span class='ocrx_word' id='word_1_17' title='bbox 821 338 983 387; x_wconf 82' lang='grc' dir='ltr'>ἐποίησεν</span> <span class='ocrx_word' id='word_1_18' title='bbox 998 368 1010 390; x_wconf 94' lang='grc'>,</span> <span class='ocrx_word' id='word_1_19' title='bbox 1033 337 1119 383; x_wconf 81' lang='grc' dir='ltr'>ἐξω-</span> 
     </span>
     <span class='ocr_line' id='line_1_4' title="bbox 77 397 1121 455; baseline -0.008 -13"><span class='ocrx_word' id='word_1_20' title='bbox 77 403 213 455; x_wconf 90' lang='grc' dir='ltr'>μόσατο</span> <span class='ocrx_word' id='word_1_21' title='bbox 232 402 282 455; x_wconf 83' lang='grc' dir='ltr'>μὴ</span> <span class='ocrx_word' id='word_1_22' title='bbox 303 401 508 455; x_wconf 77' lang='grc' dir='ltr'>κεκλοφέναι</span> <span class='ocrx_word' id='word_1_23' title='bbox 532 399 653 439; x_wconf 74' lang='grc' dir='ltr'>αὐτόν·</span> <span class='ocrx_word' id='word_1_24' title='bbox 672 398 796 452; x_wconf 78' lang='grc' dir='ltr'>μικρὸν</span> <span class='ocrx_word' id='word_1_25' title='bbox 817 397 853 437; x_wconf 86' lang='grc' dir='ltr'>δὲ</span> <span class='ocrx_word' id='word_1_26' title='bbox 876 397 1019 450; x_wconf 77' lang='grc' dir='ltr'>ὕστερον</span> <span class='ocrx_word' id='word_1_27' title='bbox 1041 398 1121 435; x_wconf 82' lang='grc' dir='ltr'>ἐπι-</span> 
     </span>
     <span class='ocr_line' id='line_1_5' title="bbox 76 454 1124 513; baseline -0.009 -12"><span class='ocrx_word' id='word_1_28' title='bbox 76 461 274 513; x_wconf 84' lang='grc' dir='ltr'>δειξάμενος</span> <span class='ocrx_word' id='word_1_29' title='bbox 302 460 404 500; x_wconf 79' lang='grc' dir='ltr'>αὒτὸν</span> <span class='ocrx_word' id='word_1_30' title='bbox 429 458 659 512; x_wconf 82' lang='grc' dir='ltr'>εὐημέρησεν.</span> <span class='ocrx_word' id='word_1_31' title='bbox 693 458 872 511; x_wconf 76' lang='grc' dir='ltr'>Ἐντεῦθεν</span> <span class='ocrx_word' id='word_1_32' title='bbox 899 457 917 494; x_wconf 85' lang='grc' dir='ltr'><strong><em>ὃ</em></strong></span> <span class='ocrx_word' id='word_1_33' title='bbox 949 454 1124 508; x_wconf 81' lang='grc' dir='ltr'>Διαγόρας</span> 
     </span>
     <span class='ocr_line' id='line_1_6' title="bbox 75 513 1124 573; baseline -0.008 -15"><span class='ocrx_word' id='word_1_34' title='bbox 75 520 240 568; x_wconf 74' lang='grc' dir='ltr'>λυπηθεὶς</span> <span class='ocrx_word' id='word_1_35' title='bbox 258 518 388 573; x_wconf 80' lang='grc' dir='ltr'>ἔγραψε</span> <span class='ocrx_word' id='word_1_36' title='bbox 402 518 480 563; x_wconf 71' lang='grc' dir='ltr'>τοὺς</span> <span class='ocrx_word' id='word_1_37' title='bbox 495 515 812 569; x_wconf 78' lang='grc' dir='ltr'>Ἀποπυργίζοντας</span> <span class='ocrx_word' id='word_1_38' title='bbox 826 514 968 567; x_wconf 85' lang='grc' dir='ltr'>λόγους,</span> <span class='ocrx_word' id='word_1_39' title='bbox 985 513 1124 552; x_wconf 85' lang='grc' dir='ltr'>ἔκπτω-</span> 
     </span>
     <span class='ocr_line' id='line_1_7' title="bbox 76 573 767 631; baseline -0.006 -14"><span class='ocrx_word' id='word_1_40' title='bbox 76 593 132 617; x_wconf 91' lang='grc' dir='ltr'>σιν</span> <span class='ocrx_word' id='word_1_41' title='bbox 151 577 295 631; x_wconf 82' lang='grc' dir='ltr'>ἔχοντας</span> <span class='ocrx_word' id='word_1_42' title='bbox 310 580 373 624; x_wconf 75' lang='grc' dir='ltr'>τῆς</span> <span class='ocrx_word' id='word_1_43' title='bbox 390 575 467 630; x_wconf 70' lang='grc' dir='ltr'>περ).</span> <span class='ocrx_word' id='word_1_44' title='bbox 485 575 524 614; x_wconf 84' lang='grc' dir='ltr'>τὸ</span> <span class='ocrx_word' id='word_1_45' title='bbox 544 578 634 614; x_wconf 82' lang='grc' dir='ltr'>θεῖον</span> <span class='ocrx_word' id='word_1_46' title='bbox 653 573 767 622; x_wconf 84' lang='grc' dir='ltr'>δόξης.</span> 
     </span>
    </p>

    <p class='ocr_par' dir='ltr' id='par_1_3' title="bbox 78 631 1133 1217">
     <span class='ocr_line' id='line_1_8' title="bbox 134 631 1126 689; baseline -0.008 -13"><span class='ocrx_word' id='word_1_47' title='bbox 134 650 178 678; x_wconf 80' lang='lat'>1⁰.</span> <span class='ocrx_word' id='word_1_48' title='bbox 202 635 417 689; x_wconf 85' lang='grc' dir='ltr'>Διόδωρος</span> <span class='ocrx_word' id='word_1_49' title='bbox 434 633 593 685; x_wconf 83' lang='grc' dir='ltr'>Ἰασεὺς,</span> <span class='ocrx_word' id='word_1_50' title='bbox 610 636 628 672; x_wconf 87' lang='grc' dir='ltr'>ὁ</span> <span class='ocrx_word' id='word_1_51' title='bbox 654 632 784 686; x_wconf 85' lang='grc' dir='ltr'>Κρόνος</span> <span class='ocrx_word' id='word_1_52' title='bbox 811 631 979 680; x_wconf 80' lang='grc' dir='ltr'>ἐπίκλην,</span> <span class='ocrx_word' id='word_1_53' title='bbox 1005 631 1126 669; x_wconf 87' lang='grc' dir='ltr'>διαλε-</span> 
     </span>
     <span class='ocr_line' id='line_1_9' title="bbox 78 688 1127 746; baseline -0.007 -13"><span class='ocrx_word' id='word_1_54' title='bbox 78 693 196 739; x_wconf 77' lang='grc' dir='ltr'>κτικὸς</span> <span class='ocrx_word' id='word_1_55' title='bbox 209 724 221 746; x_wconf 89' lang='grc'>,</span> <span class='ocrx_word' id='word_1_56' title='bbox 239 692 275 739; x_wconf 87' lang='grc' dir='ltr'>ὃς</span> <span class='ocrx_word' id='word_1_57' title='bbox 290 695 427 746; x_wconf 77' lang='grc' dir='ltr'>πρῶτος</span> <span class='ocrx_word' id='word_1_58' title='bbox 450 691 561 738; x_wconf 82' lang='grc' dir='ltr'>ἔδοξεν</span> <span class='ocrx_word' id='word_1_59' title='bbox 579 694 689 745; x_wconf 82' lang='grc' dir='ltr'>εὑρεῖν</span> <span class='ocrx_word' id='word_1_60' title='bbox 706 690 764 730; x_wconf 80' lang='grc' dir='ltr'>τὸν</span> <span class='ocrx_word' id='word_1_61' title='bbox 787 689 970 744; x_wconf 83' lang='grc' dir='ltr'>κερατίνην</span> <span class='ocrx_word' id='word_1_62' title='bbox 987 688 1047 728; x_wconf 75' lang='grc' dir='ltr'>καὶ</span> <span class='ocrx_word' id='word_1_63' title='bbox 1069 688 1127 727; x_wconf 83' lang='grc' dir='ltr'>τὸν</span> 
     </span>
     <span class='ocr_line' id='line_1_10' title="bbox 80 747 1129 805; baseline -0.007 -13"><span class='ocrx_word' id='word_1_64' title='bbox 80 751 384 805; x_wconf 80' lang='grc' dir='ltr'>ἐγκεκαλυμμένον</span> <span class='ocrx_word' id='word_1_65' title='bbox 395 750 546 804; x_wconf 89' lang='grc' dir='ltr'>[λόγον]</span> <span class='ocrx_word' id='word_1_66' title='bbox 557 781 566 798; x_wconf 94' lang='grc'>,</span> <span class='ocrx_word' id='word_1_67' title='bbox 581 751 679 804; x_wconf 86' lang='grc' dir='ltr'>παρὰ</span> <span class='ocrx_word' id='word_1_68' title='bbox 694 747 910 802; x_wconf 86' lang='grc' dir='ltr'>Πτολεμαίῳ</span> <span class='ocrx_word' id='word_1_69' title='bbox 922 751 971 802; x_wconf 85' lang='grc' dir='ltr'>τῷ</span> <span class='ocrx_word' id='word_1_70' title='bbox 987 750 1129 800; x_wconf 74' lang='grc' dir='ltr'>Σωτῆρι</span> 
     </span>
     <span class='ocr_line' id='line_1_11' title="bbox 79 806 1130 864; baseline -0.006 -14"><span class='ocrx_word' id='word_1_71' title='bbox 79 810 267 864; x_wconf 74' lang='grc' dir='ltr'>διατρίὸων</span> <span class='ocrx_word' id='word_1_72' title='bbox 278 841 290 863; x_wconf 90' lang='grc'>,</span> <span class='ocrx_word' id='word_1_73' title='bbox 317 810 440 860; x_wconf 84' lang='grc' dir='ltr'>λόγους</span> <span class='ocrx_word' id='word_1_74' title='bbox 470 808 564 854; x_wconf 88' lang='grc' dir='ltr'>τινὰς</span> <span class='ocrx_word' id='word_1_75' title='bbox 590 806 826 851; x_wconf 78' lang='grc' dir='ltr'>διαλεκτικοὺς</span> <span class='ocrx_word' id='word_1_76' title='bbox 853 806 1018 860; x_wconf 83' lang='grc' dir='ltr'>ἠρωτήθη</span> <span class='ocrx_word' id='word_1_77' title='bbox 1045 806 1130 859; x_wconf 87' lang='grc' dir='ltr'>πρὸς</span> 
     </span>
     <span class='ocr_line' id='line_1_12' title="bbox 81 865 1129 922; baseline -0.007 -13"><span class='ocrx_word' id='word_1_78' title='bbox 81 870 299 914; x_wconf 87' lang='grc' dir='ltr'>Στίλπωνος.</span> <span class='ocrx_word' id='word_1_79' title='bbox 324 868 398 909; x_wconf 71' lang='grc' dir='ltr'>Καὶ</span> <span class='ocrx_word' id='word_1_80' title='bbox 427 871 651 922; x_wconf 75' lang='grc' dir='ltr'>παραχρῆμα</span> <span class='ocrx_word' id='word_1_81' title='bbox 677 866 726 918; x_wconf 82' lang='grc' dir='ltr'>μὴ</span> <span class='ocrx_word' id='word_1_82' title='bbox 754 866 941 917; x_wconf 87' lang='grc' dir='ltr'>δυνάμενος</span> <span class='ocrx_word' id='word_1_83' title='bbox 962 865 1129 904; x_wconf 85' lang='grc' dir='ltr'>διαλύσα-</span> 
     </span>
     <span class='ocr_line' id='line_1_13' title="bbox 82 922 1131 980; baseline -0.007 -13"><span class='ocrx_word' id='word_1_84' title='bbox 82 931 183 977; x_wconf 89' lang='grc' dir='ltr'>σθαι,</span> <span class='ocrx_word' id='word_1_85' title='bbox 205 927 273 966; x_wconf 79' lang='grc' dir='ltr'>ὑπὸ</span> <span class='ocrx_word' id='word_1_86' title='bbox 291 930 352 966; x_wconf 78' lang='grc' dir='ltr'>τοῦ</span> <span class='ocrx_word' id='word_1_87' title='bbox 379 926 550 980; x_wconf 85' lang='grc' dir='ltr'>βασιλέως</span> <span class='ocrx_word' id='word_1_88' title='bbox 567 925 613 965; x_wconf 89' lang='grc' dir='ltr'>τά</span> <span class='ocrx_word' id='word_1_89' title='bbox 632 941 669 964; x_wconf 88' lang='grc' dir='ltr'>τε</span> <span class='ocrx_word' id='word_1_90' title='bbox 690 925 781 964; x_wconf 83' lang='grc' dir='ltr'>ἄλλα</span> <span class='ocrx_word' id='word_1_91' title='bbox 802 924 1027 977; x_wconf 85' lang='grc' dir='ltr'>[ἐπ]ετιμήθη</span> <span class='ocrx_word' id='word_1_92' title='bbox 1041 953 1051 971; x_wconf 92' lang='grc'>,</span> <span class='ocrx_word' id='word_1_93' title='bbox 1070 922 1131 961; x_wconf 80' lang='grc' dir='ltr'>καὶ</span> 
     </span>
     <span class='ocr_line' id='line_1_14' title="bbox 82 982 1130 1040; baseline -0.007 -13"><span class='ocrx_word' id='word_1_94' title='bbox 82 987 140 1036; x_wconf 82' lang='grc' dir='ltr'>[δὴ</span> <span class='ocrx_word' id='word_1_95' title='bbox 156 986 230 1035; x_wconf 76' lang='grc' dir='ltr'>καὶ]</span> <span class='ocrx_word' id='word_1_96' title='bbox 252 985 384 1040; x_wconf 86' lang='grc' dir='ltr'>Κρόνος</span> <span class='ocrx_word' id='word_1_97' title='bbox 398 986 545 1035; x_wconf 84' lang='grc' dir='ltr'>ἤκουσεν</span> <span class='ocrx_word' id='word_1_98' title='bbox 564 987 597 1024; x_wconf 84' lang='grc' dir='ltr'>ἐν</span> <span class='ocrx_word' id='word_1_99' title='bbox 619 984 833 1035; x_wconf 84' lang='grc' dir='ltr'>σκώμματος</span> <span class='ocrx_word' id='word_1_100' title='bbox 851 982 966 1035; x_wconf 85' lang='grc' dir='ltr'>με’ρει·</span> <span class='ocrx_word' id='word_1_101' title='bbox 987 982 1130 1027; x_wconf 81' lang='grc' dir='ltr'>ἐξελθὼν</span> 
     </span>
     <span class='ocr_line' id='line_1_15' title="bbox 82 1041 1132 1098; baseline -0.006 -13"><span class='ocrx_word' id='word_1_102' title='bbox 82 1045 119 1086; x_wconf 83' lang='grc' dir='ltr'>δὲ</span> <span class='ocrx_word' id='word_1_103' title='bbox 137 1049 198 1085; x_wconf 77' lang='grc' dir='ltr'>τοῦ</span> <span class='ocrx_word' id='word_1_104' title='bbox 218 1045 433 1096; x_wconf 81' lang='grc' dir='ltr'>συμποσίου,</span> <span class='ocrx_word' id='word_1_105' title='bbox 454 1045 514 1084; x_wconf 78' lang='grc' dir='ltr'>καὶ</span> <span class='ocrx_word' id='word_1_106' title='bbox 527 1044 627 1096; x_wconf 87' lang='grc' dir='ltr'>λόγον</span> <span class='ocrx_word' id='word_1_107' title='bbox 647 1042 784 1098; x_wconf 81' lang='grc' dir='ltr'>γράψας</span> <span class='ocrx_word' id='word_1_108' title='bbox 803 1042 884 1096; x_wconf 84' lang='grc' dir='ltr'>περὶ</span> <span class='ocrx_word' id='word_1_109' title='bbox 903 1046 964 1080; x_wconf 78' lang='grc' dir='ltr'>τοῦ</span> <span class='ocrx_word' id='word_1_110' title='bbox 977 1041 1132 1095; x_wconf 67' lang='grc' dir='ltr'>προὸλή-</span> 
     </span>
     <span class='ocr_line' id='line_1_16' title="bbox 85 1100 1133 1157; baseline -0.005 -13"><span class='ocrx_word' id='word_1_111' title='bbox 85 1120 216 1157; x_wconf 86' lang='grc' dir='ltr'>ματος,</span> <span class='ocrx_word' id='word_1_112' title='bbox 237 1103 369 1157; x_wconf 75' lang='grc' dir='ltr'>ἀθυμίᾳ</span> <span class='ocrx_word' id='word_1_113' title='bbox 385 1104 444 1144; x_wconf 86' lang='grc' dir='ltr'>τὸν</span> <span class='ocrx_word' id='word_1_114' title='bbox 465 1103 539 1157; x_wconf 85' lang='grc' dir='ltr'>βίον</span> <span class='ocrx_word' id='word_1_115' title='bbox 559 1102 788 1155; x_wconf 77' lang='grc' dir='ltr'>κατέστρεψε.</span> <span class='ocrx_word' id='word_1_116' title='bbox 809 1100 881 1142; x_wconf 82' lang='grc' dir='ltr'>Καὶ</span> <span class='ocrx_word' id='word_1_117' title='bbox 902 1100 993 1141; x_wconf 88' lang='grc' dir='ltr'>ἔστιν</span> <span class='ocrx_word' id='word_1_118' title='bbox 1012 1103 1058 1145; x_wconf 87' lang='grc' dir='ltr'>εἰς</span> <span class='ocrx_word' id='word_1_119' title='bbox 1074 1101 1133 1139; x_wconf 87' lang='grc' dir='ltr'>αὖ·</span> 
     </span>
     <span class='ocr_line' id='line_1_17' title="bbox 83 1162 391 1217; baseline -0.006 -15"><span class='ocrx_word' id='word_1_120' title='bbox 83 1163 144 1203; x_wconf 82' lang='grc' dir='ltr'>τὸν</span> <span class='ocrx_word' id='word_1_121' title='bbox 163 1162 391 1217; x_wconf 86' lang='grc' dir='ltr'>ἐπίγραμμα·</span> 
     </span>
    </p>

    <p class='ocr_par' dir='ltr' id='par_1_4' title="bbox 217 1249 863 1339">
     <span class='ocr_line' id='line_1_18' title="bbox 217 1249 863 1293; baseline -0.006 -9"><span class='ocrx_word' id='word_1_122' title='bbox 217 1250 316 1293; x_wconf 84' lang='grc' dir='ltr'>Κρόνε</span> <span class='ocrx_word' id='word_1_123' title='bbox 332 1249 487 1291; x_wconf 81' lang='grc' dir='ltr'>Διόδωρε,</span> <span class='ocrx_word' id='word_1_124' title='bbox 500 1249 546 1286; x_wconf 84' lang='grc' dir='ltr'>τίς</span> <span class='ocrx_word' id='word_1_125' title='bbox 562 1260 599 1281; x_wconf 91' lang='grc' dir='ltr'>σε</span> <span class='ocrx_word' id='word_1_126' title='bbox 611 1249 767 1291; x_wconf 83' lang='grc' dir='ltr'>δαιμόνων</span> <span class='ocrx_word' id='word_1_127' title='bbox 779 1251 863 1290; x_wconf 76' lang='grc' dir='ltr'>κακῇ</span> 
     </span>
     <span class='ocr_line' id='line_1_19' title="bbox 291 1295 612 1339; baseline -0.006 -10"><span class='ocrx_word' id='word_1_128' title='bbox 291 1297 407 1339; x_wconf 86' lang='grc' dir='ltr'>ἀθυμίῃ</span> <span class='ocrx_word' id='word_1_129' title='bbox 422 1295 593 1338; x_wconf 82' lang='grc' dir='ltr'>ξυνείρυσεν</span> <span class='ocrx_word' id='word_1_130' title='bbox 602 1319 612 1336; x_wconf 87' lang='grc'>,</span> 
     </span>
    </p>

    <p class='ocr_par' dir='ltr' id='par_1_5' title="bbox 209 1341 837 1427">
     <span class='ocr_line' id='line_1_20' title="bbox 209 1341 837 1384; baseline -0.006 -7"><span class='ocrx_word' id='word_1_131' title='bbox 209 1344 251 1378; x_wconf 74' lang='grc' dir='ltr'>ἶν’</span> <span class='ocrx_word' id='word_1_132' title='bbox 264 1344 356 1382; x_wconf 84' lang='grc' dir='ltr'>αὐτὸς</span> <span class='ocrx_word' id='word_1_133' title='bbox 369 1344 462 1376; x_wconf 78' lang='grc' dir='ltr'>αὑτὸν</span> <span class='ocrx_word' id='word_1_134' title='bbox 473 1342 609 1384; x_wconf 77' lang='grc' dir='ltr'>ἐμὸάλῃς</span> <span class='ocrx_word' id='word_1_135' title='bbox 622 1342 665 1380; x_wconf 86' lang='grc' dir='ltr'>εἷς</span> <span class='ocrx_word' id='word_1_136' title='bbox 678 1341 837 1384; x_wconf 87' lang='grc' dir='ltr'>Τάρταρον</span> 
     </span>
     <span class='ocr_line' id='line_1_21' title="bbox 292 1389 698 1427; baseline -0.007 -3"><span class='ocrx_word' id='word_1_137' title='bbox 292 1391 473 1427; x_wconf 85' lang='grc' dir='ltr'>Σπίλπωνος</span> <span class='ocrx_word' id='word_1_138' title='bbox 484 1390 520 1422; x_wconf 85' lang='grc' dir='ltr'>οὐ</span> <span class='ocrx_word' id='word_1_139' title='bbox 532 1390 628 1426; x_wconf 82' lang='grc' dir='ltr'>λύσας</span> <span class='ocrx_word' id='word_1_140' title='bbox 638 1389 698 1427; x_wconf 81' lang='grc' dir='ltr'>ἔπη</span> 
     </span>
    </p>

    <p class='ocr_par' dir='ltr' id='par_1_6' title="bbox 209 1435 832 1526">
     <span class='ocr_line' id='line_1_22' title="bbox 209 1435 832 1480; baseline -0.008 -8"><span class='ocrx_word' id='word_1_141' title='bbox 209 1438 440 1480; x_wconf 81' lang='grc' dir='ltr'>αἰνιγματώδη;</span> <span class='ocrx_word' id='word_1_142' title='bbox 456 1437 565 1478; x_wconf 84' lang='grc' dir='ltr'>τοιγὰρ</span> <span class='ocrx_word' id='word_1_143' title='bbox 578 1437 700 1478; x_wconf 81' lang='grc' dir='ltr'>εὑρέθης</span> <span class='ocrx_word' id='word_1_144' title='bbox 716 1435 832 1477; x_wconf 81' lang='grc' dir='ltr'>Κρόνος</span> 
     </span>
     <span class='ocr_line' id='line_1_23' title="bbox 294 1483 716 1526; baseline -0.009 -8"><span class='ocrx_word' id='word_1_145' title='bbox 294 1486 404 1523; x_wconf 77' lang='grc' dir='ltr'>ἔξωθεν</span> <span class='ocrx_word' id='word_1_146' title='bbox 415 1487 472 1517; x_wconf 82' lang='grc' dir='ltr'>τοῦ</span> <span class='ocrx_word' id='word_1_147' title='bbox 484 1485 529 1526; x_wconf 80' lang='grc' dir='ltr'>ῥῶ</span> <span class='ocrx_word' id='word_1_148' title='bbox 541 1483 655 1515; x_wconf 86' lang='grc' dir='ltr'>κάππα</span> <span class='ocrx_word' id='word_1_149' title='bbox 669 1493 716 1515; x_wconf 91' lang='grc' dir='ltr'>τε.</span> 
     </span>
    </p>

    <p class='ocr_par' dir='ltr' id='par_1_7' title="bbox 87 1546 986 1664">
     <span class='ocr_line' id='line_1_24' title="bbox 87 1546 986 1606; baseline -0.008 -16"><span class='ocrx_word' id='word_1_150' title='bbox 87 1549 177 1606; x_wconf 69' lang='grc' dir='ltr'>Περὶ</span> <span class='ocrx_word' id='word_1_151' title='bbox 191 1549 312 1590; x_wconf 85' lang='grc' dir='ltr'>τούτου</span> <span class='ocrx_word' id='word_1_152' title='bbox 326 1548 411 1604; x_wconf 84' lang='grc' dir='ltr'>φησὶ</span> <span class='ocrx_word' id='word_1_153' title='bbox 430 1547 662 1601; x_wconf 86' lang='grc' dir='ltr'>Καλλίμαχος</span> <span class='ocrx_word' id='word_1_154' title='bbox 677 1548 712 1586; x_wconf 85' lang='grc' dir='ltr'>ἐν</span> <span class='ocrx_word' id='word_1_155' title='bbox 728 1546 986 1600; x_wconf 87' lang='grc' dir='ltr'>ἐπιγράμμασι·</span> 
     </span>
     <span class='ocr_line' id='line_1_25' title="bbox 323 1623 782 1664; baseline -0.007 -7"><span class='ocrx_word' id='word_1_156' title='bbox 323 1647 505 1657; x_wconf 82' lang='grc'><strong>......</strong></span> <span class='ocrx_word' id='word_1_157' title='bbox 530 1623 620 1660; x_wconf 79' lang='grc' dir='ltr'>αὐτὸς</span> <span class='ocrx_word' id='word_1_158' title='bbox 634 1624 651 1655; x_wconf 83' lang='grc' dir='ltr'><strong>ὁ</strong></span> <span class='ocrx_word' id='word_1_159' title='bbox 664 1624 782 1664; x_wconf 85' lang='grc' dir='ltr'>Μῶμος</span> 
     </span>
    </p>

    <p class='ocr_par' dir='ltr' id='par_1_8' title="bbox 211 1669 975 1715">
     <span class='ocr_line' id='line_1_26' title="bbox 211 1669 975 1715; baseline -0.005 -9"><span class='ocrx_word' id='word_1_160' title='bbox 211 1672 340 1715; x_wconf 80' lang='grc' dir='ltr'>ἔγραφεν</span> <span class='ocrx_word' id='word_1_161' title='bbox 353 1672 384 1705; x_wconf 85' lang='grc' dir='ltr'>ἐν</span> <span class='ocrx_word' id='word_1_162' title='bbox 397 1671 532 1714; x_wconf 83' lang='grc' dir='ltr'>τοίχοις,</span> <span class='ocrx_word' id='word_1_163' title='bbox 550 1683 566 1700; x_wconf 68' lang='grc' dir='ltr'>τι</span> <span class='ocrx_word' id='word_1_164' title='bbox 578 1671 615 1704; x_wconf 89' lang='grc' dir='ltr'>Ὁ</span> <span class='ocrx_word' id='word_1_165' title='bbox 630 1670 744 1713; x_wconf 82' lang='grc' dir='ltr'>Κρόνος</span> <span class='ocrx_word' id='word_1_166' title='bbox 757 1670 823 1703; x_wconf 82' lang='grc' dir='ltr'>ἐστὶ</span> <span class='ocrx_word' id='word_1_167' title='bbox 836 1669 930 1711; x_wconf 84' lang='grc' dir='ltr'>σοφός</span> <span class='ocrx_word' id='word_1_168' title='bbox 946 1682 975 1701; x_wconf 74' lang='lat'>»-</span> 
     </span>
    </p>

    <p class='ocr_par' dir='ltr' id='par_1_9' title="bbox 87 1733 1136 1914">
     <span class='ocr_line' id='line_1_27' title="bbox 142 1733 1136 1795; baseline -0.007 -13"><span class='ocrx_word' id='word_1_169' title='bbox 142 1757 187 1782; x_wconf 86' lang='lat'>17.</span> <span class='ocrx_word' id='word_1_170' title='bbox 206 1744 266 1791; x_wconf 91' lang='grc' dir='ltr'>Δη</span> <span class='ocrx_word' id='word_1_171' title='bbox 276 1741 332 1794; x_wconf 87' lang='grc' dir='ltr'>μή</span> <span class='ocrx_word' id='word_1_172' title='bbox 341 1756 387 1795; x_wconf 92' lang='grc' dir='ltr'>τρ</span> <span class='ocrx_word' id='word_1_173' title='bbox 398 1756 456 1786; x_wconf 91' lang='grc' dir='ltr'>ιος</span> <span class='ocrx_word' id='word_1_174' title='bbox 472 1742 490 1780; x_wconf 82' lang='grc' dir='ltr'>ὁ</span> <span class='ocrx_word' id='word_1_175' title='bbox 504 1739 694 1793; x_wconf 74' lang='grc' dir='ltr'>Φαληρεὺς</span> <span class='ocrx_word' id='word_1_176' title='bbox 708 1742 871 1779; x_wconf 78' lang='grc' dir='ltr'>τοσοῦτον</span> <span class='ocrx_word' id='word_1_177' title='bbox 885 1733 927 1788; x_wconf 67' lang='grc' dir='ltr'>ἦν</span> <span class='ocrx_word' id='word_1_178' title='bbox 944 1736 1136 1791; x_wconf 79' lang='grc' dir='ltr'>εὐπρεπὴς,</span> 
     </span>
     <span class='ocr_line' id='line_1_28' title="bbox 88 1796 1135 1854; baseline -0.007 -13"><span class='ocrx_word' id='word_1_179' title='bbox 88 1803 135 1846; x_wconf 80' lang='grc' dir='ltr'>ὥς</span> <span class='ocrx_word' id='word_1_180' title='bbox 153 1799 222 1840; x_wconf 75' lang='grc' dir='ltr'>ὑπό</span> <span class='ocrx_word' id='word_1_181' title='bbox 241 1816 343 1840; x_wconf 88' lang='grc' dir='ltr'>τινων</span> <span class='ocrx_word' id='word_1_182' title='bbox 363 1802 687 1854; x_wconf 76' lang='grc' dir='ltr'>προσαγορευθῆναι</span> <span class='ocrx_word' id='word_1_183' title='bbox 705 1796 890 1850; x_wconf 81' lang='grc' dir='ltr'>Λαμπετὼ</span> <span class='ocrx_word' id='word_1_184' title='bbox 910 1796 970 1836; x_wconf 88' lang='grc' dir='ltr'>καὶ</span> <span class='ocrx_word' id='word_1_185' title='bbox 991 1811 1135 1850; x_wconf 87' lang='grc' dir='ltr'>χαριτο-</span> 
     </span>
     <span class='ocr_line' id='line_1_29' title="bbox 87 1860 272 1914; baseline 0.005 -14"><span class='ocrx_word' id='word_1_186' title='bbox 87 1860 272 1914; x_wconf 71' lang='grc' dir='ltr'>ὅλέφαρος.</span> 
     </span>
    </p>

    <p class='ocr_par' dir='ltr' id='par_1_10' title="bbox 88 1914 1138 2090">
     <span class='ocr_line' id='line_1_30' title="bbox 143 1914 1138 1972; baseline -0.007 -13"><span class='ocrx_word' id='word_1_187' title='bbox 143 1933 191 1959; x_wconf 81' lang='lat'>18.</span> <span class='ocrx_word' id='word_1_188' title='bbox 215 1917 463 1972; x_wconf 88' lang='grc' dir='ltr'>Δημήτριός</span> <span class='ocrx_word' id='word_1_189' title='bbox 491 1932 541 1962; x_wconf 88' lang='grc' dir='ltr'>τις</span> <span class='ocrx_word' id='word_1_190' title='bbox 563 1917 676 1970; x_wconf 75' lang='grc' dir='ltr'>ἕτερος</span> <span class='ocrx_word' id='word_1_191' title='bbox 700 1915 812 1962; x_wconf 84' lang='grc' dir='ltr'>Ἰξίων</span> <span class='ocrx_word' id='word_1_192' title='bbox 836 1915 1033 1964; x_wconf 80' lang='grc' dir='ltr'>ἐπεκλήθη,</span> <span class='ocrx_word' id='word_1_193' title='bbox 1052 1914 1138 1953; x_wconf 88' lang='grc' dir='ltr'>διότι</span> 
     </span>
     <span class='ocr_line' id='line_1_31' title="bbox 88 1971 1138 2032; baseline -0.007 -14"><span class='ocrx_word' id='word_1_194' title='bbox 88 1978 232 2023; x_wconf 85' lang='grc' dir='ltr'>λεπίδας</span> <span class='ocrx_word' id='word_1_195' title='bbox 246 1983 381 2032; x_wconf 82' lang='grc' dir='ltr'>χρυσᾶς</span> <span class='ocrx_word' id='word_1_196' title='bbox 393 1978 553 2016; x_wconf 86' lang='grc' dir='ltr'>κλέπτων</span> <span class='ocrx_word' id='word_1_197' title='bbox 567 1980 628 2015; x_wconf 77' lang='grc' dir='ltr'>τοῦ</span> <span class='ocrx_word' id='word_1_198' title='bbox 644 1977 679 2014; x_wconf 84' lang='grc' dir='ltr'>ἐν</span> <span class='ocrx_word' id='word_1_199' title='bbox 694 1974 934 2028; x_wconf 75' lang='grc' dir='ltr'>Ἀλεξανδρεία</span> <span class='ocrx_word' id='word_1_200' title='bbox 947 1977 1009 2021; x_wconf 73' lang='grc' dir='ltr'>τῆς</span> <span class='ocrx_word' id='word_1_201' title='bbox 1021 1971 1073 2012; x_wconf 69' lang='lat' dir='ltr'>“H</span> <span class='ocrx_word' id='word_1_202' title='bbox 1079 1988 1138 2026; x_wconf 86' lang='grc' dir='ltr'>ρας</span> 
     </span>
     <span class='ocr_line' id='line_1_32' title="bbox 92 2035 492 2090; baseline 0 -14"><span class='ocrx_word' id='word_1_203' title='bbox 92 2037 297 2089; x_wconf 83' lang='grc' dir='ltr'>ἀγάλματος</span> <span class='ocrx_word' id='word_1_204' title='bbox 316 2035 492 2090; x_wconf 83' lang='grc' dir='ltr'>ἐφωράθη.</span> 
     </span>
    </p>

    <p class='ocr_par' dir='ltr' id='par_1_11' title="bbox 91 2089 1139 2267">
     <span class='ocr_line' id='line_1_33' title="bbox 146 2089 1138 2146; baseline -0.007 -11"><span class='ocrx_word' id='word_1_205' title='bbox 146 2109 193 2136; x_wconf 77' lang='grc'>19.</span> <span class='ocrx_word' id='word_1_206' title='bbox 216 2094 404 2146; x_wconf 86' lang='grc' dir='ltr'>Δίδυμος</span> <span class='ocrx_word' id='word_1_207' title='bbox 422 2096 441 2132; x_wconf 81' lang='grc' dir='ltr'>ὁ</span> <span class='ocrx_word' id='word_1_208' title='bbox 453 2092 694 2146; x_wconf 76' lang='grc' dir='ltr'>Ἀλεξανδρεὺς</span> <span class='ocrx_word' id='word_1_209' title='bbox 708 2093 764 2131; x_wconf 87' lang='grc' dir='ltr'>διὰ</span> <span class='ocrx_word' id='word_1_210' title='bbox 777 2091 839 2139; x_wconf 80' lang='grc' dir='ltr'>τὴν</span> <span class='ocrx_word' id='word_1_211' title='bbox 854 2090 940 2145; x_wconf 77' lang='grc' dir='ltr'>πρὸς</span> <span class='ocrx_word' id='word_1_212' title='bbox 958 2089 1003 2129; x_wconf 86' lang='grc' dir='ltr'>τὰ</span> <span class='ocrx_word' id='word_1_213' title='bbox 1019 2090 1138 2141; x_wconf 71' lang='grc' dir='ltr'>βιὸλία</span> 
     </span>
     <span class='ocr_line' id='line_1_34' title="bbox 92 2149 1139 2206; baseline -0.006 -13"><span class='ocrx_word' id='word_1_214' title='bbox 92 2152 263 2206; x_wconf 85' lang='grc' dir='ltr'>ἐπιμονὴν</span> <span class='ocrx_word' id='word_1_215' title='bbox 279 2152 517 2205; x_wconf 85' lang='grc' dir='ltr'>Χαλκέντερος</span> <span class='ocrx_word' id='word_1_216' title='bbox 537 2151 726 2199; x_wconf 79' lang='grc' dir='ltr'>ἐπεκλήθη.</span> <span class='ocrx_word' id='word_1_217' title='bbox 748 2150 849 2191; x_wconf 82' lang='grc' dir='ltr'>Φασὶ</span> <span class='ocrx_word' id='word_1_218' title='bbox 869 2150 904 2189; x_wconf 84' lang='grc' dir='ltr'>δὲ</span> <span class='ocrx_word' id='word_1_219' title='bbox 931 2149 1034 2188; x_wconf 78' lang='grc' dir='ltr'>αὐτὸν</span> <span class='ocrx_word' id='word_1_220' title='bbox 1052 2165 1139 2202; x_wconf 86' lang='grc' dir='ltr'>συγ-</span> 
     </span>
     <span class='ocr_line' id='line_1_35' title="bbox 91 2207 1060 2267; baseline -0.004 -16"><span class='ocrx_word' id='word_1_221' title='bbox 91 2211 300 2267; x_wconf 73' lang='grc' dir='ltr'>γεγραφέναι</span> <span class='ocrx_word' id='word_1_222' title='bbox 320 2210 407 2265; x_wconf 80' lang='grc' dir='ltr'>ὖπὲρ</span> <span class='ocrx_word' id='word_1_223' title='bbox 429 2210 474 2250; x_wconf 80' lang='grc' dir='ltr'>τὰ</span> <span class='ocrx_word' id='word_1_224' title='bbox 491 2210 669 2265; x_wconf 86' lang='grc' dir='ltr'>τρισχίλια</span> <span class='ocrx_word' id='word_1_225' title='bbox 689 2210 904 2248; x_wconf 86' lang='grc' dir='ltr'>πεντακόσια</span> <span class='ocrx_word' id='word_1_226' title='bbox 927 2207 1060 2262; x_wconf 71' lang='grc' dir='ltr'>βιὸλία.</span> 
     </span>
    </p>

    <p class='ocr_par' dir='ltr' id='par_1_12' title="bbox 93 2268 1142 2502">
     <span class='ocr_line' id='line_1_36' title="bbox 145 2268 1136 2326; baseline -0.005 -14"><span class='ocrx_word' id='word_1_227' title='bbox 145 2286 193 2312; x_wconf 83' lang='lat'>20.</span> <span class='ocrx_word' id='word_1_228' title='bbox 214 2270 392 2326; x_wconf 66' lang='grc' dir='ltr'>Δράκων</span> <span class='ocrx_word' id='word_1_229' title='bbox 418 2272 437 2309; x_wconf 84' lang='grc' dir='ltr'>ὁ</span> <span class='ocrx_word' id='word_1_230' title='bbox 463 2269 652 2321; x_wconf 84' lang='grc' dir='ltr'>νομοθέτης</span> <span class='ocrx_word' id='word_1_231' title='bbox 671 2271 718 2314; x_wconf 89' lang='grc' dir='ltr'>εἷς</span> <span class='ocrx_word' id='word_1_232' title='bbox 739 2268 885 2321; x_wconf 87' lang='grc' dir='ltr'>Αἴγιναν</span> <span class='ocrx_word' id='word_1_233' title='bbox 916 2268 974 2308; x_wconf 78' lang='grc' dir='ltr'>ἐπὶ</span> <span class='ocrx_word' id='word_1_234' title='bbox 994 2272 1136 2320; x_wconf 88' lang='grc' dir='ltr'>νομοθε·</span> 
     </span>
     <span class='ocr_line' id='line_1_37' title="bbox 93 2326 1141 2383; baseline -0.005 -13"><span class='ocrx_word' id='word_1_235' title='bbox 93 2330 184 2375; x_wconf 91' lang='grc' dir='ltr'>σίαις</span> <span class='ocrx_word' id='word_1_236' title='bbox 199 2328 461 2383; x_wconf 80' lang='grc' dir='ltr'>εὐφημούμενος</span> <span class='ocrx_word' id='word_1_237' title='bbox 480 2328 549 2367; x_wconf 76' lang='grc' dir='ltr'>ὑπὸ</span> <span class='ocrx_word' id='word_1_238' title='bbox 573 2330 642 2366; x_wconf 84' lang='grc' dir='ltr'>τῶν</span> <span class='ocrx_word' id='word_1_239' title='bbox 660 2329 857 2379; x_wconf 79' lang='grc' dir='ltr'>Αἰγινητῶν</span> <span class='ocrx_word' id='word_1_240' title='bbox 877 2329 912 2366; x_wconf 88' lang='grc' dir='ltr'>ἐν</span> <span class='ocrx_word' id='word_1_241' title='bbox 936 2329 987 2380; x_wconf 86' lang='grc' dir='ltr'>τῷ</span> <span class='ocrx_word' id='word_1_242' title='bbox 1007 2326 1141 2379; x_wconf 83' lang='grc' dir='ltr'>θεάτρῳ</span> 
     </span>
     <span class='ocr_line' id='line_1_38' title="bbox 95 2385 1142 2444; baseline -0.005 -15"><span class='ocrx_word' id='word_1_243' title='bbox 95 2389 352 2444; x_wconf 83' lang='grc' dir='ltr'>ἐπιρριψάντων</span> <span class='ocrx_word' id='word_1_244' title='bbox 370 2389 465 2441; x_wconf 79' lang='grc' dir='ltr'>αὐτῷ</span> <span class='ocrx_word' id='word_1_245' title='bbox 478 2387 535 2426; x_wconf 79' lang='grc' dir='ltr'>ἐπὶ</span> <span class='ocrx_word' id='word_1_246' title='bbox 552 2385 616 2434; x_wconf 90' lang='grc' dir='ltr'>τὴν</span> <span class='ocrx_word' id='word_1_247' title='bbox 629 2386 785 2440; x_wconf 79' lang='grc' dir='ltr'>κεφαλὴν</span> <span class='ocrx_word' id='word_1_248' title='bbox 799 2386 969 2430; x_wconf 86' lang='grc' dir='ltr'>πετάσους</span> <span class='ocrx_word' id='word_1_249' title='bbox 981 2385 1142 2430; x_wconf 88' lang='grc' dir='ltr'>πλείονας</span> 
     </span>
     <span class='ocr_line' id='line_1_39' title="bbox 94 2445 1025 2502; baseline -0.003 -14"><span class='ocrx_word' id='word_1_250' title='bbox 94 2449 155 2488; x_wconf 81' lang='grc' dir='ltr'>καὶ</span> <span class='ocrx_word' id='word_1_251' title='bbox 172 2450 324 2502; x_wconf 84' lang='grc' dir='ltr'>χιτῶνας</span> <span class='ocrx_word' id='word_1_252' title='bbox 341 2446 417 2500; x_wconf 74' lang='grc' dir='ltr'>[καὶ</span> <span class='ocrx_word' id='word_1_253' title='bbox 436 2446 561 2498; x_wconf 77' lang='grc' dir='ltr'>ἱμάτια</span> <span class='ocrx_word' id='word_1_254' title='bbox 579 2447 668 2484; x_wconf 85' lang='lat' dir='ltr'><strong>add.</strong></span> <span class='ocrx_word' id='word_1_255' title='bbox 692 2446 815 2497; x_wconf 90' lang='lat' dir='ltr'><strong>Suid.]</strong></span> <span class='ocrx_word' id='word_1_256' title='bbox 834 2445 1025 2497; x_wconf 87' lang='grc' dir='ltr'>ἀπεπνίγη.</span> 
     </span>
    </p>
   </div>
   <div class='ocr_carea' id='block_1_3' title="bbox 148 2502 1168 2559">
    <p class='ocr_par' dir='ltr' id='par_1_13' title="bbox 148 2502 1168 2559">
     <span class='ocr_line' id='line_1_40' title="bbox 148 2502 1168 2559; baseline -0.005 -13"><span class='ocrx_word' id='word_1_257' title='bbox 148 2521 196 2548; x_wconf 85' lang='lat'>21.</span> <span class='ocrx_word' id='word_1_258' title='bbox 231 2506 510 2559; x_wconf 88' lang='grc' dir='ltr'>Δημόκριτος</span> <span class='ocrx_word' id='word_1_259' title='bbox 536 2505 638 2553; x_wconf 82' lang='grc' dir='ltr'>ἤσκει</span> <span class='ocrx_word' id='word_1_260' title='bbox 664 2504 829 2548; x_wconf 86' lang='grc' dir='ltr'>ποικίλως</span> <span class='ocrx_word' id='word_1_261' title='bbox 858 2504 1055 2555; x_wconf 82' lang='grc' dir='ltr'>δοκιμάζειν</span> <span class='ocrx_word' id='word_1_262' title='bbox 1081 2502 1143 2548; x_wconf 80' lang='grc' dir='ltr'>τὰς</span> <span class='ocrx_word' id='word_1_263' title='bbox 1165 2537 1168 2541; x_wconf 94' lang='grc'><em>.</em></span> 
     </span>
    </p>
   </div>
   <div class='ocr_carea' id='block_1_4' title="bbox 2170 197 2237 230">
    <p class='ocr_par' dir='ltr' id='par_1_14' title="bbox 2170 197 2237 230">
     <span class='ocr_line' id='line_1_41' title="bbox 2170 197 2237 230; baseline 0 0"><span class='ocrx_word' id='word_1_264' title='bbox 2170 197 2237 230; x_wconf 78' lang='lat'>161</span> 
     </span>
    </p>
   </div>
   <div class='ocr_carea' id='block_1_5' title="bbox 1181 281 2247 676">
    <p class='ocr_par' dir='ltr' id='par_1_15' title="bbox 1181 281 2246 618">
     <span class='ocr_line' id='line_1_42' title="bbox 1181 281 2244 325; baseline 0.001 -10"><span class='ocrx_word' id='word_1_265' title='bbox 1181 284 1228 315; x_wconf 89' lang='lat' dir='ltr'>est</span> <span class='ocrx_word' id='word_1_266' title='bbox 1238 283 1371 323; x_wconf 86' lang='lat' dir='ltr'><strong>Atheus,</strong></span> <span class='ocrx_word' id='word_1_267' title='bbox 1382 281 1470 324; x_wconf 87' lang='lat' dir='ltr'><strong>quod</strong></span> <span class='ocrx_word' id='word_1_268' title='bbox 1479 282 1556 315; x_wconf 87' lang='lat' dir='ltr'><strong>deos</strong></span> <span class='ocrx_word' id='word_1_269' title='bbox 1567 282 1686 322; x_wconf 70' lang='lat' dir='ltr'><strong>reiecit,</strong></span> <span class='ocrx_word' id='word_1_270' title='bbox 1699 284 1867 324; x_wconf 75' lang='lat' dir='ltr'><strong>postquam</strong></span> <span class='ocrx_word' id='word_1_271' title='bbox 1879 285 2016 316; x_wconf 78' lang='lat' dir='ltr'><strong>aeiuulus</strong></span> <span class='ocrx_word' id='word_1_272' title='bbox 2027 285 2158 325; x_wconf 82' lang='lat' dir='ltr'><strong>quidam</strong></span> <span class='ocrx_word' id='word_1_273' title='bbox 2168 285 2244 317; x_wconf 86' lang='lat' dir='ltr'><strong>artis</strong></span> 
     </span>
     <span class='ocr_line' id='line_1_43' title="bbox 1182 340 2244 383; baseline 0 -9"><span class='ocrx_word' id='word_1_274' title='bbox 1182 341 1223 374; x_wconf 85' lang='lat' dir='ltr'>ab</span> <span class='ocrx_word' id='word_1_275' title='bbox 1236 350 1274 373; x_wconf 90' lang='lat' dir='ltr'>eo</span> <span class='ocrx_word' id='word_1_276' title='bbox 1287 341 1508 381; x_wconf 83' lang='lat' dir='ltr'><strong>insimulatus,</strong></span> <span class='ocrx_word' id='word_1_277' title='bbox 1524 340 1614 382; x_wconf 83' lang='lat' dir='ltr'>quasi</span> <span class='ocrx_word' id='word_1_278' title='bbox 1630 349 1760 373; x_wconf 86' lang='lat' dir='ltr'><strong>carmen</strong></span> <span class='ocrx_word' id='word_1_279' title='bbox 1781 341 1821 373; x_wconf 90' lang='lat' dir='ltr'>ab</span> <span class='ocrx_word' id='word_1_280' title='bbox 1840 342 1908 382; x_wconf 90' lang='lat' dir='ltr'><strong>ipso</strong></span> <span class='ocrx_word' id='word_1_281' title='bbox 1928 343 2137 383; x_wconf 86' lang='lat' dir='ltr'><strong>compositum</strong></span> <span class='ocrx_word' id='word_1_282' title='bbox 2151 343 2244 375; x_wconf 77' lang='lat' dir='ltr'><strong>surri-</strong></span> 
     </span>
     <span class='ocr_line' id='line_1_44' title="bbox 1184 399 2244 442; baseline -0.001 -9"><span class='ocrx_word' id='word_1_283' title='bbox 1184 400 1323 442; x_wconf 87' lang='lat' dir='ltr'><strong>puisset,</strong></span> <span class='ocrx_word' id='word_1_284' title='bbox 1341 399 1550 441; x_wconf 86' lang='lat' dir='ltr'><strong>jurejurando</strong></span> <span class='ocrx_word' id='word_1_285' title='bbox 1567 399 1688 432; x_wconf 84' lang='lat' dir='ltr'><strong>sactum</strong></span> <span class='ocrx_word' id='word_1_286' title='bbox 1710 400 1780 431; x_wconf 87' lang='lat' dir='ltr'><strong>erat</strong></span> <span class='ocrx_word' id='word_1_287' title='bbox 1798 400 1993 441; x_wconf 85' lang='lat' dir='ltr'><strong>detestatus,</strong></span> <span class='ocrx_word' id='word_1_288' title='bbox 2012 402 2119 442; x_wconf 83' lang='lat' dir='ltr'><strong>paullo</strong></span> <span class='ocrx_word' id='word_1_289' title='bbox 2136 404 2244 434; x_wconf 85' lang='lat' dir='ltr'><strong>tamen</strong></span> 
     </span>
     <span class='ocr_line' id='line_1_45' title="bbox 1185 458 2243 501; baseline 0 -9"><span class='ocrx_word' id='word_1_290' title='bbox 1185 460 1257 501; x_wconf 78' lang='lat' dir='ltr'><strong>post</strong></span> <span class='ocrx_word' id='word_1_291' title='bbox 1282 459 1362 491; x_wconf 90' lang='lat' dir='ltr'><strong>illud</strong></span> <span class='ocrx_word' id='word_1_292' title='bbox 1387 468 1516 491; x_wconf 88' lang='lat' dir='ltr'><strong>carmen</strong></span> <span class='ocrx_word' id='word_1_293' title='bbox 1529 458 1656 499; x_wconf 86' lang='lat' dir='ltr'><strong>publice</strong></span> <span class='ocrx_word' id='word_1_294' title='bbox 1674 459 1811 491; x_wconf 82' lang='lat' dir='ltr'><strong>recitans</strong></span> <span class='ocrx_word' id='word_1_295' title='bbox 1833 459 1960 491; x_wconf 88' lang='lat' dir='ltr'><strong>laudem</strong></span> <span class='ocrx_word' id='word_1_296' title='bbox 1982 460 2041 491; x_wconf 89' lang='lat' dir='ltr'><strong>sibi</strong></span> <span class='ocrx_word' id='word_1_297' title='bbox 2063 463 2243 501; x_wconf 84' lang='lat' dir='ltr'><strong>paraverat.</strong></span> 
     </span>
     <span class='ocr_line' id='line_1_46' title="bbox 1186 517 2246 564; baseline 0 -14"><span class='ocrx_word' id='word_1_298' title='bbox 1186 520 1260 556; x_wconf 88' lang='lat' dir='ltr'>Qua</span> <span class='ocrx_word' id='word_1_299' title='bbox 1272 517 1463 559; x_wconf 85' lang='lat' dir='ltr'><strong>aegritudine</strong></span> <span class='ocrx_word' id='word_1_300' title='bbox 1471 518 1629 558; x_wconf 83' lang='lat' dir='ltr'><strong>&#39;Diagoras</strong></span> <span class='ocrx_word' id='word_1_301' title='bbox 1642 518 1766 558; x_wconf 81' lang='lat' dir='ltr'><strong>scripsit</strong></span> <span class='ocrx_word' id='word_1_302' title='bbox 1785 518 1945 550; x_wconf 85' lang='lat' dir='ltr'><strong>orationes</strong></span> <span class='ocrx_word' id='word_1_303' title='bbox 1959 518 2246 564; x_wconf 77' lang='grc' dir='ltr'>Ἀποπυργίζοντας,</span> 
     </span>
     <span class='ocr_line' id='line_1_47' title="bbox 1187 576 2130 618; baseline -0.001 -9"><span class='ocrx_word' id='word_1_304' title='bbox 1187 586 1262 618; x_wconf 87' lang='lat' dir='ltr'><strong>quae</strong></span> <span class='ocrx_word' id='word_1_305' title='bbox 1275 577 1497 609; x_wconf 86' lang='lat' dir='ltr'><strong>demonstrant</strong></span> <span class='ocrx_word' id='word_1_306' title='bbox 1509 576 1550 608; x_wconf 90' lang='lat' dir='ltr'>ab</span> <span class='ocrx_word' id='word_1_307' title='bbox 1563 577 1712 617; x_wconf 89' lang='lat' dir='ltr'><strong>opinione</strong></span> <span class='ocrx_word' id='word_1_308' title='bbox 1725 576 1765 609; x_wconf 89' lang='lat' dir='ltr'>de</span> <span class='ocrx_word' id='word_1_309' title='bbox 1781 576 1842 608; x_wconf 91' lang='lat' dir='ltr'>deo</span> <span class='ocrx_word' id='word_1_310' title='bbox 1858 585 1933 608; x_wconf 91' lang='lat' dir='ltr'><strong>cum</strong></span> <span class='ocrx_word' id='word_1_311' title='bbox 1948 576 2130 608; x_wconf 80' lang='lat' dir='ltr'><strong>descivisse.</strong></span> 
     </span>
    </p>

    <p class='ocr_par' dir='ltr' id='par_1_16' title="bbox 1233 635 2247 676">
     <span class='ocr_line' id='line_1_48' title="bbox 1233 635 2247 676; baseline -0.001 -8"><span class='ocrx_word' id='word_1_312' title='bbox 1233 640 1280 669; x_wconf 73' lang='lat'>¹6.</span> <span class='ocrx_word' id='word_1_313' title='bbox 1312 636 1485 669; x_wconf 82' lang='lat' dir='ltr'><strong>Diodorus</strong></span> <span class='ocrx_word' id='word_1_314' title='bbox 1520 636 1672 676; x_wconf 61' lang='lat' dir='ltr'><strong>bisensis,</strong></span> <span class='ocrx_word' id='word_1_315' title='bbox 1699 637 1827 668; x_wconf 84' lang='lat' dir='ltr'><strong>Cronus</strong></span> <span class='ocrx_word' id='word_1_316' title='bbox 1863 635 2124 676; x_wconf 80' lang='lat' dir='ltr'><strong>cognominatus,</strong></span> <span class='ocrx_word' id='word_1_317' title='bbox 2147 636 2247 667; x_wconf 84' lang='lat' dir='ltr'><strong>diale-</strong></span> 
     </span>
    </p>
   </div>
   <div class='ocr_carea' id='block_1_6' title="bbox 1189 701 2252 1204">
    <p class='ocr_par' dir='ltr' id='par_1_17' title="bbox 1189 701 2252 1204">
     <span class='ocr_line' id='line_1_49' title="bbox 1189 701 2246 742; baseline -0.003 -8"><span class='ocrx_word' id='word_1_318' title='bbox 1189 701 1309 742; x_wconf 84' lang='lat' dir='ltr'><strong>cticus,</strong></span> <span class='ocrx_word' id='word_1_319' title='bbox 1334 701 1456 742; x_wconf 86' lang='lat' dir='ltr'><strong>primus</strong></span> <span class='ocrx_word' id='word_1_320' title='bbox 1477 701 1610 742; x_wconf 87' lang='lat' dir='ltr'><strong>putatur</strong></span> <span class='ocrx_word' id='word_1_321' title='bbox 1639 701 1797 733; x_wconf 89' lang='lat' dir='ltr'><strong>invenisse</strong></span> <span class='ocrx_word' id='word_1_322' title='bbox 1824 702 1999 733; x_wconf 89' lang='lat' dir='ltr'><strong>cornutum</strong></span> <span class='ocrx_word' id='word_1_323' title='bbox 2027 701 2246 732; x_wconf 74' lang='lat' dir='ltr'><strong>conclusionis</strong></span> 
     </span>
     <span class='ocr_line' id='line_1_50' title="bbox 1189 764 2250 806; baseline -0.003 -8"><span class='ocrx_word' id='word_1_324' title='bbox 1189 774 1289 806; x_wconf 83' lang='lat' dir='ltr'><strong>genus</strong></span> <span class='ocrx_word' id='word_1_325' title='bbox 1314 766 1347 798; x_wconf 83' lang='lat' dir='ltr'>et</span> <span class='ocrx_word' id='word_1_326' title='bbox 1368 765 1559 798; x_wconf 84' lang='lat' dir='ltr'><strong>involutum.</strong></span> <span class='ocrx_word' id='word_1_327' title='bbox 1578 765 1639 797; x_wconf 83' lang='lat' dir='ltr'><strong>Hic</strong></span> <span class='ocrx_word' id='word_1_328' title='bbox 1657 764 1741 806; x_wconf 89' lang='lat' dir='ltr'><strong>apud</strong></span> <span class='ocrx_word' id='word_1_329' title='bbox 1768 765 1981 797; x_wconf 76' lang='lat' dir='ltr'><strong>Ptolemaeum</strong></span> <span class='ocrx_word' id='word_1_330' title='bbox 1996 766 2140 797; x_wconf 86' lang='lat' dir='ltr'><strong>Soterem</strong></span> <span class='ocrx_word' id='word_1_331' title='bbox 2161 773 2250 796; x_wconf 87' lang='lat' dir='ltr'><strong>com.</strong></span> 
     </span>
     <span class='ocr_line' id='line_1_51' title="bbox 1190 828 2249 871; baseline -0.002 -8"><span class='ocrx_word' id='word_1_332' title='bbox 1190 838 1320 863; x_wconf 85' lang='lat' dir='ltr'><strong>morans</strong></span> <span class='ocrx_word' id='word_1_333' title='bbox 1335 838 1438 871; x_wconf 85' lang='lat' dir='ltr'><strong>quum</strong></span> <span class='ocrx_word' id='word_1_334' title='bbox 1459 830 1638 871; x_wconf 83' lang='lat' dir='ltr'><strong>propositas</strong></span> <span class='ocrx_word' id='word_1_335' title='bbox 1650 829 1710 862; x_wconf 88' lang='lat' dir='ltr'><strong>sibi</strong></span> <span class='ocrx_word' id='word_1_336' title='bbox 1730 838 1748 860; x_wconf 85' lang='lat' dir='ltr'>a</span> <span class='ocrx_word' id='word_1_337' title='bbox 1763 830 1907 870; x_wconf 90' lang='lat' dir='ltr'><strong>Stilpone</strong></span> <span class='ocrx_word' id='word_1_338' title='bbox 1921 828 2078 870; x_wconf 83' lang='lat' dir='ltr'><strong>quasdam</strong></span> <span class='ocrx_word' id='word_1_339' title='bbox 2097 830 2249 870; x_wconf 83' lang='lat' dir='ltr'><strong>quaestio·</strong></span> 
     </span>
     <span class='ocr_line' id='line_1_52' title="bbox 1191 896 2252 939; baseline -0.002 -8"><span class='ocrx_word' id='word_1_340' title='bbox 1191 907 1250 931; x_wconf 88' lang='lat' dir='ltr'>nes</span> <span class='ocrx_word' id='word_1_341' title='bbox 1261 898 1449 931; x_wconf 85' lang='lat' dir='ltr'><strong>dialecticas</strong></span> <span class='ocrx_word' id='word_1_342' title='bbox 1467 898 1615 939; x_wconf 85' lang='lat' dir='ltr'><strong>protinus</strong></span> <span class='ocrx_word' id='word_1_343' title='bbox 1627 898 1754 930; x_wconf 88' lang='lat' dir='ltr'><strong>solvere</strong></span> <span class='ocrx_word' id='word_1_344' title='bbox 1767 896 1985 938; x_wconf 88' lang='lat' dir='ltr'><strong>nequivisset,</strong></span> <span class='ocrx_word' id='word_1_345' title='bbox 1998 897 2039 929; x_wconf 86' lang='lat' dir='ltr'>ab</span> <span class='ocrx_word' id='word_1_346' title='bbox 2052 906 2124 938; x_wconf 86' lang='lat' dir='ltr'><strong>rege</strong></span> <span class='ocrx_word' id='word_1_347' title='bbox 2137 898 2169 930; x_wconf 87' lang='lat' dir='ltr'>et</span> <span class='ocrx_word' id='word_1_348' title='bbox 2182 898 2252 930; x_wconf 83' lang='lat' dir='ltr'><strong>aliis</strong></span> 
     </span>
     <span class='ocr_line' id='line_1_53' title="bbox 1192 965 2249 1006; baseline 0 -9"><span class='ocrx_word' id='word_1_349' title='bbox 1192 965 1296 997; x_wconf 88' lang='lat' dir='ltr'><strong>modis</strong></span> <span class='ocrx_word' id='word_1_350' title='bbox 1308 965 1484 1006; x_wconf 84' lang='lat' dir='ltr'><strong>increpitus</strong></span> <span class='ocrx_word' id='word_1_351' title='bbox 1505 966 1536 998; x_wconf 85' lang='lat' dir='ltr'>et</span> <span class='ocrx_word' id='word_1_352' title='bbox 1557 974 1614 1006; x_wconf 89' lang='lat' dir='ltr'>per</span> <span class='ocrx_word' id='word_1_353' title='bbox 1627 965 1841 1006; x_wconf 81' lang='lat' dir='ltr'><strong>ignominiam</strong></span> <span class='ocrx_word' id='word_1_354' title='bbox 1855 967 1981 997; x_wconf 86' lang='lat' dir='ltr'><strong>Cronus</strong></span> <span class='ocrx_word' id='word_1_355' title='bbox 2000 965 2178 1006; x_wconf 86' lang='lat' dir='ltr'><strong>appellatus</strong></span> <span class='ocrx_word' id='word_1_356' title='bbox 2191 967 2249 997; x_wconf 87' lang='lat' dir='ltr'><strong>est.</strong></span> 
     </span>
     <span class='ocr_line' id='line_1_54' title="bbox 1192 1031 2252 1076; baseline -0.002 -11"><span class='ocrx_word' id='word_1_357' title='bbox 1192 1035 1345 1074; x_wconf 78' lang='lat' dir='ltr'>Egressus</span> <span class='ocrx_word' id='word_1_358' title='bbox 1361 1032 1456 1074; x_wconf 80' lang='lat' dir='ltr'><strong>igitur</strong></span> <span class='ocrx_word' id='word_1_359' title='bbox 1473 1041 1491 1065; x_wconf 89' lang='lat' dir='ltr'>e</span> <span class='ocrx_word' id='word_1_360' title='bbox 1504 1033 1653 1065; x_wconf 83' lang='lat' dir='ltr'><strong>convivio</strong></span> <span class='ocrx_word' id='word_1_361' title='bbox 1666 1033 1914 1076; x_wconf 79' lang='lat' dir='ltr'><strong>conscriptoque</strong></span> <span class='ocrx_word' id='word_1_362' title='bbox 1930 1031 1970 1064; x_wconf 89' lang='lat' dir='ltr'>de</span> <span class='ocrx_word' id='word_1_363' title='bbox 1984 1031 2149 1073; x_wconf 82' lang='lat' dir='ltr'><strong>proposita</strong></span> <span class='ocrx_word' id='word_1_364' title='bbox 2165 1041 2252 1072; x_wconf 82' lang='lat' dir='ltr'><strong>quac-</strong></span> 
     </span>
     <span class='ocr_line' id='line_1_55' title="bbox 1193 1100 2252 1144; baseline 0.001 -12"><span class='ocrx_word' id='word_1_365' title='bbox 1193 1100 1297 1133; x_wconf 89' lang='lat' dir='ltr'><strong>stione</strong></span> <span class='ocrx_word' id='word_1_366' title='bbox 1308 1100 1436 1143; x_wconf 90' lang='lat' dir='ltr'><strong>libello,</strong></span> <span class='ocrx_word' id='word_1_367' title='bbox 1452 1110 1492 1134; x_wconf 87' lang='lat' dir='ltr'>ex</span> <span class='ocrx_word' id='word_1_368' title='bbox 1505 1110 1644 1135; x_wconf 84' lang='lat' dir='ltr'><strong>moerore</strong></span> <span class='ocrx_word' id='word_1_369' title='bbox 1657 1101 1748 1134; x_wconf 87' lang='lat' dir='ltr'><strong>obiit.</strong></span> <span class='ocrx_word' id='word_1_370' title='bbox 1765 1103 1820 1135; x_wconf 79' lang='lat' dir='ltr'>Est</span> <span class='ocrx_word' id='word_1_371' title='bbox 1835 1102 1866 1134; x_wconf 91' lang='lat' dir='ltr'><strong>in</strong></span> <span class='ocrx_word' id='word_1_372' title='bbox 1879 1102 1984 1144; x_wconf 85' lang='lat' dir='ltr'><strong>ipsum</strong></span> <span class='ocrx_word' id='word_1_373' title='bbox 2004 1102 2200 1144; x_wconf 78' lang='lat' dir='ltr'><strong>epigramma</strong></span> <span class='ocrx_word' id='word_1_374' title='bbox 2220 1105 2252 1133; x_wconf 86' lang='lat' dir='ltr'><strong>in</strong></span> 
     </span>
     <span class='ocr_line' id='line_1_56' title="bbox 1194 1171 1452 1204; baseline 0 0"><span class='ocrx_word' id='word_1_375' title='bbox 1194 1171 1281 1204; x_wconf 88' lang='lat' dir='ltr'><strong>hunc</strong></span> <span class='ocrx_word' id='word_1_376' title='bbox 1293 1172 1428 1204; x_wconf 86' lang='lat' dir='ltr'><strong>modum</strong></span> <span class='ocrx_word' id='word_1_377' title='bbox 1443 1181 1452 1204; x_wconf 74' lang='grc' dir='ltr'>ε</span> 
     </span>
    </p>
   </div>
   <div class='ocr_carea' id='block_1_7' title="bbox 1269 1254 1892 1337">
    <p class='ocr_par' dir='ltr' id='par_1_18' title="bbox 1269 1254 1892 1337">
     <span class='ocr_line' id='line_1_57' title="bbox 1269 1254 1892 1291; baseline 0.005 -10"><span class='ocrx_word' id='word_1_378' title='bbox 1269 1255 1368 1282; x_wconf 88' lang='lat' dir='ltr'><strong>Crone</strong></span> <span class='ocrx_word' id='word_1_379' title='bbox 1383 1254 1515 1284; x_wconf 88' lang='lat' dir='ltr'><strong>Diodore</strong></span> <span class='ocrx_word' id='word_1_380' title='bbox 1524 1275 1532 1290; x_wconf 89' lang='lat'>‚</span> <span class='ocrx_word' id='word_1_381' title='bbox 1546 1256 1612 1291; x_wconf 88' lang='lat' dir='ltr'><strong>quis</strong></span> <span class='ocrx_word' id='word_1_382' title='bbox 1622 1255 1748 1284; x_wconf 89' lang='lat' dir='ltr'><strong>deorum</strong></span> <span class='ocrx_word' id='word_1_383' title='bbox 1764 1258 1792 1284; x_wconf 82' lang='lat' dir='ltr'>tc</span> <span class='ocrx_word' id='word_1_384' title='bbox 1806 1254 1892 1284; x_wconf 77' lang='lat' dir='ltr'><strong>malis</strong></span> 
     </span>
     <span class='ocr_line' id='line_1_58' title="bbox 1305 1300 1642 1337; baseline 0.006 -9"><span class='ocrx_word' id='word_1_385' title='bbox 1305 1300 1454 1335; x_wconf 83' lang='lat' dir='ltr'><strong>objecerit</strong></span> <span class='ocrx_word' id='word_1_386' title='bbox 1468 1300 1624 1330; x_wconf 87' lang='lat' dir='ltr'><strong>doloribus</strong></span> <span class='ocrx_word' id='word_1_387' title='bbox 1635 1323 1642 1337; x_wconf 87' lang='lat'>‚</span> 
     </span>
    </p>
   </div>
   <div class='ocr_carea' id='block_1_8' title="bbox 1267 1345 1997 1429">
    <p class='ocr_par' dir='ltr' id='par_1_19' title="bbox 1267 1345 1997 1429">
     <span class='ocr_line' id='line_1_59' title="bbox 1267 1345 1997 1384; baseline 0.001 -10"><span class='ocrx_word' id='word_1_388' title='bbox 1267 1345 1326 1380; x_wconf 78' lang='lat' dir='ltr'><strong>(lic,</strong></span> <span class='ocrx_word' id='word_1_389' title='bbox 1341 1346 1405 1382; x_wconf 88' lang='lat' dir='ltr'><strong>ipse</strong></span> <span class='ocrx_word' id='word_1_390' title='bbox 1418 1348 1453 1374; x_wconf 90' lang='lat' dir='ltr'>ut</span> <span class='ocrx_word' id='word_1_391' title='bbox 1465 1349 1565 1375; x_wconf 87' lang='lat' dir='ltr'><strong>atrum</strong></span> <span class='ocrx_word' id='word_1_392' title='bbox 1578 1348 1684 1384; x_wconf 87' lang='lat' dir='ltr'><strong>sponte</strong></span> <span class='ocrx_word' id='word_1_393' title='bbox 1698 1350 1815 1383; x_wconf 79' lang='lat' dir='ltr'>peteres</span> <span class='ocrx_word' id='word_1_394' title='bbox 1828 1349 1997 1381; x_wconf 78' lang='lat' dir='ltr'><strong>Tartarum,</strong></span> 
     </span>
     <span class='ocr_line' id='line_1_60' title="bbox 1302 1392 1765 1429; baseline 0.002 -9"><span class='ocrx_word' id='word_1_395' title='bbox 1302 1392 1444 1429; x_wconf 86' lang='lat' dir='ltr'><strong>Stilponis</strong></span> <span class='ocrx_word' id='word_1_396' title='bbox 1454 1393 1555 1422; x_wconf 84' lang='lat' dir='ltr'><strong>abdita</strong></span> <span class='ocrx_word' id='word_1_397' title='bbox 1567 1393 1647 1422; x_wconf 84' lang='lat' dir='ltr'><strong>haud</strong></span> <span class='ocrx_word' id='word_1_398' title='bbox 1662 1395 1765 1423; x_wconf 86' lang='lat' dir='ltr'><strong>valens</strong></span> 
     </span>
    </p>
   </div>
   <div class='ocr_carea' id='block_1_9' title="bbox 1270 1440 1917 1527">
    <p class='ocr_par' dir='ltr' id='par_1_20' title="bbox 1270 1440 1917 1527">
     <span class='ocr_line' id='line_1_61' title="bbox 1270 1440 1917 1481; baseline -0.002 -9"><span class='ocrx_word' id='word_1_399' title='bbox 1270 1443 1386 1480; x_wconf 85' lang='lat' dir='ltr'><strong>aperire</strong></span> <span class='ocrx_word' id='word_1_400' title='bbox 1399 1444 1478 1473; x_wconf 87' lang='lat' dir='ltr'><strong>dicta</strong></span> <span class='ocrx_word' id='word_1_401' title='bbox 1487 1445 1500 1472; x_wconf 81' lang='lat'>¹?</span> <span class='ocrx_word' id='word_1_402' title='bbox 1515 1445 1723 1480; x_wconf 85' lang='lat' dir='ltr'><strong>Deprehensus</strong></span> <span class='ocrx_word' id='word_1_403' title='bbox 1735 1452 1766 1473; x_wconf 88' lang='lat' dir='ltr'>es</span> <span class='ocrx_word' id='word_1_404' title='bbox 1780 1440 1895 1481; x_wconf 84' lang='grc' dir='ltr'>Κρόνος</span> <span class='ocrx_word' id='word_1_405' title='bbox 1908 1464 1917 1480; x_wconf 95' lang='grc'>,</span> 
     </span>
     <span class='ocr_line' id='line_1_62' title="bbox 1306 1489 1787 1527; baseline 0.002 -9"><span class='ocrx_word' id='word_1_406' title='bbox 1306 1489 1370 1518; x_wconf 84' lang='lat' dir='ltr'>Rho</span> <span class='ocrx_word' id='word_1_407' title='bbox 1386 1492 1417 1518; x_wconf 91' lang='lat' dir='ltr'>et</span> <span class='ocrx_word' id='word_1_408' title='bbox 1429 1492 1535 1527; x_wconf 89' lang='lat' dir='ltr'><strong>Kappa</strong></span> <span class='ocrx_word' id='word_1_409' title='bbox 1545 1490 1673 1527; x_wconf 85' lang='lat' dir='ltr'><strong>demptis</strong></span> <span class='ocrx_word' id='word_1_410' title='bbox 1685 1491 1787 1519; x_wconf 83' lang='lat' dir='ltr'><strong>literis.</strong></span> 
     </span>
    </p>
   </div>
   <div class='ocr_carea' id='block_1_10' title="bbox 1196 1553 2064 1595">
    <p class='ocr_par' dir='ltr' id='par_1_21' title="bbox 1196 1553 2064 1595">
     <span class='ocr_line' id='line_1_63' title="bbox 1196 1553 2064 1595; baseline 0 -9"><span class='ocrx_word' id='word_1_411' title='bbox 1196 1556 1242 1586; x_wconf 87' lang='lat' dir='ltr'>De</span> <span class='ocrx_word' id='word_1_412' title='bbox 1257 1553 1317 1585; x_wconf 85' lang='lat' dir='ltr'>hoo</span> <span class='ocrx_word' id='word_1_413' title='bbox 1329 1553 1361 1585; x_wconf 90' lang='lat' dir='ltr'><strong>in</strong></span> <span class='ocrx_word' id='word_1_414' title='bbox 1373 1554 1669 1595; x_wconf 80' lang='lat' dir='ltr'><strong>Epigrammatibus</strong></span> <span class='ocrx_word' id='word_1_415' title='bbox 1679 1555 1723 1587; x_wconf 89' lang='lat' dir='ltr'>ita</span> <span class='ocrx_word' id='word_1_416' title='bbox 1735 1555 1953 1587; x_wconf 80' lang='lat' dir='ltr'><strong>Callimachus</strong></span> <span class='ocrx_word' id='word_1_417' title='bbox 1967 1555 2041 1587; x_wconf 83' lang='lat' dir='ltr'><strong>lusit</strong></span> <span class='ocrx_word' id='word_1_418' title='bbox 2057 1568 2064 1586; x_wconf 71' lang='grc' dir='ltr'>ι</span> 
     </span>
    </p>
   </div>
   <div class='ocr_carea' id='block_1_11' title="bbox 1198 1627 2256 2082">
    <p class='ocr_par' dir='ltr' id='par_1_22' title="bbox 1485 1627 1916 1665">
     <span class='ocr_line' id='line_1_64' title="bbox 1485 1627 1916 1665; baseline 0 -8"><span class='ocrx_word' id='word_1_419' title='bbox 1485 1648 1645 1657; x_wconf 90' lang='grc'><strong>......</strong></span> <span class='ocrx_word' id='word_1_420' title='bbox 1668 1627 1836 1657; x_wconf 83' lang='lat' dir='ltr'><strong>Parietibus</strong></span> <span class='ocrx_word' id='word_1_421' title='bbox 1854 1629 1916 1665; x_wconf 80' lang='lat' dir='ltr'><strong>ipse</strong></span> 
     </span>
    </p>

    <p class='ocr_par' dir='ltr' id='par_1_23' title="bbox 1233 1673 2254 1712">
     <span class='ocr_line' id='line_1_65' title="bbox 1233 1673 2254 1712; baseline 0.003 -10"><span class='ocrx_word' id='word_1_422' title='bbox 1233 1673 1384 1710; x_wconf 84' lang='lat' dir='ltr'><strong>inscripsit</strong></span> <span class='ocrx_word' id='word_1_423' title='bbox 1397 1675 1524 1709; x_wconf 76' lang='lat' dir='ltr'><strong>moruus,</strong></span> <span class='ocrx_word' id='word_1_424' title='bbox 1533 1673 1615 1710; x_wconf 88' lang='lat' dir='ltr'><strong>quod</strong></span> <span class='ocrx_word' id='word_1_425' title='bbox 1625 1676 1742 1703; x_wconf 90' lang='lat' dir='ltr'><strong>Cronus</strong></span> <span class='ocrx_word' id='word_1_426' title='bbox 1752 1677 1796 1703; x_wconf 87' lang='lat' dir='ltr'>est</span> <span class='ocrx_word' id='word_1_427' title='bbox 1805 1674 1920 1711; x_wconf 78' lang='lat' dir='ltr'><strong>sapiens</strong></span> <span class='ocrx_word' id='word_1_428' title='bbox 1931 1675 2042 1711; x_wconf 35' lang='lat' dir='ltr'><strong>(Dio-qs</strong></span> <span class='ocrx_word' id='word_1_429' title='bbox 2049 1676 2086 1711; x_wconf 85' lang='lat'>11,</span> <span class='ocrx_word' id='word_1_430' title='bbox 2098 1675 2107 1702; x_wconf 76' lang='grc'>1</span> <span class='ocrx_word' id='word_1_431' title='bbox 2117 1675 2144 1703; x_wconf 84' lang='grc' dir='ltr'>Η</span> <span class='ocrx_word' id='word_1_432' title='bbox 2158 1695 2166 1710; x_wconf 88' lang='grc'>,</span> <span class='ocrx_word' id='word_1_433' title='bbox 2180 1677 2254 1712; x_wconf 74' lang='grc'><strong>412).</strong></span> 
     </span>
    </p>

    <p class='ocr_par' dir='ltr' id='par_1_24' title="bbox 1198 1745 2256 1906">
     <span class='ocr_line' id='line_1_66' title="bbox 1242 1745 2255 1787; baseline 0.004 -11"><span class='ocrx_word' id='word_1_434' title='bbox 1242 1747 1290 1777; x_wconf 84' lang='lat'>17.</span> <span class='ocrx_word' id='word_1_435' title='bbox 1316 1747 1516 1777; x_wconf 77' lang='lat' dir='ltr'><strong>Demetrius</strong></span> <span class='ocrx_word' id='word_1_436' title='bbox 1540 1745 1713 1778; x_wconf 82' lang='lat' dir='ltr'><strong>Phalereus</strong></span> <span class='ocrx_word' id='word_1_437' title='bbox 1735 1746 1838 1778; x_wconf 82' lang='lat' dir='ltr'><strong>forma</strong></span> <span class='ocrx_word' id='word_1_438' title='bbox 1858 1746 1920 1778; x_wconf 88' lang='lat' dir='ltr'><strong>suit</strong></span> <span class='ocrx_word' id='word_1_439' title='bbox 1938 1747 2005 1778; x_wconf 85' lang='lat' dir='ltr'>tam</span> <span class='ocrx_word' id='word_1_440' title='bbox 2033 1747 2168 1787; x_wconf 80' lang='lat' dir='ltr'><strong>eximia,</strong></span> <span class='ocrx_word' id='word_1_441' title='bbox 2186 1750 2255 1780; x_wconf 82' lang='lat' dir='ltr'>uta</span> 
     </span>
     <span class='ocr_line' id='line_1_67' title="bbox 1198 1803 2256 1848; baseline 0.004 -13"><span class='ocrx_word' id='word_1_442' title='bbox 1198 1803 1361 1836; x_wconf 90' lang='lat' dir='ltr'><strong>nonnullis</strong></span> <span class='ocrx_word' id='word_1_443' title='bbox 1374 1805 1534 1845; x_wconf 82' lang='grc' dir='ltr'>Ααμπετὼ</span> <span class='ocrx_word' id='word_1_444' title='bbox 1547 1804 1678 1837; x_wconf 84' lang='lat' dir='ltr'><strong>anitore</strong></span> <span class='ocrx_word' id='word_1_445' title='bbox 1693 1805 1817 1844; x_wconf 77' lang='lat' dir='ltr'><strong>formae,</strong></span> <span class='ocrx_word' id='word_1_446' title='bbox 1832 1807 1864 1837; x_wconf 85' lang='lat' dir='ltr'>et</span> <span class='ocrx_word' id='word_1_447' title='bbox 1873 1806 2138 1848; x_wconf 69' lang='grc' dir='ltr'>Χαριτοόλέφαρος</span> <span class='ocrx_word' id='word_1_448' title='bbox 2153 1817 2170 1839; x_wconf 90' lang='lat' dir='ltr'>a</span> <span class='ocrx_word' id='word_1_449' title='bbox 2189 1808 2256 1848; x_wconf 88' lang='lat' dir='ltr'><strong>pal-</strong></span> 
     </span>
     <span class='ocr_line' id='line_1_68' title="bbox 1199 1862 2254 1906; baseline 0.005 -12"><span class='ocrx_word' id='word_1_450' title='bbox 1199 1862 1372 1904; x_wconf 87' lang='lat' dir='ltr'><strong>pebrarum</strong></span> <span class='ocrx_word' id='word_1_451' title='bbox 1389 1863 1506 1896; x_wconf 89' lang='lat' dir='ltr'><strong>decore</strong></span> <span class='ocrx_word' id='word_1_452' title='bbox 1532 1864 1564 1895; x_wconf 87' lang='lat' dir='ltr'>et</span> <span class='ocrx_word' id='word_1_453' title='bbox 1589 1864 1688 1904; x_wconf 84' lang='lat' dir='ltr'><strong>gratia</strong></span> <span class='ocrx_word' id='word_1_454' title='bbox 1704 1864 1919 1904; x_wconf 81' lang='lat' dir='ltr'><strong>appellaretur</strong></span> <span class='ocrx_word' id='word_1_455' title='bbox 1935 1866 1986 1906; x_wconf 89' lang='lat' dir='ltr'>(v.</span> <span class='ocrx_word' id='word_1_456' title='bbox 2003 1867 2097 1906; x_wconf 76' lang='lat' dir='ltr'><strong>Dioq.</strong></span> <span class='ocrx_word' id='word_1_457' title='bbox 2119 1868 2159 1904; x_wconf 91' lang='lat' dir='ltr'>V,</span> <span class='ocrx_word' id='word_1_458' title='bbox 2184 1868 2254 1906; x_wconf 84' lang='lat'>16).</span> 
     </span>
    </p>

    <p class='ocr_par' dir='ltr' id='par_1_25' title="bbox 1199 1922 2255 2082">
     <span class='ocr_line' id='line_1_69' title="bbox 1245 1922 2255 1966; baseline 0.003 -12"><span class='ocrx_word' id='word_1_459' title='bbox 1245 1925 1293 1954; x_wconf 77' lang='lat'>¹8.</span> <span class='ocrx_word' id='word_1_460' title='bbox 1310 1924 1503 1954; x_wconf 77' lang='lat' dir='ltr'><strong>Demetrius</strong></span> <span class='ocrx_word' id='word_1_461' title='bbox 1519 1922 1612 1963; x_wconf 87' lang='lat' dir='ltr'><strong>alter,</strong></span> <span class='ocrx_word' id='word_1_462' title='bbox 1628 1924 1840 1963; x_wconf 85' lang='lat' dir='ltr'><strong>cognomento</strong></span> <span class='ocrx_word' id='word_1_463' title='bbox 1855 1923 1947 1955; x_wconf 84' lang='lat' dir='ltr'><strong>Ixion</strong></span> <span class='ocrx_word' id='word_1_464' title='bbox 1961 1923 2085 1964; x_wconf 87' lang='lat' dir='ltr'><strong>dictus,</strong></span> <span class='ocrx_word' id='word_1_465' title='bbox 2102 1925 2186 1966; x_wconf 87' lang='lat' dir='ltr'><strong>quod</strong></span> <span class='ocrx_word' id='word_1_466' title='bbox 2200 1925 2255 1958; x_wconf 90' lang='lat' dir='ltr'>de-</span> 
     </span>
     <span class='ocr_line' id='line_1_70' title="bbox 1200 1980 2254 2022; baseline 0.005 -10"><span class='ocrx_word' id='word_1_467' title='bbox 1200 1980 1377 2021; x_wconf 86' lang='lat' dir='ltr'><strong>prehensus</strong></span> <span class='ocrx_word' id='word_1_468' title='bbox 1395 1981 1443 2013; x_wconf 90' lang='lat' dir='ltr'>est</span> <span class='ocrx_word' id='word_1_469' title='bbox 1465 1981 1497 2012; x_wconf 90' lang='lat' dir='ltr'><strong>in</strong></span> <span class='ocrx_word' id='word_1_470' title='bbox 1514 1981 1618 2021; x_wconf 81' lang='lat' dir='ltr'><strong>furto,</strong></span> <span class='ocrx_word' id='word_1_471' title='bbox 1638 1990 1705 2022; x_wconf 92' lang='lat' dir='ltr'><strong>quo</strong></span> <span class='ocrx_word' id='word_1_472' title='bbox 1729 1981 1876 2014; x_wconf 84' lang='lat' dir='ltr'><strong>bracteas</strong></span> <span class='ocrx_word' id='word_1_473' title='bbox 1892 1991 2006 2015; x_wconf 85' lang='lat' dir='ltr'><strong>aureas</strong></span> <span class='ocrx_word' id='word_1_474' title='bbox 2028 1984 2254 2016; x_wconf 79' lang='lat' dir='ltr'><strong>Alexandrinae</strong></span> 
     </span>
     <span class='ocr_line' id='line_1_71' title="bbox 1199 2040 1900 2082; baseline 0.003 -11"><span class='ocrx_word' id='word_1_475' title='bbox 1199 2041 1218 2072; x_wconf 87' lang='lat' dir='ltr'>J</span> <span class='ocrx_word' id='word_1_476' title='bbox 1223 2040 1336 2071; x_wconf 83' lang='lat' dir='ltr'><strong>unonis</strong></span> <span class='ocrx_word' id='word_1_477' title='bbox 1352 2040 1524 2072; x_wconf 84' lang='lat' dir='ltr'><strong>simulacro</strong></span> <span class='ocrx_word' id='word_1_478' title='bbox 1540 2041 1701 2082; x_wconf 87' lang='lat' dir='ltr'><strong>surripere</strong></span> <span class='ocrx_word' id='word_1_479' title='bbox 1714 2042 1900 2073; x_wconf 88' lang='lat' dir='ltr'><strong>conabatur.</strong></span> 
     </span>
    </p>
   </div>
   <div class='ocr_carea' id='block_1_12' title="bbox 1203 2100 2257 2185">
    <p class='ocr_par' dir='ltr' id='par_1_26' title="bbox 1203 2100 2257 2185">
     <span class='ocr_line' id='line_1_72' title="bbox 1245 2100 2255 2141; baseline 0.004 -11"><span class='ocrx_word' id='word_1_480' title='bbox 1245 2102 1296 2131; x_wconf 86' lang='lat'>19.</span> <span class='ocrx_word' id='word_1_481' title='bbox 1315 2100 1487 2140; x_wconf 76' lang='lat' dir='ltr'><strong>Didymus</strong></span> <span class='ocrx_word' id='word_1_482' title='bbox 1514 2100 1748 2132; x_wconf 84' lang='lat' dir='ltr'><strong>Alexandrinus</strong></span> <span class='ocrx_word' id='word_1_483' title='bbox 1770 2100 2002 2133; x_wconf 86' lang='lat' dir='ltr'><strong>Chalcenterus</strong></span> <span class='ocrx_word' id='word_1_484' title='bbox 2025 2102 2181 2141; x_wconf 78' lang='lat' dir='ltr'><strong>(ahenea</strong></span> <span class='ocrx_word' id='word_1_485' title='bbox 2200 2105 2255 2134; x_wconf 79' lang='lat' dir='ltr'>in-</span> 
     </span>
     <span class='ocr_line' id='line_1_73' title="bbox 1203 2143 2257 2185; baseline 0.006 -12"><span class='ocrx_word' id='word_1_486' title='bbox 1203 2143 1330 2175; x_wconf 71' lang='lat' dir='ltr'><strong>testina</strong></span> <span class='ocrx_word' id='word_1_487' title='bbox 1353 2143 1504 2184; x_wconf 77' lang='lat' dir='ltr'><strong>habens)</strong></span> <span class='ocrx_word' id='word_1_488' title='bbox 1535 2143 1778 2183; x_wconf 81' lang='lat' dir='ltr'><strong>cognominatus</strong></span> <span class='ocrx_word' id='word_1_489' title='bbox 1799 2146 1847 2176; x_wconf 84' lang='lat' dir='ltr'>est</span> <span class='ocrx_word' id='word_1_490' title='bbox 1865 2145 1953 2185; x_wconf 82' lang='lat' dir='ltr'><strong>quod</strong></span> <span class='ocrx_word' id='word_1_491' title='bbox 1971 2145 2129 2178; x_wconf 77' lang='lat' dir='ltr'><strong>indefesso</strong></span> <span class='ocrx_word' id='word_1_492' title='bbox 2147 2147 2257 2179; x_wconf 84' lang='lat' dir='ltr'><strong>labore</strong></span> 
     </span>
    </p>
   </div>
   <div class='ocr_carea' id='block_1_13' title="bbox 1201 2184 2256 2271">
    <p class='ocr_par' dir='ltr' id='par_1_27' title="bbox 1201 2184 2256 2271">
     <span class='ocr_line' id='line_1_74' title="bbox 1201 2184 2256 2232; baseline 0.006 -15"><span class='ocrx_word' id='word_1_493' title='bbox 1201 2184 1290 2218; x_wconf 85' lang='lat' dir='ltr'><strong>libris</strong></span> <span class='ocrx_word' id='word_1_494' title='bbox 1309 2186 1466 2219; x_wconf 82' lang='lat' dir='ltr'><strong>assideret</strong></span> <span class='ocrx_word' id='word_1_495' title='bbox 1493 2196 1501 2218; x_wconf 90' lang='lat'>:</span> <span class='ocrx_word' id='word_1_496' title='bbox 1528 2187 1689 2228; x_wconf 88' lang='lat' dir='ltr'><strong>scripsisse</strong></span> <span class='ocrx_word' id='word_1_497' title='bbox 1709 2196 1805 2229; x_wconf 85' lang='lat' dir='ltr'><strong>supra</strong></span> <span class='ocrx_word' id='word_1_498' title='bbox 1826 2190 1876 2221; x_wconf 86' lang='lat' dir='ltr'>ter</span> <span class='ocrx_word' id='word_1_499' title='bbox 1897 2189 1988 2222; x_wconf 86' lang='lat' dir='ltr'><strong>mille</strong></span> <span class='ocrx_word' id='word_1_500' title='bbox 2005 2192 2038 2222; x_wconf 89' lang='lat' dir='ltr'>et</span> <span class='ocrx_word' id='word_1_501' title='bbox 2063 2190 2256 2232; x_wconf 84' lang='lat' dir='ltr'><strong>quingentos</strong></span> 
     </span>
     <span class='ocr_line' id='line_1_75' title="bbox 1201 2229 1516 2271; baseline 0.006 -10"><span class='ocrx_word' id='word_1_502' title='bbox 1201 2229 1300 2263; x_wconf 87' lang='lat' dir='ltr'><strong>libros</strong></span> <span class='ocrx_word' id='word_1_503' title='bbox 1318 2230 1516 2271; x_wconf 85' lang='lat' dir='ltr'><strong>perhibetur.</strong></span> 
     </span>
    </p>
   </div>
   <div class='ocr_carea' id='block_1_14' title="bbox 1202 2275 2257 2493">
    <p class='ocr_par' dir='ltr' id='par_1_28' title="bbox 1202 2275 2257 2493">
     <span class='ocr_line' id='line_1_76' title="bbox 1245 2275 2255 2320; baseline 0.005 -14"><span class='ocrx_word' id='word_1_504' title='bbox 1245 2278 1296 2307; x_wconf 91' lang='lat'>20.</span> <span class='ocrx_word' id='word_1_505' title='bbox 1315 2277 1429 2307; x_wconf 87' lang='lat' dir='ltr'><strong>Draco</strong></span> <span class='ocrx_word' id='word_1_506' title='bbox 1440 2275 1599 2316; x_wconf 86' lang='lat' dir='ltr'><strong>legislator</strong></span> <span class='ocrx_word' id='word_1_507' title='bbox 1611 2275 1645 2307; x_wconf 89' lang='lat' dir='ltr'><strong>in</strong></span> <span class='ocrx_word' id='word_1_508' title='bbox 1658 2276 1805 2317; x_wconf 86' lang='lat' dir='ltr'><strong>AEginam</strong></span> <span class='ocrx_word' id='word_1_509' title='bbox 1819 2277 1982 2318; x_wconf 79' lang='lat' dir='ltr'><strong>profectus</strong></span> <span class='ocrx_word' id='word_1_510' title='bbox 1992 2303 2001 2318; x_wconf 92' lang='lat'>,</span> <span class='ocrx_word' id='word_1_511' title='bbox 2013 2278 2190 2319; x_wconf 83' lang='lat' dir='ltr'><strong>faustisque</strong></span> <span class='ocrx_word' id='word_1_512' title='bbox 2202 2288 2255 2320; x_wconf 90' lang='lat' dir='ltr'>po·</span> 
     </span>
     <span class='ocr_line' id='line_1_77' title="bbox 1202 2333 2256 2379; baseline 0.006 -14"><span class='ocrx_word' id='word_1_513' title='bbox 1202 2333 1272 2375; x_wconf 89' lang='lat' dir='ltr'><strong>puli</strong></span> <span class='ocrx_word' id='word_1_514' title='bbox 1285 2333 1573 2367; x_wconf 82' lang='lat' dir='ltr'><strong>acclamationibus</strong></span> <span class='ocrx_word' id='word_1_515' title='bbox 1585 2334 1619 2367; x_wconf 89' lang='lat' dir='ltr'><strong>in</strong></span> <span class='ocrx_word' id='word_1_516' title='bbox 1636 2335 1761 2368; x_wconf 86' lang='lat' dir='ltr'><strong>theatro</strong></span> <span class='ocrx_word' id='word_1_517' title='bbox 1775 2338 1930 2377; x_wconf 85' lang='lat' dir='ltr'><strong>exceptus</strong></span> <span class='ocrx_word' id='word_1_518' title='bbox 1944 2337 1986 2369; x_wconf 93' lang='lat' dir='ltr'>ob</span> <span class='ocrx_word' id='word_1_519' title='bbox 1999 2338 2141 2378; x_wconf 86' lang='lat' dir='ltr'><strong>perlatas</strong></span> <span class='ocrx_word' id='word_1_520' title='bbox 2154 2339 2237 2379; x_wconf 81' lang='lat' dir='ltr'><strong>leges</strong></span> <span class='ocrx_word' id='word_1_521' title='bbox 2247 2364 2256 2379; x_wconf 94' lang='lat'><strong>,</strong></span> 
     </span>
     <span class='ocr_line' id='line_1_78' title="bbox 1205 2392 2257 2439; baseline 0.006 -15"><span class='ocrx_word' id='word_1_522' title='bbox 1205 2392 1414 2426; x_wconf 84' lang='lat' dir='ltr'><strong>multitudine</strong></span> <span class='ocrx_word' id='word_1_523' title='bbox 1435 2395 1619 2435; x_wconf 85' lang='lat' dir='ltr'><strong>petasorum</strong></span> <span class='ocrx_word' id='word_1_524' title='bbox 1630 2419 1639 2434; x_wconf 94' lang='lat'>,</span> <span class='ocrx_word' id='word_1_525' title='bbox 1666 2394 1850 2427; x_wconf 81' lang='lat' dir='ltr'><strong>tunicarum</strong></span> <span class='ocrx_word' id='word_1_526' title='bbox 1877 2396 1910 2428; x_wconf 84' lang='lat' dir='ltr'>et</span> <span class='ocrx_word' id='word_1_527' title='bbox 1934 2397 2072 2429; x_wconf 89' lang='lat' dir='ltr'><strong>vestium</strong></span> <span class='ocrx_word' id='word_1_528' title='bbox 2097 2397 2130 2429; x_wconf 88' lang='lat' dir='ltr'><strong>in</strong></span> <span class='ocrx_word' id='word_1_529' title='bbox 2159 2401 2257 2439; x_wconf 86' lang='lat' dir='ltr'><strong>caput</strong></span> 
     </span>
     <span class='ocr_line' id='line_1_79' title="bbox 1204 2451 1875 2493; baseline 0.004 -10"><span class='ocrx_word' id='word_1_530' title='bbox 1204 2451 1303 2492; x_wconf 91' lang='lat' dir='ltr'><strong>ipsius</strong></span> <span class='ocrx_word' id='word_1_531' title='bbox 1320 2452 1541 2493; x_wconf 85' lang='lat' dir='ltr'><strong>conjectarum</strong></span> <span class='ocrx_word' id='word_1_532' title='bbox 1555 2454 1730 2486; x_wconf 76' lang='lat' dir='ltr'><strong>suffocatus</strong></span> <span class='ocrx_word' id='word_1_533' title='bbox 1743 2454 1875 2487; x_wconf 85' lang='lat' dir='ltr'><strong>interiit.</strong></span> 
     </span>
    </p>
   </div>
   <div class='ocr_carea' id='block_1_15' title="bbox 1247 2513 2256 2556">
    <p class='ocr_par' dir='ltr' id='par_1_29' title="bbox 1247 2513 2256 2556">
     <span class='ocr_line' id='line_1_80' title="bbox 1247 2513 2256 2556; baseline 0.006 -13"><span class='ocrx_word' id='word_1_534' title='bbox 1247 2515 1296 2543; x_wconf 89' lang='lat'>21.</span> <span class='ocrx_word' id='word_1_535' title='bbox 1314 2514 1529 2545; x_wconf 76' lang='lat' dir='ltr'><strong>Democritus</strong></span> <span class='ocrx_word' id='word_1_536' title='bbox 1548 2513 1645 2546; x_wconf 86' lang='lat' dir='ltr'><strong>variis</strong></span> <span class='ocrx_word' id='word_1_537' title='bbox 1666 2513 1771 2546; x_wconf 87' lang='lat' dir='ltr'><strong>modis</strong></span> <span class='ocrx_word' id='word_1_538' title='bbox 1792 2514 1943 2547; x_wconf 82' lang='lat' dir='ltr'><strong>studebat</strong></span> <span class='ocrx_word' id='word_1_539' title='bbox 1965 2516 2135 2556; x_wconf 87' lang='lat' dir='ltr'><strong>explorare</strong></span> <span class='ocrx_word' id='word_1_540' title='bbox 2159 2517 2256 2549; x_wconf 89' lang='lat' dir='ltr'><strong>animi</strong></span> 
     </span>
    </p>
   </div>
   <div class='ocr_carea' id='block_1_16' title="bbox 95 2617 2258 3506">
    <p class='ocr_par' dir='ltr' id='par_1_30' title="bbox 95 2617 2257 2897">
     <span class='ocr_line' id='line_1_81' title="bbox 95 2617 2254 2665; baseline 0.001 -13"><span class='ocrx_word' id='word_1_541' title='bbox 95 2620 160 2652; x_wconf 83' lang='grc' dir='ltr'>κτλ.</span> <span class='ocrx_word' id='word_1_542' title='bbox 176 2619 224 2651; x_wconf 78' lang='lat' dir='ltr'>uti</span> <span class='ocrx_word' id='word_1_543' title='bbox 245 2628 296 2660; x_wconf 82' lang='lat' dir='ltr'>ap.</span> <span class='ocrx_word' id='word_1_544' title='bbox 318 2621 392 2652; x_wconf 85' lang='lat' dir='ltr'><strong>Hes.</strong></span> <span class='ocrx_word' id='word_1_545' title='bbox 409 2627 511 2659; x_wconf 81' lang='lat' dir='ltr'><strong>usque</strong></span> <span class='ocrx_word' id='word_1_546' title='bbox 526 2618 566 2650; x_wconf 84' lang='lat' dir='ltr'>ad</span> <span class='ocrx_word' id='word_1_547' title='bbox 586 2627 617 2650; x_wconf 88' lang='lat' dir='ltr'>v.</span> <span class='ocrx_word' id='word_1_548' title='bbox 635 2618 816 2655; x_wconf 82' lang='grc' dir='ltr'>ἐποιήσατο.</span> <span class='ocrx_word' id='word_1_549' title='bbox 832 2617 870 2650; x_wconf 80' lang='lat' dir='ltr'>‘O</span> <span class='ocrx_word' id='word_1_550' title='bbox 892 2617 924 2649; x_wconf 86' lang='grc' dir='ltr'>δὲ</span> <span class='ocrx_word' id='word_1_551' title='bbox 942 2618 994 2649; x_wconf 86' lang='grc' dir='ltr'>καὶ</span> <span class='ocrx_word' id='word_1_552' title='bbox 1017 2620 1055 2658; x_wconf 85' lang='grc' dir='ltr'>τῇ</span> <span class='ocrx_word' id='word_1_553' title='bbox 1074 2618 1181 2659; x_wconf 86' lang='grc' dir='ltr'>λυρικῇ</span> <span class='ocrx_word' id='word_1_554' title='bbox 1201 2618 1325 2650; x_wconf 83' lang='grc' dir='ltr'>ἐπέθετο</span> <span class='ocrx_word' id='word_1_555' title='bbox 1337 2643 1346 2658; x_wconf 94' lang='grc'>,</span> <span class='ocrx_word' id='word_1_556' title='bbox 1366 2622 1429 2656; x_wconf 87' lang='grc' dir='ltr'>τοῖς</span> <span class='ocrx_word' id='word_1_557' title='bbox 1451 2620 1572 2661; x_wconf 85' lang='grc' dir='ltr'>χρόνοις</span> <span class='ocrx_word' id='word_1_558' title='bbox 1589 2621 1632 2651; x_wconf 88' lang='grc' dir='ltr'>ὢν</span> <span class='ocrx_word' id='word_1_559' title='bbox 1651 2619 1727 2661; x_wconf 79' lang='grc' dir='ltr'>μετὰ</span> <span class='ocrx_word' id='word_1_560' title='bbox 1742 2620 1842 2660; x_wconf 84' lang='grc' dir='ltr'>(κατὰ</span> <span class='ocrx_word' id='word_1_561' title='bbox 1866 2622 2016 2662; x_wconf 83' lang='lat' dir='ltr'><strong>Kiister.)</strong></span> <span class='ocrx_word' id='word_1_562' title='bbox 2033 2623 2187 2665; x_wconf 87' lang='grc' dir='ltr'>Πίνδαρον</span> <span class='ocrx_word' id='word_1_563' title='bbox 2200 2626 2254 2655; x_wconf 77' lang='grc' dir='ltr'>καὶ</span> 
     </span>
     <span class='ocr_line' id='line_1_82' title="bbox 96 2663 2255 2710; baseline 0.001 -11"><span class='ocrx_word' id='word_1_564' title='bbox 96 2667 304 2709; x_wconf 82' lang='grc' dir='ltr'>Βακχυλίδην,</span> <span class='ocrx_word' id='word_1_565' title='bbox 332 2665 566 2698; x_wconf 80' lang='grc' dir='ltr'>Μελανιππίδου</span> <span class='ocrx_word' id='word_1_566' title='bbox 580 2665 612 2697; x_wconf 87' lang='grc' dir='ltr'>δὲ</span> <span class='ocrx_word' id='word_1_567' title='bbox 634 2665 853 2707; x_wconf 75' lang='grc' dir='ltr'>πρεσὸύτερος·</span> <span class='ocrx_word' id='word_1_568' title='bbox 876 2665 996 2705; x_wconf 80' lang='grc' dir='ltr'>ἤκμαζε</span> <span class='ocrx_word' id='word_1_569' title='bbox 1008 2664 1111 2696; x_wconf 85' lang='grc' dir='ltr'>τοίνυν</span> <span class='ocrx_word' id='word_1_570' title='bbox 1134 2663 1178 2702; x_wconf 87' lang='grc' dir='ltr'>οη’</span> <span class='ocrx_word' id='word_1_571' title='bbox 1195 2664 1395 2704; x_wconf 83' lang='grc' dir='ltr'>Ὀλυμπιάδι.</span> <span class='ocrx_word' id='word_1_572' title='bbox 1413 2665 1586 2704; x_wconf 85' lang='grc' dir='ltr'>Ἐπεκλήθη</span> <span class='ocrx_word' id='word_1_573' title='bbox 1604 2667 1635 2698; x_wconf 84' lang='grc' dir='ltr'>δὲ</span> <span class='ocrx_word' id='word_1_574' title='bbox 1658 2666 1761 2703; x_wconf 86' lang='grc' dir='ltr'>Ἄθεος</span> <span class='ocrx_word' id='word_1_575' title='bbox 1778 2666 1855 2698; x_wconf 82' lang='grc' dir='ltr'>διότι</span> <span class='ocrx_word' id='word_1_576' title='bbox 1869 2670 1962 2699; x_wconf 79' lang='grc' dir='ltr'>τοῦτο</span> <span class='ocrx_word' id='word_1_577' title='bbox 1981 2668 2131 2707; x_wconf 85' lang='grc' dir='ltr'>ἐδόξαζεν,</span> <span class='ocrx_word' id='word_1_578' title='bbox 2151 2669 2201 2710; x_wconf 84' lang='grc' dir='ltr'>ἀφ’</span> <span class='ocrx_word' id='word_1_579' title='bbox 2219 2669 2255 2701; x_wconf 82' lang='grc' dir='ltr'>οὗ</span> 
     </span>
     <span class='ocr_line' id='line_1_83' title="bbox 95 2711 2257 2756; baseline 0 -9"><span class='ocrx_word' id='word_1_580' title='bbox 95 2726 140 2752; x_wconf 85' lang='grc' dir='ltr'>τις</span> <span class='ocrx_word' id='word_1_581' title='bbox 153 2713 319 2756; x_wconf 83' lang='grc' dir='ltr'>ὁμότεχνος</span> <span class='ocrx_word' id='word_1_582' title='bbox 332 2714 477 2749; x_wconf 77' lang='grc' dir='ltr'>αἰτιαθεὶς</span> <span class='ocrx_word' id='word_1_583' title='bbox 495 2713 548 2745; x_wconf 79' lang='grc' dir='ltr'>ὑπ’</span> <span class='ocrx_word' id='word_1_584' title='bbox 562 2713 658 2744; x_wconf 80' lang='grc' dir='ltr'>αὐτοῦ</span> <span class='ocrx_word' id='word_1_585' title='bbox 675 2714 716 2749; x_wconf 88' lang='grc' dir='ltr'>ὡς</span> <span class='ocrx_word' id='word_1_586' title='bbox 729 2712 765 2750; x_wconf 87' lang='grc' dir='ltr'>δὴ</span> <span class='ocrx_word' id='word_1_587' title='bbox 785 2714 903 2743; x_wconf 86' lang='grc' dir='ltr'>πἀιᾶνα</span> <span class='ocrx_word' id='word_1_588' title='bbox 918 2711 1103 2753; x_wconf 73' lang='grc' dir='ltr'>ἀφελόμενος</span> <span class='ocrx_word' id='word_1_589' title='bbox 1121 2711 1162 2750; x_wconf 87' lang='lat' dir='ltr'>(l.</span> <span class='ocrx_word' id='word_1_590' title='bbox 1177 2713 1230 2752; x_wconf 82' lang='grc' dir='ltr'>ὑφ.</span> <span class='ocrx_word' id='word_1_591' title='bbox 1251 2720 1291 2744; x_wconf 88' lang='lat' dir='ltr'><strong>ex</strong></span> <span class='ocrx_word' id='word_1_592' title='bbox 1312 2713 1419 2753; x_wconf 85' lang='lat' dir='ltr'><strong>Hes.),</strong></span> <span class='ocrx_word' id='word_1_593' title='bbox 1438 2713 1473 2744; x_wconf 83' lang='grc' dir='ltr'>ὃν</span> <span class='ocrx_word' id='word_1_594' title='bbox 1487 2714 1578 2750; x_wconf 84' lang='grc' dir='ltr'>αὐτὸς</span> <span class='ocrx_word' id='word_1_595' title='bbox 1601 2714 1798 2754; x_wconf 83' lang='grc' dir='ltr'>ἐπεποιήκει,</span> <span class='ocrx_word' id='word_1_596' title='bbox 1821 2714 2003 2755; x_wconf 84' lang='grc' dir='ltr'>ἐξωμόσατο</span> <span class='ocrx_word' id='word_1_597' title='bbox 2021 2717 2063 2756; x_wconf 80' lang='grc' dir='ltr'>μὴ</span> <span class='ocrx_word' id='word_1_598' title='bbox 2077 2715 2257 2756; x_wconf 74' lang='grc' dir='ltr'>κεκλοφέναι</span> 
     </span>
     <span class='ocr_line' id='line_1_84' title="bbox 96 2757 2253 2803; baseline 0.001 -10"><span class='ocrx_word' id='word_1_599' title='bbox 96 2765 217 2801; x_wconf 79' lang='grc' dir='ltr'>τοῦτον,</span> <span class='ocrx_word' id='word_1_600' title='bbox 232 2762 339 2803; x_wconf 87' lang='grc' dir='ltr'>μικρὸν</span> <span class='ocrx_word' id='word_1_601' title='bbox 355 2761 387 2792; x_wconf 88' lang='grc' dir='ltr'>δὲ</span> <span class='ocrx_word' id='word_1_602' title='bbox 399 2760 525 2802; x_wconf 85' lang='grc' dir='ltr'>ὕστερον</span> <span class='ocrx_word' id='word_1_603' title='bbox 539 2759 760 2800; x_wconf 82' lang='grc' dir='ltr'>ἐπιδειξάμενος</span> <span class='ocrx_word' id='word_1_604' title='bbox 775 2759 867 2791; x_wconf 86' lang='grc' dir='ltr'>αὐτὸν</span> <span class='ocrx_word' id='word_1_605' title='bbox 883 2759 1082 2800; x_wconf 83' lang='grc' dir='ltr'>εὐημέρησεν.</span> <span class='ocrx_word' id='word_1_606' title='bbox 1103 2757 1257 2791; x_wconf 81' lang='grc' dir='ltr'>Ἐντεῦθεν</span> <span class='ocrx_word' id='word_1_607' title='bbox 1280 2758 1333 2791; x_wconf 80' lang='grc' dir='ltr'>οὖν</span> <span class='ocrx_word' id='word_1_608' title='bbox 1351 2761 1368 2791; x_wconf 89' lang='grc' dir='ltr'><strong>ὁ</strong></span> <span class='ocrx_word' id='word_1_609' title='bbox 1385 2761 1538 2802; x_wconf 82' lang='grc' dir='ltr'>Διαγόρας</span> <span class='ocrx_word' id='word_1_610' title='bbox 1551 2761 1693 2799; x_wconf 83' lang='grc' dir='ltr'>λυπηθεὶς</span> <span class='ocrx_word' id='word_1_611' title='bbox 1713 2761 1827 2802; x_wconf 81' lang='grc' dir='ltr'>ἔγραψε</span> <span class='ocrx_word' id='word_1_612' title='bbox 1844 2762 1914 2798; x_wconf 80' lang='grc' dir='ltr'>τοὺς</span> <span class='ocrx_word' id='word_1_613' title='bbox 1926 2763 2141 2802; x_wconf 81' lang='grc' dir='ltr'>καλουμένους</span> <span class='ocrx_word' id='word_1_614' title='bbox 2159 2763 2253 2795; x_wconf 87' lang='grc' dir='ltr'>Ἀπο-</span> 
     </span>
     <span class='ocr_line' id='line_1_85' title="bbox 97 2805 2253 2850; baseline 0.001 -10"><span class='ocrx_word' id='word_1_615' title='bbox 97 2807 296 2850; x_wconf 79' lang='grc' dir='ltr'>πυργίζοντας</span> <span class='ocrx_word' id='word_1_616' title='bbox 311 2807 433 2848; x_wconf 86' lang='grc' dir='ltr'>λόγους,</span> <span class='ocrx_word' id='word_1_617' title='bbox 450 2806 648 2848; x_wconf 83' lang='grc' dir='ltr'>ἀναχώρησιν</span> <span class='ocrx_word' id='word_1_618' title='bbox 659 2806 753 2837; x_wconf 82' lang='grc' dir='ltr'>αὐτοῦ</span> <span class='ocrx_word' id='word_1_619' title='bbox 767 2806 820 2836; x_wconf 87' lang='grc' dir='ltr'>καὶ</span> <span class='ocrx_word' id='word_1_620' title='bbox 834 2805 990 2837; x_wconf 83' lang='grc' dir='ltr'>ἔκπτωσιν</span> <span class='ocrx_word' id='word_1_621' title='bbox 1006 2805 1169 2847; x_wconf 82' lang='grc' dir='ltr'>(ἔκπτυξιν</span> <span class='ocrx_word' id='word_1_622' title='bbox 1182 2805 1267 2846; x_wconf 84' lang='lat' dir='ltr'><strong>conj.</strong></span> <span class='ocrx_word' id='word_1_623' title='bbox 1288 2807 1490 2847; x_wconf 87' lang='lat' dir='ltr'><strong>Hemsterh.)</strong></span> <span class='ocrx_word' id='word_1_624' title='bbox 1505 2807 1632 2849; x_wconf 78' lang='grc' dir='ltr'>ἔχοντας</span> <span class='ocrx_word' id='word_1_625' title='bbox 1646 2811 1700 2846; x_wconf 88' lang='grc' dir='ltr'>τῆς</span> <span class='ocrx_word' id='word_1_626' title='bbox 1712 2809 1780 2850; x_wconf 85' lang='grc' dir='ltr'>περὶ</span> <span class='ocrx_word' id='word_1_627' title='bbox 1794 2809 1829 2840; x_wconf 86' lang='grc' dir='ltr'>τὸ</span> <span class='ocrx_word' id='word_1_628' title='bbox 1847 2809 1926 2840; x_wconf 87' lang='grc' dir='ltr'>θεῖον</span> <span class='ocrx_word' id='word_1_629' title='bbox 1937 2810 2036 2847; x_wconf 81' lang='grc' dir='ltr'>δόξης.</span> <span class='ocrx_word' id='word_1_630' title='bbox 2052 2810 2253 2848; x_wconf 83' lang='grc' dir='ltr'>Κατοικήσας</span> 
     </span>
     <span class='ocr_line' id='line_1_86' title="bbox 98 2851 1009 2897; baseline -0.004 -10"><span class='ocrx_word' id='word_1_631' title='bbox 98 2855 131 2888; x_wconf 86' lang='grc' dir='ltr'>δὲ</span> <span class='ocrx_word' id='word_1_632' title='bbox 147 2854 292 2897; x_wconf 85' lang='grc' dir='ltr'>Κόρινθον</span> <span class='ocrx_word' id='word_1_633' title='bbox 305 2855 323 2886; x_wconf 86' lang='grc' dir='ltr'><strong>ὁ</strong></span> <span class='ocrx_word' id='word_1_634' title='bbox 336 2853 488 2895; x_wconf 80' lang='grc' dir='ltr'>Διαγόρας</span> <span class='ocrx_word' id='word_1_635' title='bbox 498 2878 507 2891; x_wconf 90' lang='grc'>,</span> <span class='ocrx_word' id='word_1_636' title='bbox 522 2853 627 2885; x_wconf 86' lang='grc' dir='ltr'>αὐτόθι</span> <span class='ocrx_word' id='word_1_637' title='bbox 643 2853 695 2884; x_wconf 83' lang='grc' dir='ltr'>τὸν</span> <span class='ocrx_word' id='word_1_638' title='bbox 710 2851 778 2893; x_wconf 91' lang='grc' dir='ltr'>βίον</span> <span class='ocrx_word' id='word_1_639' title='bbox 792 2853 1009 2893; x_wconf 83' lang='grc' dir='ltr'>κατέστρεψεν.</span> 
     </span>
    </p>

    <p class='ocr_par' dir='ltr' id='par_1_31' title="bbox 98 2899 2258 3171">
     <span class='ocr_line' id='line_1_87' title="bbox 140 2899 2256 2948; baseline 0.001 -13"><span class='ocrx_word' id='word_1_640' title='bbox 140 2901 160 2943; x_wconf 87' lang='lat'>§</span> <span class='ocrx_word' id='word_1_641' title='bbox 179 2906 227 2935; x_wconf 84' lang='lat'>18.</span> <span class='ocrx_word' id='word_1_642' title='bbox 244 2901 382 2934; x_wconf 85' lang='lat' dir='ltr'><strong>Suidas:</strong></span> <span class='ocrx_word' id='word_1_643' title='bbox 407 2901 600 2942; x_wconf 83' lang='grc' dir='ltr'>Δημήτριος.</span> <span class='ocrx_word' id='word_1_644' title='bbox 617 2900 634 2931; x_wconf 87' lang='grc' dir='ltr'><strong>ὁ</strong></span> <span class='ocrx_word' id='word_1_645' title='bbox 655 2899 782 2937; x_wconf 85' lang='grc' dir='ltr'>ἐπίκλην</span> <span class='ocrx_word' id='word_1_646' title='bbox 802 2899 910 2938; x_wconf 86' lang='grc' dir='ltr'>Ἰξίων,</span> <span class='ocrx_word' id='word_1_647' title='bbox 931 2900 1162 2941; x_wconf 83' lang='grc' dir='ltr'>γραμματικὸς,</span> <span class='ocrx_word' id='word_1_648' title='bbox 1181 2900 1439 2942; x_wconf 79' lang='grc' dir='ltr'>Ἀδραμυττηνὸς,</span> <span class='ocrx_word' id='word_1_649' title='bbox 1461 2903 1595 2942; x_wconf 87' lang='grc' dir='ltr'>γεγονὼς</span> <span class='ocrx_word' id='word_1_650' title='bbox 1616 2902 1698 2934; x_wconf 83' lang='grc' dir='ltr'>κατὰ</span> <span class='ocrx_word' id='word_1_651' title='bbox 1720 2903 1790 2939; x_wconf 82' lang='grc' dir='ltr'>τοὺς</span> <span class='ocrx_word' id='word_1_652' title='bbox 1815 2904 1995 2944; x_wconf 80' lang='grc' dir='ltr'>Αὐγούστου</span> <span class='ocrx_word' id='word_1_653' title='bbox 2016 2908 2072 2936; x_wconf 82' lang='grc' dir='ltr'>τοῦ</span> <span class='ocrx_word' id='word_1_654' title='bbox 2095 2904 2256 2948; x_wconf 86' lang='grc' dir='ltr'>Καίσαρος</span> 
     </span>
     <span class='ocr_line' id='line_1_88' title="bbox 100 2946 2256 2993; baseline 0.001 -13"><span class='ocrx_word' id='word_1_655' title='bbox 100 2949 227 2990; x_wconf 82' lang='grc' dir='ltr'>χρόνους</span> <span class='ocrx_word' id='word_1_656' title='bbox 237 2957 244 2965; x_wconf 94' lang='grc'><strong><em>·</em></strong></span> <span class='ocrx_word' id='word_1_657' title='bbox 260 2949 293 2986; x_wconf 88' lang='grc' dir='ltr'>ὃς</span> <span class='ocrx_word' id='word_1_658' title='bbox 308 2949 455 2990; x_wconf 83' lang='grc' dir='ltr'>διέτριψεν</span> <span class='ocrx_word' id='word_1_659' title='bbox 472 2948 503 2979; x_wconf 83' lang='grc' dir='ltr'>ἐν</span> <span class='ocrx_word' id='word_1_660' title='bbox 518 2946 687 2989; x_wconf 84' lang='grc' dir='ltr'>Περγάμῳ.</span> <span class='ocrx_word' id='word_1_661' title='bbox 713 2947 886 2985; x_wconf 84' lang='grc' dir='ltr'>Ἐπεκλήθη</span> <span class='ocrx_word' id='word_1_662' title='bbox 904 2947 936 2979; x_wconf 87' lang='grc' dir='ltr'>δὲ</span> <span class='ocrx_word' id='word_1_663' title='bbox 955 2950 1048 2978; x_wconf 85' lang='grc' dir='ltr'>τοῦτο</span> <span class='ocrx_word' id='word_1_664' title='bbox 1063 2970 1073 2986; x_wconf 88' lang='grc'>,</span> <span class='ocrx_word' id='word_1_665' title='bbox 1090 2949 1133 2983; x_wconf 87' lang='grc' dir='ltr'>ὡς</span> <span class='ocrx_word' id='word_1_666' title='bbox 1146 2948 1200 2988; x_wconf 85' lang='grc' dir='ltr'>μέν</span> <span class='ocrx_word' id='word_1_667' title='bbox 1213 2958 1290 2983; x_wconf 88' lang='grc' dir='ltr'>τινες</span> <span class='ocrx_word' id='word_1_668' title='bbox 1300 2972 1309 2987; x_wconf 92' lang='grc'>,</span> <span class='ocrx_word' id='word_1_669' title='bbox 1324 2948 1401 2980; x_wconf 87' lang='grc' dir='ltr'>διότι</span> <span class='ocrx_word' id='word_1_670' title='bbox 1424 2949 1548 2985; x_wconf 87' lang='grc' dir='ltr'>λεπίδας</span> <span class='ocrx_word' id='word_1_671' title='bbox 1568 2952 1686 2990; x_wconf 80' lang='grc' dir='ltr'>χρυσᾶς</span> <span class='ocrx_word' id='word_1_672' title='bbox 1702 2949 1843 2981; x_wconf 84' lang='grc' dir='ltr'>κλέπτων</span> <span class='ocrx_word' id='word_1_673' title='bbox 1858 2954 1913 2982; x_wconf 86' lang='grc' dir='ltr'>τοῦ</span> <span class='ocrx_word' id='word_1_674' title='bbox 1935 2950 1966 2982; x_wconf 87' lang='grc' dir='ltr'>ἐν</span> <span class='ocrx_word' id='word_1_675' title='bbox 1981 2951 2183 2993; x_wconf 82' lang='grc' dir='ltr'>Ἀλεξανδρείᾳ</span> <span class='ocrx_word' id='word_1_676' title='bbox 2208 2956 2256 2991; x_wconf 69' lang='grc' dir='ltr'>τῆς</span> 
     </span>
     <span class='ocr_line' id='line_1_89' title="bbox 99 2994 2258 3038; baseline 0.001 -10"><span class='ocrx_word' id='word_1_677' title='bbox 99 2997 198 3038; x_wconf 86' lang='grc' dir='ltr'>Ἥρας</span> <span class='ocrx_word' id='word_1_678' title='bbox 213 2996 390 3037; x_wconf 84' lang='grc' dir='ltr'>ἀγάλματος</span> <span class='ocrx_word' id='word_1_679' title='bbox 407 2994 548 3036; x_wconf 82' lang='grc' dir='ltr'>ἐφωράθη</span> <span class='ocrx_word' id='word_1_680' title='bbox 560 3004 567 3011; x_wconf 93' lang='grc'><em>“</em></span> <span class='ocrx_word' id='word_1_681' title='bbox 584 2997 626 3030; x_wconf 88' lang='grc' dir='ltr'>ὡς</span> <span class='ocrx_word' id='word_1_682' title='bbox 644 2994 677 3026; x_wconf 91' lang='grc' dir='ltr'>δὲ</span> <span class='ocrx_word' id='word_1_683' title='bbox 695 2994 800 3034; x_wconf 84' lang='grc' dir='ltr'>ἄλλοι,</span> <span class='ocrx_word' id='word_1_684' title='bbox 825 2994 872 3026; x_wconf 87' lang='grc' dir='ltr'>ὅτι</span> <span class='ocrx_word' id='word_1_685' title='bbox 892 2994 1085 3032; x_wconf 84' lang='grc' dir='ltr'>ἀπεσύλησεν</span> <span class='ocrx_word' id='word_1_686' title='bbox 1108 2995 1301 3036; x_wconf 84' lang='grc' dir='ltr'>Εὐριπίδειον</span> <span class='ocrx_word' id='word_1_687' title='bbox 1315 2995 1484 3037; x_wconf 89' lang='grc' dir='ltr'>Φιλότιμον</span> <span class='ocrx_word' id='word_1_688' title='bbox 1498 2997 1533 3028; x_wconf 87' lang='grc' dir='ltr'>τὸ</span> <span class='ocrx_word' id='word_1_689' title='bbox 1556 2997 1657 3036; x_wconf 87' lang='grc' dir='ltr'>δρᾶμα</span> <span class='ocrx_word' id='word_1_690' title='bbox 1671 2996 1742 3037; x_wconf 83' lang='grc' dir='ltr'>ἔχον</span> <span class='ocrx_word' id='word_1_691' title='bbox 1756 2997 1807 3028; x_wconf 89' lang='grc' dir='ltr'>τὸν</span> <span class='ocrx_word' id='word_1_692' title='bbox 1821 2997 1949 3033; x_wconf 85' lang='grc' dir='ltr'>Ἰξίονα·</span> <span class='ocrx_word' id='word_1_693' title='bbox 1968 2998 2064 3038; x_wconf 84' lang='grc' dir='ltr'>ἕτεροι</span> <span class='ocrx_word' id='word_1_694' title='bbox 2086 2998 2137 3037; x_wconf 86' lang='grc' dir='ltr'>δὲ,</span> <span class='ocrx_word' id='word_1_695' title='bbox 2153 2998 2199 3029; x_wconf 84' lang='grc' dir='ltr'>ὅτι</span> <span class='ocrx_word' id='word_1_696' title='bbox 2212 3002 2258 3038; x_wconf 82' lang='grc' dir='ltr'>τῷ</span> 
     </span>
     <span class='ocr_line' id='line_1_90' title="bbox 98 3042 2257 3085; baseline 0 -9"><span class='ocrx_word' id='word_1_697' title='bbox 98 3043 280 3084; x_wconf 81' lang='grc' dir='ltr'>διδασκάλῳ</span> <span class='ocrx_word' id='word_1_698' title='bbox 313 3042 501 3084; x_wconf 78' lang='grc' dir='ltr'>Ἀριστάρχῳ</span> <span class='ocrx_word' id='word_1_699' title='bbox 524 3042 696 3083; x_wconf 82' lang='grc' dir='ltr'>ὰντήρισεν,</span> <span class='ocrx_word' id='word_1_700' title='bbox 723 3042 828 3083; x_wconf 88' lang='grc' dir='ltr'>ὥσπερ</span> <span class='ocrx_word' id='word_1_701' title='bbox 856 3043 873 3073; x_wconf 90' lang='grc' dir='ltr'><strong>ὀ</strong></span> <span class='ocrx_word' id='word_1_702' title='bbox 899 3042 995 3078; x_wconf 81' lang='grc' dir='ltr'>Ἰξίων</span> <span class='ocrx_word' id='word_1_703' title='bbox 1015 3042 1252 3083; x_wconf 79' lang='grc' dir='ltr'>εὐεργετήσασιν</span> <span class='ocrx_word' id='word_1_704' title='bbox 1285 3042 1377 3074; x_wconf 83' lang='grc' dir='ltr'>αὐτὸν</span> <span class='ocrx_word' id='word_1_705' title='bbox 1401 3048 1464 3079; x_wconf 86' lang='grc' dir='ltr'>τοῖς</span> <span class='ocrx_word' id='word_1_706' title='bbox 1486 3044 1564 3079; x_wconf 85' lang='grc' dir='ltr'>θεοῖς</span> <span class='ocrx_word' id='word_1_707' title='bbox 1600 3043 1780 3083; x_wconf 85' lang='grc' dir='ltr'>ἀχαριστεῖν</span> <span class='ocrx_word' id='word_1_708' title='bbox 1812 3043 2022 3085; x_wconf 88' lang='grc' dir='ltr'>ἐπεχείρησεν.</span> <span class='ocrx_word' id='word_1_709' title='bbox 2053 3044 2194 3085; x_wconf 74' lang='grc' dir='ltr'>Ἔγραψε</span> <span class='ocrx_word' id='word_1_710' title='bbox 2225 3046 2257 3076; x_wconf 84' lang='grc' dir='ltr'>δὲ</span> 
     </span>
     <span class='ocr_line' id='line_1_91' title="bbox 102 3088 2257 3132; baseline -0.001 -9"><span class='ocrx_word' id='word_1_711' title='bbox 102 3091 220 3130; x_wconf 86' lang='grc' dir='ltr'>πολλὰ,</span> <span class='ocrx_word' id='word_1_712' title='bbox 239 3090 314 3131; x_wconf 86' lang='grc' dir='ltr'>Περὶ</span> <span class='ocrx_word' id='word_1_713' title='bbox 333 3090 450 3126; x_wconf 84' lang='grc' dir='ltr'>τῶν-εἰς</span> <span class='ocrx_word' id='word_1_714' title='bbox 467 3100 508 3130; x_wconf 88' lang='grc' dir='ltr'>μι</span> <span class='ocrx_word' id='word_1_715' title='bbox 532 3089 690 3130; x_wconf 89' lang='grc' dir='ltr'>ληγόντων</span> <span class='ocrx_word' id='word_1_716' title='bbox 703 3088 861 3131; x_wconf 82' lang='grc' dir='ltr'>ῥημάτων,</span> <span class='ocrx_word' id='word_1_717' title='bbox 881 3090 934 3121; x_wconf 86' lang='grc' dir='ltr'>καὶ</span> <span class='ocrx_word' id='word_1_718' title='bbox 960 3089 1038 3121; x_wconf 88' lang='grc' dir='ltr'>ἄλλα</span> <span class='ocrx_word' id='word_1_719' title='bbox 1061 3091 1134 3131; x_wconf 87' lang='grc' dir='ltr'>Περὶ</span> <span class='ocrx_word' id='word_1_720' title='bbox 1154 3089 1373 3129; x_wconf 87' lang='grc' dir='ltr'>ἀντωνυμιῶν,</span> <span class='ocrx_word' id='word_1_721' title='bbox 1398 3090 1451 3126; x_wconf 79' lang='grc' dir='ltr'>Εἰς</span> <span class='ocrx_word' id='word_1_722' title='bbox 1469 3089 1610 3131; x_wconf 70' lang='grc' dir='ltr'>’Όμηρον</span> <span class='ocrx_word' id='word_1_723' title='bbox 1635 3090 1790 3130; x_wconf 87' lang='grc' dir='ltr'>ἐξήγησιν,</span> <span class='ocrx_word' id='word_1_724' title='bbox 1814 3091 1868 3126; x_wconf 85' lang='grc' dir='ltr'>Εἰς</span> <span class='ocrx_word' id='word_1_725' title='bbox 1889 3090 2035 3123; x_wconf 85' lang='grc' dir='ltr'>Ἡσίοδον</span> <span class='ocrx_word' id='word_1_726' title='bbox 2058 3090 2183 3132; x_wconf 86' lang='grc' dir='ltr'>ὁμοίως.</span> <span class='ocrx_word' id='word_1_727' title='bbox 2207 3090 2257 3123; x_wconf 71' lang='lat' dir='ltr'>Cf.</span> 
     </span>
     <span class='ocr_line' id='line_1_92' title="bbox 103 3138 370 3171; baseline -0.015 0"><span class='ocrx_word' id='word_1_728' title='bbox 103 3138 164 3171; x_wconf 82' lang='lat' dir='ltr'>Dio</span> <span class='ocrx_word' id='word_1_729' title='bbox 188 3161 194 3167; x_wconf 87' lang='lat'>.</span> <span class='ocrx_word' id='word_1_730' title='bbox 210 3139 247 3170; x_wconf 91' lang='lat' dir='ltr'>L.</span> <span class='ocrx_word' id='word_1_731' title='bbox 262 3139 291 3168; x_wconf 88' lang='lat' dir='ltr'>V</span> <span class='ocrx_word' id='word_1_732' title='bbox 318 3139 370 3169; x_wconf 77' lang='lat'>84.</span> 
     </span>
    </p>

    <p class='ocr_par' dir='ltr' id='par_1_32' title="bbox 105 3147 2256 3319">
     <span class='ocr_line' id='line_1_93' title="bbox 145 3147 2256 3226; baseline -0.001 -10"><span class='ocrx_word' id='word_1_733' title='bbox 145 3147 225 3226; x_wconf 47' lang='lat'><strong>§3¹9-</strong></span> <span class='ocrx_word' id='word_1_734' title='bbox 235 3161 348 3216; x_wconf 58' lang='lat' dir='ltr'><strong>suisias</strong></span> <span class='ocrx_word' id='word_1_735' title='bbox 360 3195 368 3215; x_wconf 71' lang='grc' dir='ltr'>ε</span> <span class='ocrx_word' id='word_1_736' title='bbox 380 3185 406 3215; x_wconf 93' lang='grc' dir='ltr'>Δ</span> <span class='ocrx_word' id='word_1_737' title='bbox 413 3183 423 3215; x_wconf 92' lang='grc' dir='ltr'>ί</span> <span class='ocrx_word' id='word_1_738' title='bbox 431 3183 448 3215; x_wconf 89' lang='grc' dir='ltr'>δ</span> <span class='ocrx_word' id='word_1_739' title='bbox 455 3194 474 3214; x_wconf 89' lang='grc' dir='ltr'>υ</span> <span class='ocrx_word' id='word_1_740' title='bbox 483 3194 505 3224; x_wconf 87' lang='grc' dir='ltr'>μ</span> <span class='ocrx_word' id='word_1_741' title='bbox 511 3194 528 3215; x_wconf 96' lang='grc' dir='ltr'>ο</span> <span class='ocrx_word' id='word_1_742' title='bbox 536 3195 549 3220; x_wconf 91' lang='grc' dir='ltr'>ς</span> <span class='ocrx_word' id='word_1_743' title='bbox 559 3206 568 3222; x_wconf 92' lang='grc'>,</span> <span class='ocrx_word' id='word_1_744' title='bbox 577 3183 713 3224; x_wconf 86' lang='grc' dir='ltr'>Διδύμου</span> <span class='ocrx_word' id='word_1_745' title='bbox 721 3184 949 3225; x_wconf 88' lang='grc' dir='ltr'>ταριχοπώλου,</span> <span class='ocrx_word' id='word_1_746' title='bbox 959 3183 1172 3225; x_wconf 83' lang='grc' dir='ltr'>γραμματικὸς</span> <span class='ocrx_word' id='word_1_747' title='bbox 1181 3183 1206 3214; x_wconf 89' lang='lat' dir='ltr'>&#39;A</span> <span class='ocrx_word' id='word_1_748' title='bbox 1212 3182 1631 3224; x_wconf 81' lang='grc' dir='ltr'>ριστάρχειος,Ἀλεξανδρεὺς,</span> <span class='ocrx_word' id='word_1_749' title='bbox 1639 3184 1774 3224; x_wconf 86' lang='grc' dir='ltr'>γεγονὼς</span> <span class='ocrx_word' id='word_1_750' title='bbox 1783 3183 1832 3215; x_wconf 85' lang='grc' dir='ltr'>ἐπὶ</span> <span class='ocrx_word' id='word_1_751' title='bbox 1841 3183 2000 3216; x_wconf 84' lang='grc' dir='ltr'>Ἀντωνίου</span> <span class='ocrx_word' id='word_1_752' title='bbox 2008 3184 2059 3215; x_wconf 85' lang='grc' dir='ltr'>καὶ</span> <span class='ocrx_word' id='word_1_753' title='bbox 2070 3183 2256 3224; x_wconf 84' lang='grc' dir='ltr'>Κικέρωνος,</span> 
     </span>
     <span class='ocr_line' id='line_1_94' title="bbox 105 3227 2255 3272; baseline -0 -9"><span class='ocrx_word' id='word_1_754' title='bbox 105 3232 158 3263; x_wconf 78' lang='grc' dir='ltr'>καὶ</span> <span class='ocrx_word' id='word_1_755' title='bbox 171 3231 229 3268; x_wconf 80' lang='grc' dir='ltr'>ἕως</span> <span class='ocrx_word' id='word_1_756' title='bbox 242 3230 433 3271; x_wconf 77' lang='grc' dir='ltr'>Αὐγούστου·</span> <span class='ocrx_word' id='word_1_757' title='bbox 447 3227 655 3272; x_wconf 80' lang='grc' dir='ltr'>Χαλκὲντερος</span> <span class='ocrx_word' id='word_1_758' title='bbox 669 3231 789 3269; x_wconf 84' lang='grc' dir='ltr'>κληθεὶς</span> <span class='ocrx_word' id='word_1_759' title='bbox 802 3231 852 3262; x_wconf 86' lang='grc' dir='ltr'>διὰ</span> <span class='ocrx_word' id='word_1_760' title='bbox 865 3231 919 3270; x_wconf 83' lang='grc' dir='ltr'>τήν</span> <span class='ocrx_word' id='word_1_761' title='bbox 933 3231 1000 3272; x_wconf 87' lang='grc' dir='ltr'>περὶ</span> <span class='ocrx_word' id='word_1_762' title='bbox 1014 3231 1053 3262; x_wconf 83' lang='grc' dir='ltr'>τὰ</span> <span class='ocrx_word' id='word_1_763' title='bbox 1068 3229 1171 3272; x_wconf 74' lang='grc' dir='ltr'>βιὸλία</span> <span class='ocrx_word' id='word_1_764' title='bbox 1184 3230 1341 3270; x_wconf 84' lang='grc' dir='ltr'>ἐπιμονήν.</span> <span class='ocrx_word' id='word_1_765' title='bbox 1358 3231 1442 3262; x_wconf 88' lang='grc' dir='ltr'>Φασὶ</span> <span class='ocrx_word' id='word_1_766' title='bbox 1455 3230 1512 3271; x_wconf 85' lang='grc' dir='ltr'>γὰρ</span> <span class='ocrx_word' id='word_1_767' title='bbox 1527 3231 1619 3262; x_wconf 87' lang='grc' dir='ltr'>αὐτὸν</span> <span class='ocrx_word' id='word_1_768' title='bbox 1633 3231 1878 3272; x_wconf 83' lang='grc' dir='ltr'>συγγεγραφέναι</span> <span class='ocrx_word' id='word_1_769' title='bbox 1892 3231 1968 3272; x_wconf 79' lang='grc' dir='ltr'>ὑπὲρ</span> <span class='ocrx_word' id='word_1_770' title='bbox 1982 3232 2021 3263; x_wconf 86' lang='grc' dir='ltr'>τὰ</span> <span class='ocrx_word' id='word_1_771' title='bbox 2034 3231 2188 3272; x_wconf 88' lang='grc' dir='ltr'>τρισχίλια</span> <span class='ocrx_word' id='word_1_772' title='bbox 2203 3231 2255 3262; x_wconf 86' lang='grc' dir='ltr'>καὶ</span> 
     </span>
     <span class='ocr_line' id='line_1_95' title="bbox 106 3277 424 3319; baseline -0.003 -9"><span class='ocrx_word' id='word_1_773' title='bbox 106 3278 296 3310; x_wconf 84' lang='grc' dir='ltr'>πεντακόσια</span> <span class='ocrx_word' id='word_1_774' title='bbox 310 3277 424 3319; x_wconf 76' lang='grc' dir='ltr'>βιῧλία.</span> 
     </span>
    </p>

    <p class='ocr_par' dir='ltr' id='par_1_33' title="bbox 109 3322 2255 3461">
     <span class='ocr_line' id='line_1_96' title="bbox 149 3322 2254 3367; baseline -0.001 -9"><span class='ocrx_word' id='word_1_775' title='bbox 149 3325 169 3367; x_wconf 86' lang='lat'>§</span> <span class='ocrx_word' id='word_1_776' title='bbox 187 3330 237 3358; x_wconf 81' lang='lat'>20.</span> <span class='ocrx_word' id='word_1_777' title='bbox 255 3325 370 3357; x_wconf 87' lang='lat' dir='ltr'><strong>Suidas</strong></span> <span class='ocrx_word' id='word_1_778' title='bbox 387 3337 395 3357; x_wconf 72' lang='grc' dir='ltr'>ε</span> <span class='ocrx_word' id='word_1_779' title='bbox 410 3325 587 3367; x_wconf 90' lang='grc' dir='ltr'>Δράκων,</span> <span class='ocrx_word' id='word_1_780' title='bbox 607 3325 759 3363; x_wconf 84' lang='grc' dir='ltr'>Ἀθηναῖος</span> <span class='ocrx_word' id='word_1_781' title='bbox 774 3326 952 3366; x_wconf 83' lang='grc' dir='ltr'>νομοθέτης.</span> <span class='ocrx_word' id='word_1_782' title='bbox 971 3326 1069 3362; x_wconf 80' lang='grc' dir='ltr'>Οὗτος</span> <span class='ocrx_word' id='word_1_783' title='bbox 1093 3327 1134 3362; x_wconf 83' lang='grc' dir='ltr'>εἰς</span> <span class='ocrx_word' id='word_1_784' title='bbox 1156 3326 1281 3366; x_wconf 76' lang='grc' dir='ltr'>Αἱγιναν</span> <span class='ocrx_word' id='word_1_785' title='bbox 1299 3327 1359 3358; x_wconf 84' lang='lat' dir='ltr'><strong>etc.</strong></span> <span class='ocrx_word' id='word_1_786' title='bbox 1375 3334 1477 3365; x_wconf 86' lang='lat' dir='ltr'><strong>usque</strong></span> <span class='ocrx_word' id='word_1_787' title='bbox 1493 3325 1533 3356; x_wconf 85' lang='lat' dir='ltr'>ad</span> <span class='ocrx_word' id='word_1_788' title='bbox 1550 3325 1703 3366; x_wconf 83' lang='grc' dir='ltr'>ἀπεπνίγη</span> <span class='ocrx_word' id='word_1_789' title='bbox 1714 3333 1721 3341; x_wconf 92' lang='grc'>·</span> <span class='ocrx_word' id='word_1_790' title='bbox 1739 3326 1791 3356; x_wconf 90' lang='grc' dir='ltr'>καὶ</span> <span class='ocrx_word' id='word_1_791' title='bbox 1806 3326 1837 3357; x_wconf 87' lang='grc' dir='ltr'>ἐν</span> <span class='ocrx_word' id='word_1_792' title='bbox 1854 3325 1939 3366; x_wconf 80' lang='grc' dir='ltr'>αὐτῷ</span> <span class='ocrx_word' id='word_1_793' title='bbox 1957 3324 2052 3366; x_wconf 79' lang='grc' dir='ltr'>ἐτάφη</span> <span class='ocrx_word' id='word_1_794' title='bbox 2070 3327 2114 3364; x_wconf 82' lang='grc' dir='ltr'>τῷ</span> <span class='ocrx_word' id='word_1_795' title='bbox 2132 3322 2254 3365; x_wconf 84' lang='grc' dir='ltr'>θεάτρῳ’</span> 
     </span>
     <span class='ocr_line' id='line_1_97' title="bbox 109 3370 2255 3415; baseline -0.001 -10"><span class='ocrx_word' id='word_1_796' title='bbox 109 3373 218 3413; x_wconf 81' lang='grc' dir='ltr'>Γέγονε</span> <span class='ocrx_word' id='word_1_797' title='bbox 234 3372 267 3404; x_wconf 84' lang='grc' dir='ltr'>δὲ</span> <span class='ocrx_word' id='word_1_798' title='bbox 281 3374 344 3407; x_wconf 89' lang='grc' dir='ltr'>τοῖς</span> <span class='ocrx_word' id='word_1_799' title='bbox 360 3371 480 3413; x_wconf 84' lang='grc' dir='ltr'>χρόνοις</span> <span class='ocrx_word' id='word_1_800' title='bbox 493 3373 574 3403; x_wconf 85' lang='grc' dir='ltr'>κατὰ</span> <span class='ocrx_word' id='word_1_801' title='bbox 589 3372 660 3408; x_wconf 82' lang='grc' dir='ltr'>τοὺς</span> <span class='ocrx_word' id='word_1_802' title='bbox 674 3373 752 3404; x_wconf 80' lang='grc' dir='ltr'>ἑπτὰ</span> <span class='ocrx_word' id='word_1_803' title='bbox 769 3374 900 3414; x_wconf 82' lang='grc' dir='ltr'>σοφοὺς,</span> <span class='ocrx_word' id='word_1_804' title='bbox 918 3375 938 3411; x_wconf 87' lang='grc' dir='ltr'>ἢ</span> <span class='ocrx_word' id='word_1_805' title='bbox 957 3374 1070 3414; x_wconf 83' lang='grc' dir='ltr'>μᾶλλον</span> <span class='ocrx_word' id='word_1_806' title='bbox 1085 3374 1136 3405; x_wconf 86' lang='grc' dir='ltr'>καὶ</span> <span class='ocrx_word' id='word_1_807' title='bbox 1157 3375 1373 3415; x_wconf 73' lang='grc' dir='ltr'>πρεσὸύτερος·</span> <span class='ocrx_word' id='word_1_808' title='bbox 1389 3375 1436 3413; x_wconf 85' lang='grc' dir='ltr'>Τῇ</span> <span class='ocrx_word' id='word_1_809' title='bbox 1458 3375 1532 3411; x_wconf 77' lang='grc' dir='ltr'>γοῦν</span> <span class='ocrx_word' id='word_1_810' title='bbox 1550 3370 1592 3403; x_wconf 91' lang='grc' dir='ltr'>λθ’</span> <span class='ocrx_word' id='word_1_811' title='bbox 1608 3372 1796 3412; x_wconf 77' lang='grc' dir='ltr'>Ὀλυμπιάδι</span> <span class='ocrx_word' id='word_1_812' title='bbox 1815 3372 1885 3408; x_wconf 80' lang='grc' dir='ltr'>τοὺς</span> <span class='ocrx_word' id='word_1_813' title='bbox 1901 3371 2014 3408; x_wconf 70' lang='grc' dir='ltr'>νόμους</span> <span class='ocrx_word' id='word_1_814' title='bbox 2031 3372 2115 3403; x_wconf 80' lang='grc' dir='ltr'>ἔθετο</span> <span class='ocrx_word' id='word_1_815' title='bbox 2134 3372 2255 3412; x_wconf 76' lang='grc' dir='ltr'>γεραιὸς</span> 
     </span>
     <span class='ocr_line' id='line_1_98' title="bbox 112 3418 1086 3461; baseline 0.003 -12"><span class='ocrx_word' id='word_1_816' title='bbox 112 3419 155 3450; x_wconf 76' lang='grc' dir='ltr'>ὢν</span> <span class='ocrx_word' id='word_1_817' title='bbox 169 3421 231 3455; x_wconf 79' lang='grc' dir='ltr'>τοῖς</span> <span class='ocrx_word' id='word_1_818' title='bbox 246 3418 423 3455; x_wconf 84' lang='grc' dir='ltr'>Ἀθηναίοις.</span> <span class='ocrx_word' id='word_1_819' title='bbox 438 3419 592 3460; x_wconf 84' lang='grc' dir='ltr'>Ἔγραψεν</span> <span class='ocrx_word' id='word_1_820' title='bbox 605 3419 779 3457; x_wconf 83' lang='grc' dir='ltr'>Ὑποθήκας</span> <span class='ocrx_word' id='word_1_821' title='bbox 795 3421 836 3456; x_wconf 81' lang='grc' dir='ltr'>εἰς</span> <span class='ocrx_word' id='word_1_822' title='bbox 851 3420 909 3458; x_wconf 81' lang='grc' dir='ltr'>ἔπη</span> <span class='ocrx_word' id='word_1_823' title='bbox 922 3421 1086 3461; x_wconf 84' lang='grc' dir='ltr'>τρισχίλιοι.</span> 
     </span>
    </p>

    <p class='ocr_par' dir='ltr' id='par_1_34' title="bbox 218 3476 2147 3506">
     <span class='ocr_line' id='line_1_99' title="bbox 218 3476 2147 3506; baseline 0 0"><span class='ocrx_word' id='word_1_824' title='bbox 218 3482 406 3506; x_wconf 68' lang='lat' dir='ltr'><strong>FRAGMENTA</strong></span> <span class='ocrx_word' id='word_1_825' title='bbox 426 3483 537 3506; x_wconf 76' lang='lat' dir='ltr'><strong>uts&#39;rou</strong></span> <span class='ocrx_word' id='word_1_826' title='bbox 575 3483 624 3506; x_wconf 81' lang='lat' dir='ltr'>cn.</span> <span class='ocrx_word' id='word_1_827' title='bbox 639 3492 670 3497; x_wconf 91' lang='lat'>-</span> <span class='ocrx_word' id='word_1_828' title='bbox 688 3484 757 3506; x_wconf 64' lang='lat' dir='ltr'><strong>von.</strong></span> <span class='ocrx_word' id='word_1_829' title='bbox 773 3483 816 3506; x_wconf 79' lang='lat' dir='ltr'><strong>iv.</strong></span> <span class='ocrx_word' id='word_1_830' title='bbox 2118 3476 2147 3501; x_wconf 80' lang='grc' dir='ltr'>Η</span> 
     </span>
    </p>
   </div>
  </div>
 </body>
</html>
