2326 3724
128 243 205 275 208

135 321 324 382 χειρότατα
341 321 402 360 καὶ
419 322 603 375 αὐθαίρετα
623 322 859 375 προσίπταται
874 327 945 368 τοῖς
961 323 1171 377 ἀνθρώποις,

129 380 173 417 τὰ
193 379 228 418 δὲ
257 383 298 417 αὖ
327 381 491 432 βέλτιστα
520 385 589 420 τῶν
610 381 770 434 πράξεων
795 382 1031 435 διαδιδράσκει
1051 398 1087 420 τε
1110 383 1171 420 καὶ

130 440 204 477 διολ
207 439 351 477 ισθαίνει
365 441 423 478 καὶ
435 441 618 478 δυσάλωτοι
633 440 764 493 πέφυκέ
775 457 863 485 πως.
877 444 955 480 Πᾶν
967 440 1034 493 γὰρ
1044 441 1171 491 ἀγαθὸν

129 491 248 543 εἰρήνη
270 493 391 532 δοκεῖ..
401 521 425 532 ..
451 492 518 542 ἐγὼ
539 493 573 531 δὲ
594 493 858 546 κατεπλάγην
841 510 882 532 αν
901 494 975 537 ταῖς
995 495 1171 546 κομψολο-

128 549 241 600 γίαις,
270 552 299 588 εἷ
328 551 376 601 μὴ
398 550 571 601 Ῥωμαῖοι
599 551 660 603 μὲν
693 555 813 602 υμεῖς,
843 556 942 602 ἡμεῖς
969 551 1005 590 δὲ
1035 551 1171 603 Πέρσαι

127 608 364 660 ἐτυγχάνομεν
383 610 489 653 ὄντες.
524 611 584 656 Μὴ
607 604 665 648 οῧν
694 610 804 648 οἴεσθε
828 610 977 663 περιόδῳ
1004 610 1170 662 ῥημάτων

129 666 248 713 λήσειν
271 670 379 717 ἡμᾶς,
394 667 506 706 ὁποῖοί
522 684 609 711 τινες
621 671 834 712 καθεστῶτες
850 668 952 714 ἥκετε
975 667 1171 717 τευξόμενοι

129 727 189 762 τοῦ
210 725 437 770 συνοίσοντος.
459 726 604 773 Ἐπειδὴ
623 726 658 764 δὲ
684 726 925 779 προὸάλλεσθε
943 724 1007 772 τὴν
1031 725 1173 776 εἰρήνηνΙ

128 781 247 835 ὥσπερ
265 785 529 837 παραπέτασμα
551 789 612 831 τῆς
632 786 776 833 δειλίας,
795 785 856 823 καὶ
879 784 988 835 ταύτῃ
1011 784 1049 822 τὸ
1067 800 1171 837 φανε-

130 841 283 893 ρώτατον
308 846 369 888 τῆς
390 843 529 893 ἀτιμίας
549 843 760 888 ἐπισκιάζειν
784 843 916 894 οἴεσθε,
936 842 1071 895 βραχέα
1089 843 1169 880 δια-

127 899 299 950 λεχθείην·
322 902 360 938 οὗ
389 900 456 953 γὰρ
477 901 619 947 σύνηθες
648 901 744 954 ἀνδρὶ
776 901 898 953 Πέρσῃ
927 900 1169 954 περιττολογία

129 956 290 1001 διεξιέναι
307 961 374 996 τῶν
403 959 622 1011 πραγμάτων
642 959 685 997 τὰ
701 959 836 1011 καίρια.
863 958 1023 1011 Χοσρόης
1041 961 1058 996 ὃ
1075 959 1168 996 πάν-

126 1031 195 1053 των
225 1017 436 1068 ἀνθρώπιον,
467 1017 563 1070 εἴπερ
592 1017 770 1070 βούλεται,
794 1017 977 1069 βασιλεὺς,
1004 1016 1081 1055 οὔτε
1106 1017 1169 1064 τὴν

127 1074 337 1127 Αντιοχείας
372 1077 501 1114 ἅλωσιν
534 1077 811 1127 ἕγκαλλώπισμά
841 1093 875 1115 τι
910 1077 971 1115 καὶ
1000 1075 1170 1127 ἐγκώμιον

120 1135 244 1186 ἑαυτῳ
259 1135 485 1196 περιτίθησιν.
504 1137 547 1174 Εἰ
563 1135 629 1187 γὰρ
643 1135 702 1173 καὶ
719 1134 893 1188 φοὸερὸν’
882 1138 960 1186 υμῖν
981 1135 1041 1173 και
1062 1151 1097 1187 ερ
1100 1151 1167 1186 γω-

127 1173 291 1231 δέστάτον
306 1197 392 1231 εἰναι
407 1195 501 1231 δοκεῖ
513 1194 552 1232 τὸ
568 1194 650 1246 παρ’
667 1197 766 1244 ἡμῶν
784 1193 953 1246 πραχθὲν,
964 1193 1087 1243 ὅμως
1070 1195 1170 1244 ημεῒς

128 1251 300 1303 πάρεργον
320 1252 499 1302 ἡγούμεθα
516 1251 573 1290 τὸν
594 1254 768 1290 ὁντιναουν
782 1255 849 1290 τῶν
865 1251 1040 1303 πολεμίων
1055 1259 1167 1292 νικᾶν.

126 1310 397 1358 Πεπαιδεύμεθα
406 1310 473 1363 γὰρ
487 1310 636 1363 ἀκριὸῶς
644 1310 840 1362 τὸκρατεῖν,
854 1311 1001 1348 καθόσον
1011 1309 1053 1348 τὰ
1065 1310 1169 1348 λοιπὰ

124 1370 192 1404 τῶν
205 1367 395 1420 ἀνθρώπων
409 1368 491 1420 γένη
504 1372 706 1421 κρατεῖσθαι
722 1369 966 1420 μεμαθήκασιν
982 1369 1036 1421 ὑφ’
1050 1371 1166 1419 ἡμῶν.

125 1425 219 1464 Οὔτε
248 1425 317 1476 μὴν
338 1426 455 1479 ἑτέρας
471 1427 678 1477 Ῥωμαϊκῆς
695 1427 829 1471 πόλεως
845 1427 1069 1480 καταστροφὴ
1087 1427 1170 1479 πρὸς

125 1483 225 1534 ὄγκον
246 1489 339 1533 ἡμᾶς
354 1485 480 1538 ἐξαίρει
498 1485 592 1524 ποτέ·
606 1485 721 1537 τὸγὰρ
739 1486 1007 1538 προχειρότατον
1024 1489 1111 1536 ἡμῖν
1130 1487 1168 1524 οὐ

126 1543 341 1593 θαυμαστόν.
378 1545 450 1583 Καὶ
470 1548 581 1582 ταῦτα
614 1545 675 1594 μὲν
698 1544 836 1596 ἀρκέσει
849 1544 933 1596 πρὸς
949 1544 1090 1595 ἔλεγχον
1107 1546 1169 1590 τῆς

127 1600 243 1650 μάτην
257 1602 518 1654 ἀπερριμμένης
538 1602 620 1655 παρ’
639 1604 736 1652 ὑμῶν
757 1603 977 1654 ἀδολεσχίας.
995 1602 1168 1652 Ῥωμαῖοι

126 1658 161 1696 δὲ
177 1659 215 1697 τὸ
232 1659 372 1707 σύνηθες
386 1660 589 1711 πράττουσι,
607 1660 686 1713 περὶ
705 1662 859 1699 σπονδῶν
879 1661 1040 1713 πρότεροι
1057 1661 1169 1698 διαλε-

123 1717 261 1767 γόμενοι
276 1719 442 1771 Πέρσαις.
469 1719 687 1766 Ἡσσηθῆναι
706 1719 940 1770 (ἡσσηθέντες
953 1722 967 1757 ?
982 1723 1029 1757 N.
1045 1721 1055 1771 )
1086 1719 1169 1771 πρὸς

123 1779 225 1826 ἡμῶν
240 1778 443 1823 νενικήκατε
471 1780 520 1829 τῷ
536 1777 653 1829 τάχει,
681 1777 959 1829 προτερήσαντες
975 1777 1038 1824 τὴν
1070 1777 1166 1828 εἰρή-

123 1849 184 1880 νην
219 1836 340 1874 αἷτεῖν.
380 1835 448 1874 Και
478 1835 586 1886 ταύτῃ
604 1835 665 1908 την
684 1837 717 1873 ἐν
744 1838 813 1878 τοῒς
837 1834 1000 1885 πολέμοις
1029 1834 1167 1878 ἀδοξίαν

124 1892 397 1939 ἔπικαλύπτετε,
418 1909 466 1945 τῳ
486 1895 584 1940 δῆθεν
603 1894 650 1942 μὴ
678 1892 848 1946 ἐφιέμενοι
870 1893 988 1945 μάχης
1005 1895 1166 1936 ἐπιεικεῖς

123 1953 211 1989 εἶναι
235 1951 358 1989 δοκεῖν.
383 1951 538 2003 ζὈπερ
522 1967 561 1990 αν
582 1955 707 2001 ἡμεῖς,
736 1951 833 2003 εἴπερ
853 1951 1089 2001 ἐμελλήσατε,
1107 1950 1167 1989 καὶ

122 2060 201 2092 illud
216 2061 301 2102 pacis
313 2061 504 2094 beneficium
517 2062 603 2093 haud
614 2061 847 2102 facile—inveniri
861 2062 893 2094 et
905 2061 1083 2101 comparari
1092 2069 1179 2101 pos-⁷

122 2112 174 2144 sit.
190 2115 259 2144 Non
270 2113 367 2152 enim,
376 2117 411 2145 ut
421 2113 514 2144 multi
524 2113 720 2154 existimant,
732 2113 865 2154 pessima
873 2122 1011 2153 quaeque
1022 2113 1168 2153 prompte

122 2165 155 2197 et
170 2164 255 2196 ultro
271 2164 302 2195 in
316 2164 420 2196 sinum
435 2165 600 2196 hominum
622 2164 785 2204 advolant,
796 2165 917 2204 optima
930 2156 1104 2203 diffugiunt
1115 2187 1123 2203 ,
1137 2165 1169 2195 et

123 2224 192 2247 sese
204 2225 223 2247 a
245 2215 336 2247 nobis
363 2215 578 2254 subtrahunt;
603 2218 759 2256 tanquam
777 2217 893 2247 natura
917 2215 962 2247 ita
987 2216 1168 2255 comparata

122 2269 203 2307 sint,
217 2269 254 2299 ut
266 2267 322 2299 vix
332 2268 526 2308 apprehendi
546 2269 579 2300 et
591 2269 690 2300 teneri
705 2268 836 2308 possint.
851 2270 917 2300 Pax
930 2268 1015 2299 enim
1028 2275 1068 2298 ex
1081 2266 1168 2298 omni

123 2321 214 2359 parte
230 2319 350 2350 bonum
361 2321 557 2351 censetur....
577 2320 696 2360 (Deest
713 2322 857 2352 initium
873 2320 1044 2351 orationis
1061 2319 1168 2358 leqati

124 2373 325 2402 Persarum.
339 2370 349 2411 )
367 2372 433 2410 Ego
452 2370 581 2410 quidem
598 2371 712 2403 vestris
731 2371 903 2403 verborum
920 2370 1085 2411 praestigiis
1098 2379 1168 2401 mo-

123 2430 227 2460 verer,
238 2421 298 2452 nisi
312 2430 369 2453 vos
394 2422 544 2460 Romani,
561 2423 593 2454 et
614 2431 672 2454 nos
689 2425 793 2454 Persae
821 2431 971 2454 essemus.
991 2424 1105 2461 Itaque
1128 2430 1169 2453 ne

124 2473 314 2504 existimetis
334 2475 456 2504 vestras
481 2473 634 2504 orationis
656 2473 804 2513 ambages
833 2482 891 2504 nos
919 2473 1095 2512 celaturas,
1111 2481 1168 2504 vos

124 2525 239 2556 vestrae
257 2524 402 2555 utilitatis
429 2533 526 2555 causa
545 2524 609 2555 huc
636 2524 768 2556 venisse.
812 2524 1090 2561 Quemadmodum
1109 2533 1167 2555 au-

124 2577 189 2607 tem
203 2584 259 2616 per
272 2584 398 2615 pacem,
413 2584 511 2615 quam
523 2575 710 2616 proponitis,
725 2575 865 2607 colorem
879 2575 1043 2606 timiditati
1055 2577 1168 2607 vestrae

122 2626 286 2667 quaeratis,
300 2629 332 2659 et
345 2627 388 2658 ita
401 2627 544 2658 vestrum
560 2626 710 2665 dedecus,
728 2626 814 2666 quod
830 2626 906 2658 satis
921 2626 1063 2666 undique
1081 2628 1168 2666 patet

122 2680 156 2711 et
180 2679 385 2710 manifestum
401 2679 461 2717 est,
487 2678 550 2718 tegi
574 2687 666 2718 posse
693 2677 811 2718 putetis
822 2701 832 2717 ,
862 2677 971 2717 paucis
989 2677 1165 2709 ostendam.

123 2732 249 2763 Etenim
262 2732 332 2762 viro
350 2733 452 2763 Persae
475 2731 613 2762 insolens
632 2731 701 2770 est,
724 2729 893 2770 superfluis
914 2729 1084 2761 verborum
1101 2739 1168 2761 am-

123 2783 255 2824 bagibus
279 2784 370 2815 extra
398 2783 594 2823 propositum
621 2782 727 2823 egredi
751 2784 782 2814 et
801 2791 983 2814 excurrere.
1013 2782 1168 2814 Chosroes

123 2835 268 2866 omnium
288 2834 468 2873 hominum,
483 2834 508 2865 si
522 2834 566 2871 illi
581 2833 686 2869 lubet.
701 2843 758 2865 rex
768 2856 777 2872 ,
791 2833 877 2873 quod
895 2833 1096 2865 Antiochiam
1113 2842 1167 2865 ce-

124 2887 223 2926 perit,
238 2885 321 2916 haud
334 2885 366 2916 id
380 2885 440 2916 sibi
461 2886 649 2916 ornamento
664 2886 696 2916 et
709 2885 792 2916 laudi
807 2884 929 2916 tribuit.
941 2886 1006 2916 Vos
1017 2884 1147 2925 quidem
1158 2908 1167 2922 ,

123 2937 211 2976 quod
228 2936 380 2976 gessimus
392 2960 401 2975 ,
417 2936 567 2976 magnum
583 2936 704 2976 aliquid
716 2960 725 2973 ,
743 2937 775 2967 et
790 2935 877 2976 quod
898 2935 997 2967 nostri
1014 2937 1167 2967 terrorem

123 2988 237 3028 pariat,
253 2987 453 3026 existimatis,
465 2996 524 3018 nos
534 2995 610 3018 vero
624 2996 688 3018 non
702 2987 791 3018 item.
805 2989 874 3018 Non
885 2987 969 3018 enim
985 2995 1051 3018 rem
1062 2996 1168 3027 operae

123 3038 215 3078 pretii
254 3037 401 3068 ducimus
413 3061 422 3076 ,
451 3037 477 3069 si
507 3039 766 3078 qualemcunque
791 3038 915 3070 hostem
943 3038 1166 3071 devicerimus.

124 3089 251 3121 Etenim
264 3088 381 3119 eximie
390 3089 515 3120 vincere
523 3088 702 3128 didicimus,
710 3099 812 3130 quum
826 3090 986 3130 reliquum
1001 3090 1168 3122 hominum

123 3149 221 3181 genus
236 3149 255 3171 a
270 3140 360 3172 nobis
375 3140 459 3171 vinci
484 3140 641 3173 didicerit.
686 3144 796 3182 Neque
810 3143 940 3174 alterius
962 3152 1003 3174 ex
1017 3143 1168 3175 Romanis

126 3191 258 3223 urbibus
276 3191 468 3231 expugnatio
485 3201 543 3223 nos
559 3201 701 3232 unquam
718 3193 758 3224 ad
777 3193 906 3225 altiores
921 3194 1050 3233 spiritus
1065 3195 1167 3226 tollet.

126 3246 194 3276 Hoc
206 3242 290 3274 enim
307 3242 338 3273 in
351 3242 443 3274 nobis
456 3242 585 3275 minime
599 3243 728 3283 mirum,
741 3244 859 3284 quippe
873 3244 959 3284 quod
971 3245 1125 3277 usitatum
1137 3247 1170 3278 et

126 3294 157 3325 in
175 3294 326 3334 promptu
348 3294 406 3324 est.
422 3295 526 3333 Atque
543 3294 600 3325 hoc
616 3294 752 3326 sufficiat
769 3295 808 3326 ad
823 3296 1098 3335 reprehensionem
1111 3306 1169 3328 nu-

125 3353 235 3384 garum
245 3368 254 3384 ,
269 3352 348 3384 quas
364 3344 480 3376 frustra
496 3344 661 3376 effudistis.
679 3346 814 3377 Romani
832 3355 907 3378 vero
917 3370 925 3385 ‚
940 3347 1025 3386 quod
1039 3357 1169 3380 consue·

127 3398 260 3435 verunt,
275 3396 414 3436 faciunt,
431 3397 486 3437 qui
505 3397 598 3437 primi
613 3406 686 3430 cum
705 3398 805 3429 Persis
821 3398 860 3430 de
874 3407 951 3438 pace
973 3399 1168 3439 colloquium

125 3449 308 3481 instituunt.
323 3450 389 3480 Vos
402 3449 520 3489 alioqui
534 3449 611 3481 victi
637 3449 668 3481 in
682 3458 720 3481 eo
748 3450 892 3488 vincitis,
916 3450 1000 3490 quod
1017 3452 1102 3491 pacis
1114 3460 1168 3492 pe-

849 238 1119 278 MENANDRI
1149 239 1502 281 PROTECTORIS

1233 340 1254 363 x
1279 329 1441 370 ατοῧντες
1460 325 1670 379 ἐπράξαμεν.
1691 325 1818 378 ‘'Op-mc
1838 327 2011 384 δεχόμεθα
2030 329 2110 375 τους
2133 331 2270 383 λόγους,

1232 341 1350 425 'tgv'
1322 379 1459 431 εἰρήνην
1481 379 1560 432 περὶ
1581 379 1744 418 πλείστου
1773 379 1977 431 ποιούμεθα.
2003 383 2179 435 Φρόνημα
2203 386 2272 438 γὰρ

1233 436 1364 487 εὐγενὲς
1374 440 1422 475 τῶ
1437 438 1603 489 πρέποντι
1624 437 1956 491 ξυμμεταρυθμίζειν
1976 440 2021 478 τὰ
2035 441 2272 512 πράγματα..

1231 493 1335 532 Ουτω
1365 493 1400 532 δὲ
1427 496 1487 532 καὶ
1507 499 1566 533 τοῦ
1588 495 1657 547 Ζὶχ
1685 497 1859 545 εἰπόντος,
1880 500 1910 536 οἱ
1939 499 2145 551 ἀμφοτέρων
2164 504 2272 554 ἑρμη-

1232 554 1299 595 νεῖς
1318 553 1663 604 διασαφηνίσαντες
1649 554 1700 607 εφ’
1720 555 1868 608 ἑκάτερα
1889 555 1976 608 μέρη
1998 557 2043 594 τὰ
2060 557 2202 610 ῥήματα
2221 560 2274 597 δι·

1233 609 1403 648 δάσκαλοι
1421 613 1490 648 τῶν
1514 611 1699 661 νοημάτων
1716 612 1908 664 ἐγίγνοντο,
1927 615 2099 653 πλείστων
2123 617 2182 654 καὶ
2201 616 2274 655 ἑτέ-

1236 683 1303 719 ρων
1318 669 1584 720 ἀπερριμμένων
1595 669 1728 720 λόγων,
1746 674 1802 708 νῦν
1819 669 1880 721 μὲν
1898 674 2000 711 αὐτου
2017 689 2075 711 του
2055 674 2275 726 χρειώδους

1233 726 1356 778 χάριν,
1381 731 1439 765 νῦν
1458 727 1491 765 δὲ
1512 727 1572 765 καὶ
1586 728 1722 777 κόμπου
1739 727 1838 767 ἕνεκα
1856 729 1914 767 καὶ
1930 734 1990 768 τοῦ
2012 731 2060 780 μὴ
2082 733 2194 770 δοκεῖν
2211 727 2274 779 :St-

1235 799 1292 821 τον
1313 783 1456 835 ἔχοντας
1471 787 1531 831 τῆς
1548 785 1684 837 εἰρήνης
1699 785 1865 837 ἐφίεσθαι.
1884 787 2020 839 Πέρσαι
2035 788 2096 838 μὲν
2111 790 2275 836 διηνεκεῖς

1234 841 1349 887 ἠξίουν
1372 841 1511 880 ἔσεσθαι
1532 843 1593 886 τὰς
1617 843 1786 891 σπονδὰς,
1815 844 1899 895 πρὸς
1924 845 1959 882 δέ
1983 861 2022 896 γε
2041 846 2113 899 καὶ,
2131 847 2273 899 χρυσίον

1236 899 1337 952 ῥητὸν
1358 901 1411 952 ἐφ’
1431 900 1567 953 ἑκάστῳ
1585 902 1728 953 ἐνιαυτῷ
1748 901 1833 954 ὑπὲρ
1848 906 1907 941 τοῦ
1928 901 1977 953 μὴ
1997 907 2189 956 κεχρῆσθαι
2205 908 2276 950 τοῖς
2306 902 2309 904 ,

1233 957 1352 1002 ὅπλοις
1379 959 1580 1009 κομίζεσθαι
1608 959 1676 998 ἀπὸ
1702 960 1903 1010 Ῥωμαίων·
1923 961 1982 1000 καὶ
2014 962 2273 1016 τεσσαράκοντα

1234 1016 1297 1067 μὲν
1319 1019 1421 1065 ἐτῶν,
1437 1017 1476 1056 τὸ
1495 1022 1575 1069 γοῦν
1595 1018 1776 1071 ἐλάχιστον
1797 1020 2000 1072 τριάκοντα,
2020 1021 2274 1074 προειληφότας

1233 1074 1330 1119 ἐκτὸς
1357 1076 1721 1127 συντελεσθησομένων
1744 1079 1836 1130 (πᾶν
1861 1078 1899 1116 τὸ
1918 1080 2273 1131 συντελεσθησόμενον

1231 1134 1354 1184 Nieb.)
1372 1136 1405 1172 ἐν
1418 1134 1465 1171 ἑνὶ
1481 1133 1732 1188 ξυναθροισμω,
1747 1135 1836 1173 ούτω
1852 1137 2036 1188 βούλεσθαι
2051 1137 2274 1177 κατατιθεναι

1234 1190 1278 1228 τὰ
1307 1189 1413 1230 όπλα.
1448 1191 1621 1243 Ῥωμαῖοι
1652 1193 1688 1231 δὲ
1715 1195 1910 1232 τούναντίον
1935 1195 2186 1247 ὀλιγοχρονίους
2213 1196 2272 1242 τὰς

1233 1248 1398 1297 ξυνθήκας
1418 1255 1504 1289 εἶναι
1525 1251 1725 1299 ἐδούλοντο,
1745 1252 1830 1304 πρὸς
1853 1255 1902 1290 τῶ
1924 1253 2012 1303 μήτε
2036 1253 2105 1304 μὴν
2124 1270 2273 1293 >tettan-

1233 1308 1326 1346 θέναι
1343 1325 1376 1347 τι
1394 1308 1480 1363 υπὲρ
1500 1312 1561 1356 τῆς
1580 1311 1730 1362 εἰρήνης.
1753 1310 1918 1360 Αμίλλης
1932 1310 1967 1348 δὲ
1981 1327 2060 1364 περι
2078 1312 2198 1351 τούτου
2211 1312 2273 1351 ἐπὶ

1233 1366 1323 1416 μέγα
1337 1367 1531 1414 κινηθείσης
1542 1368 1601 1406 καὶ
1615 1368 1726 1419 λόγων
1743 1370 1977 1420 προελθόντων
1991 1369 2118 1416 ἥκιστα
2130 1370 2270 1422 ὀλίγων,

1231 1425 1328 1469 τέλος
1353 1426 1510 1470 ἔδοξεν“’
1486 1442 1576 1464 ωστε
1598 1427 1655 1464 ἐπὶ
1674 1428 1890 1474 πεντήκοντα
1910 1428 1972 1478 μὲν
1993 1427 2052 1476 ἔτη
2073 1427 2272 1473 ξυνεστάναι

1231 1500 1293 1530 την
1315 1484 1468 1556 εἰρήνην,
1501 1484 1689 1535 Ῥωμαίοις
1718 1486 1753 1523 δὲ
1779 1486 1978 1532 ἐπιδοθῆναι
2006 1487 2068 1532 τὴν
2096 1486 2272 1533 Λαζικήν“

1232 1543 1376 1594 στερράς
1390 1558 1426 1580 τε
1443 1546 1530 1580 εἶναι
1547 1543 1606 1580 καὶ
1623 1543 1817 1595 ερρωμένας
1833 1543 1893 1586 τὰς
1915 1543 2097 1592 συνθήκας,
2111 1545 2171 1583 καὶ
2185 1560 2272 1597 κρα-

1233 1607 1303 1638 τεῖν
1333 1601 1573 1652 ἑκασταχόσε,
1593 1605 1693 1639 τοῦτο
1725 1602 1787 1650 μὲν
1817 1601 1909 1640 κατὰ
1935 1602 1998 1649 τὴν
2027 1602 2094 1652 ἕω,
2115 1606 2216 1641 τοῦτο
2236 1602 2271 1641 δὲ

1232 1658 1291 1696 καὶ
1316 1660 1429 1709 (κατὰ
1457 1661 1540 1709 τὴν)
1569 1661 1603 1697 ἐν
1630 1659 1811 1712 Ἀρμενίᾳ,
1834 1659 1924 1698 ἀλλὰ
1949 1661 2015 1712 γὰρ
2034 1632 2094 1698 καί
2121 1663 2156 1698 ἐν
2183 1663 2270 1712 αὐτῇ

1231 1717 1341 1763 δήπου
1360 1721 1403 1770 τῇ
1421 1719 1575 1770 Λαζικῇ,
1593 1717 1682 1756 οὕτω
1704 1718 1820 1768 μέντοι
1839 1721 1885 1762 ὡς
1905 1718 2091 1771 τριάκοντα
2109 1719 2271 1771 χιλιάδας

1230 1776 1370 1822 ἐτησίας
1393 1776 1536 1829 χρυσίου
1560 1776 1772 1826 νομίσματος
1793 1777 2026 1829 ἀποφέρεσθαι
2057 1778 2194 1829 Πέρσας
2212 1781 2272 1825 τῆς

1230 1834 1366 1886 εἰρήνης
1384 1833 1483 1871 ἕνεκα
1503 1834 1572 1872 ἀπὸ
1603 1834 1806 1884 Ῥωμαίων.
1832 1835 2054 1881 Ἰἰὸεὸαιώθη
2088 1835 2124 1873 δὲ
2143 1840 2266 1882 τοῦτο,

1230 1892 1319 1929 ὥστε
1336 1891 1536 1941 (Ρωμαίους
1551 1894 1586 1929 ἐν
1607 1892 1711 1942 ὃμάδι
1732 1893 1909 1936 δεκαετίας
1928 1893 2108 1938 ποσότητα
2127 1908 2267 1945 προπα-

1232 1956 1373 2002 ρασχεῖν
1403 1949 1512 2000 οὕτω,
1539 1954 1761 2003 παραχρῆμα
1787 1950 1849 2001 μὲν
1877 1953 2041 1989 ἐνιαυτῶν
2069 1950 2175 2000 ἑπτὰ,
2211 1951 2271 1990 καὶ

1227 2060 1334 2092 tendae
1353 2060 1515 2092 celeritate
1529 2060 1712 2101 praevenitis
1721 2084 1729 2100 ‚
1744 2061 1777 2092 et
1794 2062 1965 2100 acceptum
1978 2069 2020 2093 ex
2034 2060 2124 2093 bellis
2136 2060 2273 2093 dedecus

1230 2112 1289 2143 hac
1304 2112 1426 2144 ratione
1441 2112 1547 2152 tegitis
1557 2136 1566 2152 ,
1584 2114 1616 2144 et
1632 2111 1664 2143 in
1681 2121 1718 2143 eo
1741 2112 1949 2154 humanitatis
1961 2111 2089 2144 laudem
2102 2112 2269 2151 affectatis,

1229 2164 1316 2204 quod
1335 2173 1354 2196 a
1370 2164 1539 2205 pugnando
1558 2164 1745 2196 abhorretis.
1767 2164 1803 2196 Id
1817 2165 1946 2205 quidem
1956 2166 1988 2196 et
2008 2173 2084 2203 nos,
2097 2164 2124 2198 si
2144 2164 2272 2205 quando

1227 2216 1351 2248 tardius
1367 2216 1562 2248 mentionem
1578 2216 1663 2256 pacis
1677 2216 1840 2257 fecissetis,
1861 2217 1958 2248 etiam
1967 2216 2130 2248 vincentes
2147 2216 2271 2248 recisse·

1229 2277 1313 2299 mus.
1333 2269 1444 2308 ltaque
1454 2269 1486 2299 et
1498 2276 1607 2307 pacem
1619 2268 1727 2307 magni
1744 2269 1952 2307 aestimamus,
1967 2269 1999 2300 et
2013 2276 2174 2299 sermones
2185 2268 2272 2308 pacis

1228 2319 1438 2350 admittimus.
1462 2320 1542 2351 Nam
1570 2319 1712 2359 generosi
1732 2319 1831 2351 animi
1850 2321 1910 2359 est,
1939 2319 2114 2351 honestatis
2131 2318 2216 2359 leges
2239 2319 2270 2350 in

1228 2371 1377 2403 omnibus
1384 2371 1479 2402 rebus
1491 2371 1593 2411 sequi.
1610 2384 1626 2399 »
1645 2373 1720 2403 Haec
1732 2372 1860 2403 Zichus.
1874 2373 2067 2412 interpretes
2078 2380 2156 2403 vero
2163 2371 2271 2403 ambo·

1228 2431 1301 2453 rum
1316 2422 1492 2462 legatorum
1506 2422 1547 2453 ab
1559 2422 1702 2462 utrisque
1713 2423 1835 2463 prolata
1845 2423 2050 2463 explicantes,
2057 2431 2094 2454 ea
2103 2431 2176 2463 quae
2189 2431 2270 2454 una-

1227 2482 1365 2513 quaeque
1377 2482 1450 2513 pars
1465 2473 1632 2512 sentiebat,
1650 2474 1879 2513 exposuerunt,
1898 2482 2000 2513 quum
2013 2473 2044 2504 in
2057 2473 2174 2504 multos
2188 2482 2270 2513 quo-

1227 2533 1290 2564 que
1299 2525 1378 2556 alios
1391 2533 1555 2556 sermones
1565 2525 1753 2565 erupissent,
1768 2533 1868 2565 quum
1887 2524 2044 2564 utilitatis,
2055 2526 2127 2555 tum
2139 2525 2271 2556 ornatus

1227 2585 1324 2608 causa
1335 2600 1344 2615 ‚
1362 2578 1394 2608 et
1415 2585 1456 2608 ne
1474 2578 1641 2617 propterea
1657 2577 1743 2617 quod
1760 2576 1922 2608 inferiores
1938 2578 2042 2608 essent
2053 2602 2062 2616 ‚
2088 2576 2174 2616 pacis
2191 2575 2270 2608 desi·

1227 2629 1315 2660 derio
1327 2630 1429 2661 teneri
1443 2630 1637 2661 viderentur.
1650 2632 1754 2661 Persae
1764 2632 1872 2661 autem
1887 2638 1996 2669 pacem
2010 2628 2194 2660 continuam
2203 2636 2271 2660 esse

1227 2681 1259 2712 et
1275 2682 1396 2712 certam
1420 2682 1490 2712 auri
1507 2681 1738 2720 quantitatem,
1766 2690 1808 2712 ne
1832 2681 1929 2712 armis
1949 2680 2125 2718 uterentur,
2141 2679 2271 2719 singulis

1227 2733 1318 2764 annis
1327 2733 1471 2772 accipere
1485 2733 1642 2764 volebant.
1652 2734 1810 2764 Praeterea
1824 2731 2032 2772 quadraginta
2043 2732 2101 2763 aut
2113 2730 2154 2762 ad
2166 2731 2271 2763 minus

1226 2783 1355 2823 triginta
1379 2792 1539 2814 annorum
1567 2784 1635 2814 auri
1654 2784 1890 2823 praestationem
1907 2791 1972 2814 uno
1993 2782 2123 2814 cumulo
2139 2790 2270 2814 coacer-

1226 2836 1334 2865 vatam
1350 2834 1409 2865 sibi
1420 2834 1507 2873 dari,
1526 2835 1563 2865 ut
1579 2834 1619 2865 ab
1633 2835 1730 2866 armis
1746 2834 1963 2873 discederent,
1981 2833 2195 2874 postulabant.
2209 2835 2270 2865 Ro-

1227 2885 1313 2916 mani
1322 2888 1434 2916 contra
1447 2885 1484 2915 ad
1495 2885 1591 2916 breve
1602 2886 1729 2924 tempus
1742 2885 1860 2916 foedera
1871 2885 1937 2916 fieri
1948 2893 2078 2923 aequum
2085 2884 2268 2924 censebant,

1227 2937 1259 2967 et
1273 2936 1444 2976 quicquam
1458 2944 1516 2976 pro
1532 2944 1610 2975 pace
1622 2935 1745 2967 solvere
1757 2935 1957 2967 recusabant.
1973 2937 2086 2975 Magno
2102 2943 2197 2975 super
2209 2935 2270 2966 hoc

1228 2987 1402 3019 certamine
1415 2988 1527 3018 exorto
1537 3010 1546 3025 ,
1558 2995 1659 3026 quum
1678 2986 1823 3026 pluribus
1840 2986 1946 3018 verbis
1963 2985 2047 3017 inter
2061 2994 2095 3017 se
2105 2985 2268 3017 disseruis-

1227 3039 1316 3078 sent,
1332 3037 1461 3070 tandem
1485 3037 1615 3069 decreto
1639 3037 1794 3068 sancitum
1821 3038 1885 3074 est,
1908 3037 1944 3068 ut
1961 3045 2017 3076 per
2041 3037 2270 3077 quinquaginta

1228 3099 1327 3122 annos
1345 3099 1407 3131 pax
1419 3091 1521 3125 esset:
1538 3091 1573 3121 ut
1585 3089 1735 3122 Romanis
1747 3089 1894 3120 Lazicam
1914 3090 2018 3128 Persae
2034 3087 2218 3128 redderent;
2232 3089 2270 3120 ut

1228 3144 1314 3184 pacis
1333 3143 1530 3175 conditiones
1545 3143 1689 3174 valerent
1705 3144 1737 3174 et
1752 3143 1873 3182 ubique
1890 3142 2148 3181 observarentur,
2165 3143 2198 3173 et
2213 3150 2269 3181 per

1229 3196 1394 3228 Orientem
1410 3196 1442 3227 et
1455 3204 1510 3235 per
1524 3195 1706 3227 Armeniam
1720 3195 1751 3226 et
1764 3202 1819 3234 per
1834 3194 1934 3233 ipsam
1947 3201 2077 3233 quoque
2098 3192 2243 3224 Lazicam
2258 3205 2267 3224 z

1228 3247 1273 3278 sic
1295 3249 1402 3278 tamen
1418 3247 1455 3277 ut
1471 3245 1599 3284 triginta
1625 3254 1796 3276 aureorum
1819 3244 1919 3275 millia
1943 3244 2075 3283 singulis
2101 3244 2192 3275 annis
2210 3251 2269 3284 pro

1229 3307 1306 3338 pace
1317 3297 1450 3329 Romani
1462 3297 1563 3328 Persis
1569 3297 1767 3337 praestarent.
1784 3298 1830 3328 De
1840 3304 1877 3327 eo
1890 3304 2019 3335 quoque
2035 3295 2267 3332 convenerunt,

1229 3351 1266 3380 ut
1291 3348 1401 3380 decem
1424 3357 1580 3379 annorum
1597 3348 1756 3379 tributum
1772 3355 1836 3378 una
1852 3347 1940 3386 prius
1955 3339 2145 3383 solveretur,
2171 3345 2216 3376 ita
2231 3346 2268 3376 ut

1228 3402 1347 3440 septem
1364 3409 1521 3432 annorum
1534 3408 1657 3431 summa
1677 3399 1822 3439 praesenti
1840 3398 1991 3438 pecunia,
2010 3397 2107 3429 trium
2127 3397 2266 3437 reliquo-

1229 3461 1299 3484 rum
1313 3460 1491 3492 annorum,
1511 3451 1564 3491 qui
1583 3450 1744 3483 restabant
1760 3459 1801 3482 ex
1815 3449 1925 3482 decem
1937 3473 1946 3490 ‚
1972 3448 2079 3480 statim
2098 3449 2169 3489 post
2193 3456 2263 3488 per·
