2372 3704
125 268 198 301 502

123 349 245 386 αὐτοῦ·
273 349 290 384 ὁ
318 345 354 384 δὲ
374 347 440 398 οὐχ
464 344 597 394 εἵλετο,
626 342 717 382 ἀλλὰ
747 342 807 381 καὶ
829 340 1080 393 Πεισίστρατον
1108 341 1166 380 τὸν

120 408 296 457 συγγενῆ,
322 404 413 442 καθά
443 419 527 456 φησι
558 401 809 454 Σωσικράτης,
834 400 1115 474 προαισθόμενος
1132 400 1171 438 τὸ

120 466 170 516 ἐφ’
193 466 306 516 ἑαυτῷ
327 461 549 501 διεκώλυσεν.
583 459 695 517 Ἀξας
723 460 790 512 γὰρ
817 475 863 503 εις
889 459 952 505 τὴν
983 458 1172 505 ἐκκλησίαν

121 521 210 572 μετὰ
229 522 373 574 δόρατος
392 520 452 559 καὶ
474 519 618 563 ἀσπίδος
643 524 807 570 προεῖπεν
828 519 944 562 αὐτοῖς
964 517 1027 563 τὴν
1057 517 1172 556 ἐπίθε-

121 595 174 618 σιν
190 584 248 618 τοῦ
271 578 542 631 Πεισιστράτου·
563 593 624 615 και
644 578 682 615 οὐ
705 575 819 626 μόνον,
841 574 932 613 ἀλλὰ
954 591 1014 612 και
1037 577 1174 626 βοηθεῖν

121 637 258 689 ἕτοιμος
276 634 380 685 εἶναι,
403 637 513 688 λέγων
533 640 666 674 ταῦτα·
693 633 868 687 «Ἄνδρες
890 633 1085 684 Ἀθηναῖοι,
1107 635 1174 670 τῶν

125 695 187 747 μὲν
209 695 426 750 σοφώτερος,
447 698 514 734 τῶν
543 694 579 733 δὲ
605 693 837 746 ἀνδρειότερός
863 693 954 742 εἶμι·
982 690 1176 745 σοφώτερος

124 753 186 805 μὲν
209 757 278 793 τῶν
298 755 360 802 τὴν
384 754 523 800 ἀπάτην
547 769 606 791 του
634 755 685 791 [Is
672 750 888 803 emiarpoi-cou
910 749 958 800 μὴ
981 749 1176 797 συνιέντων,

124 813 357 867 ἀνδρειότερος
373 813 408 851 δὲ
424 815 491 850 τῶν
507 810 747 861 ἐπισταμένων
768 809 847 860 μὲν,
869 808 964 847 διὰ
946 808 1019 852 οέος
1038 808 1074 846 δὲ
1095 824 1178 846 σιω-

124 874 285 912 πώντων.
314 889 330 906 ιο
351 871 423 911 Καὶ
451 875 474 917 ἡ
498 869 628 922 βουλὴ,
658 867 981 920 Πεισιστρατίδαι”
961 882 1077 917 οντες,
1101 866 1178 917 μαί-

123 935 242 970 νεσθαι
262 930 378 982 ἔλεγον
400 928 523 967 αὐτόν·
539 927 614 966 ὅθεν
636 922 710 965 εἷπε
731 925 848 964 ταυτί·

165 1011 261 1047 Δείξει
275 1011 311 1048 δὴ
326 1010 437 1051 μανίην
454 1010 509 1050 μὲν
524 1009 599 1049 ἐμὴν
614 1008 701 1048 βαιὸς
715 1006 824 1047 χρόνος
837 1007 963 1046 ἀστοῖς,

207 1058 312 1097 δείξει,
330 1056 471 1094 ἀληθείης
487 1056 516 1090 ἐς
530 1056 624 1096 μέσον
638 1054 817 1095 ἐρχομένης.

126 1122 182 1162 Τὰ
205 1122 240 1160 δὲ
269 1121 348 1173 περὶ
374 1123 435 1167 τῆς
451 1123 512 1157 τοῦ
543 1117 798 1170 Πεισιστράτου
827 1117 1025 1169 τυραννίδος
1045 1117 1179 1168 ἐλεγεῖα

124 1180 352 1234 προλέγοντος
366 1181 471 1217 αὐτοῦ
491 1182 601 1216 ταῦτα
621 1172 676 1224 ῆν·

167 1263 226 1294 Ἐκ
237 1262 362 1302 νεφέλης
378 1261 499 1302 φέρεται
514 1259 616 1300 χιόνος
632 1260 720 1300 μένος
739 1258 793 1297 ἠδὲ
809 1257 960 1299 χαλάζης·

211 1308 322 1350 βροντή
340 1307 366 1338 τ’
382 1307 418 1338 ἐκ
431 1308 572 1347 λαμπρῆς
584 1305 721 1345 γίγνεται
737 1305 921 1345 ἀστεροπῆς·

168 1355 285 1395 ἀνδρῶν
303 1353 330 1386 δ’
344 1354 379 1385 ἐκ
394 1354 535 1394 μεγάλων
545 1352 631 1387 πόλις
645 1351 781 1382 ὄλλυται·
799 1351 828 1386 ἐς
844 1351 876 1382 δὲ
897 1350 1051 1391 μονάρχου

211 1403 307 1442 δῆμος
327 1400 443 1442 ἀιδρείῃ
457 1399 643 1436 δουλοσύνην
660 1398 782 1430 ἔπεσεν.

127 1470 222 1520 Ἤδη
245 1473 280 1511 δὲ
304 1474 408 1511 αὖτου
431 1475 638 1524 κρατοῦντος
663 1471 702 1508 οὗ
731 1469 858 1507 πείθων
887 1468 988 1516 ἔθηκε
1016 1466 1105 1506 τὰς’
1086 1469 1178 1505 οπλα

133 1532 201 1584 πρὸ
213 1548 271 1570 του
282 1530 492 1583 στρατηγίου
510 1545 570 1568 και
584 1528 706 1576 εἰπὼν,
726 1546 741 1563 α
759 1522 812 1566 ῗΩ
828 1526 963 1579 πατρὶς,
984 1525 1182 1578 βεὸοήθηκά

133 1606 187 1628 σοι
207 1606 266 1628 και
286 1590 379 1641 λόγῳ
410 1588 469 1627 καὶ
504 1588 616 1640 ἔργω,
639 1605 653 1620 »
683 1586 899 1624 ἀπέπλευσεν
927 1587 973 1629 εἷς
1004 1584 1180 1635 Αἴγυπτον

129 1664 189 1686 και
212 1650 257 1692 εἷς
277 1646 433 1699 Κύπρον,
448 1662 508 1684 και
523 1646 607 1698 πρὸς
629 1645 775 1697 Κροισον
795 1639 912 1691 ῆλθεν

626 1735 685 1759 12.

184 1797 291 1832 Idem
307 1797 345 1840 Ι,
364 1795 430 1839 68,
445 1794 491 1829 de
511 1793 669 1831 Chilone
699 1805 707 1826 :
736 1790 862 1839 Γέγονε
887 1788 922 1826 δὲ
948 1788 1067 1841 ἔφορος
1091 1786 1184 1825 κατὰ

135 1853 197 1900 τὴν
218 1851 454 1899 πεντηκοστὴν
479 1850 644 1899 πέμπτην
670 1847 913 1898 Ὀλυμπιάδα.
939 1846 1113 1898 Παμφίλη
1146 1845 1182 1883 δέ

134 1927 220 1964 φησι
236 1910 326 1949 κατὰ
346 1909 409 1955 τὴν
427 1907 549 1954 ἕκτην·
571 1907 629 1944 καὶ
651 1909 788 1958 πρῶτον
810 1905 930 1958 ἔφορον
950 1905 1108 1955 γενέσθαι
1125 1903 1182 1941 ἐπὶ

134 1968 341 2018 Εὐθυδήμου
351 1999 360 2015 ,
377 1966 422 2011 ὥς
438 1982 523 2019 φησι
537 1964 781 2017 Σωσικράτης.

947 253 1121 294 SOSICR
1128 254 1242 295 ATIS
1270 255 1455 296 RHODII

1723 342 1786 380 13.

1286 414 1389 451 Idem
1406 413 1434 459 l,
1455 410 1518 460 75,
1538 412 1585 449 de
1601 412 1747 448 Pittaco
1765 424 1774 450 t
1792 409 1884 449 Τότε
1903 411 1933 448 δ’
1949 404 2008 449 οὖν
2019 411 2075 449 τὸν
2099 410 2276 450 Πιττακὸν

1237 472 1386 522 ἰσχυρῶς
1405 469 1573 518 ἐτίμησαν
1593 470 1624 506 οἱ
1640 469 1891 516 Μυτιληναῖοι,
1915 467 1975 506 καὶ
1993 468 2054 517 τὴν
2074 468 2185 521 ἀρχὴν
2205 471 2278 508 ἐνε-

1234 528 1392 581 χείρισαν
1411 529 1520 579 αὐτῷ.
1541 526 1585 565 Ὁ
1602 525 1638 564 δὲ
1658 526 1743 563 δέκα
1762 525 1821 573 ἔτη
1837 526 2025 579 κατασχὼν
2041 527 2101 565 καὶ
2121 529 2167 571 εἷς
2182 527 2279 572 τάξιν

1236 585 1376 636 ἀγαγὼν
1396 585 1435 623 τὸ
1453 584 1648 634 πολίτευμα
1660 614 1670 631 ,
1693 582 1857 622 κατέθετο
1877 583 1940 630 τὴν
1965 585 2094 637 ἀρχὴν,
2114 585 2174 623 καὶ
2191 586 2278 624 δέκα

1238 643 1368 682 ἐπεὸίω
1382 643 1484 681 ἄλλα.
1509 641 1579 681 Καὶ
1604 641 1724 693 χώραν
1742 643 1836 694 αὐτῷ
1856 641 2047 692 ἀπένειμαν
2066 645 2098 681 οἱ
2115 646 2279 692 Μυτιλη-

1237 704 1345 739 ναῖοι·
1365 703 1383 738 ὁ
1400 700 1436 738 δὲ
1451 699 1581 752 ῖερὰν’
1563 702 1701 746 ανῆκεν,
1716 698 1791 746 ἥτις
1806 715 1863 736 νυν
1883 700 2087 744 Πιττάκειος
2102 702 2276 744 καλεῖται.

1238 758 1466 812 Σωσικράτης
1491 757 1528 796 δέ
1549 773 1652 811 φησιν
1674 755 1727 795 ὅτι
1751 757 1866 808 ὀλίγον
1883 758 2138 810 ἀποτεμόμενος
2154 759 2221 814 ἔφη
2239 761 2281 799 τὸ

1236 818 1345 870 ἥμισυ
1365 821 1425 856 τοῦ
1445 816 1574 861 παντὸς
1575 817 1706 855 πλεῖον
1725 809 1829 856 εἶναι.

1730 897 1788 935 14.

1290 964 1393 1000 Idem
1415 965 1453 1009 Ι,
1483 962 1548 1011 95,
1577 919 1625 999 de
1639 962 1846 999 Periandro
1868 974 1878 1000 :
1897 961 2133 1015 Σωσικράτης.
2146 964 2184 1003 δέ
2198 980 2284 1018 φησι

1237 1020 1402 1073 πρότερον
1421 1020 1570 1072 Κροίσου
1583 1020 1788 1066 τελευτῆσαι
1802 1018 1906 1057 αὐτὸν
1923 1019 2014 1058 ἔτεσι
2027 1022 2284 1075 τετταράκοντα

1238 1079 1296 1117 καὶ
1314 1078 1364 1116 ἑνὶ
1378 1109 1388 1128 ,
1406 1078 1474 1129 πρὸ
1489 1081 1550 1125 τῆς
1569 1081 1851 1129 τεσσαρακοστῆς
1868 1077 2010 1126 ἐννάτης
2028 1078 2286 1131 Ὀλυμπιάδοςῑ

1731 1155 1793 1196 15.

1293 1225 1399 1262 Idem
1415 1226 1448 1274 Ι,
1472 1237 1560 1274 101,
1580 1225 1628 1261 de
1643 1226 1851 1262 Anacharsi
1872 1238 1881 1261 :
1901 1223 2006 1275 Λέγει
2025 1224 2061 1264 δὲ
2077 1225 2180 1265 αὐτὸν
2203 1228 2286 1267 Σω-

1235 1284 1402 1336 σικράτης
1421 1285 1532 1322 ἐλθεῖν
1556 1284 1602 1326 εἷς
1624 1281 1766 1328 Ἀθήνας
1793 1280 1885 1320 κατὰ
1910 1281 1974 1328 τὴν
1997 1280 2286 1333 τεσσαρακοστὴν

1236 1342 1390 1394 ἑὸδόμην
1405 1342 1635 1394 Ὀλυμπιάδα
1647 1373 1659 1393 ,
1678 1341 1736 1380 ἐπὶ
1754 1341 1920 1394 ἄρχοντος
1938 1339 2153 1394 Εὐκράτους.

1735 1418 1794 1455 16.

1294 1490 1400 1525 Idem
1415 1490 1446 1534 Ι,
1464 1488 1551 1532 106,
1571 1487 1618 1523 de
1638 1487 1791 1534 Mysone
1814 1501 1822 1523 :
1846 1486 1977 1525 Μύσων
1998 1486 2222 1538 Στρύμωνος,
2241 1486 2287 1531 ὥς

1242 1562 1325 1599 φησι
1344 1546 1592 1597 Σωσικράτης,
1605 1543 1811 1596 “Έρμιππον
1832 1545 2120 1597 παρατιθέμενος,
2138 1545 2288 1596 τὸγένος

1241 1603 1394 1651 Χηνεὺς,
1415 1603 1484 1640 ἀπὸ
1503 1603 1625 1651 κώμης
1639 1602 1729 1645 τινὸς
1745 1604 1916 1648 Οἰταϊκῆς
1935 1601 1957 1649 ἢ
1977 1604 2200 1652 Λακωνικῆς,
2224 1602 2287 1642 σὺν

1240 1669 1309 1706 τοῖς
1320 1663 1407 1700 ἑπτὰ
1424 1664 1702 1713 καταριθμεῖται.
1717 1660 1865 1711 Λέγεται
1880 1661 1921 1707 δὴ
1933 1660 2017 1713 πρός
2032 1677 2122 1705 τινος
2137 1664 2248 1712 (τινῶν
2255 1663 2285 1713 ?)

1241 1720 1486 1772 Ἀναχάρσιδος
1498 1718 1755 1770 πυνθανομένου
1770 1718 1864 1762 εἴτις
1879 1721 1985 1757 αὐτοῦ
2002 1719 2196 1772 σοφώτερος
2215 1719 2284 1767 εἴη,

1240 1778 1302 1827 τὴν
1325 1779 1459 1818 Πυθίαν
1487 1780 1594 1816 εἰπεῖν
1616 1778 1704 1831 ἅπερ
1742 1780 1943 1830 προείρηται
1963 1780 1998 1816 ἐν
2013 1781 2063 1831 τῷ
2083 1780 2204 1818 Θαλοῦ
2224 1778 2288 1832 βίῳ

1242 1837 1541 1890 ὑπὲριΧείλωνος·

1325 1923 1451 1956 Οἰταῖόν
1470 1923 1537 1955 τινά
1549 1934 1626 1964 φημι
1643 1923 1771 1955 Μύσων’
1790 1923 1832 1954 ἐνὶ
1849 1924 1927 1961 Χηνὶ
1948 1923 2090 1964 γενέσθαι

1330 1975 1387 2003 σοῦ
1406 1971 1521 2012 μᾶλλον
1534 1971 1737 2011 πραπίδεσσιν
1751 1970 1886 2012 ἀρηρότα
1896 1970 2118 2011 πευκαλίμῃσι.

132 2081 307 2120 Sosicrate‚
336 2079 536 2111 Pisistratum
559 2085 688 2118 quoque
706 2076 922 2117 propinquum
943 2083 1055 2114 suum,
1080 2082 1183 2114 quum

132 2132 192 2165 sibi
220 2131 422 2173 tyrannidem
439 2138 552 2171 parare
583 2129 792 2168 intelligeret,
819 2127 977 2167 quantum
1001 2126 1033 2157 in
1047 2134 1080 2157 se
1106 2125 1183 2164 suit,

132 2183 342 2224 prohibuerit.
360 2185 439 2214 Nam
456 2190 556 2222 quum
576 2181 610 2212 in
627 2180 813 2212 concionem
829 2178 1016 2219 prosiliisset
1032 2177 1123 2208 hasta
1137 2185 1183 2207 ar·

133 2237 241 2267 matus
265 2237 297 2266 et
322 2233 457 2274 clypeo,
474 2232 627 2264 Pisistrati
656 2231 788 2263 insidias
801 2231 833 2262 et
858 2229 1022 2269 improbos
1050 2229 1185 2260 conatus

1246 2081 1335 2103 mum
1363 2072 1518 2112 ephorum
1543 2070 1639 2103 fuisse
1665 2070 1725 2102 sub
1749 2070 1950 2111 Euthydemo
1977 2071 2131 2103 archonte
2144 2071 2189 2104 ait
2205 2072 2291 2104 Sosi·

1245 2125 1358 2157 crates.

1744 2167 1760 2200 1
1769 2168 1802 2200 3.

1288 2228 1370 2261 Hinc
1399 2228 1494 2268 igitur
1509 2227 1669 2259 Pittacum
1694 2226 1728 2258 in
1761 2235 1888 2258 summo
1904 2226 2024 2259 honore
2051 2227 2224 2267 Mytilenaei
2240 2226 2293 2261 ha·

134 2287 209 2328 ipsis
221 2287 370 2327 aperuit:
389 2294 494 2326 neque
512 2284 542 2316 id
568 2284 693 2322 solum,
717 2291 830 2315 verum
853 2283 884 2314 et
897 2283 1012 2322 juvare
1037 2282 1184 2322 paratum
1246 2281 1365 2320 buere‚
1393 2280 1486 2320 eique
1510 2278 1723 2319 principatum
1749 2278 1969 2318 tradiderunt,
1992 2287 2088 2318 quem
2112 2278 2166 2311 ille
2191 2287 2294 2319 quum

134 2348 202 2371 sese
224 2337 434 2376 asseveravit,
454 2348 470 2364 «ι
498 2335 578 2373 Viri,
596 2334 761 2375 inquiens,
785 2333 1011 2372 Athenienses,
1037 2332 1106 2364 aliis
1127 2340 1185 2372 ego
1212 2323 1358 2365 decem
1377 2333 1467 2364 annis
1483 2331 1636 2364 tenuisset
1651 2340 1689 2363 ac
1703 2330 1933 2372 rempublicam
1947 2331 2098 2371 praeclare
2112 2331 2294 2363 constituis-

135 2391 319 2431 sapientior,
338 2389 407 2421 aliis
425 2397 500 2420 vero
526 2387 638 2419 fortior
654 2395 748 2417 sum:
770 2385 942 2426 sapientior
965 2384 1095 2425 quidem
1112 2383 1184 2424 illis,

135 2442 192 2483 qui
205 2442 358 2474 Pisistrati
373 2442 507 2473 conatus
525 2448 590 2470 non
605 2437 923 2476 animadverte-unm
944 2437 1056 2469 sortior
1077 2438 1185 2468 autem

137 2495 176 2526 iis
190 2493 243 2533 qui
261 2493 366 2524 sciunt
381 2491 512 2532 quidem
523 2491 611 2530 illos,
622 2490 678 2521 sed
692 2490 780 2520 metu
797 2489 901 2521 silent.
921 2502 935 2516 n
950 2491 1086 2520 Senatus
1100 2497 1186 2526 vero,

139 2545 196 2585 qui
214 2544 356 2576 studeret
375 2543 552 2582 Pisistrato,
571 2541 709 2573 insanire
721 2540 811 2572 illum
828 2539 1054 2581 proclamabat.
1075 2541 1187 2580 ltaque

136 2597 189 2629 ille
202 2596 270 2627 haec
282 2594 364 2626 dixit
377 2606 384 2626 z

208 2670 355 2698 Noscetur
367 2674 432 2696 mea
444 2668 507 2703 post
518 2666 616 2702 paullo
628 2666 745 2694 vesania
758 2664 832 2699 civi,

243 2716 397 2749 noscetur,
411 2713 490 2742 veris
499 2712 531 2740 in
543 2710 675 2740 medium
686 2711 798 2748 positis.

180 2779 266 2818 Elegi
295 2778 404 2809 autem
442 2776 560 2817 quibus
589 2775 743 2807 Pisistrati
779 2776 983 2816 tyrannidem
1018 2774 1185 2815 praedixit,

138 2832 214 2862 sunt
226 2830 257 2861 hi
274 2839 281 2860 :

209 2893 260 2920 Vis
272 2892 349 2920 nivis
359 2894 389 2920 ct
399 2891 543 2920 nebuloso
553 2891 682 2927 agitatur
691 2892 723 2919 in
736 2891 846 2920 aethere
859 2891 987 2927 grando,

246 2937 430 2965 horrendum
445 2937 600 2964 excutiunt
620 2935 739 2971 fulgura
749 2937 828 2964 clara
847 2944 954 2964 sonum
969 2946 976 2963 =

210 2986 241 3013 et
253 2982 388 3012 cecidere
402 2982 472 3011 viris
481 2989 613 3019 persaepe
626 2983 797 3018 potentibus
811 2983 899 3011 urbes
908 3004 916 3017 ‚

246 3030 366 3058 detrusa
379 3029 469 3064 inque
484 3028 583 3057 terum
592 3030 674 3065 plebs
683 3029 788 3058 stolida
801 3030 960 3067 imperium
975 3031 1027 3059 est.

181 3096 254 3125 Jam
270 3101 346 3124 vero
367 3091 530 3124 Pisistrato
548 3100 655 3123 rerum
674 3092 794 3132 potito,
814 3102 914 3133 quum
933 3102 951 3124 a
963 3092 1126 3134 proposito
1140 3101 1190 3123 re-

141 3154 258 3177 vocare
271 3153 335 3176 non
346 3144 469 3184 posset,
483 3144 556 3174 ante
564 3143 686 3174 curiam
702 3152 791 3175 arma
798 3143 956 3185 deposuit,
970 3144 1080 3176 dicens
1087 3143 1164 3175 illud
1179 3152 1188 3175 :

144 3211 160 3226 u
177 3200 206 3229 Ο
226 3197 345 3238 patria,
362 3195 420 3227 tibi
437 3194 586 3235 equidem
608 3196 706 3227 verbo
720 3197 752 3228 et
765 3205 860 3236 opere
883 3196 1055 3228 auxiliatus
1070 3205 1155 3228 sum.
1172 3208 1187 3224 »ι

142 3248 220 3282 Inde
233 3248 394 3288 profectus
409 3246 442 3277 in
457 3247 626 3285 AEgyptum
638 3247 796 3287 navigavit
810 3248 906 3288 atque
922 3247 954 3279 in
967 3249 1122 3288 Cyprum,
1132 3247 1185 3280 de·

142 3302 240 3343 nique
252 3301 292 3333 ad
309 3303 456 3333 croesum
474 3299 630 3340 pervenit.

641 3360 656 3393 1
691 3384 698 3392 .

185 3417 278 3449 Chilo
306 3415 443 3456 ephorus
474 3414 534 3446 fuit
562 3361 750 3455 Olymlffiade
780 3415 1042 3456 quinquagesima
1060 3416 1189 3456 quinta;

145 3468 309 3508 Pamphila
323 3476 400 3499 vero
416 3467 461 3498 ait
477 3465 663 3507 Olympiade
674 3466 933 3507 quinquagesima
944 3468 1033 3499 sexta
1046 3477 1054 3507 ;
1071 3476 1108 3499 ae
1122 3469 1190 3508 pri-

1245 2386 1304 2424 set,
1319 2394 1352 2417 se
1370 2384 1473 2425 ipsum
1487 2384 1599 2424 sponte
1611 2382 1798 2423 magistratu
1808 2381 1978 2414 abdicavit.
1997 2384 2113 2414 Decem
2129 2381 2204 2414 inde
2217 2382 2295 2414 alios

1246 2435 1422 2477 supervixit
1432 2443 1544 2474 annos,
1561 2443 1738 2474 agrumque
1748 2434 1834 2465 sibia
1848 2434 2037 2474 Mytilenaeis
2049 2442 2239 2474 permissum
2246 2442 2294 2465 sa·

1247 2487 1367 2526 oravit,
1385 2487 1439 2527 qui
1461 2494 1548 2518 nunc
1571 2485 1731 2517 Pittaceus
1752 2484 1880 2517 dicitur.
1899 2485 1962 2518 Sed
1976 2485 2150 2517 Sosiorates
2162 2485 2207 2517 ait
2220 2494 2294 2517 eum

1246 2542 1369 2581 partem
1385 2539 1530 2580 exiguam
1546 2538 1606 2571 sibi
1622 2547 1816 2579 reservasse,
1834 2539 1866 2571 et
1880 2538 1998 2571 dixisse
2009 2562 2019 2579 ,
2041 2537 2210 2570 dimidium
2223 2539 2296 2579 plus

1246 2594 1316 2623 toto
1329 2600 1407 2623 esse.

1744 2634 1760 2667 1
1767 2634 1802 2667 4.

1291 2700 1463 2732 Sosicrates
1479 2699 1686 2731 Periandrum
1702 2699 1776 2732 ante
1788 2700 1934 2731 Croesum
1950 2699 2064 2731 obiisse
2085 2699 2170 2731 diem
2186 2699 2296 2730 asserit

1248 2752 1338 2783 annis
1363 2760 1428 2782 uno
1457 2752 1489 2782 et
1516 2751 1726 2791 quadraginta
1736 2775 1744 2791 ,
1774 2752 1849 2783 ante
1873 2750 2149 2792 quadragesimam
2178 2758 2294 2782 nonam

1249 2802 1482 2845 Olympiadem.

1749 2846 1789 2879 1
1771 2856 1806 2878 o-

1290 2905 1463 2937 Sosicrates
1478 2905 1671 2937 Anacharsin
1680 2904 1820 2936 Athenas
1828 2905 1950 2936 venisse
1962 2905 2006 2936 ait
2015 2904 2203 2962 Olympiade
2213 2913 2293 2945 qua-

1249 2956 1426 2997 dragesima
1441 2957 1595 2996 septima,
1612 2955 1766 2988 archonte
1782 2957 1932 2990 Eucrate.

1749 3027 1804 3060 16.

1291 3090 1402 3129 Myson
1425 3087 1601 3128 Strymonis
1616 3087 1700 3119 filius
1713 3111 1722 3127 ,
1735 3089 1772 3119 ut
1788 3087 1831 3119 ait
1845 3088 2017 3120 Sosicrates
2031 3088 2238 3129 Hermippum
2250 3090 2296 3121 te-

1250 3142 1331 3173 stem
1355 3141 1456 3172 citans
1468 3164 1477 3180 ,
1497 3140 1671 3173 Chenensis
1696 3149 1808 3180 genere
1821 3150 1839 3172 e
1855 3141 1927 3172 vico
1946 3141 2087 3181 quodam
2101 3142 2230 3174 OEtaico
2245 3143 2296 3174 vel

1251 3194 1410 3226 Laconico
1423 3217 1432 3232 ,
1449 3194 1569 3234 septem
1588 3193 1784 3234 sapientibus
1796 3194 1992 3226 accensetur.
2009 3195 2123 3226 Fertur
2134 3203 2154 3226 a
2169 3194 2296 3235 quibus-

1251 3246 1325 3279 dam
1335 3271 1344 3285 ,
1359 3245 1504 3286 Pythiam
1514 3270 1523 3284 ‚
1540 3254 1640 3286 quum
1651 3245 1691 3277 ab
1708 3245 1920 3278 Anacharside
1935 3249 2135 3286 quaereretur
2148 3247 2296 3286 quisnam

1251 3308 1285 3332 se
1298 3300 1380 3331 esset
1398 3298 1581 3338 sapientior,
1598 3297 1794 3338 respondisse
1818 3299 1854 3329 ut
1870 3297 1910 3329 de
1928 3298 2062 3330 Chilone
2089 3298 2298 3339 praedeimus

1252 3354 1284 3384 ln
1297 3351 1436 3385 'l'haletis
1450 3351 1516 3382 vita
1528 3360 1536 3381 z

1323 3425 1451 3451 OEtaeum
1463 3420 1613 3458 quendam
1625 3422 1805 3457 prognatum
1821 3420 1920 3449 chene
1933 3421 2090 3455 Mysonein

1327 3473 1355 3500 te
1369 3471 1460 3507 magis
1481 3477 1541 3499 esse
1551 3470 1597 3499 aio
1609 3469 1697 3499 rebus
1712 3469 1887 3499 sublimibus
1899 3471 2011 3506 aptum.
