<?xml version="1.0" encoding="UTF-8"?>
<!DOCTYPE html PUBLIC "-//W3C//DTD XHTML 1.0 Transitional//EN"
    "http://www.w3.org/TR/xhtml1/DTD/xhtml1-transitional.dtd">
<html xmlns="http://www.w3.org/1999/xhtml" xml:lang="en" lang="en">
 <head>
  <title>
</title>
<meta http-equiv="Content-Type" content="text/html;charset=utf-8" />
  <meta name='ocr-system' content='tesseract 3.04.00' />
  <meta name='ocr-capabilities' content='ocr_page ocr_carea ocr_par ocr_line ocrx_word'/>
</head>
<body>
  <div class='ocr_page' id='page_1' title='image "./fragmentahistori04mueluoft_0203.png"; bbox 0 0 2326 3724; ppageno 0'>
   <div class='ocr_carea' id='block_1_1' title="bbox 945 162 1290 217">
    <p class='ocr_par' dir='ltr' id='par_1_1' title="bbox 945 162 1290 217">
     <span class='ocr_line' id='line_1_1' title="bbox 945 162 1290 217; baseline -0.009 -13"><span class='ocrx_word' id='word_1_1' title='bbox 945 162 1290 217; x_wconf 11' lang='lat' dir='ltr'>,FaAeMENTA.</span> 
     </span>
    </p>
   </div>
   <div class='ocr_carea' id='block_1_2' title="bbox 93 253 1089 402">
    <p class='ocr_par' dir='ltr' id='par_1_2' title="bbox 93 253 1089 398">
     <span class='ocr_line' id='line_1_2' title="bbox 206 253 926 310; baseline -0.01 -13"><span class='ocrx_word' id='word_1_2' title='bbox 206 258 268 298; x_wconf 79' lang='lat'>18.</span> <span class='ocrx_word' id='word_1_3' title='bbox 284 257 514 310; x_wconf 87' lang='lat' dir='ltr'>(Constantii</span> <span class='ocrx_word' id='word_1_4' title='bbox 533 268 594 294; x_wconf 87' lang='lat' dir='ltr'>an.</span> <span class='ocrx_word' id='word_1_5' title='bbox 614 267 684 300; x_wconf 85' lang='grc'>22;</span> <span class='ocrx_word' id='word_1_6' title='bbox 707 253 783 292; x_wconf 82' lang='grc'>358</span> <span class='ocrx_word' id='word_1_7' title='bbox 802 267 844 305; x_wconf 86' lang='lat' dir='ltr'>p.</span> <span class='ocrx_word' id='word_1_8' title='bbox 861 253 926 305; x_wconf 82' lang='lat' dir='ltr'>C.)</span> 
     </span>
     <span class='ocr_line' id='line_1_3' title="bbox 93 339 1089 402; baseline -0.008 -17"><span class='ocrx_word' id='word_1_9' title='bbox 93 348 194 386; x_wconf 86' lang='lat' dir='ltr'>Ibid.</span> <span class='ocrx_word' id='word_1_10' title='bbox 218 361 257 398; x_wconf 90' lang='lat' dir='ltr'>p.</span> <span class='ocrx_word' id='word_1_11' title='bbox 281 346 362 385; x_wconf 76' lang='lat'>28:</span> <span class='ocrx_word' id='word_1_12' title='bbox 383 341 470 385; x_wconf 66' lang='grc' dir='ltr'>εὈτι</span> <span class='ocrx_word' id='word_1_13' title='bbox 487 344 518 382; x_wconf 81' lang='grc' dir='ltr'>οἱ</span> <span class='ocrx_word' id='word_1_14' title='bbox 546 339 795 402; x_wconf 72' lang='grc' dir='ltr'>βᾶρὸαροιέπὶ</span> <span class='ocrx_word' id='word_1_15' title='bbox 812 340 1005 382; x_wconf 79' lang='grc' dir='ltr'>Ἰουλιανοῧ</span> <span class='ocrx_word' id='word_1_16' title='bbox 1025 355 1089 379; x_wconf 88' lang='grc' dir='ltr'>του</span> 
     </span>
    </p>
   </div>
   <div class='ocr_carea' id='block_1_3' title="bbox 43 394 1100 1392">
    <p class='ocr_par' dir='ltr' id='par_1_3' title="bbox 43 394 1099 1273">
     <span class='ocr_line' id='line_1_4' title="bbox 43 394 1091 458; baseline -0.008 -14"><span class='ocrx_word' id='word_1_17' title='bbox 43 404 250 458; x_wconf 71' lang='grc' dir='ltr'>παραὸάτου</span> <span class='ocrx_word' id='word_1_18' title='bbox 274 402 413 456; x_wconf 79' lang='grc' dir='ltr'>εἰρήνην</span> <span class='ocrx_word' id='word_1_19' title='bbox 433 401 557 452; x_wconf 85' lang='grc' dir='ltr'>ᾔτουν·</span> <span class='ocrx_word' id='word_1_20' title='bbox 580 402 600 439; x_wconf 83' lang='grc' dir='ltr'><strong><em>ὃ</em></strong></span> <span class='ocrx_word' id='word_1_21' title='bbox 622 400 659 439; x_wconf 85' lang='grc' dir='ltr'>δὲ</span> <span class='ocrx_word' id='word_1_22' title='bbox 676 394 778 447; x_wconf 85' lang='grc' dir='ltr'>ἠλθεν</span> <span class='ocrx_word' id='word_1_23' title='bbox 801 400 849 444; x_wconf 87' lang='grc' dir='ltr'>εἷς</span> <span class='ocrx_word' id='word_1_24' title='bbox 872 397 914 437; x_wconf 80' lang='grc' dir='ltr'>τὸ</span> <span class='ocrx_word' id='word_1_25' title='bbox 938 397 1091 438; x_wconf 75' lang='grc' dir='ltr'>σπείσα-</span> 
     </span>
     <span class='ocr_line' id='line_1_5' title="bbox 43 455 1092 513; baseline -0.009 -11"><span class='ocrx_word' id='word_1_26' title='bbox 43 467 124 504; x_wconf 81' lang='grc' dir='ltr'>σθαι</span> <span class='ocrx_word' id='word_1_27' title='bbox 146 463 285 513; x_wconf 79' lang='grc' dir='ltr'>αὖτοῗς,</span> <span class='ocrx_word' id='word_1_28' title='bbox 308 461 367 501; x_wconf 81' lang='grc' dir='ltr'>καὶ</span> <span class='ocrx_word' id='word_1_29' title='bbox 396 459 510 509; x_wconf 82' lang='grc' dir='ltr'>ἐζήτει</span> <span class='ocrx_word' id='word_1_30' title='bbox 527 457 679 511; x_wconf 80' lang='grc' dir='ltr'>ὁμήρους</span> <span class='ocrx_word' id='word_1_31' title='bbox 706 457 840 498; x_wconf 75' lang='grc' dir='ltr'>λαὸεῗν.</span> <span class='ocrx_word' id='word_1_32' title='bbox 865 459 914 498; x_wconf 76' lang='grc' dir='ltr'>Οἵ</span> <span class='ocrx_word' id='word_1_33' title='bbox 939 456 976 495; x_wconf 81' lang='grc' dir='ltr'>δὲ</span> <span class='ocrx_word' id='word_1_34' title='bbox 1004 455 1092 509; x_wconf 85' lang='grc' dir='ltr'>βάρ-</span> 
     </span>
     <span class='ocr_line' id='line_1_6' title="bbox 46 513 1092 576; baseline -0.008 -16"><span class='ocrx_word' id='word_1_35' title='bbox 46 522 149 576; x_wconf 75' lang='grc' dir='ltr'>ὅαροι</span> <span class='ocrx_word' id='word_1_36' title='bbox 178 521 270 560; x_wconf 80' lang='grc' dir='ltr'>πάνυ</span> <span class='ocrx_word' id='word_1_37' title='bbox 297 518 446 564; x_wconf 86' lang='grc' dir='ltr'>πολλους</span> <span class='ocrx_word' id='word_1_38' title='bbox 474 517 592 570; x_wconf 81' lang='grc' dir='ltr'>ἔλεγον</span> <span class='ocrx_word' id='word_1_39' title='bbox 625 516 718 570; x_wconf 85' lang='grc' dir='ltr'>ἔχειν</span> <span class='ocrx_word' id='word_1_40' title='bbox 747 515 868 568; x_wconf 79' lang='grc' dir='ltr'>[αὐτὸν</span> <span class='ocrx_word' id='word_1_41' title='bbox 902 513 1092 567; x_wconf 83' lang='grc' dir='ltr'>αἰχμαλώ-</span> 
     </span>
     <span class='ocr_line' id='line_1_7' title="bbox 45 574 1092 629; baseline -0.008 -11"><span class='ocrx_word' id='word_1_42' title='bbox 45 596 136 625; x_wconf 85' lang='grc' dir='ltr'>τους.</span> <span class='ocrx_word' id='word_1_43' title='bbox 173 579 246 620; x_wconf 82' lang='grc' dir='ltr'>Καὶ</span> <span class='ocrx_word' id='word_1_44' title='bbox 271 581 401 622; x_wconf 81' lang='grc' dir='ltr'>ἐκεῖνος</span> <span class='ocrx_word' id='word_1_45' title='bbox 433 575 645 629; x_wconf 83' lang='grc' dir='ltr'>ἀπεκρίνατο</span> <span class='ocrx_word' id='word_1_46' title='bbox 671 590 812 619; x_wconf 84' lang='grc' dir='ltr'>τουτους</span> <span class='ocrx_word' id='word_1_47' title='bbox 844 574 937 626; x_wconf 80' lang='grc' dir='ltr'>ἔχειν</span> <span class='ocrx_word' id='word_1_48' title='bbox 966 575 1092 624; x_wconf 88' lang='lat' dir='ltr'>suppl.</span> 
     </span>
     <span class='ocr_line' id='line_1_8' title="bbox 44 632 1092 691; baseline -0.009 -13"><span class='ocrx_word' id='word_1_49' title='bbox 44 641 155 679; x_wconf 87' lang='lat' dir='ltr'>Nieb.</span> <span class='ocrx_word' id='word_1_50' title='bbox 158 639 173 691; x_wconf 95' lang='lat'>]</span> <span class='ocrx_word' id='word_1_51' title='bbox 193 637 339 688; x_wconf 81' lang='grc' dir='ltr'>πολέμῳ</span> <span class='ocrx_word' id='word_1_52' title='bbox 352 663 365 685; x_wconf 87' lang='grc'><strong>,</strong></span> <span class='ocrx_word' id='word_1_53' title='bbox 385 636 464 675; x_wconf 85' lang='grc' dir='ltr'>ἀλλ’</span> <span class='ocrx_word' id='word_1_54' title='bbox 478 638 517 675; x_wconf 82' lang='grc' dir='ltr'>οὗ</span> <span class='ocrx_word' id='word_1_55' title='bbox 537 636 623 687; x_wconf 83' lang='grc' dir='ltr'>παρ’</span> <span class='ocrx_word' id='word_1_56' title='bbox 641 634 779 673; x_wconf 82' lang='grc' dir='ltr'>ἐκείνων</span> <span class='ocrx_word' id='word_1_57' title='bbox 797 632 1016 684; x_wconf 81' lang='grc' dir='ltr'>δεδομένους·</span> <span class='ocrx_word' id='word_1_58' title='bbox 1032 634 1092 670; x_wconf 79' lang='grc' dir='ltr'>νῦν</span> 
     </span>
     <span class='ocr_line' id='line_1_9' title="bbox 45 690 1094 749; baseline -0.009 -12"><span class='ocrx_word' id='word_1_59' title='bbox 45 697 83 737; x_wconf 86' lang='grc' dir='ltr'>δὲ</span> <span class='ocrx_word' id='word_1_60' title='bbox 106 699 221 745; x_wconf 86' lang='grc' dir='ltr'>ζητεῖν</span> <span class='ocrx_word' id='word_1_61' title='bbox 250 696 390 749; x_wconf 78' lang='grc' dir='ltr'>εἰρήνης</span> <span class='ocrx_word' id='word_1_62' title='bbox 421 692 587 748; x_wconf 80' lang='grc' dir='ltr'>ἐνέχυρα,</span> <span class='ocrx_word' id='word_1_63' title='bbox 612 690 646 732; x_wconf 80' lang='grc' dir='ltr'>εἴ</span> <span class='ocrx_word' id='word_1_64' title='bbox 665 708 754 735; x_wconf 80' lang='grc' dir='ltr'>τινες</span> <span class='ocrx_word' id='word_1_65' title='bbox 781 696 849 731; x_wconf 84' lang='grc' dir='ltr'>εἷεν</span> <span class='ocrx_word' id='word_1_66' title='bbox 877 691 963 745; x_wconf 80' lang='grc' dir='ltr'>πρὸς</span> <span class='ocrx_word' id='word_1_67' title='bbox 992 703 1094 729; x_wconf 87' lang='grc' dir='ltr'>τουτο</span> 
     </span>
     <span class='ocr_line' id='line_1_10' title="bbox 44 748 1092 809; baseline -0.008 -14"><span class='ocrx_word' id='word_1_68' title='bbox 44 758 132 809; x_wconf 85' lang='grc' dir='ltr'>παρ’</span> <span class='ocrx_word' id='word_1_69' title='bbox 148 757 264 799; x_wconf 78' lang='grc' dir='ltr'>αὐτοῖς</span> <span class='ocrx_word' id='word_1_70' title='bbox 282 754 485 802; x_wconf 81' lang='grc' dir='ltr'>ἐπιτήδειοι.</span> <span class='ocrx_word' id='word_1_71' title='bbox 506 750 673 792; x_wconf 83' lang='grc' dir='ltr'>Ἐκείνων</span> <span class='ocrx_word' id='word_1_72' title='bbox 696 751 732 790; x_wconf 85' lang='grc' dir='ltr'>δὲ</span> <span class='ocrx_word' id='word_1_73' title='bbox 749 750 845 790; x_wconf 74' lang='grc' dir='ltr'>οῦδὲν</span> <span class='ocrx_word' id='word_1_74' title='bbox 864 748 1092 802; x_wconf 82' lang='grc' dir='ltr'>ἀπαρνουμέ-</span> 
     </span>
     <span class='ocr_line' id='line_1_11' title="bbox 44 807 1094 864; baseline -0.009 -10"><span class='ocrx_word' id='word_1_75' title='bbox 44 830 126 864; x_wconf 86' lang='grc' dir='ltr'>νων,</span> <span class='ocrx_word' id='word_1_76' title='bbox 140 814 231 854; x_wconf 85' lang='grc' dir='ltr'>ἀλλὰ</span> <span class='ocrx_word' id='word_1_77' title='bbox 248 812 372 852; x_wconf 84' lang='grc' dir='ltr'>δώσειν</span> <span class='ocrx_word' id='word_1_78' title='bbox 386 810 636 861; x_wconf 80' lang='grc' dir='ltr'>συντιθεμένων</span> <span class='ocrx_word' id='word_1_79' title='bbox 650 810 707 854; x_wconf 82' lang='grc' dir='ltr'>οὒς</span> <span class='ocrx_word' id='word_1_80' title='bbox 718 809 761 848; x_wconf 84' lang='grc' dir='ltr'>ἂν</span> <span class='ocrx_word' id='word_1_81' title='bbox 773 809 876 853; x_wconf 79' lang='grc' dir='ltr'>αὐτὸς</span> <span class='ocrx_word' id='word_1_82' title='bbox 889 807 1094 854; x_wconf 80' lang='grc' dir='ltr'>ἐπιλέξοιτο,</span> 
     </span>
     <span class='ocr_line' id='line_1_12' title="bbox 45 867 1095 924; baseline -0.008 -13"><span class='ocrx_word' id='word_1_83' title='bbox 45 888 104 912; x_wconf 86' lang='grc' dir='ltr'>τον</span> <span class='ocrx_word' id='word_1_84' title='bbox 129 887 188 911; x_wconf 80' lang='grc' dir='ltr'>του</span> <span class='ocrx_word' id='word_1_85' title='bbox 211 869 381 924; x_wconf 79' lang='grc' dir='ltr'>βασιλέως</span> <span class='ocrx_word' id='word_1_86' title='bbox 399 870 472 909; x_wconf 79' lang='grc' dir='ltr'>υἱὸν</span> <span class='ocrx_word' id='word_1_87' title='bbox 500 869 598 916; x_wconf 84' lang='grc' dir='ltr'>ἠξίου</span> <span class='ocrx_word' id='word_1_88' title='bbox 625 867 748 907; x_wconf 71' lang='grc' dir='ltr'>λαὸεῖν</span> <span class='ocrx_word' id='word_1_89' title='bbox 778 870 825 912; x_wconf 83' lang='grc' dir='ltr'>ὡς</span> <span class='ocrx_word' id='word_1_90' title='bbox 851 867 929 906; x_wconf 82' lang='grc' dir='ltr'>ἀντι</span> <span class='ocrx_word' id='word_1_91' title='bbox 954 867 1095 905; x_wconf 82' lang='grc' dir='ltr'>πολλῶν</span> 
     </span>
     <span class='ocr_line' id='line_1_13' title="bbox 49 923 1096 982; baseline -0.007 -13"><span class='ocrx_word' id='word_1_92' title='bbox 49 930 152 981; x_wconf 86' lang='grc' dir='ltr'>μόνον</span> <span class='ocrx_word' id='word_1_93' title='bbox 170 932 365 982; x_wconf 79' lang='grc' dir='ltr'>ἀρκουντα,</span> <span class='ocrx_word' id='word_1_94' title='bbox 381 929 419 967; x_wconf 86' lang='grc' dir='ltr'>ὃν</span> <span class='ocrx_word' id='word_1_95' title='bbox 435 923 528 981; x_wconf 81' lang='grc' dir='ltr'>εἶχεν</span> <span class='ocrx_word' id='word_1_96' title='bbox 546 928 787 980; x_wconf 81' lang='grc' dir='ltr'>αἰχμάλωτον.</span> <span class='ocrx_word' id='word_1_97' title='bbox 807 928 854 967; x_wconf 92' lang='grc' dir='ltr'>Οι</span> <span class='ocrx_word' id='word_1_98' title='bbox 871 924 909 964; x_wconf 82' lang='grc' dir='ltr'>δὲ</span> <span class='ocrx_word' id='word_1_99' title='bbox 924 924 1096 979; x_wconf 76' lang='grc' dir='ltr'>βάρὸαροι</span> 
     </span>
     <span class='ocr_line' id='line_1_14' title="bbox 46 984 1096 1039; baseline -0.005 -12"><span class='ocrx_word' id='word_1_100' title='bbox 46 989 115 1036; x_wconf 82' lang='grc' dir='ltr'>ἤδη</span> <span class='ocrx_word' id='word_1_101' title='bbox 134 988 296 1028; x_wconf 79' lang='grc' dir='ltr'>τεθνάναι</span> <span class='ocrx_word' id='word_1_102' title='bbox 323 987 428 1026; x_wconf 80' lang='grc' dir='ltr'>αὐτὸν</span> <span class='ocrx_word' id='word_1_103' title='bbox 447 986 776 1036; x_wconf 71' lang='grc' dir='ltr'>ὑπολαμὸάνοντες,</span> <span class='ocrx_word' id='word_1_104' title='bbox 808 984 899 1036; x_wconf 79' lang='grc' dir='ltr'>μετὰ</span> <span class='ocrx_word' id='word_1_105' title='bbox 916 988 977 1023; x_wconf 74' lang='grc' dir='ltr'>τοῦ</span> <span class='ocrx_word' id='word_1_106' title='bbox 998 986 1096 1039; x_wconf 68' lang='grc' dir='ltr'>σφῶν</span> 
     </span>
     <span class='ocr_line' id='line_1_15' title="bbox 50 1043 1096 1100; baseline -0.004 -15"><span class='ocrx_word' id='word_1_107' title='bbox 50 1045 223 1100; x_wconf 83' lang='grc' dir='ltr'>βασιλέως</span> <span class='ocrx_word' id='word_1_108' title='bbox 252 1044 453 1098; x_wconf 82' lang='grc' dir='ltr'>ὀδυρόμενοί</span> <span class='ocrx_word' id='word_1_109' title='bbox 484 1059 523 1084; x_wconf 81' lang='grc' dir='ltr'>τε</span> <span class='ocrx_word' id='word_1_110' title='bbox 554 1045 616 1084; x_wconf 84' lang='grc' dir='ltr'>καὶ</span> <span class='ocrx_word' id='word_1_111' title='bbox 649 1044 843 1092; x_wconf 81' lang='grc' dir='ltr'>στένοντες,</span> <span class='ocrx_word' id='word_1_112' title='bbox 872 1043 1007 1082; x_wconf 82' lang='grc' dir='ltr'>ἐδέοντο</span> <span class='ocrx_word' id='word_1_113' title='bbox 1036 1059 1096 1081; x_wconf 85' lang='grc' dir='ltr'>του</span> 
     </span>
     <span class='ocr_line' id='line_1_16' title="bbox 50 1102 1097 1158; baseline -0.005 -13"><span class='ocrx_word' id='word_1_114' title='bbox 50 1106 230 1158; x_wconf 82' lang='grc' dir='ltr'>Καίσαρος</span> <span class='ocrx_word' id='word_1_115' title='bbox 250 1105 405 1144; x_wconf 82' lang='grc' dir='ltr'>ἀδύνατα</span> <span class='ocrx_word' id='word_1_116' title='bbox 435 1103 485 1155; x_wconf 86' lang='grc' dir='ltr'>μὴ</span> <span class='ocrx_word' id='word_1_117' title='bbox 514 1106 646 1154; x_wconf 86' lang='grc' dir='ltr'>ζητεῖν,</span> <span class='ocrx_word' id='word_1_118' title='bbox 675 1105 892 1142; x_wconf 83' lang='grc' dir='ltr'>ἀπαιτουντα</span> <span class='ocrx_word' id='word_1_119' title='bbox 920 1102 1000 1147; x_wconf 83' lang='grc' dir='ltr'>τους</span> <span class='ocrx_word' id='word_1_120' title='bbox 1028 1102 1097 1150; x_wconf 86' lang='grc' dir='ltr'>ἤδη</span> 
     </span>
     <span class='ocr_line' id='line_1_17' title="bbox 47 1162 1099 1216; baseline -0.002 -15"><span class='ocrx_word' id='word_1_121' title='bbox 47 1167 264 1208; x_wconf 74' lang='grc' dir='ltr'>τεθνει)τας’</span> <span class='ocrx_word' id='word_1_122' title='bbox 251 1164 421 1216; x_wconf 83' lang='grc' dir='ltr'>ομηρους·</span> <span class='ocrx_word' id='word_1_123' title='bbox 440 1166 542 1202; x_wconf 79' lang='grc' dir='ltr'>τοῦτο</span> <span class='ocrx_word' id='word_1_124' title='bbox 557 1163 594 1201; x_wconf 81' lang='grc' dir='ltr'>δὲ</span> <span class='ocrx_word' id='word_1_125' title='bbox 609 1162 797 1215; x_wconf 81' lang='grc' dir='ltr'>τεκμήριον</span> <span class='ocrx_word' id='word_1_126' title='bbox 811 1166 900 1201; x_wconf 75' lang='grc' dir='ltr'>εἶναι</span> <span class='ocrx_word' id='word_1_127' title='bbox 914 1165 974 1200; x_wconf 77' lang='grc' dir='ltr'>τοῦ</span> <span class='ocrx_word' id='word_1_128' title='bbox 992 1175 1099 1200; x_wconf 85' lang='grc' dir='ltr'>σπον·</span> 
     </span>
     <span class='ocr_line' id='line_1_18' title="bbox 49 1221 776 1273; baseline -0.001 -13"><span class='ocrx_word' id='word_1_129' title='bbox 49 1221 110 1266; x_wconf 86' lang='grc' dir='ltr'>δὰς</span> <span class='ocrx_word' id='word_1_130' title='bbox 129 1223 231 1261; x_wconf 81' lang='grc' dir='ltr'>αὐτὸν</span> <span class='ocrx_word' id='word_1_131' title='bbox 253 1222 302 1273; x_wconf 80' lang='grc' dir='ltr'>μὴ</span> <span class='ocrx_word' id='word_1_132' title='bbox 320 1222 446 1261; x_wconf 84' lang='grc' dir='ltr'>ἐθέλειν</span> <span class='ocrx_word' id='word_1_133' title='bbox 465 1222 694 1269; x_wconf 79' lang='grc' dir='ltr'>ποιήσασθαι.</span> <span class='ocrx_word' id='word_1_134' title='bbox 773 1260 776 1263; x_wconf 79' lang='grc'>,</span> 
     </span>
    </p>

    <p class='ocr_par' dir='ltr' id='par_1_4' title="bbox 49 1277 1100 1392">
     <span class='ocr_line' id='line_1_19' title="bbox 102 1277 1100 1331; baseline -0.004 -12"><span class='ocrx_word' id='word_1_135' title='bbox 102 1283 305 1319; x_wconf 87' lang='lat' dir='ltr'>Diductius</span> <span class='ocrx_word' id='word_1_136' title='bbox 331 1283 410 1319; x_wconf 78' lang='lat' dir='ltr'>haec</span> <span class='ocrx_word' id='word_1_137' title='bbox 428 1289 561 1318; x_wconf 89' lang='lat' dir='ltr'>narrat</span> <span class='ocrx_word' id='word_1_138' title='bbox 578 1281 774 1330; x_wconf 88' lang='lat' dir='ltr'>Eunapius</span> <span class='ocrx_word' id='word_1_139' title='bbox 794 1278 864 1329; x_wconf 80' lang='lat' dir='ltr'>(fr.</span> <span class='ocrx_word' id='word_1_140' title='bbox 898 1277 961 1331; x_wconf 80' lang='grc'>2),</span> <span class='ocrx_word' id='word_1_141' title='bbox 986 1291 1100 1327; x_wconf 83' lang='lat' dir='ltr'>quem</span> 
     </span>
     <span class='ocr_line' id='line_1_20' title="bbox 49 1340 815 1392; baseline -0.004 -14"><span class='ocrx_word' id='word_1_142' title='bbox 49 1343 288 1392; x_wconf 83' lang='lat' dir='ltr'>exscripsisse</span> <span class='ocrx_word' id='word_1_143' title='bbox 304 1341 456 1378; x_wconf 86' lang='lat' dir='ltr'>videtur</span> <span class='ocrx_word' id='word_1_144' title='bbox 470 1341 603 1378; x_wconf 89' lang='lat' dir='ltr'>Petrus</span> <span class='ocrx_word' id='word_1_145' title='bbox 618 1340 815 1377; x_wconf 83' lang='lat' dir='ltr'>Patricius.</span> 
     </span>
    </p>
   </div>
   <div class='ocr_carea' id='block_1_4' title="bbox 441 1466 685 1482">
    <p class='ocr_par' dir='ltr' id='par_1_5' title="bbox 441 1466 685 1482">
     <span class='ocr_line' id='line_1_21' title="bbox 441 1466 685 1482; baseline -0.012 0"><span class='ocrx_word' id='word_1_146' title='bbox 441 1466 685 1482; x_wconf 49' lang='lat' dir='ltr'>w—</span> 
     </span>
    </p>
   </div>
   <div class='ocr_carea' id='block_1_5' title="bbox 359 1583 792 1653">
    <p class='ocr_par' dir='ltr' id='par_1_6' title="bbox 359 1583 792 1653">
     <span class='ocr_line' id='line_1_22' title="bbox 359 1583 792 1653; baseline -0.002 -12"><span class='ocrx_word' id='word_1_147' title='bbox 359 1583 792 1653; x_wconf 87' lang='lat' dir='ltr'>ANONYMUS,</span> 
     </span>
    </p>
   </div>
   <div class='ocr_carea' id='block_1_6' title="bbox 47 1710 1104 1808">
    <p class='ocr_par' dir='ltr' id='par_1_7' title="bbox 47 1710 1104 1808">
     <span class='ocr_line' id='line_1_23' title="bbox 47 1710 1104 1757; baseline 0 -10"><span class='ocrx_word' id='word_1_148' title='bbox 47 1711 134 1757; x_wconf 83' lang='lat' dir='ltr'>QUI</span> <span class='ocrx_word' id='word_1_149' title='bbox 160 1710 323 1748; x_wconf 87' lang='lat' dir='ltr'>DIONIS</span> <span class='ocrx_word' id='word_1_150' title='bbox 353 1710 504 1749; x_wconf 88' lang='lat' dir='ltr'>CASSIl</span> <span class='ocrx_word' id='word_1_151' title='bbox 535 1710 800 1748; x_wconf 81' lang='lat' dir='ltr'>HISTORIAS</span> <span class='ocrx_word' id='word_1_152' title='bbox 831 1710 1104 1748; x_wconf 86' lang='lat' dir='ltr'>CONTINUA-</span> 
     </span>
     <span class='ocr_line' id='line_1_24' title="bbox 526 1772 622 1808; baseline -0.01 0"><span class='ocrx_word' id='word_1_153' title='bbox 526 1772 622 1808; x_wconf 89' lang='lat' dir='ltr'>VIT.</span> 
     </span>
    </p>
   </div>
   <div class='ocr_carea' id='block_1_7' title="bbox 40 1894 1109 2946">
    <p class='ocr_par' dir='ltr' id='par_1_8' title="bbox 55 1894 1109 2875">
     <span class='ocr_line' id='line_1_25' title="bbox 106 1894 1103 1947; baseline -0.003 -11"><span class='ocrx_word' id='word_1_154' title='bbox 106 1900 219 1937; x_wconf 91' lang='lat' dir='ltr'>Petro</span> <span class='ocrx_word' id='word_1_155' title='bbox 238 1898 405 1936; x_wconf 90' lang='lat' dir='ltr'>Patricio</span> <span class='ocrx_word' id='word_1_156' title='bbox 433 1895 632 1935; x_wconf 85' lang='lat' dir='ltr'>subtexere</span> <span class='ocrx_word' id='word_1_157' title='bbox 651 1895 800 1947; x_wconf 82' lang='lat' dir='ltr'>placuit</span> <span class='ocrx_word' id='word_1_158' title='bbox 830 1894 879 1934; x_wconf 83' lang='lat' dir='ltr'>de</span> <span class='ocrx_word' id='word_1_159' title='bbox 905 1897 1103 1934; x_wconf 76' lang='lat' dir='ltr'>sententiis</span> 
     </span>
     <span class='ocr_line' id='line_1_26' title="bbox 55 1956 1105 2007; baseline -0.002 -13"><span class='ocrx_word' id='word_1_160' title='bbox 55 1965 258 2007; x_wconf 86' lang='lat' dir='ltr'>excerpta,</span> <span class='ocrx_word' id='word_1_161' title='bbox 288 1969 371 2005; x_wconf 89' lang='lat' dir='ltr'>quae</span> <span class='ocrx_word' id='word_1_162' title='bbox 397 1957 439 1993; x_wconf 90' lang='lat' dir='ltr'>in</span> <span class='ocrx_word' id='word_1_163' title='bbox 467 1956 716 2004; x_wconf 89' lang='lat' dir='ltr'>Palimpsesto</span> <span class='ocrx_word' id='word_1_164' title='bbox 752 1956 936 1992; x_wconf 87' lang='lat' dir='ltr'>Vaticano</span> <span class='ocrx_word' id='word_1_165' title='bbox 960 1957 1105 2004; x_wconf 84' lang='lat' dir='ltr'>eclogis</span> 
     </span>
     <span class='ocr_line' id='line_1_27' title="bbox 56 2014 1108 2064; baseline -0.002 -11"><span class='ocrx_word' id='word_1_166' title='bbox 56 2018 189 2053; x_wconf 90' lang='lat' dir='ltr'>Dionis</span> <span class='ocrx_word' id='word_1_167' title='bbox 215 2016 330 2053; x_wconf 88' lang='lat' dir='ltr'>Cassii</span> <span class='ocrx_word' id='word_1_168' title='bbox 357 2015 618 2064; x_wconf 84' lang='lat' dir='ltr'>adjunguntur</span> <span class='ocrx_word' id='word_1_169' title='bbox 644 2014 753 2051; x_wconf 87' lang='lat' dir='ltr'>nullo</span> <span class='ocrx_word' id='word_1_170' title='bbox 773 2014 1029 2051; x_wconf 86' lang='lat' dir='ltr'>distinctionis</span> <span class='ocrx_word' id='word_1_171' title='bbox 1051 2016 1108 2051; x_wconf 91' lang='lat' dir='ltr'>in·</span> 
     </span>
     <span class='ocr_line' id='line_1_28' title="bbox 55 2073 1107 2124; baseline -0.002 -12"><span class='ocrx_word' id='word_1_172' title='bbox 55 2076 239 2124; x_wconf 89' lang='lat' dir='ltr'>terposito</span> <span class='ocrx_word' id='word_1_173' title='bbox 263 2074 421 2112; x_wconf 89' lang='lat' dir='ltr'>indicio.</span> <span class='ocrx_word' id='word_1_174' title='bbox 448 2074 598 2110; x_wconf 85' lang='lat' dir='ltr'><strong>Etenim</strong></span> <span class='ocrx_word' id='word_1_175' title='bbox 619 2074 695 2110; x_wconf 91' lang='lat' dir='ltr'>Dio</span> <span class='ocrx_word' id='word_1_176' title='bbox 718 2073 862 2110; x_wconf 83' lang='lat' dir='ltr'>Cassius</span> <span class='ocrx_word' id='word_1_177' title='bbox 882 2073 988 2110; x_wconf 91' lang='lat' dir='ltr'>haud</span> <span class='ocrx_word' id='word_1_178' title='bbox 1005 2074 1107 2110; x_wconf 87' lang='lat' dir='ltr'>ultra</span> 
     </span>
     <span class='ocr_line' id='line_1_29' title="bbox 57 2131 1103 2182; baseline -0.001 -14"><span class='ocrx_word' id='word_1_179' title='bbox 57 2132 262 2169; x_wconf 80' lang='lat' dir='ltr'>Alexandri</span> <span class='ocrx_word' id='word_1_180' title='bbox 290 2132 420 2169; x_wconf 83' lang='lat' dir='ltr'>Severi</span> <span class='ocrx_word' id='word_1_181' title='bbox 448 2143 592 2167; x_wconf 87' lang='lat' dir='ltr'>annum</span> <span class='ocrx_word' id='word_1_182' title='bbox 623 2138 803 2168; x_wconf 87' lang='lat' dir='ltr'>octavum</span> <span class='ocrx_word' id='word_1_183' title='bbox 833 2131 934 2180; x_wconf 83' lang='lat'>(229</span> <span class='ocrx_word' id='word_1_184' title='bbox 960 2143 1003 2181; x_wconf 85' lang='lat' dir='ltr'>p.</span> <span class='ocrx_word' id='word_1_185' title='bbox 1034 2131 1103 2182; x_wconf 88' lang='lat' dir='ltr'>C.)</span> 
     </span>
     <span class='ocr_line' id='line_1_30' title="bbox 56 2189 1108 2240; baseline 0 -13"><span class='ocrx_word' id='word_1_186' title='bbox 56 2192 232 2228; x_wconf 87' lang='lat' dir='ltr'>historias</span> <span class='ocrx_word' id='word_1_187' title='bbox 256 2201 341 2228; x_wconf 89' lang='lat' dir='ltr'>suas</span> <span class='ocrx_word' id='word_1_188' title='bbox 371 2189 548 2236; x_wconf 88' lang='lat' dir='ltr'>deduxit,</span> <span class='ocrx_word' id='word_1_189' title='bbox 569 2190 629 2226; x_wconf 91' lang='lat' dir='ltr'>uti</span> <span class='ocrx_word' id='word_1_190' title='bbox 659 2196 820 2228; x_wconf 86' lang='lat' dir='ltr'>constat.</span> <span class='ocrx_word' id='word_1_191' title='bbox 848 2192 900 2227; x_wconf 88' lang='lat' dir='ltr'>At</span> <span class='ocrx_word' id='word_1_192' title='bbox 919 2191 1108 2240; x_wconf 86' lang='lat' dir='ltr'>Excerpta</span> 
     </span>
     <span class='ocr_line' id='line_1_31' title="bbox 58 2247 1106 2299; baseline 0 -13"><span class='ocrx_word' id='word_1_193' title='bbox 58 2250 236 2287; x_wconf 85' lang='lat' dir='ltr'>Vaticana</span> <span class='ocrx_word' id='word_1_194' title='bbox 244 2256 409 2299; x_wconf 83' lang='lat' dir='ltr'>pergunt</span> <span class='ocrx_word' id='word_1_195' title='bbox 418 2260 537 2297; x_wconf 86' lang='lat' dir='ltr'>usque</span> <span class='ocrx_word' id='word_1_196' title='bbox 549 2247 600 2285; x_wconf 89' lang='lat' dir='ltr'>ad</span> <span class='ocrx_word' id='word_1_197' title='bbox 610 2247 902 2286; x_wconf 89' lang='lat' dir='ltr'>Constantinum</span> <span class='ocrx_word' id='word_1_198' title='bbox 914 2248 1106 2298; x_wconf 85' lang='lat' dir='ltr'>Magnum.</span> 
     </span>
     <span class='ocr_line' id='line_1_32' title="bbox 61 2306 1107 2359; baseline 0.002 -17"><span class='ocrx_word' id='word_1_199' title='bbox 61 2325 80 2342; x_wconf 61' lang='grc' dir='ltr'>οι</span> <span class='ocrx_word' id='word_1_200' title='bbox 109 2310 174 2345; x_wconf 83' lang='lat' dir='ltr'>Est</span> <span class='ocrx_word' id='word_1_201' title='bbox 192 2320 284 2357; x_wconf 86' lang='lat' dir='ltr'>ergo</span> <span class='ocrx_word' id='word_1_202' title='bbox 298 2334 310 2353; x_wconf 92' lang='lat'>,</span> <span class='ocrx_word' id='word_1_203' title='bbox 331 2308 455 2344; x_wconf 88' lang='lat' dir='ltr'>Maius</span> <span class='ocrx_word' id='word_1_204' title='bbox 474 2306 542 2359; x_wconf 87' lang='lat' dir='ltr'>(p.</span> <span class='ocrx_word' id='word_1_205' title='bbox 559 2308 682 2356; x_wconf 80' lang='lat' dir='ltr'>xxw)</span> <span class='ocrx_word' id='word_1_206' title='bbox 704 2308 777 2352; x_wconf 90' lang='lat' dir='ltr'>ait,</span> <span class='ocrx_word' id='word_1_207' title='bbox 805 2307 886 2343; x_wconf 89' lang='lat' dir='ltr'>haec</span> <span class='ocrx_word' id='word_1_208' title='bbox 914 2308 1107 2356; x_wconf 78' lang='lat' dir='ltr'>Anonymi</span> 
     </span>
     <span class='ocr_line' id='line_1_33' title="bbox 58 2366 1108 2415; baseline -0.002 -10"><span class='ocrx_word' id='word_1_209' title='bbox 58 2368 311 2413; x_wconf 88' lang='lat' dir='ltr'>continuatio,</span> <span class='ocrx_word' id='word_1_210' title='bbox 335 2379 454 2415; x_wconf 88' lang='lat' dir='ltr'>quam</span> <span class='ocrx_word' id='word_1_211' title='bbox 475 2366 730 2404; x_wconf 75' lang='lat' dir='ltr'>Christianum</span> <span class='ocrx_word' id='word_1_212' title='bbox 747 2366 891 2402; x_wconf 90' lang='lat' dir='ltr'>habere</span> <span class='ocrx_word' id='word_1_213' title='bbox 911 2374 1108 2405; x_wconf 90' lang='lat' dir='ltr'>auctorem</span> 
     </span>
     <span class='ocr_line' id='line_1_34' title="bbox 58 2423 1108 2476; baseline -0.004 -12"><span class='ocrx_word' id='word_1_214' title='bbox 58 2438 105 2464; x_wconf 89' lang='lat' dir='ltr'>ex</span> <span class='ocrx_word' id='word_1_215' title='bbox 120 2438 209 2476; x_wconf 82' lang='lat' dir='ltr'>pag.</span> <span class='ocrx_word' id='word_1_216' title='bbox 231 2429 308 2469; x_wconf 84' lang='grc'>244</span> <span class='ocrx_word' id='word_1_217' title='bbox 325 2424 391 2474; x_wconf 85' lang='lat' dir='ltr'>(fr.</span> <span class='ocrx_word' id='word_1_218' title='bbox 419 2424 486 2471; x_wconf 81' lang='lat'>13,</span> <span class='ocrx_word' id='word_1_219' title='bbox 506 2423 530 2475; x_wconf 67' lang='lat' dir='ltr'>S</span> <span class='ocrx_word' id='word_1_220' title='bbox 553 2423 594 2475; x_wconf 86' lang='lat'>1)</span> <span class='ocrx_word' id='word_1_221' title='bbox 616 2425 894 2474; x_wconf 68' lang='lat' dir='ltr'>cognoscimus,</span> <span class='ocrx_word' id='word_1_222' title='bbox 916 2424 991 2462; x_wconf 90' lang='lat' dir='ltr'>Sed</span> <span class='ocrx_word' id='word_1_223' title='bbox 1005 2426 1108 2462; x_wconf 88' lang='lat' dir='ltr'>enim</span> 
     </span>
     <span class='ocr_line' id='line_1_35' title="bbox 59 2483 1107 2533; baseline -0.001 -12"><span class='ocrx_word' id='word_1_224' title='bbox 59 2485 122 2521; x_wconf 87' lang='lat' dir='ltr'>vix</span> <span class='ocrx_word' id='word_1_225' title='bbox 138 2484 300 2533; x_wconf 86' lang='lat' dir='ltr'>inceptis</span> <span class='ocrx_word' id='word_1_226' title='bbox 325 2483 564 2521; x_wconf 86' lang='lat' dir='ltr'>Constantini</span> <span class='ocrx_word' id='word_1_227' title='bbox 590 2484 726 2529; x_wconf 87' lang='lat' dir='ltr'>rebus,</span> <span class='ocrx_word' id='word_1_228' title='bbox 749 2483 984 2532; x_wconf 88' lang='lat' dir='ltr'>palimpsesti</span> <span class='ocrx_word' id='word_1_229' title='bbox 1001 2484 1107 2520; x_wconf 90' lang='lat' dir='ltr'>Vati-</span> 
     </span>
     <span class='ocr_line' id='line_1_36' title="bbox 60 2541 1107 2591; baseline 0 -11"><span class='ocrx_word' id='word_1_230' title='bbox 60 2544 144 2580; x_wconf 87' lang='lat' dir='ltr'>cani</span> <span class='ocrx_word' id='word_1_231' title='bbox 158 2543 250 2579; x_wconf 86' lang='lat' dir='ltr'>folia</span> <span class='ocrx_word' id='word_1_232' title='bbox 269 2541 466 2587; x_wconf 84' lang='lat' dir='ltr'>deficiunt,</span> <span class='ocrx_word' id='word_1_233' title='bbox 485 2543 651 2591; x_wconf 87' lang='lat' dir='ltr'>ideoque</span> <span class='ocrx_word' id='word_1_234' title='bbox 667 2549 852 2591; x_wconf 88' lang='lat' dir='ltr'>quatenus</span> <span class='ocrx_word' id='word_1_235' title='bbox 867 2543 1107 2580; x_wconf 87' lang='lat' dir='ltr'>continuatio</span> 
     </span>
     <span class='ocr_line' id='line_1_37' title="bbox 60 2600 1109 2652; baseline 0 -13"><span class='ocrx_word' id='word_1_236' title='bbox 60 2603 303 2652; x_wconf 86' lang='lat' dir='ltr'>processerit,</span> <span class='ocrx_word' id='word_1_237' title='bbox 348 2600 580 2650; x_wconf 84' lang='lat' dir='ltr'>ignoramus.</span> <span class='ocrx_word' id='word_1_238' title='bbox 620 2602 720 2649; x_wconf 91' lang='lat' dir='ltr'>Quia</span> <span class='ocrx_word' id='word_1_239' title='bbox 754 2609 883 2639; x_wconf 88' lang='lat' dir='ltr'>tamen</span> <span class='ocrx_word' id='word_1_240' title='bbox 924 2602 1109 2640; x_wconf 85' lang='lat' dir='ltr'>Planudes</span> 
     </span>
     <span class='ocr_line' id='line_1_38' title="bbox 60 2652 1108 2711; baseline 0.002 -15"><span class='ocrx_word' id='word_1_241' title='bbox 60 2672 214 2709; x_wconf 89' lang='lat' dir='ltr'>quoque</span> <span class='ocrx_word' id='word_1_242' title='bbox 237 2661 371 2697; x_wconf 92' lang='lat' dir='ltr'>Dionis</span> <span class='ocrx_word' id='word_1_243' title='bbox 391 2661 620 2709; x_wconf 85' lang='lat' dir='ltr'>eclogarius‚</span> <span class='ocrx_word' id='word_1_244' title='bbox 642 2667 686 2696; x_wconf 90' lang='lat' dir='ltr'>ut</span> <span class='ocrx_word' id='word_1_245' title='bbox 702 2667 835 2710; x_wconf 87' lang='lat' dir='ltr'>postea</span> <span class='ocrx_word' id='word_1_246' title='bbox 864 2652 1014 2710; x_wconf 55' lang='lat' dir='ltr'>dicam&#39;,</span> <span class='ocrx_word' id='word_1_247' title='bbox 1040 2673 1108 2711; x_wconf 86' lang='lat' dir='ltr'>ap-</span> 
     </span>
     <span class='ocr_line' id='line_1_39' title="bbox 62 2719 1108 2768; baseline 0.003 -13"><span class='ocrx_word' id='word_1_248' title='bbox 62 2720 263 2768; x_wconf 89' lang='lat' dir='ltr'>pendicem</span> <span class='ocrx_word' id='word_1_249' title='bbox 289 2720 397 2755; x_wconf 90' lang='lat' dir='ltr'>illum</span> <span class='ocrx_word' id='word_1_250' title='bbox 422 2720 554 2764; x_wconf 86' lang='lat' dir='ltr'>novit,</span> <span class='ocrx_word' id='word_1_251' title='bbox 584 2719 693 2767; x_wconf 90' lang='lat' dir='ltr'>isque</span> <span class='ocrx_word' id='word_1_252' title='bbox 726 2721 767 2755; x_wconf 89' lang='lat' dir='ltr'>in</span> <span class='ocrx_word' id='word_1_253' title='bbox 794 2719 908 2756; x_wconf 90' lang='lat' dir='ltr'>rebus</span> <span class='ocrx_word' id='word_1_254' title='bbox 938 2721 1108 2758; x_wconf 86' lang='lat' dir='ltr'>Gratiani</span> 
     </span>
     <span class='ocr_line' id='line_1_40' title="bbox 62 2777 1109 2828; baseline 0.003 -15"><span class='ocrx_word' id='word_1_255' title='bbox 62 2777 192 2823; x_wconf 89' lang='lat' dir='ltr'>desiit,</span> <span class='ocrx_word' id='word_1_256' title='bbox 207 2778 306 2814; x_wconf 86' lang='lat' dir='ltr'>banc</span> <span class='ocrx_word' id='word_1_257' title='bbox 328 2777 438 2815; x_wconf 85' lang='lat' dir='ltr'>fuisse</span> <span class='ocrx_word' id='word_1_258' title='bbox 459 2777 684 2827; x_wconf 85' lang='lat' dir='ltr'>appendicis</span> <span class='ocrx_word' id='word_1_259' title='bbox 702 2785 843 2815; x_wconf 90' lang='lat' dir='ltr'>metam</span> <span class='ocrx_word' id='word_1_260' title='bbox 860 2785 975 2827; x_wconf 88' lang='lat' dir='ltr'>atque</span> <span class='ocrx_word' id='word_1_261' title='bbox 994 2780 1109 2828; x_wconf 88' lang='lat' dir='ltr'>ipsius</span> 
     </span>
     <span class='ocr_line' id='line_1_41' title="bbox 63 2837 1109 2875; baseline 0.002 -3"><span class='ocrx_word' id='word_1_262' title='bbox 63 2837 230 2873; x_wconf 86' lang='lat' dir='ltr'>auctoris</span> <span class='ocrx_word' id='word_1_263' title='bbox 264 2843 412 2873; x_wconf 80' lang='lat' dir='ltr'>aetatem</span> <span class='ocrx_word' id='word_1_264' title='bbox 444 2837 600 2873; x_wconf 89' lang='lat' dir='ltr'>credere</span> <span class='ocrx_word' id='word_1_265' title='bbox 631 2837 734 2874; x_wconf 90' lang='lat' dir='ltr'>licet.</span> <span class='ocrx_word' id='word_1_266' title='bbox 783 2853 799 2869; x_wconf 88' lang='lat'>»</span> <span class='ocrx_word' id='word_1_267' title='bbox 837 2837 945 2873; x_wconf 84' lang='lat' dir='ltr'>Idem</span> <span class='ocrx_word' id='word_1_268' title='bbox 986 2838 1109 2875; x_wconf 88' lang='lat' dir='ltr'>Maius</span> 
     </span>
    </p>

    <p class='ocr_par' dir='ltr' id='par_1_9' title="bbox 40 2893 1106 2946">
     <span class='ocr_line' id='line_1_42' title="bbox 40 2893 1106 2946; baseline 0.001 -14"><span class='ocrx_word' id='word_1_269' title='bbox 40 2906 43 2912; x_wconf 60' lang='lat'>¹</span> <span class='ocrx_word' id='word_1_270' title='bbox 65 2894 129 2944; x_wconf 83' lang='lat' dir='ltr'>(p&#39;.</span> <span class='ocrx_word' id='word_1_271' title='bbox 150 2893 245 2945; x_wconf 77' lang='lat'><strong>234)</strong></span> <span class='ocrx_word' id='word_1_272' title='bbox 265 2894 311 2931; x_wconf 91' lang='lat' dir='ltr'>de</span> <span class='ocrx_word' id='word_1_273' title='bbox 325 2903 479 2931; x_wconf 88' lang='lat' dir='ltr'>auctore</span> <span class='ocrx_word' id='word_1_274' title='bbox 491 2893 605 2942; x_wconf 88' lang='lat' dir='ltr'>hujus</span> <span class='ocrx_word' id='word_1_275' title='bbox 623 2896 920 2932; x_wconf 84' lang='lat' dir='ltr'>continuationis</span> <span class='ocrx_word' id='word_1_276' title='bbox 941 2909 949 2931; x_wconf 89' lang='lat'>:</span> <span class='ocrx_word' id='word_1_277' title='bbox 971 2911 987 2929; x_wconf 66' lang='grc' dir='ltr'><strong><em>α</em></strong></span> <span class='ocrx_word' id='word_1_278' title='bbox 1009 2898 1106 2946; x_wconf 81' lang='lat' dir='ltr'>Ego,</span> 
     </span>
    </p>
   </div>
   <div class='ocr_carea' id='block_1_8' title="bbox 67 3008 1114 3416">
    <p class='ocr_par' dir='ltr' id='par_1_10' title="bbox 560 3008 618 3041">
     <span class='ocr_line' id='line_1_43' title="bbox 560 3008 618 3041; baseline 0.017 -1"><span class='ocrx_word' id='word_1_279' title='bbox 560 3008 618 3041; x_wconf 88' lang='lat'>18.</span> 
     </span>
    </p>

    <p class='ocr_par' dir='ltr' id='par_1_11' title="bbox 67 3062 1114 3416">
     <span class='ocr_line' id='line_1_44' title="bbox 106 3062 1114 3104; baseline 0 -9"><span class='ocrx_word' id='word_1_280' title='bbox 106 3062 239 3095; x_wconf 85' lang='lat' dir='ltr'>Barbari</span> <span class='ocrx_word' id='word_1_281' title='bbox 255 3062 325 3103; x_wconf 89' lang='lat' dir='ltr'>(sc.</span> <span class='ocrx_word' id='word_1_282' title='bbox 343 3062 510 3096; x_wconf 77' lang='lat' dir='ltr'>Chamavi</span> <span class='ocrx_word' id='word_1_283' title='bbox 522 3063 534 3103; x_wconf 93' lang='lat'><em>)</em></span> <span class='ocrx_word' id='word_1_284' title='bbox 546 3062 607 3096; x_wconf 87' lang='lat' dir='ltr'>sub</span> <span class='ocrx_word' id='word_1_285' title='bbox 624 3063 753 3096; x_wconf 87' lang='lat' dir='ltr'>Juliano</span> <span class='ocrx_word' id='word_1_286' title='bbox 768 3064 919 3104; x_wconf 80' lang='lat' dir='ltr'>Apostata</span> <span class='ocrx_word' id='word_1_287' title='bbox 933 3071 1045 3104; x_wconf 86' lang='lat' dir='ltr'>pacem</span> <span class='ocrx_word' id='word_1_288' title='bbox 1061 3071 1114 3104; x_wconf 89' lang='lat' dir='ltr'>pe·</span> 
     </span>
     <span class='ocr_line' id='line_1_45' title="bbox 67 3114 1114 3156; baseline 0.001 -10"><span class='ocrx_word' id='word_1_289' title='bbox 67 3114 205 3155; x_wconf 76' lang='lat' dir='ltr'>tierunt3</span> <span class='ocrx_word' id='word_1_290' title='bbox 220 3115 275 3147; x_wconf 92' lang='lat' dir='ltr'>ille</span> <span class='ocrx_word' id='word_1_291' title='bbox 286 3123 364 3147; x_wconf 85' lang='lat' dir='ltr'>vero</span> <span class='ocrx_word' id='word_1_292' title='bbox 379 3114 542 3155; x_wconf 81' lang='lat' dir='ltr'>profectus</span> <span class='ocrx_word' id='word_1_293' title='bbox 557 3116 623 3156; x_wconf 89' lang='lat' dir='ltr'>est,</span> <span class='ocrx_word' id='word_1_294' title='bbox 637 3116 675 3147; x_wconf 90' lang='lat' dir='ltr'>ut</span> <span class='ocrx_word' id='word_1_295' title='bbox 688 3124 764 3148; x_wconf 90' lang='lat' dir='ltr'>cum</span> <span class='ocrx_word' id='word_1_296' title='bbox 780 3115 842 3147; x_wconf 88' lang='lat' dir='ltr'>illis</span> <span class='ocrx_word' id='word_1_297' title='bbox 857 3115 1066 3156; x_wconf 83' lang='lat' dir='ltr'>transigeret,</span> <span class='ocrx_word' id='word_1_298' title='bbox 1082 3116 1114 3148; x_wconf 87' lang='lat' dir='ltr'>et</span> 
     </span>
     <span class='ocr_line' id='line_1_46' title="bbox 67 3167 1112 3209; baseline 0.001 -10"><span class='ocrx_word' id='word_1_299' title='bbox 67 3167 194 3200; x_wconf 88' lang='lat' dir='ltr'>obsides</span> <span class='ocrx_word' id='word_1_300' title='bbox 211 3167 270 3200; x_wconf 88' lang='lat' dir='ltr'>sihi</span> <span class='ocrx_word' id='word_1_301' title='bbox 282 3167 351 3200; x_wconf 88' lang='lat' dir='ltr'>dari</span> <span class='ocrx_word' id='word_1_302' title='bbox 366 3168 468 3209; x_wconf 81' lang='lat' dir='ltr'>petiit.</span> <span class='ocrx_word' id='word_1_303' title='bbox 486 3168 620 3201; x_wconf 83' lang='lat' dir='ltr'>Barbari</span> <span class='ocrx_word' id='word_1_304' title='bbox 635 3167 888 3209; x_wconf 86' lang='lat' dir='ltr'>responderunt,</span> <span class='ocrx_word' id='word_1_305' title='bbox 908 3168 1028 3201; x_wconf 89' lang='lat' dir='ltr'>multos</span> <span class='ocrx_word' id='word_1_306' title='bbox 1046 3168 1112 3208; x_wconf 83' lang='lat' dir='ltr'>jam</span> 
     </span>
     <span class='ocr_line' id='line_1_47' title="bbox 69 3219 1114 3262; baseline 0 -10"><span class='ocrx_word' id='word_1_307' title='bbox 69 3219 104 3252; x_wconf 87' lang='lat' dir='ltr'>in</span> <span class='ocrx_word' id='word_1_308' title='bbox 118 3220 188 3260; x_wconf 86' lang='lat' dir='ltr'>ejus</span> <span class='ocrx_word' id='word_1_309' title='bbox 204 3221 360 3260; x_wconf 82' lang='lat' dir='ltr'>potestate</span> <span class='ocrx_word' id='word_1_310' title='bbox 375 3229 455 3253; x_wconf 88' lang='lat' dir='ltr'>esse.</span> <span class='ocrx_word' id='word_1_311' title='bbox 470 3221 616 3254; x_wconf 76' lang='lat' dir='ltr'>&#39;rumille</span> <span class='ocrx_word' id='word_1_312' title='bbox 635 3222 693 3253; x_wconf 86' lang='lat' dir='ltr'>hos</span> <span class='ocrx_word' id='word_1_313' title='bbox 706 3221 781 3253; x_wconf 88' lang='lat' dir='ltr'>belli</span> <span class='ocrx_word' id='word_1_314' title='bbox 795 3222 886 3262; x_wconf 68' lang='lat' dir='ltr'>June,</span> <span class='ocrx_word' id='word_1_315' title='bbox 907 3229 970 3253; x_wconf 90' lang='lat' dir='ltr'>non</span> <span class='ocrx_word' id='word_1_316' title='bbox 987 3221 1027 3253; x_wconf 88' lang='lat' dir='ltr'>ab</span> <span class='ocrx_word' id='word_1_317' title='bbox 1040 3220 1114 3261; x_wconf 85' lang='lat' dir='ltr'>ipsis</span> 
     </span>
     <span class='ocr_line' id='line_1_48' title="bbox 70 3271 1112 3314; baseline 0.001 -11"><span class='ocrx_word' id='word_1_318' title='bbox 70 3271 202 3304; x_wconf 81' lang='lat' dir='ltr'>traditos</span> <span class='ocrx_word' id='word_1_319' title='bbox 221 3271 337 3304; x_wconf 84' lang='lat' dir='ltr'>habere</span> <span class='ocrx_word' id='word_1_320' title='bbox 349 3280 383 3305; x_wconf 84' lang='lat' dir='ltr'>se</span> <span class='ocrx_word' id='word_1_321' title='bbox 403 3272 484 3305; x_wconf 82' lang='lat' dir='ltr'>dixit</span> <span class='ocrx_word' id='word_1_322' title='bbox 500 3285 508 3304; x_wconf 88' lang='lat'>:</span> <span class='ocrx_word' id='word_1_323' title='bbox 534 3281 622 3305; x_wconf 90' lang='lat' dir='ltr'>nunc</span> <span class='ocrx_word' id='word_1_324' title='bbox 643 3281 787 3314; x_wconf 81' lang='lat' dir='ltr'>quaerere</span> <span class='ocrx_word' id='word_1_325' title='bbox 801 3272 886 3313; x_wconf 83' lang='lat' dir='ltr'>pacis</span> <span class='ocrx_word' id='word_1_326' title='bbox 899 3272 1048 3313; x_wconf 78' lang='lat' dir='ltr'>pignora3</span> <span class='ocrx_word' id='word_1_327' title='bbox 1063 3272 1112 3304; x_wconf 90' lang='lat' dir='ltr'>vi—</span> 
     </span>
     <span class='ocr_line' id='line_1_49' title="bbox 70 3322 1111 3364; baseline 0.001 -10"><span class='ocrx_word' id='word_1_328' title='bbox 70 3322 198 3362; x_wconf 85' lang='lat' dir='ltr'>derent,</span> <span class='ocrx_word' id='word_1_329' title='bbox 223 3323 248 3354; x_wconf 79' lang='lat' dir='ltr'>si</span> <span class='ocrx_word' id='word_1_330' title='bbox 275 3323 452 3362; x_wconf 88' lang='lat' dir='ltr'>quiessent</span> <span class='ocrx_word' id='word_1_331' title='bbox 478 3324 565 3364; x_wconf 88' lang='lat' dir='ltr'>apud</span> <span class='ocrx_word' id='word_1_332' title='bbox 590 3325 674 3364; x_wconf 82' lang='lat' dir='ltr'>ipsos</span> <span class='ocrx_word' id='word_1_333' title='bbox 699 3324 775 3356; x_wconf 82' lang='lat' dir='ltr'>liuic</span> <span class='ocrx_word' id='word_1_334' title='bbox 792 3324 836 3355; x_wconf 86' lang='lat' dir='ltr'>rei</span> <span class='ocrx_word' id='word_1_335' title='bbox 852 3325 918 3364; x_wconf 81' lang='lat' dir='ltr'>apti</span> <span class='ocrx_word' id='word_1_336' title='bbox 940 3325 972 3354; x_wconf 87' lang='lat' dir='ltr'>et</span> <span class='ocrx_word' id='word_1_337' title='bbox 994 3323 1111 3355; x_wconf 86' lang='lat' dir='ltr'>idonei.</span> 
     </span>
     <span class='ocr_line' id='line_1_50' title="bbox 69 3373 1113 3416; baseline 0.003 -11"><span class='ocrx_word' id='word_1_338' title='bbox 69 3376 177 3414; x_wconf 83' lang='lat' dir='ltr'>Quum</span> <span class='ocrx_word' id='word_1_339' title='bbox 194 3373 273 3408; x_wconf 84' lang='lat' dir='ltr'>nihil</span> <span class='ocrx_word' id='word_1_340' title='bbox 286 3374 480 3416; x_wconf 80' lang='lat' dir='ltr'>abnuerent,</span> <span class='ocrx_word' id='word_1_341' title='bbox 495 3375 551 3409; x_wconf 88' lang='lat' dir='ltr'>sed</span> <span class='ocrx_word' id='word_1_342' title='bbox 568 3374 701 3409; x_wconf 83' lang='lat' dir='ltr'>daturos</span> <span class='ocrx_word' id='word_1_343' title='bbox 716 3384 750 3409; x_wconf 89' lang='lat' dir='ltr'>se</span> <span class='ocrx_word' id='word_1_344' title='bbox 770 3375 1010 3416; x_wconf 82' lang='lat' dir='ltr'>promitterent,</span> <span class='ocrx_word' id='word_1_345' title='bbox 1032 3383 1113 3415; x_wconf 89' lang='lat' dir='ltr'>quos</span> 
     </span>
    </p>
   </div>
   <div class='ocr_carea' id='block_1_9' title="bbox 2119 170 2190 206">
    <p class='ocr_par' dir='ltr' id='par_1_12' title="bbox 2119 170 2190 206">
     <span class='ocr_line' id='line_1_51' title="bbox 2119 170 2190 206; baseline -0.014 0"><span class='ocrx_word' id='word_1_346' title='bbox 2119 170 2190 206; x_wconf 79' lang='lat'>191</span> 
     </span>
    </p>
   </div>
   <div class='ocr_carea' id='block_1_10' title="bbox 1151 251 2272 2947">
    <p class='ocr_par' dir='ltr' id='par_1_13' title="bbox 1151 251 2272 2947">
     <span class='ocr_line' id='line_1_52' title="bbox 1151 251 2197 302; baseline 0.004 -15"><span class='ocrx_word' id='word_1_347' title='bbox 1151 253 1294 300; x_wconf 90' lang='lat' dir='ltr'>inquit,</span> <span class='ocrx_word' id='word_1_348' title='bbox 1323 251 1436 290; x_wconf 87' lang='lat' dir='ltr'>valde</span> <span class='ocrx_word' id='word_1_349' title='bbox 1467 252 1641 302; x_wconf 87' lang='lat' dir='ltr'>suspicor</span> <span class='ocrx_word' id='word_1_350' title='bbox 1676 252 1792 291; x_wconf 79' lang='lat' dir='ltr'>fuisse</span> <span class='ocrx_word' id='word_1_351' title='bbox 1826 254 2037 292; x_wconf 74' lang='lat' dir='ltr'>Iohannem</span> <span class='ocrx_word' id='word_1_352' title='bbox 2064 255 2197 292; x_wconf 87' lang='lat' dir='ltr'>Antio-</span> 
     </span>
     <span class='ocr_line' id='line_1_53' title="bbox 1152 309 2201 361; baseline 0.003 -15"><span class='ocrx_word' id='word_1_353' title='bbox 1152 310 1314 347; x_wconf 88' lang='lat' dir='ltr'>chenum</span> <span class='ocrx_word' id='word_1_354' title='bbox 1324 337 1335 355; x_wconf 89' lang='lat'>,</span> <span class='ocrx_word' id='word_1_355' title='bbox 1377 309 1486 358; x_wconf 88' lang='lat' dir='ltr'>cujus</span> <span class='ocrx_word' id='word_1_356' title='bbox 1526 321 1661 360; x_wconf 83' lang='lat' dir='ltr'>reapse</span> <span class='ocrx_word' id='word_1_357' title='bbox 1697 311 1869 348; x_wconf 87' lang='lat' dir='ltr'>historici</span> <span class='ocrx_word' id='word_1_358' title='bbox 1913 313 2201 361; x_wconf 80' lang='lat' dir='ltr'>archaeologiam</span> 
     </span>
     <span class='ocr_line' id='line_1_54' title="bbox 1153 369 2201 418; baseline 0.001 -12"><span class='ocrx_word' id='word_1_359' title='bbox 1153 369 1334 418; x_wconf 89' lang='lat' dir='ltr'>compilat</span> <span class='ocrx_word' id='word_1_360' title='bbox 1350 369 1673 418; x_wconf 81' lang='lat' dir='ltr'>Porphyrogeniti</span> <span class='ocrx_word' id='word_1_361' title='bbox 1684 369 1898 418; x_wconf 85' lang='lat' dir='ltr'>eclogarius</span> <span class='ocrx_word' id='word_1_362' title='bbox 1912 371 1953 406; x_wconf 89' lang='lat' dir='ltr'>in</span> <span class='ocrx_word' id='word_1_363' title='bbox 1965 370 2098 407; x_wconf 90' lang='lat' dir='ltr'>codice</span> <span class='ocrx_word' id='word_1_364' title='bbox 2114 371 2201 408; x_wconf 89' lang='lat' dir='ltr'>Pei-</span> 
     </span>
     <span class='ocr_line' id='line_1_55' title="bbox 1151 426 2203 476; baseline 0.002 -12"><span class='ocrx_word' id='word_1_365' title='bbox 1151 429 1347 476; x_wconf 80' lang='lat' dir='ltr'>resciano,</span> <span class='ocrx_word' id='word_1_366' title='bbox 1368 439 1484 476; x_wconf 87' lang='lat' dir='ltr'>quem</span> <span class='ocrx_word' id='word_1_367' title='bbox 1494 426 1667 464; x_wconf 89' lang='lat' dir='ltr'>Valesius</span> <span class='ocrx_word' id='word_1_368' title='bbox 1685 427 1821 464; x_wconf 85' lang='lat' dir='ltr'>edidit.</span> <span class='ocrx_word' id='word_1_369' title='bbox 1843 427 1953 465; x_wconf 88' lang='lat' dir='ltr'>Certe</span> <span class='ocrx_word' id='word_1_370' title='bbox 1967 429 2084 465; x_wconf 89' lang='lat' dir='ltr'>homo</span> <span class='ocrx_word' id='word_1_371' title='bbox 2099 429 2203 466; x_wconf 88' lang='lat' dir='ltr'>Chri·</span> 
     </span>
     <span class='ocr_line' id='line_1_56' title="bbox 1152 485 2201 537; baseline 0.002 -13"><span class='ocrx_word' id='word_1_372' title='bbox 1152 488 1296 524; x_wconf 88' lang='lat' dir='ltr'>stianus</span> <span class='ocrx_word' id='word_1_373' title='bbox 1323 494 1400 532; x_wconf 86' lang='lat' dir='ltr'>est,</span> <span class='ocrx_word' id='word_1_374' title='bbox 1427 494 1473 524; x_wconf 85' lang='lat' dir='ltr'>ut</span> <span class='ocrx_word' id='word_1_375' title='bbox 1499 498 1547 523; x_wconf 87' lang='lat' dir='ltr'>ex</span> <span class='ocrx_word' id='word_1_376' title='bbox 1565 485 1797 524; x_wconf 85' lang='lat' dir='ltr'>Diocletiani</span> <span class='ocrx_word' id='word_1_377' title='bbox 1814 485 1930 524; x_wconf 87' lang='lat' dir='ltr'>rebus</span> <span class='ocrx_word' id='word_1_378' title='bbox 1953 486 2022 534; x_wconf 83' lang='lat' dir='ltr'>(fr.</span> <span class='ocrx_word' id='word_1_379' title='bbox 2050 486 2117 533; x_wconf 83' lang='lat'>13,</span> <span class='ocrx_word' id='word_1_380' title='bbox 2154 500 2169 526; x_wconf 90' lang='lat'>1</span> <span class='ocrx_word' id='word_1_381' title='bbox 2190 486 2201 537; x_wconf 89' lang='lat'>)</span> 
     </span>
     <span class='ocr_line' id='line_1_57' title="bbox 1154 542 2205 595; baseline -0.001 -12"><span class='ocrx_word' id='word_1_382' title='bbox 1154 547 1410 595; x_wconf 82' lang='lat' dir='ltr'>cognoscitur.</span> <span class='ocrx_word' id='word_1_383' title='bbox 1445 560 1462 579; x_wconf 69' lang='grc' dir='ltr'>υ</span> <span class='ocrx_word' id='word_1_384' title='bbox 1492 542 1833 584; x_wconf 88' lang='lat' dir='ltr'>Verumenimvero</span> <span class='ocrx_word' id='word_1_385' title='bbox 1867 556 1987 594; x_wconf 86' lang='lat' dir='ltr'>quum</span> <span class='ocrx_word' id='word_1_386' title='bbox 2015 545 2205 583; x_wconf 90' lang='lat' dir='ltr'>Chronica</span> 
     </span>
     <span class='ocr_line' id='line_1_58' title="bbox 1153 604 2206 652; baseline 0.001 -12"><span class='ocrx_word' id='word_1_387' title='bbox 1153 605 1174 640; x_wconf 83' lang='lat' dir='ltr'>J</span> <span class='ocrx_word' id='word_1_388' title='bbox 1178 605 1338 642; x_wconf 86' lang='lat' dir='ltr'>ohannis</span> <span class='ocrx_word' id='word_1_389' title='bbox 1351 604 1401 641; x_wconf 85' lang='lat' dir='ltr'>ab</span> <span class='ocrx_word' id='word_1_390' title='bbox 1415 604 1565 642; x_wconf 88' lang='lat' dir='ltr'>Adamo</span> <span class='ocrx_word' id='word_1_391' title='bbox 1579 604 1729 640; x_wconf 89' lang='lat' dir='ltr'>initium</span> <span class='ocrx_word' id='word_1_392' title='bbox 1742 610 1893 640; x_wconf 90' lang='lat' dir='ltr'>sumant</span> <span class='ocrx_word' id='word_1_393' title='bbox 1907 604 2096 652; x_wconf 81' lang='lat' dir='ltr'>longeque</span> <span class='ocrx_word' id='word_1_394' title='bbox 2105 604 2206 640; x_wconf 80' lang='lat' dir='ltr'>ultra</span> 
     </span>
     <span class='ocr_line' id='line_1_59' title="bbox 1155 661 2208 713; baseline -0.001 -13"><span class='ocrx_word' id='word_1_395' title='bbox 1155 662 1391 700; x_wconf 84' lang='lat' dir='ltr'>Constantini</span> <span class='ocrx_word' id='word_1_396' title='bbox 1409 670 1582 713; x_wconf 84' lang='lat' dir='ltr'>tempora</span> <span class='ocrx_word' id='word_1_397' title='bbox 1599 662 1897 712; x_wconf 85' lang='lat' dir='ltr'>progrediantur</span> <span class='ocrx_word' id='word_1_398' title='bbox 1920 674 1930 698; x_wconf 90' lang='lat'><strong>:</strong></span> <span class='ocrx_word' id='word_1_399' title='bbox 1951 663 2090 698; x_wconf 88' lang='lat' dir='ltr'>mirum</span> <span class='ocrx_word' id='word_1_400' title='bbox 2109 661 2208 699; x_wconf 89' lang='lat' dir='ltr'>foret</span> 
     </span>
     <span class='ocr_line' id='line_1_60' title="bbox 1155 720 2207 771; baseline -0.001 -13"><span class='ocrx_word' id='word_1_401' title='bbox 1155 722 1384 771; x_wconf 86' lang='lat' dir='ltr'>scriptorem</span> <span class='ocrx_word' id='word_1_402' title='bbox 1392 722 1665 760; x_wconf 87' lang='lat' dir='ltr'>sententiarum</span> <span class='ocrx_word' id='word_1_403' title='bbox 1677 720 1831 757; x_wconf 87' lang='lat' dir='ltr'>nonnisi</span> <span class='ocrx_word' id='word_1_404' title='bbox 1842 721 1969 769; x_wconf 89' lang='lat' dir='ltr'>operis</span> <span class='ocrx_word' id='word_1_405' title='bbox 1978 720 2207 769; x_wconf 83' lang='lat' dir='ltr'>particulam</span> 
     </span>
     <span class='ocr_line' id='line_1_61' title="bbox 1155 779 2208 827; baseline -0.002 -10"><span class='ocrx_word' id='word_1_406' title='bbox 1155 793 1215 817; x_wconf 91' lang='lat' dir='ltr'>res</span> <span class='ocrx_word' id='word_1_407' title='bbox 1241 780 1331 818; x_wconf 90' lang='lat' dir='ltr'>inde</span> <span class='ocrx_word' id='word_1_408' title='bbox 1355 781 1404 818; x_wconf 90' lang='lat' dir='ltr'>ab</span> <span class='ocrx_word' id='word_1_409' title='bbox 1430 779 1648 818; x_wconf 87' lang='lat' dir='ltr'>Alexandro</span> <span class='ocrx_word' id='word_1_410' title='bbox 1669 779 1808 817; x_wconf 85' lang='lat' dir='ltr'>Severo</span> <span class='ocrx_word' id='word_1_411' title='bbox 1838 791 1957 827; x_wconf 90' lang='lat' dir='ltr'>usque</span> <span class='ocrx_word' id='word_1_412' title='bbox 1976 779 2027 815; x_wconf 90' lang='lat' dir='ltr'>ad</span> <span class='ocrx_word' id='word_1_413' title='bbox 2044 786 2208 816; x_wconf 86' lang='lat' dir='ltr'>mortem</span> 
     </span>
     <span class='ocr_line' id='line_1_62' title="bbox 1157 838 2210 888; baseline -0.002 -11"><span class='ocrx_word' id='word_1_414' title='bbox 1157 838 1394 879; x_wconf 87' lang='lat' dir='ltr'>Constantini</span> <span class='ocrx_word' id='word_1_415' title='bbox 1428 839 1745 888; x_wconf 87' lang='lat' dir='ltr'>complectentem</span> <span class='ocrx_word' id='word_1_416' title='bbox 1776 839 2006 887; x_wconf 88' lang='lat' dir='ltr'>excerpsisse</span> <span class='ocrx_word' id='word_1_417' title='bbox 2019 864 2030 882; x_wconf 91' lang='lat'>,</span> <span class='ocrx_word' id='word_1_418' title='bbox 2060 838 2153 874; x_wconf 90' lang='lat' dir='ltr'>dum</span> <span class='ocrx_word' id='word_1_419' title='bbox 2182 840 2210 875; x_wconf 92' lang='lat' dir='ltr'>ii</span> 
     </span>
     <span class='ocr_line' id='line_1_63' title="bbox 1158 895 2209 946; baseline -0.005 -12"><span class='ocrx_word' id='word_1_420' title='bbox 1158 899 1225 946; x_wconf 89' lang='lat' dir='ltr'>qui</span> <span class='ocrx_word' id='word_1_421' title='bbox 1238 900 1330 935; x_wconf 83' lang='lat' dir='ltr'>Exc.</span> <span class='ocrx_word' id='word_1_422' title='bbox 1346 898 1395 935; x_wconf 89' lang='lat' dir='ltr'>de</span> <span class='ocrx_word' id='word_1_423' title='bbox 1407 900 1541 936; x_wconf 86' lang='lat' dir='ltr'>virtut.</span> <span class='ocrx_word' id='word_1_424' title='bbox 1557 905 1595 934; x_wconf 91' lang='lat' dir='ltr'>et</span> <span class='ocrx_word' id='word_1_425' title='bbox 1605 899 1663 934; x_wconf 90' lang='lat' dir='ltr'>De</span> <span class='ocrx_word' id='word_1_426' title='bbox 1676 897 1790 935; x_wconf 90' lang='lat' dir='ltr'>insid.</span> <span class='ocrx_word' id='word_1_427' title='bbox 1811 898 2091 934; x_wconf 89' lang='lat' dir='ltr'>concinnarunt</span> <span class='ocrx_word' id='word_1_428' title='bbox 2105 923 2114 940; x_wconf 93' lang='lat'>‚</span> <span class='ocrx_word' id='word_1_429' title='bbox 2129 895 2209 930; x_wconf 86' lang='lat' dir='ltr'>uni·</span> 
     </span>
     <span class='ocr_line' id='line_1_64' title="bbox 1157 955 2206 1004; baseline -0.004 -12"><span class='ocrx_word' id='word_1_430' title='bbox 1157 969 1306 993; x_wconf 83' lang='lat' dir='ltr'>versam</span> <span class='ocrx_word' id='word_1_431' title='bbox 1319 956 1548 994; x_wconf 88' lang='lat' dir='ltr'>Antiocheni</span> <span class='ocrx_word' id='word_1_432' title='bbox 1560 955 1740 992; x_wconf 89' lang='lat' dir='ltr'>monachi</span> <span class='ocrx_word' id='word_1_433' title='bbox 1751 956 1948 992; x_wconf 84' lang='lat' dir='ltr'>historiam</span> <span class='ocrx_word' id='word_1_434' title='bbox 1962 959 2206 1004; x_wconf 85' lang='lat' dir='ltr'>percurrunt.</span> 
     </span>
     <span class='ocr_line' id='line_1_65' title="bbox 1158 1013 2211 1063; baseline -0.004 -12"><span class='ocrx_word' id='word_1_435' title='bbox 1158 1015 1307 1052; x_wconf 89' lang='lat' dir='ltr'>Deinde</span> <span class='ocrx_word' id='word_1_436' title='bbox 1334 1027 1426 1052; x_wconf 87' lang='lat' dir='ltr'>vero</span> <span class='ocrx_word' id='word_1_437' title='bbox 1446 1015 1659 1063; x_wconf 84' lang='lat' dir='ltr'>fragmenta</span> <span class='ocrx_word' id='word_1_438' title='bbox 1679 1020 1812 1050; x_wconf 89' lang='lat' dir='ltr'>nostra</span> <span class='ocrx_word' id='word_1_439' title='bbox 1829 1013 2046 1050; x_wconf 90' lang='lat' dir='ltr'>ubertatem</span> <span class='ocrx_word' id='word_1_440' title='bbox 2074 1023 2211 1048; x_wconf 87' lang='lat' dir='ltr'>narra-</span> 
     </span>
     <span class='ocr_line' id='line_1_66' title="bbox 1159 1070 2212 1123; baseline -0.003 -15"><span class='ocrx_word' id='word_1_441' title='bbox 1159 1075 1275 1111; x_wconf 87' lang='lat' dir='ltr'>tionis</span> <span class='ocrx_word' id='word_1_442' title='bbox 1306 1080 1491 1123; x_wconf 85' lang='lat' dir='ltr'>arguunt,</span> <span class='ocrx_word' id='word_1_443' title='bbox 1525 1073 1679 1121; x_wconf 86' lang='lat' dir='ltr'>qualem</span> <span class='ocrx_word' id='word_1_444' title='bbox 1707 1072 1749 1107; x_wconf 88' lang='lat' dir='ltr'>in</span> <span class='ocrx_word' id='word_1_445' title='bbox 1779 1072 1906 1109; x_wconf 89' lang='lat' dir='ltr'>Dione</span> <span class='ocrx_word' id='word_1_446' title='bbox 1934 1070 2140 1116; x_wconf 86' lang='lat' dir='ltr'>habemus,</span> <span class='ocrx_word' id='word_1_447' title='bbox 2172 1070 2212 1105; x_wconf 89' lang='lat' dir='ltr'>in</span> 
     </span>
     <span class='ocr_line' id='line_1_67' title="bbox 1158 1130 2209 1180; baseline -0.004 -11"><span class='ocrx_word' id='word_1_448' title='bbox 1158 1133 1439 1170; x_wconf 78' lang='lat' dir='ltr'>chronicorum</span> <span class='ocrx_word' id='word_1_449' title='bbox 1451 1139 1577 1169; x_wconf 89' lang='lat' dir='ltr'>autem</span> <span class='ocrx_word' id='word_1_450' title='bbox 1592 1130 1829 1180; x_wconf 86' lang='lat' dir='ltr'>compendiis</span> <span class='ocrx_word' id='word_1_451' title='bbox 1841 1142 1956 1167; x_wconf 90' lang='lat' dir='ltr'>nemo</span> <span class='ocrx_word' id='word_1_452' title='bbox 1970 1136 2209 1179; x_wconf 87' lang='lat' dir='ltr'>exspectave-</span> 
     </span>
     <span class='ocr_line' id='line_1_68' title="bbox 1159 1189 2206 1241; baseline -0.004 -13"><span class='ocrx_word' id='word_1_453' title='bbox 1159 1193 1220 1228; x_wconf 88' lang='lat' dir='ltr'>rit.</span> <span class='ocrx_word' id='word_1_454' title='bbox 1244 1193 1291 1230; x_wconf 88' lang='lat' dir='ltr'>Et</span> <span class='ocrx_word' id='word_1_455' title='bbox 1313 1193 1396 1241; x_wconf 89' lang='lat' dir='ltr'>ipsa</span> <span class='ocrx_word' id='word_1_456' title='bbox 1411 1192 1491 1228; x_wconf 89' lang='lat' dir='ltr'>haec</span> <span class='ocrx_word' id='word_1_457' title='bbox 1511 1190 1740 1228; x_wconf 88' lang='lat' dir='ltr'>narrationis</span> <span class='ocrx_word' id='word_1_458' title='bbox 1758 1190 1904 1227; x_wconf 86' lang='lat' dir='ltr'>exilitas</span> <span class='ocrx_word' id='word_1_459' title='bbox 1923 1190 1964 1225; x_wconf 92' lang='lat' dir='ltr'>in</span> <span class='ocrx_word' id='word_1_460' title='bbox 1988 1201 2103 1225; x_wconf 87' lang='lat' dir='ltr'>causa</span> <span class='ocrx_word' id='word_1_461' title='bbox 2119 1189 2206 1233; x_wconf 89' lang='lat' dir='ltr'>fuit,</span> 
     </span>
     <span class='ocr_line' id='line_1_69' title="bbox 1161 1248 2211 1300; baseline -0.006 -13"><span class='ocrx_word' id='word_1_462' title='bbox 1161 1252 1315 1300; x_wconf 90' lang='lat' dir='ltr'>opinor,</span> <span class='ocrx_word' id='word_1_463' title='bbox 1324 1258 1366 1287; x_wconf 91' lang='lat' dir='ltr'>ut</span> <span class='ocrx_word' id='word_1_464' title='bbox 1377 1249 1568 1290; x_wconf 89' lang='lat' dir='ltr'>Chronica</span> <span class='ocrx_word' id='word_1_465' title='bbox 1577 1250 1598 1286; x_wconf 89' lang='lat' dir='ltr'><strong>J</strong></span> <span class='ocrx_word' id='word_1_466' title='bbox 1602 1249 1778 1293; x_wconf 89' lang='lat' dir='ltr'>ohannis,</span> <span class='ocrx_word' id='word_1_467' title='bbox 1788 1249 1899 1285; x_wconf 87' lang='lat' dir='ltr'>sicuti</span> <span class='ocrx_word' id='word_1_468' title='bbox 1907 1248 2023 1285; x_wconf 87' lang='lat' dir='ltr'>etiam</span> <span class='ocrx_word' id='word_1_469' title='bbox 2032 1248 2211 1295; x_wconf 83' lang='lat' dir='ltr'>Syncelli,</span> 
     </span>
     <span class='ocr_line' id='line_1_70' title="bbox 1160 1307 2214 1357; baseline -0.005 -10"><span class='ocrx_word' id='word_1_470' title='bbox 1160 1311 1181 1346; x_wconf 87' lang='lat' dir='ltr'>J</span> <span class='ocrx_word' id='word_1_471' title='bbox 1185 1312 1318 1347; x_wconf 88' lang='lat' dir='ltr'>oannis</span> <span class='ocrx_word' id='word_1_472' title='bbox 1335 1310 1480 1346; x_wconf 88' lang='lat' dir='ltr'>Malalae</span> <span class='ocrx_word' id='word_1_473' title='bbox 1497 1317 1536 1346; x_wconf 90' lang='lat' dir='ltr'>et</span> <span class='ocrx_word' id='word_1_474' title='bbox 1552 1309 1709 1357; x_wconf 80' lang='lat' dir='ltr'>Georgii</span> <span class='ocrx_word' id='word_1_475' title='bbox 1732 1308 1944 1346; x_wconf 85' lang='lat' dir='ltr'>Hamartoli</span> <span class='ocrx_word' id='word_1_476' title='bbox 1955 1332 1967 1352; x_wconf 90' lang='lat'>,</span> <span class='ocrx_word' id='word_1_477' title='bbox 1988 1318 2012 1343; x_wconf 90' lang='lat' dir='ltr'>a</span> <span class='ocrx_word' id='word_1_478' title='bbox 2027 1308 2137 1343; x_wconf 92' lang='lat' dir='ltr'>titulo</span> <span class='ocrx_word' id='word_1_479' title='bbox 2157 1307 2214 1342; x_wconf 92' lang='lat' dir='ltr'>De</span> 
     </span>
     <span class='ocr_line' id='line_1_71' title="bbox 1161 1367 2215 1406; baseline -0.004 -1"><span class='ocrx_word' id='word_1_480' title='bbox 1161 1369 1354 1406; x_wconf 90' lang='lat' dir='ltr'>sententiis</span> <span class='ocrx_word' id='word_1_481' title='bbox 1385 1368 1694 1406; x_wconf 88' lang='lat' dir='ltr'>excluderentur.</span> <span class='ocrx_word' id='word_1_482' title='bbox 1726 1368 1913 1405; x_wconf 81' lang='lat' dir='ltr'>Praeterea</span> <span class='ocrx_word' id='word_1_483' title='bbox 1943 1367 1965 1403; x_wconf 91' lang='lat' dir='ltr'><strong>J</strong></span> <span class='ocrx_word' id='word_1_484' title='bbox 1969 1379 2108 1403; x_wconf 87' lang='lat' dir='ltr'>oannes</span> <span class='ocrx_word' id='word_1_485' title='bbox 2134 1368 2215 1402; x_wconf 89' lang='lat' dir='ltr'>An-</span> 
     </span>
     <span class='ocr_line' id='line_1_72' title="bbox 1163 1423 2214 1475; baseline -0.004 -11"><span class='ocrx_word' id='word_1_486' title='bbox 1163 1428 1361 1466; x_wconf 88' lang='lat' dir='ltr'>tiochenus</span> <span class='ocrx_word' id='word_1_487' title='bbox 1388 1427 1479 1464; x_wconf 89' lang='lat' dir='ltr'>inde</span> <span class='ocrx_word' id='word_1_488' title='bbox 1497 1439 1521 1463; x_wconf 87' lang='lat' dir='ltr'>a</span> <span class='ocrx_word' id='word_1_489' title='bbox 1540 1425 1745 1465; x_wconf 87' lang='lat' dir='ltr'>Commodi</span> <span class='ocrx_word' id='word_1_490' title='bbox 1770 1437 1889 1475; x_wconf 84' lang='lat' dir='ltr'>regno</span> <span class='ocrx_word' id='word_1_491' title='bbox 1909 1438 2027 1474; x_wconf 90' lang='lat' dir='ltr'>usque</span> <span class='ocrx_word' id='word_1_492' title='bbox 2043 1425 2093 1461; x_wconf 89' lang='lat' dir='ltr'>ad</span> <span class='ocrx_word' id='word_1_493' title='bbox 2111 1423 2214 1461; x_wconf 87' lang='lat' dir='ltr'>Gor-</span> 
     </span>
     <span class='ocr_line' id='line_1_73' title="bbox 1161 1484 2217 1536; baseline -0.004 -13"><span class='ocrx_word' id='word_1_494' title='bbox 1161 1487 1267 1524; x_wconf 89' lang='lat' dir='ltr'>diani</span> <span class='ocrx_word' id='word_1_495' title='bbox 1282 1493 1457 1536; x_wconf 87' lang='lat' dir='ltr'>tempora</span> <span class='ocrx_word' id='word_1_496' title='bbox 1482 1486 1524 1522; x_wconf 90' lang='lat' dir='ltr'>in</span> <span class='ocrx_word' id='word_1_497' title='bbox 1547 1485 1819 1535; x_wconf 87' lang='lat' dir='ltr'>compendium</span> <span class='ocrx_word' id='word_1_498' title='bbox 1837 1484 1988 1533; x_wconf 81' lang='lat' dir='ltr'>redegit</span> <span class='ocrx_word' id='word_1_499' title='bbox 2010 1490 2048 1521; x_wconf 92' lang='lat' dir='ltr'>et</span> <span class='ocrx_word' id='word_1_500' title='bbox 2064 1490 2108 1519; x_wconf 89' lang='lat' dir='ltr'>ut</span> <span class='ocrx_word' id='word_1_501' title='bbox 2133 1484 2217 1532; x_wconf 90' lang='lat' dir='ltr'>plu-</span> 
     </span>
     <span class='ocr_line' id='line_1_74' title="bbox 1162 1541 2214 1593; baseline -0.005 -11"><span class='ocrx_word' id='word_1_502' title='bbox 1162 1547 1300 1583; x_wconf 89' lang='lat' dir='ltr'>rimum</span> <span class='ocrx_word' id='word_1_503' title='bbox 1317 1546 1548 1583; x_wconf 84' lang='lat' dir='ltr'>verbotenus</span> <span class='ocrx_word' id='word_1_504' title='bbox 1573 1544 1766 1593; x_wconf 87' lang='lat' dir='ltr'>exscripsit</span> <span class='ocrx_word' id='word_1_505' title='bbox 1790 1543 1964 1580; x_wconf 89' lang='lat' dir='ltr'>historias</span> <span class='ocrx_word' id='word_1_506' title='bbox 1991 1541 2214 1579; x_wconf 87' lang='lat' dir='ltr'>Herodiani.</span> 
     </span>
     <span class='ocr_line' id='line_1_75' title="bbox 1161 1600 2217 1652; baseline -0.004 -12"><span class='ocrx_word' id='word_1_507' title='bbox 1161 1604 1299 1641; x_wconf 87' lang='lat' dir='ltr'>Nostra</span> <span class='ocrx_word' id='word_1_508' title='bbox 1318 1611 1444 1641; x_wconf 86' lang='lat' dir='ltr'>autem</span> <span class='ocrx_word' id='word_1_509' title='bbox 1473 1604 1669 1651; x_wconf 85' lang='lat' dir='ltr'>Anonymi</span> <span class='ocrx_word' id='word_1_510' title='bbox 1696 1603 1928 1652; x_wconf 83' lang='lat' dir='ltr'>fragmenta,</span> <span class='ocrx_word' id='word_1_511' title='bbox 1955 1612 2040 1650; x_wconf 86' lang='lat' dir='ltr'>quae</span> <span class='ocrx_word' id='word_1_512' title='bbox 2068 1600 2119 1636; x_wconf 88' lang='lat' dir='ltr'>ad</span> <span class='ocrx_word' id='word_1_513' title='bbox 2142 1601 2217 1637; x_wconf 90' lang='lat' dir='ltr'>hoc</span> 
     </span>
     <span class='ocr_line' id='line_1_76' title="bbox 1162 1659 2218 1713; baseline -0.004 -14"><span class='ocrx_word' id='word_1_514' title='bbox 1162 1664 1346 1713; x_wconf 88' lang='lat' dir='ltr'>temporis</span> <span class='ocrx_word' id='word_1_515' title='bbox 1361 1664 1525 1712; x_wconf 88' lang='lat' dir='ltr'>spatium</span> <span class='ocrx_word' id='word_1_516' title='bbox 1539 1663 1752 1712; x_wconf 87' lang='lat' dir='ltr'>pertinent,</span> <span class='ocrx_word' id='word_1_517' title='bbox 1772 1674 1819 1698; x_wconf 90' lang='lat' dir='ltr'>ex</span> <span class='ocrx_word' id='word_1_518' title='bbox 1833 1662 1909 1699; x_wconf 87' lang='lat' dir='ltr'>alio</span> <span class='ocrx_word' id='word_1_519' title='bbox 1924 1672 2093 1696; x_wconf 87' lang='lat' dir='ltr'>manasse</span> <span class='ocrx_word' id='word_1_520' title='bbox 2111 1659 2218 1696; x_wconf 83' lang='lat' dir='ltr'>fonte</span> 
     </span>
     <span class='ocr_line' id='line_1_77' title="bbox 1162 1720 2160 1771; baseline -0.002 -13"><span class='ocrx_word' id='word_1_521' title='bbox 1162 1723 1293 1771; x_wconf 90' lang='lat' dir='ltr'>liquet.</span> <span class='ocrx_word' id='word_1_522' title='bbox 1312 1724 1413 1771; x_wconf 83' lang='lat' dir='ltr'>Ergo</span> <span class='ocrx_word' id='word_1_523' title='bbox 1430 1722 1479 1759; x_wconf 89' lang='lat' dir='ltr'>de</span> <span class='ocrx_word' id='word_1_524' title='bbox 1494 1723 1641 1759; x_wconf 87' lang='lat' dir='ltr'>Joanne</span> <span class='ocrx_word' id='word_1_525' title='bbox 1657 1727 1815 1758; x_wconf 87' lang='lat' dir='ltr'>auctore</span> <span class='ocrx_word' id='word_1_526' title='bbox 1836 1720 1997 1769; x_wconf 87' lang='lat' dir='ltr'>cogitari</span> <span class='ocrx_word' id='word_1_527' title='bbox 2013 1720 2160 1767; x_wconf 90' lang='lat' dir='ltr'>nequit.</span> 
     </span>
     <span class='ocr_line' id='line_1_78' title="bbox 1217 1778 2219 1831; baseline -0.004 -13"><span class='ocrx_word' id='word_1_528' title='bbox 1217 1781 1353 1818; x_wconf 90' lang='lat' dir='ltr'>Paullo</span> <span class='ocrx_word' id='word_1_529' title='bbox 1372 1781 1612 1831; x_wconf 85' lang='lat' dir='ltr'>probabilius</span> <span class='ocrx_word' id='word_1_530' title='bbox 1639 1778 1870 1817; x_wconf 84' lang='lat' dir='ltr'>Niebuhrius</span> <span class='ocrx_word' id='word_1_531' title='bbox 1896 1779 2043 1815; x_wconf 90' lang='lat' dir='ltr'>censuit</span> <span class='ocrx_word' id='word_1_532' title='bbox 2067 1779 2219 1827; x_wconf 85' lang='lat' dir='ltr'>eclogas</span> 
     </span>
     <span class='ocr_line' id='line_1_79' title="bbox 1164 1838 2218 1890; baseline -0.003 -13"><span class='ocrx_word' id='word_1_533' title='bbox 1164 1841 1247 1877; x_wconf 91' lang='lat' dir='ltr'>illas</span> <span class='ocrx_word' id='word_1_534' title='bbox 1270 1852 1478 1890; x_wconf 84' lang='lat' dir='ltr'>anonymas</span> <span class='ocrx_word' id='word_1_535' title='bbox 1506 1838 1557 1876; x_wconf 89' lang='lat' dir='ltr'>ad</span> <span class='ocrx_word' id='word_1_536' title='bbox 1585 1840 1741 1876; x_wconf 89' lang='lat' dir='ltr'>Petrum</span> <span class='ocrx_word' id='word_1_537' title='bbox 1767 1838 1974 1876; x_wconf 88' lang='lat' dir='ltr'>Patricium</span> <span class='ocrx_word' id='word_1_538' title='bbox 2000 1838 2218 1874; x_wconf 88' lang='lat' dir='ltr'>referendas</span> 
     </span>
     <span class='ocr_line' id='line_1_80' title="bbox 1165 1896 2219 1947; baseline -0.003 -11"><span class='ocrx_word' id='word_1_539' title='bbox 1165 1912 1258 1938; x_wconf 89' lang='lat' dir='ltr'>esse.</span> <span class='ocrx_word' id='word_1_540' title='bbox 1290 1900 1365 1937; x_wconf 91' lang='lat' dir='ltr'>Sed</span> <span class='ocrx_word' id='word_1_541' title='bbox 1394 1900 1532 1936; x_wconf 87' lang='lat' dir='ltr'>iterum</span> <span class='ocrx_word' id='word_1_542' title='bbox 1565 1909 1712 1947; x_wconf 83' lang='lat' dir='ltr'>quaeras</span> <span class='ocrx_word' id='word_1_543' title='bbox 1740 1910 1810 1934; x_wconf 90' lang='lat' dir='ltr'>cur</span> <span class='ocrx_word' id='word_1_544' title='bbox 1847 1897 2061 1946; x_wconf 85' lang='lat' dir='ltr'>eclogarius</span> <span class='ocrx_word' id='word_1_545' title='bbox 2095 1896 2145 1932; x_wconf 88' lang='lat' dir='ltr'>ab</span> <span class='ocrx_word' id='word_1_546' title='bbox 2174 1908 2219 1933; x_wconf 90' lang='lat' dir='ltr'>ea</span> 
     </span>
     <span class='ocr_line' id='line_1_81' title="bbox 1164 1955 2219 2006; baseline -0.005 -11"><span class='ocrx_word' id='word_1_547' title='bbox 1164 1959 1319 1995; x_wconf 87' lang='lat' dir='ltr'>demum</span> <span class='ocrx_word' id='word_1_548' title='bbox 1336 1958 1583 1995; x_wconf 87' lang='lat' dir='ltr'>historiarum</span> <span class='ocrx_word' id='word_1_549' title='bbox 1600 1963 1713 2006; x_wconf 88' lang='lat' dir='ltr'>parte</span> <span class='ocrx_word' id='word_1_550' title='bbox 1736 1957 1887 1992; x_wconf 90' lang='lat' dir='ltr'>initium</span> <span class='ocrx_word' id='word_1_551' title='bbox 1911 1955 2063 2000; x_wconf 86' lang='lat' dir='ltr'>fecerit,</span> <span class='ocrx_word' id='word_1_552' title='bbox 2084 1956 2124 1991; x_wconf 87' lang='lat' dir='ltr'>in</span> <span class='ocrx_word' id='word_1_553' title='bbox 2141 1966 2219 2003; x_wconf 88' lang='lat' dir='ltr'>qua</span> 
     </span>
     <span class='ocr_line' id='line_1_82' title="bbox 1162 2013 2218 2063; baseline -0.006 -8"><span class='ocrx_word' id='word_1_554' title='bbox 1162 2018 1238 2055; x_wconf 89' lang='lat' dir='ltr'>Dio</span> <span class='ocrx_word' id='word_1_555' title='bbox 1259 2017 1405 2056; x_wconf 90' lang='lat' dir='ltr'>Cassius</span> <span class='ocrx_word' id='word_1_556' title='bbox 1424 2016 1578 2054; x_wconf 86' lang='lat' dir='ltr'>desinit.</span> <span class='ocrx_word' id='word_1_557' title='bbox 1595 2016 1695 2052; x_wconf 89' lang='lat' dir='ltr'>Num</span> <span class='ocrx_word' id='word_1_558' title='bbox 1710 2022 1879 2051; x_wconf 89' lang='lat' dir='ltr'>catenam</span> <span class='ocrx_word' id='word_1_559' title='bbox 1895 2013 2088 2063; x_wconf 85' lang='lat' dir='ltr'>quandam</span> <span class='ocrx_word' id='word_1_560' title='bbox 2100 2013 2218 2049; x_wconf 87' lang='lat' dir='ltr'>histo-</span> 
     </span>
     <span class='ocr_line' id='line_1_83' title="bbox 1164 2072 2217 2114; baseline -0.003 -3"><span class='ocrx_word' id='word_1_561' title='bbox 1164 2076 1229 2112; x_wconf 83' lang='lat' dir='ltr'>riae</span> <span class='ocrx_word' id='word_1_562' title='bbox 1245 2082 1400 2114; x_wconf 84' lang='lat' dir='ltr'>nectere</span> <span class='ocrx_word' id='word_1_563' title='bbox 1426 2074 1573 2111; x_wconf 78' lang='lat' dir='ltr'>voluit?</span> <span class='ocrx_word' id='word_1_564' title='bbox 1599 2073 1647 2110; x_wconf 86' lang='lat' dir='ltr'>Id</span> <span class='ocrx_word' id='word_1_565' title='bbox 1675 2085 1768 2111; x_wconf 88' lang='lat' dir='ltr'>vero</span> <span class='ocrx_word' id='word_1_566' title='bbox 1792 2072 1962 2109; x_wconf 88' lang='lat' dir='ltr'>studium</span> <span class='ocrx_word' id='word_1_567' title='bbox 1979 2084 2003 2108; x_wconf 86' lang='lat' dir='ltr'>a</span> <span class='ocrx_word' id='word_1_568' title='bbox 2028 2072 2217 2111; x_wconf 86' lang='lat' dir='ltr'>Constan-</span> 
     </span>
     <span class='ocr_line' id='line_1_84' title="bbox 1164 2131 2218 2182; baseline -0.003 -13"><span class='ocrx_word' id='word_1_569' title='bbox 1164 2133 1317 2170; x_wconf 90' lang='lat' dir='ltr'>tinianis</span> <span class='ocrx_word' id='word_1_570' title='bbox 1334 2134 1535 2182; x_wconf 86' lang='lat' dir='ltr'>Excerptis</span> <span class='ocrx_word' id='word_1_571' title='bbox 1564 2133 1732 2170; x_wconf 89' lang='lat' dir='ltr'>alienum</span> <span class='ocrx_word' id='word_1_572' title='bbox 1762 2139 1832 2170; x_wconf 88' lang='lat' dir='ltr'>est.</span> <span class='ocrx_word' id='word_1_573' title='bbox 1863 2133 1963 2168; x_wconf 86' lang='lat' dir='ltr'>Num</span> <span class='ocrx_word' id='word_1_574' title='bbox 1980 2131 2098 2180; x_wconf 82' lang='lat' dir='ltr'>igitur</span> <span class='ocrx_word' id='word_1_575' title='bbox 2121 2142 2218 2179; x_wconf 86' lang='lat' dir='ltr'>pro·—</span> 
     </span>
     <span class='ocr_line' id='line_1_85' title="bbox 1163 2188 2220 2241; baseline -0.001 -14"><span class='ocrx_word' id='word_1_576' title='bbox 1163 2197 1296 2241; x_wconf 89' lang='lat' dir='ltr'>pterea</span> <span class='ocrx_word' id='word_1_577' title='bbox 1311 2193 1365 2229; x_wconf 86' lang='lat' dir='ltr'>ita</span> <span class='ocrx_word' id='word_1_578' title='bbox 1382 2198 1511 2229; x_wconf 85' lang='lat' dir='ltr'>actum</span> <span class='ocrx_word' id='word_1_579' title='bbox 1529 2203 1608 2228; x_wconf 89' lang='lat' dir='ltr'>esse</span> <span class='ocrx_word' id='word_1_580' title='bbox 1621 2191 1859 2241; x_wconf 87' lang='lat' dir='ltr'>putabimus,</span> <span class='ocrx_word' id='word_1_581' title='bbox 1877 2188 1984 2239; x_wconf 89' lang='lat' dir='ltr'>quod</span> <span class='ocrx_word' id='word_1_582' title='bbox 1998 2189 2220 2226; x_wconf 89' lang='lat' dir='ltr'>anteceden-</span> 
     </span>
     <span class='ocr_line' id='line_1_86' title="bbox 1166 2249 2219 2300; baseline -0.004 -14"><span class='ocrx_word' id='word_1_583' title='bbox 1166 2251 1220 2287; x_wconf 89' lang='lat' dir='ltr'>tia</span> <span class='ocrx_word' id='word_1_584' title='bbox 1238 2251 1339 2287; x_wconf 86' lang='lat' dir='ltr'>Petri</span> <span class='ocrx_word' id='word_1_585' title='bbox 1357 2251 1528 2300; x_wconf 85' lang='lat' dir='ltr'>magistri</span> <span class='ocrx_word' id='word_1_586' title='bbox 1549 2251 1680 2287; x_wconf 84' lang='lat' dir='ltr'>omnia</span> <span class='ocrx_word' id='word_1_587' title='bbox 1703 2262 1725 2286; x_wconf 87' lang='lat' dir='ltr'>e</span> <span class='ocrx_word' id='word_1_588' title='bbox 1740 2249 1864 2287; x_wconf 90' lang='lat' dir='ltr'>Dione</span> <span class='ocrx_word' id='word_1_589' title='bbox 1891 2249 2120 2296; x_wconf 86' lang='lat' dir='ltr'>transcripta</span> <span class='ocrx_word' id='word_1_590' title='bbox 2140 2259 2219 2284; x_wconf 88' lang='lat' dir='ltr'>esse</span> 
     </span>
     <span class='ocr_line' id='line_1_87' title="bbox 1166 2306 2217 2356; baseline -0.005 -9"><span class='ocrx_word' id='word_1_591' title='bbox 1166 2309 1388 2347; x_wconf 78' lang='lat' dir='ltr'>constabat?</span> <span class='ocrx_word' id='word_1_592' title='bbox 1399 2310 1496 2347; x_wconf 87' lang='lat' dir='ltr'>Tum</span> <span class='ocrx_word' id='word_1_593' title='bbox 1512 2321 1606 2346; x_wconf 83' lang='lat' dir='ltr'>vero</span> <span class='ocrx_word' id='word_1_594' title='bbox 1627 2308 1809 2354; x_wconf 88' lang='lat' dir='ltr'>offendit,</span> <span class='ocrx_word' id='word_1_595' title='bbox 1829 2306 1939 2356; x_wconf 86' lang='lat' dir='ltr'>quod</span> <span class='ocrx_word' id='word_1_596' title='bbox 1956 2306 2035 2354; x_wconf 91' lang='lat' dir='ltr'>ejus</span> <span class='ocrx_word' id='word_1_597' title='bbox 2045 2307 2102 2343; x_wconf 92' lang='lat' dir='ltr'>rei</span> <span class='ocrx_word' id='word_1_598' title='bbox 2120 2317 2217 2342; x_wconf 84' lang='lat' dir='ltr'>non·</span> 
     </span>
     <span class='ocr_line' id='line_1_88' title="bbox 1166 2366 2220 2414; baseline -0.002 -11"><span class='ocrx_word' id='word_1_599' title='bbox 1166 2369 1238 2405; x_wconf 87' lang='lat' dir='ltr'>uisi</span> <span class='ocrx_word' id='word_1_600' title='bbox 1253 2369 1294 2404; x_wconf 90' lang='lat' dir='ltr'>in</span> <span class='ocrx_word' id='word_1_601' title='bbox 1310 2369 1421 2406; x_wconf 89' lang='lat' dir='ltr'>titulo</span> <span class='ocrx_word' id='word_1_602' title='bbox 1437 2370 1495 2405; x_wconf 89' lang='lat' dir='ltr'>De</span> <span class='ocrx_word' id='word_1_603' title='bbox 1511 2368 1725 2413; x_wconf 87' lang='lat' dir='ltr'>sententiis,</span> <span class='ocrx_word' id='word_1_604' title='bbox 1740 2379 1820 2403; x_wconf 89' lang='lat' dir='ltr'>non</span> <span class='ocrx_word' id='word_1_605' title='bbox 1836 2368 1928 2403; x_wconf 87' lang='lat' dir='ltr'>item</span> <span class='ocrx_word' id='word_1_606' title='bbox 1941 2367 1981 2402; x_wconf 89' lang='lat' dir='ltr'>in</span> <span class='ocrx_word' id='word_1_607' title='bbox 1996 2366 2148 2414; x_wconf 87' lang='lat' dir='ltr'>Eclogis</span> <span class='ocrx_word' id='word_1_608' title='bbox 2161 2366 2220 2401; x_wconf 88' lang='lat' dir='ltr'>De</span> 
     </span>
     <span class='ocr_line' id='line_1_89' title="bbox 1167 2423 2217 2476; baseline -0.004 -14"><span class='ocrx_word' id='word_1_609' title='bbox 1167 2428 1297 2476; x_wconf 84' lang='lat' dir='ltr'>legatis</span> <span class='ocrx_word' id='word_1_610' title='bbox 1316 2428 1416 2464; x_wconf 86' lang='lat' dir='ltr'>ratio</span> <span class='ocrx_word' id='word_1_611' title='bbox 1433 2426 1567 2463; x_wconf 83' lang='lat' dir='ltr'>habita</span> <span class='ocrx_word' id='word_1_612' title='bbox 1585 2427 1648 2463; x_wconf 89' lang='lat' dir='ltr'>sit.</span> <span class='ocrx_word' id='word_1_613' title='bbox 1669 2446 1724 2454; x_wconf 89' lang='lat'>—-</span> <span class='ocrx_word' id='word_1_614' title='bbox 1739 2426 1830 2472; x_wconf 77' lang='lat' dir='ltr'>Quae</span> <span class='ocrx_word' id='word_1_615' title='bbox 1850 2436 1970 2473; x_wconf 91' lang='lat' dir='ltr'>quum</span> <span class='ocrx_word' id='word_1_616' title='bbox 1989 2425 2040 2460; x_wconf 87' lang='lat' dir='ltr'>ita</span> <span class='ocrx_word' id='word_1_617' title='bbox 2055 2424 2150 2468; x_wconf 89' lang='lat' dir='ltr'>sint,</span> <span class='ocrx_word' id='word_1_618' title='bbox 2169 2423 2217 2459; x_wconf 90' lang='lat' dir='ltr'>de</span> 
     </span>
     <span class='ocr_line' id='line_1_90' title="bbox 1165 2475 2272 2529; baseline -0.005 -8"><span class='ocrx_word' id='word_1_619' title='bbox 1165 2486 1322 2522; x_wconf 90' lang='lat' dir='ltr'>nomine</span> <span class='ocrx_word' id='word_1_620' title='bbox 1335 2485 1499 2522; x_wconf 87' lang='lat' dir='ltr'>auctoris</span> <span class='ocrx_word' id='word_1_621' title='bbox 1510 2484 1607 2522; x_wconf 89' lang='lat' dir='ltr'>nihil</span> <span class='ocrx_word' id='word_1_622' title='bbox 1619 2495 1831 2521; x_wconf 85' lang='lat' dir='ltr'>asseverare</span> <span class='ocrx_word' id='word_1_623' title='bbox 1841 2491 1879 2519; x_wconf 93' lang='lat' dir='ltr'>et</span> <span class='ocrx_word' id='word_1_624' title='bbox 1891 2495 1940 2519; x_wconf 91' lang='lat' dir='ltr'>ne</span> <span class='ocrx_word' id='word_1_625' title='bbox 1951 2482 2122 2518; x_wconf 88' lang='lat' dir='ltr'>divinare</span> <span class='ocrx_word' id='word_1_626' title='bbox 2134 2475 2228 2529; x_wconf 55' lang='lat' dir='ltr'>qui:</span> <span class='ocrx_word' id='word_1_627' title='bbox 2270 2495 2272 2497; x_wconf 95' lang='lat'>·</span> 
     </span>
     <span class='ocr_line' id='line_1_91' title="bbox 1167 2542 2243 2591; baseline -0.005 -10"><span class='ocrx_word' id='word_1_628' title='bbox 1167 2544 1255 2581; x_wconf 90' lang='lat' dir='ltr'>dem</span> <span class='ocrx_word' id='word_1_629' title='bbox 1292 2545 1426 2583; x_wconf 87' lang='lat' dir='ltr'>ausim.</span> <span class='ocrx_word' id='word_1_630' title='bbox 1468 2544 1646 2582; x_wconf 86' lang='lat' dir='ltr'>Ceterum</span> <span class='ocrx_word' id='word_1_631' title='bbox 1677 2555 1815 2580; x_wconf 86' lang='lat' dir='ltr'>censeo</span> <span class='ocrx_word' id='word_1_632' title='bbox 1849 2543 2076 2591; x_wconf 89' lang='lat' dir='ltr'>scriptorem</span> <span class='ocrx_word' id='word_1_633' title='bbox 2114 2542 2220 2577; x_wconf 89' lang='lat' dir='ltr'>illum</span> <span class='ocrx_word' id='word_1_634' title='bbox 2238 2545 2243 2549; x_wconf 86' lang='grc'><strong>“</strong></span> 
     </span>
     <span class='ocr_line' id='line_1_92' title="bbox 1168 2601 2221 2649; baseline -0.005 -9"><span class='ocrx_word' id='word_1_635' title='bbox 1168 2605 1325 2642; x_wconf 89' lang='lat' dir='ltr'>omnino</span> <span class='ocrx_word' id='word_1_636' title='bbox 1352 2616 1434 2640; x_wconf 86' lang='lat' dir='ltr'>non</span> <span class='ocrx_word' id='word_1_637' title='bbox 1458 2615 1538 2640; x_wconf 90' lang='lat' dir='ltr'>esse</span> <span class='ocrx_word' id='word_1_638' title='bbox 1557 2603 1606 2640; x_wconf 90' lang='lat' dir='ltr'>de</span> <span class='ocrx_word' id='word_1_639' title='bbox 1636 2614 1800 2640; x_wconf 90' lang='lat' dir='ltr'>numero</span> <span class='ocrx_word' id='word_1_640' title='bbox 1831 2613 1966 2639; x_wconf 89' lang='lat' dir='ltr'>eorum</span> <span class='ocrx_word' id='word_1_641' title='bbox 1985 2602 2053 2649; x_wconf 89' lang='lat' dir='ltr'>qui</span> <span class='ocrx_word' id='word_1_642' title='bbox 2080 2602 2118 2636; x_wconf 90' lang='lat' dir='ltr'>in</span> <span class='ocrx_word' id='word_1_643' title='bbox 2140 2601 2221 2636; x_wconf 89' lang='lat' dir='ltr'>aliis</span> 
     </span>
     <span class='ocr_line' id='line_1_93' title="bbox 1167 2662 2216 2701; baseline -0.002 -2"><span class='ocrx_word' id='word_1_644' title='bbox 1167 2663 1285 2699; x_wconf 89' lang='lat' dir='ltr'>titulis</span> <span class='ocrx_word' id='word_1_645' title='bbox 1325 2662 1641 2701; x_wconf 88' lang='lat' dir='ltr'>Constantinianis</span> <span class='ocrx_word' id='word_1_646' title='bbox 1687 2662 1915 2697; x_wconf 87' lang='lat' dir='ltr'>nominatim</span> <span class='ocrx_word' id='word_1_647' title='bbox 1958 2667 2216 2697; x_wconf 86' lang='lat' dir='ltr'>recensentur.</span> 
     </span>
     <span class='ocr_line' id='line_1_94' title="bbox 1167 2722 2221 2771; baseline -0.004 -14"><span class='ocrx_word' id='word_1_648' title='bbox 1167 2722 1319 2758; x_wconf 88' lang='lat' dir='ltr'>Etenim</span> <span class='ocrx_word' id='word_1_649' title='bbox 1335 2734 1455 2770; x_wconf 89' lang='lat' dir='ltr'>quum</span> <span class='ocrx_word' id='word_1_650' title='bbox 1466 2729 1664 2771; x_wconf 83' lang='lat' dir='ltr'>excerptor</span> <span class='ocrx_word' id='word_1_651' title='bbox 1679 2732 1820 2757; x_wconf 89' lang='lat' dir='ltr'>nomen</span> <span class='ocrx_word' id='word_1_652' title='bbox 1833 2726 1971 2769; x_wconf 77' lang='lat' dir='ltr'>praeter</span> <span class='ocrx_word' id='word_1_653' title='bbox 1984 2731 2128 2756; x_wconf 87' lang='lat' dir='ltr'>morem</span> <span class='ocrx_word' id='word_1_654' title='bbox 2142 2730 2221 2754; x_wconf 90' lang='lat' dir='ltr'>non</span> 
     </span>
     <span class='ocr_line' id='line_1_95' title="bbox 1169 2777 2221 2829; baseline -0.003 -13"><span class='ocrx_word' id='word_1_655' title='bbox 1169 2781 1408 2829; x_wconf 85' lang='lat' dir='ltr'>apposuerit,</span> <span class='ocrx_word' id='word_1_656' title='bbox 1426 2788 1695 2829; x_wconf 87' lang='lat' dir='ltr'>excerptorum</span> <span class='ocrx_word' id='word_1_657' title='bbox 1713 2786 1841 2816; x_wconf 85' lang='lat' dir='ltr'>autem</span> <span class='ocrx_word' id='word_1_658' title='bbox 1863 2778 2067 2815; x_wconf 88' lang='lat' dir='ltr'>adornatio</span> <span class='ocrx_word' id='word_1_659' title='bbox 2088 2777 2221 2814; x_wconf 86' lang='lat' dir='ltr'>eadem</span> 
     </span>
     <span class='ocr_line' id='line_1_96' title="bbox 1169 2836 2222 2887; baseline -0.006 -11"><span class='ocrx_word' id='word_1_660' title='bbox 1169 2840 1237 2884; x_wconf 90' lang='lat' dir='ltr'>sit,</span> <span class='ocrx_word' id='word_1_661' title='bbox 1259 2852 1342 2887; x_wconf 80' lang='lat' dir='ltr'>quae</span> <span class='ocrx_word' id='word_1_662' title='bbox 1361 2840 1403 2874; x_wconf 88' lang='lat' dir='ltr'>in</span> <span class='ocrx_word' id='word_1_663' title='bbox 1429 2840 1565 2876; x_wconf 91' lang='lat' dir='ltr'>Dionis</span> <span class='ocrx_word' id='word_1_664' title='bbox 1582 2838 1747 2887; x_wconf 86' lang='lat' dir='ltr'>eclogis‚</span> <span class='ocrx_word' id='word_1_665' title='bbox 1777 2837 1918 2886; x_wconf 88' lang='lat' dir='ltr'>quibus</span> <span class='ocrx_word' id='word_1_666' title='bbox 1937 2849 2011 2886; x_wconf 89' lang='lat' dir='ltr'>pro</span> <span class='ocrx_word' id='word_1_667' title='bbox 2035 2836 2222 2872; x_wconf 88' lang='lat' dir='ltr'>lemmatis</span> 
     </span>
     <span class='ocr_line' id='line_1_97' title="bbox 1167 2894 2221 2947; baseline -0.004 -14"><span class='ocrx_word' id='word_1_668' title='bbox 1167 2899 1325 2934; x_wconf 86' lang='lat' dir='ltr'>nomina</span> <span class='ocrx_word' id='word_1_669' title='bbox 1338 2898 1614 2947; x_wconf 88' lang='lat' dir='ltr'>imperatorum</span> <span class='ocrx_word' id='word_1_670' title='bbox 1629 2895 1879 2946; x_wconf 82' lang='lat' dir='ltr'>praefiguntur</span> <span class='ocrx_word' id='word_1_671' title='bbox 1897 2907 1906 2931; x_wconf 91' lang='lat'><strong>:</strong></span> <span class='ocrx_word' id='word_1_672' title='bbox 1924 2895 2091 2944; x_wconf 91' lang='lat' dir='ltr'>suspicio</span> <span class='ocrx_word' id='word_1_673' title='bbox 2104 2894 2221 2930; x_wconf 87' lang='lat' dir='ltr'>nasci-</span> 
     </span>
    </p>
   </div>
   <div class='ocr_carea' id='block_1_11' title="bbox 1169 3002 2222 3407">
    <p class='ocr_par' dir='ltr' id='par_1_14' title="bbox 1169 3002 2222 3407">
     <span class='ocr_line' id='line_1_98' title="bbox 1173 3002 2221 3047; baseline -0.004 -10"><span class='ocrx_word' id='word_1_674' title='bbox 1173 3005 1333 3046; x_wconf 82' lang='lat' dir='ltr'>elegisset,</span> <span class='ocrx_word' id='word_1_675' title='bbox 1348 3005 1430 3047; x_wconf 83' lang='lat' dir='ltr'>regis</span> <span class='ocrx_word' id='word_1_676' title='bbox 1443 3006 1544 3039; x_wconf 78' lang='lat' dir='ltr'>lilium</span> <span class='ocrx_word' id='word_1_677' title='bbox 1567 3006 1689 3046; x_wconf 73' lang='lat' dir='ltr'>poscit&#39;,</span> <span class='ocrx_word' id='word_1_678' title='bbox 1706 3012 1803 3047; x_wconf 86' lang='lat' dir='ltr'>quem</span> <span class='ocrx_word' id='word_1_679' title='bbox 1822 3013 1924 3037; x_wconf 91' lang='lat' dir='ltr'>unum</span> <span class='ocrx_word' id='word_1_680' title='bbox 1942 3013 2000 3046; x_wconf 89' lang='lat' dir='ltr'>pro</span> <span class='ocrx_word' id='word_1_681' title='bbox 2015 3003 2126 3036; x_wconf 86' lang='lat' dir='ltr'>multis</span> <span class='ocrx_word' id='word_1_682' title='bbox 2137 3002 2221 3034; x_wconf 83' lang='lat' dir='ltr'>obsi-</span> 
     </span>
     <span class='ocr_line' id='line_1_99' title="bbox 1171 3055 2219 3099; baseline -0.004 -9"><span class='ocrx_word' id='word_1_683' title='bbox 1171 3058 1245 3091; x_wconf 88' lang='lat' dir='ltr'>dem</span> <span class='ocrx_word' id='word_1_684' title='bbox 1264 3057 1438 3098; x_wconf 80' lang='lat' dir='ltr'>detineret3</span> <span class='ocrx_word' id='word_1_685' title='bbox 1455 3059 1482 3091; x_wconf 92' lang='lat' dir='ltr'>is</span> <span class='ocrx_word' id='word_1_686' title='bbox 1502 3059 1612 3091; x_wconf 82' lang='lat' dir='ltr'>autem</span> <span class='ocrx_word' id='word_1_687' title='bbox 1626 3061 1691 3098; x_wconf 86' lang='lat' dir='ltr'>jam</span> <span class='ocrx_word' id='word_1_688' title='bbox 1705 3057 1788 3091; x_wconf 84' lang='lat' dir='ltr'>inter</span> <span class='ocrx_word' id='word_1_689' title='bbox 1801 3057 1943 3099; x_wconf 87' lang='lat' dir='ltr'>captivos</span> <span class='ocrx_word' id='word_1_690' title='bbox 1957 3066 1977 3089; x_wconf 85' lang='lat' dir='ltr'>a</span> <span class='ocrx_word' id='word_1_691' title='bbox 1992 3055 2144 3089; x_wconf 85' lang='lat' dir='ltr'>Romanis</span> <span class='ocrx_word' id='word_1_692' title='bbox 2161 3062 2219 3086; x_wconf 85' lang='lat' dir='ltr'>cu-</span> 
     </span>
     <span class='ocr_line' id='line_1_100' title="bbox 1171 3105 2222 3151; baseline -0.006 -9"><span class='ocrx_word' id='word_1_693' title='bbox 1171 3109 1381 3142; x_wconf 83' lang='lat' dir='ltr'>stodiebatur.</span> <span class='ocrx_word' id='word_1_694' title='bbox 1401 3110 1464 3143; x_wconf 90' lang='lat' dir='ltr'>Sed</span> <span class='ocrx_word' id='word_1_695' title='bbox 1488 3110 1616 3143; x_wconf 87' lang='lat' dir='ltr'>barbari</span> <span class='ocrx_word' id='word_1_696' title='bbox 1644 3110 1751 3151; x_wconf 88' lang='lat' dir='ltr'>ipsum</span> <span class='ocrx_word' id='word_1_697' title='bbox 1776 3109 1909 3150; x_wconf 87' lang='lat' dir='ltr'>periisse</span> <span class='ocrx_word' id='word_1_698' title='bbox 1923 3107 2161 3146; x_wconf 84' lang='lat' dir='ltr'>existimantes,</span> <span class='ocrx_word' id='word_1_699' title='bbox 2181 3105 2222 3137; x_wconf 88' lang='lat' dir='ltr'>ad</span> 
     </span>
     <span class='ocr_line' id='line_1_101' title="bbox 1172 3159 2222 3203; baseline -0.006 -8"><span class='ocrx_word' id='word_1_700' title='bbox 1172 3164 1297 3195; x_wconf 90' lang='lat' dir='ltr'>luctum</span> <span class='ocrx_word' id='word_1_701' title='bbox 1310 3164 1344 3196; x_wconf 86' lang='lat' dir='ltr'>et</span> <span class='ocrx_word' id='word_1_702' title='bbox 1352 3171 1526 3196; x_wconf 83' lang='lat' dir='ltr'>moerorem</span> <span class='ocrx_word' id='word_1_703' title='bbox 1542 3171 1609 3195; x_wconf 87' lang='lat' dir='ltr'>una</span> <span class='ocrx_word' id='word_1_704' title='bbox 1626 3171 1702 3195; x_wconf 89' lang='lat' dir='ltr'>cum</span> <span class='ocrx_word' id='word_1_705' title='bbox 1715 3171 1787 3203; x_wconf 86' lang='lat' dir='ltr'>rege</span> <span class='ocrx_word' id='word_1_706' title='bbox 1800 3160 1965 3200; x_wconf 87' lang='lat' dir='ltr'>conversi,</span> <span class='ocrx_word' id='word_1_707' title='bbox 1982 3159 2130 3192; x_wconf 84' lang='lat' dir='ltr'>obtestati</span> <span class='ocrx_word' id='word_1_708' title='bbox 2146 3159 2222 3190; x_wconf 88' lang='lat' dir='ltr'>sunt</span> 
     </span>
     <span class='ocr_line' id='line_1_102' title="bbox 1171 3211 2217 3256; baseline -0.008 -9"><span class='ocrx_word' id='word_1_709' title='bbox 1171 3216 1332 3247; x_wconf 79' lang='lat' dir='ltr'>Caesarem</span> <span class='ocrx_word' id='word_1_710' title='bbox 1341 3238 1351 3255; x_wconf 91' lang='lat'>,</span> <span class='ocrx_word' id='word_1_711' title='bbox 1374 3223 1416 3247; x_wconf 91' lang='lat' dir='ltr'>ne</span> <span class='ocrx_word' id='word_1_712' title='bbox 1432 3224 1451 3247; x_wconf 87' lang='lat' dir='ltr'>a</span> <span class='ocrx_word' id='word_1_713' title='bbox 1465 3223 1500 3248; x_wconf 89' lang='lat' dir='ltr'>se</span> <span class='ocrx_word' id='word_1_714' title='bbox 1513 3223 1569 3255; x_wconf 85' lang='lat' dir='ltr'>ea,</span> <span class='ocrx_word' id='word_1_715' title='bbox 1585 3222 1660 3256; x_wconf 83' lang='lat' dir='ltr'>quae</span> <span class='ocrx_word' id='word_1_716' title='bbox 1678 3215 1830 3255; x_wconf 77' lang='lat' dir='ltr'>praestare</span> <span class='ocrx_word' id='word_1_717' title='bbox 1839 3221 1904 3245; x_wconf 91' lang='lat' dir='ltr'>non</span> <span class='ocrx_word' id='word_1_718' title='bbox 1918 3212 2058 3254; x_wconf 89' lang='lat' dir='ltr'>possent,</span> <span class='ocrx_word' id='word_1_719' title='bbox 2072 3211 2194 3250; x_wconf 85' lang='lat' dir='ltr'>peteret</span> <span class='ocrx_word' id='word_1_720' title='bbox 2209 3219 2217 3239; x_wconf 95' lang='lat'><strong>:</strong></span> 
     </span>
     <span class='ocr_line' id='line_1_103' title="bbox 1170 3260 2220 3308; baseline -0.009 -8"><span class='ocrx_word' id='word_1_721' title='bbox 1170 3267 1258 3308; x_wconf 87' lang='lat' dir='ltr'>quod</span> <span class='ocrx_word' id='word_1_722' title='bbox 1282 3268 1420 3308; x_wconf 82' lang='lat' dir='ltr'>faceret,</span> <span class='ocrx_word' id='word_1_723' title='bbox 1439 3275 1541 3308; x_wconf 89' lang='lat' dir='ltr'>quum</span> <span class='ocrx_word' id='word_1_724' title='bbox 1569 3275 1642 3307; x_wconf 89' lang='lat' dir='ltr'>eos,</span> <span class='ocrx_word' id='word_1_725' title='bbox 1657 3266 1713 3307; x_wconf 87' lang='lat' dir='ltr'>qui</span> <span class='ocrx_word' id='word_1_726' title='bbox 1734 3266 1802 3306; x_wconf 87' lang='lat' dir='ltr'>jam</span> <span class='ocrx_word' id='word_1_727' title='bbox 1818 3266 1884 3297; x_wconf 83' lang='lat' dir='ltr'>fato</span> <span class='ocrx_word' id='word_1_728' title='bbox 1900 3263 2002 3297; x_wconf 84' lang='lat' dir='ltr'>suncti</span> <span class='ocrx_word' id='word_1_729' title='bbox 2024 3263 2139 3300; x_wconf 87' lang='lat' dir='ltr'>essent,</span> <span class='ocrx_word' id='word_1_730' title='bbox 2160 3260 2220 3292; x_wconf 84' lang='lat' dir='ltr'>sibi</span> 
     </span>
     <span class='ocr_line' id='line_1_104' title="bbox 1170 3313 2218 3363; baseline -0.009 -11"><span class='ocrx_word' id='word_1_731' title='bbox 1170 3321 1239 3353; x_wconf 85' lang='lat' dir='ltr'>dari</span> <span class='ocrx_word' id='word_1_732' title='bbox 1254 3321 1381 3356; x_wconf 87' lang='lat' dir='ltr'>obsides</span> <span class='ocrx_word' id='word_1_733' title='bbox 1393 3321 1588 3363; x_wconf 85' lang='lat' dir='ltr'>postularet,</span> <span class='ocrx_word' id='word_1_734' title='bbox 1601 3329 1666 3362; x_wconf 88' lang='lat' dir='ltr'>quo</span> <span class='ocrx_word' id='word_1_735' title='bbox 1681 3318 1758 3353; x_wconf 84' lang='lat' dir='ltr'>satis</span> <span class='ocrx_word' id='word_1_736' title='bbox 1772 3327 1806 3353; x_wconf 91' lang='lat' dir='ltr'>se</span> <span class='ocrx_word' id='word_1_737' title='bbox 1821 3317 1942 3351; x_wconf 81' lang='lat' dir='ltr'>soedera</span> <span class='ocrx_word' id='word_1_738' title='bbox 1956 3317 2058 3350; x_wconf 79' lang='lat' dir='ltr'>facere</span> <span class='ocrx_word' id='word_1_739' title='bbox 2073 3313 2158 3347; x_wconf 88' lang='lat' dir='ltr'>nolle</span> <span class='ocrx_word' id='word_1_740' title='bbox 2169 3313 2218 3344; x_wconf 90' lang='lat' dir='ltr'>in-</span> 
     </span>
     <span class='ocr_line' id='line_1_105' title="bbox 1169 3373 1300 3407; baseline 0 -1"><span class='ocrx_word' id='word_1_741' title='bbox 1169 3373 1300 3407; x_wconf 86' lang='lat' dir='ltr'>dicaret.</span> 
     </span>
    </p>
   </div>
  </div>
 </body>
</html>
