2326 3724
991 202 1304 243 FRAGMENTA
1313 233 1321 242 .

362 309 416 357 AS.
452 309 538 358 (an.
571 308 793 358 475—477.)

121 398 274 443 [Svuidas
292 409 300 433 z
317 394 356 434 Ἃ
368 394 503 448 ρμοίτο
514 412 542 438 ς.
565 395 650 434 Ὅτι
666 394 875 439 Βασιλίσκος
890 398 907 433 ὁ
928 394 1107 447 βασιλεὺς,

65 455 208 507 ἐπείπερ
227 456 274 498 ὥς
292 459 448 506 συγγενεῖ
463 455 512 506 τῷ
529 452 692 507 Ἅρμάτῳ
722 455 829 497 ἀδεῶς
847 453 1032 505 ἐπέτρεπεν
1053 455 1104 491 ἐν·

64 513 248 564 τυγχάνειν
269 512 439 559 Ζηνωνίδι
455 515 498 564 τῇ
517 511 691 563 βασιλίδι,
711 511 917 564 τριὸομένης
934 527 1030 565 σφισι
1047 515 1108 559 τῆς

65 571 222 621 ὁμιλίας,
255 570 315 609 καὶ
345 586 406 608 του
435 569 584 613 κάλλους
615 571 727 607 αὐτῶν
762 572 824 609 οὐκ
856 568 1107 630 εὖπαροδεύτου

69 628 226 676 ὄντος,”
203 644 309 682 αμφω
326 628 520 675 ἀλλήλων’
504 627 658 672 εκτόπως
676 628 783 680 ἤρων.
807 628 939 681 Ῥίψεις
957 631 1014 666 οὖν
1042 630 1106 679 ὀμ·-

68 686 188 736 μάτων
208 687 262 725 ἐπ’
281 686 484 734 ἀλλήλους’
469 686 617 738 εγίνοντο
636 686 695 724 καὶ
714 685 976 739 παρεκστροφαὶ
1005 702 1105 724 συνε-

64 746 137 797 χεῖς
157 744 352 798 προσώπων
373 744 433 783 καὶ
454 744 693 796 μειδιαμάτων
712 744 931 795 μεταδόσεις,
951 744 1052 787 πόνος
1069 759 1106 781 τε

21 809 24 812 ’
66 802 155 852 μετὰ
188 807 298 841 ταῦτα
331 802 455 855 ἔρωτος
485 805 544 841 ὑπ’
572 802 649 856 ὄψιν
685 801 906 854 στεγομένου.
941 802 1042 842 Ἐπεὶ
1073 802 1107 840 δὲ

64 861 313 914 κοινωσάμενοι
341 862 379 900 τὸ
414 862 522 904 πάθος
554 860 688 909 Δανιὴλ
712 861 864 914 εὐνούχῳ
892 861 951 899 καὶ
983 861 1107 914 Μαρία

66 919 155 972 μαίᾳ
175 921 319 958 ἷάσαντο
334 923 435 958 τοῦτο
459 920 570 971 μόλις
575 923 618 972 τῇ
637 937 699 967 της
703 919 869 981 „ikffiffffi‘i’
861 919 1011 973 ιατρεία,
1033 922 1106 967 Ζη-

64 977 164 1022 νωνὶς
193 978 404 1018 Βασιλίσκον
437 978 493 1017 διὰ
523 978 671 1023 θωπείας
702 982 764 1030 ἠγε
792 995 854 1017 του
881 978 939 1016 τὸν
959 977 1106 1031 ἐραστὴν

64 1037 156 1089 ἔχειν
177 1039 210 1075 ἐν
230 1041 272 1090 τῇ
297 1037 396 1075 πόλει
426 1037 470 1075 τὰ
490 1038 658 1090 πρωτεῖα.
683 1037 800 1091 Ορων
831 1037 868 1076 δὲ
897 1037 1108 1091 Θευδέριχος

63 1094 258 1146 τιμώμενον
278 1098 317 1135 ἐκ
342 1095 481 1134 πάντων
499 1096 685 1149 Ἁρμάτον,
705 1096 883 1149 ἤσχαλλεν
902 1098 948 1140 ὡς
975 1112 1106 1149 παρευ-

65 1153 346 1205 δοκιμούμενος
331 1171 371 1193 εκ
401 1155 499 1202 νέου,
523 1158 654 1218 τριχῶν
686 1155 786 1206 μόνον
820 1157 880 1194 καὶ
909 1171 971 1202 της
1000 1155 1107 1202 ἄλλης

64 1212 298 1285 φροντίζοντος
317 1214 535 1263 σωμασκίας.
563 1213 606 1254 Ὁ
627 1214 656 1252 δ’
678 1213 849 1265 Ἁρμάτος
872 1212 911 1251 ἔκ
935 1229 971 1251 τε
1002 1220 1108 1266 φορᾶς

63 1271 258 1325 χρημάτων
278 1271 338 1310 καὶ
357 1275 461 1320 τιμῆς
481 1272 630 1311 ἀπλέτου
650 1272 835 1325 τυφωθεις,
855 1272 974 1310 οὐδένα
1002 1274 1106 1310 αὐτοῦ

63 1329 150 1382 ᾤετο
183 1330 320 1368 διοίσειν
355 1331 411 1368 ἐπ’
442 1329 593 1382 ἀνδρεία.
630 1330 703 1369 Καὶ
728 1345 890 1368 τοσουτον
920 1331 1025 1368 αὐτοῦ
1046 1329 1107 1376 ἥδε

63 1389 85 1433 ἡ
104 1387 170 1433 ἄλη
187 1387 387 1439 ἐπεκράτει,
406 1389 453 1431 ὡς
472 1387 597 1435 σκευὴν
615 1387 876 1438 ἀναλαμὸάνειν
894 1389 905 1439 (
920 1387 1107 1426 ἀναλαὸεῒν

62 1446 168 1482 Suid.
191 1459 229 1482 v.
251 1441 362 1493 Ἄλη,
377 1447 447 1482 ubi
475 1445 583 1497 ead.)
613 1445 819 1498 Ἀχιλλέως,
840 1445 929 1484 οὕτω
947 1462 985 1484 τε
1005 1462 1107 1500 περι-

64 1502 192 1541 ὅαίνειν
214 1503 308 1555 (εἷς)
325 1502 433 1541 ἵππον
453 1503 512 1542 καὶ
537 1503 627 1542 κατὰ
651 1505 708 1543 τὸν
728 1504 945 1557 ἱππόδρομον
975 1505 1105 1557 φρυάτ-

61 1566 180 1603 τεσθαι
191 1566 250 1600 τοῦ
270 1561 380 1603 οἴκου,
393 1562 518 1615 Ἔξῆρε
533 1562 568 1601 δὲ
581 1567 702 1602 τοῦτον
719 1563 829 1602 πλείω
841 1563 927 1616 πρὸς
942 1563 1105 1612 τοιαύτην

63 1619 163 1665 δόξαν
189 1620 372 1671 μαίνεσθαι
390 1620 430 1659 τὸ
449 1621 516 1660 ὑπὸ
536 1621 648 1672 δήμου
674 1622 846 1676 σύρφακος
865 1624 899 1661 ἐν
920 1622 1106 1676 εὐφημίαις

63 1680 310 1717 ἀνακαλεῖσθαι
342 1678 496 1732 Πύρρον.
519 1679 587 1725 e*Oc
615 1683 645 1719 εἰ
664 1679 727 1732 μὲν
747 1680 853 1725 οὕτως
880 1681 965 1720 ἔὸόα
990 1682 1047 1720 διὰ
1067 1682 1106 1720 τὸ

63 1738 370 1790 ἓρυθροπρόσωπον
401 1733 508 1787 εἶναι,
537 1738 652 1790 ἔλεγεν
684 1739 818 1778 εἰκότα·
843 1741 872 1778 εἷ
903 1739 932 1778 δ’
958 1741 1004 1784 ὡς
1022 1740 1107 1793 πρὸς

62 1795 201 1835 ἔπαινον
237 1796 414 1848 ἀνδρείας,
448 1796 583 1849 ἔθελγεν
615 1800 662 1842 ὡς
689 1798 863 1839 νέον.οὖ
891 1799 958 1851 γὰρ
989 1798 1106 1851 ἥρωας

61 1852 261 1903 ἔὸαλλεν,“
243 1871 288 1898 ως
309 1854 446 1907 Πύρρος
465 1855 499 1907 [ὁ
518 1855 704 1908 Ἀχιλλέως
734 1859 824 1895 add.
857 1872 895 1895 v.
920 1856 1105 1911 Σύρφαξ],

62 1911 153 1950 ἀλλὰ
172 1913 387 1965 γυναιμανὴς
405 1917 464 1964 ἠν,
480 1915 526 1958 ὡς
543 1914 668 1967 Πάρις.

115 1970 368 2041 ‘Apis-“duom
390 1966 502 2016 Ουτος
524 1971 686 2045 μέγιστον
706 1972 829 2026 ἴσχυσε
851 1972 949 2026 παρὰ
967 1976 1009 2026 τῇ
1032 1976 1104 2021 Ζη-

61 2027 178 2066 νωνίδι
195 2030 237 2078 τῇ
272 2028 458 2082 βασιλίσσῃ
481 2045 542 2068 και
565 2032 661 2084 αὐτῳ
691 2031 907 2083 Βασιλίσκω.
938 2031 1102 2085 Ἐσφάγη

61 2085 98 2123 δὲ
126 2085 192 2123 υπὸ
213 2087 372 2132 Ζήνωνος
399 2091 461 2126 τοῦ
485 2089 668 2140 βασιλέως.
696 2091 768 2128 Καὶ
797 2089 1043 2142 ὑπερησθησαν
1074 2090 1105 2128 οἳ

61 2144 201 2182 πολῖται
219 2148 262 2197 τῇ
290 2145 411 2184 τούτου
443 2150 575 2199 σφαγῇ.
598 2147 682 2186 Ἐπὶ
708 2147 776 2200 γὰρ
808 2148 954 2192 Λέοντος
985 2148 1106 2202 πρὸς*

60 2201 138 2247 τους
169 2203 435 2255 στασιάζοντας,
470 2205 568 2250 ὅσους
602 2205 707 2245 λάὸοι
743 2209 811 2245 τῶν
846 2209 1011 2260 Θρακῶν,
1040 2207 1102 2251 τὰς

2134 215 2203 246 117

1167 296 1286 343 χεῖρας
1306 290 1479 340 ἐκτέμνων
1497 290 1699 342 ἀπέπεμπε.
1722 292 1931 346 Ὀνόουλφος
1955 293 1990 331 δὲ
2012 294 2113 332 αὐτὸν
2144 297 2211 333 διε-

1168 347 1326 399 χρήσατο
1339 377 1348 395 ,
1367 346 1481 385 ὅντινα
1496 350 1514 386 ὁ
1532 347 1716 400 Ἁρμάτιος
1735 349 1868 396 πένητα
1888 350 1947 388 καὶ
1966 351 2043 402 ἄρτι
2064 354 2102 390 ἐκ
2120 355 2210 404 βαρ-

1169 405 1284 458 ὅάρων
1301 406 1430 453 ἥκοντα
1453 406 1662 459 προσλαὸὼν
1684 408 1914 460 φιλοφρόνως,
1935 408 1973 446 τὸ
1995 408 2056 458 μὲν
2074 413 2210 461 πρῶτον

1168 464 1308 515 κόμητα
1340 465 1516 515 ἐποίησεν,
1544 465 1665 504 ἔπειτα
1695 466 1754 504 καὶ
1784 467 1977 518 στρατηγὸν
2009 468 2209 520 Ἰλλυριῶν,

1167 524 1226 561 καὶ
1247 525 1293 568 εἷς
1310 524 1462 562 ἑστίασιν
1483 523 1575 577 ἔχειν
1596 524 1703 563 πολὺν
1724 524 1872 577 ἄργυρον
1903 523 2071 577 παρέσχε.
2096 525 2212 564 Ἀντέ-

1168 583 1257 620 δωκε
1276 582 1311 620 δὲ
1331 582 1442 636 τούτῳ
1461 582 1524 630 τὴν
1559 582 1775 637 βαρὸαρικὴν
1803 583 1966 621 ἀπιστίαν
1988 584 2076 633 μετὰ
2099 585 2212 636 χειρὸς

1169 641 1395 694 μιαιφόνου.]

1219 703 1433 750 Utrumque
1466 703 1595 738 locum
1626 703 1778 738 Malcho
1809 703 1942 738 tribuit
1966 702 2209 739 Niebuhrius.

1167 762 1405 808 Quamquam
1430 769 1467 797 et
1492 762 1532 796 in
1559 761 1762 797 scribendo
1781 761 1935 797 nomine
1965 762 2136 797 Har-mati
2155 763 2213 796 vel

1169 821 1354 855 Harmatii
1389 820 1584 856 diversitas
1618 827 1655 856 et
1693 822 1876 857 orationis
1905 821 2013 856 color
2046 820 2213 856 diversus

1167 890 1304 926 parum
1324 878 1424 914 favet
1438 878 1527 914 huic
1547 880 1751 914 sententiae.
1772 880 1943 914 Priorem
1968 879 2094 913 locum
2119 878 2213 914 Can-

1167 936 1260 972 dido
1290 938 1422 973 lsauro
1448 939 1639 987 Toupius,
1663 939 1863 974 Damascio
1893 939 1933 972 in
1954 939 2039 974 Vita
2063 938 2213 973 Isodori

1166 996 1334 1032 Valesius
1346 996 1414 1045 (ad
1429 997 1567 1046 Euagr.
1582 998 1678 1033 Hist.
1693 995 1814 1045 Eccl.)
1830 996 2104 1033 tribuit.--Pro
2118 999 2214 1032 Tou-

1165 1055 1221 1102 pii
1237 1056 1422 1091 sententia
1444 1056 1534 1091 facit
1553 1056 1659 1104 quod
1675 1056 1714 1091 in
1732 1055 1893 1093 Candidi
1912 1068 1993 1091 exc.
2013 1067 2074 1104 ap.
2099 1056 2209 1091 Phot.

1166 1126 1306 1149 nornen
1325 1115 1398 1149 viri
1429 1122 1484 1150 est
1511 1113 1691 1165 Ἀρμάτος.
1715 1115 1761 1150 In
1782 1114 1923 1150 Malchi
1955 1123 2122 1163 excerpt.
2158 1117 2214 1150 Dc

1168 1171 1240 1220 leg.
1269 1171 1339 1220 (fr.
1365 1172 1432 1221 10)
1454 1185 1594 1208 nomen
1622 1180 1677 1208 est
1701 1170 1905 1223 Ἁρμάτιος,
1924 1180 1968 1208 ut
1989 1174 2026 1208 iu
2046 1175 2213 1210 secundo

1167 1229 1290 1266 Suidae
1310 1231 1398 1267 loco
1425 1233 1575 1280 legitur.
1599 1233 1655 1267 Ex
1677 1233 1803 1280 primo
1831 1233 1919 1267 loco
1940 1233 2123 1269 nonnulla
2151 1246 2213 1268 re-

1165 1296 1346 1336 petuntur
1356 1303 1391 1326 v.
1401 1285 1487 1335 Ἄλη
1500 1298 1537 1326 et
1548 1288 1706 1340 Σύρφαξ,
1717 1290 1789 1326 Pro
1801 1288 2031 1341 φρυάττεσθαι
2045 1293 2106 1327 τοῦ
2119 1289 2212 1328 οἴκου

1170 1346 1288 1395 (quod
1299 1349 1435 1396 optimi
1450 1348 1562 1384 codd.
1578 1350 1693 1384 etiam
1704 1361 1734 1386 s,
1746 1361 1783 1384 ν.
1798 1345 1886 1393 Ἀλη
1898 1349 2083 1397 praebent,
2099 1352 2214 1386 ceteri

1165 1417 1257 1440 vero
1283 1418 1291 1443 :
1318 1419 1378 1457 φρ.
1411 1407 1468 1442 τοῦ
1495 1404 1628 1455 ἵππου)
1658 1407 1827 1454 Toupius
1855 1407 1971 1442 scribi
1998 1408 2078 1442 vult
2105 1421 2215 1444 κατα-

1167 1462 1400 1514 φρυάττεσθαι
1433 1466 1493 1502 τοῦ
1527 1463 1646 1515 ὄχλου.
1678 1466 1944 1513 Bernhardyus
1971 1479 2111 1502 nornen
2139 1468 2216 1502 loci

1164 1523 1324 1559 recondi
1344 1523 1470 1572 (velut
1484 1525 1688 1573 Zeuxippi,
1706 1525 1745 1559 in
1762 1525 1904 1562 Chron.
1928 1525 2062 1564 Pasch,
2077 1538 2117 1573 p.
2139 1525 2213 1561 285

1165 1581 1218 1630 B)
1244 1583 1471 1631 suspicatur.
1495 1583 1673 1619 Ceterum
1697 1583 1743 1619 de
1766 1585 1954 1619 Harmatii
1972 1585 2131 1620 historia
2151 1585 2214 1619 adi

1166 1641 1494 1689 diligentissimum
1506 1649 1678 1677 nostrum
1691 1643 1977 1679 Tillemontium
1987 1645 2053 1688 VI,
2062 1657 2102 1692 p.
2123 1645 2170 1686 48
2180 1658 2192 1679 1
2204 1672 2212 1681 .

1169 1698 1259 1742 483.
1283 1698 1372 1742 488.

1650 1758 1672 1794 8
1695 1772 1733 1794 a.

1220 1855 1310 1891 Exc.
1334 1855 1386 1890 De
1404 1855 1477 1902 leg.
1504 1855 1613 1889 Rom.
1636 1866 1676 1902 p.
1701 1853 1750 1889 88
1778 1866 1786 1889 :
1805 1849 1891 1891 Ὅτι
1912 1853 1930 1872 ²*
1947 1852 2082 1905 φεύγειν
2100 1868 2136 1890 τε
2157 1853 2215 1890 καὶ

1166 1912 1366 1949 πλανᾶσθαι
1378 1910 1438 1949 καὶ
1453 1911 1625 1961 μηδαμῶς
1642 1909 1809 1948 δύνασθαι
1824 1913 1892 1949 τῶν
1909 1914 2026 1950 κακῶν
2044 1914 2217 1950 ἀναπνεῦ-

1167 1985 1244 2017 σαι,
1263 1969 1348 2021 παρ’
1369 1963 1418 2013 οἷς
1438 1984 1496 2019 μοι
1516 1973 1575 2007 τοῦ
1594 1969 1815 2020 πταίσματος
1830 1970 1975 2017 ἤλπιζον
1994 1965 2081 2008 εἶναι
2106 1986 2216 2022 παρα-

1166 2027 1297 2080 ψυχήν.
1319 2030 1444 2067 Verba
1465 2031 1626 2066 Zenonis
1644 2030 1775 2066 exulis.

1488 2130 1525 2166 9.
1563 2118 1644 2167 (an.
1677 2118 1751 2164 476
1781 2118 1896 2166 Juli.)

1223 2209 1378 2260 [Suidas
1392 2223 1428 2246 v.
1448 2208 1532 2256 Ζήν
1544 2225 1599 2248 ων
1621 2225 1628 2246 :
1647 2208 1731 2248 ’Ότι
1746 2208 1867 2257 Ζήνων
1884 2211 1902 2248 ὃ
1919 2209 2093 2262 βασιλεὺς,
2110 2211 2215 2248 πυθό-

574 2323 609 2354 8.

101 2376 309 2407 llarmatus.
325 2377 434 2413 Quum
449 2377 805 2419 Basiliscus-imperator
817 2379 982 2418 Harmato,
997 2379 1033 2411 ut
1049 2388 1104 2411 co-

59 2426 155 2465 gnato
167 2450 176 2465 ‚
197 2426 333 2458 liberum
347 2427 471 2459 aditum
485 2428 526 2459 ad
536 2438 670 2461 uxorem
683 2430 878 2462 Zenonidem
893 2431 1103 2471 permitteret,

59 2484 160 2516 eaque
176 2478 373 2510 consuetudo
403 2479 524 2511 diutius
540 2480 672 2513 duraret
693 2484 724 2513 et
737 2482 904 2522 utriusque
926 2483 1027 2514 forma
1039 2492 1104 2515 non

60 2527 198 2568 vulgaris
215 2531 297 2561 esset
308 2554 317 2569 ,
331 2530 426 2562 ambo
440 2533 554 2563 mutuo
567 2541 677 2565 amore
690 2533 894 2565 vehementer
903 2534 1015 2566 ardere
1028 2544 1102 2566 ocu·

60 2578 209 2620 losquein
219 2589 252 2612 se
268 2581 404 2613 vicissim
417 2575 583 2622 conjicere,
601 2585 634 2615 et
646 2585 756 2616 vultus
772 2584 907 2617 subinde
914 2588 1102 2619 convertere

59 2633 92 2663 et
107 2632 171 2664 risu
184 2634 298 2664 mutuo
322 2633 456 2665 blandiri
468 2635 528 2666 sibi
554 2638 728 2676 coeperunt.
745 2639 852 2673 Quum
866 2646 946 2670 vero
959 2638 1102 2671 dolorem

59 2684 188 2716 tandem
206 2687 331 2725 pareret
344 2695 447 2725 amor,
461 2695 558 2727 quem
575 2689 669 2720 vultu
685 2689 835 2730 tegebant
846 2691 994 2722 morbum
1007 2699 1102 2723 suum

61 2736 183 2768 Danieli
195 2737 344 2768 eunucho
367 2739 400 2770 et
421 2738 531 2770 Mariae
546 2740 709 2772 obstetrici
729 2744 941 2781 aperuerunt,
964 2751 1103 2784 eumque

60 2787 218 2819 medicina
228 2788 480 2821 eoncub1tusv1x
487 2793 652 2823 sanarunt
661 2794 733 2829 Quo
741 2793 825 2824 facto
837 2794 972 2826 Zenonis
978 2795 1103 2826 blandis

60 2837 234 2870 identidem
258 2840 364 2872 verbis
389 2842 572 2874 Basiliscum
594 2852 737 2883 aggressa
765 2845 871 2877 effecit
891 2846 1046 2886 tandem,
1065 2848 1102 2879 ut

24 2931 27 2933 ‚
59 2891 183 2921 amator
217 2891 390 2932 principem
420 2893 454 2923 in
482 2894 562 2926 urbe
590 2894 697 2927 locum
717 2897 853 2928 teneret.
885 2898 1100 2930 Theodericus

60 2941 73 2980 (
87 2943 214 2974 Triarii
217 2942 336 2983 filius)
349 2946 456 2979 autem
469 2945 735 2987 animadvertens,
748 2950 937 2981 Harmatum
951 2950 992 2981 ab
1001 2951 1101 2982 omni-

60 2991 121 3023 bus
131 2993 206 3032 coli,
226 3002 309 3034 aegre
323 2995 399 3027 tulit
418 2997 559 3036 praeferri
575 2998 635 3030 sibi
651 2999 816 3040 juvenem,
831 3001 886 3041 qui
903 3002 1025 3041 capillis
1034 3004 1101 3033 tan·

60 3043 130 3075 tum
143 3045 292 3077 ornandis
303 3046 334 3077 ct
345 3047 468 3087 corpori
481 3050 660 3081 exercendo
671 3059 800 3091 operam
814 3051 914 3084 daret.
932 3055 1103 3086 Harmatus

61 3102 137 3126 vero
148 3104 248 3135 quum
258 3098 387 3137 propter
397 3099 603 3138 pecuniarum
610 3101 820 3143 affluentiam,
837 3105 907 3135 tum
921 3104 962 3135 ol)
975 3104 1103 3137 honoris

60 3146 302 3186 amplitudinem
327 3148 474 3190 inflatus,
494 3154 654 3184 neminem
679 3154 867 3187 fortitudine
889 3164 923 3187 se
944 3158 1101 3196 praestan·

61 3196 174 3229 tiorem
188 3199 329 3238 putabat.
344 3202 424 3237 Quae
439 3202 517 3234 falsa
526 3203 594 3243 ejus
604 3206 762 3245 persuasio
772 3206 851 3239 adeo
864 3207 1054 3248 invaluerat,
1067 3211 1103 3241 ut

61 3248 339 3283 Achillishabitum
349 3257 522 3287 assumeret
524 3256 647 3297 ‚itaque
654 3259 787 3290 vestitus
794 3260 1063 3300 equoveheretur
1071 3262 1102 3293 et

63 3299 94 3331 in
104 3302 189 3333 circo
202 3312 268 3335 sese
278 3304 448 3338 insolenter
461 3309 579 3348 populo
589 3310 735 3354 jactaret.
747 3312 830 3343 Illud
837 3313 963 3344 autem
956 3322 1101 3345 lnsanum

61 3352 169 3393 gloriae
182 3355 323 3387 studium
334 3358 576 3393 acclamationes
589 3362 706 3394 infimae
719 3364 836 3405 plebis,
851 3365 1009 3404 Pyrrhum
1026 3374 1100 3397 eum

63 3406 224 3447 vocantis,
249 3407 416 3448 augebant.
440 3412 521 3448 Quae
545 3413 673 3453 quidem
692 3415 717 3447 si
742 3423 817 3447 eum
832 3415 876 3448 ita
901 3417 1099 3459 appellabat,

1166 2321 1254 2361 quod
1282 2321 1461 2353 rubicunda
1479 2323 1562 2354 esset
1581 2322 1679 2362 facie,
1709 2331 1785 2354 vere
1805 2322 1952 2362 dicebat3
1972 2323 2021 2354 sin
2047 2323 2215 2354 laudanda}

1166 2373 1361 2406 fortitudinis
1377 2375 1496 2414 gratia,
1522 2377 1676 2416 tanquam
1702 2375 1895 2407 adolescenti
1914 2376 2114 2416 palpabatur.
2143 2379 2214 2408 Non

1166 2427 1251 2459 enim
1266 2427 1379 2459 heroes
1397 2429 1470 2460 telis
1482 2428 1623 2469 petebat,
1638 2429 1674 2460 ut
1689 2428 1848 2469 Pyrrhus,
1870 2428 1927 2461 sed
1949 2429 2214 2461 muliercularum

1164 2479 1266 2510 amori
1289 2479 1409 2511 Paridis
1422 2481 1518 2511 modo
1534 2480 1730 2520 indulgebat.

1206 2533 1427 2563 Harmatz'us.
1443 2532 1504 2563 Hic
1518 2532 1693 2572 plurimum
1706 2528 1904 2572 potuit'apud
1918 2532 2110 2565 Zenonidem
2120 2533 2214 2573 impe·

1164 2583 1316 2614 ratricem
1332 2583 1478 2624 etipsum
1491 2584 1690 2616 Basiliscum.
1704 2583 1834 2616 Occisus
1855 2585 1964 2616 autem
1983 2586 2030 2616 est
2052 2594 2071 2616 a
2090 2587 2215 2616 Zenone

1163 2634 1372 2675 imperatore,
1384 2635 1516 2675 ejusque
1530 2635 1617 2667 caede
1630 2636 1716 2667 cives
1729 2635 1904 2667 admodum
1918 2637 1993 2668 sunt
2007 2637 2116 2668 laetati.
2135 2638 2214 2668 Nam

1163 2686 1223 2718 sub
1240 2688 1343 2718 Leone
1359 2696 1584 2727 quoscumque
1597 2686 1637 2718 dc
1650 2687 1848 2726 Thracibus,
1859 2687 1915 2728 qui
1937 2687 2123 2719 seditionem
2141 2697 2212 2720 mo-

1163 2739 1296 2778 verant,
1311 2739 1461 2779 cepisset,
1474 2748 1528 2771 eos
1546 2739 1695 2771 manibus
1710 2739 1883 2779 amputatis
1895 2739 2070 2772 dimiserat.
2090 2741 2213 2772 Onoul-

1162 2791 1245 2831 phus
1258 2799 1335 2822 vero
1352 2791 1482 2831 quidam
1501 2791 1605 2831 ipsum
1623 2792 1799 2831 interfecit,
1818 2801 1914 2832 quem
1932 2793 2116 2824 Harmatius
2133 2803 2210 2834 pau-

1163 2851 1271 2883 perem
1287 2845 1319 2874 et
1346 2851 1366 2874 a
1393 2842 1535 2874 barbaris
1560 2851 1671 2875 recens
1695 2844 1876 2875 venientem
1902 2844 2084 2876 humaniter
2107 2854 2212 2877 susce-

1162 2895 1274 2934 ptum,
1295 2894 1438 2934 primum
1468 2894 1600 2934 quidem
1631 2894 1781 2926 comitem
1819 2895 1954 2935 fecerat,
1986 2895 2100 2928 deinde
2134 2905 2211 2928 vero

1163 2947 1349 2986 praesectum
1362 2946 1557 2987 lllyrIOrum,
1572 2947 1604 2979 et
1617 2947 1655 2978 ad
1667 2946 1813 2978 convivia
1831 2956 1979 2987 magnam
1991 2949 2132 2988 pecuniae
2144 2949 2209 2980 vim

1162 2998 1220 3038 ipsi
1237 2999 1430 3038 praebuerat.
1447 2999 1504 3030 Ille
1519 3007 1595 3030 vero
1614 2998 1814 3035 barbaricam
1828 2999 1994 3040 perfidiam
2008 3001 2209 3041 sanguinaria

1162 3059 1261 3083 manu
1273 3051 1331 3091 ipsi
1344 3060 1402 3091 pro
1412 3051 1513 3092 gratia
1527 3051 1649 3084 retulit.

1644 3113 1729 3146 8α.

1204 3185 1372 3224 Extorrem
1389 3192 1457 3216 esse
1472 3185 1505 3216 et
1521 3192 1627 3216 errare
1639 3193 1745 3225 neque
1758 3192 1903 3224 unquam
1918 3192 1937 3216 a
1952 3185 2042 3216 malis
2055 3184 2207 3224 respirare

1162 3234 1241 3265 mihi
1256 3234 1367 3266 datum
1384 3236 1450 3274 est,
1467 3244 1508 3267 ne
1519 3235 1606 3275 apud
1625 3243 1679 3267 eos
1694 3234 1825 3275 quidem
1845 3235 1929 3276 apud
1945 3244 2026 3275 quos
2043 3236 2204 3267 infortunii

1163 3295 1215 3318 me
1228 3286 1479 3318 consolationem
1497 3287 1702 3328 reperturum
1715 3286 1892 3327 sperabam.

1663 3356 1699 3388 9.

1206 3420 1288 3451 Zeno
1304 3420 1474 3462 imperator
1498 3421 1686 3462 (prosapies
1703 3423 1736 3453 in
1756 3423 1890 3453 Isauria
1906 3421 1930 3460 )‚
1947 3419 2054 3450 audita
2070 3414 2201 3449 suorum
