2372 3704
852 231 1151 274 ARISTOCLIS
1184 230 1517 272 FRAGMENTA.

125 329 222 369 κέναι
245 328 383 379 μείζονα
402 326 532 372 παντὸς
546 325 727 381 ἀνθρώπου
747 324 821 365 θεὸν
836 327 1055 377 γεγενῆσθαι.
1073 323 1165 362 Ῥω-

126 394 223 438 μαῖοι
239 388 275 427 δὲ
295 387 559 436 πιστεύσαντες,
579 384 807 438 ἀνεχώρησαν
819 400 827 409 ·
844 386 891 428 ὡς
909 382 1169 437 Ἀριστόῧουλος

125 447 160 484 ἐν
179 445 284 500 τρίτῳ
300 445 502 487 Ἰταλικῶν.

481 552 604 592 ΠΕΡΙ
630 550 807 591 ΛῘΘΩΝ.

440 657 472 692 Ε
498 655 648 692 LIBRO
676 654 849 691 PRIMO.

177 747 285 784 Idem
301 749 359 784 De
377 744 470 784 fluv.
489 759 525 785 c.
551 751 617 792 14,
639 746 676 793 3,
693 746 741 783 de
764 746 882 782 Tanai
903 743 1023 782 fluvio
1044 756 1053 784 Ξ
1080 744 1168 783 Γεν-

124 809 228 843 νᾶται
247 803 277 843 δ’
306 805 340 843 ἐν
370 805 464 858 αὐτῷ
484 802 545 843 καὶ
563 803 655 847 λίθος
677 802 886 856 κρυστάλλῳ
904 800 1169 855 παραπλήσιος,

125 861 173 902 ὣν
191 862 477 916 ἀνθρωπόμιμος,
499 861 720 912 ἐστεμμένος.
738 860 855 901 “Οταν
873 861 902 899 δ’
920 860 1078 914 ἀποθάνῃ
1104 862 1165 912 βα-

126 919 259 968 σιλεὺς,
277 919 501 974 ἀρχαιρεσίας
515 919 613 972 παρὰ
626 919 684 958 τὸν
703 918 861 971 ποταμὸν
878 920 1046 958 τελοῦσιν·
1063 916 1122 957 καὶ
1138 915 1173 961 ὃς

126 977 169 1017 ἂν
188 981 310 1032 εὗρεθῇ
334 979 391 1018 τὸν
416 978 510 1018 λίθον
542 979 670 1017 ἐκεῖνον
698 977 1041 1030 ἔχων,ιπαραχρῆμα
1072 979 1173 1029 βασι·

125 1036 204 1081 λεὺς
222 1037 376 1089 γίνεται,
396 1036 457 1076 καὶ
486 1036 531 1075 τὰ
558 1039 722 1088 σκῆπτρα
741 1035 1015 1088 παραλαμὸάνει
1032 1038 1095 1074 τοῦ
1117 1049 1171 1072 τε·

126 1094 370 1142 λευτήσαντος·
384 1094 498 1139 καθὼς
510 1095 642 1148 ἱστορεῖ
652 1096 842 1147 Κτησιφῶν
854 1096 888 1132 ἐν
899 1093 930 1146 γ’
945 1093 1033 1147 Περὶ
1044 1094 1171 1147 φυτῶν.

126 1152 318 1204 Μέμνηται
335 1153 371 1193 δὲ
401 1153 531 1193 τούτων
562 1153 622 1192 καὶ
652 1152 911 1206 Ἀριστόὸουλος
946 1153 981 1191 ἓν
1015 1152 1048 1190 α’
1083 1151 1173 1205 Περὶ

126 1211 242 1250 λίθων.

180 1273 291 1308 Ηιιῃο
310 1272 568 1309 Aristobulum
583 1271 773 1323 diversum
793 1283 871 1308 esse
887 1270 934 1308 ab
951 1270 1172 1308 Aristobulo

127 1342 254 1367 rerum
264 1332 469 1368 Alexandri
486 1332 668 1381 scriptore
680 1331 746 1367 vix
764 1337 820 1367 est
836 1330 941 1380 quod
957 1336 1171 1367 moneatur.

567 1449 740 1464 ⁴0⁶—-

411 1545 880 1604 ARISTOCLES.

179 1664 407 1701 Exhibemus
421 1663 631 1712 fragmenta
645 1675 727 1711 quae
747 1668 950 1712 supersunt
964 1674 1011 1699 ex
1024 1663 1173 1700 Aristo-

128 1724 194 1760 clis
213 1724 372 1767 Itale'cis,
395 1723 634 1768 Paradoxis,
653 1734 699 1758 ex
720 1722 827 1758 libris
848 1723 905 1758 De
935 1720 1172 1769 Gigantibus,

126 1784 182 1818 De
198 1783 359 1825 Musica,
386 1782 441 1816 De
458 1781 601 1817 Charis.
622 1782 713 1816 Haec
737 1780 785 1816 ad
803 1792 920 1815 unum
936 1780 1173 1828 eundemque

127 1847 321 1876 auctorem
341 1839 469 1874 omnia
491 1839 681 1887 pertinere
708 1838 862 1873 minime
889 1837 1103 1883 contend03
1136 1846 1175 1874 at

128 1899 330 1946 quominus
347 1909 457 1933 suum
477 1898 613 1944 cuique
634 1892 834 1945 tribuatur,
852 1895 1083 1931 indiciorum
1101 1908 1174 1944 pe·-

126 1957 235 1992 nuria
245 1955 474 2005 impedimur
483 1954 529 2004 (⁴⁸)
539 1984 547 1992 .
559 1956 643 1991 Hoc
655 1960 797 1990 tantum
806 1954 939 2004 liquet,
950 1954 1174 1990 Aristoclem

171 2064 212 2105 (*)
227 2063 314 2097 Inter
329 2063 435 2095 varios
447 2062 619 2095 Aristocles
629 2062 815 2094 notissimus
827 2062 875 2095 est
894 2062 1039 2095 Rhodius
1050 2063 1174 2096 Aristo-

127 2110 202 2150 cles,
210 2111 227 2141 ὁ
234 2110 390 2151 καθ’ἡμᾶς
398 2110 443 2149 (ut
454 2109 569 2142 Strabo
578 2109 622 2141 ait
629 2111 715 2150 XlV,
724 2118 755 2150 p.
771 2110 855 2150 655).
863 2109 911 2142 Cf.
921 2109 962 2142 de
969 2110 1030 2142 hoc
1036 2119 1172 2151 gramm.

127 2157 299 2189 Erotianus
322 2156 356 2187 in
378 2156 502 2197 praefat.
530 2158 607 2188 Lex.
636 2156 821 2197 Hippocrat.
845 2156 990 2189 Eundem
1000 2181 1010 2198 ‚
1027 2159 1084 2189 aut
1107 2159 1175 2190 Ari-

128 2204 262 2241 stoclem
273 2205 526 2244 Lampsacenum
536 2203 683 2241 stoicum,
697 2203 844 2243 iutelligit
855 2206 958 2235 Varro
969 2206 1016 2236 De
1028 2204 1102 2245 ling.
1119 2205 1173 2238 lat.

127 2252 175 2289 X,
192 2253 245 2291 74,
259 2259 290 2291 p.
306 2254 361 2282 261
379 2249 429 2282 ed.
446 2249 584 2288 Miiller„
599 2249 654 2281 ubi
667 2249 707 2282 de
719 2251 882 2290 analoqia
894 2259 1056 2291 exponens
1070 2261 1078 2282 :
1096 2254 1176 2284 Haec

127 2297 328 2337 diliqcntius
347 2304 454 2338 quam
476 2298 635 2337 apertius
650 2297 744 2329 dicta
757 2306 827 2329 esse
848 2297 1014 2334 arbitror,
1029 2298 1091 2330 sed
1106 2307 1174 2331 non

128 2343 305 2376 obscurius
316 2352 423 2385 quam
431 2343 472 2375 de
481 2351 519 2375 re
528 2343 636 2375 simili
645 2342 857 2383 definitiones
863 2346 1173 2384 qrammaticorum

127 2392 228 2426 sunt,
244 2391 286 2422 ut
296 2391 452 2424 Aristeae.
469 2389 688 2425 Aristodemi‚
704 2390 899 2426 Aristoclis,
918 2392 1067 2432 itemque
1085 2392 1173 2423 alio-

129 2445 231 2474 rum,
248 2444 395 2478 quorum
413 2436 643 2468 obscuritates
666 2444 704 2468 eo
722 2438 839 2468 minus
862 2437 1171 2478 reprehendendae,

130 2483 221 2525 quod
227 2484 398 2524 pleraeque
406 2482 620 2522 definitiones
628 2491 666 2514 re
673 2484 844 2524 incoqnita
852 2487 996 2525 propter
1002 2493 1175 2518 summam

131 2530 336 2562 brevitatem
353 2537 421 2562 non
433 2529 549 2568 facile
572 2531 846 2570 perspiciuntur,
858 2532 930 2563 wisi
951 2533 1175 2565 articulatim

130 2576 405 2616 sintexplicatae.
417 2575 505 2608 idem
516 2576 686 2608 Aristocles
695 2578 741 2608 De
752 2585 786 2608 re
795 2585 928 2617 gramm.
940 2578 1089 2610 laudatur
1099 2579 1120 2611 l.
1133 2581 1174 2620 x,

134 2626 182 2656 10.
194 2624 360 2663 Tanquam
371 2622 530 2654 rhetorem
545 2625 600 2654 Ar.
611 2624 768 2655 memorat
782 2625 911 2665 Dionys.
929 2625 1003 2657 Hal.
1020 2626 1172 2659 Dinarch.

132 2679 160 2702 c.
174 2673 204 2703 8.
221 2670 370 2710 Ejusdem
384 2670 431 2701 est
443 2678 523 2710 opus
535 2670 608 2711 Περὶ
622 2674 783 2708 ποιητικῆς
792 2694 802 2710 ,
821 2671 908 2711 quod
921 2672 1032 2704 laudat
1043 2675 1176 2704 Ammo-

130 2717 204 2749 nius
226 2719 272 2749 De
287 2716 355 2748 diff.
378 2716 470 2748 verb.
493 2725 525 2748 v.
546 2717 713 2755 ἑπικήδιος.
733 2717 818 2750 Libri
848 2719 923 2759 Περὶ
949 2719 1109 2752 διαλέκτου
1126 2720 1176 2752 vel

131 2764 207 2805 Περὶ
220 2764 386 2795 διαλέκτων
399 2763 539 2795 citantur
549 2764 581 2795 iu
596 2766 700 2804 Etym.
713 2766 757 2797 M.
772 2773 804 2796 v.
819 2768 904 2806 κῦμα
914 2774 944 2806 p.
961 2769 1034 2806 545,
1048 2772 1079 2807 8,
1093 2767 1178 2799 unde

130 2819 190 2842 sua
204 2810 304 2842 schol.
318 2809 359 2841 ad
373 2809 511 2842 Halieut.
526 2811 559 2849 1,
574 2814 648 2850 223,
661 2810 739 2843 etin
751 2813 859 2844 cram.
871 2812 992 2844 Anecd.
1006 2815 1038 2853 Ι,
1052 2822 1083 2854 p.
1097 2818 1152 2846 231
1167 2824 1176 2853 ;

130 2857 187 2895 111,
200 2865 231 2897 p.
245 2859 316 2896 298,
330 2860 380 2896 ²53
393 2856 493 2888 schol.
506 2857 544 2889 ΙΙ.
558 2868 586 2896 τ,
600 2860 672 2897 218;
684 2859 790 2890 Strato
802 2860 850 2890 De
863 2860 956 2892 metr.
975 2860 1109 2898 ιεύκνή
1120 2871 1178 2901 μις

131 2962 280 2994 numero,
293 2954 447 2995 dixisset,
461 2954 566 2986 visum
579 2955 620 2987 ab
635 2964 668 2988 se
683 2956 716 2988 in
732 2958 842 2989 monte
855 2958 1027 2990 Romulum
1038 2982 1047 2999 ,
1059 2959 1175 2999 quovis

132 3005 263 3038 homine
275 3006 481 3047 ampliorem,
496 3015 534 3038 ac
546 3007 642 3039 deum
659 3008 794 3041 factum.
815 3009 911 3047 Quod
929 3011 1093 3043 credidere
1117 3013 1177 3043 Ro·

133 3057 220 3088 mani
242 3065 280 3088 ac
304 3066 338 3089 se
367 3058 567 3098 receperunt.
595 3059 798 3093 Aristobulus
820 3061 916 3094 tertio
940 3064 1060 3094 Rerum
1091 3062 1180 3095 ltali-

134 3116 257 3140 carum.

463 3179 530 3219 DE
566 3180 848 3223 LAPIDIBUS.

639 3272 673 3304 2.

177 3338 299 3371 Crescit
311 3339 344 3371 in
354 3340 451 3372 Tanai
464 3341 543 3382 lapis
554 3343 705 3382 crystallo
717 3343 843 3382 similis,
856 3343 1031 3376 humanam
1045 3344 1178 3384 figuram

138 3390 275 3424 reserens
287 3392 319 3424 et
334 3394 505 3427 coronatus
512 3405 523 3435 ;
542 3395 629 3428 huuc
648 3396 704 3436 qui
726 3396 900 3436 invenerit,
917 3396 996 3429 dum
1019 3397 1178 3430 hahentur

1229 325 1294 372 qui
1310 324 1459 372 scripsit
1478 322 1526 359 de
1541 307 1685 358 musica
1709 322 1931 370 chorisque,
1955 308 2088 361 vixisse
2114 324 2274 361 Alexan-

1230 383 1319 419 driae
1339 389 1428 430 post
1445 392 1603 428 regnum
1623 381 1721 417 Ptol.
1750 382 1942 429 Euergetae
1968 384 2005 418 II
2033 383 2044 431 (
2061 382 2228 428 146-117
2245 382 2273 431 ).

1230 439 1274 477 ld
1298 440 1398 476 enim
1415 438 1606 486 colligitur
1630 449 1677 474 ex
1700 437 1880 473 Athenaeo
1902 438 1996 487 (lv,
2014 450 2054 487 p.
2081 445 2151 485 174
2167 466 2178 484 ,
2199 436 2273 488 B),

1228 492 1297 528 uhi
1320 491 1524 528 Aristocles
1547 488 1615 541 (fr.
1642 488 1710 538 12)
1733 489 1825 526 dicit
1847 503 1855 526 :
1879 488 1950 526 Καί
1969 504 2054 540 φασι
2077 493 2179 527 τοῦτο
2207 491 2271 527 εὗ-

1232 551 1360 601 ρῆσθαι
1376 547 1444 586 ὑπὸ
1465 545 1658 593 Κτησιὸίου
1675 545 1837 599 κουρέως,
1853 547 1895 584 ἐν
1906 561 1926 583 τ
1937 548 2012 583 avo
2021 561 2042 582 α
2059 548 2176 584 οἷκοῦ
2186 561 2278 590 ντος

1230 608 1266 645 ἐν
1292 609 1336 658 τῇ
1352 605 1536 659 Ἀσπενδίᾳ
1558 605 1644 655 (qui
1670 607 1776 643 vicus
1794 613 1876 642 erat
1895 606 2128 642 Alexandriae
2149 602 2276 654 urbis)

1231 664 1302 704 ἐπὶ
1332 667 1405 704 τοῦ
1451 663 1654 717 δευτέρου
1684 662 1937 716 Εὐεργέτου.
1979 665 2182 700 Aristocles
2212 665 2279 711 qui

1232 725 1450 772 Paradoxa,
1464 727 1522 762 De
1535 724 1776 773 Gigantibus,
1795 730 1833 760 et
1849 723 2003 759 fortasse
2017 723 2092 758 alia
2107 722 2280 770 quaedam

1232 785 1445 834 argumenti
1462 782 1714 832 mythologici
1736 780 1794 830 (v.
1821 780 1869 816 fr.
1895 783 1933 822 ί..
1961 779 1982 816 5
1999 780 2011 830 )
2028 781 2199 829 scripsit,
2217 781 2280 815 in-

1233 843 1454 892 telligendus
1469 841 1619 877 videtur
1632 839 1736 889 apud
1752 839 1983 875 Clementem
1996 839 2102 875 Alex.
2122 837 2279 887 (Strom.

1231 902 1303 947 VI,
1320 914 1361 947 2,
1377 914 1420 950 p.
1440 899 1531 947 267,
1553 896 1621 948 9),
1640 899 1709 934 ubi
1729 899 1828 933 inter
1841 909 1905 933 eos
1923 897 1989 944 qui
2009 897 2282 945 Melesagoram

1233 960 1483 1009 expilaverint
1492 985 1503 1004 ‚
1532 958 1780 994 nominantur
1806 955 2081 1005 Amphilochus
2091 982 2102 1002 ,
2130 955 2280 991 Aristo-

1234 1019 1327 1065 cles,
1358 1017 1549 1064 Leander,
1579 1017 1831 1053 Anaximenes
1841 1041 1852 1061 ,
1888 1015 2104 1051 Hellanicus
2114 1040 2125 1062 ,
2157 1015 2279 1050 Heca-

1234 1084 1337 1114 taeus.

1639 1161 1864 1220 lTAAlKA.

1541 1256 1573 1292 E
1597 1255 1748 1292 Lumo
1775 1253 1970 1292 TERTIO.

1745 1355 1778 1381 1.

1287 1420 1480 1462 Plutarch.
1502 1421 1589 1456 Par.
1612 1431 1645 1458 c.
1670 1417 1719 1456 25
1741 1431 1750 1455 :
1779 1415 1884 1460 Γάϊος
1899 1413 2061 1467 Μάξιμος
2080 1415 2171 1469 ἔχων
2191 1416 2285 1461 υἱοὺς

1236 1479 1398 1530 Σιμίλιον
1428 1477 1490 1516 καὶ
1516 1476 1667 1523 Ῥῆσον·
1697 1478 1818 1514 τοῦτον
1847 1474 2028 1526 ἐγέννησεν
2057 1474 2092 1520 ἐξ
2124 1475 2285 1528 Ἀμερίας

1237 1537 1359 1577 Κόνων
1380 1538 1398 1574 ὃ
1417 1536 1564 1583 Ῥῆσος·
1593 1529 1691 1578 οὗτος
1718 1536 1753 1573 ἐν
1786 1533 1982 1587 κυνηγεσίῳ
2011 1533 2194 1572 ἀπέκτεινε
2221 1533 2282 1572 τὸν

1235 1644 1534 1690 μακροκαταληκτεῖ.
1547 1645 1606 1687 Ἅρ.
1622 1645 1695 1677 δὲέν
1707 1647 1752 1686 τῷ
1766 1644 1840 1686 Περὶ
1850 1643 2018 1676 διαλέκτων
2028 1645 2120 1685 φησὶν
2134 1644 2285 1680 Ἀττικοὺς

1234 1695 1387 1727 ἐκτείνειν.
1402 1695 1504 1726 Koen.
1521 1692 1561 1724 ad
1577 1693 1672 1732 Greg.
1687 1691 1833 1724 Corinth.
1847 1699 1879 1731 p.
1895 1699 1975 1723 xxu.
1989 1707 2031 1714 -
2043 1690 2135 1731 Apud
2149 1691 2282 1723 suidam

1234 1741 1406 1774 laudantur
1426 1740 1474 1772 z'A
1484 1739 1666 1780 ριστοκλῆ
1676 1750 1689 1775 ς
1707 1740 1735 1770 Λ
1744 1738 1952 1779 αμψακηνὸ
1963 1749 1976 1774 ς
1985 1762 1994 1778 ,
2017 1738 2180 1779 φιλόσοφος
2193 1749 2285 1769 στωι-

1233 1788 1296 1825 κός·
1317 1788 1446 1829 ἔγραψεν
1471 1786 1613 1826 ἐξήγησιν
1635 1789 1697 1816 τῶν
1721 1785 1906 1826 Χρυσίππου
1927 1785 1993 1826 περὶ
2012 1787 2067 1816 τοῦ
2084 1787 2155 1821 Πῶς
2168 1785 2286 1816 ἕκαστα

1235 1836 1364 1875 λέγομεν
1388 1834 1441 1866 καὶ
1467 1833 1671 1872 διανοούμεθα
1680 1855 1689 1870 ,
1717 1831 1820 1873 βιὸλία
1837 1831 1875 1862 δ’.
1892 1830 1941 1863 Cs.
1965 1831 2115 1871 synesius
2135 1831 2168 1862 in
2183 1831 2286 1863 Dione

1235 1890 1266 1921 p.
1284 1885 1335 1913 35.
1359 1897 1394 1905 ·—-
1408 1879 1650 1921 Ἀριστοκλῆς
1675 1878 1947 1919 Περγαμηνὸς,
1967 1878 2134 1918 σοφιστὴς,
2148 1879 2284 1918 γεγονὼς

1238 1927 1288 1959 ἐπί
1301 1938 1334 1958 τε
1343 1929 1500 1968 Τραϊανοῦ
1514 1926 1566 1957 καὶ
1580 1925 1745 1966 Ἀδριανοῦ.
1761 1925 1878 1966 Τέχνην
1895 1924 2068 1966 ῥητορικήν,
2079 1924 2279 1964 Ἐπιστολάς,

1238 1975 1312 2015 Περὶ
1330 1974 1489 2015 ῥητορικῆς
1507 1972 1612 2014 βιὸλία
1628 1970 1662 2011 ε’,
1682 1973 1836 2010 Μελέτας,
1854 1973 1934 2013 Πρὸς
1958 1971 2010 2002 τὸν
2033 1970 2163 2011 βασιλέα
2179 1970 2227 2002 ἐπὶ
2246 1973 2285 2012 τῇ

1236 2021 1412 2061 διανεμήσει
1422 2022 1477 2052 τοῦ
1490 2018 1632 2060 χρυσίου.
1645 2018 1695 2050 Cf.
1712 2018 1894 2050 Philostrat.
1906 2020 1947 2051 V.
1959 2017 2056 2057 soph.
2070 2018 2110 2056 ΙΙ,
2123 2021 2154 2057 3,
2168 2026 2200 2057 p.
2210 2021 2284 2059 567,
2342 2019 2345 2021 ’

1236 2069 1266 2098 9.
1285 2065 1408 2098 Eudoc.
1427 2074 1459 2106 p.
1476 2070 1528 2097 66.
1543 2064 1656 2096 suidas
1672 2073 1703 2095 v.
1722 2063 1913 2103 Ἀριστείδης.
1929 2064 2167 2096 Westermann.
2189 2065 2227 2096 G.
2247 2064 2285 2096 d.

1235 2112 1375 2145 Bereds.
1385 2111 1501 2153 §94‚8.
1515 2131 1555 2138 —
1566 2111 1809 2152 Ἀριστοκλῆς
1820 2134 1829 2150 ,
1843 2111 2067 2148 Μεσσήνιος
2079 2109 2285 2151 τῆςἸταλίας,

1235 2159 1398 2201 φιλόσοφος
1425 2158 1673 2199 περιπατητικός.
1698 2158 1843 2194 Συνέταξε
1875 2158 1949 2198 Περὶ
1978 2157 2156 2198 φιλοσοφίας
2180 2157 2284 2197 βιὸλία

1234 2207 1318 2238 δέκα·
1332 2206 1492 2246 καταλέγει
1512 2205 1543 2237 δὲ
1557 2205 1587 2236 ἐν
1603 2205 1720 2240 τούτοις
1736 2203 1852 2241 πάντας
1871 2204 2053 2245 φιλοσόφους
2066 2204 2118 2234 καὶ
2131 2203 2218 2239 δόξας
2229 2204 2285 2235 αὐ-

1233 2257 1306 2285 τῶν.
1324 2253 1459 2294 Πότερον
1480 2251 1716 2292 σπουδαιότερος
1730 2251 1871 2292 ’Όμηρος
1883 2252 1903 2290 ἢ
1926 2250 2069 2283 Πλάτων.
2096 2250 2235 2291 Ἔγραψε
2251 2251 2284 2282 δὲ

1234 2301 1287 2331 καὶ
1302 2301 1420 2340 Τέχνας
1437 2298 1618 2340 ῥητορικάς,
1632 2299 1706 2339 Περὶ
1720 2298 1910 2339 Σαράπιδος,
1924 2298 2035 2329 Ἠθικὰ
2052 2297 2157 2338 βιὸλία
2171 2296 2209 2328 θ’.
2226 2297 2287 2328 Hic

1234 2347 1352 2378 saeculo
1365 2346 1460 2378 tertio
1479 2346 1570 2377 vixit.
1598 2345 1745 2385 Magister
1770 2343 1830 2376 fuit
1844 2344 2016 2377 Alexandri
2034 2343 2286 2384 Aplirodisiensis

1235 2393 1353 2434 (quem
1368 2393 1516 2424 nonnulli
1526 2401 1602 2424 cum
1613 2391 1795 2424 Alexandro
1802 2393 1917 2432 Magno
1926 2391 2151 2430 confuderunt,
2163 2391 2199 2422 ut
2209 2392 2286 2422 Her-

1235 2450 1342 2473 mann.
1357 2441 1390 2471 in
1404 2439 1527 2472 Fabric.
1543 2440 1624 2472 Bibl.
1640 2441 1695 2472 Gr.
1711 2441 1768 2478 111,
1781 2447 1812 2479 p.
1828 2441 1901 2478 470,
1915 2438 2031 2471 Jacobs
2044 2438 2174 2470 Anthol.
2189 2440 2285 2478 Xili,

1237 2496 1269 2528 p.
1295 2491 1365 2520 862.
1381 2487 1429 2519 Cf.
1449 2487 1687 2519 Westermann.
1713 2485 1870 2518 Paradox.
1889 2494 1920 2525 p.
1935 2485 2038 2524 xxv).
2053 2486 2095 2516 V.
2113 2485 2223 2525 cyrill.
2246 2487 2284 2517 C.

1235 2534 1302 2566 Jul.
1318 2535 1359 2573 ll,
1371 2542 1402 2574 p.
1418 2537 1470 2572 61,
1482 2535 1509 2565 D
1518 2545 1528 2574 ;
1542 2532 1681 2573 Simplic.
1692 2532 1724 2564 in
1739 2532 1867 2564 Aristot.
1886 2534 1933 2564 De
1946 2532 2027 2564 coelo
2041 2540 2072 2572 p.
2088 2533 2140 2571 34,
2156 2533 2193 2565 Β.
2205 2533 2285 2571 Ope-

1236 2580 1279 2613 ris
1303 2581 1377 2621 Περὶ
1393 2579 1571 2621 φιλοσοφίας
1584 2580 1691 2619 ampla
1712 2579 1840 2611 exstant
1859 2579 2035 2618 fragmenta
2051 2587 2101 2618 ap.
2122 2577 2237 2609 Euseb.
2253 2578 2287 2610 in

1237 2623 1292 2660 Pr.
1304 2629 1363 2659 Ev.
1374 2628 1462 2667 XlV,
1484 2630 1515 2659 17
1529 2636 1599 2667 sqq.
1613 2628 1685 2666 XV,
1698 2631 1715 2658 2
1728 2628 1761 2658 et
1778 2629 1825 2658 14.
1838 2626 1926 2658 Suid.
1942 2634 1974 2657 v.
1990 2625 2144 2661 Σωτάδας.
2156 2625 2287 2657 Proclus

1236 2675 1269 2706 iu
1282 2675 1405 2706 Platon.
1421 2683 1453 2715 p.
1468 2677 1498 2708 7.
1511 2676 1669 2714 Anonym.
1683 2674 1716 2705 in
1729 2674 1822 2706 Walz
1835 2673 1893 2706 Rh.
1903 2674 1958 2704 Gr.
1970 2674 2041 2712 Vll,
2056 2681 2086 2713 p.
2097 2672 2287 2704 246.-Ari-

1236 2721 1327 2754 siocli
1340 2720 1469 2752 cuidam
1483 2720 1582 2752 libros
1597 2721 1720 2760 aliquot
1732 2718 1893 2751 dedicavit
1903 2719 2112 2759 Phrynichus.
2131 2722 2170 2751 V.
2189 2719 2283 2751 Phot.

1237 2767 1309 2799 cod.
1329 2771 1397 2800 158.
1414 2767 1564 2807 Reliquos
1574 2766 1772 2799 Aristoclesa
1787 2765 1880 2797 nobis
1891 2765 2069 2805 alieniores,
2084 2774 2222 2806 quorum
2236 2766 2286 2797 sat

1240 2814 1352 2854 multi,
1367 2823 1432 2845 nou
1451 2822 1609 2845 recenseo.
1634 2813 1684 2845 Cf.
1699 2813 1830 2844 Jonsius
1844 2811 1926 2844 nist.
1950 2812 2006 2852 ph.
2029 2820 2062 2853 p.
2077 2817 2138 2845 250
2148 2823 2158 2851 ;
2176 2815 2284 2845 Meur-

1239 2861 1305 2893 sius
1316 2861 1348 2893 iu
1364 2861 1450 2893 notis
1463 2860 1504 2892 ad
1518 2860 1756 2892 Aristoxenum.

1243 2959 1372 2991 comitia
1381 2959 1475 2999 juxta
1488 2958 1624 2989 fluvium
1636 2958 1708 2998 post
1719 2958 1801 2999 regis
1813 2957 1937 2989 obitum
1945 2981 1954 2997 ,
1970 2958 2078 2990 statim
2089 2967 2144 2990 rex
2158 2958 2285 2989 creatur

1241 3012 1428 3052 sceptraque
1443 3010 1587 3042 defuncti
1599 3010 1752 3051 suscipit,
1766 3011 1804 3042 ut
1816 3011 1928 3042 narrat
1944 3010 2116 3050 Ctesiphon
2126 3009 2222 3042 tertio
2237 3011 2285 3041 Dc

1240 3065 1365 3104 plantis.
1379 3063 1524 3096 Meminit
1538 3063 1655 3096 horum
1676 3062 1773 3096 etiam
1788 3062 1991 3096 Aristobulus
2013 3063 2118 3104 primo
2135 3065 2181 3096 De
2203 3062 2284 3103 lapi·

1239 3115 1344 3148 dibus.

1654 3197 1868 3237 ITALICA.

1746 3284 1778 3316 1.

1280 3345 1376 3379 caius
1386 3347 1544 3380 Maximus
1555 3348 1636 3380 filios
1648 3347 1761 3380 habuit
1775 3347 1931 3380 Similium
1946 3348 1978 3379 ct
1991 3347 2140 3384 Rhesum,
2157 3344 2188 3375 et
2198 3343 2282 3374 hunc

1237 3398 1366 3439 quidem
1383 3407 1422 3432 ex
1436 3400 1582 3440 Ameria,
1610 3402 1773 3433 Cononem
1787 3400 2007 3440 cognomento.
2022 3400 2052 3430 Is
2065 3398 2097 3428 in
2116 3395 2282 3428 venatione

2191 249 2265 282 329
2311 266 2317 272 ·
