<?xml version="1.0" encoding="UTF-8"?>
<!DOCTYPE html PUBLIC "-//W3C//DTD XHTML 1.0 Transitional//EN"
    "http://www.w3.org/TR/xhtml1/DTD/xhtml1-transitional.dtd">
<html xmlns="http://www.w3.org/1999/xhtml" xml:lang="en" lang="en">
 <head>
  <title>
</title>
<meta http-equiv="Content-Type" content="text/html;charset=utf-8" />
  <meta name='ocr-system' content='tesseract 3.04.00' />
  <meta name='ocr-capabilities' content='ocr_page ocr_carea ocr_par ocr_line ocrx_word'/>
</head>
<body>
  <div class='ocr_page' id='page_1' title='image "./fragmentahistori04mueluoft_0224.png"; bbox 0 0 2326 3724; ppageno 0'>
   <div class='ocr_carea' id='block_1_1' title="bbox 109 243 183 278">
    <p class='ocr_par' dir='ltr' id='par_1_1' title="bbox 109 243 183 278">
     <span class='ocr_line' id='line_1_1' title="bbox 109 243 183 278; baseline -0.014 0"><span class='ocrx_word' id='word_1_1' title='bbox 109 243 183 278; x_wconf 77' lang='lat'><strong>212</strong></span> 
     </span>
    </p>
   </div>
   <div class='ocr_carea' id='block_1_2' title="bbox 107 323 1146 384">
    <p class='ocr_par' dir='ltr' id='par_1_2' title="bbox 107 323 1146 384">
     <span class='ocr_line' id='line_1_2' title="bbox 107 323 1146 384; baseline 0.003 -22"><span class='ocrx_word' id='word_1_2' title='bbox 107 323 283 368; x_wconf 69' lang='grc' dir='ltr'>ὅαιοῦντες</span> <span class='ocrx_word' id='word_1_3' title='bbox 309 323 499 376; x_wconf 84' lang='grc' dir='ltr'>Ῥωμαίων</span> <span class='ocrx_word' id='word_1_4' title='bbox 525 323 568 376; x_wconf 76' lang='grc' dir='ltr'><strong>μὲ</strong></span> <span class='ocrx_word' id='word_1_5' title='bbox 572 342 588 362; x_wconf 88' lang='grc' dir='ltr'>ν</span> <span class='ocrx_word' id='word_1_6' title='bbox 610 324 742 378; x_wconf 82' lang='grc' dir='ltr'>Πέτρος</span> <span class='ocrx_word' id='word_1_7' title='bbox 761 328 780 364; x_wconf 84' lang='grc' dir='ltr'>ὃ</span> <span class='ocrx_word' id='word_1_8' title='bbox 798 341 866 364; x_wconf 87' lang='grc' dir='ltr'><strong>των</strong></span> <span class='ocrx_word' id='word_1_9' title='bbox 893 327 974 380; x_wconf 71' lang='grc' dir='ltr'>περὶ</span> <span class='ocrx_word' id='word_1_10' title='bbox 998 325 1146 384; x_wconf 65' lang='grc' dir='ltr'>βασιλέα</span> 
     </span>
    </p>
   </div>
   <div class='ocr_carea' id='block_1_3' title="bbox 105 382 1150 490">
    <p class='ocr_par' dir='ltr' id='par_1_3' title="bbox 105 382 1150 490">
     <span class='ocr_line' id='line_1_3' title="bbox 105 382 1150 454; baseline 0.001 -33"><span class='ocrx_word' id='word_1_11' title='bbox 105 382 311 448; x_wconf 83' lang='grc' dir='ltr'>καταλόγων</span> <span class='ocrx_word' id='word_1_12' title='bbox 330 382 472 434; x_wconf 85' lang='grc' dir='ltr'>ἡγεμὼν</span> <span class='ocrx_word' id='word_1_13' title='bbox 492 384 551 422; x_wconf 90' lang='grc' dir='ltr'><strong>καὶ</strong></span> <span class='ocrx_word' id='word_1_14' title='bbox 575 384 742 428; x_wconf 73' lang='grc' dir='ltr'>Εὐσέὸιος</span> <span class='ocrx_word' id='word_1_15' title='bbox 761 384 822 423; x_wconf 91' lang='grc' dir='ltr'><strong>και</strong></span> <span class='ocrx_word' id='word_1_16' title='bbox 821 384 972 451; x_wconf 76' lang='grc' dir='ltr'>ἕτεροι,</span> <span class='ocrx_word' id='word_1_17' title='bbox 997 387 1150 454; x_wconf 83' lang='grc' dir='ltr'>Περσῶν</span> 
     </span>
     <span class='ocr_line' id='line_1_4' title="bbox 106 434 1150 490; baseline 0.004 -18"><span class='ocrx_word' id='word_1_18' title='bbox 106 434 142 472; x_wconf 87' lang='grc' dir='ltr'>δὲ</span> <span class='ocrx_word' id='word_1_19' title='bbox 156 438 174 473; x_wconf 86' lang='grc' dir='ltr'>ὁ</span> <span class='ocrx_word' id='word_1_20' title='bbox 188 435 309 474; x_wconf 87' lang='grc' dir='ltr'>Ἶεσδε</span> <span class='ocrx_word' id='word_1_21' title='bbox 299 436 452 487; x_wconf 78' lang='grc' dir='ltr'>γουσνὰφ</span> <span class='ocrx_word' id='word_1_22' title='bbox 466 436 526 475; x_wconf 80' lang='grc' dir='ltr'><strong>καὶ</strong></span> <span class='ocrx_word' id='word_1_23' title='bbox 541 438 721 490; x_wconf 80' lang='grc' dir='ltr'>Σουρήνας</span> <span class='ocrx_word' id='word_1_24' title='bbox 735 437 793 475; x_wconf 79' lang='grc' dir='ltr'><strong>καὶ</strong></span> <span class='ocrx_word' id='word_1_25' title='bbox 808 437 933 490; x_wconf 77' lang='grc' dir='ltr'>ἕτεροι.</span> <span class='ocrx_word' id='word_1_26' title='bbox 945 440 1026 478; x_wconf 86' lang='grc' dir='ltr'><strong>Ἰῶν</strong></span> <span class='ocrx_word' id='word_1_27' title='bbox 1045 442 1103 477; x_wconf 82' lang='grc' dir='ltr'><strong>οὖν</strong></span> <span class='ocrx_word' id='word_1_28' title='bbox 1115 437 1150 482; x_wconf 82' lang='grc' dir='ltr'>ἐξ</span> 
     </span>
    </p>
   </div>
   <div class='ocr_carea' id='block_1_4' title="bbox 102 493 1157 2072">
    <p class='ocr_par' dir='ltr' id='par_1_4' title="bbox 102 493 1157 2072">
     <span class='ocr_line' id='line_1_5' title="bbox 106 493 1148 547; baseline 0.004 -16"><span class='ocrx_word' id='word_1_29' title='bbox 106 493 210 532; x_wconf 82' lang='grc' dir='ltr'>ἑκατέ</span> <span class='ocrx_word' id='word_1_30' title='bbox 194 508 271 547; x_wconf 88' lang='grc' dir='ltr'>ερου</span> <span class='ocrx_word' id='word_1_31' title='bbox 281 493 404 547; x_wconf 85' lang='grc' dir='ltr'>μέρους</span> <span class='ocrx_word' id='word_1_32' title='bbox 418 495 639 546; x_wconf 80' lang='grc' dir='ltr'>ὁμολογιῶν</span> <span class='ocrx_word' id='word_1_33' title='bbox 623 511 658 533; x_wconf 88' lang='grc' dir='ltr'><strong>εν</strong></span> <span class='ocrx_word' id='word_1_34' title='bbox 669 495 860 540; x_wconf 73' lang='grc' dir='ltr'>συλλαὸαῗς</span> <span class='ocrx_word' id='word_1_35' title='bbox 869 497 1148 547; x_wconf 87' lang='grc' dir='ltr'>ἀναληφθεισῶν,</span> 
     </span>
     <span class='ocr_line' id='line_1_6' title="bbox 106 551 1152 607; baseline 0.004 -18"><span class='ocrx_word' id='word_1_36' title='bbox 106 551 460 605; x_wconf 68' lang='grc' dir='ltr'>ἀντιπαρεὸλήθησαν</span> <span class='ocrx_word' id='word_1_37' title='bbox 480 553 650 600; x_wconf 80' lang='grc' dir='ltr'>ἀλλήλαις</span> <span class='ocrx_word' id='word_1_38' title='bbox 669 556 718 606; x_wconf 80' lang='grc' dir='ltr'><strong>τῷ</strong></span> <span class='ocrx_word' id='word_1_39' title='bbox 740 554 941 607; x_wconf 84' lang='grc' dir='ltr'>ἰσοδυνάμῳ</span> <span class='ocrx_word' id='word_1_40' title='bbox 962 557 1032 592; x_wconf 87' lang='grc' dir='ltr'><strong>τῶν</strong></span> <span class='ocrx_word' id='word_1_41' title='bbox 1050 556 1152 593; x_wconf 82' lang='grc' dir='ltr'>ἐνθυ-</span> 
     </span>
     <span class='ocr_line' id='line_1_7' title="bbox 106 610 1153 664; baseline 0.003 -16"><span class='ocrx_word' id='word_1_42' title='bbox 106 611 283 661; x_wconf 82' lang='grc' dir='ltr'>μημάτων</span> <span class='ocrx_word' id='word_1_43' title='bbox 302 626 341 649; x_wconf 90' lang='grc' dir='ltr'><strong>τε</strong></span> <span class='ocrx_word' id='word_1_44' title='bbox 363 610 424 650; x_wconf 81' lang='grc' dir='ltr'><strong>καὶ</strong></span> <span class='ocrx_word' id='word_1_45' title='bbox 447 612 628 664; x_wconf 80' lang='grc' dir='ltr'>ῥημάτων.</span> <span class='ocrx_word' id='word_1_46' title='bbox 659 612 755 652; x_wconf 70' lang='lat' dir='ltr'><strong>“Ocni</strong></span> <span class='ocrx_word' id='word_1_47' title='bbox 782 611 818 651; x_wconf 83' lang='grc' dir='ltr'>δὲ</span> <span class='ocrx_word' id='word_1_48' title='bbox 838 612 992 662; x_wconf 85' lang='grc' dir='ltr'>ἐσήμηνε</span> <span class='ocrx_word' id='word_1_49' title='bbox 1019 611 1064 650; x_wconf 81' lang='grc' dir='ltr'><strong>τὰ</strong></span> <span class='ocrx_word' id='word_1_50' title='bbox 1089 615 1153 660; x_wconf 85' lang='grc' dir='ltr'>τ’ἥς</span> 
     </span>
     <span class='ocr_line' id='line_1_8' title="bbox 106 669 1152 725; baseline 0.001 -17"><span class='ocrx_word' id='word_1_51' title='bbox 106 669 244 722; x_wconf 80' lang='grc' dir='ltr'>εἰρήνης</span> <span class='ocrx_word' id='word_1_52' title='bbox 263 672 492 722; x_wconf 87' lang='grc' dir='ltr'>γραμματεῖα</span> <span class='ocrx_word' id='word_1_53' title='bbox 504 699 514 718; x_wconf 89' lang='grc'>,</span> <span class='ocrx_word' id='word_1_54' title='bbox 531 670 720 715; x_wconf 84' lang='grc' dir='ltr'>λελέξεται.</span> <span class='ocrx_word' id='word_1_55' title='bbox 739 671 811 711; x_wconf 86' lang='grc' dir='ltr'><strong>Καὶ</strong></span> <span class='ocrx_word' id='word_1_56' title='bbox 825 671 868 718; x_wconf 85' lang='grc' dir='ltr'>δὴ</span> <span class='ocrx_word' id='word_1_57' title='bbox 886 671 1000 723; x_wconf 85' lang='grc' dir='ltr'>δόγμα</span> <span class='ocrx_word' id='word_1_58' title='bbox 1016 671 1152 725; x_wconf 80' lang='grc' dir='ltr'>ἐγράφη</span> 
     </span>
     <span class='ocr_line' id='line_1_9' title="bbox 105 729 1153 782; baseline 0.002 -16"><span class='ocrx_word' id='word_1_59' title='bbox 105 731 255 780; x_wconf 86' lang='grc' dir='ltr'>πρῶτον,</span> <span class='ocrx_word' id='word_1_60' title='bbox 283 731 328 773; x_wconf 80' lang='grc' dir='ltr'><strong>ὥς</strong></span> <span class='ocrx_word' id='word_1_61' title='bbox 345 729 402 766; x_wconf 86' lang='grc' dir='ltr'><strong>διὰ</strong></span> <span class='ocrx_word' id='word_1_62' title='bbox 421 732 481 776; x_wconf 78' lang='grc' dir='ltr'><strong>τῆς</strong></span> <span class='ocrx_word' id='word_1_63' title='bbox 500 730 722 782; x_wconf 89' lang='grc' dir='ltr'>στενοπορίας</span> <span class='ocrx_word' id='word_1_64' title='bbox 743 732 804 776; x_wconf 77' lang='grc' dir='ltr'><strong>τῆς</strong></span> <span class='ocrx_word' id='word_1_65' title='bbox 823 729 957 768; x_wconf 88' lang='grc' dir='ltr'>εἰσόδου</span> <span class='ocrx_word' id='word_1_66' title='bbox 975 733 1036 768; x_wconf 89' lang='grc' dir='ltr'><strong>τοῦ</strong></span> <span class='ocrx_word' id='word_1_67' title='bbox 1051 731 1153 781; x_wconf 83' lang='grc' dir='ltr'>λεγο-</span> 
     </span>
     <span class='ocr_line' id='line_1_10' title="bbox 105 786 1152 841; baseline -0.001 -16"><span class='ocrx_word' id='word_1_68' title='bbox 105 786 212 837; x_wconf 83' lang='grc' dir='ltr'>μένου</span> <span class='ocrx_word' id='word_1_69' title='bbox 231 787 428 839; x_wconf 83' lang='grc' dir='ltr'>Χορουτζὸν</span> <span class='ocrx_word' id='word_1_70' title='bbox 449 787 510 825; x_wconf 83' lang='grc' dir='ltr'><strong>καὶ</strong></span> <span class='ocrx_word' id='word_1_71' title='bbox 530 790 598 826; x_wconf 88' lang='grc' dir='ltr'><strong>τῶν</strong></span> <span class='ocrx_word' id='word_1_72' title='bbox 621 787 792 827; x_wconf 84' lang='grc' dir='ltr'>Κασπίων</span> <span class='ocrx_word' id='word_1_73' title='bbox 813 789 932 827; x_wconf 89' lang='grc' dir='ltr'>πυλῶν</span> <span class='ocrx_word' id='word_1_74' title='bbox 950 787 998 838; x_wconf 88' lang='grc' dir='ltr'><strong>μὴ</strong></span> <span class='ocrx_word' id='word_1_75' title='bbox 1019 789 1152 841; x_wconf 80' lang='grc' dir='ltr'>ἐφεῖναι</span> 
     </span>
     <span class='ocr_line' id='line_1_11' title="bbox 106 845 1152 900; baseline -0.001 -15"><span class='ocrx_word' id='word_1_76' title='bbox 106 845 250 898; x_wconf 80' lang='grc' dir='ltr'>Πέρσας</span> <span class='ocrx_word' id='word_1_77' title='bbox 265 845 288 893; x_wconf 84' lang='grc' dir='ltr'>ἢ</span> <span class='ocrx_word' id='word_1_78' title='bbox 303 846 456 890; x_wconf 80' lang='grc' dir='ltr'>Οὕννους</span> <span class='ocrx_word' id='word_1_79' title='bbox 471 846 494 893; x_wconf 82' lang='grc' dir='ltr'>ἢ</span> <span class='ocrx_word' id='word_1_80' title='bbox 506 846 667 890; x_wconf 78' lang='grc' dir='ltr'>Ἀλανοὺς</span> <span class='ocrx_word' id='word_1_81' title='bbox 683 847 705 894; x_wconf 83' lang='grc' dir='ltr'>ἢ</span> <span class='ocrx_word' id='word_1_82' title='bbox 723 847 858 900; x_wconf 82' lang='grc' dir='ltr'>ἑτέρους</span> <span class='ocrx_word' id='word_1_83' title='bbox 874 846 1070 899; x_wconf 74' lang='grc' dir='ltr'>βαρὸἄρους</span> <span class='ocrx_word' id='word_1_84' title='bbox 1082 846 1152 884; x_wconf 84' lang='grc' dir='ltr'>ποί-</span> 
     </span>
     <span class='ocr_line' id='line_1_12' title="bbox 102 904 1152 958; baseline 0.001 -16"><span class='ocrx_word' id='word_1_85' title='bbox 102 906 206 956; x_wconf 82' lang='grc' dir='ltr'>ροδον</span> <span class='ocrx_word' id='word_1_86' title='bbox 221 909 395 944; x_wconf 85' lang='grc' dir='ltr'>ποιεῖσθαι</span> <span class='ocrx_word' id='word_1_87' title='bbox 409 904 500 943; x_wconf 83' lang='grc' dir='ltr'>κατὰ</span> <span class='ocrx_word' id='word_1_88' title='bbox 516 908 576 952; x_wconf 72' lang='grc' dir='ltr'><strong>τῆς</strong></span> <span class='ocrx_word' id='word_1_89' title='bbox 591 904 781 955; x_wconf 86' lang='grc' dir='ltr'>Ῥωμαίων</span> <span class='ocrx_word' id='word_1_90' title='bbox 797 905 1022 958; x_wconf 83' lang='grc' dir='ltr'>ἐπικρατείας</span> <span class='ocrx_word' id='word_1_91' title='bbox 1034 920 1044 929; x_wconf 90' lang='grc'>·</span> <span class='ocrx_word' id='word_1_92' title='bbox 1062 904 1152 955; x_wconf 82' lang='grc' dir='ltr'>μήτε</span> 
     </span>
     <span class='ocr_line' id='line_1_13' title="bbox 105 962 1153 1016; baseline -0.001 -15"><span class='ocrx_word' id='word_1_93' title='bbox 105 962 143 1001; x_wconf 86' lang='grc' dir='ltr'>δὲ</span> <span class='ocrx_word' id='word_1_94' title='bbox 163 962 361 1014; x_wconf 86' lang='grc' dir='ltr'>Ῥωμαίους</span> <span class='ocrx_word' id='word_1_95' title='bbox 389 965 423 1002; x_wconf 89' lang='grc' dir='ltr'><strong>ἐν</strong></span> <span class='ocrx_word' id='word_1_96' title='bbox 441 964 537 1016; x_wconf 81' lang='grc' dir='ltr'>αὐτῷ</span> <span class='ocrx_word' id='word_1_97' title='bbox 558 963 671 1011; x_wconf 85' lang='grc' dir='ltr'>δήπου</span> <span class='ocrx_word' id='word_1_98' title='bbox 689 965 740 1016; x_wconf 83' lang='grc' dir='ltr'><strong>τῷ</strong></span> <span class='ocrx_word' id='word_1_99' title='bbox 759 962 884 1016; x_wconf 85' lang='grc' dir='ltr'>χώρῳ,</span> <span class='ocrx_word' id='word_1_100' title='bbox 905 963 995 1014; x_wconf 88' lang='grc' dir='ltr'>μήτε</span> <span class='ocrx_word' id='word_1_101' title='bbox 1021 963 1091 1014; x_wconf 77' lang='grc' dir='ltr'><strong>μὴν</strong></span> <span class='ocrx_word' id='word_1_102' title='bbox 1118 965 1153 1001; x_wconf 92' lang='grc' dir='ltr'><strong>ἐν</strong></span> 
     </span>
     <span class='ocr_line' id='line_1_14' title="bbox 105 1021 1155 1074; baseline 0 -14"><span class='ocrx_word' id='word_1_103' title='bbox 105 1021 226 1066; x_wconf 82' lang='grc' dir='ltr'>ἄλλοις</span> <span class='ocrx_word' id='word_1_104' title='bbox 246 1023 418 1070; x_wconf 81' lang='grc' dir='ltr'>Μηδικοῖς</span> <span class='ocrx_word' id='word_1_105' title='bbox 435 1023 539 1074; x_wconf 82' lang='grc' dir='ltr'>ὁρίοις</span> <span class='ocrx_word' id='word_1_106' title='bbox 555 1023 759 1074; x_wconf 84' lang='grc' dir='ltr'>στράτευμα</span> <span class='ocrx_word' id='word_1_107' title='bbox 781 1022 938 1061; x_wconf 85' lang='grc' dir='ltr'>στέλλειν</span> <span class='ocrx_word' id='word_1_108' title='bbox 952 1021 1044 1060; x_wconf 82' lang='grc' dir='ltr'>κατὰ</span> <span class='ocrx_word' id='word_1_109' title='bbox 1062 1024 1155 1074; x_wconf 84' lang='grc' dir='ltr'>Περ-</span> 
     </span>
     <span class='ocr_line' id='line_1_15' title="bbox 105 1079 1153 1134; baseline 0.001 -17"><span class='ocrx_word' id='word_1_110' title='bbox 105 1082 188 1120; x_wconf 82' lang='grc' dir='ltr'>σῶν.</span> <span class='ocrx_word' id='word_1_111' title='bbox 216 1081 398 1134; x_wconf 84' lang='grc' dir='ltr'>Δεύτερον,</span> <span class='ocrx_word' id='word_1_112' title='bbox 412 1084 458 1125; x_wconf 83' lang='grc' dir='ltr'><strong>ὡς</strong></span> <span class='ocrx_word' id='word_1_113' title='bbox 470 1080 511 1119; x_wconf 83' lang='grc' dir='ltr'><strong>ἂν</strong></span> <span class='ocrx_word' id='word_1_114' title='bbox 525 1083 556 1119; x_wconf 81' lang='grc' dir='ltr'><strong>οἱ</strong></span> <span class='ocrx_word' id='word_1_115' title='bbox 573 1081 755 1133; x_wconf 85' lang='grc' dir='ltr'>σύμμαχοι</span> <span class='ocrx_word' id='word_1_116' title='bbox 772 1080 974 1133; x_wconf 85' lang='grc' dir='ltr'>Σαρακηνοὶ</span> <span class='ocrx_word' id='word_1_117' title='bbox 985 1079 1153 1132; x_wconf 82' lang='grc' dir='ltr'>ἑκατέρας</span> 
     </span>
     <span class='ocr_line' id='line_1_16' title="bbox 104 1138 1151 1191; baseline 0 -15"><span class='ocrx_word' id='word_1_118' title='bbox 104 1139 281 1183; x_wconf 85' lang='grc' dir='ltr'>πολιτείας</span> <span class='ocrx_word' id='word_1_119' title='bbox 299 1140 479 1191; x_wconf 77' lang='grc' dir='ltr'>ἐμμένοιέν</span> <span class='ocrx_word' id='word_1_120' title='bbox 498 1139 558 1178; x_wconf 85' lang='grc' dir='ltr'><strong>καὶ</strong></span> <span class='ocrx_word' id='word_1_121' title='bbox 581 1139 613 1178; x_wconf 91' lang='grc' dir='ltr'><strong>οἳ</strong></span> <span class='ocrx_word' id='word_1_122' title='bbox 628 1141 698 1183; x_wconf 79' lang='grc' dir='ltr'>τοῖς</span> <span class='ocrx_word' id='word_1_123' title='bbox 717 1139 941 1191; x_wconf 74' lang='grc' dir='ltr'>βεὸαιωθεῒσι</span> <span class='ocrx_word' id='word_1_124' title='bbox 953 1167 964 1186; x_wconf 85' lang='grc'>,</span> <span class='ocrx_word' id='word_1_125' title='bbox 983 1138 1044 1177; x_wconf 83' lang='grc' dir='ltr'><strong>καὶ</strong></span> <span class='ocrx_word' id='word_1_126' title='bbox 1063 1138 1151 1189; x_wconf 83' lang='grc' dir='ltr'>μήτε</span> 
     </span>
     <span class='ocr_line' id='line_1_17' title="bbox 104 1197 1153 1252; baseline 0 -16"><span class='ocrx_word' id='word_1_127' title='bbox 104 1197 184 1242; x_wconf 77' lang='grc' dir='ltr'>τοὺς</span> <span class='ocrx_word' id='word_1_128' title='bbox 197 1200 342 1252; x_wconf 84' lang='grc' dir='ltr'>Περσῶν</span> <span class='ocrx_word' id='word_1_129' title='bbox 354 1197 446 1237; x_wconf 83' lang='grc' dir='ltr'>κατὰ</span> <span class='ocrx_word' id='word_1_130' title='bbox 458 1198 660 1249; x_wconf 83' lang='grc' dir='ltr'>Ῥωμαίων,</span> <span class='ocrx_word' id='word_1_131' title='bbox 672 1198 760 1249; x_wconf 87' lang='grc' dir='ltr'>μήτε</span> <span class='ocrx_word' id='word_1_132' title='bbox 772 1197 850 1242; x_wconf 75' lang='grc' dir='ltr'>τοὺς</span> <span class='ocrx_word' id='word_1_133' title='bbox 861 1198 1050 1249; x_wconf 84' lang='grc' dir='ltr'>Ῥωμαίων</span> <span class='ocrx_word' id='word_1_134' title='bbox 1060 1197 1153 1236; x_wconf 84' lang='grc' dir='ltr'>ὃπλί·</span> 
     </span>
     <span class='ocr_line' id='line_1_18' title="bbox 106 1254 1154 1310; baseline 0 -16"><span class='ocrx_word' id='word_1_135' title='bbox 106 1259 225 1301; x_wconf 90' lang='grc' dir='ltr'>ζεσθαι</span> <span class='ocrx_word' id='word_1_136' title='bbox 253 1256 346 1295; x_wconf 78' lang='grc' dir='ltr'>κατὰ</span> <span class='ocrx_word' id='word_1_137' title='bbox 372 1258 534 1309; x_wconf 84' lang='grc' dir='ltr'>Περσῶν.</span> <span class='ocrx_word' id='word_1_138' title='bbox 558 1257 664 1297; x_wconf 87' lang='grc' dir='ltr'>Κατὰ</span> <span class='ocrx_word' id='word_1_139' title='bbox 692 1257 811 1310; x_wconf 83' lang='grc' dir='ltr'>τρίτην</span> <span class='ocrx_word' id='word_1_140' title='bbox 832 1256 940 1303; x_wconf 81' lang='grc' dir='ltr'>τάξιν,</span> <span class='ocrx_word' id='word_1_141' title='bbox 961 1254 1051 1295; x_wconf 84' lang='grc' dir='ltr'>ὥστε</span> <span class='ocrx_word' id='word_1_142' title='bbox 1076 1255 1154 1300; x_wconf 76' lang='grc' dir='ltr'>τοὺς</span> 
     </span>
     <span class='ocr_line' id='line_1_19' title="bbox 104 1314 1153 1368; baseline 0.001 -16"><span class='ocrx_word' id='word_1_143' title='bbox 104 1315 280 1368; x_wconf 83' lang='grc' dir='ltr'>ἐμπόρους</span> <span class='ocrx_word' id='word_1_144' title='bbox 295 1314 485 1367; x_wconf 88' lang='grc' dir='ltr'>Ῥωμαίων</span> <span class='ocrx_word' id='word_1_145' title='bbox 501 1331 538 1354; x_wconf 92' lang='grc' dir='ltr'><strong>τε</strong></span> <span class='ocrx_word' id='word_1_146' title='bbox 554 1315 613 1354; x_wconf 81' lang='grc' dir='ltr'><strong>καὶ</strong></span> <span class='ocrx_word' id='word_1_147' title='bbox 625 1317 773 1368; x_wconf 84' lang='grc' dir='ltr'>Περσῶν</span> <span class='ocrx_word' id='word_1_148' title='bbox 786 1317 854 1354; x_wconf 88' lang='grc' dir='ltr'><strong>τῶν</strong></span> <span class='ocrx_word' id='word_1_149' title='bbox 868 1318 1056 1354; x_wconf 73' lang='grc' dir='ltr'>ὁποιωνοῦν</span> <span class='ocrx_word' id='word_1_150' title='bbox 1071 1329 1153 1368; x_wconf 85' lang='grc' dir='ltr'>φορ-</span> 
     </span>
     <span class='ocr_line' id='line_1_20' title="bbox 103 1373 1154 1427; baseline 0.001 -17"><span class='ocrx_word' id='word_1_151' title='bbox 103 1373 209 1426; x_wconf 87' lang='grc' dir='ltr'>τίων,</span> <span class='ocrx_word' id='word_1_152' title='bbox 230 1374 369 1418; x_wconf 85' lang='grc' dir='ltr'>τούτους</span> <span class='ocrx_word' id='word_1_153' title='bbox 385 1374 421 1412; x_wconf 81' lang='grc' dir='ltr'>δὲ</span> <span class='ocrx_word' id='word_1_154' title='bbox 443 1373 504 1413; x_wconf 76' lang='grc' dir='ltr'><strong>καὶ</strong></span> <span class='ocrx_word' id='word_1_155' title='bbox 524 1373 601 1418; x_wconf 73' lang='grc' dir='ltr'>τοὺς</span> <span class='ocrx_word' id='word_1_156' title='bbox 619 1373 777 1413; x_wconf 82' lang='grc' dir='ltr'>τοιούσδε</span> <span class='ocrx_word' id='word_1_157' title='bbox 801 1374 970 1427; x_wconf 84' lang='grc' dir='ltr'>ποριστὰς</span> <span class='ocrx_word' id='word_1_158' title='bbox 994 1373 1087 1412; x_wconf 85' lang='grc' dir='ltr'>κατὰ</span> <span class='ocrx_word' id='word_1_159' title='bbox 1113 1373 1154 1411; x_wconf 85' lang='grc' dir='ltr'><strong>τὸ</strong></span> 
     </span>
     <span class='ocr_line' id='line_1_21' title="bbox 103 1430 1154 1485; baseline 0.001 -16"><span class='ocrx_word' id='word_1_160' title='bbox 103 1430 139 1476; x_wconf 79' lang='grc' dir='ltr'>ἐξ</span> <span class='ocrx_word' id='word_1_161' title='bbox 151 1434 261 1484; x_wconf 65' lang='grc' dir='ltr'>ἀρχῆς</span> <span class='ocrx_word' id='word_1_162' title='bbox 271 1434 450 1485; x_wconf 73' lang='grc' dir='ltr'>κρατῆσαν</span> <span class='ocrx_word' id='word_1_163' title='bbox 466 1433 538 1476; x_wconf 84' lang='grc' dir='ltr'>ἔθος</span> <span class='ocrx_word' id='word_1_164' title='bbox 550 1432 802 1484; x_wconf 81' lang='grc' dir='ltr'>ἐμπορεύεσθαι</span> <span class='ocrx_word' id='word_1_165' title='bbox 814 1431 870 1471; x_wconf 77' lang='grc' dir='ltr'><strong>διὰ</strong></span> <span class='ocrx_word' id='word_1_166' title='bbox 880 1434 949 1470; x_wconf 85' lang='grc' dir='ltr'><strong>τῶν</strong></span> <span class='ocrx_word' id='word_1_167' title='bbox 963 1432 1154 1483; x_wconf 83' lang='grc' dir='ltr'>εἰρημένων</span> 
     </span>
     <span class='ocr_line' id='line_1_22' title="bbox 105 1490 1156 1543; baseline 0 -15"><span class='ocrx_word' id='word_1_168' title='bbox 105 1490 394 1543; x_wconf 87' lang='grc' dir='ltr'>δεκατευτηρίων.</span> <span class='ocrx_word' id='word_1_169' title='bbox 410 1490 462 1538; x_wconf 65' lang='lat' dir='ltr'><strong>N,</strong></span> <span class='ocrx_word' id='word_1_170' title='bbox 477 1493 522 1534; x_wconf 84' lang='grc' dir='ltr'><strong>ὡς</strong></span> <span class='ocrx_word' id='word_1_171' title='bbox 537 1490 578 1528; x_wconf 83' lang='grc' dir='ltr'><strong>ἂν</strong></span> <span class='ocrx_word' id='word_1_172' title='bbox 592 1492 623 1528; x_wconf 81' lang='grc' dir='ltr'><strong>οἱ</strong></span> <span class='ocrx_word' id='word_1_173' title='bbox 634 1490 798 1543; x_wconf 78' lang='grc' dir='ltr'>πρέσὸεις</span> <span class='ocrx_word' id='word_1_174' title='bbox 810 1490 871 1529; x_wconf 80' lang='grc' dir='ltr'><strong>καὶ</strong></span> <span class='ocrx_word' id='word_1_175' title='bbox 885 1492 915 1529; x_wconf 81' lang='grc' dir='ltr'><strong>οἵ</strong></span> <span class='ocrx_word' id='word_1_176' title='bbox 926 1493 970 1542; x_wconf 79' lang='grc' dir='ltr'><strong>τῇ</strong></span> <span class='ocrx_word' id='word_1_177' title='bbox 984 1493 1156 1542; x_wconf 77' lang='grc' dir='ltr'>ταχυτῆτι</span> 
     </span>
     <span class='ocr_line' id='line_1_23' title="bbox 104 1548 1154 1602; baseline 0.001 -15"><span class='ocrx_word' id='word_1_178' title='bbox 104 1548 285 1601; x_wconf 75' lang='grc' dir='ltr'>χρώμενοι</span> <span class='ocrx_word' id='word_1_179' title='bbox 305 1551 374 1587; x_wconf 87' lang='grc' dir='ltr'><strong>τῶν</strong></span> <span class='ocrx_word' id='word_1_180' title='bbox 393 1548 569 1599; x_wconf 79' lang='grc' dir='ltr'>δημοσίων</span> <span class='ocrx_word' id='word_1_181' title='bbox 590 1548 708 1587; x_wconf 77' lang='grc' dir='ltr'>ἵππῖον</span> <span class='ocrx_word' id='word_1_182' title='bbox 729 1549 815 1602; x_wconf 86' lang='grc' dir='ltr'>πρὸς</span> <span class='ocrx_word' id='word_1_183' title='bbox 839 1548 901 1592; x_wconf 81' lang='grc' dir='ltr'><strong>τὰς</strong></span> <span class='ocrx_word' id='word_1_184' title='bbox 917 1549 1154 1600; x_wconf 82' lang='grc' dir='ltr'>ἀπαγγελίας,</span> 
     </span>
     <span class='ocr_line' id='line_1_24' title="bbox 104 1606 1157 1661; baseline 0.001 -16"><span class='ocrx_word' id='word_1_185' title='bbox 104 1610 123 1645; x_wconf 81' lang='grc' dir='ltr'><strong><em>ὃ</em></strong></span> <span class='ocrx_word' id='word_1_186' title='bbox 143 1606 206 1658; x_wconf 80' lang='grc' dir='ltr'><strong>μὲν</strong></span> <span class='ocrx_word' id='word_1_187' title='bbox 226 1609 259 1652; x_wconf 86' lang='grc' dir='ltr'><strong>ἐς</strong></span> <span class='ocrx_word' id='word_1_188' title='bbox 275 1606 318 1646; x_wconf 83' lang='grc' dir='ltr'><strong>τὰ</strong></span> <span class='ocrx_word' id='word_1_189' title='bbox 335 1607 536 1658; x_wconf 86' lang='grc' dir='ltr'>Ῥωμαίων,</span> <span class='ocrx_word' id='word_1_190' title='bbox 551 1611 569 1646; x_wconf 88' lang='grc' dir='ltr'>ὃ</span> <span class='ocrx_word' id='word_1_191' title='bbox 584 1609 613 1652; x_wconf 76' lang='grc' dir='ltr'>δ’</span> <span class='ocrx_word' id='word_1_192' title='bbox 627 1610 661 1652; x_wconf 87' lang='grc' dir='ltr'><strong>ἐς</strong></span> <span class='ocrx_word' id='word_1_193' title='bbox 679 1608 724 1646; x_wconf 84' lang='grc' dir='ltr'><strong>τὰ</strong></span> <span class='ocrx_word' id='word_1_194' title='bbox 741 1611 887 1661; x_wconf 84' lang='grc' dir='ltr'>Περσῶν</span> <span class='ocrx_word' id='word_1_195' title='bbox 903 1608 971 1656; x_wconf 78' lang='grc' dir='ltr'><strong>ἤθη</strong></span> <span class='ocrx_word' id='word_1_196' title='bbox 990 1611 1157 1661; x_wconf 88' lang='grc' dir='ltr'>ἀφικνού-</span> 
     </span>
     <span class='ocr_line' id='line_1_25' title="bbox 105 1666 1155 1720; baseline 0.001 -15"><span class='ocrx_word' id='word_1_197' title='bbox 105 1682 203 1717; x_wconf 83' lang='grc' dir='ltr'>μενοι</span> <span class='ocrx_word' id='word_1_198' title='bbox 217 1697 228 1717; x_wconf 86' lang='grc'>,</span> <span class='ocrx_word' id='word_1_199' title='bbox 247 1666 338 1706; x_wconf 79' lang='grc' dir='ltr'>κατὰ</span> <span class='ocrx_word' id='word_1_200' title='bbox 353 1667 483 1715; x_wconf 89' lang='grc' dir='ltr'>ταύτην</span> <span class='ocrx_word' id='word_1_201' title='bbox 501 1666 563 1714; x_wconf 79' lang='grc' dir='ltr'><strong>τὴν</strong></span> <span class='ocrx_word' id='word_1_202' title='bbox 579 1666 678 1712; x_wconf 84' lang='grc' dir='ltr'>ἀξίαν</span> <span class='ocrx_word' id='word_1_203' title='bbox 692 1667 752 1706; x_wconf 84' lang='grc' dir='ltr'><strong>καὶ</strong></span> <span class='ocrx_word' id='word_1_204' title='bbox 766 1667 805 1705; x_wconf 79' lang='grc' dir='ltr'><strong>τὸ</strong></span> <span class='ocrx_word' id='word_1_205' title='bbox 822 1671 997 1720; x_wconf 75' lang='grc' dir='ltr'>προσῆκον</span> <span class='ocrx_word' id='word_1_206' title='bbox 1014 1667 1155 1706; x_wconf 82' lang='grc' dir='ltr'>ἔκαστοι</span> 
     </span>
     <span class='ocr_line' id='line_1_26' title="bbox 104 1725 1154 1777; baseline 0.002 -14"><span class='ocrx_word' id='word_1_207' title='bbox 104 1727 294 1775; x_wconf 81' lang='grc' dir='ltr'>τιμηθεῖεν,</span> <span class='ocrx_word' id='word_1_208' title='bbox 313 1725 373 1764; x_wconf 79' lang='grc' dir='ltr'><strong>καὶ</strong></span> <span class='ocrx_word' id='word_1_209' title='bbox 387 1728 447 1772; x_wconf 82' lang='grc' dir='ltr'>τ’ἧς</span> <span class='ocrx_word' id='word_1_210' title='bbox 461 1726 604 1773; x_wconf 79' lang='grc' dir='ltr'>δεούσης</span> <span class='ocrx_word' id='word_1_211' title='bbox 615 1725 791 1771; x_wconf 80' lang='grc' dir='ltr'>τεύξονται</span> <span class='ocrx_word' id='word_1_212' title='bbox 806 1726 1023 1777; x_wconf 84' lang='grc' dir='ltr'>ἐπιμελείας·</span> <span class='ocrx_word' id='word_1_213' title='bbox 1038 1727 1154 1765; x_wconf 88' lang='grc' dir='ltr'>ἀπαλ·</span> 
     </span>
     <span class='ocr_line' id='line_1_27' title="bbox 105 1783 1154 1838; baseline 0.002 -17"><span class='ocrx_word' id='word_1_214' title='bbox 105 1783 292 1824; x_wconf 83' lang='grc' dir='ltr'>λοίττεσθαί</span> <span class='ocrx_word' id='word_1_215' title='bbox 310 1801 346 1822; x_wconf 83' lang='grc' dir='ltr'><strong>τε</strong></span> <span class='ocrx_word' id='word_1_216' title='bbox 362 1791 450 1838; x_wconf 78' lang='grc' dir='ltr'>σφᾶς</span> <span class='ocrx_word' id='word_1_217' title='bbox 466 1785 515 1835; x_wconf 82' lang='grc' dir='ltr'><strong>μὴ</strong></span> <span class='ocrx_word' id='word_1_218' title='bbox 542 1784 850 1837; x_wconf 68' lang='grc' dir='ltr'>χρονοτριὸοῦντας</span> <span class='ocrx_word' id='word_1_219' title='bbox 863 1799 871 1807; x_wconf 93' lang='grc'>·</span> <span class='ocrx_word' id='word_1_220' title='bbox 893 1783 985 1823; x_wconf 80' lang='grc' dir='ltr'>ἀλλὰ</span> <span class='ocrx_word' id='word_1_221' title='bbox 1004 1785 1071 1837; x_wconf 81' lang='grc' dir='ltr'><strong>γὰρ</strong></span> <span class='ocrx_word' id='word_1_222' title='bbox 1092 1785 1154 1823; x_wconf 81' lang='grc' dir='ltr'><strong>καὶ</strong></span> 
     </span>
     <span class='ocr_line' id='line_1_28' title="bbox 105 1842 1155 1896; baseline -0.001 -15"><span class='ocrx_word' id='word_1_223' title='bbox 105 1842 167 1887; x_wconf 83' lang='grc' dir='ltr'><strong>τὰς</strong></span> <span class='ocrx_word' id='word_1_224' title='bbox 195 1843 387 1896; x_wconf 79' lang='grc' dir='ltr'>ἐμπορίας,</span> <span class='ocrx_word' id='word_1_225' title='bbox 410 1843 450 1887; x_wconf 82' lang='grc' dir='ltr'><strong>ἃς</strong></span> <span class='ocrx_word' id='word_1_226' title='bbox 475 1845 714 1896; x_wconf 66' lang='grc' dir='ltr'>ἐπιφέρονται,</span> <span class='ocrx_word' id='word_1_227' title='bbox 743 1844 946 1893; x_wconf 71' lang='grc' dir='ltr'>ἀμοιὸάζειν</span> <span class='ocrx_word' id='word_1_228' title='bbox 967 1843 1155 1887; x_wconf 78' lang='grc' dir='ltr'>ἀκωλύτως</span> 
     </span>
     <span class='ocr_line' id='line_1_29' title="bbox 104 1902 1155 1953; baseline 0.001 -14"><span class='ocrx_word' id='word_1_229' title='bbox 104 1917 141 1940; x_wconf 91' lang='grc' dir='ltr'><strong>τε</strong></span> <span class='ocrx_word' id='word_1_230' title='bbox 159 1902 219 1941; x_wconf 90' lang='grc' dir='ltr'><strong>καὶ</strong></span> <span class='ocrx_word' id='word_1_231' title='bbox 240 1903 321 1942; x_wconf 85' lang='grc' dir='ltr'>ἄνευ</span> <span class='ocrx_word' id='word_1_232' title='bbox 337 1902 532 1947; x_wconf 84' lang='grc' dir='ltr'>συντελείας</span> <span class='ocrx_word' id='word_1_233' title='bbox 547 1902 649 1947; x_wconf 89' lang='grc' dir='ltr'>τινός.</span> <span class='ocrx_word' id='word_1_234' title='bbox 670 1903 711 1942; x_wconf 86' lang='grc' dir='ltr'><strong>Ε’</strong></span> <span class='ocrx_word' id='word_1_235' title='bbox 729 1902 947 1953; x_wconf 82' lang='grc' dir='ltr'>διετυπώθη,</span> <span class='ocrx_word' id='word_1_236' title='bbox 965 1902 1057 1940; x_wconf 82' lang='grc' dir='ltr'>ὥστε</span> <span class='ocrx_word' id='word_1_237' title='bbox 1076 1902 1155 1946; x_wconf 74' lang='grc' dir='ltr'>τοὺς</span> 
     </span>
     <span class='ocr_line' id='line_1_30' title="bbox 106 1961 1155 2015; baseline 0.001 -16"><span class='ocrx_word' id='word_1_238' title='bbox 106 1961 334 2015; x_wconf 74' lang='grc' dir='ltr'>Σαρακηνοὺς</span> <span class='ocrx_word' id='word_1_239' title='bbox 354 1961 414 2000; x_wconf 83' lang='grc' dir='ltr'><strong>καὶ</strong></span> <span class='ocrx_word' id='word_1_240' title='bbox 436 1962 515 2006; x_wconf 80' lang='grc' dir='ltr'>τοὺς</span> <span class='ocrx_word' id='word_1_241' title='bbox 533 1964 738 2000; x_wconf 80' lang='grc' dir='ltr'>ὃποιουσοῦν</span> <span class='ocrx_word' id='word_1_242' title='bbox 760 1961 958 2014; x_wconf 69' lang='grc' dir='ltr'>βαρὸάρους</span> <span class='ocrx_word' id='word_1_243' title='bbox 981 1961 1155 2014; x_wconf 84' lang='grc' dir='ltr'>ἐμπόρους</span> 
     </span>
     <span class='ocr_line' id='line_1_31' title="bbox 106 2018 1154 2072; baseline -0.002 -14"><span class='ocrx_word' id='word_1_244' title='bbox 106 2019 271 2072; x_wconf 80' lang='grc' dir='ltr'>ἑκατέρας</span> <span class='ocrx_word' id='word_1_245' title='bbox 298 2019 474 2063; x_wconf 85' lang='grc' dir='ltr'>πολιτείας</span> <span class='ocrx_word' id='word_1_246' title='bbox 503 2019 552 2069; x_wconf 84' lang='grc' dir='ltr'><strong>μὴ</strong></span> <span class='ocrx_word' id='word_1_247' title='bbox 579 2019 637 2057; x_wconf 87' lang='grc' dir='ltr'><strong>διὰ</strong></span> <span class='ocrx_word' id='word_1_248' title='bbox 658 2018 760 2064; x_wconf 84' lang='grc' dir='ltr'>ξένων</span> <span class='ocrx_word' id='word_1_249' title='bbox 784 2021 952 2072; x_wconf 84' lang='grc' dir='ltr'>ἀτραπῶν</span> <span class='ocrx_word' id='word_1_250' title='bbox 980 2022 1154 2057; x_wconf 83' lang='grc' dir='ltr'>ποιεῖσθαι</span> 
     </span>
    </p>
   </div>
   <div class='ocr_carea' id='block_1_5' title="bbox 104 2130 1162 3469">
    <p class='ocr_par' dir='ltr' id='par_1_5' title="bbox 104 2130 1162 3469">
     <span class='ocr_line' id='line_1_32' title="bbox 105 2130 1158 2171; baseline -0.003 -8"><span class='ocrx_word' id='word_1_251' title='bbox 105 2133 285 2171; x_wconf 75' lang='lat' dir='ltr'><strong>perator-em</strong></span> <span class='ocrx_word' id='word_1_252' title='bbox 305 2131 505 2171; x_wconf 81' lang='lat' dir='ltr'><strong>militabant,</strong></span> <span class='ocrx_word' id='word_1_253' title='bbox 521 2130 677 2164; x_wconf 79' lang='lat' dir='ltr'>Eusebius</span> <span class='ocrx_word' id='word_1_254' title='bbox 693 2131 808 2170; x_wconf 88' lang='lat' dir='ltr'><strong>etalii,</strong></span> <span class='ocrx_word' id='word_1_255' title='bbox 822 2140 862 2163; x_wconf 82' lang='lat' dir='ltr'><strong>ex</strong></span> <span class='ocrx_word' id='word_1_256' title='bbox 877 2130 982 2163; x_wconf 86' lang='lat' dir='ltr'><strong>Persis</strong></span> <span class='ocrx_word' id='word_1_257' title='bbox 997 2130 1158 2170; x_wconf 82' lang='lat' dir='ltr'><strong>lesdegus-</strong></span> 
     </span>
     <span class='ocr_line' id='line_1_33' title="bbox 104 2182 1158 2224; baseline -0.001 -10"><span class='ocrx_word' id='word_1_258' title='bbox 104 2183 190 2224; x_wconf 78' lang='lat' dir='ltr'><strong>napli</strong></span> <span class='ocrx_word' id='word_1_259' title='bbox 202 2208 210 2222; x_wconf 76' lang='lat'>‚</span> <span class='ocrx_word' id='word_1_260' title='bbox 224 2185 363 2216; x_wconf 81' lang='lat' dir='ltr'>Surenas</span> <span class='ocrx_word' id='word_1_261' title='bbox 374 2185 407 2215; x_wconf 88' lang='lat' dir='ltr'><strong>et</strong></span> <span class='ocrx_word' id='word_1_262' title='bbox 420 2182 484 2215; x_wconf 87' lang='lat' dir='ltr'><strong>alii.</strong></span> <span class='ocrx_word' id='word_1_263' title='bbox 496 2185 605 2220; x_wconf 91' lang='lat' dir='ltr'><strong>Quum</strong></span> <span class='ocrx_word' id='word_1_264' title='bbox 619 2182 715 2224; x_wconf 80' lang='lat' dir='ltr'><strong>igitur</strong></span> <span class='ocrx_word' id='word_1_265' title='bbox 728 2182 956 2215; x_wconf 82' lang='lat' dir='ltr'><strong>conventiones</strong></span> <span class='ocrx_word' id='word_1_266' title='bbox 967 2182 1008 2214; x_wconf 82' lang='lat' dir='ltr'><strong>ab</strong></span> <span class='ocrx_word' id='word_1_267' title='bbox 1021 2183 1158 2222; x_wconf 85' lang='lat' dir='ltr'><strong>utraque</strong></span> 
     </span>
     <span class='ocr_line' id='line_1_34' title="bbox 105 2235 1156 2275; baseline -0.001 -8"><span class='ocrx_word' id='word_1_268' title='bbox 105 2239 194 2275; x_wconf 87' lang='lat' dir='ltr'><strong>parte</strong></span> <span class='ocrx_word' id='word_1_269' title='bbox 207 2236 322 2268; x_wconf 87' lang='lat' dir='ltr'><strong>litteris</strong></span> <span class='ocrx_word' id='word_1_270' title='bbox 334 2235 493 2268; x_wconf 79' lang='lat' dir='ltr'><strong>mandatae</strong></span> <span class='ocrx_word' id='word_1_271' title='bbox 514 2238 638 2275; x_wconf 86' lang='lat' dir='ltr'><strong>essent,</strong></span> <span class='ocrx_word' id='word_1_272' title='bbox 656 2236 828 2275; x_wconf 87' lang='lat' dir='ltr'><strong>utramque</strong></span> <span class='ocrx_word' id='word_1_273' title='bbox 844 2235 928 2267; x_wconf 90' lang='lat' dir='ltr'><strong>inter</strong></span> <span class='ocrx_word' id='word_1_274' title='bbox 941 2243 976 2267; x_wconf 92' lang='lat' dir='ltr'><strong>se</strong></span> <span class='ocrx_word' id='word_1_275' title='bbox 988 2242 1156 2275; x_wconf 86' lang='lat' dir='ltr'><strong>compara·</strong></span> 
     </span>
     <span class='ocr_line' id='line_1_35' title="bbox 105 2284 1159 2327; baseline -0.001 -9"><span class='ocrx_word' id='word_1_276' title='bbox 105 2288 193 2327; x_wconf 80' lang='lat' dir='ltr'><strong>runt,</strong></span> <span class='ocrx_word' id='word_1_277' title='bbox 210 2290 246 2319; x_wconf 86' lang='lat' dir='ltr'><strong>ut</strong></span> <span class='ocrx_word' id='word_1_278' title='bbox 258 2287 356 2319; x_wconf 87' lang='lat' dir='ltr'><strong>verba</strong></span> <span class='ocrx_word' id='word_1_279' title='bbox 366 2288 398 2319; x_wconf 89' lang='lat' dir='ltr'><strong>et</strong></span> <span class='ocrx_word' id='word_1_280' title='bbox 410 2287 577 2320; x_wconf 84' lang='lat' dir='ltr'><strong>sententiae</strong></span> <span class='ocrx_word' id='word_1_281' title='bbox 590 2286 675 2319; x_wconf 88' lang='lat' dir='ltr'><strong>idem</strong></span> <span class='ocrx_word' id='word_1_282' title='bbox 688 2287 843 2319; x_wconf 86' lang='lat' dir='ltr'><strong>valerent.</strong></span> <span class='ocrx_word' id='word_1_283' title='bbox 859 2288 939 2324; x_wconf 81' lang='lat' dir='ltr'><strong>Quae</strong></span> <span class='ocrx_word' id='word_1_284' title='bbox 950 2287 1058 2318; x_wconf 87' lang='lat' dir='ltr'><strong>autem</strong></span> <span class='ocrx_word' id='word_1_285' title='bbox 1072 2284 1159 2326; x_wconf 87' lang='lat' dir='ltr'>pacis</span> 
     </span>
     <span class='ocr_line' id='line_1_36' title="bbox 105 2337 1160 2382; baseline -0.001 -11"><span class='ocrx_word' id='word_1_286' title='bbox 105 2339 201 2371; x_wconf 78' lang='lat' dir='ltr'>libelli</span> <span class='ocrx_word' id='word_1_287' title='bbox 216 2339 430 2382; x_wconf 81' lang='lat' dir='ltr'><strong>continerent,</strong></span> <span class='ocrx_word' id='word_1_288' title='bbox 438 2338 596 2370; x_wconf 87' lang='lat' dir='ltr'><strong>dicentur.</strong></span> <span class='ocrx_word' id='word_1_289' title='bbox 613 2338 758 2370; x_wconf 85' lang='lat' dir='ltr'><strong>Primum</strong></span> <span class='ocrx_word' id='word_1_290' title='bbox 771 2338 937 2370; x_wconf 87' lang='lat' dir='ltr'><strong>decretum</strong></span> <span class='ocrx_word' id='word_1_291' title='bbox 951 2337 1010 2370; x_wconf 85' lang='lat' dir='ltr'><strong>suit</strong></span> <span class='ocrx_word' id='word_1_292' title='bbox 1025 2347 1033 2368; x_wconf 89' lang='lat'>:</span> <span class='ocrx_word' id='word_1_293' title='bbox 1049 2345 1090 2370; x_wconf 92' lang='lat' dir='ltr'><strong>ne</strong></span> <span class='ocrx_word' id='word_1_294' title='bbox 1102 2345 1160 2378; x_wconf 85' lang='lat' dir='ltr'><strong>per</strong></span> 
     </span>
     <span class='ocr_line' id='line_1_37' title="bbox 106 2389 1157 2433; baseline -0.003 -10"><span class='ocrx_word' id='word_1_295' title='bbox 106 2392 342 2433; x_wconf 69' lang='lat' dir='ltr'><strong>angustiasejiis</strong></span> <span class='ocrx_word' id='word_1_296' title='bbox 354 2391 520 2431; x_wconf 80' lang='lat' dir='ltr'><strong>introitus,</strong></span> <span class='ocrx_word' id='word_1_297' title='bbox 531 2391 588 2432; x_wconf 86' lang='lat' dir='ltr'><strong>qui</strong></span> <span class='ocrx_word' id='word_1_298' title='bbox 600 2391 783 2424; x_wconf 84' lang='lat' dir='ltr'><strong>Chorutson</strong></span> <span class='ocrx_word' id='word_1_299' title='bbox 795 2391 805 2430; x_wconf 95' lang='lat'><strong>(</strong></span> <span class='ocrx_word' id='word_1_300' title='bbox 817 2393 910 2423; x_wconf 76' lang='lat' dir='ltr'><strong>Tzur</strong></span> <span class='ocrx_word' id='word_1_301' title='bbox 924 2398 975 2431; x_wconf 87' lang='lat' dir='ltr'><strong>ap.</strong></span> <span class='ocrx_word' id='word_1_302' title='bbox 1000 2389 1157 2430; x_wconf 89' lang='lat' dir='ltr'><strong>Procop.)</strong></span> 
     </span>
     <span class='ocr_line' id='line_1_38' title="bbox 106 2443 1157 2485; baseline -0.001 -9"><span class='ocrx_word' id='word_1_303' title='bbox 106 2445 300 2485; x_wconf 86' lang='lat' dir='ltr'><strong>appellatur,</strong></span> <span class='ocrx_word' id='word_1_304' title='bbox 315 2445 347 2476; x_wconf 87' lang='lat' dir='ltr'><strong>et</strong></span> <span class='ocrx_word' id='word_1_305' title='bbox 363 2445 472 2484; x_wconf 87' lang='lat' dir='ltr'><strong>portas</strong></span> <span class='ocrx_word' id='word_1_306' title='bbox 486 2445 618 2484; x_wconf 83' lang='lat' dir='ltr'><strong>Caspias</strong></span> <span class='ocrx_word' id='word_1_307' title='bbox 646 2446 750 2476; x_wconf 79' lang='lat' dir='ltr'><strong>Persae</strong></span> <span class='ocrx_word' id='word_1_308' title='bbox 778 2445 835 2475; x_wconf 86' lang='lat' dir='ltr'><strong>aut</strong></span> <span class='ocrx_word' id='word_1_309' title='bbox 848 2445 982 2475; x_wconf 83' lang='lat' dir='ltr'><strong>Hunnos</strong></span> <span class='ocrx_word' id='word_1_310' title='bbox 1006 2444 1064 2475; x_wconf 83' lang='lat' dir='ltr'><strong>aut</strong></span> <span class='ocrx_word' id='word_1_311' title='bbox 1079 2443 1157 2475; x_wconf 88' lang='lat' dir='ltr'><strong>Ala-</strong></span> 
     </span>
     <span class='ocr_line' id='line_1_39' title="bbox 106 2495 1157 2530; baseline -0.002 -1"><span class='ocrx_word' id='word_1_312' title='bbox 106 2506 166 2530; x_wconf 88' lang='lat' dir='ltr'><strong>nos</strong></span> <span class='ocrx_word' id='word_1_313' title='bbox 191 2499 248 2530; x_wconf 85' lang='lat' dir='ltr'><strong>aut</strong></span> <span class='ocrx_word' id='word_1_314' title='bbox 276 2497 354 2529; x_wconf 88' lang='lat' dir='ltr'><strong>alios</strong></span> <span class='ocrx_word' id='word_1_315' title='bbox 365 2497 518 2529; x_wconf 82' lang='lat' dir='ltr'><strong>barbaros</strong></span> <span class='ocrx_word' id='word_1_316' title='bbox 534 2497 565 2528; x_wconf 89' lang='lat' dir='ltr'><strong>in</strong></span> <span class='ocrx_word' id='word_1_317' title='bbox 581 2498 799 2528; x_wconf 85' lang='lat' dir='ltr'><strong>Romanorum</strong></span> <span class='ocrx_word' id='word_1_318' title='bbox 823 2496 900 2528; x_wconf 77' lang='lat' dir='ltr'><strong>fines</strong></span> <span class='ocrx_word' id='word_1_319' title='bbox 918 2495 1053 2528; x_wconf 86' lang='lat' dir='ltr'><strong>transire</strong></span> <span class='ocrx_word' id='word_1_320' title='bbox 1076 2495 1157 2528; x_wconf 89' lang='lat' dir='ltr'><strong>sine-</strong></span> 
     </span>
     <span class='ocr_line' id='line_1_40' title="bbox 108 2548 1158 2590; baseline -0.002 -8"><span class='ocrx_word' id='word_1_321' title='bbox 108 2551 200 2590; x_wconf 83' lang='lat' dir='ltr'><strong>rent,</strong></span> <span class='ocrx_word' id='word_1_322' title='bbox 216 2558 298 2582; x_wconf 81' lang='lat' dir='ltr'><strong>neve</strong></span> <span class='ocrx_word' id='word_1_323' title='bbox 319 2548 456 2582; x_wconf 84' lang='lat' dir='ltr'><strong>Romani</strong></span> <span class='ocrx_word' id='word_1_324' title='bbox 485 2548 518 2580; x_wconf 89' lang='lat' dir='ltr'><strong>in</strong></span> <span class='ocrx_word' id='word_1_325' title='bbox 535 2557 573 2581; x_wconf 86' lang='lat' dir='ltr'><strong>ea</strong></span> <span class='ocrx_word' id='word_1_326' title='bbox 595 2549 665 2580; x_wconf 87' lang='lat' dir='ltr'><strong>loca</strong></span> <span class='ocrx_word' id='word_1_327' title='bbox 689 2550 746 2580; x_wconf 87' lang='lat' dir='ltr'><strong>aut</strong></span> <span class='ocrx_word' id='word_1_328' title='bbox 771 2548 802 2580; x_wconf 91' lang='lat' dir='ltr'><strong>in</strong></span> <span class='ocrx_word' id='word_1_329' title='bbox 821 2548 915 2580; x_wconf 86' lang='lat' dir='ltr'><strong>aliam</strong></span> <span class='ocrx_word' id='word_1_330' title='bbox 931 2556 1158 2588; x_wconf 87' lang='lat' dir='ltr'><strong>quameunque</strong></span> 
     </span>
     <span class='ocr_line' id='line_1_41' title="bbox 107 2599 1157 2642; baseline -0.004 -8"><span class='ocrx_word' id='word_1_331' title='bbox 107 2604 232 2642; x_wconf 82' lang='lat' dir='ltr'><strong>partem</strong></span> <span class='ocrx_word' id='word_1_332' title='bbox 246 2600 359 2633; x_wconf 85' lang='lat' dir='ltr'><strong>finium</strong></span> <span class='ocrx_word' id='word_1_333' title='bbox 381 2600 579 2633; x_wconf 78' lang='lat' dir='ltr'><strong>Medicorum</strong></span> <span class='ocrx_word' id='word_1_334' title='bbox 598 2600 774 2632; x_wconf 78' lang='lat' dir='ltr'><strong>exercitum</strong></span> <span class='ocrx_word' id='word_1_335' title='bbox 792 2600 905 2631; x_wconf 81' lang='lat' dir='ltr'><strong>contra</strong></span> <span class='ocrx_word' id='word_1_336' title='bbox 923 2601 1035 2631; x_wconf 82' lang='lat' dir='ltr'><strong>Persas</strong></span> <span class='ocrx_word' id='word_1_337' title='bbox 1047 2599 1157 2631; x_wconf 80' lang='lat' dir='ltr'><strong>initte-</strong></span> 
     </span>
     <span class='ocr_line' id='line_1_42' title="bbox 107 2650 1158 2691; baseline -0.004 -6"><span class='ocrx_word' id='word_1_338' title='bbox 107 2654 200 2691; x_wconf 89' lang='lat' dir='ltr'><strong>rent;</strong></span> <span class='ocrx_word' id='word_1_339' title='bbox 223 2651 363 2685; x_wconf 88' lang='lat' dir='ltr'><strong>secundo</strong></span> <span class='ocrx_word' id='word_1_340' title='bbox 375 2651 446 2683; x_wconf 89' lang='lat' dir='ltr'><strong>loco</strong></span> <span class='ocrx_word' id='word_1_341' title='bbox 461 2650 627 2683; x_wconf 88' lang='lat' dir='ltr'><strong>decretum</strong></span> <span class='ocrx_word' id='word_1_342' title='bbox 639 2653 688 2682; x_wconf 88' lang='lat' dir='ltr'><strong>est</strong></span> <span class='ocrx_word' id='word_1_343' title='bbox 701 2653 736 2682; x_wconf 87' lang='lat' dir='ltr'><strong>ut</strong></span> <span class='ocrx_word' id='word_1_344' title='bbox 747 2650 914 2690; x_wconf 82' lang='lat' dir='ltr'><strong>Saraceni,</strong></span> <span class='ocrx_word' id='word_1_345' title='bbox 930 2651 1099 2690; x_wconf 86' lang='lat' dir='ltr'><strong>utriusque</strong></span> <span class='ocrx_word' id='word_1_346' title='bbox 1113 2650 1158 2681; x_wconf 91' lang='lat' dir='ltr'><strong>ci-</strong></span> 
     </span>
     <span class='ocr_line' id='line_1_43' title="bbox 106 2702 1156 2745; baseline -0.002 -9"><span class='ocrx_word' id='word_1_347' title='bbox 106 2706 215 2738; x_wconf 74' lang='lat' dir='ltr'><strong>vitatis</strong></span> <span class='ocrx_word' id='word_1_348' title='bbox 227 2705 315 2745; x_wconf 88' lang='lat' dir='ltr'><strong>socii,</strong></span> <span class='ocrx_word' id='word_1_349' title='bbox 333 2703 445 2737; x_wconf 82' lang='lat' dir='ltr'><strong>eadem</strong></span> <span class='ocrx_word' id='word_1_350' title='bbox 464 2704 558 2745; x_wconf 82' lang='lat' dir='ltr'><strong>pacta</strong></span> <span class='ocrx_word' id='word_1_351' title='bbox 578 2705 762 2741; x_wconf 86' lang='lat' dir='ltr'><strong>servarent,</strong></span> <span class='ocrx_word' id='word_1_352' title='bbox 782 2711 887 2744; x_wconf 87' lang='lat' dir='ltr'><strong>neque</strong></span> <span class='ocrx_word' id='word_1_353' title='bbox 908 2703 942 2734; x_wconf 79' lang='lat' dir='ltr'><strong>lii</strong></span> <span class='ocrx_word' id='word_1_354' title='bbox 964 2702 1020 2743; x_wconf 87' lang='lat' dir='ltr'><strong>qui</strong></span> <span class='ocrx_word' id='word_1_355' title='bbox 1037 2704 1156 2735; x_wconf 83' lang='lat' dir='ltr'><strong>Roma-</strong></span> 
     </span>
     <span class='ocr_line' id='line_1_44' title="bbox 107 2754 1157 2796; baseline -0.002 -8"><span class='ocrx_word' id='word_1_356' title='bbox 107 2765 224 2789; x_wconf 91' lang='lat' dir='ltr'><strong>norum</strong></span> <span class='ocrx_word' id='word_1_357' title='bbox 255 2756 394 2796; x_wconf 90' lang='lat' dir='ltr'><strong>partium</strong></span> <span class='ocrx_word' id='word_1_358' title='bbox 424 2756 551 2795; x_wconf 85' lang='lat' dir='ltr'><strong>essent,</strong></span> <span class='ocrx_word' id='word_1_359' title='bbox 579 2756 690 2788; x_wconf 86' lang='lat' dir='ltr'><strong>contra</strong></span> <span class='ocrx_word' id='word_1_360' title='bbox 723 2757 978 2795; x_wconf 85' lang='lat' dir='ltr'><strong>Persas,neque</strong></span> <span class='ocrx_word' id='word_1_361' title='bbox 999 2754 1055 2794; x_wconf 86' lang='lat' dir='ltr'><strong>qui</strong></span> <span class='ocrx_word' id='word_1_362' title='bbox 1082 2756 1157 2786; x_wconf 87' lang='lat' dir='ltr'><strong>Per—</strong></span> 
     </span>
     <span class='ocr_line' id='line_1_45' title="bbox 107 2806 1157 2847; baseline -0.002 -7"><span class='ocrx_word' id='word_1_363' title='bbox 107 2817 233 2847; x_wconf 86' lang='lat' dir='ltr'><strong>sarum,</strong></span> <span class='ocrx_word' id='word_1_364' title='bbox 258 2808 369 2839; x_wconf 87' lang='lat' dir='ltr'><strong>eontra</strong></span> <span class='ocrx_word' id='word_1_365' title='bbox 395 2808 555 2840; x_wconf 83' lang='lat' dir='ltr'><strong>Romanos</strong></span> <span class='ocrx_word' id='word_1_366' title='bbox 575 2815 665 2839; x_wconf 87' lang='lat' dir='ltr'><strong>arma</strong></span> <span class='ocrx_word' id='word_1_367' title='bbox 695 2807 831 2845; x_wconf 58' lang='lat' dir='ltr'><strong>terreum</strong></span> <span class='ocrx_word' id='word_1_368' title='bbox 854 2806 950 2839; x_wconf 86' lang='lat' dir='ltr'><strong>tertio</strong></span> <span class='ocrx_word' id='word_1_369' title='bbox 975 2806 1079 2846; x_wconf 88' lang='lat' dir='ltr'><strong>capite</strong></span> <span class='ocrx_word' id='word_1_370' title='bbox 1103 2814 1157 2838; x_wconf 85' lang='lat' dir='ltr'><strong>ca-</strong></span> 
     </span>
     <span class='ocr_line' id='line_1_46' title="bbox 109 2857 1157 2899; baseline -0.002 -8"><span class='ocrx_word' id='word_1_371' title='bbox 109 2862 201 2892; x_wconf 81' lang='lat' dir='ltr'><strong>vetur</strong></span> <span class='ocrx_word' id='word_1_372' title='bbox 214 2861 249 2891; x_wconf 84' lang='lat' dir='ltr'><strong>ut</strong></span> <span class='ocrx_word' id='word_1_373' title='bbox 268 2859 404 2891; x_wconf 78' lang='lat' dir='ltr'><strong>Romani</strong></span> <span class='ocrx_word' id='word_1_374' title='bbox 422 2860 456 2890; x_wconf 86' lang='lat' dir='ltr'><strong>et</strong></span> <span class='ocrx_word' id='word_1_375' title='bbox 477 2859 581 2891; x_wconf 81' lang='lat' dir='ltr'><strong>Persae</strong></span> <span class='ocrx_word' id='word_1_376' title='bbox 603 2866 872 2899; x_wconf 86' lang='lat' dir='ltr'><strong>quarumcunque</strong></span> <span class='ocrx_word' id='word_1_377' title='bbox 896 2857 1054 2890; x_wconf 88' lang='lat' dir='ltr'><strong>mercium</strong></span> <span class='ocrx_word' id='word_1_378' title='bbox 1075 2865 1157 2889; x_wconf 88' lang='lat' dir='ltr'><strong>mer-</strong></span> 
     </span>
     <span class='ocr_line' id='line_1_47' title="bbox 109 2910 1159 2951; baseline -0.001 -8"><span class='ocrx_word' id='word_1_379' title='bbox 109 2914 234 2944; x_wconf 87' lang='lat' dir='ltr'><strong>catores</strong></span> <span class='ocrx_word' id='word_1_380' title='bbox 248 2913 282 2943; x_wconf 87' lang='lat' dir='ltr'><strong>et</strong></span> <span class='ocrx_word' id='word_1_381' title='bbox 308 2911 520 2951; x_wconf 78' lang='lat' dir='ltr'><strong>negotiatores</strong></span> <span class='ocrx_word' id='word_1_382' title='bbox 550 2910 726 2943; x_wconf 81' lang='lat' dir='ltr'><strong>secundum</strong></span> <span class='ocrx_word' id='word_1_383' title='bbox 751 2911 890 2942; x_wconf 82' lang='lat' dir='ltr'><strong>veterem</strong></span> <span class='ocrx_word' id='word_1_384' title='bbox 912 2918 1034 2942; x_wconf 87' lang='lat' dir='ltr'><strong>morem</strong></span> <span class='ocrx_word' id='word_1_385' title='bbox 1053 2918 1159 2950; x_wconf 87' lang='lat' dir='ltr'><strong>neque</strong></span> 
     </span>
     <span class='ocr_line' id='line_1_48' title="bbox 109 2961 1159 3010; baseline -0.001 -16"><span class='ocrx_word' id='word_1_386' title='bbox 109 2963 143 2994; x_wconf 87' lang='lat' dir='ltr'><strong>in</strong></span> <span class='ocrx_word' id='word_1_387' title='bbox 173 2963 241 3010; x_wconf 50' lang='lat' dir='ltr'><strong>alja</strong></span> <span class='ocrx_word' id='word_1_388' title='bbox 263 2962 359 3001; x_wconf 87' lang='lat' dir='ltr'><strong>locis,</strong></span> <span class='ocrx_word' id='word_1_389' title='bbox 393 2971 491 3002; x_wconf 88' lang='lat' dir='ltr'><strong>quam</strong></span> <span class='ocrx_word' id='word_1_390' title='bbox 523 2961 556 2993; x_wconf 89' lang='lat' dir='ltr'><strong>in</strong></span> <span class='ocrx_word' id='word_1_391' title='bbox 601 2961 720 3002; x_wconf 84' lang='lat' dir='ltr'><strong>quibus</strong></span> <span class='ocrx_word' id='word_1_392' title='bbox 747 2961 945 2994; x_wconf 87' lang='lat' dir='ltr'><strong>decimarum</strong></span> <span class='ocrx_word' id='word_1_393' title='bbox 971 2961 1088 2993; x_wconf 86' lang='lat' dir='ltr'><strong>solutio</strong></span> <span class='ocrx_word' id='word_1_394' title='bbox 1110 2963 1159 2993; x_wconf 84' lang='lat' dir='ltr'><strong>est</strong></span> 
     </span>
     <span class='ocr_line' id='line_1_49' title="bbox 109 3012 1158 3055; baseline -0.002 -9"><span class='ocrx_word' id='word_1_395' title='bbox 109 3014 250 3053; x_wconf 86' lang='lat' dir='ltr'><strong>indicta,</strong></span> <span class='ocrx_word' id='word_1_396' title='bbox 271 3014 469 3045; x_wconf 84' lang='lat' dir='ltr'><strong>mercaturas</strong></span> <span class='ocrx_word' id='word_1_397' title='bbox 501 3013 635 3055; x_wconf 81' lang='lat' dir='ltr'><strong>faciant3</strong></span> <span class='ocrx_word' id='word_1_398' title='bbox 665 3014 782 3054; x_wconf 83' lang='lat' dir='ltr'><strong>quarto</strong></span> <span class='ocrx_word' id='word_1_399' title='bbox 807 3013 878 3045; x_wconf 87' lang='lat' dir='ltr'><strong>loco</strong></span> <span class='ocrx_word' id='word_1_400' title='bbox 905 3012 1093 3052; x_wconf 87' lang='lat' dir='ltr'><strong>decretum,</strong></span> <span class='ocrx_word' id='word_1_401' title='bbox 1119 3013 1158 3045; x_wconf 83' lang='lat' dir='ltr'><strong>ut</strong></span> 
     </span>
     <span class='ocr_line' id='line_1_50' title="bbox 109 3063 1161 3106; baseline 0.004 -12"><span class='ocrx_word' id='word_1_402' title='bbox 109 3063 206 3103; x_wconf 77' lang='lat' dir='ltr'><strong>legati</strong></span> <span class='ocrx_word' id='word_1_403' title='bbox 225 3066 257 3097; x_wconf 88' lang='lat' dir='ltr'><strong>et</strong></span> <span class='ocrx_word' id='word_1_404' title='bbox 282 3064 415 3104; x_wconf 79' lang='lat' dir='ltr'><strong>reliqui,</strong></span> <span class='ocrx_word' id='word_1_405' title='bbox 439 3065 513 3105; x_wconf 88' lang='lat' dir='ltr'><strong>qui,</strong></span> <span class='ocrx_word' id='word_1_406' title='bbox 530 3074 632 3105; x_wconf 86' lang='lat' dir='ltr'><strong>quum</strong></span> <span class='ocrx_word' id='word_1_407' title='bbox 650 3065 726 3106; x_wconf 84' lang='lat' dir='ltr'><strong>quid</strong></span> <span class='ocrx_word' id='word_1_408' title='bbox 750 3065 854 3096; x_wconf 88' lang='lat' dir='ltr'><strong>nuntii</strong></span> <span class='ocrx_word' id='word_1_409' title='bbox 875 3064 1056 3106; x_wconf 79' lang='lat' dir='ltr'><strong>perferant,</strong></span> <span class='ocrx_word' id='word_1_410' title='bbox 1070 3065 1161 3105; x_wconf 84' lang='lat' dir='ltr'><strong>equis</strong></span> 
     </span>
     <span class='ocr_line' id='line_1_51' title="bbox 110 3117 1159 3158; baseline 0.001 -10"><span class='ocrx_word' id='word_1_411' title='bbox 110 3117 249 3157; x_wconf 87' lang='lat' dir='ltr'><strong>publicis</strong></span> <span class='ocrx_word' id='word_1_412' title='bbox 282 3118 430 3154; x_wconf 87' lang='lat' dir='ltr'><strong>utantur,</strong></span> <span class='ocrx_word' id='word_1_413' title='bbox 459 3118 529 3148; x_wconf 89' lang='lat' dir='ltr'><strong>tum</strong></span> <span class='ocrx_word' id='word_1_414' title='bbox 555 3118 610 3158; x_wconf 87' lang='lat' dir='ltr'><strong>qui</strong></span> <span class='ocrx_word' id='word_1_415' title='bbox 641 3126 697 3158; x_wconf 91' lang='lat' dir='ltr'><strong>per</strong></span> <span class='ocrx_word' id='word_1_416' title='bbox 722 3119 964 3156; x_wconf 82' lang='lat' dir='ltr'><strong>Romanorum,</strong></span> <span class='ocrx_word' id='word_1_417' title='bbox 999 3119 1071 3150; x_wconf 87' lang='lat' dir='ltr'><strong>tum</strong></span> <span class='ocrx_word' id='word_1_418' title='bbox 1104 3118 1159 3157; x_wconf 82' lang='lat' dir='ltr'><strong>qui</strong></span> 
     </span>
     <span class='ocr_line' id='line_1_52' title="bbox 111 3169 1158 3211; baseline 0.003 -12"><span class='ocrx_word' id='word_1_419' title='bbox 111 3178 168 3209; x_wconf 86' lang='lat' dir='ltr'><strong>per</strong></span> <span class='ocrx_word' id='word_1_420' title='bbox 184 3171 352 3201; x_wconf 77' lang='lat' dir='ltr'>Persarum</span> <span class='ocrx_word' id='word_1_421' title='bbox 375 3169 519 3209; x_wconf 82' lang='lat' dir='ltr'><strong>regiones</strong></span> <span class='ocrx_word' id='word_1_422' title='bbox 543 3170 605 3201; x_wconf 89' lang='lat' dir='ltr'><strong>iter</strong></span> <span class='ocrx_word' id='word_1_423' title='bbox 630 3170 786 3208; x_wconf 84' lang='lat' dir='ltr'><strong>habeant,</strong></span> <span class='ocrx_word' id='word_1_424' title='bbox 811 3179 870 3211; x_wconf 88' lang='lat' dir='ltr'><strong>pro</strong></span> <span class='ocrx_word' id='word_1_425' title='bbox 886 3172 1041 3211; x_wconf 81' lang='lat' dir='ltr'><strong>cujusque</strong></span> <span class='ocrx_word' id='word_1_426' title='bbox 1058 3170 1158 3210; x_wconf 84' lang='lat' dir='ltr'><strong>gradu</strong></span> 
     </span>
     <span class='ocr_line' id='line_1_53' title="bbox 111 3220 1159 3262; baseline 0.002 -11"><span class='ocrx_word' id='word_1_427' title='bbox 111 3222 144 3252; x_wconf 88' lang='lat' dir='ltr'><strong>et</strong></span> <span class='ocrx_word' id='word_1_428' title='bbox 159 3220 311 3262; x_wconf 79' lang='lat' dir='ltr'><strong>dignitate</strong></span> <span class='ocrx_word' id='word_1_429' title='bbox 337 3220 457 3252; x_wconf 86' lang='lat' dir='ltr'><strong>honore</strong></span> <span class='ocrx_word' id='word_1_430' title='bbox 473 3220 666 3261; x_wconf 69' lang='lat' dir='ltr'><strong>alliciantur,</strong></span> <span class='ocrx_word' id='word_1_431' title='bbox 689 3223 721 3253; x_wconf 92' lang='lat' dir='ltr'><strong>et</strong></span> <span class='ocrx_word' id='word_1_432' title='bbox 736 3221 843 3253; x_wconf 83' lang='lat' dir='ltr'><strong>debita</strong></span> <span class='ocrx_word' id='word_1_433' title='bbox 855 3230 932 3253; x_wconf 86' lang='lat' dir='ltr'><strong>cura</strong></span> <span class='ocrx_word' id='word_1_434' title='bbox 947 3222 1159 3262; x_wconf 78' lang='lat' dir='ltr'><strong>excipiantur,</strong></span> 
     </span>
     <span class='ocr_line' id='line_1_54' title="bbox 112 3272 1162 3314; baseline 0.002 -11"><span class='ocrx_word' id='word_1_435' title='bbox 112 3280 217 3312; x_wconf 89' lang='lat' dir='ltr'><strong>neque</strong></span> <span class='ocrx_word' id='word_1_436' title='bbox 229 3272 435 3311; x_wconf 84' lang='lat' dir='ltr'><strong>cunctentur,</strong></span> <span class='ocrx_word' id='word_1_437' title='bbox 450 3272 483 3304; x_wconf 87' lang='lat' dir='ltr'><strong>et</strong></span> <span class='ocrx_word' id='word_1_438' title='bbox 505 3280 626 3304; x_wconf 87' lang='lat' dir='ltr'><strong>merces</strong></span> <span class='ocrx_word' id='word_1_439' title='bbox 641 3273 666 3304; x_wconf 84' lang='lat' dir='ltr'><strong>si</strong></span> <span class='ocrx_word' id='word_1_440' title='bbox 690 3282 770 3313; x_wconf 83' lang='lat' dir='ltr'><strong>quas</strong></span> <span class='ocrx_word' id='word_1_441' title='bbox 795 3274 951 3312; x_wconf 80' lang='lat' dir='ltr'><strong>afferant,</strong></span> <span class='ocrx_word' id='word_1_442' title='bbox 977 3275 1162 3314; x_wconf 82' lang='lat' dir='ltr'><strong>permutent</strong></span> 
     </span>
     <span class='ocr_line' id='line_1_55' title="bbox 112 3323 1162 3366; baseline 0.002 -10"><span class='ocrx_word' id='word_1_443' title='bbox 112 3325 180 3356; x_wconf 87' lang='lat' dir='ltr'><strong>sine</strong></span> <span class='ocrx_word' id='word_1_444' title='bbox 196 3324 264 3355; x_wconf 92' lang='lat' dir='ltr'><strong>ullo</strong></span> <span class='ocrx_word' id='word_1_445' title='bbox 289 3323 516 3365; x_wconf 85' lang='lat' dir='ltr'><strong>impedimento</strong></span> <span class='ocrx_word' id='word_1_446' title='bbox 541 3325 598 3356; x_wconf 85' lang='lat' dir='ltr'><strong>aut</strong></span> <span class='ocrx_word' id='word_1_447' title='bbox 614 3325 726 3357; x_wconf 86' lang='lat' dir='ltr'><strong>tribuli</strong></span> <span class='ocrx_word' id='word_1_448' title='bbox 751 3327 935 3366; x_wconf 74' lang='lat' dir='ltr'><strong>exactionc3</strong></span> <span class='ocrx_word' id='word_1_449' title='bbox 959 3326 1074 3366; x_wconf 87' lang='lat' dir='ltr'><strong>quinto</strong></span> <span class='ocrx_word' id='word_1_450' title='bbox 1091 3326 1162 3358; x_wconf 86' lang='lat' dir='ltr'><strong>loco</strong></span> 
     </span>
     <span class='ocr_line' id='line_1_56' title="bbox 112 3375 1162 3417; baseline 0.003 -11"><span class='ocrx_word' id='word_1_451' title='bbox 112 3375 272 3407; x_wconf 86' lang='lat' dir='ltr'><strong>sancitum</strong></span> <span class='ocrx_word' id='word_1_452' title='bbox 288 3377 355 3415; x_wconf 86' lang='lat' dir='ltr'><strong>est,</strong></span> <span class='ocrx_word' id='word_1_453' title='bbox 371 3384 412 3407; x_wconf 88' lang='lat' dir='ltr'><strong>ne</strong></span> <span class='ocrx_word' id='word_1_454' title='bbox 431 3377 624 3407; x_wconf 81' lang='lat' dir='ltr'><strong>mercatores</strong></span> <span class='ocrx_word' id='word_1_455' title='bbox 647 3377 797 3408; x_wconf 74' lang='lat' dir='ltr'><strong>Saraceni</strong></span> <span class='ocrx_word' id='word_1_456' title='bbox 819 3379 875 3408; x_wconf 88' lang='lat' dir='ltr'><strong>aut</strong></span> <span class='ocrx_word' id='word_1_457' title='bbox 896 3377 948 3408; x_wconf 88' lang='lat' dir='ltr'><strong>alii</strong></span> <span class='ocrx_word' id='word_1_458' title='bbox 965 3377 1162 3417; x_wconf 81' lang='lat' dir='ltr'><strong>quicumque</strong></span> 
     </span>
     <span class='ocr_line' id='line_1_57' title="bbox 114 3426 1162 3469; baseline 0.002 -10"><span class='ocrx_word' id='word_1_459' title='bbox 114 3427 239 3459; x_wconf 81' lang='lat' dir='ltr'><strong>barbari</strong></span> <span class='ocrx_word' id='word_1_460' title='bbox 263 3427 295 3459; x_wconf 93' lang='lat' dir='ltr'><strong>in</strong></span> <span class='ocrx_word' id='word_1_461' title='bbox 321 3426 491 3459; x_wconf 85' lang='lat' dir='ltr'><strong>amborum</strong></span> <span class='ocrx_word' id='word_1_462' title='bbox 514 3436 623 3468; x_wconf 81' lang='lat' dir='ltr'><strong>regum</strong></span> <span class='ocrx_word' id='word_1_463' title='bbox 650 3428 829 3468; x_wconf 79' lang='lat' dir='ltr'><strong>regionibus</strong></span> <span class='ocrx_word' id='word_1_464' title='bbox 856 3437 911 3469; x_wconf 87' lang='lat' dir='ltr'><strong>per</strong></span> <span class='ocrx_word' id='word_1_465' title='bbox 935 3428 1110 3469; x_wconf 78' lang='lat' dir='ltr'><strong>incognitas</strong></span> <span class='ocrx_word' id='word_1_466' title='bbox 1129 3430 1162 3461; x_wconf 87' lang='lat' dir='ltr'><strong>et</strong></span> 
     </span>
    </p>
   </div>
   <div class='ocr_carea' id='block_1_6' title="bbox 850 238 1502 282">
    <p class='ocr_par' dir='ltr' id='par_1_6' title="bbox 850 238 1502 282">
     <span class='ocr_line' id='line_1_58' title="bbox 850 238 1502 282; baseline 0.003 -2"><span class='ocrx_word' id='word_1_467' title='bbox 850 238 1121 282; x_wconf 83' lang='lat' dir='ltr'><strong>MENANDRI</strong></span> <span class='ocrx_word' id='word_1_468' title='bbox 1152 240 1502 282; x_wconf 80' lang='lat' dir='ltr'>PROTECTORIS</span> 
     </span>
    </p>
   </div>
   <div class='ocr_carea' id='block_1_7' title="bbox 1211 323 2263 851">
    <p class='ocr_par' dir='ltr' id='par_1_7' title="bbox 1211 323 2263 851">
     <span class='ocr_line' id='line_1_59' title="bbox 1211 323 2258 382; baseline 0.008 -16"><span class='ocrx_word' id='word_1_469' title='bbox 1211 327 1273 372; x_wconf 88' lang='grc' dir='ltr'><strong>τὰς</strong></span> <span class='ocrx_word' id='word_1_470' title='bbox 1287 328 1448 382; x_wconf 81' lang='grc' dir='ltr'>πορείας,</span> <span class='ocrx_word' id='word_1_471' title='bbox 1465 330 1599 380; x_wconf 82' lang='grc' dir='ltr'>μᾶλλον</span> <span class='ocrx_word' id='word_1_472' title='bbox 1617 328 1680 380; x_wconf 82' lang='grc' dir='ltr'><strong>μὲν</strong></span> <span class='ocrx_word' id='word_1_473' title='bbox 1697 323 1754 368; x_wconf 66' lang='grc' dir='ltr'><strong>οῦν</strong></span> <span class='ocrx_word' id='word_1_474' title='bbox 1774 329 1829 368; x_wconf 80' lang='grc' dir='ltr'><strong>διὰ</strong></span> <span class='ocrx_word' id='word_1_475' title='bbox 1850 333 1911 378; x_wconf 82' lang='grc' dir='ltr'>τ’ἧς</span> <span class='ocrx_word' id='word_1_476' title='bbox 1929 329 2100 376; x_wconf 67' lang='grc' dir='ltr'>Νισίὸεως</span> <span class='ocrx_word' id='word_1_477' title='bbox 2115 331 2175 372; x_wconf 75' lang='grc' dir='ltr'><strong>καὶ</strong></span> <span class='ocrx_word' id='word_1_478' title='bbox 2193 336 2258 374; x_wconf 81' lang='grc' dir='ltr'><strong>τοῦ</strong></span> 
     </span>
     <span class='ocr_line' id='line_1_60' title="bbox 1213 386 2260 442; baseline 0.005 -16"><span class='ocrx_word' id='word_1_479' title='bbox 1213 386 1347 439; x_wconf 84' lang='grc' dir='ltr'>Δᾶρας,</span> <span class='ocrx_word' id='word_1_480' title='bbox 1371 387 1461 437; x_wconf 87' lang='grc' dir='ltr'>μήτε</span> <span class='ocrx_word' id='word_1_481' title='bbox 1482 386 1552 438; x_wconf 85' lang='grc' dir='ltr'><strong>μὴν</strong></span> <span class='ocrx_word' id='word_1_482' title='bbox 1577 387 1658 426; x_wconf 84' lang='grc' dir='ltr'>ἄνευ</span> <span class='ocrx_word' id='word_1_483' title='bbox 1678 387 1868 434; x_wconf 88' lang='grc' dir='ltr'>κελεύσεως</span> <span class='ocrx_word' id='word_1_484' title='bbox 1890 391 2037 442; x_wconf 75' lang='grc' dir='ltr'>ἀρχικῆς</span> <span class='ocrx_word' id='word_1_485' title='bbox 2056 390 2144 429; x_wconf 89' lang='grc' dir='ltr'>ἰέναι</span> <span class='ocrx_word' id='word_1_486' title='bbox 2167 391 2260 431; x_wconf 76' lang='grc' dir='ltr'>κατὰ</span> 
     </span>
     <span class='ocr_line' id='line_1_61' title="bbox 1213 443 2258 499; baseline 0.007 -18"><span class='ocrx_word' id='word_1_487' title='bbox 1213 443 1278 491; x_wconf 79' lang='grc' dir='ltr'><strong>τὴν</strong></span> <span class='ocrx_word' id='word_1_488' title='bbox 1300 445 1519 492; x_wconf 87' lang='grc' dir='ltr'>ἀλλοδαπήν.</span> <span class='ocrx_word' id='word_1_489' title='bbox 1539 447 1583 486; x_wconf 85' lang='grc' dir='ltr'><strong>Εἰ</strong></span> <span class='ocrx_word' id='word_1_490' title='bbox 1600 446 1719 496; x_wconf 90' lang='grc' dir='ltr'>μέντοι</span> <span class='ocrx_word' id='word_1_491' title='bbox 1738 447 1836 499; x_wconf 82' lang='grc' dir='ltr'>παρὰ</span> <span class='ocrx_word' id='word_1_492' title='bbox 1854 447 1894 486; x_wconf 79' lang='grc' dir='ltr'><strong>τὸ</strong></span> <span class='ocrx_word' id='word_1_493' title='bbox 1914 450 2035 486; x_wconf 77' lang='grc' dir='ltr'>δοκοῦν</span> <span class='ocrx_word' id='word_1_494' title='bbox 2054 449 2258 499; x_wconf 86' lang='grc' dir='ltr'>τολμήσωσί</span> 
     </span>
     <span class='ocr_line' id='line_1_62' title="bbox 1215 502 2258 559; baseline 0.007 -19"><span class='ocrx_word' id='word_1_495' title='bbox 1215 517 1264 549; x_wconf 89' lang='grc' dir='ltr'><strong>τι,</strong></span> <span class='ocrx_word' id='word_1_496' title='bbox 1280 502 1400 554; x_wconf 85' lang='grc' dir='ltr'>ἤγουν,</span> <span class='ocrx_word' id='word_1_497' title='bbox 1412 503 1451 542; x_wconf 81' lang='grc' dir='ltr'><strong>τὸ</strong></span> <span class='ocrx_word' id='word_1_498' title='bbox 1463 504 1665 555; x_wconf 74' lang='grc' dir='ltr'>λεγόμενον,</span> <span class='ocrx_word' id='word_1_499' title='bbox 1677 506 2076 556; x_wconf 88' lang='grc' dir='ltr'>κλεπτοτελωνήσουσιν,</span> <span class='ocrx_word' id='word_1_500' title='bbox 2087 510 2258 576; x_wconf 79' lang='grc' dir='ltr'>ἀνιχνευο-</span> 
     </span>
     <span class='ocr_line' id='line_1_63' title="bbox 1215 560 2262 638; baseline 0.007 -39"><span class='ocrx_word' id='word_1_501' title='bbox 1215 560 1336 610; x_wconf 84' lang='grc' dir='ltr'>μένους</span> <span class='ocrx_word' id='word_1_502' title='bbox 1355 562 1424 600; x_wconf 80' lang='grc' dir='ltr'><strong>ὑπὸ</strong></span> <span class='ocrx_word' id='word_1_503' title='bbox 1449 577 1518 600; x_wconf 88' lang='grc' dir='ltr'><strong>των</strong></span> <span class='ocrx_word' id='word_1_504' title='bbox 1538 565 1574 601; x_wconf 91' lang='grc' dir='ltr'><strong>ἐν</strong></span> <span class='ocrx_word' id='word_1_505' title='bbox 1597 566 1668 607; x_wconf 87' lang='grc' dir='ltr'>τοῖς</span> <span class='ocrx_word' id='word_1_506' title='bbox 1687 563 1791 617; x_wconf 85' lang='grc' dir='ltr'>ὁρίοις</span> <span class='ocrx_word' id='word_1_507' title='bbox 1815 565 2016 638; x_wconf 81' lang='grc' dir='ltr'>ἀρχόντων</span> <span class='ocrx_word' id='word_1_508' title='bbox 2029 564 2086 610; x_wconf 81' lang='grc' dir='ltr'><strong>ξυν</strong></span> <span class='ocrx_word' id='word_1_509' title='bbox 2109 567 2178 610; x_wconf 86' lang='grc' dir='ltr'>τοῖς</span> <span class='ocrx_word' id='word_1_510' title='bbox 2195 566 2262 606; x_wconf 79' lang='grc' dir='ltr'><strong>ὅσα</strong></span> 
     </span>
     <span class='ocr_line' id='line_1_64' title="bbox 1214 619 2262 675; baseline 0.006 -17"><span class='ocrx_word' id='word_1_511' title='bbox 1214 619 1456 672; x_wconf 75' lang='grc' dir='ltr'>ἐπιφέρονται,</span> <span class='ocrx_word' id='word_1_512' title='bbox 1484 620 1552 659; x_wconf 88' lang='grc' dir='ltr'>εἴτε</span> <span class='ocrx_word' id='word_1_513' title='bbox 1571 621 1737 674; x_wconf 84' lang='grc' dir='ltr'>Ἀσσύρια</span> <span class='ocrx_word' id='word_1_514' title='bbox 1752 623 1876 675; x_wconf 83' lang='grc' dir='ltr'>φορτία</span> <span class='ocrx_word' id='word_1_515' title='bbox 1896 627 1963 662; x_wconf 79' lang='grc' dir='ltr'>εἶεν</span> <span class='ocrx_word' id='word_1_516' title='bbox 1983 622 2053 662; x_wconf 84' lang='grc' dir='ltr'>εἴτε</span> <span class='ocrx_word' id='word_1_517' title='bbox 2079 623 2262 675; x_wconf 86' lang='grc' dir='ltr'>Ῥωμαῖα,</span> 
     </span>
     <span class='ocr_line' id='line_1_65' title="bbox 1213 678 2262 738; baseline 0.007 -23"><span class='ocrx_word' id='word_1_518' title='bbox 1213 678 1468 738; x_wconf 85' lang='grc' dir='ltr'>παραδίδοσθαι</span> <span class='ocrx_word' id='word_1_519' title='bbox 1485 679 1664 723; x_wconf 80' lang='grc' dir='ltr'>εὐθύνας</span> <span class='ocrx_word' id='word_1_520' title='bbox 1651 681 1849 733; x_wconf 82' lang='grc' dir='ltr'>υφέξοντας.</span> <span class='ocrx_word' id='word_1_521' title='bbox 1880 683 1932 733; x_wconf 60' lang='grc' dir='ltr'><strong>(ζ’</strong></span> <span class='ocrx_word' id='word_1_522' title='bbox 1937 713 1947 731; x_wconf 90' lang='grc'>,</span> <span class='ocrx_word' id='word_1_523' title='bbox 1972 685 2019 726; x_wconf 85' lang='grc' dir='ltr'><strong>ὡς</strong></span> <span class='ocrx_word' id='word_1_524' title='bbox 2036 681 2069 721; x_wconf 87' lang='grc' dir='ltr'><strong>εἴ</strong></span> <span class='ocrx_word' id='word_1_525' title='bbox 2091 698 2199 732; x_wconf 89' lang='grc' dir='ltr'>τινες,</span> <span class='ocrx_word' id='word_1_526' title='bbox 2225 685 2262 723; x_wconf 79' lang='grc' dir='ltr'><strong>ἐν</strong></span> 
     </span>
     <span class='ocr_line' id='line_1_66' title="bbox 1214 736 2263 809; baseline 0.008 -36"><span class='ocrx_word' id='word_1_527' title='bbox 1214 739 1243 788; x_wconf 80' lang='grc' dir='ltr'>ᾦ</span> <span class='ocrx_word' id='word_1_528' title='bbox 1253 736 1394 789; x_wconf 81' lang='grc' dir='ltr'>χρόνῳὸ</span> <span class='ocrx_word' id='word_1_529' title='bbox 1405 737 1557 809; x_wconf 80' lang='grc' dir='ltr'>πόλεμος</span> <span class='ocrx_word' id='word_1_530' title='bbox 1567 737 1794 789; x_wconf 80' lang='grc' dir='ltr'>ξυνειστήκει,</span> <span class='ocrx_word' id='word_1_531' title='bbox 1810 741 2071 791; x_wconf 79' lang='grc' dir='ltr'>ηὗτομόλησαν,</span> <span class='ocrx_word' id='word_1_532' title='bbox 2081 745 2184 780; x_wconf 85' lang='grc' dir='ltr'>τοῦτο</span> <span class='ocrx_word' id='word_1_533' title='bbox 2198 742 2263 794; x_wconf 79' lang='grc' dir='ltr'><strong>μὲν</strong></span> 
     </span>
     <span class='ocr_line' id='line_1_67' title="bbox 1214 794 2263 851; baseline 0.006 -19"><span class='ocrx_word' id='word_1_534' title='bbox 1214 796 1261 837; x_wconf 83' lang='grc' dir='ltr'><strong>ὡς</strong></span> <span class='ocrx_word' id='word_1_535' title='bbox 1288 794 1464 845; x_wconf 78' lang='grc' dir='ltr'>Πέρσας’</span> <span class='ocrx_word' id='word_1_536' title='bbox 1445 795 1516 834; x_wconf 81' lang='grc' dir='ltr'><strong>απὸ</strong></span> <span class='ocrx_word' id='word_1_537' title='bbox 1544 795 1747 848; x_wconf 88' lang='grc' dir='ltr'>Ῥωμαίων,</span> <span class='ocrx_word' id='word_1_538' title='bbox 1769 802 1869 836; x_wconf 86' lang='grc' dir='ltr'>τοῦτο</span> <span class='ocrx_word' id='word_1_539' title='bbox 1897 797 1933 836; x_wconf 85' lang='grc' dir='ltr'>δὲ</span> <span class='ocrx_word' id='word_1_540' title='bbox 1962 798 2034 836; x_wconf 85' lang='grc' dir='ltr'><strong>ἀπὸ</strong></span> <span class='ocrx_word' id='word_1_541' title='bbox 2050 800 2197 851; x_wconf 86' lang='grc' dir='ltr'>Περσῶν</span> <span class='ocrx_word' id='word_1_542' title='bbox 2215 801 2263 844; x_wconf 79' lang='grc' dir='ltr'><strong>ὡς</strong></span> 
     </span>
    </p>
   </div>
   <div class='ocr_carea' id='block_1_8' title="bbox 1215 851 2262 961">
    <p class='ocr_par' dir='ltr' id='par_1_8' title="bbox 1215 851 2262 961">
     <span class='ocr_line' id='line_1_68' title="bbox 1216 851 2262 921; baseline 0.007 -32.081"><span class='ocrx_word' id='word_1_543' title='bbox 1216 851 1470 903; x_wconf 69' lang='grc' dir='ltr'>Ῥωμαίους,”</span> <span class='ocrx_word' id='word_1_544' title='bbox 1438 869 1508 906; x_wconf 90' lang='grc' dir='ltr'>ειγε</span> <span class='ocrx_word' id='word_1_545' title='bbox 1518 854 1694 906; x_wconf 87' lang='grc' dir='ltr'>βούλοιντο</span> <span class='ocrx_word' id='word_1_546' title='bbox 1704 857 1734 894; x_wconf 80' lang='grc' dir='ltr'><strong>οἱ</strong></span> <span class='ocrx_word' id='word_1_547' title='bbox 1741 857 2075 921; x_wconf 84' lang='grc' dir='ltr'>προσκεχωρηκότες</span> <span class='ocrx_word' id='word_1_548' title='bbox 2083 858 2115 902; x_wconf 81' lang='grc' dir='ltr'><strong>ἐς</strong></span> <span class='ocrx_word' id='word_1_549' title='bbox 2123 857 2167 896; x_wconf 80' lang='grc' dir='ltr'><strong>τὰ</strong></span> <span class='ocrx_word' id='word_1_550' title='bbox 2175 856 2262 896; x_wconf 87' lang='grc' dir='ltr'>οἴκοι</span> 
     </span>
     <span class='ocr_line' id='line_1_69' title="bbox 1215 905 2262 961; baseline 0.007 -19"><span class='ocrx_word' id='word_1_551' title='bbox 1215 905 1506 958; x_wconf 87' lang='grc' dir='ltr'>ἐπαναστρέφειν,</span> <span class='ocrx_word' id='word_1_552' title='bbox 1525 907 1574 956; x_wconf 89' lang='grc' dir='ltr'><strong>μὴ</strong></span> <span class='ocrx_word' id='word_1_553' title='bbox 1595 907 1750 958; x_wconf 89' lang='grc' dir='ltr'>γίνεσθαί</span> <span class='ocrx_word' id='word_1_554' title='bbox 1767 923 1883 961; x_wconf 87' lang='grc' dir='ltr'>σφισιν</span> <span class='ocrx_word' id='word_1_555' title='bbox 1903 910 2064 959; x_wconf 86' lang='grc' dir='ltr'>εμποδὼν</span> <span class='ocrx_word' id='word_1_556' title='bbox 2084 910 2174 960; x_wconf 78' lang='grc' dir='ltr'>μήτε</span> <span class='ocrx_word' id='word_1_557' title='bbox 2191 910 2262 960; x_wconf 82' lang='grc' dir='ltr'><strong>μὴν</strong></span> 
     </span>
    </p>
   </div>
   <div class='ocr_carea' id='block_1_9' title="bbox 1214 963 2267 2072">
    <p class='ocr_par' dir='ltr' id='par_1_9' title="bbox 1214 963 2267 2072">
     <span class='ocr_line' id='line_1_70' title="bbox 1214 963 2263 1022; baseline 0.006 -21"><span class='ocrx_word' id='word_1_558' title='bbox 1214 963 1361 1015; x_wconf 85' lang='grc' dir='ltr'>κωλύμῃ</span> <span class='ocrx_word' id='word_1_559' title='bbox 1382 964 1584 1017; x_wconf 82' lang='grc' dir='ltr'>χρήσασθαί</span> <span class='ocrx_word' id='word_1_560' title='bbox 1600 981 1679 1005; x_wconf 90' lang='grc' dir='ltr'>τινι.</span> <span class='ocrx_word' id='word_1_561' title='bbox 1700 965 1792 1010; x_wconf 84' lang='grc' dir='ltr'>Τους</span> <span class='ocrx_word' id='word_1_562' title='bbox 1807 966 1926 1017; x_wconf 90' lang='grc' dir='ltr'>μέντοι</span> <span class='ocrx_word' id='word_1_563' title='bbox 1943 969 1978 1006; x_wconf 84' lang='grc' dir='ltr'><strong>ἐν</strong></span> <span class='ocrx_word' id='word_1_564' title='bbox 1998 970 2109 1021; x_wconf 79' lang='grc' dir='ltr'>καιρῶ</span> <span class='ocrx_word' id='word_1_565' title='bbox 2127 969 2263 1022; x_wconf 77' lang='grc' dir='ltr'>εἰρήνης</span> 
     </span>
     <span class='ocr_line' id='line_1_71' title="bbox 1215 1022 2264 1097; baseline 0.006 -37"><span class='ocrx_word' id='word_1_566' title='bbox 1215 1022 1429 1073; x_wconf 78' lang='grc' dir='ltr'>αὐτομόλους</span> <span class='ocrx_word' id='word_1_567' title='bbox 1447 1023 1554 1075; x_wconf 82' lang='grc' dir='ltr'>ἤγουν</span> <span class='ocrx_word' id='word_1_568' title='bbox 1571 1023 1853 1097; x_wconf 83' lang='grc' dir='ltr'>καταφεύγοντας</span> <span class='ocrx_word' id='word_1_569' title='bbox 1869 1025 1903 1070; x_wconf 83' lang='grc' dir='ltr'>ἐξ</span> <span class='ocrx_word' id='word_1_570' title='bbox 1921 1025 2047 1080; x_wconf 79' lang='grc' dir='ltr'>ἑτέρων</span> <span class='ocrx_word' id='word_1_571' title='bbox 2064 1029 2111 1070; x_wconf 89' lang='grc' dir='ltr'><strong>εἰς</strong></span> <span class='ocrx_word' id='word_1_572' title='bbox 2131 1026 2264 1080; x_wconf 82' lang='grc' dir='ltr'>ἑτέρους</span> 
     </span>
     <span class='ocr_line' id='line_1_72' title="bbox 1216 1080 2264 1136; baseline 0.006 -18"><span class='ocrx_word' id='word_1_573' title='bbox 1216 1080 1266 1130; x_wconf 85' lang='grc' dir='ltr'><strong>μὴ</strong></span> <span class='ocrx_word' id='word_1_574' title='bbox 1291 1080 1544 1133; x_wconf 82' lang='grc' dir='ltr'>ὑποδέχεσθαι,</span> <span class='ocrx_word' id='word_1_575' title='bbox 1567 1083 1644 1120; x_wconf 88' lang='grc' dir='ltr'>ἀλλ’</span> <span class='ocrx_word' id='word_1_576' title='bbox 1665 1084 1704 1121; x_wconf 89' lang='grc' dir='ltr'><strong>ἐκ</strong></span> <span class='ocrx_word' id='word_1_577' title='bbox 1723 1083 1850 1127; x_wconf 87' lang='grc' dir='ltr'>παντὸς</span> <span class='ocrx_word' id='word_1_578' title='bbox 1876 1083 2005 1136; x_wconf 88' lang='grc' dir='ltr'>τρόπου</span> <span class='ocrx_word' id='word_1_579' title='bbox 2029 1100 2091 1123; x_wconf 86' lang='grc' dir='ltr'><strong>και</strong></span> <span class='ocrx_word' id='word_1_580' title='bbox 2115 1084 2264 1129; x_wconf 81' lang='grc' dir='ltr'>ἄκοντας</span> 
     </span>
     <span class='ocr_line' id='line_1_73' title="bbox 1215 1136 2257 1197; baseline 0.008 -22"><span class='ocrx_word' id='word_1_581' title='bbox 1215 1139 1467 1191; x_wconf 84' lang='grc' dir='ltr'>ἐγχειρίζεσθαι</span> <span class='ocrx_word' id='word_1_582' title='bbox 1485 1146 1557 1184; x_wconf 90' lang='grc' dir='ltr'>τοῖς</span> <span class='ocrx_word' id='word_1_583' title='bbox 1573 1136 1657 1186; x_wconf 81' lang='grc' dir='ltr'>ἐξ</span> <span class='ocrx_word' id='word_1_584' title='bbox 1632 1145 1680 1180; x_wconf 85' lang='grc' dir='ltr'><strong>ων</strong></span> <span class='ocrx_word' id='word_1_585' title='bbox 1698 1142 1758 1180; x_wconf 85' lang='grc' dir='ltr'><strong>και</strong></span> <span class='ocrx_word' id='word_1_586' title='bbox 1775 1142 1992 1195; x_wconf 86' lang='grc' dir='ltr'>ἀπέδρασαν.</span> <span class='ocrx_word' id='word_1_587' title='bbox 2011 1144 2050 1183; x_wconf 93' lang='lat' dir='ltr'><strong>Z&#39;</strong></span> <span class='ocrx_word' id='word_1_588' title='bbox 2069 1144 2172 1197; x_wconf 89' lang='grc' dir='ltr'>μέρος</span> <span class='ocrx_word' id='word_1_589' title='bbox 2186 1146 2257 1183; x_wconf 83' lang='grc' dir='ltr'><strong>τῶν</strong></span> 
     </span>
     <span class='ocr_line' id='line_1_74' title="bbox 1217 1198 2265 1253; baseline 0.006 -19"><span class='ocrx_word' id='word_1_590' title='bbox 1217 1199 1389 1247; x_wconf 80' lang='grc' dir='ltr'>σπονδῶν,</span> <span class='ocrx_word' id='word_1_591' title='bbox 1417 1198 1509 1237; x_wconf 82' lang='grc' dir='ltr'>ὥστε</span> <span class='ocrx_word' id='word_1_592' title='bbox 1531 1199 1609 1242; x_wconf 90' lang='grc' dir='ltr'>τους</span> <span class='ocrx_word' id='word_1_593' title='bbox 1637 1200 1913 1251; x_wconf 85' lang='grc' dir='ltr'>ἐπεγκαλοῦντας</span> <span class='ocrx_word' id='word_1_594' title='bbox 1929 1216 2008 1253; x_wconf 87' lang='grc' dir='ltr'>περι</span> <span class='ocrx_word' id='word_1_595' title='bbox 2033 1205 2093 1240; x_wconf 86' lang='grc' dir='ltr'><strong>τοῦ</strong></span> <span class='ocrx_word' id='word_1_596' title='bbox 2111 1201 2265 1240; x_wconf 82' lang='grc' dir='ltr'>σίνεσθαί</span> 
     </span>
     <span class='ocr_line' id='line_1_75' title="bbox 1214 1256 2261 1310; baseline 0.007 -18"><span class='ocrx_word' id='word_1_597' title='bbox 1214 1269 1248 1292; x_wconf 93' lang='grc' dir='ltr'><strong>τι</strong></span> <span class='ocrx_word' id='word_1_598' title='bbox 1273 1261 1363 1309; x_wconf 80' lang='grc' dir='ltr'>σφᾶς</span> <span class='ocrx_word' id='word_1_599' title='bbox 1393 1256 1471 1300; x_wconf 78' lang='grc' dir='ltr'>τοὺς</span> <span class='ocrx_word' id='word_1_600' title='bbox 1503 1257 1868 1307; x_wconf 86' lang='grc' dir='ltr'>ἀντιπολιτευομένους</span> <span class='ocrx_word' id='word_1_601' title='bbox 1899 1258 1978 1310; x_wconf 86' lang='grc' dir='ltr'>δίκῃ</span> <span class='ocrx_word' id='word_1_602' title='bbox 2006 1258 2192 1308; x_wconf 86' lang='grc' dir='ltr'>τέμνεσθαι</span> <span class='ocrx_word' id='word_1_603' title='bbox 2219 1259 2261 1299; x_wconf 82' lang='grc' dir='ltr'><strong>τὸ</strong></span> 
     </span>
     <span class='ocr_line' id='line_1_76' title="bbox 1215 1313 2266 1369; baseline 0.005 -17"><span class='ocrx_word' id='word_1_604' title='bbox 1215 1314 1408 1367; x_wconf 84' lang='grc' dir='ltr'>φιλονεικού</span> <span class='ocrx_word' id='word_1_605' title='bbox 1414 1330 1530 1366; x_wconf 86' lang='grc' dir='ltr'>μενον,</span> <span class='ocrx_word' id='word_1_606' title='bbox 1547 1313 1570 1362; x_wconf 81' lang='grc' dir='ltr'>ἢ</span> <span class='ocrx_word' id='word_1_607' title='bbox 1589 1316 1631 1354; x_wconf 90' lang='grc' dir='ltr'><strong>δι’</strong></span> <span class='ocrx_word' id='word_1_608' title='bbox 1647 1318 1780 1354; x_wconf 84' lang='grc' dir='ltr'>ἑαυτῶν</span> <span class='ocrx_word' id='word_1_609' title='bbox 1797 1318 1866 1354; x_wconf 86' lang='grc' dir='ltr'><strong>τῶν</strong></span> <span class='ocrx_word' id='word_1_610' title='bbox 1883 1316 1946 1364; x_wconf 84' lang='grc' dir='ltr'><strong>τὴν</strong></span> <span class='ocrx_word' id='word_1_611' title='bbox 1971 1314 2105 1369; x_wconf 73' lang='grc' dir='ltr'>βλᾶὅην</span> <span class='ocrx_word' id='word_1_612' title='bbox 2131 1333 2266 1357; x_wconf 83' lang='grc' dir='ltr'>πεπον-</span> 
     </span>
     <span class='ocr_line' id='line_1_77' title="bbox 1216 1373 2267 1429; baseline 0.004 -18"><span class='ocrx_word' id='word_1_613' title='bbox 1216 1373 1356 1420; x_wconf 86' lang='grc' dir='ltr'>θότωνῆ</span> <span class='ocrx_word' id='word_1_614' title='bbox 1371 1374 1415 1411; x_wconf 88' lang='grc' dir='ltr'><strong>δι’</strong></span> <span class='ocrx_word' id='word_1_615' title='bbox 1425 1375 1560 1412; x_wconf 84' lang='grc' dir='ltr'>οἰκείων</span> <span class='ocrx_word' id='word_1_616' title='bbox 1572 1374 1763 1426; x_wconf 80' lang='grc' dir='ltr'>ἀνθρώπων</span> <span class='ocrx_word' id='word_1_617' title='bbox 1774 1377 1809 1414; x_wconf 92' lang='grc' dir='ltr'><strong>ἐν</strong></span> <span class='ocrx_word' id='word_1_618' title='bbox 1821 1378 1890 1418; x_wconf 85' lang='grc' dir='ltr'>τοῖς</span> <span class='ocrx_word' id='word_1_619' title='bbox 1903 1376 2183 1429; x_wconf 81' lang='grc' dir='ltr'>μεθορίοις-παρὰ</span> <span class='ocrx_word' id='word_1_620' title='bbox 2195 1381 2267 1422; x_wconf 86' lang='grc' dir='ltr'>τοῖς</span> 
     </span>
     <span class='ocr_line' id='line_1_78' title="bbox 1217 1431 2263 1486; baseline 0.005 -17"><span class='ocrx_word' id='word_1_621' title='bbox 1217 1431 1381 1484; x_wconf 82' lang='grc' dir='ltr'>ἄρχουσιν</span> <span class='ocrx_word' id='word_1_622' title='bbox 1395 1433 1560 1486; x_wconf 81' lang='grc' dir='ltr'>ἑκατέρας</span> <span class='ocrx_word' id='word_1_623' title='bbox 1576 1434 1752 1477; x_wconf 88' lang='grc' dir='ltr'>πολιτείας</span> <span class='ocrx_word' id='word_1_624' title='bbox 1767 1433 1957 1479; x_wconf 81' lang='grc' dir='ltr'>ξυνιόντων·</span> <span class='ocrx_word' id='word_1_625' title='bbox 1972 1434 2062 1473; x_wconf 78' lang='grc' dir='ltr'>οὕτω</span> <span class='ocrx_word' id='word_1_626' title='bbox 2080 1435 2116 1473; x_wconf 88' lang='grc' dir='ltr'>δὲ</span> <span class='ocrx_word' id='word_1_627' title='bbox 2128 1434 2186 1474; x_wconf 83' lang='grc' dir='ltr'><strong>τὸν</strong></span> <span class='ocrx_word' id='word_1_628' title='bbox 2202 1438 2263 1482; x_wconf 86' lang='grc' dir='ltr'><strong>ζη-</strong></span> 
     </span>
     <span class='ocr_line' id='line_1_79' title="bbox 1217 1490 2262 1544; baseline 0.006 -17"><span class='ocrx_word' id='word_1_629' title='bbox 1217 1490 1398 1540; x_wconf 86' lang='grc' dir='ltr'>μιώσαντα</span> <span class='ocrx_word' id='word_1_630' title='bbox 1412 1491 1604 1529; x_wconf 84' lang='grc' dir='ltr'>ἀκέσασθαι</span> <span class='ocrx_word' id='word_1_631' title='bbox 1617 1492 1656 1530; x_wconf 88' lang='grc' dir='ltr'><strong>τὸ</strong></span> <span class='ocrx_word' id='word_1_632' title='bbox 1669 1492 1809 1537; x_wconf 82' lang='grc' dir='ltr'>σκάζον.</span> <span class='ocrx_word' id='word_1_633' title='bbox 1826 1492 1887 1544; x_wconf 86' lang='grc' dir='ltr'><strong>Η’,</strong></span> <span class='ocrx_word' id='word_1_634' title='bbox 1902 1493 1993 1531; x_wconf 82' lang='grc' dir='ltr'>ὥστε</span> <span class='ocrx_word' id='word_1_635' title='bbox 2005 1497 2066 1532; x_wconf 90' lang='grc' dir='ltr'><strong>τοῦ</strong></span> <span class='ocrx_word' id='word_1_636' title='bbox 2079 1495 2201 1533; x_wconf 78' lang='grc' dir='ltr'>λοιποῦ</span> <span class='ocrx_word' id='word_1_637' title='bbox 2213 1494 2262 1544; x_wconf 87' lang='grc' dir='ltr'><strong>μὴ</strong></span> 
     </span>
     <span class='ocr_line' id='line_1_80' title="bbox 1216 1549 2265 1601; baseline 0.003 -14"><span class='ocrx_word' id='word_1_638' title='bbox 1216 1550 1376 1600; x_wconf 88' lang='grc' dir='ltr'>ἐγκαλεῖν</span> <span class='ocrx_word' id='word_1_639' title='bbox 1391 1550 1534 1601; x_wconf 88' lang='grc' dir='ltr'>Πέρσας</span> <span class='ocrx_word' id='word_1_640' title='bbox 1554 1550 1744 1601; x_wconf 87' lang='grc' dir='ltr'>Ῥωμαίοις</span> <span class='ocrx_word' id='word_1_641' title='bbox 1764 1549 1865 1589; x_wconf 78' lang='grc' dir='ltr'>ἕνεκα</span> <span class='ocrx_word' id='word_1_642' title='bbox 1885 1554 1945 1589; x_wconf 88' lang='grc' dir='ltr'><strong>τοῦ</strong></span> <span class='ocrx_word' id='word_1_643' title='bbox 1966 1551 2201 1596; x_wconf 85' lang='grc' dir='ltr'>ἐπικτίζεσθαι</span> <span class='ocrx_word' id='word_1_644' title='bbox 2225 1552 2265 1590; x_wconf 85' lang='grc' dir='ltr'><strong>τὸ</strong></span> 
     </span>
     <span class='ocr_line' id='line_1_81' title="bbox 1215 1608 2267 1662; baseline 0.002 -16"><span class='ocrx_word' id='word_1_645' title='bbox 1215 1608 1349 1660; x_wconf 73' lang='grc' dir='ltr'>Δᾶρας,</span> <span class='ocrx_word' id='word_1_646' title='bbox 1363 1608 1454 1654; x_wconf 82' lang='grc' dir='ltr'>ἔδοξε</span> <span class='ocrx_word' id='word_1_647' title='bbox 1467 1609 1527 1647; x_wconf 81' lang='grc' dir='ltr'><strong>καὶ</strong></span> <span class='ocrx_word' id='word_1_648' title='bbox 1537 1610 1736 1662; x_wconf 86' lang='grc' dir='ltr'>ἀμφοτέραν</span> <span class='ocrx_word' id='word_1_649' title='bbox 1748 1609 1928 1648; x_wconf 88' lang='grc' dir='ltr'>πολιτείαν</span> <span class='ocrx_word' id='word_1_650' title='bbox 1940 1613 2000 1648; x_wconf 93' lang='grc' dir='ltr'><strong>τοῦ</strong></span> <span class='ocrx_word' id='word_1_651' title='bbox 2013 1610 2139 1648; x_wconf 83' lang='grc' dir='ltr'>λοιποῦ</span> <span class='ocrx_word' id='word_1_652' title='bbox 2149 1611 2267 1660; x_wconf 86' lang='grc' dir='ltr'>μηδα-</span> 
     </span>
     <span class='ocr_line' id='line_1_82' title="bbox 1217 1667 2261 1721; baseline 0.002 -17"><span class='ocrx_word' id='word_1_653' title='bbox 1217 1669 1289 1716; x_wconf 83' lang='grc' dir='ltr'><strong>μῶς</strong></span> <span class='ocrx_word' id='word_1_654' title='bbox 1306 1667 1535 1720; x_wconf 72' lang='grc' dir='ltr'>ἐπιτειχίζειν,</span> <span class='ocrx_word' id='word_1_655' title='bbox 1551 1667 1656 1719; x_wconf 79' lang='grc' dir='ltr'>ἤγουν</span> <span class='ocrx_word' id='word_1_656' title='bbox 1676 1670 1826 1721; x_wconf 76' lang='grc' dir='ltr'>περιοχῇ</span> <span class='ocrx_word' id='word_1_657' title='bbox 1846 1683 1912 1706; x_wconf 89' lang='grc' dir='ltr'>τινι</span> <span class='ocrx_word' id='word_1_658' title='bbox 1931 1667 2205 1721; x_wconf 83' lang='grc' dir='ltr'>κατασφαλίζειν</span> <span class='ocrx_word' id='word_1_659' title='bbox 2225 1684 2261 1707; x_wconf 91' lang='grc' dir='ltr'><strong>τι</strong></span> 
     </span>
     <span class='ocr_line' id='line_1_83' title="bbox 1215 1725 2265 1780; baseline 0.001 -16"><span class='ocrx_word' id='word_1_660' title='bbox 1215 1728 1283 1764; x_wconf 84' lang='grc' dir='ltr'><strong>τῶν</strong></span> <span class='ocrx_word' id='word_1_661' title='bbox 1299 1727 1334 1764; x_wconf 82' lang='grc' dir='ltr'><strong>ἐν</strong></span> <span class='ocrx_word' id='word_1_662' title='bbox 1345 1732 1414 1770; x_wconf 89' lang='grc' dir='ltr'>τοῖς</span> <span class='ocrx_word' id='word_1_663' title='bbox 1423 1725 1607 1778; x_wconf 83' lang='grc' dir='ltr'>ὁροθεσίοις</span> <span class='ocrx_word' id='word_1_664' title='bbox 1621 1726 1773 1779; x_wconf 87' lang='grc' dir='ltr'>χωρίων,</span> <span class='ocrx_word' id='word_1_665' title='bbox 1786 1726 1843 1764; x_wconf 77' lang='grc' dir='ltr'><strong>ἵνα</strong></span> <span class='ocrx_word' id='word_1_666' title='bbox 1856 1726 1908 1777; x_wconf 84' lang='grc' dir='ltr'><strong>μὴ</strong></span> <span class='ocrx_word' id='word_1_667' title='bbox 1922 1725 2094 1780; x_wconf 87' lang='grc' dir='ltr'>πρόφασις</span> <span class='ocrx_word' id='word_1_668' title='bbox 2110 1728 2265 1765; x_wconf 83' lang='grc' dir='ltr'>ἐντεῦθεν</span> 
     </span>
     <span class='ocr_line' id='line_1_84' title="bbox 1217 1784 2267 1838; baseline 0 -15"><span class='ocrx_word' id='word_1_669' title='bbox 1217 1784 1328 1823; x_wconf 84' lang='grc' dir='ltr'>ἔσοιτο</span> <span class='ocrx_word' id='word_1_670' title='bbox 1343 1800 1521 1838; x_wconf 83' lang='grc' dir='ltr'>ταραχης,</span> <span class='ocrx_word' id='word_1_671' title='bbox 1542 1785 1602 1823; x_wconf 87' lang='grc' dir='ltr'><strong>καὶ</strong></span> <span class='ocrx_word' id='word_1_672' title='bbox 1615 1787 1654 1823; x_wconf 86' lang='grc' dir='ltr'><strong>ἐκ</strong></span> <span class='ocrx_word' id='word_1_673' title='bbox 1673 1784 1795 1823; x_wconf 91' lang='grc' dir='ltr'>τούτου</span> <span class='ocrx_word' id='word_1_674' title='bbox 1815 1785 2085 1830; x_wconf 84' lang='grc' dir='ltr'>διαλυθήσονται</span> <span class='ocrx_word' id='word_1_675' title='bbox 2104 1786 2140 1823; x_wconf 76' lang='grc' dir='ltr'><strong>αἱ</strong></span> <span class='ocrx_word' id='word_1_676' title='bbox 2157 1800 2267 1824; x_wconf 80' lang='grc' dir='ltr'>σπον-</span> 
     </span>
     <span class='ocr_line' id='line_1_85' title="bbox 1218 1841 2266 1896; baseline 0 -15"><span class='ocrx_word' id='word_1_677' title='bbox 1218 1843 1289 1883; x_wconf 90' lang='grc' dir='ltr'>δαί.</span> <span class='ocrx_word' id='word_1_678' title='bbox 1312 1842 1358 1885; x_wconf 86' lang='grc' dir='ltr'><strong>Θ’</strong></span> <span class='ocrx_word' id='word_1_679' title='bbox 1363 1873 1373 1891; x_wconf 92' lang='grc'>,</span> <span class='ocrx_word' id='word_1_680' title='bbox 1399 1843 1486 1895; x_wconf 82' lang='grc' dir='ltr'><strong>μὴ</strong></span> <span class='ocrx_word' id='word_1_681' title='bbox 1470 1842 1602 1881; x_wconf 90' lang='grc' dir='ltr'>επιέναι</span> <span class='ocrx_word' id='word_1_682' title='bbox 1621 1842 1643 1890; x_wconf 79' lang='grc' dir='ltr'><strong>,ἢ</strong></span> <span class='ocrx_word' id='word_1_683' title='bbox 1665 1843 1864 1893; x_wconf 66' lang='grc' dir='ltr'>πολεμεῖν“</span> <span class='ocrx_word' id='word_1_684' title='bbox 1851 1842 1996 1895; x_wconf 82' lang='grc' dir='ltr'>υπηκόω</span> <span class='ocrx_word' id='word_1_685' title='bbox 2013 1842 2101 1881; x_wconf 87' lang='grc' dir='ltr'>ἔθνει</span> <span class='ocrx_word' id='word_1_686' title='bbox 2120 1841 2144 1889; x_wconf 79' lang='grc' dir='ltr'>ἢ</span> <span class='ocrx_word' id='word_1_687' title='bbox 2164 1843 2266 1896; x_wconf 84' lang='grc' dir='ltr'>χώρα</span> 
     </span>
     <span class='ocr_line' id='line_1_86' title="bbox 1216 1895 2262 1955; baseline 0.001 -16"><span class='ocrx_word' id='word_1_688' title='bbox 1216 1902 1285 1940; x_wconf 76' lang='grc' dir='ltr'>τινὶ</span> <span class='ocrx_word' id='word_1_689' title='bbox 1309 1902 1399 1955; x_wconf 83' lang='grc' dir='ltr'>ἄλλῃ</span> <span class='ocrx_word' id='word_1_690' title='bbox 1421 1901 1501 1945; x_wconf 85' lang='grc' dir='ltr'>τους</span> <span class='ocrx_word' id='word_1_691' title='bbox 1517 1902 1637 1955; x_wconf 82' lang='grc' dir='ltr'>ἑτέρας</span> <span class='ocrx_word' id='word_1_692' title='bbox 1652 1901 1845 1946; x_wconf 90' lang='grc' dir='ltr'>πολιτείας·</span> <span class='ocrx_word' id='word_1_693' title='bbox 1863 1903 2024 1953; x_wconf 76' lang='grc' dir='ltr'>μᾶλλον</span> <span class='ocrx_word' id='word_1_694' title='bbox 2017 1901 2080 1940; x_wconf 77' lang='grc' dir='ltr'><strong>αὲν</strong></span> <span class='ocrx_word' id='word_1_695' title='bbox 2101 1895 2160 1940; x_wconf 90' lang='grc' dir='ltr'><strong>ουν</strong></span> <span class='ocrx_word' id='word_1_696' title='bbox 2178 1901 2262 1940; x_wconf 83' lang='grc' dir='ltr'>ἄνευ</span> 
     </span>
     <span class='ocr_line' id='line_1_87' title="bbox 1219 1959 2263 2013; baseline 0 -14"><span class='ocrx_word' id='word_1_697' title='bbox 1219 1960 1354 2013; x_wconf 74' lang='grc' dir='ltr'>βλάόης</span> <span class='ocrx_word' id='word_1_698' title='bbox 1381 1962 1442 2000; x_wconf 86' lang='grc' dir='ltr'><strong>καὶ</strong></span> <span class='ocrx_word' id='word_1_699' title='bbox 1469 1962 1548 2000; x_wconf 88' lang='grc' dir='ltr'>κατ’</span> <span class='ocrx_word' id='word_1_700' title='bbox 1580 1959 1677 1999; x_wconf 79' lang='grc' dir='ltr'>οὐδὲν</span> <span class='ocrx_word' id='word_1_701' title='bbox 1707 1963 1820 1999; x_wconf 84' lang='grc' dir='ltr'>ὁτιοῦν</span> <span class='ocrx_word' id='word_1_702' title='bbox 1843 1960 2127 2012; x_wconf 82' lang='grc' dir='ltr'>πημαινομένους</span> <span class='ocrx_word' id='word_1_703' title='bbox 2150 1961 2186 1998; x_wconf 82' lang='grc' dir='ltr'><strong>ἐν</strong></span> <span class='ocrx_word' id='word_1_704' title='bbox 2211 1963 2263 2012; x_wconf 83' lang='grc' dir='ltr'><strong>τῷ</strong></span> 
     </span>
     <span class='ocr_line' id='line_1_88' title="bbox 1222 2018 2263 2072; baseline 0.001 -15"><span class='ocrx_word' id='word_1_705' title='bbox 1222 2020 1318 2072; x_wconf 81' lang='grc' dir='ltr'>αὐτῷ</span> <span class='ocrx_word' id='word_1_706' title='bbox 1343 2019 1470 2069; x_wconf 82' lang='grc' dir='ltr'>μένειν,</span> <span class='ocrx_word' id='word_1_707' title='bbox 1490 2022 1536 2064; x_wconf 83' lang='grc' dir='ltr'><strong>ὡς</strong></span> <span class='ocrx_word' id='word_1_708' title='bbox 1552 2019 1595 2058; x_wconf 79' lang='grc' dir='ltr'><strong>ἂν</strong></span> <span class='ocrx_word' id='word_1_709' title='bbox 1616 2019 1677 2058; x_wconf 73' lang='grc' dir='ltr'><strong>καὶ</strong></span> <span class='ocrx_word' id='word_1_710' title='bbox 1699 2018 1770 2058; x_wconf 83' lang='grc' dir='ltr'>οἵδε</span> <span class='ocrx_word' id='word_1_711' title='bbox 1791 2019 1999 2058; x_wconf 86' lang='grc' dir='ltr'>ἀπολαύοιεν</span> <span class='ocrx_word' id='word_1_712' title='bbox 2021 2022 2083 2067; x_wconf 78' lang='grc' dir='ltr'><strong>τῆς</strong></span> <span class='ocrx_word' id='word_1_713' title='bbox 2111 2018 2263 2071; x_wconf 81' lang='grc' dir='ltr'>εἰρήνης.</span> 
     </span>
    </p>
   </div>
   <div class='ocr_carea' id='block_1_10' title="bbox 1218 2127 2269 3466">
    <p class='ocr_par' dir='ltr' id='par_1_10' title="bbox 1218 2127 2269 3466">
     <span class='ocr_line' id='line_1_89' title="bbox 1219 2127 2267 2170; baseline -0.001 -9"><span class='ocrx_word' id='word_1_714' title='bbox 1219 2127 1354 2161; x_wconf 89' lang='lat' dir='ltr'><strong>minime</strong></span> <span class='ocrx_word' id='word_1_715' title='bbox 1368 2130 1461 2162; x_wconf 86' lang='lat' dir='ltr'><strong>tritas</strong></span> <span class='ocrx_word' id='word_1_716' title='bbox 1475 2129 1542 2161; x_wconf 87' lang='lat' dir='ltr'><strong>vias</strong></span> <span class='ocrx_word' id='word_1_717' title='bbox 1557 2128 1725 2169; x_wconf 82' lang='lat' dir='ltr'><strong>incedant,</strong></span> <span class='ocrx_word' id='word_1_718' title='bbox 1742 2129 1796 2161; x_wconf 86' lang='lat' dir='ltr'><strong>sed</strong></span> <span class='ocrx_word' id='word_1_719' title='bbox 1811 2129 1942 2162; x_wconf 88' lang='lat' dir='ltr'><strong>Nisibim</strong></span> <span class='ocrx_word' id='word_1_720' title='bbox 1959 2130 2015 2162; x_wconf 87' lang='lat' dir='ltr'><strong>aut</strong></span> <span class='ocrx_word' id='word_1_721' title='bbox 2035 2130 2134 2162; x_wconf 82' lang='lat' dir='ltr'><strong>Daras</strong></span> <span class='ocrx_word' id='word_1_722' title='bbox 2145 2128 2267 2170; x_wconf 80' lang='lat' dir='ltr'><strong>petant,</strong></span> 
     </span>
     <span class='ocr_line' id='line_1_90' title="bbox 1219 2179 2267 2222; baseline -0.001 -9"><span class='ocrx_word' id='word_1_723' title='bbox 1219 2189 1324 2222; x_wconf 88' lang='lat' dir='ltr'><strong>neque</strong></span> <span class='ocrx_word' id='word_1_724' title='bbox 1347 2182 1417 2213; x_wconf 87' lang='lat' dir='ltr'><strong>sine</strong></span> <span class='ocrx_word' id='word_1_725' title='bbox 1429 2179 1519 2221; x_wconf 87' lang='lat' dir='ltr'><strong>jussu</strong></span> <span class='ocrx_word' id='word_1_726' title='bbox 1540 2181 1721 2222; x_wconf 84' lang='lat' dir='ltr'><strong>principum</strong></span> <span class='ocrx_word' id='word_1_727' title='bbox 1740 2181 1876 2213; x_wconf 87' lang='lat' dir='ltr'><strong>alienam</strong></span> <span class='ocrx_word' id='word_1_728' title='bbox 1899 2181 2060 2221; x_wconf 81' lang='lat' dir='ltr'><strong>regionem</strong></span> <span class='ocrx_word' id='word_1_729' title='bbox 2085 2180 2210 2213; x_wconf 81' lang='lat' dir='ltr'><strong>adeant.</strong></span> <span class='ocrx_word' id='word_1_730' title='bbox 2233 2179 2267 2213; x_wconf 84' lang='lat' dir='ltr'><strong>si</strong></span> 
     </span>
     <span class='ocr_line' id='line_1_91' title="bbox 1218 2231 2268 2274; baseline -0.001 -10"><span class='ocrx_word' id='word_1_731' title='bbox 1218 2232 1296 2274; x_wconf 86' lang='lat' dir='ltr'><strong>qnid</strong></span> <span class='ocrx_word' id='word_1_732' title='bbox 1310 2234 1419 2265; x_wconf 86' lang='lat' dir='ltr'><strong>tamen</strong></span> <span class='ocrx_word' id='word_1_733' title='bbox 1429 2234 1546 2273; x_wconf 86' lang='lat' dir='ltr'><strong>praeter</strong></span> <span class='ocrx_word' id='word_1_734' title='bbox 1563 2233 1649 2273; x_wconf 79' lang='lat' dir='ltr'><strong>quod</strong></span> <span class='ocrx_word' id='word_1_735' title='bbox 1664 2233 1821 2265; x_wconf 87' lang='lat' dir='ltr'><strong>statutum</strong></span> <span class='ocrx_word' id='word_1_736' title='bbox 1837 2234 1886 2265; x_wconf 86' lang='lat' dir='ltr'><strong>est</strong></span> <span class='ocrx_word' id='word_1_737' title='bbox 1906 2233 2058 2272; x_wconf 86' lang='lat' dir='ltr'><strong>audeant,</strong></span> <span class='ocrx_word' id='word_1_738' title='bbox 2084 2234 2154 2272; x_wconf 87' lang='lat' dir='ltr'><strong>aut,</strong></span> <span class='ocrx_word' id='word_1_739' title='bbox 2167 2233 2204 2264; x_wconf 87' lang='lat' dir='ltr'><strong>ut</strong></span> <span class='ocrx_word' id='word_1_740' title='bbox 2221 2231 2268 2263; x_wconf 85' lang='lat' dir='ltr'><strong>di·</strong></span> 
     </span>
     <span class='ocr_line' id='line_1_92' title="bbox 1218 2283 2268 2325; baseline -0.001 -8"><span class='ocrx_word' id='word_1_741' title='bbox 1218 2284 1314 2325; x_wconf 87' lang='lat' dir='ltr'><strong>citur,</strong></span> <span class='ocrx_word' id='word_1_742' title='bbox 1335 2284 1504 2325; x_wconf 85' lang='lat' dir='ltr'><strong>vectigalia</strong></span> <span class='ocrx_word' id='word_1_743' title='bbox 1528 2283 1764 2324; x_wconf 69' lang='lat' dir='ltr'><strong>fraudaverim,</strong></span> <span class='ocrx_word' id='word_1_744' title='bbox 1790 2285 1817 2316; x_wconf 87' lang='lat' dir='ltr'><strong>si</strong></span> <span class='ocrx_word' id='word_1_745' title='bbox 1851 2283 2132 2325; x_wconf 82' lang='lat' dir='ltr'><strong>deprehendantur</strong></span> <span class='ocrx_word' id='word_1_746' title='bbox 2149 2283 2192 2315; x_wconf 89' lang='lat' dir='ltr'><strong>ab</strong></span> <span class='ocrx_word' id='word_1_747' title='bbox 2218 2283 2268 2316; x_wconf 84' lang='lat' dir='ltr'><strong>his</strong></span> 
     </span>
     <span class='ocr_line' id='line_1_93' title="bbox 1218 2335 2266 2379; baseline -0.002 -10"><span class='ocrx_word' id='word_1_748' title='bbox 1218 2337 1276 2379; x_wconf 89' lang='lat' dir='ltr'><strong>qui</strong></span> <span class='ocrx_word' id='word_1_749' title='bbox 1297 2336 1455 2370; x_wconf 86' lang='lat' dir='ltr'><strong>limitibus</strong></span> <span class='ocrx_word' id='word_1_750' title='bbox 1477 2338 1634 2377; x_wconf 73' lang='lat' dir='ltr'><strong>praesunt,</strong></span> <span class='ocrx_word' id='word_1_751' title='bbox 1655 2344 1719 2368; x_wconf 88' lang='lat' dir='ltr'><strong>una</strong></span> <span class='ocrx_word' id='word_1_752' title='bbox 1743 2345 1818 2368; x_wconf 85' lang='lat' dir='ltr'><strong>curn</strong></span> <span class='ocrx_word' id='word_1_753' title='bbox 1845 2336 2002 2369; x_wconf 87' lang='lat' dir='ltr'><strong>mercibus</strong></span> <span class='ocrx_word' id='word_1_754' title='bbox 2027 2344 2109 2377; x_wconf 88' lang='lat' dir='ltr'><strong>quas</strong></span> <span class='ocrx_word' id='word_1_755' title='bbox 2132 2335 2266 2374; x_wconf 83' lang='lat' dir='ltr'><strong>vehunt,</strong></span> 
     </span>
     <span class='ocr_line' id='line_1_94' title="bbox 1218 2387 2268 2429; baseline -0.002 -8"><span class='ocrx_word' id='word_1_756' title='bbox 1218 2388 1286 2422; x_wconf 85' lang='lat' dir='ltr'><strong>sive</strong></span> <span class='ocrx_word' id='word_1_757' title='bbox 1309 2388 1373 2421; x_wconf 87' lang='lat' dir='ltr'><strong>sint</strong></span> <span class='ocrx_word' id='word_1_758' title='bbox 1388 2396 1510 2421; x_wconf 85' lang='lat' dir='ltr'><strong>merces</strong></span> <span class='ocrx_word' id='word_1_759' title='bbox 1524 2388 1660 2428; x_wconf 79' lang='lat' dir='ltr'><strong>Assyriae</strong></span> <span class='ocrx_word' id='word_1_760' title='bbox 1681 2388 1748 2420; x_wconf 83' lang='lat' dir='ltr'><strong>sive</strong></span> <span class='ocrx_word' id='word_1_761' title='bbox 1760 2390 1913 2420; x_wconf 77' lang='lat' dir='ltr'><strong>Romanae</strong></span> <span class='ocrx_word' id='word_1_762' title='bbox 1924 2413 1933 2428; x_wconf 94' lang='lat'><strong>,</strong></span> <span class='ocrx_word' id='word_1_763' title='bbox 1963 2395 2074 2429; x_wconf 87' lang='lat' dir='ltr'><strong>poenas</strong></span> <span class='ocrx_word' id='word_1_764' title='bbox 2086 2387 2119 2419; x_wconf 88' lang='lat' dir='ltr'><strong>et</strong></span> <span class='ocrx_word' id='word_1_765' title='bbox 2131 2387 2268 2420; x_wconf 80' lang='lat' dir='ltr'><strong>mulctas</strong></span> 
     </span>
     <span class='ocr_line' id='line_1_95' title="bbox 1218 2439 2266 2483; baseline -0.001 -11"><span class='ocrx_word' id='word_1_766' title='bbox 1218 2449 1238 2472; x_wconf 87' lang='lat' dir='ltr'><strong>a</strong></span> <span class='ocrx_word' id='word_1_767' title='bbox 1250 2440 1373 2483; x_wconf 85' lang='lat' dir='ltr'><strong>legibus</strong></span> <span class='ocrx_word' id='word_1_768' title='bbox 1385 2442 1524 2474; x_wconf 87' lang='lat' dir='ltr'><strong>statutas</strong></span> <span class='ocrx_word' id='word_1_769' title='bbox 1539 2441 1630 2473; x_wconf 87' lang='lat' dir='ltr'><strong>luant</strong></span> <span class='ocrx_word' id='word_1_770' title='bbox 1638 2451 1648 2480; x_wconf 94' lang='lat'>;</span> <span class='ocrx_word' id='word_1_771' title='bbox 1661 2441 1753 2473; x_wconf 79' lang='lat' dir='ltr'><strong>sexto</strong></span> <span class='ocrx_word' id='word_1_772' title='bbox 1769 2440 1841 2472; x_wconf 88' lang='lat' dir='ltr'><strong>loco</strong></span> <span class='ocrx_word' id='word_1_773' title='bbox 1854 2440 2019 2473; x_wconf 88' lang='lat' dir='ltr'><strong>decretum</strong></span> <span class='ocrx_word' id='word_1_774' title='bbox 2034 2440 2083 2472; x_wconf 66' lang='lat' dir='ltr'><strong>est</strong></span> <span class='ocrx_word' id='word_1_775' title='bbox 2092 2439 2185 2472; x_wconf 85' lang='lat' dir='ltr'><strong>uthis</strong></span> <span class='ocrx_word' id='word_1_776' title='bbox 2197 2440 2266 2480; x_wconf 86' lang='lat' dir='ltr'><strong>qui,</strong></span> 
     </span>
     <span class='ocr_line' id='line_1_96' title="bbox 1218 2491 2269 2534; baseline -0.001 -8"><span class='ocrx_word' id='word_1_777' title='bbox 1218 2493 1295 2526; x_wconf 90' lang='lat' dir='ltr'><strong>dum</strong></span> <span class='ocrx_word' id='word_1_778' title='bbox 1312 2495 1431 2527; x_wconf 87' lang='lat' dir='ltr'><strong>bellum</strong></span> <span class='ocrx_word' id='word_1_779' title='bbox 1455 2495 1544 2534; x_wconf 88' lang='lat' dir='ltr'><strong>erat,</strong></span> <span class='ocrx_word' id='word_1_780' title='bbox 1561 2494 1629 2526; x_wconf 85' lang='lat' dir='ltr'><strong>sive</strong></span> <span class='ocrx_word' id='word_1_781' title='bbox 1641 2502 1659 2525; x_wconf 83' lang='lat' dir='ltr'><strong>a</strong></span> <span class='ocrx_word' id='word_1_782' title='bbox 1677 2493 1828 2526; x_wconf 85' lang='lat' dir='ltr'><strong>Romanis</strong></span> <span class='ocrx_word' id='word_1_783' title='bbox 1842 2493 1883 2525; x_wconf 89' lang='lat' dir='ltr'><strong>ad</strong></span> <span class='ocrx_word' id='word_1_784' title='bbox 1903 2495 2031 2532; x_wconf 84' lang='lat' dir='ltr'><strong>Persas,</strong></span> <span class='ocrx_word' id='word_1_785' title='bbox 2045 2492 2113 2526; x_wconf 86' lang='lat' dir='ltr'><strong>sive</strong></span> <span class='ocrx_word' id='word_1_786' title='bbox 2132 2501 2152 2524; x_wconf 86' lang='lat' dir='ltr'><strong>a</strong></span> <span class='ocrx_word' id='word_1_787' title='bbox 2164 2491 2269 2525; x_wconf 83' lang='lat' dir='ltr'><strong>Persis</strong></span> 
     </span>
     <span class='ocr_line' id='line_1_97' title="bbox 1218 2545 2267 2587; baseline 0 -9"><span class='ocrx_word' id='word_1_788' title='bbox 1218 2546 1259 2578; x_wconf 84' lang='lat' dir='ltr'><strong>ad</strong></span> <span class='ocrx_word' id='word_1_789' title='bbox 1272 2548 1433 2579; x_wconf 85' lang='lat' dir='ltr'><strong>Romanos</strong></span> <span class='ocrx_word' id='word_1_790' title='bbox 1442 2547 1650 2587; x_wconf 85' lang='lat' dir='ltr'><strong>transierunt,</strong></span> <span class='ocrx_word' id='word_1_791' title='bbox 1672 2546 1698 2578; x_wconf 87' lang='lat' dir='ltr'><strong>si</strong></span> <span class='ocrx_word' id='word_1_792' title='bbox 1715 2546 1834 2586; x_wconf 77' lang='lat' dir='ltr'><strong>regredi</strong></span> <span class='ocrx_word' id='word_1_793' title='bbox 1853 2547 1885 2578; x_wconf 87' lang='lat' dir='ltr'><strong>et</strong></span> <span class='ocrx_word' id='word_1_794' title='bbox 1900 2545 1941 2578; x_wconf 87' lang='lat' dir='ltr'><strong>ad</strong></span> <span class='ocrx_word' id='word_1_795' title='bbox 1957 2554 2016 2578; x_wconf 87' lang='lat' dir='ltr'><strong>sua</strong></span> <span class='ocrx_word' id='word_1_796' title='bbox 2031 2545 2134 2578; x_wconf 85' lang='lat' dir='ltr'><strong>redire</strong></span> <span class='ocrx_word' id='word_1_797' title='bbox 2154 2545 2267 2578; x_wconf 86' lang='lat' dir='ltr'><strong>volue-</strong></span> 
     </span>
     <span class='ocr_line' id='line_1_98' title="bbox 1218 2596 2268 2638; baseline -0.001 -9"><span class='ocrx_word' id='word_1_798' title='bbox 1218 2597 1295 2637; x_wconf 86' lang='lat' dir='ltr'><strong>rint,</strong></span> <span class='ocrx_word' id='word_1_799' title='bbox 1318 2598 1443 2630; x_wconf 89' lang='lat' dir='ltr'><strong>nullum</strong></span> <span class='ocrx_word' id='word_1_800' title='bbox 1465 2597 1732 2638; x_wconf 85' lang='lat' dir='ltr'><strong>impedimentum</strong></span> <span class='ocrx_word' id='word_1_801' title='bbox 1749 2599 1805 2629; x_wconf 87' lang='lat' dir='ltr'><strong>aut</strong></span> <span class='ocrx_word' id='word_1_802' title='bbox 1821 2597 1966 2630; x_wconf 86' lang='lat' dir='ltr'><strong>molestia</strong></span> <span class='ocrx_word' id='word_1_803' title='bbox 1979 2597 2055 2636; x_wconf 84' lang='lat' dir='ltr'><strong>fiat;</strong></span> <span class='ocrx_word' id='word_1_804' title='bbox 2069 2596 2124 2630; x_wconf 86' lang='lat' dir='ltr'><strong>sed</strong></span> <span class='ocrx_word' id='word_1_805' title='bbox 2142 2596 2199 2637; x_wconf 89' lang='lat' dir='ltr'><strong>qui</strong></span> <span class='ocrx_word' id='word_1_806' title='bbox 2211 2605 2268 2637; x_wconf 87' lang='lat' dir='ltr'><strong>per</strong></span> 
     </span>
     <span class='ocr_line' id='line_1_99' title="bbox 1219 2646 2268 2690; baseline -0.001 -11"><span class='ocrx_word' id='word_1_807' title='bbox 1219 2657 1329 2690; x_wconf 86' lang='lat' dir='ltr'><strong>pacem</strong></span> <span class='ocrx_word' id='word_1_808' title='bbox 1343 2649 1492 2689; x_wconf 85' lang='lat' dir='ltr'><strong>deinceps</strong></span> <span class='ocrx_word' id='word_1_809' title='bbox 1513 2649 1679 2688; x_wconf 78' lang='lat' dir='ltr'><strong>aufugient</strong></span> <span class='ocrx_word' id='word_1_810' title='bbox 1694 2650 1727 2680; x_wconf 91' lang='lat' dir='ltr'><strong>et</strong></span> <span class='ocrx_word' id='word_1_811' title='bbox 1747 2648 1930 2688; x_wconf 83' lang='lat' dir='ltr'><strong>migrabunt</strong></span> <span class='ocrx_word' id='word_1_812' title='bbox 1941 2656 1982 2680; x_wconf 82' lang='lat' dir='ltr'><strong>ex</strong></span> <span class='ocrx_word' id='word_1_813' title='bbox 1997 2647 2128 2679; x_wconf 85' lang='lat' dir='ltr'><strong>alterius</strong></span> <span class='ocrx_word' id='word_1_814' title='bbox 2139 2646 2268 2679; x_wconf 86' lang='lat' dir='ltr'><strong>ditionis</strong></span> 
     </span>
     <span class='ocr_line' id='line_1_100' title="bbox 1219 2697 2268 2741; baseline -0.003 -9"><span class='ocrx_word' id='word_1_815' title='bbox 1219 2701 1312 2733; x_wconf 78' lang='lat' dir='ltr'><strong>terris</strong></span> <span class='ocrx_word' id='word_1_816' title='bbox 1325 2725 1333 2741; x_wconf 93' lang='lat'><strong>,</strong></span> <span class='ocrx_word' id='word_1_817' title='bbox 1356 2701 1388 2732; x_wconf 90' lang='lat' dir='ltr'><strong>in</strong></span> <span class='ocrx_word' id='word_1_818' title='bbox 1405 2700 1536 2732; x_wconf 87' lang='lat' dir='ltr'><strong>alterius</strong></span> <span class='ocrx_word' id='word_1_819' title='bbox 1549 2701 1709 2740; x_wconf 84' lang='lat' dir='ltr'><strong>regionem</strong></span> <span class='ocrx_word' id='word_1_820' title='bbox 1723 2699 1855 2732; x_wconf 89' lang='lat' dir='ltr'><strong>minime</strong></span> <span class='ocrx_word' id='word_1_821' title='bbox 1873 2698 2095 2738; x_wconf 81' lang='lat' dir='ltr'><strong>admittantur,</strong></span> <span class='ocrx_word' id='word_1_822' title='bbox 2110 2697 2167 2731; x_wconf 84' lang='lat' dir='ltr'><strong>sed</strong></span> <span class='ocrx_word' id='word_1_823' title='bbox 2179 2697 2268 2730; x_wconf 88' lang='lat' dir='ltr'><strong>omni</strong></span> 
     </span>
     <span class='ocr_line' id='line_1_101' title="bbox 1219 2749 2268 2791; baseline -0.003 -7"><span class='ocrx_word' id='word_1_824' title='bbox 1219 2752 1315 2784; x_wconf 90' lang='lat' dir='ltr'><strong>modo</strong></span> <span class='ocrx_word' id='word_1_825' title='bbox 1330 2751 1427 2784; x_wconf 86' lang='lat' dir='ltr'><strong>etiam</strong></span> <span class='ocrx_word' id='word_1_826' title='bbox 1445 2751 1535 2783; x_wconf 89' lang='lat' dir='ltr'><strong>inviti</strong></span> <span class='ocrx_word' id='word_1_827' title='bbox 1553 2751 1726 2783; x_wconf 87' lang='lat' dir='ltr'><strong>reddantur</strong></span> <span class='ocrx_word' id='word_1_828' title='bbox 1740 2751 1788 2783; x_wconf 78' lang='lat' dir='ltr'><strong>liis</strong></span> <span class='ocrx_word' id='word_1_829' title='bbox 1807 2759 1826 2782; x_wconf 88' lang='lat' dir='ltr'><strong>a</strong></span> <span class='ocrx_word' id='word_1_830' title='bbox 1838 2758 1977 2791; x_wconf 90' lang='lat' dir='ltr'><strong>quorum</strong></span> <span class='ocrx_word' id='word_1_831' title='bbox 1995 2749 2162 2782; x_wconf 86' lang='lat' dir='ltr'><strong>dominatu</strong></span> <span class='ocrx_word' id='word_1_832' title='bbox 2187 2749 2268 2781; x_wconf 80' lang='lat' dir='ltr'><strong>est&#39;u-</strong></span> 
     </span>
     <span class='ocr_line' id='line_1_102' title="bbox 1219 2801 2267 2845; baseline -0.003 -10"><span class='ocrx_word' id='word_1_833' title='bbox 1219 2805 1355 2845; x_wconf 87' lang='lat' dir='ltr'><strong>gerunt;</strong></span> <span class='ocrx_word' id='word_1_834' title='bbox 1379 2802 1513 2843; x_wconf 87' lang='lat' dir='ltr'><strong>septima</strong></span> <span class='ocrx_word' id='word_1_835' title='bbox 1526 2810 1599 2842; x_wconf 91' lang='lat' dir='ltr'><strong>pars</strong></span> <span class='ocrx_word' id='word_1_836' title='bbox 1614 2802 1772 2834; x_wconf 79' lang='lat' dir='ltr'><strong>foederum</strong></span> <span class='ocrx_word' id='word_1_837' title='bbox 1786 2802 1847 2833; x_wconf 78' lang='lat' dir='ltr'><strong>fuit</strong></span> <span class='ocrx_word' id='word_1_838' title='bbox 1859 2826 1868 2841; x_wconf 90' lang='lat'><strong>,</strong></span> <span class='ocrx_word' id='word_1_839' title='bbox 1884 2803 1930 2841; x_wconf 89' lang='lat' dir='ltr'><strong>ut,</strong></span> <span class='ocrx_word' id='word_1_840' title='bbox 1945 2801 1970 2833; x_wconf 90' lang='lat' dir='ltr'><strong>si</strong></span> <span class='ocrx_word' id='word_1_841' title='bbox 1989 2801 2043 2842; x_wconf 84' lang='lat' dir='ltr'><strong>qui</strong></span> <span class='ocrx_word' id='word_1_842' title='bbox 2057 2801 2267 2842; x_wconf 83' lang='lat' dir='ltr'><strong>quererentur</strong></span> 
     </span>
     <span class='ocr_line' id='line_1_103' title="bbox 1220 2849 2265 2896; baseline -0.004 -9"><span class='ocrx_word' id='word_1_843' title='bbox 1220 2855 1280 2888; x_wconf 87' lang='lat' dir='ltr'><strong>sibi</strong></span> <span class='ocrx_word' id='word_1_844' title='bbox 1293 2854 1370 2896; x_wconf 85' lang='lat' dir='ltr'><strong>qnid</strong></span> <span class='ocrx_word' id='word_1_845' title='bbox 1389 2854 1497 2885; x_wconf 91' lang='lat' dir='ltr'><strong>damni</strong></span> <span class='ocrx_word' id='word_1_846' title='bbox 1511 2854 1637 2885; x_wconf 85' lang='lat' dir='ltr'><strong>illatum</strong></span> <span class='ocrx_word' id='word_1_847' title='bbox 1650 2861 1718 2885; x_wconf 86' lang='lat' dir='ltr'><strong>esse</strong></span> <span class='ocrx_word' id='word_1_848' title='bbox 1730 2861 1749 2885; x_wconf 87' lang='lat' dir='ltr'><strong>a</strong></span> <span class='ocrx_word' id='word_1_849' title='bbox 1762 2852 1929 2884; x_wconf 80' lang='lat' dir='ltr'><strong>contrariae</strong></span> <span class='ocrx_word' id='word_1_850' title='bbox 1945 2852 2042 2892; x_wconf 88' lang='lat' dir='ltr'><strong>partis</strong></span> <span class='ocrx_word' id='word_1_851' title='bbox 2057 2849 2198 2889; x_wconf 86' lang='lat' dir='ltr'><strong>civibus,</strong></span> <span class='ocrx_word' id='word_1_852' title='bbox 2211 2851 2265 2892; x_wconf 83' lang='lat' dir='ltr'><strong>ju·</strong></span> 
     </span>
     <span class='ocr_line' id='line_1_104' title="bbox 1219 2905 2266 2945; baseline -0.002 -6"><span class='ocrx_word' id='word_1_853' title='bbox 1219 2907 1303 2940; x_wconf 90' lang='lat' dir='ltr'><strong>dicio</strong></span> <span class='ocrx_word' id='word_1_854' title='bbox 1315 2907 1484 2939; x_wconf 85' lang='lat' dir='ltr'><strong>dirimatur</strong></span> <span class='ocrx_word' id='word_1_855' title='bbox 1495 2906 1715 2938; x_wconf 85' lang='lat' dir='ltr'><strong>controversia</strong></span> <span class='ocrx_word' id='word_1_856' title='bbox 1728 2905 1795 2937; x_wconf 89' lang='lat' dir='ltr'><strong>sive</strong></span> <span class='ocrx_word' id='word_1_857' title='bbox 1814 2914 1869 2945; x_wconf 88' lang='lat' dir='ltr'><strong>per</strong></span> <span class='ocrx_word' id='word_1_858' title='bbox 1885 2914 1939 2937; x_wconf 89' lang='lat' dir='ltr'><strong>eos</strong></span> <span class='ocrx_word' id='word_1_859' title='bbox 1952 2905 2036 2945; x_wconf 87' lang='lat' dir='ltr'><strong>ipsos</strong></span> <span class='ocrx_word' id='word_1_860' title='bbox 2047 2905 2103 2945; x_wconf 92' lang='lat' dir='ltr'><strong>qui</strong></span> <span class='ocrx_word' id='word_1_861' title='bbox 2117 2905 2266 2944; x_wconf 83' lang='lat' dir='ltr'><strong>injuriam</strong></span> 
     </span>
     <span class='ocr_line' id='line_1_105' title="bbox 1220 2956 2266 3002; baseline -0.004 -9"><span class='ocrx_word' id='word_1_862' title='bbox 1220 2961 1302 3002; x_wconf 85' lang='lat' dir='ltr'><strong>passi</strong></span> <span class='ocrx_word' id='word_1_863' title='bbox 1318 2960 1400 2999; x_wconf 85' lang='lat' dir='ltr'><strong>sint,</strong></span> <span class='ocrx_word' id='word_1_864' title='bbox 1423 2960 1490 2992; x_wconf 85' lang='lat' dir='ltr'><strong>sive</strong></span> <span class='ocrx_word' id='word_1_865' title='bbox 1505 2967 1561 3000; x_wconf 87' lang='lat' dir='ltr'><strong>per</strong></span> <span class='ocrx_word' id='word_1_866' title='bbox 1585 2959 1691 2990; x_wconf 84' lang='lat' dir='ltr'><strong>certos</strong></span> <span class='ocrx_word' id='word_1_867' title='bbox 1715 2956 1877 2997; x_wconf 82' lang='lat' dir='ltr'><strong>homines,</strong></span> <span class='ocrx_word' id='word_1_868' title='bbox 1894 2957 1950 2998; x_wconf 89' lang='lat' dir='ltr'><strong>qui</strong></span> <span class='ocrx_word' id='word_1_869' title='bbox 1968 2957 2002 2988; x_wconf 92' lang='lat' dir='ltr'><strong>in</strong></span> <span class='ocrx_word' id='word_1_870' title='bbox 2020 2956 2166 2989; x_wconf 86' lang='lat' dir='ltr'><strong>confiniis</strong></span> <span class='ocrx_word' id='word_1_871' title='bbox 2181 2957 2266 2998; x_wconf 87' lang='lat' dir='ltr'><strong>apud</strong></span> 
     </span>
     <span class='ocr_line' id='line_1_106' title="bbox 1221 3007 2266 3052; baseline -0.005 -7"><span class='ocrx_word' id='word_1_872' title='bbox 1221 3011 1386 3052; x_wconf 68' lang='lat' dir='ltr'><strong>utriusque</strong></span> <span class='ocrx_word' id='word_1_873' title='bbox 1399 3011 1498 3052; x_wconf 87' lang='lat' dir='ltr'><strong>partis</strong></span> <span class='ocrx_word' id='word_1_874' title='bbox 1521 3010 1690 3051; x_wconf 77' lang='lat' dir='ltr'><strong>praefectos</strong></span> <span class='ocrx_word' id='word_1_875' title='bbox 1708 3009 1919 3048; x_wconf 86' lang='lat' dir='ltr'><strong>conveniant,</strong></span> <span class='ocrx_word' id='word_1_876' title='bbox 1942 3009 1975 3040; x_wconf 87' lang='lat' dir='ltr'><strong>et</strong></span> <span class='ocrx_word' id='word_1_877' title='bbox 1997 3007 2043 3039; x_wconf 89' lang='lat' dir='ltr'><strong>ita</strong></span> <span class='ocrx_word' id='word_1_878' title='bbox 2055 3031 2064 3047; x_wconf 92' lang='lat'><strong>,</strong></span> <span class='ocrx_word' id='word_1_879' title='bbox 2076 3007 2131 3048; x_wconf 88' lang='lat' dir='ltr'><strong>qui</strong></span> <span class='ocrx_word' id='word_1_880' title='bbox 2155 3016 2266 3048; x_wconf 85' lang='lat' dir='ltr'><strong>pecca-</strong></span> 
     </span>
     <span class='ocr_line' id='line_1_107' title="bbox 1220 3058 2264 3104; baseline -0.003 -9"><span class='ocrx_word' id='word_1_881' title='bbox 1220 3064 1322 3104; x_wconf 87' lang='lat' dir='ltr'><strong>verit,</strong></span> <span class='ocrx_word' id='word_1_882' title='bbox 1348 3063 1468 3095; x_wconf 87' lang='lat' dir='ltr'><strong>damno</strong></span> <span class='ocrx_word' id='word_1_883' title='bbox 1494 3061 1678 3099; x_wconf 88' lang='lat' dir='ltr'><strong>medeatur;</strong></span> <span class='ocrx_word' id='word_1_884' title='bbox 1707 3061 1822 3092; x_wconf 85' lang='lat' dir='ltr'><strong>octavo</strong></span> <span class='ocrx_word' id='word_1_885' title='bbox 1848 3060 1954 3100; x_wconf 89' lang='lat' dir='ltr'><strong>capite</strong></span> <span class='ocrx_word' id='word_1_886' title='bbox 1974 3083 1984 3098; x_wconf 89' lang='lat'><strong>,</strong></span> <span class='ocrx_word' id='word_1_887' title='bbox 2000 3059 2039 3091; x_wconf 87' lang='grc' dir='ltr'><strong>υι</strong></span> <span class='ocrx_word' id='word_1_888' title='bbox 2055 3058 2264 3100; x_wconf 81' lang='lat' dir='ltr'><strong>inposterum</strong></span> 
     </span>
     <span class='ocr_line' id='line_1_108' title="bbox 1222 3111 2263 3152; baseline -0.005 -3"><span class='ocrx_word' id='word_1_889' title='bbox 1222 3117 1327 3150; x_wconf 84' lang='lat' dir='ltr'><strong>Persae</strong></span> <span class='ocrx_word' id='word_1_890' title='bbox 1351 3114 1503 3148; x_wconf 82' lang='lat' dir='ltr'><strong>Romanis</strong></span> <span class='ocrx_word' id='word_1_891' title='bbox 1525 3122 1589 3146; x_wconf 88' lang='lat' dir='ltr'><strong>non</strong></span> <span class='ocrx_word' id='word_1_892' title='bbox 1613 3113 1841 3151; x_wconf 86' lang='lat' dir='ltr'><strong>succenseant,</strong></span> <span class='ocrx_word' id='word_1_893' title='bbox 1865 3111 1951 3152; x_wconf 92' lang='lat' dir='ltr'><strong>quod</strong></span> <span class='ocrx_word' id='word_1_894' title='bbox 1975 3113 2076 3143; x_wconf 87' lang='lat' dir='ltr'><strong>Daras</strong></span> <span class='ocrx_word' id='word_1_895' title='bbox 2097 3111 2263 3152; x_wconf 87' lang='lat' dir='ltr'><strong>muniant,</strong></span> 
     </span>
     <span class='ocr_line' id='line_1_109' title="bbox 1223 3162 2266 3210; baseline -0.004 -10"><span class='ocrx_word' id='word_1_896' title='bbox 1223 3167 1344 3210; x_wconf 85' lang='lat' dir='ltr'><strong>placuit</strong></span> <span class='ocrx_word' id='word_1_897' title='bbox 1386 3168 1557 3206; x_wconf 83' lang='lat' dir='ltr'><strong>utramque</strong></span> <span class='ocrx_word' id='word_1_898' title='bbox 1593 3174 1662 3198; x_wconf 85' lang='lat' dir='ltr'><strong>rem</strong></span> <span class='ocrx_word' id='word_1_899' title='bbox 1703 3164 1862 3205; x_wconf 85' lang='lat' dir='ltr'><strong>publicam</strong></span> <span class='ocrx_word' id='word_1_900' title='bbox 1897 3171 1918 3195; x_wconf 84' lang='lat' dir='ltr'><strong>a</strong></span> <span class='ocrx_word' id='word_1_901' title='bbox 1962 3162 2143 3195; x_wconf 87' lang='lat' dir='ltr'><strong>muniendis</strong></span> <span class='ocrx_word' id='word_1_902' title='bbox 2186 3163 2266 3196; x_wconf 83' lang='lat' dir='ltr'><strong>locis</strong></span> 
     </span>
     <span class='ocr_line' id='line_1_110' title="bbox 1221 3214 2265 3262; baseline -0.006 -9"><span class='ocrx_word' id='word_1_903' title='bbox 1221 3228 1320 3262; x_wconf 88' lang='lat' dir='ltr'><strong>prope</strong></span> <span class='ocrx_word' id='word_1_904' title='bbox 1351 3218 1430 3251; x_wconf 84' lang='lat' dir='ltr'><strong>fines</strong></span> <span class='ocrx_word' id='word_1_905' title='bbox 1462 3218 1531 3250; x_wconf 86' lang='lat' dir='ltr'><strong>sitis</strong></span> <span class='ocrx_word' id='word_1_906' title='bbox 1562 3225 1656 3258; x_wconf 84' lang='lat' dir='ltr'><strong>porro</strong></span> <span class='ocrx_word' id='word_1_907' title='bbox 1688 3215 1848 3248; x_wconf 87' lang='lat' dir='ltr'><strong>abstinere</strong></span> <span class='ocrx_word' id='word_1_908' title='bbox 1859 3239 1869 3255; x_wconf 91' lang='lat'><strong>,</strong></span> <span class='ocrx_word' id='word_1_909' title='bbox 1898 3223 2004 3255; x_wconf 81' lang='lat' dir='ltr'><strong>neque</strong></span> <span class='ocrx_word' id='word_1_910' title='bbox 2033 3223 2070 3247; x_wconf 87' lang='lat' dir='ltr'><strong>ea</strong></span> <span class='ocrx_word' id='word_1_911' title='bbox 2095 3214 2196 3246; x_wconf 88' lang='lat' dir='ltr'><strong>muris</strong></span> <span class='ocrx_word' id='word_1_912' title='bbox 2231 3216 2265 3247; x_wconf 87' lang='lat' dir='ltr'><strong>et</strong></span> 
     </span>
     <span class='ocr_line' id='line_1_111' title="bbox 1221 3265 2263 3313; baseline -0.005 -10"><span class='ocrx_word' id='word_1_913' title='bbox 1221 3270 1465 3313; x_wconf 71' lang='lat' dir='ltr'><strong>propugnaculis</strong></span> <span class='ocrx_word' id='word_1_914' title='bbox 1487 3267 1704 3306; x_wconf 86' lang='lat' dir='ltr'><strong>circumdare,</strong></span> <span class='ocrx_word' id='word_1_915' title='bbox 1727 3275 1768 3298; x_wconf 88' lang='lat' dir='ltr'><strong>ne</strong></span> <span class='ocrx_word' id='word_1_916' title='bbox 1789 3266 1863 3298; x_wconf 83' lang='lat' dir='ltr'><strong>inde</strong></span> <span class='ocrx_word' id='word_1_917' title='bbox 1878 3266 2046 3298; x_wconf 89' lang='lat' dir='ltr'><strong>turbarum</strong></span> <span class='ocrx_word' id='word_1_918' title='bbox 2062 3265 2187 3298; x_wconf 87' lang='lat' dir='ltr'><strong>occasio</strong></span> <span class='ocrx_word' id='word_1_919' title='bbox 2203 3274 2263 3298; x_wconf 83' lang='lat' dir='ltr'><strong>na-</strong></span> 
     </span>
     <span class='ocr_line' id='line_1_112' title="bbox 1220 3317 2263 3362; baseline -0.007 -7"><span class='ocrx_word' id='word_1_920' title='bbox 1220 3325 1339 3362; x_wconf 84' lang='lat' dir='ltr'><strong>scatur,</strong></span> <span class='ocrx_word' id='word_1_921' title='bbox 1356 3323 1389 3355; x_wconf 87' lang='lat' dir='ltr'><strong>et</strong></span> <span class='ocrx_word' id='word_1_922' title='bbox 1405 3321 1523 3353; x_wconf 81' lang='lat' dir='ltr'><strong>foedera</strong></span> <span class='ocrx_word' id='word_1_923' title='bbox 1539 3319 1770 3358; x_wconf 79' lang='lat' dir='ltr'><strong>dissolvantur3</strong></span> <span class='ocrx_word' id='word_1_924' title='bbox 1788 3326 1873 3349; x_wconf 89' lang='lat' dir='ltr'><strong>nono</strong></span> <span class='ocrx_word' id='word_1_925' title='bbox 1886 3317 1955 3349; x_wconf 88' lang='lat' dir='ltr'><strong>loco</strong></span> <span class='ocrx_word' id='word_1_926' title='bbox 1970 3317 2090 3357; x_wconf 85' lang='lat' dir='ltr'><strong>placuit</strong></span> <span class='ocrx_word' id='word_1_927' title='bbox 2102 3317 2263 3349; x_wconf 88' lang='lat' dir='ltr'><strong>neminem</strong></span> 
     </span>
     <span class='ocr_line' id='line_1_113' title="bbox 1221 3369 2265 3410; baseline -0.009 -2"><span class='ocrx_word' id='word_1_928' title='bbox 1221 3375 1370 3408; x_wconf 86' lang='lat' dir='ltr'><strong>invadere</strong></span> <span class='ocrx_word' id='word_1_929' title='bbox 1395 3375 1453 3406; x_wconf 81' lang='lat' dir='ltr'><strong>aut</strong></span> <span class='ocrx_word' id='word_1_930' title='bbox 1480 3373 1564 3405; x_wconf 85' lang='lat' dir='ltr'><strong>bello</strong></span> <span class='ocrx_word' id='word_1_931' title='bbox 1589 3372 1744 3404; x_wconf 81' lang='lat' dir='ltr'><strong>lacessere</strong></span> <span class='ocrx_word' id='word_1_932' title='bbox 1770 3370 1896 3410; x_wconf 82' lang='lat' dir='ltr'><strong>gentem</strong></span> <span class='ocrx_word' id='word_1_933' title='bbox 1915 3370 1972 3400; x_wconf 85' lang='lat' dir='ltr'><strong>aut</strong></span> <span class='ocrx_word' id='word_1_934' title='bbox 1996 3369 2172 3408; x_wconf 81' lang='lat' dir='ltr'><strong>regionem,</strong></span> <span class='ocrx_word' id='word_1_935' title='bbox 2189 3377 2265 3408; x_wconf 79' lang='lat' dir='ltr'><strong>quae</strong></span> 
     </span>
     <span class='ocr_line' id='line_1_114' title="bbox 1220 3419 2264 3466; baseline -0.009 -6"><span class='ocrx_word' id='word_1_936' title='bbox 1220 3427 1280 3460; x_wconf 90' lang='lat' dir='ltr'><strong>sub</strong></span> <span class='ocrx_word' id='word_1_937' title='bbox 1301 3426 1484 3460; x_wconf 87' lang='lat' dir='ltr'><strong>alterutrius</strong></span> <span class='ocrx_word' id='word_1_938' title='bbox 1499 3424 1631 3466; x_wconf 90' lang='lat' dir='ltr'><strong>imperio</strong></span> <span class='ocrx_word' id='word_1_939' title='bbox 1644 3421 1769 3464; x_wconf 88' lang='lat' dir='ltr'><strong>sit,sed</strong></span> <span class='ocrx_word' id='word_1_940' title='bbox 1792 3422 1897 3463; x_wconf 88' lang='lat' dir='ltr'><strong>potius</strong></span> <span class='ocrx_word' id='word_1_941' title='bbox 1913 3428 2024 3453; x_wconf 86' lang='lat' dir='ltr'><strong>omnes</strong></span> <span class='ocrx_word' id='word_1_942' title='bbox 2047 3419 2134 3452; x_wconf 88' lang='lat' dir='ltr'><strong>nulla</strong></span> <span class='ocrx_word' id='word_1_943' title='bbox 2149 3419 2264 3460; x_wconf 87' lang='lat' dir='ltr'><strong>injuria</strong></span> 
     </span>
    </p>
   </div>
  </div>
 </body>
</html>
