2326 3724
129 248 202 280 242

125 328 217 378 ὅμως
246 330 313 367 τῶν
335 328 537 380 Ρωμαίων,
562 329 623 368 ἅτε
643 330 943 383 ἀναμαχήσασθαι
964 332 1002 369 οὐ
1020 329 1168 379 δυναμέ-

125 403 205 433 νων,
225 390 252 425 εἶ
270 388 329 426 καὶ
347 388 476 427 πλείων
509 390 623 432 αὐτοῖς
649 390 775 428 ἐνδοθὲ
748 406 799 436 em
830 389 967 442 χρόνος.
990 388 1092 428 Ἐπει
1114 393 1171 427 οὐν

126 446 297 499 ἀνακωχὴ
325 448 476 499 ἐγεγόνει
506 446 571 486 ἀνὰ
591 447 653 494 τὴν
674 449 719 486 ἕω
731 448 992 498 ,μετενήνεκτο
1023 446 1058 485 δὲ
1082 446 1173 490 ἅπας

127 504 185 542 ἐπι
201 504 264 552 τὴν
285 505 466 558 Ἀρμενίαν
487 508 505 544 ὁ
522 505 687 559 θόρυὸος,
711 506 817 544 ἄλλου
850 506 941 544 ἄλλα
970 507 1077 553 αὖτης
1097 507 1173 543 δια-

128 563 425 615 κληρωσαμένων,
447 567 526 617 ἠρος
546 564 740 616 ἀρχομένου
761 564 908 611 συνέστη
926 564 1092 615 πόλεμος.

179 625 235 660 Ex
264 625 339 660 hoc
372 625 459 660 loco
492 625 665 672 quaedam
692 626 879 674 excerpsit
908 625 1068 669 Suidas,
1095 637 1174 659 non

126 683 322 718 nominato
351 691 529 728 auctore,
561 697 598 720 v,
622 682 877 732 Δοκιμάσας
898 694 908 720 :
930 699 945 717 α
974 680 1107 720 Μαθὼν
1127 682 1174 724 ὡς

125 740 200 782 ταῖς
228 739 295 786 ἤδη
329 740 396 778 ὑπὸ
429 739 609 792 Ζαχαρίου
639 739 922 790 δοκιμασθείσαις
949 740 1114 782 σπονδαῖς
1134 741 1171 776 οὐ

127 797 311 851 στέργουσι
341 798 536 848 Ῥωμαῖοι,
557 798 725 851 ἐπαφίησι
750 798 807 837 τὸν
834 797 1052 850 Τανχοσδρὼ
1081 796 1172 835 κατὰ

124 859 185 902 τ’ἤς
205 855 394 906 Ῥωμαίων
415 855 648 909 ἐπικρατείας.
665 875 678 890 υ

617 951 677 988 41.

177 1035 326 1071 Ibidem
338 1048 426 1084 pag.
447 1034 593 1072 158—1
604 1037 652 1072 60
672 1047 680 1071 :
698 1032 784 1072 εὈτι
798 1036 815 1071 ὃ
829 1031 1016 1084 Τιόέριοςὸ
1031 1032 1172 1085 Καῖσαρ

126 1091 263 1130 στέλλει
283 1092 464 1144 Θεόδωρον
483 1091 540 1129 τὸν
559 1091 701 1142 Βάκχου
721 1090 1020 1143 πρεσὸευσόμενον
1038 1093 1083 1134 ὡς
1104 1095 1173 1143 βα-

126 1151 224 1188 σιλέα
247 1152 407 1202 Περσῶν,
436 1152 486 1203 τῷ
507 1151 617 1187 δοκεῖν
648 1149 709 1200 μὲν
740 1149 1002 1201 ὁμολογήσοντα
1027 1149 1174 1202 χάριτας

125 1211 197 1247 ἀνθ’
218 1203 265 1247 ὧν
287 1208 344 1246 τὸν
364 1208 526 1258 μέγιστον
545 1207 734 1258 Ῥωμαίων
752 1207 970 1260 πρεσὸευτὴν
992 1210 1024 1252 ἐς
1040 1207 1083 1246 τὰ
1102 1207 1172 1259 μά-

122 1269 226 1306 λιστα
245 1267 390 1317 ἐτίμησε
411 1267 600 1319 Τραϊανὸν,
617 1267 720 1314 ἡνίκα
739 1266 884 1319 ἔναγχός
909 1282 949 1318 γε
979 1267 1089 1312 δήπου
1109 1266 1172 1313 τὴν

114 1327 166 1364 δι’
190 1328 292 1364 αὐτοῦ
314 1325 452 1370 ἐδέξατο
468 1326 671 1379 πρεσὸείαν,
690 1325 843 1364 ἔκπαλαι
860 1326 899 1363 τὸ
924 1325 1054 1363 τοιόνδε
1074 1340 1172 1376 νομι-

108 1386 261 1428 ’σθὲνιὼς
276 1383 475 1437 ἀμφοτέρας
489 1385 682 1432 πολιτείας,
697 1384 787 1423 ὥστε
804 1384 893 1435 μετὰ
907 1383 984 1427 τοὺς
1002 1383 1173 1435 μεγάλους

110 1443 287 1496 >’πρέσὸεις
302 1444 507 1482 στέλλεσθαι
521 1443 654 1495 ἑτέρους
668 1443 820 1491 ἥσσονας
835 1445 896 1489 τῆς
913 1445 982 1480 τῶν
999 1443 1172 1494 μεγίστων

122 1503 304 1554 πρέσὸεων
326 1503 503 1555 ἀποδοχῆς
524 1518 559 1541 τε
582 1502 680 1540 ἕκατι
701 1502 759 1540 καὶ
782 1501 1046 1556 φιλοφροσύνης.
1075 1500 1171 1552 Ἅμα

124 1562 159 1599 δὲ
175 1561 367 1600 ἐνετείλατό
382 1563 411 1600 οἱ
429 1563 675 1614 διαλεχθῆναι,
690 1564 733 1604 ὥς
751 1561 958 1610 ἑτοιμότατοι
974 1560 1065 1612 ἔχοι,
1081 1559 1172 1598 κατὰ

125 1621 161 1658 τὸ
180 1621 248 1668 ἤδη
270 1621 479 1671 ε’μπεδωθὲν,
499 1623 533 1659 ἐν
562 1621 632 1664 τοῖς
662 1620 765 1672 ὁρίοις
791 1623 852 1666 τῆς
873 1619 918 1657 ἕω
939 1621 1072 1657 στεῖλαι
1091 1619 1171 1663 τοὺς

123 1678 314 1729 Ἱ)ωμαίων
331 1678 501 1731 ἄρχοντας
515 1679 825 1731 γνωματεύσοντας
840 1678 895 1724 ξὺν
910 1684 979 1722 τοῖς
991 1680 1050 1715 ὑπ’
1066 1679 1169 1716 αὐτοῦ

123 1737 468 1790 ἐκπεμφθησομένοις
488 1738 636 1788 ἡγεμόσι
661 1740 807 1789 Περσῶν
835 1737 924 1790 ἀμφὶ
944 1740 1004 1783 τῆς
1035 1737 1171 1789 εἰρήνης

122 1796 181 1833 καὶ
196 1795 238 1833 τὰ
256 1795 435 1849 ἀμφίὸολα
454 1796 765 1848 διευκρινήσοντας.
786 1796 970 1847 Θεόδωρον
987 1794 1049 1845 μὲν
1064 1797 1169 1833 αὐτοῦ

123 1854 346 1906 ἀφικόμενον,
377 1853 539 1905 βασιλευς
558 1857 575 1892 ὁ
597 1857 744 1907 Περσων
773 1856 903 1892 καταλε
895 1855 1025 1892 λοιπεν
1057 1855 1091 1892 ἐν
1119 1869 1169 1890 τω

121 1913 239 1964 Δάρας
254 1915 296 1964 τῇ
315 1912 417 1951 πόλει
431 1914 508 1957 τούς
525 1929 561 1951 τε
578 1913 635 1951 τὸν
654 1913 762 1965 ἄνδρα
780 1912 941 1959 αξοντας,
959 1912 1170 1964 ἐγκελευσά-

122 1986 240 2021 μενος,
273 1970 354 2009 ἔνθα
389 1970 431 2008 ἂν
461 1971 603 2020 μάθοιεν
623 1971 680 2009 τὸν
703 1971 850 2023 βασιλέα
875 1973 980 2017 εἰναι,
999 1972 1170 2008 ἐπικατα-

122 2030 289 2079 λαὸεῒν,
272 2046 319 2074 ως
333 2046 373 2068 αν
393 2029 442 2080 μὴ
462 2029 506 2068 τὰ
526 2029 730 2081 εἰθισμένα
715 2029 772 2068 επὶ
787 2029 985 2083 πρεσὲευτῇ
1002 2029 1170 2082 πράσσων

114 2142 200 2182 quod
225 2143 313 2173 nulla
329 2143 388 2173 alia
406 2144 527 2174 ratione
544 2145 708 2183 tantopere
733 2143 772 2174 ‹le
798 2143 857 2174 hac
883 2142 1035 2174 dilatione
1057 2142 1159 2183 impe·

113 2195 227 2227 tranda
241 2196 400 2227 laboraret
410 2220 418 2235 ‚
433 2204 531 2236 quam
548 2197 584 2227 ut
596 2205 651 2236 per
666 2196 698 2228 id
712 2196 864 2236 temporis
876 2196 1015 2236 spatium
1033 2196 1160 2228 idoneas

114 2248 220 2288 copias
243 2250 445 2288 praepararet.
463 2249 719 2281 contemnebant
736 2252 841 2281 tamen
860 2251 963 2281 Persae
979 2251 1138 2281 Romanos
1149 2273 1158 2288 ,

114 2301 267 2339 tanquam
287 2300 340 2340 qui
361 2299 530 2332 adversum
556 2309 589 2332 se
603 2301 636 2332 in
657 2301 724 2333 acie
738 2303 822 2333 stare
837 2302 868 2333 et
886 2301 1055 2341 pugnando
1069 2309 1160 2341 pares

114 2360 180 2381 esse
205 2360 267 2382 non
285 2354 433 2391 possent,
455 2352 577 2383 etiamsi
603 2353 726 2392 longius
735 2354 863 2393 tempus
877 2352 915 2384 iis
938 2352 1156 2385 indulsissent.

114 2403 330 2440 Quamobrem
356 2405 524 2443 postquam
551 2404 624 2436 belii
643 2405 778 2436 cessatio
797 2405 837 2436 ad
857 2407 984 2445 tempus
1009 2407 1077 2436 rata
1103 2413 1159 2445 per

115 2455 279 2486 Orientem
296 2455 366 2493 suit,
381 2456 484 2487 omnis
502 2457 606 2487 motus
620 2456 653 2487 in
667 2457 848 2488 Armeniam
868 2458 916 2488 est
929 2457 1113 2495 translatus,
1126 2458 1158 2488 ct

115 2515 213 2547 quum
228 2506 309 2537 alius
322 2506 405 2537 aliud
422 2515 539 2539 munus
552 2507 583 2538 in
594 2507 649 2539 iila
660 2509 786 2548 regione
802 2508 925 2548 obiret,
938 2508 1068 2540 ineunte
1083 2517 1158 2540 vere

113 2557 231 2589 bellum
241 2558 288 2589 est
301 2559 463 2589 exortum.

599 2614 638 2646 211
649 2637 658 2646 .

153 2667 297 2699 Tiberius
312 2667 538 2707 Theodorum,
561 2667 677 2699 Bacchi
696 2667 818 2707 filium,
836 2667 974 2708 legatum
997 2667 1035 2699 ad
1052 2676 1156 2708 regem

112 2721 281 2750 Persarum
292 2719 411 2758 mittit,
425 2719 529 2759 specie
547 2719 678 2760 quidem
692 2719 809 2759 gratias
823 2718 934 2758 agendi
948 2727 1056 2757 causa,
1070 2720 1157 2760 quod

111 2773 136 2801 T
140 2771 282 2810 rejanum
294 2794 302 2810 ‚
329 2770 561 2802 nobilissimum
592 2772 811 2802 Romanorum
839 2770 997 2810 legatum,
1030 2779 1157 2802 summo

112 2822 232 2853 honore
253 2822 427 2860 affecisset,
442 2831 543 2862 quum
558 2822 655 2862 paulo
670 2823 743 2853 ante
768 2821 959 2861 legationem
976 2822 1046 2861 ejns
1069 2830 1155 2854 acce·

111 2875 216 2914 pisset.
236 2876 307 2905 Jam
319 2874 374 2906 diu
390 2875 474 2906 enim
491 2875 522 2906 in
547 2883 636 2906 more
659 2875 728 2906 erat
747 2873 831 2914 apud
850 2875 1025 2914 utrumque
1040 2874 1157 2914 princi-

110 2933 200 2966 pem,
214 2926 286 2966 post
305 2934 437 2966 magnos
459 2926 578 2966 legatos
599 2927 726 2957 mittere
742 2925 821 2957 alios
838 2925 996 2965 minores,
1013 2925 1069 2966 qni
1085 2935 1156 2966 gra-

110 2979 188 3009 tiam
207 2979 338 3017 agerent
353 2978 395 3009 ob
410 2979 531 3018 priores
547 2979 666 3019 legatos
685 2979 819 3019 benigne
835 2980 999 3019 receptos,
1021 2979 1054 3010 et
1074 2979 1156 3010 ami-

111 3029 218 3060 citiam
246 3029 505 3061 testificarentur.
533 3031 614 3062 Huic
632 3031 741 3062 autem
766 3030 861 3062 simul
886 3031 1096 3070 praeceperat,
1121 3031 1157 3061 ut

112 3082 174 3121 regi
191 3083 380 3121 exponeret,
395 3090 428 3113 se
450 3090 516 3113 esse
537 3083 683 3122 paratum
696 3082 781 3122 (jam
799 3082 882 3113 enim
896 3081 928 3113 id
941 3083 1153 3122 convenerat)

111 3133 238 3164 mittere
255 3132 286 3163 in
299 3131 376 3163 lines
389 3133 556 3173 utriusque
568 3133 696 3165 ditionis
707 3134 793 3165 viros
808 3132 947 3172 nobiles,
962 3133 1016 3173 qui
1026 3132 1066 3164 de
1079 3142 1155 3173 pace

111 3192 184 3215 cum
205 3183 268 3222 bis,
290 3192 371 3223 quos
394 3184 460 3224 ipse
476 3193 514 3215 eo
533 3185 571 3215 ad
594 3184 624 3216 id
642 3185 799 3223 mitteret,
819 3185 949 3224 agerent
972 3185 1005 3216 et
1025 3186 1153 3216 contro-

111 3237 230 3267 versias
242 3235 438 3266 dirimerent.
455 3237 563 3272 Quum
587 3236 774 3268 Theodorus
786 3236 825 3267 ad
840 3239 939 3268 Daras
953 3236 1154 3275 accessisset,

111 3289 279 3318 Persarum
302 3295 359 3318 rex
385 3286 428 3318 ibi
454 3286 627 3327 reliquerat
644 3287 699 3327 qui
718 3296 792 3319 eum
811 3296 849 3319 eo
865 3287 1075 3326 deducerent,
1099 3287 1154 3319 ubi

111 3347 214 3378 regem
234 3337 423 3369 commorari
450 3338 693 3378 comperissent,
722 3347 774 3378 ne,
792 3339 857 3370 ulla
878 3348 930 3375 re,
950 3348 1024 3378 quae
1051 3339 1155 3379 legato

110 3389 251 3429 praestari
267 3389 408 3428 solebat,
421 3390 549 3429 omissa,
565 3398 688 3421 moram
707 3390 750 3421 illi
770 3391 896 3422 faceret.
918 3390 1053 3422 Volebat
1069 3391 1153 3422 enim

110 3441 203 3472 simul
219 3440 336 3471 bellum
364 3449 471 3480 gerere
488 3444 518 3472 et
536 3441 725 3481 legationem
751 3441 896 3481 excipere
919 3451 927 3471 ε
955 3441 1000 3472 sic
1019 3441 1103 3473 enim
1120 3450 1153 3474 se

875 243 1151 283 MENANDRI
1189 242 1541 284 PROTECTORIS

1235 331 1390 384 ἀναὸολῇ
1410 332 1576 385 χρήσοιτό
1594 348 1674 372 τινι.
1692 331 1787 383 Ἅμα
1817 331 1884 384 γὰρ
1910 331 2079 379 ἠὸούλετο
2097 331 2157 370 καὶ
2178 334 2281 371 πολε-

1235 404 1311 439 μοις
1332 391 1464 440 ὁμιλεῖν
1493 390 1552 428 καὶ
1585 390 1747 443 δέχεσθαι
1775 389 1838 437 τὴν
1861 389 2061 442 πρεσὸείαν·
2082 390 2194 443 ταύτῃ
2212 389 2280 444 γὰρ

1235 447 1440 500 ἐκφοῦήσειν
1457 448 1543 501 ᾤετο
1560 450 1593 493 ἐς
1607 450 1650 487 τὰ
1665 449 1820 499 μάλιστα
1835 448 2050 497 Ῥωμαίους.
2067 450 2130 502 Τῷ
2143 464 2195 487 τοι
2213 449 2281 503 ἄρα

1234 505 1296 551 τὴν
1317 507 1514 559 ὁδοιπορίαν
1536 506 1698 551 διανύσας
1718 507 1773 546 διὰ
1795 511 1854 545 τοῦ
1877 506 2066 558 λεγομένου
2086 506 2280 559 Ἀρρεστῶν

1235 564 1403 614 κλίματος
1426 564 1486 602 καὶ
1511 569 1571 602 τοῦ
1592 567 1830 616 Μαρεπτικῶν
1853 565 1996 618 ἀφίκετο
2016 567 2049 603 ἐν
2070 567 2280 619 Περσαρμε-

1235 621 1290 675 νία
1303 651 1312 669 ,
1326 624 1387 660 οὐκ
1401 623 1568 674 οἰομένων
1583 626 1650 662 τῶν
1664 624 1853 674 Ῥωμαίων
1868 623 1958 661 οὕτω
1971 639 2011 673 γε
2026 623 2139 670 δήπου
2155 627 2281 664 θᾶττον

1236 680 1326 727 ἥξειν
1345 680 1459 719 αὐτόν.
1482 681 1665 721 Εἷωθότων
1693 682 1761 734 γὰρ
1786 685 1854 720 τῶν
1884 684 2033 734 Περσῶν
2053 684 2088 720 ἐν
2108 688 2181 727 τοῖς
2213 682 2283 733 ἔμ-

1234 742 1382 791 προσθεν
1414 739 1550 792 χρόνοις
1580 739 1670 793 ἀμφὶ
1702 741 1741 779 τὸ
1771 740 1878 794 πέρας
1904 745 1963 779 τοῦ
1990 739 2052 787 τὴν
2079 741 2281 792 ἐπωνυμίαν

1235 796 1437 849 Αὐγούστου
1464 798 1738 850 κληρωσαμένου
1772 799 1879 849 μηνὸς
1907 800 2158 852 ἀναφαίνεσθαι
2189 799 2282 839 κατὰ

1236 855 1277 902 δὴ
1298 859 1359 903 τῆς
1380 858 1528 908 Περσῶν
1549 857 1729 909 Ἀρμενίας
1750 857 1810 896 καὶ
1834 862 2028 905 τηνικαῦτα
2050 858 2108 897 τὸν
2127 859 2282 910 πόλεμον

1236 916 1675 969 συγκροτεῖν,προτερήσας
1686 918 1787 961 αὐτὸς
1805 917 2010 970 εἰσήρρησεν
2028 917 2160 957 αὐτόθι.
2171 919 2277 957 Ξυν-

1235 974 1364 1025 ηνέχθη
1397 979 1576 1028 τοιγαροῦν
1598 975 1691 1020 ἅπαξ
1715 977 2083 1028 προκατειλημμένους
2113 977 2172 1016 καὶ
2197 979 2280 1032 ἔφυ-

1236 1032 1471 1086 στερήσαντας
1491 1049 1566 1077 τους
1587 1033 1824 1084 Ῥωμαίους
1806 1037 1849 1072 σι’
1870 1035 1952 1073 ὅλου
1975 1039 2035 1073 του
2058 1035 2152 1079 ἔτους
2177 1035 2280 1075 οὐδὲν

1235 1093 1346 1129 ὁτιοῦν
1382 1097 1469 1144 σφᾶς
1495 1091 1752 1144 διαπράξασθαι
1780 1094 1813 1130 ἐν
1856 1095 1982 1146 καιρῷ.
2015 1092 2108 1132 Οὔτε
2141 1093 2209 1146 γὰρ
2241 1095 2281 1133 τὸ

1236 1150 1437 1202 στράτευμα
1471 1150 1689 1203 ξυνήθροιστο
1722 1151 1762 1189 τὸ
1791 1151 2010 1202 Ῥωμαϊκὸν,
2048 1153 2125 1190 ἀλλ’
2161 1155 2194 1191 οἱ
2217 1152 2279 1204 μὲν

1236 1208 1314 1260 περὶ
1337 1211 1492 1262 Κοῧρσον
1509 1210 1569 1248 καὶ
1585 1210 1768 1262 Θεόδωρον
1788 1209 1867 1254 τοὺς
1883 1210 2099 1262 στρατιώτας
2115 1212 2280 1264 (στρατη-

1233 1267 1313 1318 γοὺς
1329 1271 1368 1306 Β.
1382 1267 1392 1320 )
1405 1298 1415 1317 ,
1435 1268 1554 1315 ἐπειδὴ
1574 1270 1690 1312 αὐτοῖς
1713 1269 1912 1320 ἀπήγγελτο
1925 1298 1935 1316 ,
1955 1272 2001 1313 ὡς
2019 1275 2150 1323 νεμεσᾷ
2168 1286 2205 1309 τε
2220 1271 2281 1309 καὶ

1235 1327 1426 1377 ἀγανακτεῖ
1453 1328 1470 1364 ὃ
1494 1329 1657 1380 Καῖσαρ,
1687 1326 1740 1365 ὅτι
1771 1326 1813 1373 δὴ
1835 1327 2040 1371 ἐσὸαλόντες
2060 1329 2096 1366 ἐν
2113 1327 2279 1382 Ἀλὸανίᾳ

1236 1385 1285 1435 μὴ
1313 1385 1506 1432 ἀνέστησαν
1535 1386 1693 1430 ἅπαντας
1721 1386 1911 1439 Σαὸείρους
1931 1401 1967 1424 τε
1989 1386 2050 1425 καὶ
2070 1386 2279 1436 Ἀλὸανοὺς,

1235 1445 1313 1481 ἀλλ’
1333 1443 1385 1481 ὅτι
1405 1444 1548 1495 ὁμήροις
1563 1444 1763 1488 πεποιθότες
1780 1443 2012 1497 ἐξεχώρησαν·
2026 1445 2281 1496 κατεγνωκότες

1233 1517 1271 1539 τε
1303 1501 1336 1546 ἐξ
1372 1503 1478 1548 αὖτ’ἧς
1506 1505 1567 1547 τῆς
1600 1502 1741 1555 πείρας,
1761 1504 1810 1555 τῷ
1840 1503 2030 1555 ἀφηνιάσαι
2053 1502 2177 1542 αὐτίκα
2210 1503 2280 1542 ἀπὸ

1235 1558 1422 1609 Ῥωμαίων
1451 1559 1508 1598 τὸν
1535 1560 1691 1611 Σαὸεῒρα
1704 1590 1714 1608 ‚
1734 1562 1780 1604 ὡς
1806 1562 1844 1598 οὐ
1864 1560 1956 1599 κατὰ
1974 1561 2013 1599 τὸ
2033 1561 2107 1600 δέον
2126 1563 2278 1614 ἐπεπρά-

1233 1633 1359 1670 χεσαν,
1387 1617 1560 1671 παρώφθη
1594 1634 1632 1656 τε
1665 1618 1733 1656 ὑπὸ
1762 1635 1857 1672 σφων
1889 1618 1928 1656 τὸ
1960 1622 2130 1666 συνοῖσον,
2159 1618 2278 1671 ὥσπερ

1235 1676 1389 1727 ἀμέλει
1375 1693 1413 1715 εκ
1435 1677 1664 1728 μεταμελείας
1684 1681 1778 1720 αὖθις
1806 1677 1992 1722 ἐλάσαντες
2021 1680 2056 1717 ἐν
2075 1678 2277 1717 Ἄλὸανία*

1237 1735 1464 1788 (πρεσὸείας)
1487 1739 1571 1786 ἠγον
1591 1752 1670 1780 τους
1701 1735 1894 1788 Σαὸείρους
1924 1752 1962 1774 τε
1981 1737 2040 1775 καὶ
2070 1719 2275 1786 Ἀλὸανούς,

1231 1794 1397 1833 πανοικία
1428 1801 1515 1848 σφᾶς
1544 1795 1792 1845 μετοικίζοντες
1825 1797 1858 1838 ἐς
1886 1794 1930 1832 τὰ
1960 1796 2042 1846 τῇδε
2069 1799 2129 1833 τοῦ
2160 1795 2278 1847 Κύρου

1233 1857 1411 1904 ποταμοῦ,
1425 1854 1472 1896 ὥς
1487 1853 1639 1891 λοιπον’
1625 1869 1659 1890 εν
1677 1856 1719 1904 τῇ
1735 1855 1923 1904 “Ρωμα”ικῇ
1942 1854 2140 1892 διαιτᾶσθαι
2158 1853 2273 1906 χώρα.

1231 1909 1314 1951 Ἔτι
1334 1915 1390 1950 οὖν
1410 1911 1592 1965 Θεόδωρός
1613 1927 1648 1949 τε
1668 1913 1728 1950 καὶ
1749 1912 1938 1963 Κοῧρσος’
1923 1927 1957 1949 εν
1976 1911 2108 1956 τούτοις
2127 1913 2278 1964 ἔνησχου

1231 1969 1407 2020 λημένοι’
1393 1969 1595 2021 ετύγχανον.
1618 1965 1709 2009 Εἶτα
1730 1969 2008 2022 ἐγκαλεσαμενου
2024 1986 2082 2008 του
2099 1970 2276 2023 Καίσαρος

1233 2028 1476 2067 Ἰουστινιανὸν
1494 2028 1552 2067 τὸν
1570 2032 1631 2076 τῆς
1653 2029 1699 2067 ἕω
1720 2028 1914 2080 στρατηγὸν
1936 2031 2191 2082 μεταφοιτίσαι
2215 2027 2274 2067 καὶ

1221 2144 1371 2175 Romanis
1385 2145 1540 2175 terrorem
1555 2143 1746 2184 injecturum
1768 2152 1836 2176 esse
1860 2144 2020 2185 sperabat.
2036 2147 2108 2182 Qua
2122 2144 2162 2177 de
2173 2139 2270 2177 causa

1226 2204 1326 2235 quum
1340 2195 1402 2228 iter
1413 2205 1470 2237 per
1485 2196 1662 2237 regionem,
1679 2205 1752 2238 quae
1767 2197 1952 2229 Arestorum
1967 2197 2001 2228 et
2025 2196 2270 2238 Marepticorum

1222 2247 1350 2287 dicitur,
1365 2249 1510 2290 fecisset,
1529 2250 1562 2281 in
1580 2249 1832 2281 Persarmeniam
1848 2249 2015 2290 pervenit,
2032 2249 2271 2290 inopinantibus

1223 2300 1390 2340 Romanis,
1411 2301 1466 2341 qui
1491 2302 1558 2333 tam
1580 2302 1644 2333 cito
1672 2310 1710 2333 eo
1729 2301 1820 2333 illum
1848 2301 2077 2342 perventurum
2101 2310 2269 2342 nunquam

1222 2351 1441 2384 credidissent.
1456 2352 1608 2385 solebant
1620 2353 1705 2384 enim
1717 2355 1820 2384 Persae
1833 2354 1929 2384 antea
1939 2352 2023 2384 circa
2043 2352 2138 2385 finem
2152 2353 2270 2386 mensis

1219 2403 1274 2444 qui
1286 2403 1404 2435 Latinis
1418 2406 1553 2436 vocatur
1566 2406 1727 2445 Augustus
1739 2429 1748 2445 ‚
1768 2405 1800 2436 in
1818 2405 2037 2437 Persarmenia
2049 2413 2202 2446 apparere
2211 2428 2221 2445 ,
2236 2407 2270 2438 et

1220 2456 1292 2488 inde
1302 2456 1341 2487 ad
1364 2456 1485 2488 bellum
1505 2458 1626 2498 accingi
1642 2467 1650 2489 ι
1667 2466 1754 2489 nunc
1775 2459 1884 2490 autem
1902 2457 2060 2490 Cbosroes
2086 2457 2175 2498 prius
2189 2457 2269 2489 illuc

1218 2508 1362 2539 accessit.
1382 2508 1503 2540 Accidit
1519 2511 1627 2541 autem
1647 2511 1684 2540 ut
1709 2509 1843 2541 Romani
1862 2509 1960 2541 semel
1976 2508 2150 2550 praeventi,
2165 2517 2268 2550 quum

1218 2560 1341 2592 tardius
1356 2561 1450 2592 rebus
1463 2562 1527 2594 suis
1540 2561 1796 2602 prospexissent,
1808 2561 1887 2594 nihil
1901 2562 1970 2594 toto
1979 2561 2064 2594 illius
2075 2561 2151 2593 anni
2165 2561 2268 2602 spatio

1219 2612 1349 2644 feliciter
1363 2614 1395 2648 et
1409 2614 1587 2653 opportune
1611 2614 1767 2654 gererent.
1786 2615 1851 2646 Nec
1867 2613 1953 2645 enim
1967 2612 2127 2646 exercitus
2147 2614 2264 2645 Roma·
2317 2613 2326 2627 ³

1217 2672 1332 2695 norum
1348 2665 1501 2696 collectus
1511 2666 1595 2704 erat;
1608 2665 1664 2696 sed
1680 2664 1835 2697 militibus
1844 2689 1852 2705 ‚
1863 2664 1919 2705 qui
1933 2665 1993 2696 sub
2004 2665 2106 2696 Curso
2119 2664 2152 2696 et
2164 2663 2264 2696 Theo-

1217 2715 1295 2746 doro
1314 2716 1499 2755 merebant,
1517 2716 1701 2748 nuntiatum
1715 2717 1796 2757 erat,
1821 2716 2049 2757 imperatorem
2062 2715 2180 2747 iratum
2197 2723 2265 2752 esse

1218 2768 1382 2807 propterea
1396 2767 1482 2808 quod
1500 2767 1531 2798 in
1547 2767 1712 2799 Albaniam
1728 2768 1902 2807 irruentes,
1926 2767 2053 2800 Sabiros
2068 2767 2100 2799 et
2121 2766 2264 2799 Albanos

1217 2827 1280 2849 non
1297 2819 1424 2859 penitus
1437 2818 1638 2850 sustulissent
1662 2820 1694 2850 et
1715 2819 2001 2857 exterminassent,
2019 2818 2076 2850 sed
2098 2817 2266 2853 obsidibus

1217 2871 1325 2902 contisi
1342 2871 1560 2903 discessissent
1588 2883 1595 2902 z
1626 2871 1713 2910 quod
1741 2879 1840 2911 quam
1863 2871 2082 2911 imprudenter
2113 2869 2263 2910 fecerint,

1217 2923 1300 2963 ipsos
1315 2932 1356 2955 ex
1384 2925 1500 2956 eventu
1519 2923 1682 2963 cognitum
1710 2923 1850 2955 habere:
1872 2923 1990 2955 etenim
2013 2922 2178 2954 confestim
2203 2923 2263 2954 Sa-

1216 2975 1276 3006 biri
1289 2984 1307 3007 a
1322 2977 1474 3008 Romanis
1489 2976 1682 3008 defecerant.
1710 2977 1821 3015 ltaque
1838 2975 1932 3007 rebus
1950 2976 2017 3007 tam
2040 2975 2125 3007 male
2150 2973 2262 3015 gestis,

1217 3028 1402 3067 poenitentia
1413 3028 1584 3067 commoti,
1597 3036 1707 3059 rursus
1716 3028 1748 3059 in
1762 3028 1929 3059 Albaniam
1941 3027 2095 3067 impetum
2105 3027 2261 3066 fecerunt,

1216 3079 1248 3110 et
1261 3079 1472 3119 legationibus
1485 3079 1614 3111 Sabiros
1625 3081 1658 3111 et
1670 3079 1810 3111 Albanos
1825 3078 1892 3110 suis
1907 3077 2036 3110 sedibus
2045 3077 2169 3109 excitos
2181 3077 2262 3108 citra

1217 3130 1299 3170 ripas
1314 3131 1388 3171 Cyri
1404 3131 1507 3162 amnis
1528 3130 1742 3170 collocarunt,
1760 3130 1797 3161 ut
1813 3130 1846 3160 in
1868 3130 2031 3170 posterum
2047 3128 2081 3160 in
2102 3130 2262 3161 Romano-

1216 3190 1287 3213 rum
1298 3181 1424 3214 ditionis
1439 3181 1620 3222 regionibus
1628 3181 1820 3213 habitarent.
1833 3180 1958 3218 Quibus
1970 3180 2064 3211 rebus
2077 3179 2262 3220 peragendis

1215 3234 1293 3266 dum
1309 3236 1428 3266 Cursus
1451 3235 1483 3265 et
1505 3233 1690 3266 'theodorus
1713 3232 1819 3264 adhuc
1846 3234 2059 3272 occupantur,
2078 3233 2186 3264 Caesar
2201 3233 2260 3263 Ju-

1214 3286 1406 3325 stinianum,
1429 3285 1568 3317 Orientis
1583 3285 1719 3324 ducem,
1737 3284 1892 3324 proticisci
1911 3283 1990 3315 etin
2015 3282 2163 3315 Armenia
2176 3282 2260 3314 bello

1214 3337 1351 3376 gerendo
1365 3336 1607 3378 praeesseJussit.
1619 3336 1833 3369 Nihilominus
1842 3345 1947 3376 neque
1954 3337 1971 3368 J
1976 3335 2151 3367 ustinianus
2160 3334 2259 3374 venit,

1214 3389 1290 3430 quia
1306 3389 1367 3420 hoc
1377 3388 1421 3420 illi
1438 3388 1540 3420 serius
1555 3389 1664 3420 caesar
1676 3387 1869 3428 significarat
1878 3411 1887 3427 ,
1898 3395 2001 3428 neque
2014 3386 2059 3418 rei
2072 3386 2104 3418 in
2117 3387 2260 3426 tempore

1214 3440 1360 3482 gerendae
1373 3440 1612 3482 opportunitate
1621 3448 1698 3471 usus
1709 3439 1822 3472 suerat.
1843 3439 1888 3471 Ad
1900 3439 1972 3471 liaec
1987 3438 2055 3470 auri
2065 3437 2256 3478 distributio,
