2372 3704
128 280 201 312 442

123 364 168 398 G.
186 362 432 409 Lachmeyer.
455 361 511 396 De
533 358 651 394 libelli
676 357 888 400 Plutarchi,
911 358 977 404 qui
996 358 1052 391 De
1074 356 1168 392 mal.

125 424 216 458 Her.
252 419 487 463 inscribitur,
527 417 754 453 auctoritate
787 415 980 465 (Gotting.
1025 414 1171 462 1848),

131 491 171 526 p.
199 477 261 525 57.

541 564 759 581 ——Qw—

436 648 850 708 MACAREUS

555 760 745 798 κΩΑΚΑ.

429 861 458 895 Ε
487 859 636 895 LIBRO
666 856 862 894 TERTIO.

179 953 376 989 Athenaeus
390 951 460 995 VI,
479 962 520 997 p.
538 948 631 994 262,
645 949 702 984 C:
727 944 827 990 Φησὶ
843 943 911 996 γὰρ
931 941 1125 995 Μακαρευς
1139 941 1174 978 ἐν

124 1012 167 1062 τῇ
184 1009 283 1061 τρίτη
303 1005 506 1052 Κωακι>ν,“
487 1021 554 1053 οτι,
570 1004 700 1041 ὁπόταν
714 1006 757 1054 τῇ
770 1002 870 1054 υΗρα
882 1000 1007 1039 θύωσιν
1022 1002 1052 1038 οἱ
1066 1001 1174 1046 Κωοι,

125 1067 202 1106 οὔτε
219 1067 359 1105 εἴσεισιν
380 1066 426 1108 εἷς
441 1063 480 1102 τὸ
497 1062 586 1115 ἱερὸν
608 1063 742 1109 δοῦλος,
760 1061 838 1099 οὔτε
852 1059 990 1112 γεύεταί
1005 1074 1092 1103 τινος
1105 1075 1174 1096 των

123 1117 478 1172 παρεσκευασμένων.

177 1181 283 1216 Idem
297 1180 399 1224 XIV,
413 1191 450 1227 Ρ.
465 1177 558 1225 639,
576 1178 635 1212 D:
659 1175 752 1212 Κῶοι
769 1171 804 1210 δὲ
818 1171 1016 1210 τουναντίον
1034 1172 1172 1222 δρῶσιν,

125 1243 170 1281 ὡς
190 1240 317 1288 ἱστορεῖ
338 1234 562 1286 Μακαρευς’
547 1249 581 1272 εν
595 1232 702 1285 τρίτῳ
725 1234 898 1271 Κωακῶν.
915 1229 1032 1270 (Ὀταν
1051 1229 1118 1302 γὰρ
1131 1232 1175 1281 τῇ

124 1297 226 1350 υΗρα
240 1295 367 1346 θύωσι,
386 1295 502 1333 δουλοι
518 1295 555 1331 οὖ
572 1294 825 1345 παραγίνονται
845 1290 902 1328 επὶ
918 1290 982 1337 τὴν
1004 1288 1174 1341 εὐωχίαν·

124 1356 175 1393 διὸ
196 1354 255 1392 καὶ
276 1353 468 1406 Φύλαρχον
489 1349 691 1404 εἰρηκέναι·

206 1446 327 1473 σουριηι
342 1437 449 1475 μοῦνοι
465 1434 518 1474 μὲν
533 1432 681 1472 ἐλεύθεροι
697 1432 844 1472 ἱεροεργοὶ

207 1483 334 1525 ἀνδράσι
348 1483 422 1523 πρὸς
435 1481 595 1519 κείνοισιν,
609 1480 763 1520 ἐλεύθερον
777 1479 862 1519 ἆμαρ
873 1478 1007 1518 ἔχοντες·

206 1531 325 1562 δούλων
338 1530 363 1561 δ’
382 1529 465 1564 οὔτις
479 1528 610 1569 πάμπαν
627 1527 786 1568 ἐσέρχεται
804 1525 868 1557 οὐδ’
882 1525 1004 1563 ἠὸαιόν.

177 1602 373 1636 Macareus
394 1601 454 1635 vir
471 1600 570 1636 Cous
594 1598 719 1635 fuerit.
748 1599 804 1633 De
823 1597 988 1632 Macarei
1007 1594 1087 1631 filio
1106 1596 1174 1630 Ni-

127 1660 292 1704 candro,
315 1660 381 1707 qui
405 1659 483 1695 Con
505 1657 599 1694 olim
622 1668 825 1704 occupasse
846 1655 1000 1699 dicitur,
1022 1668 1060 1691 V.
1082 1654 1178 1689 Dio-

127 1719 242 1755 dorus
258 1720 304 1762 V,
328 1717 392 1762 81,
415 1716 450 1754 8.
472 1736 526 1744 -—
545 1716 606 1752 M.
629 1717 846 1758 Prienensis,
871 1726 933 1762 ap.
957 1712 1112 1749 Boeekh.
1132 1711 1175 1749 C.

125 1778 157 1812 Ι.
178 1778 233 1821 11,
251 1789 290 1811 n.
315 1774 431 1823 2905.
449 1786 459 1820 ;
478 1775 535 1810 M.
556 1775 722 1815 Atticus,
745 1772 795 1807 ib.
817 1773 834 1806 I
849 1800 859 1820 ,
876 1784 915 1806 ιι.
942 1770 1087 1806 186.—
1105 1769 1178 1816 Qui

128 1835 176 1870 sit
196 1834 427 1882 Phylarchus
443 1833 518 1878 ille,
537 1830 690 1867 difficile
710 1830 828 1866 dictu.
850 1828 1108 1877 phylarchum
1122 1828 1180 1863 hi·

126 1893 309 1928 storicum
340 1891 429 1927 data
455 1890 654 1926 occasione
684 1889 800 1924 hosce
830 1900 958 1924 versus
988 1888 1154 1923 attulisse
1167 1912 1177 1930 ,

129 1959 245 1999 atque
258 1951 360 1987 hunc
375 1962 398 1986 a
413 1950 493 1988 Coo
507 1950 591 1985 viro
608 1948 656 1984 de
671 1948 786 1984 rebus
799 1948 923 1984 coicis
938 1947 1099 1992 laudari,
1111 1957 1179 1994 pa-

127 2023 210 2046 rum
232 2010 434 2046 verisimile
458 2016 495 2045 et
507 2008 638 2057 paullo
658 2007 807 2055 longius
822 2007 984 2055 petitum
998 2013 1065 2043 est.
1083 2005 1182 2052 Phy-

125 2069 298 2105 larchum
318 2081 410 2104 vero
429 2075 586 2116 poetam
607 2078 687 2102 non
704 2067 889 2101 novimus.
913 2066 952 2101 Si
970 2072 1105 2100 notum
1118 2076 1181 2099 ve-

126 2129 214 2164 teris
233 2135 354 2176 poetae
380 2139 522 2162 nomen
553 2125 763 2170 desideras,
796 2124 908 2160 scribi
933 2124 1053 2172 possit
1081 2134 1089 2159 :
1121 2120 1183 2159 Διὸ

130 2183 339 2237 Κρεώφυλον
356 2185 443 2224 Χῖον
458 2181 634 2236 εἰρηκέναι
650 2197 716 2219 που
743 2182 805 2233 (in
817 2182 1019 2231 Heraclea)
1039 2195 1046 2204 ·
1065 2198 1080 2214 α
1099 2181 1182 2226 Σεῧ,

126 2241 236 2295 εῊρη,
253 2246 385 2292 μοῦνοι.
402 2265 455 2272 -
468 2241 627 2294 σουριηι]
643 2244 696 2278 sic
711 2242 796 2279 cod.
813 2243 858 2279 Α.
874 2239 1086 2284 Dindorfii3
1102 2237 1185 2276 σού-

130 2307 199 2354 ρϊη,
211 2304 262 2352 133
279 2301 424 2352 σούριοι,
440 2303 485 2340 Ρ.
502 2299 634 2352 σούριοι
646 2298 680 2337 οἳ
693 2302 776 2339 UL.
795 2301 1064 2348 Dalecampius
1081 2298 1181 2345 conj.

127 2359 301 2412 Νισύριοι.
325 2362 476 2397 Scilicet
494 2373 612 2409 quum
630 2361 808 2408 Nisyrum
824 2360 985 2395 insulam
1005 2370 1027 2393 a
1043 2357 1098 2395 Co
1125 2358 1182 2393 in-

128 2421 209 2456 sula
226 2421 427 2468 abruptam
444 2420 537 2455 olim
556 2431 634 2455 esse
657 2418 785 2454 dicant
800 2418 936 2455 Strabo
956 2417 1007 2461 X,
1026 2429 1066 2464 p.
1091 2415 1182 2464 489,

129 2478 357 2527 Apollodor.
387 2480 427 2523 I,
446 2477 469 2514 6
483 2505 493 2523 ,
526 2490 548 2513 2
563 2506 573 2524 ,
599 2476 641 2522 5,
662 2477 815 2526 poetica
834 2476 990 2512 licentia
1009 2475 1179 2521 Nisyrios

130 2548 202 2584 pro
226 2536 312 2572 Cois
331 2537 520 2571 nominari
541 2536 709 2583 potuisse
730 2534 1088 2581 Schweighauserus
1107 2543 1183 2580 pu-

131 2601 207 2638 tat,
237 2605 280 2629 ac
302 2594 502 2642 probabile
527 2605 606 2629 esse
637 2593 677 2628 in
696 2599 858 2641 utraque
884 2591 1006 2626 insula
1033 2590 1184 2625 eosdem

132 2665 257 2688 mores
275 2653 500 2698 obtinuisse3
516 2652 622 2688 addit
637 2659 725 2700 post
743 2663 878 2686 vocem
892 2646 1052 2699 Νισύριοι
1067 2649 1184 2684 inter-

131 2711 379 2759 pungendum
401 2724 498 2756 esse,
524 2712 667 2760 quippe
694 2722 777 2758 quae
803 2722 849 2745 ex
877 2707 1186 2744 antecedentibus

133 2770 373 2818 pependerit.
413 2770 667 2806 Villebrunius
701 2768 815 2805 scribi
850 2768 932 2802 vult
963 2763 1181 2817 Νισυρίοις...

132 2827 311 2878 κάνδράσι.
329 2829 523 2864 Praestaret
534 2835 634 2864 certe
649 2828 815 2864 scribere
832 2839 840 2864 :
856 2823 1007 2876 Νισυρίῃ
1023 2838 1075 2861 sc.
1093 2825 1183 2860 deae.

942 268 1168 307 MACARE!
1181 296 1191 314 ‚

1229 268 1267 306 M
1273 267 1424 306 ALACI
1433 296 1444 314 ,

1575 391 1939 450 MALACUs

1540 507 1679 546 ΩΡΟΙ
1710 507 1976 546 ΣΙΦΝΙΩΝ.

1290 604 1490 639 Athenaeus
1508 603 1580 646 VI,
1597 614 1637 650 p.
1656 601 1748 647 267,
1766 603 1798 637 A
1817 613 1825 638 :
1842 599 2010 643 Μάλακος
2029 599 2057 637 δ’
2082 601 2117 638 ἐν
2133 605 2202 646 τοῖς
2219 602 2284 641 Σι-

1236 659 1341 713 φνίων
1354 659 1476 711 εὨροις
1485 660 1626 709 ἱστορεῖ,
1639 660 1685 701 ὡς
1695 658 1758 703 τὴν
1768 656 1920 709 Ἔφεσον
1931 658 2045 696 δοῦλοι
2055 660 2123 696 τῶν
2136 660 2284 711 Σαμίων

1236 718 1382 771 ᾤκισαν,
1396 717 1503 770 χίλιοι
1517 716 1575 754 τὸν
1594 715 1738 767 ἀριθμὸν
1755 715 1866 762 ὄντες,
1881 715 1914 753 οἳ
1926 715 1986 753 καὶ
1999 716 2039 754 τὸ
2053 719 2186 768 πρῶτον
2202 719 2287 757 ἀπο-

1237 775 1377 819 στάντες
1413 776 1459 818 εἷς
1479 774 1518 812 τὸ
1539 776 1572 812 ἐν
1597 777 1639 826 τῇ
1665 773 1760 826 νήσῳ
1779 772 1876 826 ὄρος,
1896 773 1989 812 κακὰ
2010 775 2124 813 πολλὰ
2149 775 2285 815 ἐποίουν

1236 834 1314 878 τοὺς
1335 833 1504 884 Σαμίους.
1527 831 1626 870 Ἔτει
1648 833 1683 870 δὲ
1703 832 1792 886 ἕκτῳ
1813 833 1903 883 μετὰ
1929 836 2040 871 ταῦτα
2059 834 2099 872 ἐκ
2122 835 2287 885 μαντείας

1237 895 1267 932 οἱ
1289 893 1420 942 Σάμιοι
1441 891 1646 930 ἐσπείσαντο
1663 894 1733 934 τοῖς
1753 891 1900 935 οἰκέταις
1925 890 1982 930 ἐπὶ
2006 891 2208 941 συνθήκαις,
2227 893 2287 931 καὶ

1238 954 1344 1005 ἀθῷοι
1361 950 1551 996 ἐξελθόντες
1563 953 1624 997 τῆς
1637 950 1755 996 νήσου,
1770 950 2022 993 ἐκπλεύσαντες
2037 951 2207 1004 κατέσχον
2223 952 2285 999 τὴν

1237 1010 1402 1062 Ἔφεσον,
1419 1009 1479 1047 καὶ
1496 1012 1526 1047 οἱ
1548 1009 1707 1062 Ἐφέσιοι
1724 1010 1763 1047 ἐκ
1778 1008 1908 1047 τούτων
1926 1008 2096 1060 ἐγένοντο.

1290 1071 1460 1119 Respicit
1486 1070 1587 1106 hunc
1610 1071 1739 1106 locum
1769 1069 1983 1107 Eustathius
2008 1069 2056 1106 ad
2083 1071 2128 1108 ΙΙ.
2157 1071 2287 1116 XVII,

1241 1131 1304 1179 37,
1329 1144 1367 1179 p.
1389 1129 1505 1178 1093,
1530 1128 1606 1165 58:
1635 1126 1819 1174 Μνηστέον
1837 1120 1898 1165 καὶ·
1914 1130 1974 1165 τοῦ
1996 1126 2188 1176 μαλακός
2211 1126 2289 1172 ὀξυ-

1237 1188 1335 1225 τόνου
1357 1188 1571 1233 ἐπιθετικοῦ,
1593 1185 1653 1224 καὶ
1676 1189 1734 1223 τοῦ
1755 1185 1966 1228 Μάλακος
1989 1183 2290 1238 προπαροξυτόνου

1238 1246 1371 1299 κυρίου.
1392 1244 1581 1296 Ἱστορικὸς
1598 1243 1634 1282 δὲ
1654 1239 1695 1291 ἦν
1722 1246 1868 1291 ἐκεῖνος,
1889 1245 1934 1286 ὡς
1960 1245 2090 1295 ἱστορεῖ
2118 1245 2136 1280 ὁ
2152 1243 2288 1282 δειπνο-

1239 1304 1418 1359 σοφιστής.
1439 1306 1548 1342 Hunc
1569 1307 1762 1340 Malacam
1783 1305 1979 1340 Reinesius
1993 1305 2032 1339 in
2051 1302 2185 1352 Suppl.
2208 1316 2292 1340 susa

1238 1368 1387 1415 picatur
1427 1377 1505 1400 esse
1541 1365 1787 1412 Apollonium
1819 1365 2027 1399 Malacam.
2058 1365 2196 1401 Verum
2225 1377 2294 1401 cur

1239 1424 1511 1462 Alabandensis
1525 1424 1657 1459 rhetor
1674 1430 1710 1458 et
1726 1424 1891 1471 sophista
1903 1450 1914 1468 ,
1933 1423 1999 1470 qui
2014 1423 2142 1461 Rhodi
2162 1423 2293 1460 docuit

1241 1482 1300 1534 (v.
1315 1483 1452 1519 Strabo
1465 1482 1568 1526 XIV,
1584 1493 1624 1529 p.
1640 1480 1715 1517 655
1731 1488 1768 1517 et
1780 1493 1818 1529 p.
1835 1479 1930 1527 5603
1950 1482 2044 1520 Plut.
2060 1481 2180 1518 Cicer.
2194 1493 2225 1517 c.
2245 1486 2289 1527 43

1239 1542 1419 1589 Quinctil.
1442 1541 1539 1585 XII,
1562 1540 1606 1589 6,
1627 1553 1669 1586 7;
1690 1540 1769 1578 Cic.
1793 1541 1850 1576 De
1868 1547 1964 1579 orat.
1987 1541 2026 1584 Ι,
2049 1552 2108 1585 17.
2126 1540 2292 1576 Wester-

1239 1614 1366 1637 mann.
1393 1599 1524 1636 Gesck.
1556 1600 1594 1634 d.
1616 1599 1769 1636 Bereds.
1793 1597 1856 1643 81,
1878 1595 1925 1647 9)
1946 1597 2190 1646 Siphniorum
2216 1600 2291 1634 An-

1238 1661 1341 1696 nales
1356 1658 1572 1695 condendas
1582 1658 1653 1692 sibi
1667 1657 1852 1706 selegerit,
1870 1656 1973 1692 haud
1987 1668 2181 1704 assequor.
2197 1658 2293 1693 Prae-

1241 1709 1341 1756 terea
1359 1719 1533 1754 novimus
1560 1716 1838 1753 Aristodemum
1860 1716 2046 1751 Malacam
2059 1743 2069 1763 ,
2089 1715 2293 1752 Cumarum

1243 1786 1466 1825 tyrannum,
1498 1787 1611 1823 quem
1633 1775 1855 1823 simpliciter
1874 1775 2070 1810 Mazacum
2091 1773 2182 1809 dicit
2198 1774 2291 1810 Dio-

1243 1837 1358 1873 dorus
1375 1836 1445 1872 VII
1457 1862 1466 1880 ,
1489 1847 1547 1870 ιο.
1560 1835 1692 1881 Neque
1712 1830 1858 1874 Μαλαὸς
1878 1832 1940 1868 ille
1953 1832 2105 1868 AEolum
2119 1831 2207 1876 dux,
2225 1845 2294 1867 cu-

1238 1894 1300 1942 jus
1313 1894 1449 1930 Strabo
1463 1893 1635 1929 meminit
1647 1891 1778 1940 (XIII,
1792 1903 1832 1939 p.
1851 1889 1926 1927 582
1938 1890 1966 1939 ),
1984 1890 2113 1938 quoad
2127 1902 2266 1926 nomen
2280 1917 2291 1935 ‚

1243 1953 1454 2001 quidquam
1489 1963 1511 1988 a
1537 1952 1686 1986 Malaco
1728 1949 1855 1986 differt
1886 1949 1952 1999 (V.
1985 1948 2118 1998 fragm.
2147 1949 2291 1988 Chron.

1247 2025 1287 2060 Ρ.
1317 2015 1404 2057 174.
1422 2010 1435 2059 )
1457 2010 1616 2059 Siphnio
1647 2015 1771 2045 autem
1797 2007 1945 2044 homini
1962 2019 2103 2043 nomen
2123 2007 2244 2052 istud,
2265 2009 2296 2043 si

1245 2070 1376 2106 ludere
1390 2070 1524 2114 velles,
1543 2067 1978 2104 accommodatissimum
1995 2065 2122 2102 dicere
2137 2066 2291 2103 liceret:

1245 2126 1506 2174 Διαὸεὸληνται
1525 2124 1592 2177 γὰρ
1621 2126 1652 2163 οι
1673 2124 1809 2177 Σίφνιοι
1837 2126 1883 2167 ὡς
1901 2124 2073 2166 παιδικοῖς
2099 2121 2293 2175 χρώμενοι.

1246 2186 1424 2237 σιφνιοίσαι
1442 2179 1500 2223 οῧν
1529 2184 1569 2222 τὸ
1589 2183 1798 2233 σκιμαλίσαι
1821 2184 2008 2234 (Hesych.
2029 2196 2063 2219 v.
2087 2182 2290 2234 σιφνιάζειν

1246 2249 1343 2283 Rem
1368 2247 1544 2282 disertius
1571 2245 1684 2281 etiam
1715 2243 1825 2280 effert
1846 2242 2200 2291 Paroemiographus
2231 2255 2293 2291 ap.

1245 2306 1420 2342 Leutsch.
1440 2312 1478 2341 et
1496 2303 1731 2341 Schneidew.
1750 2302 1927 2350 Append.
1949 2303 2016 2346 IV,
2035 2301 2098 2348 73,
2117 2313 2158 2350 p.
2181 2299 2292 2350 452).

1247 2365 1316 2402 Cui
1342 2364 1528 2400 locutioni
1542 2362 1775 2411 proverbiali
1791 2361 1976 2408 originem
1998 2359 2143 2396 dedisse
2162 2359 2297 2398 viden-

1247 2430 1309 2458 tur
1333 2423 1475 2458 divitiae
1496 2421 1742 2470 Siphniorum
1763 2426 1800 2456 et
1819 2426 1908 2455 nata
1927 2418 2015 2454 inde
2036 2417 2205 2455 lascivia.
2239 2418 2297 2452 De

1247 2482 1374 2516 insulae
1390 2481 1586 2529 opulentia
1611 2478 1765 2526 ejusque
1779 2477 1896 2523 fonte,
1922 2477 2091 2525 metallis,
2116 2475 2204 2511 vide
2221 2476 2296 2511 He-

1246 2540 1428 2575 rodotum
1454 2540 1532 2584 111,
1564 2538 1627 2584 57,
1647 2545 1685 2574 et
1706 2537 1927 2573 Pausaniam
1949 2537 2009 2580 X,
2043 2547 2107 2582 11,
2140 2547 2178 2574 2.
2205 2534 2297 2581 Quae

1246 2599 1284 2636 h.
1307 2599 1333 2636 l.
1361 2599 1407 2634 de
1428 2598 1564 2646 Ephesi
1590 2597 1803 2646 originibus
1821 2595 2038 2639 traduntur,
2061 2594 2110 2629 ab
2135 2594 2297 2628 aliorum

1246 2659 1462 2693 narratione
1476 2663 1512 2693 et
1531 2669 1551 2692 a
1570 2668 1683 2702 vero,
1705 2655 1856 2704 opinor,
1874 2654 1986 2702 longe
2001 2651 2199 2689 recedunt.

1657 2777 1873 2792 “oo—-

142 2887 2290 2906 W

399 2958 467 2997 DE
494 2958 657 2997 REBUS
686 2957 916 2997 COORUM.

647 3042 678 3074 1.

175 3108 262 3141 Dicit
280 3109 446 3141 Macareus
455 3107 551 3139 tertio
573 3107 656 3139 libro
669 3109 852 3140 coaeorum
871 3119 879 3139 ι
895 3120 911 3135 «ι
937 3108 1045 3144 Quum
1065 3103 1187 3138 Junoni

135 3169 226 3193 sacra
250 3160 372 3192 faciunt
400 3158 476 3200 Coi,
505 3167 571 3190 non
594 3159 768 3199 ingreditur
784 3159 941 3199 tempium
967 3166 1079 3191 servus
1090 3181 1100 3197 ,
1128 3165 1188 3189 nec

137 3213 243 3252 gustat
258 3210 437 3252 quidquam
451 3219 564 3242 eorum
578 3219 651 3251 quae
664 3211 817 3250 apparata
828 3212 915 3242 sunt.
931 3223 947 3238 »

179 3265 239 3298 Coi
267 3264 464 3296 contrarium
496 3264 637 3303 faciunt,
672 3264 708 3295 ut
739 3264 848 3295 narrat
873 3265 1036 3295 Macareus
1046 3285 1055 3302 ,
1092 3260 1188 3294 tertio

137 3318 220 3350 libro
233 3320 352 3350 Rerum
363 3318 550 3349 Coacarum.
563 3319 643 3349 Nam
655 3339 664 3355 ‚
680 3315 808 3356 quando
821 3318 839 3348 J
843 3316 940 3347 unoni
953 3324 1042 3347 sacra
1054 3315 1188 3353 faciunt,

137 3370 238 3402 servis
252 3378 317 3401 non
332 3369 409 3401 iicet
431 3368 472 3400 ad
489 3368 600 3410 epulas
614 3367 766 3400 accedere
783 3380 790 3398 :
808 3376 909 3406 quare
936 3367 1033 3400 etiam
1061 3366 1187 3407 Phylar—

139 3422 235 3453 chum
246 3445 255 3462 ,
269 3422 336 3462 ait,
351 3420 469 3452 dixisse
485 3430 492 3451 z

212 3493 324 3522 Junoni
338 3492 393 3522 soii
406 3491 527 3529 quidem
541 3491 625 3521 liberi
637 3490 727 3520 sacris
737 3492 899 3526 operantur

1319 2929 1398 2967 apud
1411 2930 1476 2959 ilios
1488 2929 1642 2958 homines:
1657 2928 1727 2962 soli,
1744 2928 1876 2963 inquam,
1892 2924 1976 2955 tiberi
1991 2935 1999 2952 ε

1317 2983 1471 3005 servorum
1482 2982 1553 3004 vero
1567 2974 1667 3003 nuilus
1679 2973 1857 3010 ingreditur,
1872 2979 1910 3000 ne
1921 2971 2078 3000 minimum
2092 2969 2223 3003 cuidem.

1472 3066 1539 3104 AN
1546 3066 1579 3104 N
1584 3064 1710 3104 ALES
1728 3062 2069 3103 SIPHNIORUM.

1289 3168 1429 3200 Malacus
1444 3166 1477 3197 in
1490 3164 1696 3205 Siphniorum
1714 3163 1886 3195 Annalibus
1898 3162 2028 3201 narrat,
2049 3160 2212 3193 conditam
2227 3168 2296 3192 esse

1250 3222 1410 3262 Ephesum
1425 3228 1444 3251 a
1466 3219 1566 3252 servis
1581 3217 1714 3257 Samiis,
1740 3217 1827 3248 mille
1843 3224 1977 3248 numero
1999 3227 2006 3246 ε
2034 3214 2108 3255 qui,
2125 3215 2296 3254 postquam

1251 3274 1389 3315 primum
1418 3272 1450 3303 in
1466 3271 1609 3302 montem
1625 3268 1842 3307 secessissent,
1857 3267 1912 3308 qui
1930 3267 1962 3298 in
1987 3266 2090 3298 insuia
2105 3266 2171 3305 est,
2186 3265 2297 3296 multis

1251 3325 1343 3356 maiis
1371 3322 1495 3356 Samios
1520 3321 1703 3353 affecerant.
1733 3320 1831 3352 Sexto
1859 3327 1934 3350 vero
1960 3318 2031 3358 post
2058 3325 2142 3349 anno
2172 3315 2295 3348 oraculi

1251 3377 1375 3408 monitu
1390 3374 1487 3407 Samii
1504 3381 1614 3414 pacem
1635 3371 1729 3403 certis
1746 3371 1867 3411 legibus
1886 3379 1960 3401 curn
1986 3370 2030 3401 eis
2047 3368 2296 3408 composuerunt
2311 3377 2315 3383 ·

1251 3430 1283 3460 et
1297 3427 1342 3459 ilii
1355 3425 1445 3458 iiioesi
1459 3425 1561 3456 insula
1571 3424 1736 3462 abeuntes,
1754 3422 1913 3462 Ephesum
1929 3421 2062 3452 navibus
2077 3419 2266 3460 appulerunt
2285 3430 2293 3449 :

1253 3490 1293 3513 ex
1310 3481 1418 3520 eisque
1429 3479 1537 3510 ortum
1553 3485 1663 3517 cepere
1679 3474 1817 3516 Ephesii.
