2372 3704
142 303 215 337 378

804 298 1106 338 DEMAGORAE
1134 299 1300 350 SAMlI,
1330 299 1618 347 DEMARATL

135 387 218 423 rab.
245 386 318 433 63,
355 387 462 424 alios.
486 388 534 424 At
548 386 627 435 jam
647 388 795 424 dixerat
821 397 956 425 auctor
974 402 982 425 ε
1002 388 1034 427 οἱ
1052 387 1114 439 μὲν
1145 389 1184 426 ἐκ
1246 387 1267 426 δ’
1289 403 1326 426 τε
1342 387 1463 440 χρόνος
1481 388 1618 436 καὶτῆς
1634 388 1795 432 ἀποικίας
1814 387 1956 439 ἡγεμὼν
1977 390 1995 428 ὁ
2015 388 2130 434 αὐτός.
2148 391 2290 430 Eadem

136 443 315 487 Σικελίας.
343 447 516 483 Fortasse
538 447 722 494 scriptum
749 448 840 483 olim
866 447 938 483 fuit
967 459 978 485 .·

136 503 166 540 δ’
186 501 341 549 Ἑκάτης
356 503 418 555 [ἐκ
427 503 531 550 νήσου
543 501 572 557 ].
591 506 680 542 Haec
690 506 790 542 enim
802 506 981 542 caderent
997 507 1036 542 in
1051 513 1181 542 aucto-

134 575 217 599 rem
232 564 492 602 Deliacorum.
508 565 566 600 De
581 562 755 616 νησυδρίῳ
773 566 845 601 isto
861 571 947 601 ante
957 566 1094 601 Delum
1109 566 1182 600 sito

134 623 234 658 libro
255 623 381 671 primo
410 623 578 659 Deliadis
602 622 612 673 (
625 623 672 663 fr.
701 623 745 675 2)
765 623 860 659 dixit
887 623 1020 659 Semus
1048 622 1185 673 (quem

135 683 227 718 olim
243 682 367 718 Suidae
380 683 583 719 immemor
599 683 713 718 etiam
728 695 767 718 n.
791 683 818 721 l.
835 682 1097 730 reponendum
1112 694 1182 731 pu-

135 741 261 777 tabam
275 769 286 791 ,
305 741 416 778 fuisse
429 748 533 778 ratus
551 741 649 790 Σημ.
673 738 704 777 α’
728 741 819 787 Δηλ.
833 753 905 790 pro
925 739 1128 789 Δημάδης).

267 991 723 1050 DEMAGORAS
762 990 1049 1049 SAMIUS.

197 1127 448 1174 Demagoras,
495 1125 681 1173 Dionysio
720 1125 1041 1161 Halicarnassensi
1082 1126 1183 1161 anti-

136 1184 264 1231 quior,
285 1185 351 1231 qui
365 1184 510 1220 Samius
528 1183 670 1219 dicitur
692 1183 829 1232 fragm.
855 1183 876 1219 3
889 1213 899 1229 ‚
922 1185 1061 1220 Troica
1074 1185 1182 1220 vide-

133 1250 197 1278 tur
215 1243 420 1290 scripsisse.
449 1242 640 1280 Confundi
660 1255 801 1278 nomen
817 1243 929 1279 facile
956 1244 1083 1291 potuit
1098 1256 1183 1279 cum

137 1303 337 1350 Timagora
347 1329 358 1347 ,
380 1314 494 1350 quem
509 1309 706 1338 auctorem
718 1302 996 1338 Thebaicorum
1011 1303 1185 1338 novimus

132 1373 178 1397 ex
190 1361 309 1400 schol.
327 1361 376 1397 ad
393 1361 525 1409 Eurip.
549 1361 682 1399 Phoen.
708 1360 782 1409 159
802 1368 839 1397 et
855 1361 942 1407 670.

646 1474 680 1496 1.

186 1550 312 1590 Schol.
330 1553 419 1589 Eur.
442 1551 572 1589 Phoen.
596 1563 616 1597 7
642 1563 650 1587 :
670 1548 884 1601 Δημαγόρας
905 1549 941 1587 δὲ
957 1548 1028 1587 ἀπὸ
1045 1548 1182 1596 Λιὸύης

134 1609 303 1647 ἐλθοῦσαν
334 1607 398 1655 τὴν
434 1606 630 1659 Ἠλέκτραν
663 1609 804 1655 οἰκῆσαι
832 1606 895 1655 τὴν
928 1607 1181 1660 Σαμοθρᾴκην.

133 1664 245 1706 ’Ένθα
266 1666 501 1718 συγγενομένη
528 1666 586 1705 Διὶ
621 1666 736 1704 ἔτεκεν
767 1666 956 1717 Ἡμιθέαν,
990 1666 1184 1719 Δάρδανον,

136 1726 323 1778 Ἁρμονίαν
338 1742 346 1750 ·
363 1725 420 1764 τὸν
442 1725 478 1764 δὲ
509 1726 656 1776 Κάδμον
675 1726 925 1779 παραπλέοντα
944 1724 1034 1776 μετὰ
1062 1725 1184 1766 Θάσου

133 1785 192 1824 ἐπὶ
226 1785 369 1832 ζήτησιν
388 1787 448 1831 τῆς
467 1785 618 1838 ἀδελφῆς
638 1785 818 1835 μυηθῆναί
837 1801 875 1823 τε
899 1784 960 1823 καὶ
991 1783 1183 1835 μυούμενον

134 1845 218 1883 ἰδεῖν
242 1843 306 1892 τὴν
333 1842 533 1896 Ἁρμονίαν,
555 1842 700 1896 προνοίᾳ
719 1843 755 1882 δὲ
776 1844 917 1892 Ἀθηνᾶς
937 1843 1096 1897 ἁρπάσαι
1116 1844 1183 1881 αὐ-ὲ

133 1903 208 1951 τήν.
1131 1906 1135 1911 ”

187 1981 203 1996 «
229 1965 303 2000 Pro
329 1960 503 2012 Ἡμιθέαν
523 1975 610 1999 cum
639 1962 817 2001 Valcken.
844 1963 918 2012 leg.
950 1959 1136 2000 Ἠετίωνα.
1171 1978 1187 1994 n

133 2022 330 2061 Matthiae.
350 2022 506 2060 Scilicet
525 2022 660 2058 Eetion
678 2034 750 2070 pro
769 2021 971 2058 Hemithea
989 2021 1128 2070 legitur
1147 2021 1185 2056 in

132 2082 251 2118 schol.
289 2080 340 2117 ad
376 2093 413 2117 v,
457 2093 579 2130 11293
610 2080 678 2116 ubi
714 2079 926 2116 notandum
954 2079 1060 2127 quod
1093 2079 1182 2115 cod.

134 2142 231 2189 Aug.
250 2139 368 2176 habet
384 2135 559 2176 Ἠετίωνα
573 2168 584 2187 ,
601 2136 637 2175 ὃν
657 2137 718 2175 καὶ
737 2136 915 2176 Ἥσιωνὰν
933 2135 1023 2189 (sic)
1042 2135 1184 2187 ὠνόμα-

133 2213 212 2236 σαν.
233 2200 290 2235 De
307 2199 458 2234 Electra
483 2198 629 2246 Libyca
645 2197 692 2235 cf.
712 2197 908 2234 Diodorus
929 2199 1006 2243 III,
1030 2197 1103 2243 60,
1138 2201 1182 2243 [ις

134 2257 181 2302 V,
200 2257 266 2306 48,
281 2270 314 2301 2,
341 2258 409 2293 ubi
426 2257 506 2305 ejus
522 2270 542 2294 e
559 2259 653 2294 Jove
670 2258 812 2293 liberos
828 2264 999 2294 recenset
1016 2258 1183 2292 Harmo-

133 2317 250 2362 niam,
275 2316 501 2352 Dardanum
521 2323 558 2352 et
573 2314 736 2353 Ἰασίωνα
758 2315 853 2366 (hoc
866 2316 990 2351 voluit
1015 2315 1131 2351 schol.
1146 2315 1185 2350 in

135 2376 223 2413 cod.
242 2378 340 2424 Aug.
355 2374 382 2424 ).
402 2377 459 2412 De
475 2388 517 2411 re
534 2375 581 2411 cf.
599 2376 749 2413 Miiller.
767 2377 867 2413 Min.
890 2388 932 2423 p.
955 2374 1046 2422 461,
1063 2375 1185 2409 nostri

135 2434 211 2471 loci
230 2447 309 2470 non
330 2435 536 2479 immemor,
555 2435 627 2469 nisi
651 2434 757 2482 quod
775 2447 849 2482 pro
866 2435 1082 2482 Demagora
1104 2433 1185 2468 lau-

135 2493 200 2528 dat
217 2495 432 2540 Tlmagoroe
445 2493 635 2529 Thebaica
648 2492 775 2539 (cujus
801 2493 922 2529 schol.
940 2494 1031 2530 Eur.
1049 2491 1180 2529 Phoen.

140 2550 213 2600 159
227 2553 418 2597 meminit,
436 2559 474 2588 et
492 2552 622 2599 Steph.
643 2552 763 2600 Byz.).
776 2552 832 2589 Ac
851 2552 978 2587 nescio
993 2563 1041 2586 an
1053 2562 1185 2587 revera

134 2612 367 2661 Demagoras
383 2617 421 2647 et
439 2611 658 2660 Timagoras
678 2622 774 2646 unus
791 2610 930 2646 fuerint
950 2601 1139 2657 id'emque.

641 2710 678 2734 2.

190 2779 393 2828 Dionysius
411 2781 498 2819 Hal.
521 2782 568 2819 A.
588 2772 638 2818 R.
658 2781 696 2825 Ι,
720 2792 789 2827 72,
811 2792 851 2828 p.
877 2779 948 2815 180
966 2781 1014 2818 R.
1035 2780 1181 2828 Cepha-

137 2840 217 2874 lion
238 2838 303 2891 (fr.
328 2839 370 2887 8)
390 2841 555 2875 Romam
575 2839 771 2875 conditam
805 2837 899 2875 dicit
919 2836 1062 2887 δευτέρᾳ
1083 2841 1185 2887 γενεᾷ

139 2895 228 2946 μετὰ
246 2896 304 2934 τὸν
325 2896 478 2935 Ἰλιακὸν
498 2896 651 2947 πόλεμον
672 2910 695 2934 a
710 2900 836 2934 Romo
859 2898 982 2934 AEneae
1011 2895 1104 2933 filio.
1122 2894 1185 2932 Εἴ-

141 2970 243 3007 ρηται
270 2954 306 2992 δὲ
323 2954 520 3009 Δημαγόρᾳ
541 2956 602 2993 καὶ
619 2955 821 3008 Ἀγαθύλλῳ
839 2954 900 2993 καὶ
918 2953 1033 2998 ἄλλοις
1049 2953 1186 3005 συχνοῖς

181 3126 375 3164 Demagoras
392 3134 410 3156 e
437 3125 537 3166 Libya
559 3126 718 3158 Electram
740 3126 773 3158 in
790 3125 1046 3159 Samothraciam
1066 3124 1191 3157 venisse

139 3175 249 3217 ibique
263 3175 370 3209 sedem
386 3177 491 3209 fixisse
503 3177 560 3218 ait,
575 3179 694 3210 etcum
709 3179 791 3210 Jove
808 3186 1010 3218 congressam
1032 3177 1190 3218 peperisse

141 3227 343 3260 Hemitheam
358 3228 599 3270 (Eetionem?),
614 3229 798 3262 Dardanum
813 3231 845 3262 et
868 3230 1089 3262 Harmoniam.
1109 3228 1189 3261 Cad-

140 3288 232 3312 mum
260 3289 337 3313 vero
362 3290 436 3313 cum
466 3282 570 3315 Thaso
601 3291 744 3315 sororem
769 3285 988 3324 quaerentem,
1021 3291 1124 3324 quum
1158 3282 1191 3314 in

143 3332 397 3365 Samothraciam
413 3334 607 3374 appulisset,
626 3334 786 3379 initiatum
803 3344 871 3367 esse
886 3337 919 3367 et
937 3335 1020 3367 inter
1040 3335 1190 3367 initiatio-

142 3392 217 3416 nem
249 3384 450 3426 conspexisse
478 3386 685 3418 Harmoniam
714 3395 850 3428 eamque
876 3387 1030 3420 Minervae
1057 3386 1191 3419 consilio

145 3446 298 3478 rapuisse.

1015 445 1184 497 Δημάδης
1246 449 1380 485 Euseb.
1402 449 1543 488 Chron.
1559 462 1600 498 p.
1623 448 1692 494 453
1710 450 1872 498 Syncell.
1889 461 1930 498 p.
1952 462 2041 498 192,
2060 450 2101 487 Β.
2166 503 2170 506 .

1751 543 1784 581 3.

1300 622 1432 659 suidas
1467 635 1476 658 :
1510 621 1723 666 Ἀλκυονίδες
1751 622 1894 674 ἡμέραι·
1925 623 1961 660 αἱ
1991 622 2167 661 εὐδιειναί.
2201 623 2290 676 Περὶ

1246 683 1308 717 τοῦ
1340 681 1490 732 ἀριθμοῦ
1520 679 1755 732 διαφέρονται.
1780 680 1977 731 Σιμωνίδης
1995 680 2118 733 γὰρέν
2150 682 2290 721 Πεντά-

1247 739 1336 782 θλοις
1357 738 1401 775 ια’
1419 738 1466 789 [l.
1486 738 1553 790 ιδ’]
1575 739 1678 792 φησὶν
1706 738 1813 782 αὐτὰς
1833 737 1894 776 καὶ
1911 738 2150 791 Ἀριστοτέλης
2167 742 2202 779 ἐν
2221 746 2292 784 τοῖς
2362 779 2372 790 ,

1249 795 1454 868 Περὶ’ζῴων
1468 812 1476 820 ·
1500 796 1712 848 Δημαγόρας
1732 796 1768 836 δὲ
1788 800 1806 835 ὁ
1826 796 1963 847 Σάμιος
1991 797 2034 848 ζ’,
2052 797 2112 836 καὶ
2131 797 2292 851 Φιλόχο-

1249 856 1444 951 ροςΕθειιίεω
1463 915 1633 955 Eustath.
1662 903 1712 951 ad
1736 916 1782 955 ΙΙ.
1808 916 1886 962 ΙΧ,
1906 914 1998 962 558,
2018 929 2058 965 p.
2081 917 2178 964 7763
2199 918 2290 955 Lex.

1245 973 1396 1022 Seguer.
1408 973 1575 1012 inBekk.
1585 976 1658 1012 An.
1676 987 1716 1022 p.
1736 973 1808 1020 377
1821 988 1831 1020 ;
1845 975 1978 1012 Arsen.
1988 987 2028 1023 p.
2043 976 2290 1023 403Apostol.

1246 1032 1296 1078 ΙΙ,
1319 1044 1363 1068 21
1378 1046 1388 1078 ;
1405 1032 1606 1081 Eudoc.p.
1625 1032 1932 1079 353Bachmann.
1952 1033 2095 1070 Anecd.
2113 1035 2146 1078 1,
2165 1046 2207 1082 p.
2222 1033 2287 1072 68.

1240 1102 1297 1118 ·-
1312 1088 1382 1141 ια’]
1413 1088 1439 1127 ε’
1458 1091 1644 1137 Eustath.;
1661 1091 1725 1128 sed
1740 1092 1898 1128 Aristot.
1919 1091 2018 1130 Hist.
2035 1093 2108 1128 An.
2129 1094 2174 1137 V,
2193 1091 2231 1137 8,
2251 1105 2294 1138 2,

1247 1162 1294 1186 ex
1310 1149 1506 1186 Simonide
1530 1150 1644 1186 refert
1674 1162 1750 1186 esse
1777 1147 1833 1188 ιδ’.
1855 1148 1914 1187 Cf.
1949 1150 2066 1188 schol.
2095 1151 2290 1199 Aristoph.

1245 1211 1317 1247 Av.
1340 1207 1438 1254 2513
1471 1209 1590 1245 schol.
1611 1209 1740 1258 Apoll.
1761 1209 1836 1247 Rh.
1861 1209 1897 1254 Ι,
1925 1207 2045 1254 10863
2068 1208 2180 1247 Ovid.
2201 1210 2292 1247 Met.

1243 1268 1323 1313 XI,
1343 1266 1432 1313 745.

1662 1408 1876 1423 ⁴000*—

1535 1519 2006 1579 DEMARATUS.

1299 1661 1448 1698 Vossius
1471 1674 1508 1710 p.
1539 1661 1614 1704 426
1641 1673 1650 1699 ε
1677 1677 1691 1710 ς(
1716 1662 1940 1697 Plutarchus
1957 1662 1997 1697 in
2024 1663 2163 1710 Agesil.
2190 1675 2225 1701 c.
2250 1663 2294 1700 16

1245 1722 1387 1770 scripta
1401 1728 1593 1757 memorat
1624 1722 1820 1758 Demarati
1849 1721 2045 1759 Corinthii.
2079 1722 2154 1758 Sed
2181 1721 2295 1769 hujus

1246 1777 1433 1818 Corinthii
1447 1792 1495 1816 an
1515 1787 1638 1816 cetera
1652 1791 1807 1827 quoque
1822 1779 1916 1824 sint,
1934 1779 1995 1816 vel
2015 1792 2098 1828 quae
2113 1779 2191 1827 ejus
2205 1781 2293 1826 sint,

1247 1853 1330 1888 quae
1362 1839 1540 1884 alterius,
1573 1838 1677 1874 haud
1696 1839 1866 1887 proclive
1895 1845 1950 1874 est
1971 1838 2110 1876 dicere.
2136 1855 2152 1871 »
2172 1840 2296 1877 Verba

1247 1897 1440 1935 Plutarchi
1459 1898 1485 1935 l.
1505 1898 1531 1935 l.
1550 1897 1631 1933 haec
1649 1904 1736 1932 sunt
1756 1909 1764 1932 τ
1788 1897 1840 1934 Οὔ
1855 1893 1922 1948 γὰρ
1943 1894 2051 1947 ἔγωγε
2070 1894 2294 1948 συμφέρομαι

1247 1957 1296 2007 τῷ
1315 1954 1488 2008 Κορινθίῳ
1508 1953 1714 2006 Δημαράτῳ
1731 1952 1887 2004 μεγάλης
1902 1953 2028 1999 ἡδονῆς
2048 1953 2296 2007 ἀπολελεῖφθαι

1248 2010 1398 2066 φῆσαντι
1425 2011 1502 2057 τοὺς
1529 2011 1578 2063 μὴ
1609 2010 1846 2062 θεασαμένους
1871 2010 2052 2059 Ἕλληνας
2075 2010 2295 2065 Ἀλέξανδρον

1248 2073 1282 2109 ἐν
1312 2073 1362 2123 τῷ
1393 2071 1541 2124 Δαρείου
1574 2070 1684 2125 θρόνῳ
1713 2070 1925 2121 καθήμενον.
1947 2073 2046 2108 Hinc
2076 2073 2156 2108 sine
2184 2084 2295 2109 causa

1246 2133 1430 2182 scriptum
1453 2133 1612 2181 aliquod
1625 2133 1818 2168 Demarati
1832 2132 1982 2168 Vossius
2001 2131 2141 2168 elicuit.
2159 2133 2296 2168 Dema-

1246 2198 1352 2227 ratus
1369 2192 1427 2227 ille
1442 2191 1584 2227 amicus
1599 2197 1682 2226 erat
1702 2190 1867 2239 Philippi
1889 2196 1927 2226 et
1940 2202 2066 2226 comes
2081 2181 2296 2227 Alexandri.
2328 2189 2334 2198 ‘

1246 2251 1438 2288 Plutarch.
1458 2252 1516 2287 De
1535 2250 1622 2286 ffirt.
1643 2250 1747 2285 Alex.
1767 2255 1864 2287 orat.
1889 2250 1907 2284 I
1922 2275 1932 2293 ,
1953 2260 1984 2284 c.
2008 2261 2027 2295 7
2052 2246 2117 2297 (p.
2136 2252 2210 2292 404
2231 2248 2293 2286 ed.

1246 2309 1366 2344 Didot
1385 2308 1395 2357 )
1419 2319 1428 2346 :
1450 2306 1663 2358 Δημάρατος
1687 2304 1750 2355 μὲν
1773 2300 1830 2343 οὖν
1855 2306 1873 2342 ὁ
1895 2303 2075 2356 Κορίνθιος
2095 2297 2142 2348 εἷς
2157 2302 2205 2341 ὢν
2227 2306 2294 2342 τῶν

1253 2365 1439 2404 Φιλίππου
1461 2364 1562 2410 ξένων
1592 2363 1794 2416 καὶφίλων,
1824 2362 1882 2401 ὅτε
1907 2361 2130 2415 Ἀλέξανδρον
2155 2356 2244 2400 εἶδεν
2261 2364 2296 2400 ἐν

1252 2425 1399 2468 Σούσοις
1412 2455 1422 2473 ,
1442 2423 1637 2477 περιχαρὴς
1652 2422 1832 2474 γενόμενος
1851 2421 1910 2461 καὶ
1925 2421 2120 2474 δακρύσας,
2137 2421 2294 2473 μεγάλης

1248 2482 1313 2536 ἔφη
1326 2489 1440 2535 χαρᾶς
1458 2484 1664 2534 ἐστερῆσθαι
1683 2480 1760 2526 τοὺς
1774 2481 1968 2534 ἔμπροσθεν
1981 2479 2189 2528 τεθνηκότας
2203 2478 2292 2520 εΈλ-

1246 2543 1375 2591 ληνας,
1399 2539 1451 2579 ὅτι
1472 2540 1693 2592 Ἀλέξανδρον
1715 2541 1776 2578 οὐκ
1798 2533 1887 2578 εἶδον
1909 2540 1944 2578 ἕν
1964 2541 2013 2592 τῷ
2024 2537 2173 2592 Δαρείου
2183 2537 2294 2591 θρόνῳ

1246 2599 1454 2649 καθήμενον.
1471 2602 1556 2638 Alia
1570 2599 1740 2648 ejusdem
1754 2600 1915 2636 dicteria
1929 2599 2016 2636 vide
2030 2612 2089 2648 ap.
2102 2597 2292 2635 Plutarch.

1245 2663 1303 2698 De
1321 2661 1464 2696 adulat.
1485 2668 1523 2697 et
1541 2673 1613 2699 am.
1645 2673 1680 2698 e.
1703 2659 1751 2695 30
1783 2658 1845 2708 (p.
1869 2658 1918 2702 84
1939 2658 2030 2698 Did.
2049 2659 2059 2708 )
2085 2665 2120 2695 et
2136 2658 2176 2693 in
2194 2658 2296 2707 Apo-

1245 2719 1440 2768 phthcgm.
1463 2720 1629 2768 Philippi
1645 2718 1693 2754 30
1713 2718 1775 2767 (p.
1799 2730 1871 2766 179
1885 2744 1896 2763 ,
1913 2717 1962 2762 C,
1976 2731 2017 2768 p.
2040 2716 2114 2754 213
2133 2715 2293 2764 Didot).

1246 2778 1302 2815 Cf.
1322 2779 1398 2815 Vit.
1423 2778 1526 2813 Alex.
1545 2790 1577 2814 c.
1599 2790 1638 2825 9,
1659 2775 1720 2822 37,
1736 2775 1800 2813 56.
1822 2797 1875 2802 —
1889 2775 2093 2822 cujusnam
2106 2774 2297 2811 Demarati

1246 2837 1320 2871 sint
1333 2848 1460 2871 versus
1476 2835 1543 2883 qui
1558 2836 1737 2883 leguntur
1751 2835 1790 2869 in
1800 2834 2001 2882 Antholog.
2017 2834 2084 2871 lib.
2098 2834 2135 2877 I,
2150 2832 2293 2867 nescio.

1246 2894 1428 2942 Reliquos
1445 2895 1669 2947 Demaratos
1690 2905 1768 2928 non
1787 2904 1984 2928 enumero,

1291 3123 1484 3162 Demagoras
1504 3120 1537 3153 et
1555 3119 1742 3160 Agathyllus
1755 3119 1787 3151 et
1803 3117 1856 3150 alii
1875 3117 2005 3159 plurimi
2021 3116 2061 3148 de
2073 3117 2219 3156 tempore
2230 3123 2296 3156 quo

1249 3177 1350 3208 Roma
1360 3174 1488 3207 condita
1503 3173 1544 3206 sit
1559 3174 1592 3206 et
1606 3173 1646 3205 de
1662 3172 1746 3205 duce
1759 3172 1892 3204 coloniae
1909 3178 1983 3202 cum
2009 3168 2204 3210 Cephalione
2220 3176 2296 3200 con-

1249 3227 1400 3260 sentiunt.

1753 3279 1788 3311 3.

1291 3337 1446 3378 Alcyonii
1463 3335 1552 3371 dies,
1568 3334 1681 3367 sereni.
1701 3335 1748 3366 De
1762 3340 1897 3365 numero
1908 3339 2019 3364 eorum
2033 3331 2202 3371 scriptores
2214 3330 2296 3362 inter

1250 3397 1284 3421 se
1297 3388 1496 3421 dissentiunt.
1524 3385 1702 3419 Simonides
1718 3385 1804 3417 enim
1823 3384 1856 3416 in
1871 3383 2181 3424 Quinqnertionibus
2198 3384 2293 3422 quat-

1250 3439 1427 3472 tuordecim
1437 3447 1504 3472 esse
1514 3438 1601 3477 dicit,
1612 3438 1690 3470 utet
1700 3436 1883 3470 Aristoteles
1892 3435 1923 3467 in
1935 3435 2073 3467 Historia
2083 3433 2293 3472 Animalium;

1253 3495 1444 3532 Demagoras
1460 3499 1536 3523 vero
1558 3490 1681 3523 Samius
1695 3490 1814 3530 septem
1829 3511 1837 3527 ,
1861 3487 2070 3520 Philochorus
2091 3494 2218 3517 novem.
