2326 3724
117 160 164 193 46
940 159 1150 198 EUNAPlI
1189 161 1432 200 SARDllAN

115 250 386 278 commutatam
422 242 534 280 fuisse
562 244 809 281 Abundantio
842 247 941 282 exilii
968 248 1110 286 sedem.
1141 264 1156 280 ι»

114 299 208 338 Mn.

604 391 667 437 73.

166 482 264 519 Ibid.
283 495 324 531 p.
349 483 533 520 283-285
557 496 566 522 :
589 481 766 521 Ἀπίθανον
788 483 849 534 μὲν
869 483 936 535 γὰρ
956 484 995 522 τὸ
1021 485 1156 537 γραφό-

115 554 237 589 μενον·
261 539 352 586 πλὴν
372 540 404 578 εἴ
426 556 476 584 τις
501 540 613 594 ἕτερος
633 541 725 579 αὐτὰ
752 542 894 593 γράφειν
921 542 1037 586 ἱκανός
1065 545 1156 591 ἐστι,

116 596 280 647 θαυμάζω
301 598 404 636 αὐτὸν
425 598 533 650 ἔγωγε
548 630 558 650 ‚
579 599 638 638 καὶ
659 601 810 652 ἀνδρεῖος
835 601 1076 654 ἀποφαινέσθω
1098 617 1157 651 μοι

114 657 175 701 τῆς
191 655 408 700 ἀνεξικακίας
423 657 538 709 χάριν.
557 657 650 696 Ἀλλ’
667 658 757 701 εἰκὸς
773 658 835 708 μὲν
858 658 936 702 τοὺς
951 658 995 697 τὰ
1012 658 1157 711 ἀκριὸέ-

114 728 219 766 στερα
236 714 434 767 γράψαντας
450 715 540 753 κατὰ
566 715 709 768 χρόνους
724 716 784 754 καὶ
800 716 891 754 κατὰ
910 717 1036 769 ἄνδρας
1049 733 1154 768 προσ·

113 773 337 823 ποιουμένους
357 775 519 827 ἀσφαλῶς
538 790 571 812 τι
595 774 719 826 λέγειν,
740 774 773 818 ἔς
799 790 835 812 τε
858 774 960 827 χάριν
989 774 1050 813 καὶ
1071 775 1155 813 ἀπέ-

114 834 261 882 {Oetotv‘
248 830 323 881 άμα
335 831 450 899 φέρειν
461 832 523 879 τὴν
538 833 751 897 συγγραφήν·
762 835 811 871 τῶ
824 834 858 871 δὲ
869 838 980 872 ταῦτα
992 833 1158 900 γράφοντι

114 885 152 920 οὐ
178 899 263 935 προς
282 889 393 922 ταῦτα
419 884 536 938 ἔφερεν
572 890 594 932 ἡ
621 885 713 935 ὁδὸς,
745 873 896 930 ἀλλ’ὡς
920 886 973 924 ὅτι
1004 887 1156 936 μάλιστα

114 942 299 993 ἀνατρέχοι
327 942 388 980 καὶ
416 944 610 996 στηρίζοιτο
637 944 723 997 πρὸς
754 944 934 990 ἀληθειαν.
966 945 1068 984 Ἐπει
1096 961 1158 983 και

113 998 204 1037 κατὰ
222 999 344 1038 τούσδε
365 1000 441 1045 τοὺς
459 1002 603 1054 χρόνους
619 1001 744 1048 ἤκουον
762 1001 822 1040 καὶ
839 1003 1157 1053 συνεπυνθανόμην,

113 1059 158 1101 ὡς
177 1060 195 1095 ὁ
212 1059 307 1096 δεῖνα
323 1059 383 1097 καὶ
402 1062 420 1098 ὃ
440 1061 533 1098 δεῖνα
550 1061 741 1113 γράφουσιν
761 1060 936 1113 ἱστορίαν·
961 1061 1018 1105 οὒς
1036 1060 1104 1112 ἐγὼ
1119 1063 1158 1100 οὔ

113 1131 147 1153 τι
165 1116 354 1166 νεμεσητὸν
369 1118 481 1169 λέγω,
498 1118 589 1156 ἀλλὰ
615 1117 809 1168 ἐπίσταμαί
829 1134 868 1170 γε
892 1121 1010 1172 σαφῶς
1032 1119 1159 1171 ἄνδρας

114 1174 312 1227 ἀγερώχους
340 1192 377 1214 τε
406 1176 466 1214 καὶ
501 1179 692 1230 σκιρτῶνας
721 1177 781 1215 καὶ
810 1177 973 1225 ἀληθείας
998 1182 1159 1217 τοσοῦτον

113 1234 369 1286 ἀφεστηκότας,
399 1233 479 1273 ὅσον
511 1236 603 1280 ἐντὸς
635 1230 723 1274 εἶναι
750 1237 963 1288 ἀναγωγίας.
997 1238 1070 1277 Καὶ
1097 1241 1159 1277 οὐκ

112 1291 251 1335 ἐκείνοις
270 1292 476 1345 μέμφομαι,
493 1297 554 1341 τῆς
572 1294 608 1332 δὲ
629 1294 846 1346 ἀνθρωπίνης
865 1295 1010 1347 κρίσεως
1024 1295 1062 1334 τὸ
1082 1297 1159 1335 λίαν

115 1349 260 1402 ἀκρατὲς
278 1351 338 1388 καὶ
358 1353 537 1404 ὀλισθηρὸν
555 1354 852 1406 καταμέμφομαι,
877 1352 930 1392 ὅτι
958 1354 1158 1406 θελγόμενοι

113 1408 173 1446 καὶ
204 1411 539 1460 καταγοητευόμενοι
558 1411 597 1450 τὸ
625 1415 702 1450 καθ’
734 1412 892 1460 ἕκαστον,
924 1413 966 1451 ἂν
992 1413 1159 1463 ὀνόματος

115 1470 250 1519 μνησθῇ
268 1483 317 1511 τις
333 1473 494 1520 περιττοῦ
514 1469 573 1507 καὶ
593 1476 662 1514 τοῖς
677 1471 818 1514 πολλοῖς
836 1471 1030 1524 γνωρίμου,
1048 1472 1107 1510 καί
1126 1489 1158 1510 τι

113 1527 180 1561 τῶν
202 1525 283 1576 περὶ
303 1525 364 1572 τὴν
383 1525 490 1572 αὐλὴν
511 1526 572 1573 τὴν
596 1527 778 1580 βασιλικὴν
805 1529 1049 1582 ἀκριὸέστερον
1075 1532 1154 1568 ὑπο-

115 1582 273 1638 ρύξαντες
286 1583 503 1636 ἐξενέγκωσιν
520 1588 567 1629 εἰς
583 1586 660 1631 τοὺς
675 1587 820 1631 πολλοὺς
832 1619 841 1633 ,
859 1588 916 1625 τόν
937 1604 973 1626 τε
994 1588 1158 1640 κροτοθό-

117 1644 218 1695 ρυὸον
245 1645 383 1697 ἔχουσιν
403 1646 450 1688 ὡς
477 1646 587 1692 ἀληθῆ
617 1646 771 1695 λέγοντες
798 1646 856 1684 καὶ
877 1646 992 1684 πάντα
1014 1646 1158 1694 εἰδότες,

114 1703 173 1741 καὶ
191 1705 298 1747 πολὺς
316 1704 395 1756 περὶ
411 1703 532 1748 αὐτοὺς
549 1706 566 1741 ὁ
583 1703 730 1742 συνθέων
748 1702 883 1755 ὅμιλος,
906 1709 1158 1757 μαρτυροῦντες

117 1762 262 1814 ῥαδίως,
292 1760 344 1800 ὅτι
375 1766 485 1799 ταῦτα
509 1762 615 1806 οὕτως
639 1762 734 1814 ἔχει,
766 1763 826 1801 καὶ
856 1763 918 1809 τὴν
943 1764 1069 1815 ἀρετὴν
1097 1767 1158 1810 τ’ῆς

115 1823 314 1872 συγγραφῆς
333 1822 379 1863 εἷς
397 1819 472 1858 τόδε
489 1821 768 1871 συμὸιασάμενοι
789 1822 849 1860 καὶ
869 1822 1156 1870 κατατείναντες,

114 1881 160 1921 ὡς
176 1879 243 1930 ἄρα
260 1883 360 1918 τοῦτο
377 1881 408 1922 ἐς
425 1880 538 1930 (ἐστὶν
552 1882 567 1917 Ρ
579 1881 646 1930 Ν.)
667 1880 814 1932 αἰθέριον
829 1881 889 1919 καὶ
906 1881 1156 1933 οὐρανόμηκες,

114 1936 199 1990 ὅπερ
217 1939 314 1976 αὐτοὶ
335 1938 390 1976 διὰ
415 1939 489 1991 βίου
508 1941 586 1978 τινὰ
606 1940 730 1991 χλιδὴν
749 1941 767 1959 *
781 1939 880 1978 ἴδωσι
898 1940 956 1978 καὶ
974 1941 1157 1987 ἁπλότητα

115 1996 322 2048 χαυνότερον
339 1999 574 2044 ἐπαινοῦντες,
595 1998 627 2040 ἐς
640 1997 678 2034 τὸ
693 1997 939 2046 πιστευόμενον
956 1997 1015 2035 καὶ
1038 1999 1155 2048 δημῶ-

116 2058 170 2096 ὀες
194 2054 380 2106 συνάγουσι
410 2054 469 2092 καὶ
489 2054 774 2099 καταὸιοίζονται.
796 2055 887 2094 Ἀλλ’
908 2052 1010 2105 ’ὅμως
1034 2058 1063 2093 εἷ
1091 2055 1151 2093 καὶ

156 2225 352 2257 incredibilis
368 2225 453 2257 enim
477 2226 618 2257 narratio
634 2228 700 2265 est3
723 2226 778 2258 sed
803 2228 912 2258 tamen
925 2251 933 2265 ‚
951 2227 976 2258 si
999 2227 1156 2267 quispiam

116 2276 197 2307 alius
207 2276 238 2307 in
249 2277 361 2308 eodem
375 2279 562 2316 argumento
577 2278 694 2309 versari
705 2280 807 2318 potest
818 2302 826 2316 ,
838 2279 864 2310 is
878 2278 954 2309 mihi
969 2278 1067 2310 mirus
1077 2279 1137 2310 erit
1147 2303 1156 2318 ‚

117 2330 212 2368 atque
225 2329 267 2360 oh
283 2338 373 2360 suam
397 2329 583 2369 patientiam
610 2330 699 2362 sortis
716 2330 883 2362 videbitur.
928 2331 988 2362 Sed
1004 2331 1157 2362 nimirum

115 2387 171 2419 par
184 2381 231 2411 est
243 2403 251 2418 ‚
265 2389 318 2412 eos
336 2381 390 2420 qui
409 2381 587 2412 accuratius
600 2381 639 2413 de
659 2382 857 2422 temporibus
872 2384 904 2413 et
920 2382 959 2413 de
975 2382 1158 2414 hominibus

114 2434 266 2473 egerunt,
286 2435 323 2464 ut
340 2434 470 2474 impune
494 2434 599 2466 dicere
618 2437 766 2475 possent,
781 2434 821 2466 ad
838 2435 970 2475 gratiam
997 2438 1028 2467 et
1046 2435 1155 2466 odium

115 2485 279 2517 historiam
299 2494 390 2517 suam
407 2486 523 2524 pariter
546 2487 678 2519 flexisse.
723 2490 953 2520 Verumtamen
976 2489 999 2520 is
1015 2489 1069 2529 qui
1087 2489 1158 2520 haec

115 2536 242 2578 scribit,
260 2538 418 2570 diversam
433 2540 525 2579 plane
542 2539 625 2571 viam
639 2541 772 2580 institit,
793 2541 936 2581 nihilque
949 2541 977 2573 ei
994 2541 1158 2581 antiquius

115 2589 192 2628 suit,
206 2599 307 2630 quam*
326 2592 363 2622 ut
378 2591 545 2622 veritatem
562 2594 748 2632 sequeretur
766 2594 797 2624 et
813 2592 1030 2624 confirmaret.
1076 2595 1157 2624 Sane

115 2643 148 2672 ct
166 2641 223 2672 hac
236 2643 423 2682 tempestate
437 2642 533 2674 audio
547 2652 565 2674 a
582 2644 742 2675 nonnullis
755 2644 919 2675 historiam
936 2643 1030 2676 scribi
1053 2656 1060 2675 ι
1078 2652 1158 2684 quos

115 2701 174 2732 ego
189 2692 283 2732 (nihil
300 2693 532 2725 stomachosius
548 2694 674 2734 dicam)
697 2697 728 2726 et
742 2697 908 2736 protervos
931 2695 1076 2727 homines
1090 2703 1157 2726 esse

116 2743 191 2775 novi
207 2745 239 2775 et
253 2743 453 2776 lascivientes
465 2769 474 2784 ‚
490 2746 681 2785 tantumque
693 2755 711 2777 a
731 2748 863 2778 veritate
880 2748 1037 2783 remotos.
1054 2755 1157 2786 quan-

117 2796 186 2826 tum
205 2795 336 2826 inscitiae
352 2796 525 2836 proximos.
568 2799 678 2837 Neque
691 2806 747 2837 ego
761 2798 831 2829 illos
850 2807 966 2830 accuso
980 2809 988 2837 ;
1003 2798 1056 2829 sed
1070 2798 1156 2829 illam

118 2857 181 2879 non
208 2848 273 2879 l'ero
290 2848 423 2879 humani
445 2849 554 2888 judicii
580 2850 742 2881 libidinem
766 2859 803 2881 ac
824 2851 1076 2890 proclivitatem,
1093 2859 1157 2890 qua

119 2899 268 2940 permulsi
285 2902 381 2940 atque
394 2900 516 2940 decepti
533 2901 625 2932 simul
643 2910 680 2932 ac
693 2910 810 2934 nomen
831 2902 959 2942 aliquod
977 2902 1070 2942 paulo
1083 2902 1157 2932 illu-

118 2951 214 2983 strius
226 2951 364 2982 insonuit
374 2952 547 2992 multisque
561 2953 780 2992 faiuigeratum
791 2978 798 2990 ‚
814 2955 884 2984 tum
901 2954 924 2984 si
942 2953 1018 2994 quid
1032 2962 1071 2984 ex
1085 2954 1156 2984 aula

118 3004 203 3043 regia
221 3003 401 3035 accuratius
417 3005 578 3045 eruerint,
592 3005 622 3035 id
641 3007 791 3036 continuo
805 3005 836 3036 in
854 3006 966 3045 vulgus
983 3005 1155 3045 disserunt,

119 3057 150 3086 et
164 3063 277 3093 magno
290 3055 424 3095 strepitu
442 3064 476 3087 se
494 3055 636 3095 jactant,
659 3058 748 3095 quasi
769 3066 843 3088 vera
864 3059 993 3088 narrent
1006 3059 1038 3088 et
1050 3058 1156 3088 omnia

118 3107 236 3138 norint.
283 3107 422 3138 Plurima
438 3116 514 3138 vero
531 3108 616 3138 circa
634 3108 691 3139 hos
706 3108 801 3139 turba
818 3108 983 3139 hominum
1000 3112 1155 3149 versatur,

118 3157 172 3198 qui
185 3158 273 3189 facile
283 3157 375 3189 dictis
385 3159 603 3189 testimonium
614 3159 690 3190 dant
703 3170 711 3198 ;
726 3160 843 3199 quique
855 3160 994 3191 historiae
1005 3161 1155 3192 virtutem

118 3211 149 3242 in
165 3210 225 3241 hoc
238 3211 317 3241 verti
331 3219 433 3250 eoque
450 3211 545 3250 redigi
560 3213 691 3251 putant,
709 3214 745 3242 ut
760 3212 836 3242 illud
855 3213 1025 3243 mirificum
1040 3222 1078 3244 ac
1091 3223 1155 3244 cus-

118 3262 196 3293 leste
209 3270 276 3293 esse
289 3261 425 3300 dicatur,
440 3261 526 3301 quod
542 3262 598 3302 ipsi
623 3272 679 3302 pro
697 3263 770 3293 vitoe
787 3272 852 3293 suae.
869 3264 1001 3294 mollitia
1018 3273 1053 3294 ac
1074 3265 1155 3296 futili

117 3313 320 3353 simplicitate
334 3312 463 3344 laudant
476 3315 571 3352 atque
583 3314 614 3344 in
628 3314 786 3354 publicam
802 3314 895 3345 tidem
911 3314 941 3344 vi
956 3316 1152 3354 pertrahunt.

119 3370 183 3406 Age
199 3374 272 3397 vero
289 3365 411 3397 etiamsi
435 3365 629 3396 incredibilia
649 3367 727 3397 sorte
745 3367 927 3405 narrentur,
952 3367 1155 3400 nihilomiuus

1217 247 1383 287 ἀπίθανόν
1403 264 1477 293 πως
1492 248 1648 301 εἴρηται,
1666 250 1780 289 πολλά
1797 267 1835 289 τε
1857 253 1961 291 αὐτοῦ
1977 254 2258 316 τερατωδέστερα

1217 306 1276 344 καὶ
1292 307 1534 359 μυθωδέστερα
1548 307 1779 359 προτέθειται,
1796 310 1856 349 καὶ
1874 310 2047 351 ἅπαντα
2030 330 2072 361 ην
2085 330 2146 362 της
2162 317 2260 362 ἡλια-

1217 380 1279 410 κης
1299 381 1464 412 κινησεως
1478 366 1710 420 ἀληθέστερα·
1729 371 1897 422 μαρτυρεῖ
1924 370 1959 408 δὲ
1980 373 2094 417 αὐτοῖς
2122 376 2179 425 (τε
2197 376 2259 413 αὐ-

1217 422 1273 466 τὸς
1304 425 1369 474 Β.)
1398 426 1416 461 ὁ
1444 424 1539 471 ἥλιος
1568 426 1638 469 τοῖς
1659 427 1867 477 εἰρημένοις.
1901 429 1973 468 Και
2001 431 2190 483 ῥηθησεταί
2220 448 2260 484 γε

1220 481 1303 533 (μὲν
1322 484 1362 521 Β.
1375 482 1419 531 )’'
1407 499 1487 526 ισως
1505 483 1605 536 ἔτερα
1624 483 1753 522 τούτων
1770 487 2079 540 πολυπλανέστερα
2099 489 2160 527 καὶ
2190 492 2260 541 βα-

1218 541 1464 593 θυπλοκώτερα
1478 557 1561 594 προς
1584 542 1766 581 ἀπιστίαν·
1785 545 1862 583 ἀλλ’
1866 545 2086 620 ἐξαγγέλλει
2106 563 2146 598 γε
2167 547 2260 587 αὐτὰ

1217 601 1238 645 ἡ
1254 599 1440 673 συγγραφὴ
1463 616 1713 654 μετριωτερον·
1743 602 1803 640 καὶ
1822 607 1933 642 ταῦτα
1955 605 2041 656 ὑπὲρ
2060 608 2130 644 τῶν
2158 607 2260 658 λεγο-

1218 657 1330 707 μένων
1350 658 1410 696 καὶ
1438 657 1490 697 ὅτι
1517 675 1556 710 γε
1577 659 1672 713 φίλος
1696 660 1770 704 θεὸς
1796 677 1857 699 και
1877 662 1960 734 φίλη
1987 662 2143 710 ἀλήθεια.
2165 664 2260 705 'AD’

1218 717 1280 753 οὐκ
1308 710 1383 754 οἰδα
1410 715 1503 761 ὅστις
1522 717 1663 770 γίνομαι
1681 723 1792 757 ταῦτα
1824 720 1984 773 γράφων·
2013 721 2103 760 πολυ
2131 722 2199 776 γὰρ
2220 722 2263 762 τὸ

1218 775 1405 828 φροντίζειν
1427 778 1471 814 ἀ,
1450 777 1610 824 ηθείας·
1626 779 1704 816 ἀλλ’
1723 778 1744 816 δ’
1758 794 1796 829 γε
1812 785 1883 823 τοῖς
1899 780 2154 833 γεγραμμένοις
2173 783 2260 822 ἀκο-

1218 835 1348 872 λουθῶν
1373 834 1432 872 καὶ
1462 835 1662 886 πειθόμενος
1682 837 1861 889 ἀκρίὸειάν
1882 853 1920 876 τε
1939 839 2172 891 προσκυνήσει
2199 840 2260 879 καὶ

1219 891 1394 938 ἀλήθειαν.
1432 897 1519 932 Haec
1552 909 1572 932 e
1597 897 1685 933 libri
1722 898 1880 945 alicujus
1919 901 2107 948 prooemio
2143 901 2261 949 petita

1217 953 1406 989 videntur.

1709 1055 1770 1096 74·

1271 1174 1369 1211 Ibid.
1397 1187 1437 1222 p.
1459 1174 1550 1220 285,
1572 1176 1680 1213 286.
1705 1173 1791 1213 “On
1813 1175 1906 1214 κατὰ
1933 1177 2011 1222 τους
2025 1178 2167 1231 χρόνους
2186 1181 2261 1220 Εὖ·

1218 1231 1360 1282 τροπίου
1380 1236 1439 1270 τοῦ
1458 1232 1623 1284 εὐνούχου
1641 1235 1711 1271 τῶν
1737 1234 1799 1284 μὲν
1819 1235 1898 1287 περὶ
1917 1235 1981 1283 τὴν
1995 1237 2144 1291 ἑσπέραν
2161 1239 2259 1284 ουδὲν

1220 1290 1372 1342 ἀκριὸῶς
1390 1291 1532 1343 γράφειν
1552 1291 1678 1343 [ἐξῆν]
1700 1293 1747 1335 εἷς
1777 1292 1952 1367 ἐξηγησιν.
1975 1295 2027 1334 Τό
2050 1311 2088 1334 τε
2106 1295 2173 1349 γὰρ
2189 1298 2261 1336 διά-

1219 1364 1337 1398 στημα
1354 1354 1413 1388 τοῦ
1433 1351 1519 1388 πλου
1536 1350 1596 1388 και
1613 1367 1723 1400 μηκος
1742 1351 1879 1403 μακρὰς
1895 1353 2001 1391 ἐποίει
2018 1353 2079 1398 τὰς
2095 1356 2259 1407 ἀγγελίας

1221 1408 1280 1446 καὶ
1302 1407 1552 1461 διεφθαρμένας
1571 1409 1637 1447 ὑπὸ
1658 1409 1782 1462 χρόνου
1795 1441 1804 1456 ,
1821 1411 1979 1464 καθάπερ
2001 1414 2035 1457 ἐς
2050 1413 2186 1466 χρόνιον
2199 1415 2261 1454 καὶ

1219 1466 1462 1519 παρέλκουσάν
1482 1483 1558 1505 τινα
1579 1468 1676 1506 νόσον
1703 1469 2030 1520 μεταὸεὸλημένας·
2057 1470 2143 1511 οἵτε
2163 1474 2258 1512 πλα-

1220 1525 1364 1575 νώμενοι
1380 1525 1440 1564 καὶ
1457 1526 1723 1577 στρατευόμενοι
1741 1529 1769 1565 εἷ
1799 1527 1861 1578 μέν
1884 1544 1972 1573 τινες
1990 1525 2079 1576 ἦσαν
2096 1533 2164 1570 τῶν
2179 1533 2260 1585 περὶ
2279 1571 2284 1574 ,

1219 1585 1262 1624 τὰ
1281 1585 1377 1623 κοινὰ
1397 1586 1457 1624 καὶ
1477 1587 1674 1636 δυναμένων
1692 1587 1840 1635 εἰδέναι,
1857 1587 1942 1640 πρὸς
1965 1588 2068 1641 χάριν
2089 1590 2149 1628 καὶ
2174 1590 2259 1629 ἀπέ-

1218 1647 1336 1695 χθειαν
1354 1644 1413 1683 καὶ
1430 1645 1473 1683 τὰ
1487 1645 1564 1683 καθ’
1585 1645 1708 1692 ἡδονὴν
1727 1645 1871 1690 ἕκαστος
1886 1646 1977 1684 κατὰ
1997 1647 2078 1697 (καὶ
2092 1649 2156 1698 Β.)
2176 1649 2260 1701 βού-

1218 1705 1316 1750 λησιν
1335 1702 1539 1741 ἀπέστειλεν
1560 1704 1783 1753 (ἐπέστελλεν
1805 1707 1850 1745 Β.
1863 1705 1885 1755 ).
1906 1708 1951 1744 Εἰ
1966 1710 2047 1756 γοῦν
2073 1722 2124 1750 τις
2146 1709 2259 1746 αὐτῶν

1221 1761 1393 1812 συνήγαγε
1423 1763 1512 1813 τρεῖς
1540 1763 1562 1808 ἢ
1582 1763 1752 1814 τέσσαρας
1771 1763 1935 1802 τάναντία
1955 1764 2165 1816 λέγοντας“’
2141 1781 2260 1818 ωσπερ

1220 1820 1415 1873 μάρτυρας,
1438 1819 1526 1859 πολυ
1553 1837 1592 1858 το
1611 1822 1827 1874 παγκράτιον
1851 1826 1892 1868 ἠν
1919 1826 1987 1860 τῶν
2015 1823 2127 1871 λόγων
2152 1823 2212 1862 και
2241 1827 2260 1862 ὁ

1219 1880 1403 1930 πόλεμος
1388 1895 1423 1918 εν
1443 1895 1579 1932 χερσιν
1599 1879 1709 1932 ἀρχὰς
1730 1881 1849 1918 λαὸὼν
1871 1881 1940 1919 ἀπὸ
1968 1881 2178 1945 ῥηματίων
2163 1883 2259 1921 καὶ*

1220 1954 1528 1989 συγκεκαυμενων.
1545 1941 1666 1978 Tmo-ca
1682 1934 1755 1976 δὲ
1733 1955 1786 1986 η·ν
1801 1958 1816 1974 <t
1835 1939 1888 1979 Σὺ
1901 1940 2001 1978 πόθεν
2016 1945 2127 1979 ταῦτα
2144 1935 2257 1992 οἰδας;

1218 2013 1284 2035 που
1312 1998 1348 2035 δέ
1377 2013 1415 2035 σε
1437 1997 1614 2049 Στελίχων
1636 1999 1727 2045 εἰοε;
1758 1997 1799 2036 συ
1832 1998 1867 2037 δε
1889 1998 1946 2037 τὸν
1978 1997 2141 2052 ευνουχον
2173 1995 2259 2044 εἶδες

1220 2056 1281 2103 ἄν;
1302 2074 1316 2090 υ
1336 2055 1425 2094 ὥστε
1449 2055 1547 2107 ἔργον
1568 2073 1610 2103 ην
1629 2029 1778 2094 διαλύειν
1796 2056 1858 2100 τὰς
1887 2057 2102 2108 συμπλοκάς
2121 2059 2242 2098 Τῶν“
2223 2058 2259 2096 οὲ

1218 2169 1278 2200 alia
1298 2172 1417 2209 praesto
1430 2171 1505 2201 sunt
1525 2169 1758 2209 portentosiora
1774 2169 1878 2201 adhuc
1901 2170 1933 2201 et
1955 2170 2166 2208 fabulosiora‚
2185 2178 2259 2211 quae

1219 2222 1324 2252 tamen
1339 2220 1433 2253 solari
1453 2224 1543 2252 motu
1560 2221 1682 2252 veriora
1701 2220 1863 2253 dicuntur.
1909 2221 2010 2253 Testis
2025 2223 2133 2254 autem
2155 2221 2259 2253 dicto·

1219 2282 1290 2304 rum
1305 2273 1361 2304 sol.
1409 2274 1446 2304 Et
1463 2272 1591 2313 quidem
1607 2273 1668 2304 alia
1689 2273 1820 2304 fortasse
1842 2272 1989 2304 dicentur
2005 2273 2054 2304 his
2072 2273 2178 2304 adhuc
2197 2272 2258 2305 fal-

1217 2326 1300 2357 siora
1326 2327 1424 2366 atque
1443 2326 1494 2358 ⁴ab
1519 2326 1694 2358 obtinenda
1722 2325 1784 2357 fide
1814 2326 1985 2358 remotiora
1997 2350 2005 2365 ‚
2037 2327 2259 2358 verumtamen

1218 2381 1327 2410 nostra
1343 2379 1473 2411 historia
1486 2404 1494 2419 ‚
1512 2381 1549 2411 ut
1562 2379 1674 2418 decet,
1689 2387 1725 2411 ea
1744 2380 1899 2420 exponet,
1923 2379 2020 2420 idque
2036 2381 2164 2420 propter
2179 2378 2257 2411 illud

1217 2431 1350 2462 effatum
1373 2443 1380 2462 ε
1396 2432 1526 2462 Amicus
1541 2431 1638 2470 deus,
1661 2433 1693 2463 et
1705 2431 1809 2463 amica
1822 2432 1950 2464 veritas.
1995 2434 2115 2463 Verum
2131 2430 2254 2471 ignoro,

1216 2482 1370 2522 quidnam
1388 2482 1466 2513 mihi
1484 2482 1561 2513 talia
1578 2485 1770 2514 eventurum
1793 2483 1834 2514 sit
1849 2482 2010 2515 scribenti.
2052 2484 2158 2515 Grave
2173 2482 2257 2514 enim

1217 2534 1377 2574 negotium
1394 2536 1442 2565 est
1455 2542 1534 2565 cura
1556 2534 1711 2566 veritatis.
1758 2534 1818 2566 Sed
1834 2535 1943 2566 tamen
1959 2534 2014 2574 qui
2031 2534 2157 2574 scriptis
2181 2534 2258 2565 meis

1216 2587 1358 2617 mentem
1377 2585 1538 2626 fidemque
1553 2585 1751 2625 adhibuerit,
1765 2586 1792 2618 is
1807 2585 2003 2626 diligentiam
2025 2585 2258 2625 veritatemque

1216 2637 1401 2670 sectabitur.

1704 2691 1764 2723 74.

1257 2746 1401 2787 Eutropii
1411 2745 1558 2786 spadonis
1565 2745 1760 2785 temporibus
1768 2745 1808 2777 de
1819 2745 1914 2777 rebus
1924 2743 2106 2777 Occidentis
2115 2745 2192 2778 nihil
2204 2753 2256 2777 ac·

1217 2799 1397 2831 curatiusin
1412 2798 1574 2830 historiam
1586 2797 1693 2829 referri
1703 2799 1838 2838 poterat.
1850 2799 1930 2829 Nam
1938 2798 1970 2829 et
1977 2797 2128 2829 maritimi
2143 2806 2256 2830 cursus

1216 2851 1351 2892 spatiosa
1361 2850 1574 2891 longinquitas
1586 2859 1672 2882 seros
1683 2850 1812 2882 nuntios
1819 2851 1851 2881 et
1862 2858 1949 2881 mora
1959 2851 2128 2890 corruptos
2137 2851 2254 2883 efficie-

1217 2903 1270 2935 bat
1280 2927 1289 2942 ,
1304 2911 1361 2934 ceu
1373 2902 1443 2934 siin
1454 2901 1642 2933 diuturnum
1656 2901 1817 2942 quendam
1830 2903 2093 2942 protractumque
2107 2902 2254 2934 morbum

1215 2954 1419 2986 incidissent:
1434 2953 1533 2993 etqui
1549 2953 1832 2994 peregrinabantur
1845 2954 1900 2984 aut
1913 2962 1987 2984 cum
2002 2953 2144 2984 exercitu
2157 2954 2254 2993 proti·

1216 3006 1428 3044 cisccbantur,
1447 3005 1471 3036 si
1493 3005 1575 3036 sorte
1591 3004 1715 3043 negotia
1731 3004 1859 3044 publica
1877 3004 1990 3035 rescire
2012 3005 2179 3044 poterant,
2195 3013 2254 3044 pro

1215 3066 1271 3090 sua
1287 3057 1390 3096 gratia
1409 3057 1458 3088 vel
1475 3056 1548 3087 odio
1559 3058 1590 3087 et
1603 3065 1660 3097 pro
1673 3056 1761 3087 libito
1773 3064 1811 3087 ac
1823 3055 1988 3086 voluntate
2000 3055 2031 3086 in
2046 3056 2110 3087 suis
2119 3055 2254 3096 quisque

1216 3109 1357 3149 epistolis
1372 3107 1586 3139 renuntiabat.
1631 3106 1846 3144 Quamobrem
1860 3107 1885 3137 si
1899 3107 1980 3137 sorte
1994 3106 2110 3137 horum
2127 3108 2191 3138 tres
2203 3107 2254 3139 vel

1216 3162 1369 3201 quattuor
1383 3159 1541 3190 contraria
1558 3159 1754 3190 affirmantes
1770 3158 1900 3190 testium
1922 3159 2023 3189 instar
2037 3159 2254 3198 congregavis-

1216 3221 1276 3249 seS‚
1291 3211 1443 3251 praeclara
1458 3210 1553 3242 fiebat
1565 3218 1748 3241 sermonum
1760 3209 1857 3247 lucta,
1872 3208 2102 3249 conflictusque
2111 3209 2255 3249 protinus

1216 3264 1405 3302 exsistebat,
1425 3264 1553 3302 sumpto
1573 3262 1762 3302 plerumque
1778 3261 1869 3292 initio
1890 3261 1931 3292 ab
1949 3261 2071 3300 argutis
2092 3260 2254 3300 igneisque

1217 3316 1357 3355 voculis,
1371 3323 1444 3356 quae
1468 3315 1532 3346 sere
1554 3313 1735 3353 hujusmodi
1761 3314 1869 3344 erant:
1888 3325 1903 3339 «
1925 3314 1972 3343 'tu
1999 3321 2075 3343 vero
2092 3311 2252 3343 undenam

1216 3363 1285 3399 haec'
1301 3367 1435 3398 audisti?
1451 3367 1581 3398 ubinam
1599 3367 1630 3398 te
1644 3365 1782 3398 Stelicho
1799 3364 1898 3396 vidit?
1916 3373 1993 3396 num
2013 3366 2047 3395 tu
2069 3365 2252 3396 eunuchum

2304 380 2326 468 affin„
2313 338 2326 371 -r,
