2372 3704
723 236 1012 285 DEMOCRITI
1040 237 1238 277 EPHEsu
1266 238 1564 279 FAGMENTA.

73 326 177 376 μένου
211 324 239 363 δ’
273 324 378 362 αὐτοῦ
401 321 545 370 νεωστὶ,
571 321 737 376 σύγχυσιν
765 319 924 376 μεγάλην
950 322 1030 377 περὶ
1057 323 1115 362 τὸν

72 384 160 437 ἀέρα
178 383 238 422 καὶ
260 381 462 433 διοσημείας
480 380 611 425 πολλὰς
630 381 814 433 γενέσθαι,
835 382 896 420 καὶ
926 381 1114 432 πνεύματα

71 445 339 495 καταρραγῆναι
370 441 430 480 καὶ
462 446 580 479 πεσεῖν
597 444 814 493 πρηστῆρας.
842 440 947 480 Ἐπεὶ
968 442 997 478 δ’
1028 439 1115 478 ἐλώ-

70 515 179 554 φησε,
198 502 310 552 λέγειν
326 499 403 543 τοὺς
422 499 613 547 νησιώτας,
635 499 688 538 ὅτι
708 502 777 538 τῶν
797 499 1007 552 κρεισσόνων
1027 499 1115 544 τινὸς

69 558 220 613 ἔκλειψις
234 558 386 611 γέγονεν.
406 557 471 602 ‘stc
489 559 555 610 γὰρ
575 557 699 611 λύχνος
719 558 975 608 ἀναπτόμενος,
990 558 1112 612 φάναι,

69 617 176 656 δεινὸν
207 618 302 656 οὐδὲν
335 617 429 669 ἔχει,
461 617 690 667 σὸεννύμενος
731 616 766 655 δὲ
795 618 935 661 πολλοῖς
962 617 1114 670 λυπηρός

68 678 183 724 ἔστιν,
217 676 323 720 οὕτως
350 679 385 715 αἱ
414 677 564 728 μεγάλαι
583 677 694 729 ψυχαὶ
719 675 781 720 τὰς
813 676 875 725 μὲν
897 675 1114 729 ἀναλάμψεις

71 736 226 785 εὐμενεῖς
251 735 311 774 καὶ
343 735 496 779 ἀλύπους
526 734 682 787 ἔχουσιν,
716 737 751 773 αἱ
774 733 811 773 δὲ
833 734 965 779 σὸέσεις
999 736 1113 773 αὐτῶν

68 793 128 832 καὶ
144 793 268 848 φθοραὶ
283 793 451 838 πολλάκις
468 791 543 844 μὲν,
560 795 607 837 ὡς
622 795 719 844 νυνὶ,
737 792 919 843 πνεύματα
932 793 991 831 καὶ
1008 793 1114 838 ζάλας

67 851 254 905 τρέπουσι,
283 851 451 895 πολλάκις
481 850 516 889 δὲ
537 852 706 901 λοιμικοῖς
726 850 870 890 πάθεσιν
903 851 988 905 ἀέρα
1023 866 1111 904 φαρ-

68 910 271 960 μάττουσιν.
297 910 398 949 Ἐκεῖ
430 909 547 960 μέντοι
568 908 650 959 μίαν
671 903 759 947 εἶναι
789 912 915 956 νῆσον,
945 905 1022 962 ἕνῇ
1053 910 1111 948 τὸν

68 969 201 1020 Κρόνον
218 971 422 1020 καθεῖρχθαι
442 967 696 1021 φρουρούμενον
714 967 782 1006 ὑπὸ
797 972 858 1006 τοῦ
875 969 1034 1022 Βριάρεω
1051 985 1111 1007 κα·

0 1040 5 1053 ’
67 1026 244 1064 θεύδοντα·
265 1027 391 1077 δεσμὸν
408 1025 476 1077 γὰρ
495 1028 589 1078 αὐτῷ
607 1026 664 1063 τὸν
691 1025 796 1065 ὕπνον
820 1030 1107 1079 μεμηχανῆσθαι,

69 1083 216 1128 πολλοὺς
236 1082 272 1122 δὲ
293 1085 372 1136 περὶ
392 1084 494 1122 αὐτὸν
514 1077 601 1122 εἶναι
621 1083 786 1135 δαίμονας
806 1085 954 1129 ὀπαδοὺς
973 1085 1032 1124 καὶ
1050 1089 1108 1124 θε-

66 1141 255 1195 ράποντας.

307 1236 549 1273 DEMETRII
579 1234 762 1274 ΑΡΓΟΛῙ
770 1236 799 1273 Κ
806 1236 834 1273 A
841 1263 849 1271 .

116 1321 286 1360 Clemens
298 1322 403 1360 Alex.
423 1320 551 1357 Protr.
573 1334 607 1357 c.
631 1325 670 1367 4,
687 1334 727 1370 p.
754 1328 796 1358 14
810 1350 821 1370 ,
843 1335 862 1368 7
882 1333 891 1359 ι
909 1319 1107 1372 Δημήτριος

62 1379 96 1416 ἐν
115 1377 262 1430 δευτέρῳ
287 1381 354 1416 τῶν
371 1378 577 1430 Ἀργολικῶν
601 1382 662 1416 τοῦ
681 1381 716 1417 ἐν
741 1378 887 1431 Τίρυνθι
914 1381 977 1424 τῆς
991 1375 1106 1431 Ἥρας

62 1437 181 1481 ξοάνου
211 1436 272 1475 καὶ
299 1436 364 1484 τὴν
393 1436 478 1484 ὕλην
508 1435 614 1488 ὅχνην
639 1435 700 1474 καὶ
729 1436 787 1475 τὸν
810 1436 958 1484 ποιητὴν
981 1435 1104 1490 Ἄργον

60 1494 266 1548 ἀναγράφει.
501 1508 504 1512 ’

110 1556 346 1591 Demetrium
375 1553 568 1602 quendam
594 1567 639 1590 ex
659 1553 841 1603 Argolide
867 1556 1103 1591 Troezenium

57 1621 241 1649 memorat
255 1613 454 1650 Athenaeus
474 1614 536 1660 IV,
552 1626 590 1661 p.
615 1626 702 1662 119,
715 1615 742 1650 C
766 1626 774 1648 ε
799 1613 911 1650 Καλεῖ
931 1611 966 1650 δὲ
985 1615 1102 1650 τοῦτον

60 1670 138 1719 (sc.
159 1671 312 1720 Δίδυμον
333 1669 390 1708 τὸν
406 1670 678 1723 γραμματικὸν)
704 1673 722 1709 ὁ
738 1670 938 1723 Δημήτριος
956 1673 974 1709 ὁ
997 1673 1102 1722 Τροι-

59 1727 169 1774 ζήνιος
199 1728 441 1782 βιὸλιολάθαν,
461 1727 518 1766 διὰ
542 1728 581 1767 τὸ
606 1730 736 1776 πλῆθος
754 1722 801 1766 {iv
821 1728 989 1767 ἐκδέδωκε
1017 1745 1101 1781 συγ-

58 1787 288 1839 γραμμάτων·
306 1786 380 1826 ἔστι
392 1786 459 1841 γὰρ
473 1787 650 1840 τρισχίλια
664 1787 749 1840 πρὸς
765 1790 834 1832 τοῖς
849 1788 1099 1832 πεντακοσίοις.

56 1847 164 1884 Idem
181 1849 218 1894 1,
240 1861 282 1898 p.
315 1860 377 1897 29,
397 1850 430 1885 A
452 1860 461 1884 z
483 1845 746 1899 Ἀριστοφάνους
765 1845 826 1890 τὰς
847 1845 1008 1898 δευτέρας
1027 1847 1100 1886 Θε-

56 1906 353 1956 σμοφοριοζούσας
387 1904 586 1957 Δημήτριος
626 1906 644 1942 ὃ
677 1903 878 1957 Τροιζήνιος
913 1906 1097 1956 Θεσμοφο-

57 1962 231 2014 ριασάσας
246 1963 444 2016 ἐπιγράφει.
473 1965 592 2010 Alius,
613 1972 728 2014 puto,
749 1972 905 2001 notatur
924 1977 986 2014 ap.
1006 1966 1097 2001 Dio·

55 2034 141 2071 gen.
173 2025 217 2060 L.
249 2025 301 2069 ΙΙ,
334 2029 396 2070 74,
435 2023 482 2059 de
510 2024 741 2073 Empedocle
784 2037 793 2062 :
833 2023 1033 2075 Δημήτριος
1062 2022 1098 2060 δὲ

54 2082 72 2118 ὁ
96 2079 295 2132 Τροιζήνιος
315 2081 350 2118 ἓν
369 2082 418 2132 τῷ
449 2079 552 2119 Κατὰ
571 2083 744 2134 σοφιστῶν
765 2080 890 2133 βιὸλίῳ
910 2080 1012 2133 φησὶν
1033 2082 1098 2118 αῦ-

53 2138 128 2187 τὸν,
153 2143 218 2177 καθ
230 2138 395 2191 Ὅμηρον

137 2230 304 2271 Ἆψάμενον
316 2229 429 2272 βρόχον
446 2230 538 2262 αἰπὺν
552 2230 603 2271 ἀφ’
621 2231 752 2271 ὑψηλοῖο
761 2230 901 2272 κρανείης

135 2277 239 2319 αὐχέν’
251 2277 485 2318 ἀποκρεμάσαι,
503 2278 606 2319 ψυχὴν
622 2278 648 2309 δ’
663 2277 787 2310 ἀῑδόσδε
796 2279 963 2310 κατελθεῖν.

105 2368 182 2403 Aut
197 2366 301 2402 hunc
321 2373 387 2402 aut
403 2367 640 2403 Demetrium
660 2367 952 2415 peripateticum
973 2368 1094 2418 (Dio-

51 2435 136 2472 gen.
152 2425 194 2463 L.
211 2426 257 2470 V,
275 2424 322 2460 83
340 2425 350 2474 )
368 2426 594 2461 intellexerit
612 2427 812 2474 Dionysius
828 2427 1016 2462 Halicarn.
1035 2426 1096 2462 Ad

52 2481 122 2520 Cn.
142 2483 276 2531 Pomp.
295 2486 353 2519 De
363 2485 518 2520 Platone
542 2485 659 2539 (tom.
678 2486 748 2532 VI,
766 2497 804 2532 p.
827 2484 899 2530 757
918 2486 966 2523 R.
982 2484 1014 2533 ),
1028 2486 1095 2521 ubi

49 2548 136 2588 post
155 2542 392 2578 Aristotelem
405 2569 415 2587 ,
439 2543 729 2590 Theopompum
740 2571 750 2588 ,
766 2541 1071 2591 Cephisodorum
1083 2572 1093 2590 ,

50 2600 199 2635 Zoilum
225 2608 263 2636 et
289 2601 635 2649 Hippodamantem
668 2603 884 2638 Demetrius
905 2603 1003 2638 inter
1030 2615 1094 2639 eos

49 2660 206 2706 ponitur
217 2661 283 2708 qui
299 2661 490 2696 Platonem
501 2662 613 2696 variis
629 2661 752 2697 modis
761 2662 1090 2709 reprehenderint.

2141 255 2216 289 383

1292 350 1537 387 DEMETRII
1565 350 1633 388 TA
1666 351 1802 390 ΚΑΤΑ
1829 354 2106 396 ΑΙΓΥΠΤΟΝ.

1228 442 1427 478 Athenaeus
1436 444 1570 492 XV,p.
1585 444 1676 493 680,
1692 447 1719 480 Β
1734 445 1953 497 ῖΔημήτριος
1971 449 2002 486 δ’
2014 449 2049 487 ἐν
2068 452 2117 502 τῷ
2131 452 2220 505 Περὶ

1175 502 1244 538 τῶν
1262 501 1339 538 κατ’
1359 500 1535 552 Αἴγυπτον
1556 503 1636 555 περὶ
1664 502 1810 542 Ἄὸυδον
1841 506 1940 544 πόλιν
1971 508 2033 552 τὰς
2064 510 2217 557 ἀκάνθας

1176 552 1306 597 ταύτας
1336 547 1426 592 εἷναί
1456 570 1563 607 φησι,
1594 555 1736 609 γράφων
1769 557 1887 600 οὕτως·
1920 577 1935 592 α
1958 556 2064 611 ’Έχει
2095 563 2129 601 δὲ
2159 565 2219 603 καὶ

1175 614 1193 650 ὁ
1213 611 1308 650 κάτω
1327 612 1429 657 τόπος
1445 613 1504 651 καὶ
1523 613 1675 652 ἄκανθάν
1692 630 1768 653 τινα
1789 615 1926 668 δένδρον
1938 647 1948 665 ,
1967 617 1985 655 ὃ
2005 619 2062 656 τὸν
2085 622 2219 673 καρπὸν

1176 672 1270 724 φέρει
1299 670 1510 723 στρογγύλον
1531 672 1589 710 ἐπί
1607 688 1708 711 τινων
1727 674 1882 712 κλωνίων
1909 680 2116 729 περιφερῶν.
2140 680 2216 719 'Av-

1175 733 1224 767 θεῖ
1245 730 1276 767 δ’
1303 723 1424 779 οὗτος,
1453 728 1535 768 ὅταν
1561 730 1635 783 ὥρα
1659 726 1705 783 ᾗ,
1735 731 1795 770 καὶ
1823 731 1896 771 ἔστι
1926 736 1975 787 τῷ
1994 734 2156 786 χρώματι
2180 738 2219 776 τὸ

1175 786 1273 831 ἄνθος
1290 787 1535 839 καλλιφεγγές.
1560 788 1710 840 Λέγεται
1727 789 1764 828 δέ
1782 806 1833 834 τις
1853 794 1956 841 μῦθος
1980 792 2047 830 ὑπὸ
2066 796 2134 832 τῶν
2156 798 2218 835 Ai-

1173 845 1347 895 γυπτίων,
1375 845 1429 884 ὅτι
1446 848 1478 884 οἳ
1499 846 1682 898 Αἰθίοπες,
1702 849 1923 898 στελλόμενοι
1940 851 1986 894 εἷς
2004 852 2132 901 Τροίαν
2153 854 2218 892 ὑπὸ

1172 906 1232 940 τοῦ
1251 905 1427 951 Τιθωνοῦ,
1455 904 1530 942 ἐπεὶ
1547 905 1701 952 ἤκουσαν
1732 906 1791 944 τὸν
1822 907 1990 958 Μέμνονα
2021 912 2218 959 τετελευτη-

1171 961 1290 1008 κέναι,
1310 963 1343 999 ἐν
1362 961 1472 1014 τούτῳ
1489 965 1538 1015 τῷ
1558 964 1655 1016 τόπῳ
1670 963 1748 1008 τοὺς
1765 965 1951 1017 στεφάνους
1971 966 2138 1007 ἀνέὸαλον
2159 970 2216 1008 ἐπὶ

1171 1019 1232 1063 τὰς
1249 1020 1413 1064 ἀκάνθας,
1440 1019 1549 1059 Ἔστι
1571 1021 1607 1060 δὲ
1625 1023 1857 1076 παραπλήσια
1878 1024 1922 1062 τὰ
1937 1025 2067 1064 κλώνια
2084 1028 2213 1082 στεφά-

1171 1093 1237 1121 νοις
1250 1107 1260 1124 ,
1282 1080 1340 1129 ἀφ’
1356 1073 1403 1116 ὧν
1425 1078 1462 1116 τὸ
1481 1079 1579 1123 ἄνθος
1598 1080 1732 1132 φύεται.
1756 1099 1770 1115 υ

1223 1140 1313 1185 Quae
1323 1139 1549 1175 antecedunt
1563 1141 1642 1189 lege
1655 1141 1694 1176 in
1706 1141 1915 1191 fragmento
1932 1142 2004 1180 150
2016 1145 2212 1184 Hellanici.

1172 1198 1242 1233 Hic
1263 1198 1476 1233 Demetrius
1495 1198 1649 1234 fortasse
1675 1199 1778 1236 idem
1800 1208 1854 1236 est
1881 1214 1967 1237 curn
1988 1215 2033 1239 eo
2063 1205 2129 1251 qui
2157 1206 2214 1241 De

1167 1256 1316 1291 Judoer's
1333 1257 1493 1304 scripsit.
1514 1257 1598 1294 Vid.
1616 1258 1726 1293 Alex.
1745 1258 1879 1307 Polyh.
1897 1261 2045 1299 Introd.
2062 1274 2100 1311 p.
2119 1262 2209 1300 208.

1581 1368 1797 1384 dou——

1245 1447 1721 1508 DEMOCRITUS
1760 1451 2125 1511 EPHESIUS.

1216 1564 1404 1611 Diogenes
1422 1565 1549 1599 Laert.
1568 1564 1643 1609 IX,
1666 1569 1733 1613 49,
1745 1556 1871 1601 varios
1888 1568 2128 1604 Democritos
2145 1580 2211 1605 re-

1165 1634 1317 1657 censens
1335 1635 1342 1657 :
1366 1619 1541 1672 Τέταρτος
1563 1620 1650 1673 Περὶ
1669 1625 1728 1659 τοῦ
1746 1623 1839 1673 ἱεροῦ
1854 1626 1912 1660 τοῦ
1935 1625 1969 1661 ἐν
1987 1623 2127 1677 Ἐφέσῳ
2146 1640 2209 1676 γε·

1163 1677 1304 1730 γραφὼς
1320 1677 1378 1716 καὶ
1399 1681 1460 1725 τῆς
1486 1679 1620 1722 πόλεως
1639 1679 1887 1734 Σαμοθρᾴκης.

1313 1785 1435 1824 ΠΕΡΙ
1465 1786 1566 1824 ΤΟΥ
1596 1786 1662 1824 EN
1695 1787 1764 1825 ΕΦ
1773 1787 1867 1842 ΕΣῼ
1897 1788 2046 1826 ΝΑΟΥ.

1468 1880 1496 1914 Ε
1523 1880 1674 1916 LIBRO
1702 1880 1899 1919 PRIORE.

1214 1961 1412 1998 Athenaeus
1423 1964 1520 2008 XII,
1538 1976 1576 2012 p.
1594 1961 1686 2009 525,
1705 1965 1732 2000 C
1752 1977 1760 1999 z
1780 1962 1976 2001 Ἀπώλοντο
1993 1962 2028 2001 δὲ
2045 1963 2207 2011 καὶΜά-

1161 2033 1283 2067 γνητες
1296 2021 1326 2056 οἱ
1341 2019 1426 2071 πρὸς
1442 2022 1491 2071 τῷ
1506 2020 1699 2073 Μαιάνδρῳ
1716 2019 1772 2058 διὰ
1787 2021 1826 2058 τὸ
1843 2021 1948 2059 πλέον
1964 2025 2141 2069 ἀνεθῆναι,
2159 2022 2206 2068 ὥς

1160 2092 1245 2129 φησι
1265 2079 1436 2121 Καλλῖνος
1456 2079 1491 2115 ἓν
1512 2079 1582 2122 τοῖς
1603 2078 1785 2129 ἐλεγείοις,
1804 2079 1863 2117 καὶ
1880 2079 2093 2133 Ἀρχίλοχος.
2117 2080 2206 2121 Ἑά-

1159 2136 1278 2173 λωσαν
1294 2135 1360 2189 γὰρ
1375 2136 1442 2174 ὑπὸ
1460 2136 1644 2189 Ἐφεσίων.
1661 2136 1733 2176 Καὶ
1746 2138 1825 2190 περὶ
1843 2139 1956 2176 αὐτῶν
1970 2138 2006 2177 δὲ
2022 2143 2089 2178 τῶν
2106 2140 2208 2192 Ἐφε·

1161 2193 1245 2231 σίων
1265 2194 1482 2247 Δημόκριτος
1501 2195 1661 2248 Ἐφέσιος
1680 2198 1716 2233 ἐν
1735 2198 1784 2249 τῷ
1805 2198 1963 2250 προτέρῳ
1983 2198 2070 2250 Περὶ
2090 2202 2149 2236 τοῦ
2168 2200 2206 2237 ἐν

1159 2251 1300 2305 Ἐφέσῳ
1332 2257 1435 2304 ναοῦ,
1476 2253 1699 2305 διηγούμενος
1725 2255 1804 2307 περὶ
1838 2258 1900 2302 τῆς
1931 2257 2054 2307 χλιδῆς
2090 2259 2204 2296 αὐτῶν

1159 2311 1218 2349 καὶ
1250 2305 1298 2349 ὧν
1328 2313 1470 2364 ἐφόρουν
1505 2315 1646 2364 βαπτῶν
1676 2313 1842 2363 ἱματίων,
1871 2315 1996 2367 γράφει
2016 2315 2076 2353 καὶ
2096 2316 2201 2355 τάδε·

1158 2388 1173 2404 «
1195 2368 1252 2408 Τὰ
1271 2369 1306 2407 δὲ
1337 2373 1404 2408 τῶν
1423 2370 1549 2409 Ἰώνων
1570 2371 1699 2424 ἷοὸαφῆ
1722 2371 1782 2409 καὶ
1797 2379 1958 2424 πορφυρᾶ
1979 2373 2039 2411 καὶ
2058 2374 2203 2426 κρόκινα

1157 2427 1297 2479 ῥόμὸοις
1316 2428 1469 2481 ὑφαντά·
1496 2430 1531 2467 αἱ
1550 2429 1584 2467 δὲ
1604 2429 1754 2482 κεφαλαὶ
1782 2431 1858 2468 κατ’
1883 2430 1944 2468 ἴσα
1961 2432 2203 2482 διειλημμέναι

1156 2486 1264 2539 ζῴοις.
1289 2487 1359 2525 Καὶ
1378 2487 1546 2539 σαράπεις
1565 2487 1703 2538 μήλινοι
1722 2487 1780 2526 καὶ
1801 2495 1968 2542 πορφυροῖ
1990 2489 2049 2528 καὶ
2066 2490 2202 2538 λευκοὶ,

1155 2547 1186 2583 οἱ
1210 2545 1244 2583 δὲ
1274 2546 1465 2598 ἁλουργεῖς.
1496 2545 1567 2585 Καὶ
1595 2545 1795 2599 καλασίρεις
1822 2549 2112 2600 Κορινθιουργεῖς·
2134 2549 2201 2587 εἶσὶ

1155 2602 1190 2640 δὲ
1223 2605 1259 2641 αἱ
1287 2603 1350 2653 μὲν
1381 2610 1555 2656 πορφυραῖ
1585 2603 1732 2655 τούτων,
1763 2607 1798 2643 αἱ
1820 2606 1856 2643 δὲ
1883 2606 2059 2659 ἷοὸαφεῒς,
2096 2609 2132 2645 αἱ
2162 2607 2198 2645 δὲ

1155 2660 1365 2700 ὑακίνθιναι·
1386 2662 1488 2701 λάὸοι
1508 2664 1537 2701 δ’
1563 2662 1604 2700 ἄν
1625 2679 1675 2706 τις
1696 2663 1756 2701 καὶ
1788 2666 1951 2717 φλογίνας
1973 2665 2033 2703 καὶ
2062 2667 2198 2703 θαλασ-

430 2791 702 2830 ARGOLICA.

88 2868 268 2900 Demetrius
284 2868 318 2900 in
335 2869 477 2902 secundo
496 2870 716 2911 Argolicorum
735 2872 756 2903 J
758 2871 872 2903 unonis
890 2871 923 2903 in
939 2871 1092 2912 Tirynthe

47 2918 128 2951 urhe
139 2919 371 2953 simulacrume
379 2922 450 2962 pyri
462 2921 544 2962 ligno
553 2921 594 2954 ab
606 2925 687 2963 Argo
698 2921 888 2955 fabricatum
899 2932 967 2955 esse
979 2923 1088 2956 tradit.

307 3014 374 3052 DE
403 3014 567 3054 REBUS
596 3015 800 3054 AEGYPTI
807 3046 815 3054 .

87 3091 267 3124 Demetrius
285 3092 317 3125 in
340 3094 448 3126 Rebus
461 3095 604 3136 AEgypti,
629 3095 712 3127 circa
726 3095 874 3136 Abydum
891 3095 1002 3127 urbem
1018 3095 1091 3128 istas

46 3149 113 3174 esse
135 3143 238 3184 spinas
258 3145 319 3185 ait,
337 3146 381 3178 ita
399 3147 565 3180 scribens:
585 3161 602 3176 α
623 3149 727 3181 Habet
746 3158 822 3181 vero
846 3149 935 3180 locus
962 3149 1091 3180 inferior

47 3194 141 3226 etiam
164 3197 285 3237 spinam
299 3199 460 3239 quandam
473 3201 620 3233 arborem
633 3226 642 3240 ,
659 3210 732 3241 quae
750 3202 888 3233 fructum
906 3202 966 3232 sert
983 3203 1089 3232 rotun-

48 3242 168 3278 durnin
184 3250 315 3282 ramulis
339 3251 531 3290 quibusdam
546 3253 792 3285 orbicularibus.
812 3254 921 3284 Floret
941 3261 1035 3291 vere,
1059 3254 1090 3284 et

48 3294 188 3328 colorem
202 3298 257 3331 llos
271 3300 366 3334 habet
390 3303 690 3342 splendidissimum.
715 3306 872 3337 Narratur
895 3313 973 3336 vero
993 3303 1088 3335 etiam

49 3344 154 3378 s³b¹¹¹³
171 3349 317 3388 (luaedam
339 3353 379 3384 ab
401 3355 574 3395 AEgyptiis,
602 3356 767 3396 AEthiopas
792 3355 918 3388 Troiam
942 3355 1053 3387 missos
1071 3363 1089 3386 a

49 3396 205 3439 Tithono,
228 3404 394 3443 postquam
417 3409 635 3446 cognoverunt
654 3408 767 3440 obiisse
784 3410 1005 3447 Memnonem,
1030 3407 1090 3439 hoc

1151 2772 1183 2803 in
1199 2772 1269 2804 loco
1287 2781 1422 2804 coronas
1440 2773 1471 2804 in
1488 2774 1563 2805 istas
1582 2774 1687 2814 spinas
1705 2774 1885 2814 conjecisse.
1909 2776 1992 2807 Sunt
2010 2778 2118 2809 autem
2133 2775 2194 2818 ipsi

1152 2825 1284 2864 ramuli,
1301 2834 1319 2857 e
1336 2826 1452 2866 quibus
1465 2825 1521 2858 ssos
1538 2826 1690 2866 nascitur,
1707 2827 1833 2859 coronis
1848 2827 1977 2859 similes.
1996 2841 2013 2856 2.

1391 2916 1457 2954 DE
1485 2916 1690 2954 TEMPLO
1719 2917 1951 2956 EPHESIO.

1192 3004 1357 3036 Perierunt
1376 3004 1469 3036 etiam
1490 3006 1670 3045 Magnetes,
1693 3005 1737 3037 illi
1755 3007 1808 3046 qui
1833 3006 1873 3038 ad
1890 3006 2091 3038 Maeandrum
2114 3007 2196 3038 inco-

1150 3054 1237 3093 lunt,
1253 3064 1290 3086 eo
1308 3055 1395 3095 quod
1417 3056 1635 3096 voluptatibus
1651 3056 1745 3088 nimis
1764 3056 1979 3096 indulserant,
1998 3059 2033 3089 ut
2055 3059 2099 3089 ait
2122 3057 2194 3089 cal-

1151 3105 1233 3137 linus
1249 3106 1278 3137 in
1296 3107 1409 3146 Elegiis
1420 3130 1428 3144 ‚
1447 3109 1479 3138 et
1495 3108 1715 3146 Archilochus.
1739 3110 1819 3140 Nam
1834 3109 1865 3140 in
1878 3109 2065 3141 servitutem
2078 3107 2195 3140 redacti

1149 3159 1222 3188 sunt
1236 3157 1276 3188 ab
1292 3158 1443 3197 Ephesiis.
1461 3160 1508 3190 De
1522 3158 1595 3198 ipsis
1609 3168 1703 3199 porro
1719 3160 1859 3199 Ephesiis
1876 3160 2076 3191 Democritus
2092 3159 2195 3199 Ephe-

1149 3207 1213 3239 sius
1227 3209 1328 3248 primo
1342 3209 1423 3240 libro
1442 3212 1487 3241 De
1508 3210 1626 3250 templo
1646 3210 1799 3250 Ephesio,
1821 3211 1983 3242 luxuriam
1999 3219 2111 3242 eorum
2131 3218 2190 3240 ex-

1150 3267 1269 3298 ponens
1278 3263 1309 3290 et
1320 3259 1419 3299 pictas
1427 3269 1505 3300 quas
1513 3261 1679 3300 gestabant
1692 3263 1808 3301 vestes,
1824 3262 1893 3293 haec
1906 3261 2015 3293 scribit
2030 3273 2038 3292 ε
2055 3273 2070 3286 α
2085 3261 2194 3291 Vestes

1149 3312 1263 3342 Ionum
1281 3311 1412 3343 violacei
1427 3315 1501 3344 sunt
1514 3313 1640 3353 coloris,
1655 3315 1687 3345 et
1701 3314 1872 3354 purpurei,
1886 3315 1918 3345 et
1929 3313 2031 3345 crocei
2042 3336 2051 3351 ‚
2064 3310 2193 3342 intextis

1150 3362 1292 3394 rhombis
1322 3375 1330 3395 ε
1361 3364 1560 3396 summitates
1596 3373 1673 3396 vero
1704 3365 1815 3396 formis
1843 3364 2014 3404 figurisque
2050 3361 2191 3402 aequabi-

1150 3413 1222 3446 liter
1238 3413 1406 3447 distinctae.
1426 3417 1574 3457 Sarapes
1588 3416 1664 3448 item
1682 3416 1760 3448 lutei
1777 3418 1808 3447 et
1828 3415 1982 3455 purpurei
1998 3415 2028 3445 et
2045 3412 2124 3452 albi;
2139 3412 2181 3443 ali
