2326 3724
871 174 1504 273 NONNOSUS.

171 528 393 574 Nonnosus,
411 529 584 567 Abramoe
602 530 649 576 ἐζ,
670 531 851 579 scripturn
870 532 1025 579 reliquit
1043 531 1092 567 de
1106 531 1161 567 le-

116 587 269 634 gatione
285 599 399 636 quam
416 587 466 624 ad
481 589 710 634 Saracenos,
728 591 950 626 Auxumitas
964 597 1002 625 et
1018 591 1160 625 Home-

115 645 206 682 ritas
219 647 422 683 Justiniani
443 649 680 697 temporibus
700 648 763 696 (c.
785 660 847 684 an.
870 647 970 695 533)
994 648 1157 683 obierat.

115 701 276 740 Natione
291 706 427 752 Syrum
437 705 550 742 fuisse
566 719 612 742 ex
630 707 750 755 patris
767 708 922 742 nomine
941 708 1155 755 suspiceris.

114 763 225 799 Pater
239 763 302 799 ille
320 764 432 799 sicuti
452 765 565 800 etiam
583 777 675 801 avus
693 765 864 801 Nonnosi
877 792 888 809 ,
913 766 984 813 ipsi
1004 777 1158 813 quoque

114 820 163 857 ad
180 820 322 857 Arabes
349 821 557 869 legationes
586 829 843 871 susceperant.
878 824 972 858 Nam
992 834 1085 858 avus
1109 823 1156 858 ab

113 879 311 915 Anastasio
343 879 436 928 imp.
461 879 510 916 ad
531 881 710 917 Aretham
738 881 816 929 (Al
837 880 1002 926 flamm,
1024 881 1156 917 Ambri

111 937 139 974 f.
152 964 163 982 ,
195 937 472 974 Saracenorum
506 938 792 976 Chindenorum
828 939 839 988 (
853 940 984 975 Kende
1019 940 1125 978 arab,
1142 940 1152 988 )

111 995 323 1044 principem
346 1008 385 1031 v.
408 996 574 1032 Pocock.
605 997 716 1044 Spec.
743 997 831 1037 hist.
862 1010 904 1045 p.
930 997 1004 1046 69)
1024 999 1156 1035 missus

110 1061 181 1098 cst,
199 1061 242 1089 ut
260 1055 364 1102 pacis
382 1054 524 1090 foedera
545 1063 794 1103 componeret
824 1056 952 1104 (Phot.
970 1055 992 1104 §
1018 1069 1031 1091 1
1051 1055 1062 1106 )
1089 1057 1152 1106 (²⁶),

110 1111 221 1148 Pater
236 1124 326 1148 vero
342 1114 514 1149 Nonnosi
528 1114 599 1149 sub
614 1115 763 1149 Justino
778 1115 870 1162 imp.
887 1114 934 1151 ad
949 1115 1157 1151 Ahnunda-

110 1181 195 1205 rum
202 1169 252 1219 (A
257 1172 439 1214 lmondm,
453 1173 668 1207 flirensium
677 1184 802 1220 regem
813 1172 1003 1208 decimum
1010 1181 1156 1210 sextum

108 1241 170 1278 ap.
187 1231 354 1267 Pocock.
371 1244 413 1279 p.
431 1230 520 1278 69),
546 1243 591 1268 ac
601 1239 734 1280 postea
750 1231 799 1267 ad
810 1240 988 1281 nepotem
1007 1233 1156 1270 Arethae

109 1288 274 1334 Caisum,
292 1289 578 1326 Chindenorum
597 1297 634 1326 et
646 1290 922 1326 Maadenorum
942 1289 1009 1338 ζμ)
1028 1292 1157 1340 praefe-

108 1355 232 1394 ctum,
259 1350 365 1385 venit
388 1350 548 1398 legatus.
568 1350 742 1397 Denique
766 1350 968 1386 Nonnosus
992 1362 1011 1386 a
1032 1352 1155 1387 Justi-

107 1408 221 1443 niano
243 1407 293 1444 ad
311 1407 474 1443 eundem
490 1407 641 1445 Caisum
653 1434 664 1452 ‚
694 1408 756 1443 cui
772 1409 1017 1455 persuaderet
1036 1417 1080 1445 ut
1105 1410 1154 1446 ad

107 1470 374 1514 imperatorem
385 1478 423 1502 se
437 1466 642 1510 conferret,
657 1472 739 1502 tum
750 1478 843 1502 vero
859 1467 909 1503 ad
922 1469 1152 1504 Auxumata-

107 1536 192 1560 rum
208 1536 336 1572 regem
362 1523 561 1560 Elesbaam
586 1530 623 1560 et
645 1524 694 1560 ad
718 1526 933 1561 Homeritas
958 1526 1153 1575 profectus

106 1590 174 1618 est.
197 1583 312 1631 Apud
330 1582 481 1620 Caisum
504 1583 598 1618 nihil
614 1583 766 1620 videtur
781 1584 1004 1632 profecisse,
1026 1598 1149 1633 quan-

106 1641 315 1689 doquidem
346 1641 518 1678 Abramae
547 1641 701 1678 tandem
713 1668 726 1687 ,
762 1641 887 1678 denuo
917 1643 966 1679 ad
1001 1643 1151 1682 (laisum

107 1701 217 1735 misso
230 1727 241 1745 ‚
269 1700 429 1748 contigit
446 1707 490 1735 ut
513 1700 742 1736 Saracenum
761 1701 875 1737 istum
901 1701 952 1738 ad
972 1702 1151 1739 Justinia-

105 1771 195 1794 num
210 1758 430 1794 adduceret.
452 1759 653 1795 Elesboam
666 1771 735 1795 cur
751 1761 952 1797 Nonnosus
970 1773 1152 1798 convene-

105 1817 154 1852 rit
172 1817 345 1853 disertius
360 1829 439 1852 non
454 1817 636 1854 indicavit
654 1818 811 1854 Photius
821 1845 833 1864 ,
857 1820 923 1867 qui
941 1831 987 1856 ex
1005 1822 1150 1870 scripto

105 1888 227 1924 pauca
244 1882 391 1912 tantum
417 1887 500 1924 quae
525 1876 576 1912 ad
600 1877 744 1913 itineris
762 1878 934 1926 pericula
961 1886 999 1915 et
1025 1881 1150 1929 regio-

104 1946 194 1971 num
221 1936 552 1984 populorumque,
577 1947 674 1984 quos
701 1936 798 1972 vidit
826 1937 1051 1987 Nonnusus,
1082 1939 1148 1976 de-

103 1995 348 2042 scriptionem
365 1995 568 2042 pertinent,
579 1996 761 2031 enotavit.
778 1996 904 2042 Quare
914 1996 960 2032 ad
973 1997 1149 2034 Malalam

102 2059 139 2087 et
153 2053 423 2101 Theophanem
440 2053 754 2102 chronographos
772 2066 842 2090 nos
859 2062 1122 2093 convertamus
1136 2085 1147 2102 ‚

103 2122 268 2158 quorum
287 2119 422 2148 auctor
438 2113 531 2159 quin
546 2113 717 2149 Nonnosi
732 2123 828 2161 opus
851 2115 1002 2150 noverit
1017 2122 1056 2151 et
1081 2116 1146 2152 ad-

102 2169 288 2218 hibuerit,
315 2183 403 2206 cum
431 2171 680 2219 Humphredo
699 2172 838 2219 Hodyo
867 2171 1066 2222 (Prolegg.
1099 2175 1148 2211 ad

102 2227 277 2264 Malalam
288 2241 327 2277 p.
340 2239 468 2266 xrvrn
484 2228 546 2265 ed.
561 2227 699 2273 Bonn.)
714 2236 752 2266 et
763 2229 943 2266 Gibbono
957 2229 1062 2282 (cap.
1081 2237 1148 2284 41,

102 2293 182 2323 not.
200 2292 249 2335 94
265 2287 276 2335 )
301 2288 426 2323 nullus
444 2286 595 2324 dubito.

154 2345 308 2380 Malalas
326 2344 465 2382 Chron.
482 2358 522 2393 p.
545 2344 643 2394 456,
663 2350 714 2388 24
734 2347 796 2383 ed.
813 2348 935 2384 Bonn.
960 2347 1016 2398 (et
1028 2350 1147 2386 Theo-

101 2402 219 2450 phan.
242 2415 283 2451 p.
305 2402 405 2452 377)
432 2416 442 2439 ε
467 2401 510 2439 Ὁ
535 2402 571 2439 δὲ
593 2403 755 2453 βασιλεὺς
777 2403 967 2453 Ῥωμαίων
995 2406 1146 2449 ἀκούσας

101 2458 198 2510 παρὰ
211 2463 270 2497 τοῦ
285 2460 471 2512 πατρικίου
491 2459 676 2513 Ῥουφίνου
692 2461 755 2509 τὴν
772 2462 868 2514 παρὰ
888 2463 1058 2512 Κωάδου,
1077 2468 1143 2518 βα-

102 2516 224 2561 σιλέως
252 2519 412 2570 Περσῶν,
436 2519 654 2572 παράὸασιν,
683 2519 832 2566 ποιήσας
851 2521 943 2566 θείας
973 2522 1146 2568 κελεύσεις

103 2576 308 2630 κατέπεμψε
329 2576 416 2628 πρὸς
445 2578 502 2615 τὸν
526 2577 671 2628 βασιλέα
692 2580 760 2616 τῶν
783 2578 1008 2629 Αὐξουμιτῶν
1023 2597 1032 2606 ·
1054 2579 1146 2626 ὅστις

105 2633 268 2684 βασιλεὺς
289 2634 407 2674 Ἰνδῶν
425 2635 606 2685 συμὸολὴν
620 2636 769 2682 ποιήσας
789 2637 879 2686 μετὰ
895 2640 956 2675 τοῦ
973 2639 1144 2690 βασιλέως

100 2694 168 2730 τῶν
188 2693 374 2745 Ἆμεριτῶν
389 2692 474 2746 (’“**)
489 2694 618 2744 Ἰνδῶν,
633 2694 726 2733 κατὰ
738 2695 865 2747 κράτος
877 2696 1020 2742 νικήσας
1036 2698 1145 2750 παρέ-

143 2791 185 2832 (*)
201 2791 342 2825 Pertinet
355 2793 428 2825 haec
444 2793 559 2832 legatio
576 2793 616 2826 ad
641 2794 720 2826 illud
737 2796 864 2835 tempus
882 2804 948 2835 quo
963 2795 1146 2828 Badichari-

101 2846 184 2878 mus,
197 2839 323 2871 Arellioe
337 2839 430 2879 filius,
444 2841 646 2872 Palaestinam
658 2842 689 2872 et
701 2841 895 2873 rhoeniciam
908 2842 1144 2875 incursionibus

100 2884 231 2917 vexavit
245 2884 294 2924 (c,
316 2894 368 2917 an.
388 2887 474 2925 498).
492 2886 573 2918 Vide
597 2887 784 2927 Tlieoplian.
809 2887 930 2919 chron.
954 2896 984 2928 p.
1015 2893 1074 2920 222
1091 2889 1142 2921 ed.

102 2931 202 2963 Bonn.
214 2955 224 2971 ,
241 2932 314 2964 coll.
330 2934 445 2973 Euagr.
464 2934 502 2965 Il.
524 2934 607 2964 Eccl.
625 2935 689 2971 111,
714 2938 772 2972 36,
787 2935 819 2965 et
837 2936 969 2974 Procop.
989 2937 1142 2976 panegyr.

100 2977 131 3009 iu
144 2981 284 3011 Anastas.
296 2987 329 3019 p.
342 2982 400 3010 497
419 2980 469 3011 ed.
485 2981 575 3013 Nieb.
588 2992 596 3018 ;
609 2981 780 3012 'I‘illemont
798 2983 886 3012 Hz'st.
903 2981 962 3013 des
985 2990 1071 3023 emp.
1088 2985 1143 3025 VI,

99 3031 132 3064 p.
152 3029 228 3063 5563
243 3027 286 3057 Le
306 3027 390 3058 Beau
408 3028 494 3059 Hist.
516 3026 563 3059 da
581 3027 640 3058 bas
657 3035 744 3066 emp.
763 3029 858 3066 VIII,
875 3036 908 3068 p.
923 3031 997 3060 359.

141 3072 199 3111 (Η)
217 3073 377 3110 Μααδηνοὶ
392 3073 476 3104 haud
493 3074 588 3105 dubie
606 3074 700 3106 iidem
718 3076 804 3114 sunt,
819 3075 872 3115 qui
893 3075 977 3115 apud
994 3076 1072 3108 alios
1085 3084 1142 3108 au·

101 3118 204 3149 (stores
222 3121 379 3150 vocantur
394 3120 581 3151 Μαδιανῖται
592 3144 600 3158 ,
617 3121 780 3160 Μαδιηνοὶ,
798 3122 984 3159 Μαδιηναῖοι
1000 3121 1144 3163 (Midia-

102 3166 174 3195 m'm
190 3164 370 3203 hebraice).
385 3165 436 3198 Cf.
452 3167 612 3204 Fon-Inger.
636 3168 751 3206 Geoyr.
770 3176 801 3207 p.
818 3170 891 3200 744.

143 3210 227 3251 (***)
243 3211 295 3244 Sic
311 3212 407 3244 etiam
420 3214 590 3245 Nonnosus
612 3222 662 3253 ap.
680 3214 828 3246 I’Iiotinm
843 3224 901 3255 pro
918 3215 1040 3255 vulgari
1053 3225 1140 3250 nom.

101 3257 284 3298 Ὁμηριτῶν.
307 3259 452 3290 Elesbaas
468 3259 587 3297 (Adaei
601 3260 788 3299 Theophan.
808 3261 1141 3300 p.3!16.AndasMal.

103 3313 135 3345 p.
150 3307 232 3344 434)
248 3305 485 3344 Dimnum(vel
501 3306 691 3339 Damianum
716 3314 780 3338 ser.
811 3307 953 3347 Tlieopli.
968 3309 997 3347 ),
1011 3308 1064 3347 qui
1080 3309 1140 3340 Ro·

102 3359 272 3385 manorum
283 3353 474 3385 mercatores
483 3350 687 3391 christianos,
703 3351 924 3393 instigantibus
939 3354 958 3385 J
962 3354 1073 3394 udonis,
1088 3362 1140 3386 oc-

1221 529 1309 567 λαὸε
1328 528 1373 567 τὰ
1395 528 1557 581 βασίλεια
1575 530 1681 570 aaron
1700 531 1761 570 καὶ
1779 531 1841 578 τὴν
1857 531 1976 584 χώραν
1998 533 2105 572 αὐτοῦ
2123 537 2256 583 πᾶσαν,

1221 586 1280 624 καὶ
1301 587 1460 633 ἐποίησεν
1479 590 1556 626 ἀντ’
1572 591 1675 628 αὐτοῦ
1694 590 1841 640 βασιλέα
1854 592 1923 628 τῶν
1939 591 2127 643 Ἀμεριτῶν
2142 590 2260 632 Ἰνδῶν

1221 646 1261 681 ἐκ
1278 647 1336 683 τοῦ
1357 645 1444 683 ἰδίου
1462 644 1581 695 γένους
1601 645 1771 698 Ἀγγάνην
1797 647 1854 686 διὰ
1871 648 1912 687 τὸ
1927 642 2015 687 εἶναι
2042 649 2104 687 καὶ
2121 648 2162 688 τὸ
2189 652 2260 688 τῶν

1221 701 1407 754 Ἀμεριτῶν
1424 702 1544 742 Ἰνδῶν
1566 705 1741 755 βασίλειον
1752 705 1812 743 ὑπ’
1826 705 1944 747 αὐτόν.
1997 706 2069 747 Καὶ
2089 707 2258 746 ἀποπλεύ-

1220 774 1284 802 σας
1305 762 1324 797 ὁ
1341 760 1557 812 πρεσὸευτὴς
1574 761 1763 812 Ῥωμαίων
1776 763 1833 801 ἐπὶ
1856 762 2111 817 Ἀλεξανδρείαν
2131 765 2188 804 διὰ
2199 769 2260 804 τοῦ

1220 817 1347 857 Νείλου
1366 822 1526 869 ποταμοῦ
1545 820 1605 858 καὶ
1625 823 1688 867 τῆς
1706 820 1855 867 Ἰνδικῆς
1870 822 2048 870 θαλάσσης
2063 822 2259 877 κατέφθασε

1217 875 1263 913 τὰ
1293 875 1425 916 Ἰνδικὰ
1466 877 1572 930 μέρη.
1611 878 1685 918 Καὶ
1715 879 1876 918 εἰσελθὼν
1907 879 2005 932 παρὰ
2039 882 2091 933 τῷ
2125 882 2258 933 βασιλεῖ

1217 935 1286 972 τῶν
1314 933 1452 983 Ἰνδῶν,
1471 935 1562 986 μετὰ
1591 942 1705 989 χαρᾶς
1723 939 1855 984 πολλῆς
1882 936 2034 986 ἐξενίσθη
2060 941 2080 977 ὅ
2099 939 2259 990 βασιλεὺς

1218 991 1349 1039 Ἰνδῶν,
1369 993 1422 1032 ὅτι
1442 993 1499 1032 διὰ
1513 995 1652 1033 πολλῶν
1671 995 1805 1048 χρόνων
1823 996 1952 1044 ἠξιώθη
1973 996 2062 1047 μετὰ
2081 1001 2142 1036 τοῦ
2159 1000 2258 1050 βασι-

1217 1050 1303 1094 λέως
1330 1051 1520 1102 Ῥωμαίων
1551 1053 1748 1099 κτήσασθαι
1772 1054 1904 1106 φιλίαν.
1927 1054 1992 1099 Ὣς
2011 1055 2048 1094 δὲ
2079 1053 2258 1107 ἐξηγήσα-

1216 1124 1256 1147 το
1274 1110 1323 1161 (*)
1351 1112 1370 1148 ὁ
1392 1110 1492 1155 αὐτὸς
1511 1111 1747 1165 πρεσὸευτὴς,
1779 1111 1838 1150 ὅτε
1854 1112 1994 1158 ἐδέξατο
2022 1113 2126 1152 αὐτὸν
2151 1116 2172 1152 ὁ
2188 1116 2258 1153 τῶν
2278 1155 2280 1158 ,

1217 1167 1336 1208 Ἰνδῶν
1367 1169 1553 1220 βασιλεὺς,
1577 1171 1783 1223 ὑφηγήσατο
1811 1171 1850 1210 τὸ
1869 1174 1993 1224 σχῆμα
2024 1173 2086 1219 τῆς
2117 1173 2256 1223 βασιλι-

1215 1230 1280 1275 κῆς
1305 1229 1373 1266 τῶν
1402 1227 1522 1268 Ἰνδῶν
1552 1230 1824 1282 καταστάσεως,
1858 1230 1911 1268 ὅτι
1939 1230 2068 1283 γυμνὸς
2099 1233 2256 1284 ὑπῆρχε,

1216 1286 1275 1324 καὶ
1292 1285 1383 1325 κατὰ
1403 1291 1462 1326 τοῦ
1487 1287 1670 1338 ζώσματος
1686 1290 1734 1332 εἷς
1751 1287 1813 1332 τὰς
1832 1288 1923 1342 ψύας
1942 1291 2050 1328 αὐτοῦ
2065 1289 2255 1343 λινόχρυσα

1215 1345 1359 1394 ἱμάτια,
1390 1344 1483 1384 κατὰ
1510 1345 1546 1384 δὲ
1565 1349 1626 1393 τῆς
1653 1346 1802 1399 γαστρὸς
1821 1346 1883 1386 καὶ
1907 1349 1976 1386 τῶν
2003 1347 2110 1397 ὤμων
2140 1351 2255 1401 φορῶν

1216 1403 1386 1456 σχιαστὰς
1409 1403 1560 1455 (σχιστὰ
1577 1406 1751 1455 Theoph.
1769 1407 1780 1456 )
1799 1405 1856 1443 διὰ
1875 1408 2099 1458 μαργαριτῶν
2114 1406 2174 1444 καὶ
2194 1407 2256 1458 [ἐν

1214 1467 1283 1506 τοῖς
1301 1461 1480 1515 βραχίοσιν
1495 1464 1583 1503 add.
1601 1465 1775 1514 Theoph.
1791 1464 1806 1516 ]
1826 1463 1957 1502 κλαὸία
1977 1463 2043 1502 ἀνὰ
2061 1464 2182 1513 πέντε,
2195 1465 2255 1503 καὶ

1213 1526 1330 1573 χρυσᾶ
1350 1521 1456 1574 ψέλια
1476 1522 1523 1565 εἷς
1542 1521 1604 1566 τὰς
1633 1528 1754 1575 χεῖρας
1782 1524 1910 1573 αὑτοῦ,
1929 1524 1966 1560 ἐν
1997 1522 2034 1561 δὲ
2052 1525 2098 1572 τῇ
2118 1524 2254 1576 κεφαλῇ

1214 1581 1318 1618 αὐτοῦ
1350 1580 1559 1632 λινόχρυσον
1579 1581 1760 1633 φακιόλιον
1781 1580 2098 1634 ἓσφενδονισμένον,
2118 1580 2198 1633 ἔχον
2219 1581 2255 1627 ἐξ

1215 1637 1420 1690 ἀμφοτέρων
1439 1641 1507 1677 τῶν
1527 1642 1641 1692 μερῶν
1661 1639 1778 1692 σειρὰς
1795 1639 1988 1691 τέσσαρας,
2008 1640 2070 1679 καὶ
2089 1641 2254 1690 μανιάκιν

1212 1701 1361 1749 χρυσοῦν
1389 1698 1424 1735 ἐν
1445 1699 1494 1748 τῷ
1521 1698 1691 1750 τραχήλῳ
1710 1700 1835 1736 αὐτοῦ·
1861 1699 1922 1736 καὶ
1939 1697 2065 1737 ἵστατο
2090 1699 2254 1750 ὑπεράνω

1212 1755 1392 1808 τεσσάρων
1409 1755 1605 1809 ἐλεφάντων
1619 1757 1768 1808 ἐχόντων
1784 1757 1884 1808 ζυγὸν
1898 1756 1958 1795 καὶ
1971 1771 2116 1810 τροχους
2132 1757 2176 1805 δ’,
2192 1758 2253 1796 καὶ

1212 1814 1330 1852 ἐπάνω
1348 1816 1395 1857 ὡς
1412 1814 1533 1866 ὄχημα
1554 1815 1685 1867 ὑψηλὸν
1705 1815 1942 1870 ἠμφιεσμένον
1966 1815 2126 1868 χρυσέοις
2142 1816 2252 1855 πετά·

1211 1873 1301 1923 λοις,
1318 1872 1438 1924 ὥσπερ
1456 1872 1531 1910 ἐστὶ
1549 1873 1594 1911 τὰ
1607 1875 1676 1911 τῶν
1693 1874 1869 1926 ἀρχόντων
1885 1876 1955 1913 τῶν
1971 1875 2148 1927 ἐπαρχιῶν
2164 1873 2252 1926 ὀχή-

1211 1945 1306 1980 ματα
1317 1930 1456 1983 ἄργύρῳ
1466 1931 1703 1984 ἠμφιεσμένα.
1719 1933 1790 1971 Καὶ
1800 1930 1923 1970 ἵστατο
1933 1931 2051 1970 ἐπάνω
2061 1935 2080 1970 ὃ
2090 1931 2252 1984 βασιλεὺς
2315 1923 2326 1969 2⁵:

1209 1991 1277 2026 τῶν
1291 1988 1409 2028 Ἰνδῶν
1426 1989 1609 2040 βαστάζων
1625 1991 1830 2042 σκουτάριον
1846 1991 1968 2042 μικρὸν
1985 1991 2250 2044 κεχρυσωμένον

1209 2045 1268 2084 καὶ
1295 2045 1355 2085 δύο
1375 2047 1541 2099 λαγκίδια
1564 2046 1624 2086 καὶ
1645 2047 1736 2085 αὐτὰ
1755 2048 2008 2100 κεχρυσωμένα
2034 2050 2193 2100 κατέχων
2211 2050 2249 2088 ἐν

1207 2111 1283 2149 ταῖς
1301 2105 1421 2158 χερσὶν
1443 2107 1562 2144 αὐτοῦ.
1581 2104 1655 2144 Καὶ
1673 2105 1782 2150 οὕτως
1800 2104 1923 2144 ἵστατο
1941 2111 2041 2145 πᾶσα
2057 2109 2078 2153 ἡ
2095 2106 2250 2158 σύγκλη·
2312 2148 2313 2151 ,

1208 2179 1264 2207 τος
1282 2165 1386 2203 αὐτοῦ
1401 2163 1475 2214 μεθ’
1491 2162 1621 2212 ὅπλων,
1642 2165 1654 2217 (
1670 2164 1731 2203 καὶ
1752 2165 1875 2215 αὐλοὶ)
1898 2164 2038 2218 ᾅδοντες
2057 2162 2148 2215 μέλη
2164 2179 2249 2216 μου.

1208 2222 1304 2263 σικά.
1326 2224 1451 2262 Verba
1466 2222 1526 2261 καὶ
1546 2223 1645 2262 αὐλοὶ
1665 2237 1745 2261 non
1761 2224 1879 2262 habet
1897 2225 2070 2274 Theoph.

1262 2280 1335 2321 Καὶ
1367 2280 1569 2333 εἷσενεχθεὶς
1598 2282 1618 2319 ὁ
1635 2281 1851 2334 πρεσὸευτὴς
1867 2281 2054 2331 Ῥωμαίων
2073 2281 2193 2325 κλίνας
2208 2280 2250 2322 τὸ

1208 2337 1290 2390 γόνυ
1315 2339 1572 2392 προσεκύνησε·
1599 2340 1660 2379 καὶ
1687 2339 1865 2379 ἐκέλευσεν
1895 2342 1914 2378 ὁ
1937 2339 2102 2392 βασιλεὺς
2130 2338 2247 2380 Ἰνδῶν

1207 2398 1400 2444 ἀναστῆναί
1413 2414 1457 2448 με
1480 2399 1554 2449 (τεῖ
1566 2399 1714 2449 Dindi.)
1732 2399 1793 2438 καὶ
1813 2400 2008 2450 ἀναχθῆναι
2024 2397 2110 2449 πρὸς
2127 2397 2244 2438 αὐτόν.

1209 2457 1280 2496 Καὶ
1301 2457 1481 2507 δεξάμενος
1509 2457 1573 2504 τὴν
1601 2461 1663 2496 τοῦ
1697 2457 1866 2510 βασιλέως
1896 2456 2088 2508 Ῥωμαίων
2115 2456 2248 2510 σάκραν
2306 2454 2307 2459 ’

1207 2515 1421 2567 κατεφίλησε
1440 2518 1503 2561 τὴν
1524 2516 1699 2568 σφραγῖδα
1720 2516 1809 2568 [τὴν
1825 2514 1976 2567 ἔχουσαν
1995 2514 2035 2553 τὸ
2051 2514 2246 2566 σπηθάριον
2300 2518 2324 2569 ’ᾗ

1205 2576 1264 2610 τοῦ
1293 2573 1461 2624 βασιλέως
1491 2575 1581 2614 add.
1602 2576 1772 2624 Theoph.
1788 2573 1818 2625 ].
1847 2572 2038 2623 Δεξάμενος
2065 2570 2102 2611 δὲ
2123 2573 2184 2611 καὶ
2202 2571 2246 2610 τὰ

1206 2631 1298 2683 δῶρα
1314 2630 1360 2668 τὰ
1377 2631 1576 2683 πεμφθέντα
1594 2631 1661 2669 ὑπὸ
1679 2634 1738 2669 τοῦ
1759 2630 1928 2683 βασιλέως
1955 2629 2142 2681 ἐξεπλάγη.
2170 2628 2244 2670 Λῦ-
2298 2654 2315 2675 ,

1206 2703 1269 2733 σας
1285 2689 1322 2726 δὲ
1342 2687 1402 2727 καὶ
1426 2688 1591 2739 ἀναγνοὺς
1611 2689 1654 2726 δι’
1675 2689 1850 2741 ἑρμηνέως
1868 2689 1913 2727 τὰ
1931 2687 2148 2740 γράμματα,
2167 2680 2245 2738 εὗρε
2300 2688 2323 2734 ’μ’-’-

1203 2795 1343 2836 emerat,
1370 2795 1453 2828 bello
1477 2804 1640 2834 aggressus
1659 2800 1719 2835 est,
1743 2797 1931 2837 victumque
1954 2803 2052 2835 regno
2079 2794 2187 2834 exuit,
2210 2796 2245 2828 et

1206 2843 1436 2883 (Christianam
1460 2843 1644 2882 religionem
1669 2843 1862 2883 amplexus)
1888 2844 1929 2874 ab
1945 2843 2138 2884 imperatore
2149 2842 2242 2875 Rom.
2304 2861 2306 2866 =

1203 2890 1385 2930 episcopum
1402 2890 1513 2929 petivit
1527 2890 1538 2928 (
1550 2889 1633 2921 circa
1650 2893 1709 2921 522
1723 2891 1746 2928 ).
1762 2891 1802 2920 V.
1824 2890 1954 2922 Malaias
1969 2898 2002 2929 p.
2028 2891 2115 2928 433;
2135 2888 2244 2921 Theo·

1203 2936 1301 2976 pisan.
1321 2944 1351 2975 p.
1368 2938 1440 2974 436,
1457 2935 1531 2966 coll.
1551 2943 1583 2975 p.
1599 2939 1680 2973 2613
1696 2935 1830 2967 cedi-en.
1847 2937 1861 2966 1
1873 2959 1882 2974 ‚
1895 2943 1927 2975 p.
1959 2939 2020 2966 (356
2039 2934 2117 2974 (qni
2134 2935 2242 2967 tamen
2295 2940 2297 2945 ’
2325 2945 2326 2968 ς

1203 2983 1285 3014 veris
1301 2981 1378 3014 salsa
1394 2981 1574 3022 miscent);
1588 2983 1723 3021 Procop.
1744 2983 1827 3013 Pers.
1843 2983 1876 3020 I,
1895 2983 1941 3012 19,
1959 2985 2011 3012 20.
2029 2980 2167 3013 Gibbon.
2186 2981 2243 3014 1.I.

1243 3028 1288 3070 (*)
1302 3028 1486 3068 Theophan.
1498 3037 1530 3068 p.
1544 3030 1602 3060 377
1620 3038 1628 3059 :
1641 3028 1795 3068 Ἐξηγεῖτο
1806 3028 1838 3059 δὲ
1851 3027 2024 3059 ἐπανελθὼν
2037 3028 2056 3058 ὁ
2067 3027 2159 3064 αὐτὸς
2170 3026 2244 3060 Ἰου-
2288 3025 2300 3038 ”

1202 3075 1303 3110 λιανὸς
1313 3098 1322 3113 ,
1337 3074 1383 3105 ὅτι
1395 3099 1403 3114 ,
1417 3074 1470 3105 ὅτε
1485 3075 1606 3110 ἐδέξατο
1619 3074 1723 3114 αὐτὸν,
1737 3075 1850 3114 γυμνὸς
1865 3073 1903 3112 ἦν
1918 3075 1937 3104 ὁ
1953 3073 2095 3114 βασιλεὺς
2112 3072 2240 3114 Ἀρέθας.
2291 3103 2307 3107 .,

1204 3121 1421 3160 Praeterqnam
1434 3120 1521 3160 quod
1535 3128 1639 3160 regem
1653 3120 1803 3152 Aretliam
1814 3144 1824 3159 ‚
1841 3119 1980 3159 legatum
1993 3119 2160 3151 sulianum
2171 3128 2242 3160 per·
2289 3129 2294 3166 Ἰ

1202 3176 1310 3208 peram
1330 3167 1407 3199 dicit
1421 3166 1647 3206 Theophanes,
1671 3167 1858 3206 legationem
1876 3166 1957 3198 lianc
1972 3167 2005 3198 in
2021 3166 2160 3206 primum
2177 3168 2240 3199 Ju—
2290 3179 2309 3203 -3

1201 3214 1274 3246 stini
1298 3214 1445 3253 imperat.
1468 3221 1588 3245 annum
1604 3213 1764 3245 transfert.
1788 3214 1911 3245 Verum
1927 3213 2009 3253 regis
2024 3212 2240 3245 nomenme-
2284 3211 2306 3260 ἐξ

1201 3261 1299 3297 σὸαᾶς
1323 3260 1467 3300 Theoph.
1492 3259 1589 3291 habet
1607 3267 1639 3300 p.
1668 3263 1740 3291 261.
1768 3258 1859 3299 Apud
1889 3258 2036 3291 Malaiam
2066 3257 2239 3290 orationem
2282 3275 2307 3283 »

1201 3307 1362 3339 turbatam
1376 3307 1408 3338 in
1422 3305 1567 3339 ordinem
1584 3305 1724 3347 redigere
1739 3307 1862 3347 possis,
1878 3305 1987 3346 ejectis
2002 3303 2106 3338 verbis
2119 3304 2238 3346 ὑφηγή·
2283 3310 2308 3363 ,ζ

1201 3364 1317 3385 σστο...
1334 3352 1393 3385 ὅτι.

1153 3410 1205 3440 178
