2326 3724
931 164 1266 207 FRAGMENTA.

38 258 109 302 τοῖς
128 257 193 295 τῶν
215 254 349 295 οἰκείων
349 254 545 330 Νπρογόνων
559 253 691 307 ἴχνεσιν
707 254 921 301 ἀκολουθεῖν,
942 246 990 296 οἷς
1011 251 1085 297 ἔθος

40 316 213 369 φείδεσθαι
234 314 297 366 μὲν
324 317 394 353 τῶν
423 313 599 361 ὑπηκόων,
625 311 923 363 καταγωνίζεσθαι
952 311 988 349 δὲ
1017 314 1084 349 τῶν

40 373 351 423 ἀντιταττομένων,
378 371 540 410 εκέλευσε
563 373 614 409 τῶ
640 369 911 423 πρεσὸευομένῳ
940 372 990 407 τῶ
1010 370 1086 407 ἰδίω

41 433 178 483 βασιλεῖ
206 432 419 482 ἀπαγγεῖλαι
439 428 502 475 τὴν
524 427 716 479 Ῥωμαίων
736 410 1015 478 καλοκαγαθίάν,
1036 430 1085 465 ὡν

38 493 99 537 τῆς
116 490 239 542 ἀρετῆς
259 488 424 541 ἐπειράθη
437 518 447 537 ,
466 487 526 526 καὶ
542 489 580 526 οὐ
595 486 752 526 πολλῶ·’
734 502 877 540 υστερον
894 486 1086 539 προσελπί-

30 551 106 594 ζειν
134 548 220 598 παρ’
245 547 349 586 αὐτὸν
379 545 604 598 ἀφιξομένους
624 547 716 584 κατὰ
734 545 879 597 γνώμην
899 549 959 583 τοῦ
982 548 1087 598 βασι-

38 607 136 652 λέως.
158 608 216 647 Cf.
234 608 454 657 EutropiUS.
475 608 691 645 Tillemont.
717 613 744 644 t.
765 608 831 652 lv,
847 619 888 655 p.
913 606 976 655 39.

175 718 235 758 14.
257 713 508 766 (Diocletiani
531 725 594 751 an.
623 716 692 758 143
722 725 797 762 297
822 725 861 761 p.
885 710 951 762 C.)

89 813 181 852 Exc.
197 815 254 850 De
263 813 335 862 leg.
351 814 466 851 Rom.
481 813 529 849 ad
543 819 645 861 gent.
660 825 701 862 p.
718 825 780 861 29.
798 812 845 849 30
859 826 866 847 ;
882 809 968 850 ‘'O-ct
981 810 1089 849 Γαλέ-

41 885 110 924 ριος
125 870 186 909 καὶ
203 869 452 918 Διοκλητιανὸς
469 872 516 914 εἷς
532 872 562 909 Ν
569 869 674 907 ίσιὸιν
690 872 871 917 συνῆλθον,
888 869 969 908 ἔνθα
988 872 1086 921 κοινῇ

11 972 16 979 ,
46 929 318 983 βουλευσάμενοι
357 928 559 968 στέλλουσιν
591 930 638 972 εἷς
674 928 833 982 Περσίδα
870 927 1087 981 πρεσὸευτὴν

41 987 200 1042 Σικόριον
239 987 380 1042 Πρόὸον
424 987 638 1041 ἀντιγραφέα
671 990 733 1035 τῆς
769 987 922 1038 μνήμης.
953 989 1084 1027 Τοῦτον

39 1050 59 1085 5
79 1048 258 1100 Ναρσαῖος
275 1049 318 1098 τῇ
339 1047 407 1084 τῶν
434 1045 717 1097 ἐπαγγελθέντων
742 1046 855 1085 ἐλπίδι
876 1045 1087 1099 φιλοφρόνως

38 1105 192 1151 ἐδέξατο.
211 1107 356 1159 Χρῆται
379 1104 416 1143 δὲ
435 1104 495 1143 καί
511 1121 577 1143 τινι
594 1106 750 1157 ἀναὸολῇ
771 1108 788 1144 ὁ
808 1105 998 1158 Ναρσαιος.
1026 1104 1087 1148 Ὡς

40 1163 108 1217 γὰρ
139 1163 345 1216 βουλόμενος
367 1164 467 1210 δῆθεν
498 1162 578 1207 τοὺς
608 1163 688 1217 περὶ
716 1163 876 1216 Σικόριον
902 1163 1086 1216 πρέσὸεις,

39 1218 97 1261 οἷα
114 1222 156 1271 δὴ
173 1221 448 1273 κεκοπωμένους,
472 1221 758 1272 ἀνακτήσασθαι,
789 1221 894 1275 μέχρι
919 1221 1085 1260 τοσούτου

39 1281 121 1334 περὶ
139 1281 198 1320 τὸν
227 1281 429 1334 Ἀσπροῧδιν
458 1281 616 1332 ποταμὸν
633 1283 693 1328 τῆς
712 1281 875 1328 Μηδικης
896 1280 953 1319 τὸν
977 1279 1084 1320 Σικό-

42 1355 112 1393 ριον
129 1342 373 1392 παρείλκυσεν,
394 1340 457 1378 οὐκ
481 1341 672 1391 ἀγνοοῦντα
698 1339 815 1389 μέντοι
833 1338 873 1377 τὸ
889 1338 1082 1390 γινόμενον,

40 1394 163 1442 ἕωςόἷ
189 1399 272 1451 τῇδε
301 1399 443 1438 κάκεῖσε
471 1396 528 1435 διὰ
555 1396 612 1436 τὸν
641 1397 792 1448 πόλεμον
823 1397 1087 1450 σκορπισθέντες

40 1457 288 1508 συνελέγησαν.
325 1456 396 1496 Καὶ
426 1459 618 1503 τηνικαῦτα
653 1457 688 1494 ἐν
716 1461 787 1500 τοῖς
818 1455 986 1509 ἐνδοτέρω
1015 1457 1086 1494 τῶν

38 1513 229 1567 ’βασιλείων
257 1514 389 1558 πάντας
419 1529 498 1558 τους
527 1513 653 1559 ἄλλους
677 1514 857 1567 χωρίσας,
886 1514 947 1552 καὶ
982 1517 1085 1568 ἀρκε-

41 1574 132 1618 σθεὶς
161 1577 205 1626 τῇ
243 1572 421 1633 παρουσία
458 1572 642 1645 Ἀφφάρὸα
679 1573 739 1611 καὶ
774 1572 991 1625 Ἄρχαπετου
1025 1572 1084 1612 καὶ

38 1632 326 1705 Βαρσαὸώρσου,
352 1634 400 1670 ὡν
429 1633 447 1669 5
471 1631 535 1682 μὲν
570 1630 683 1685 ἕτερος
715 1630 871 1694 ὕπαρχος
903 1635 945 1679 ἠν
978 1647 1086 1685 πραι-

11 1742 13 1746 A
40 1691 187 1743 τωρίων,
219 1694 241 1729 5
276 1690 312 1729 δὲ
339 1688 452 1741 ἕτερος
480 1705 542 1737 την
573 1693 632 1728 τοῦ
663 1689 799 1741 Συμίου
833 1695 924 1742 εἶχεν
958 1689 1084 1751 ἀργὴν,

1020 1752 1086 1789 Ἤν

41 1749 206 1803 ἐπέτρεψε
233 1752 284 1802 τῷ
323 1749 455 1802 Πρόὸῳ
487 1747 550 1795 τὴν
586 1748 775 1803 πρεσὸείαν
806 1749 979 1795 διεξιεναι.

13 1807 77 1848 »δὲ
94 1807 139 1847 τὰ
160 1808 335 1860 κεφάλαια
357 1811 419 1855 τῆς
445 1807 633 1861 πρεσὸείας
656 1811 786 1855 ταῦτα,
815 1806 905 1846 ὥστε
931 1807 1023 1846 κατὰ
1047 1807 1086 1846 τὸ

0 3251 15 3297 {v

41 1866 242 1905 ἀνατολικὸν
263 1868 372 1917 κλίμα
398 1865 462 1914 τὴν
490 1864 692 1914 Ἰντηληνὴν
720 1865 809 1915 μετὰ
836 1868 998 1919 Σοφηνῆς
1027 1866 1088 1904 καὶ

43 1923 253 1978 ’Λρζανηνὴν
283 1924 374 1976 μετὰ
404 1925 641 1978 Καρδουηνῶν
666 1924 726 1963 καὶ
744 1925 967 1972 Ζαὸδικηνῆς
996 1924 1088 1963 Ῥω-

49 1982 173 2033 μαίους
189 1982 294 2036 ἔχειν,
315 1982 376 2021 καὶ
397 1982 454 2022 τὸν
483 1985 517 2023 Τ
521 1982 607 2037 ίγριν
625 1982 782 2034 ποταμὸν
802 1982 967 2036 ἑκατέρας
987 1984 1090 2021 πολι·

40 2088 123 2128 rint‚
137 2088 301 2128 advertat,
318 2090 466 2130 oportere
482 2089 514 2120 in
527 2088 609 2120 iram
624 2089 697 2121 ferri
710 2089 740 2130 );
755 2089 810 2122 sed
823 2098 857 2121 se
872 2089 1013 2129 vestigiis
1025 2097 1091 2120 ma-

38 2139 145 2179 Jorum
173 2140 339 2180 insistere,
369 2139 488 2180 quibus
511 2148 583 2172 mos
610 2140 706 2172 fuerit
734 2148 865 2181 parcere
888 2140 1040 2180 subiectis
1058 2141 1092 2171 et

39 2191 199 2225 debellare
211 2192 375 2233 superbos.
392 2194 503 2233 ltaque
515 2192 612 2233 jussit
630 2201 723 2233 eum,
739 2192 795 2233 qui
808 2192 965 2233 legatione
982 2192 1088 2233 funge-

40 2242 135 2275 batur
143 2267 152 2283 ‚
165 2244 228 2284 regi
239 2252 298 2276 suo
306 2246 525 2276 Romanorum
537 2244 818 2276 mansuetudinem
829 2245 861 2276 et
871 2244 1089 2284 clementiam,

39 2303 179 2336 quorum
209 2296 336 2329 virtutis
358 2297 539 2338 periculum
565 2297 707 2337 fecisset,
726 2296 928 2337 renuntiare,
950 2298 983 2329 et
1001 2305 1089 2337 spem

39 2348 161 2388 facere,
183 2356 248 2380 non
270 2348 375 2380 multo
398 2350 468 2389 post
485 2349 553 2380 sore
572 2350 627 2388 ut,
644 2348 815 2390 impetrata
832 2348 874 2381 ab
898 2348 1090 2389 imperatore

34 2401 151 2441 venia,
165 2401 281 2442 captivi
297 2401 339 2433 ad
350 2403 455 2443 ipsum
467 2401 619 2434 redirent.

34 2468 35 2471 ¹
535 2457 592 2491 14.

81 2511 226 2556 Galerius
239 2512 270 2544 et
283 2512 498 2545 Diocletianus
513 2511 614 2545 Nisibi
629 2513 860 2545 convenerunt.
878 2511 925 2544 lbi
945 2519 1090 2544 commu·

33 2563 149 2596 'nicato
165 2564 308 2604 consilio,
319 2565 455 2597 mittunt
467 2565 608 2605 legatum
621 2565 655 2597 in
663 2565 823 2597 Persidem
837 2565 996 2598 Sicorium
1012 2568 1090 2598 Pro-

33 2614 138 2655 bum,
155 2616 344 2657 magistrum
361 2617 538 2650 memoriae.
566 2611 660 2650 Hunc
672 2619 841 2656 Narsaeus,
864 2616 941 2657 quia
965 2625 1005 2649 ex
1021 2617 1089 2658 his,

34 2672 116 2708 ‘quae
136 2667 196 2698 sibi
216 2667 364 2700 nuntiata
386 2668 535 2708 fuerant,
552 2677 643 2709 spem
666 2677 699 2700 se
714 2669 823 2710 optata
839 2669 1089 2701 consecuturum

42 2721 249 2761 conceperat,
270 2721 406 2762 benigne
420 2723 453 2754 et
473 2722 607 2754 comiter
622 2722 756 2763 excepit.
781 2723 881 2755 Antea
898 2723 1006 2755 tamen
1022 2722 1089 2754 cal-

43 2771 106 2804 lide
119 2781 228 2804 moras
242 2773 400 2806 nectebat.
425 2775 534 2812 Quum
556 2773 642 2806 enim
657 2775 800 2815 speraret
811 2783 845 2807 se
861 2774 980 2815 legatos
995 2774 1090 2814 longo

42 2822 155 2856 itinere
171 2823 268 2856 sessos
281 2824 404 2857 facilius
416 2825 477 2857 sibi
498 2825 747 2858 conciliaturum
770 2834 838 2859 esse
851 2850 861 2866 ,
875 2834 913 2858 co
933 2834 1034 2867 usque
1045 2826 1091 2858 Si-

39 2874 185 2914 cortum,
199 2875 255 2916 qui
274 2876 398 2908 consilii
411 2876 511 2918 ipsius
531 2885 595 2909 non
608 2877 736 2918 ignarus
757 2877 844 2916 erat,
863 2876 947 2908 circa
969 2879 1090 2918 Aspru-

34 2925 141 2964 dum,
158 2926 273 2959 Mediae
289 2926 444 2969 fluvium,
459 2927 613 2967 detinuit,
629 2928 731 2960 donec
745 2928 879 2968 milites,
893 2929 947 2969 qui
964 2928 1014 2960 hic
1026 2928 1091 2960 illic

35 2983 100 3019 'per
123 2977 245 3010 bellum
262 2978 395 3020 dispersi
419 2980 530 3020 erant,
550 2980 782 3013 convenissent.
800 2982 884 3012 Tum
902 2980 935 3011 in
948 2979 1091 3012 interiori

43 3030 188 3062 conclavi
224 3031 306 3071 regis
329 3030 508 3072 admissus,
539 3032 669 3073 reliquis
692 3032 844 3065 omnibus
867 3032 955 3065 abire
981 3032 1089 3072 jussis,

41 3083 213 3115 contentus
227 3084 396 3124 praesentia
417 3084 576 3125 Apharbae
598 3086 631 3117 et
651 3085 822 3126 Archapeti
837 3086 870 3117 et
886 3085 1088 3126 Barsaborsi‚

44 3141 186 3174 quorum
202 3134 283 3167 alter
294 3136 364 3167 erat
374 3136 545 3176 praefectus
561 3137 713 3177 praetorio
723 3161 732 3177 ,
749 3136 829 3169 alter
839 3137 941 3170 sumii
957 3136 1090 3177 dignita-

43 3185 109 3217 tem
120 3185 302 3225 obtinebat,
315 3186 410 3226 jussit
424 3187 528 3219 Probo
539 3196 631 3220 suam
646 3188 834 3228 legationem
849 3188 976 3221 referre.
991 3190 1092 3221 Erant

34 3237 153 3269 autem
173 3237 279 3278 capita
294 3237 462 3278 legationis
477 3239 564 3277 baec,
580 3240 619 3271 ut
638 3240 774 3272 Romani
786 3240 819 3272 in
836 3240 968 3272 Oriente
988 3239 1090 3272 habe-

43 3291 116 3321 rent
148 3289 305 3322 intilenen
327 3298 403 3323 cum
429 3292 594 3333 Sophene,
611 3295 800 3326 Arzanenen
824 3302 898 3325 cum
923 3293 1093 3326 carduenc

10 3347 13 3348 ⁷
36 3339 79 3372 et
97 3339 295 3382 Zabdicene,
314 3345 350 3375 et
364 3342 465 3384 Tigris
478 3342 594 3377 fluvius
611 3345 776 3387 utriusque
794 3345 919 3387 imperii
939 3344 1031 3378 limes
1045 3353 1092 3378 es-

15 3687 31 3702 ὲ-
11 3558 31 3668 -·’.*..³:⁴¹‚⁴2‘²
11 3505 21 3517 A
12 3434 25 3465 *ᾗ

2119 175 2194 210 189

1147 251 1242 295 τείας
1269 249 1367 303 ὅροθέ
1370 265 1441 289 σιον
1467 255 1577 298 εἰναι,
1606 250 1830 303 Ἀρμενίαν
1812 252 1846 290 οε
1865 252 1967 293 Ζίνθα
1986 254 2025 292 τὸ
2045 254 2195 309 κάστρον

1147 312 1181 348 ἐν
1204 308 1354 361 μεθορίῳ
1370 324 1432 354 της
1450 309 1611 356 Μηδικης
1633 310 1792 359 κείμενον
1808 311 1947 362 ὁρίζειν,
1969 314 2026 351 τὸν
2045 313 2081 351 δὲ
2098 314 2195 362 ’-Ιὸη

1148 370 1222 422 ρίας
1238 366 1385 420 βασιλέα
1400 383 1461 414 της
1480 367 1608 410 οἰκείας
1639 368 1820 420 βασιλείας
1839 369 1883 407 τὰ
1907 370 2068 421 σύμὸολα
2096 372 2196 411 Ρω-

1148 428 1265 478 μαίοις
1293 426 1459 477 ὀφείλειν,
1493 429 1582 464 εἶναι
1599 425 1635 464 δὲ
1664 427 1769 465 τόπον
1789 429 1857 465 τῶν
1891 430 2195 480 συναλλαγμάτων

1148 486 1290 526 Νίσιὸιν
1311 484 1374 532 τὴν
1397 484 1498 523 πόλιν
1516 485 1779 537 παρακειμένην
1800 502 1849 524 τι)
1878 485 2031 538 Τίγριδι
2053 487 2196 526 Τούτων

1147 547 1165 583 5
1185 546 1364 598 Ναρσαῖος
1380 542 1550 591 ἀκούσας,
1567 543 1686 590 ἐπειδὴ
1705 544 1789 597 πρὸς
1809 543 1917 594 μηδὲν
1933 544 2064 582 τούτων
2082 548 2104 592 ἢ
2126 561 2196 583 πα-

1151 608 1262 656 ροῦσα
1284 604 1374 655 τύχη
1393 605 1572 655 ἀρνεῖσθαι
1592 602 1696 641 αὐτὸν
1718 618 1924 656 συνεχωρει,
1943 602 2102 642 συνέθετο
2118 605 2196 643 τού·

1149 677 1221 706 τοις
1244 661 1376 700 ἅπασι·
1393 660 1522 708 πλὴν“
1516 659 1570 699 ι’να
1598 661 1648 712 μὴ
1677 661 1757 713 δόξῃ
1784 661 1920 713 ἀνάγκῃ
1940 662 2056 701 πάντα
2075 678 2197 711 ποιειν,

1150 719 1365 773 διηρνήσατο
1382 719 1487 772 μόνον
1503 719 1544 758 τὸ
1560 719 1665 759 τόπον
1693 723 1780 758 εἰναι
1804 736 1874 758 των
1895 721 2199 795 συναλλαγμάτων

1148 796 1211 827 την
1228 779 1386 819 Νίσιὸιν.
1405 778 1451 820 ‘O
1469 777 1505 817 δὲ
1523 778 1701 832 Σικόριος·
1719 796 1737 815 α.
1753 778 2005 819 Ἐνδεδωκέναι
2022 779 2092 832 χρὴ
2110 780 2199 832 πρὸς

1148 841 1260 877 τοῦτο·
1293 837 1371 876 οὔτε
1399 837 1467 891 γὰρ
1500 837 1727 890 αυτοκράτωρ
1759 840 1781 884 ἠ
1811 837 1999 890 πρεσὸεία,
2028 854 2090 877 και
2118 854 2199 892 περι

1149 896 1272 936 τούτου
1302 899 1367 958 {xm
1370 900 1439 935 τῶν
1470 896 1736 949 αὐτοκρατόρων
1767 897 1862 935 οὐδὲν
1895 897 2198 951 ἐπετέτραπτο.»

1150 955 1293 996 Τούτων
1326 960 1385 994 οὖν
1420 955 1666 1006 συντεθέντων,
1697 955 1920 1003 ἀπεδόθησαν
1948 972 1998 994 τω
2026 956 2198 1010 Ναρσαίω

1149 1015 1189 1054 αἵ
1215 1031 1253 1054 τε
1283 1030 1435 1066 γαμεται
1470 1031 1530 1054 και
1558 1016 1590 1054 οἳ
1614 1015 1753 1065 παῖδες,
1787 1014 1877 1065 μετὰ
1906 1014 2104 1068 φιλοτιμίας
2130 1018 2199 1054 τῶν

1151 1074 1322 1128 βασιλέων
1361 1077 1423 1121 τῆς
1468 1072 1693 1128 σωφροσύνης
1730 1075 1846 1118 αὐτοῖς
1889 1078 2043 1127 καθαρᾶς
2086 1075 2198 1128 φυλα-

1148 1133 1300 1186 χθείσης.

1288 1234 1349 1272 15.
1380 1234 1637 1286 (Constantini
1664 1246 1724 1273 an.
1749 1233 1791 1280 83
1821 1234 1896 1279 314
1923 1247 1963 1283 p.
1993 1231 2064 1284 C.)

1202 1342 1296 1377 Exc.
1318 1342 1376 1377 De
1395 1341 1470 1389 leg.
1493 1347 1595 1388 gent.
1613 1339 1663 1376 ad
1677 1340 1792 1378 Rom.
1809 1352 1850 1389 p.
1871 1351 1920 1386 27
1941 1352 1949 1375 z
1968 1336 2055 1377 ζὈτι
2075 1336 2200 1377 Λικίν-

1149 1413 1218 1442 νιος
1235 1397 1369 1447 πέμπει
1388 1394 1607 1448 πρεσὸευτῆν
1626 1396 1711 1447 πρὸς
1731 1399 1994 1436 Κωνσταντῖνον
2015 1397 2198 1448 Μεστρια-

1149 1456 1204 1494 νὸν
1233 1455 1386 1506 κόμητα.
1411 1454 1583 1494 Ἐλθόντα
1606 1454 1642 1493 δὲ
1665 1455 1723 1492 τὸν
1746 1454 1969 1507 Μεστριανὸν
1995 1456 2013 1492 5
2035 1453 2199 1506 βασιλεὺς

1150 1514 1208 1553 ἐπί
1227 1530 1305 1553 τινα
1323 1513 1447 1566 χρόνον
1478 1513 1627 1566 διέσυρε.
1660 1512 1764 1553 Μετὰ
1792 1517 1903 1552 ταῦτα
1926 1513 1962 1551 δὲ
1989 1512 2075 1566 πρός
2094 1528 2132 1551 τε
2161 1512 2201 1551 τὸ

1150 1572 1278 1620 ἄδηλον
1297 1576 1357 1611 τοῦ
1374 1570 1531 1622 πολέμου
1551 1571 1777 1621 ἀποὸλέπων,
1798 1571 1873 1623 ἅμα
1890 1570 1926 1610 δὲ
1943 1571 2003 1610 καὶ
2024 1570 2076 1609 ὅτι
2091 1574 2123 1610 οἱ
2136 1575 2196 1609 τοῦ

1150 1630 1324 1671 Λικιννίου
1340 1631 1450 1684 ἐφόδῳ
1466 1630 1684 1682 λανθανούσῃ
1701 1630 1918 1684 χρησάμενοι
1937 1629 2001 1678 τὴν
2018 1629 2201 1682 βαστάγην

1151 1691 1255 1728 αὐτοῦ
1274 1688 1365 1740 μετὰ
1379 1692 1439 1736 τῆς
1455 1690 1638 1742 βασιλικῆς
1653 1689 1841 1742 ὑπηρεσίας
1857 1689 2045 1741 κατέσχον,
2062 1689 2201 1742 δέχεται

1149 1747 1269 1788 αὐτόν.
1291 1746 1335 1787 ‘0
1363 1747 1400 1786 δὲ
1419 1751 1490 1792 τοῖς
1520 1747 1596 1787 δυσὶ
1630 1749 1811 1797 βασιλεῦσι
1840 1748 1902 1795 τὴν
1934 1747 2074 1799 εἰρήνην
2101 1750 2204 1800 ἐπρε-

1150 1806 1314 1857 σὸεύετο,
1330 1806 1379 1857 μὴ
1397 1809 1526 1859 χρῆναι
1544 1805 1654 1858 λέγων
1671 1806 1728 1844 τὸν
1749 1805 1827 1851 τοὺς
1847 1807 2042 1859 ὁμοφύλους
2062 1821 2203 1853 νενικη-

1151 1864 1238 1903 κότα
1253 1865 1333 1903 κατ’
1348 1866 1462 1903 αὐτῶν
1481 1863 1721 1917 χαλεπαίνειν.
1749 1863 1802 1904 e'O
1824 1881 1858 1903 τι
1871 1864 1938 1917 γὰρ
1958 1863 2000 1901 ἂν
2019 1864 2197 1910 ἀπόλοιτο,

1151 1927 1252 1963 τοῦτο
1267 1923 1388 1961 λοιπὸν
1408 1925 1458 1976 τῷ
1475 1922 1690 1971 νενικηκότι,
1705 1924 1781 1961 ἀλλ’
1800 1922 1879 1975 οὐχὶ
1900 1928 1970 1966 τοῖς
1989 1922 2201 1973 ἡττωμένοις

1156 1982 1397 2022 ἀπόλλυσθαι·
1431 1982 1491 2020 καὶ
1523 1982 1576 2020 ὅτι
1607 1985 1625 2020 5
1653 1981 1702 2021 ἑνὶ
1732 1981 1796 2030 τὴν
1821 1981 1960 2035 εἰρήνην
1996 1981 2203 2034 ἀρνούμενος

1149 2090 1216 2129 set;
1241 2089 1277 2120 ut
1299 2089 1415 2121 Zintlia
1430 2088 1620 2128 castellum,
1649 2089 1682 2120 in
1705 2088 1851 2120 confiniis
1869 2087 1983 2121 Mediae
2000 2087 2117 2126 situm,
2145 2090 2205 2119 Ar·

1150 2140 1290 2172 meniam
1304 2140 1511 2181 terminaret3
1526 2149 1584 2172 rex
1594 2140 1706 2172 lberiae
1720 2139 1807 2181 regni
1818 2140 1866 2172 sui
1877 2139 2008 2179 insignia
2022 2148 2041 2170 a
2053 2139 2204 2171 Romanis

1150 2193 1281 2233 accepta
1295 2191 1488 2233 susciperet3
1513 2191 1781 2223 commerciorum
1804 2191 1894 2223 locus
1913 2190 2028 2223 Nisibis
2043 2190 2144 2230 esset,
2161 2189 2202 2221 ad

1150 2243 1267 2284 Tigrim
1277 2251 1405 2275 amnem
1422 2243 1494 2276 sita.
1511 2245 1591 2281 Quae
1606 2243 1661 2276 ubi
1675 2242 1799 2275 audivit
1814 2243 1980 2282 Narsaeus,
1995 2241 2202 2283 quandoqui-

1149 2297 1223 2329 dem
1234 2322 1243 2337 ,
1255 2305 1330 2338 quae
1347 2298 1416 2329 erat
1427 2298 1497 2337 ejus
1513 2297 1642 2329 fortuna
1651 2321 1660 2337 ,
1673 2297 1752 2329 nihil
1772 2296 1947 2337 quicquam
1961 2304 2074 2328 eorum
2087 2295 2205 2327 licebat

1150 2349 1195 2382 illi
1209 2349 1384 2391 dene-gare,
1401 2349 1563 2394 con-sensit
1578 2350 1611 2382 et
1632 2349 1842 2390 approbavit,
1858 2350 2074 2390 praeterquam
2092 2347 2179 2389 quod
2191 2372 2201 2387 ,

1149 2410 1190 2434 ne
1205 2402 1265 2434 ista
1280 2402 1389 2434 omnia
1412 2401 1577 2434 videretur
1593 2401 1781 2433 necessitate
1795 2402 1927 2433 coactus
1941 2401 2063 2440 facere,
2083 2400 2202 2432 solum·

1149 2454 1246 2486 modo
1265 2454 1399 2495 abnuIt,
1416 2454 1686 2487 commerciorum
1705 2454 1814 2486 locum
1831 2462 1898 2486 esse
1912 2453 2057 2486 Nisibim.
2077 2452 2139 2485 Sed
2154 2453 2204 2485 Si-

1149 2506 1256 2539 corius
1272 2506 1335 2538 hoc
1349 2515 1480 2547 quoque
1499 2506 1540 2538 ab
1562 2506 1617 2538 illo
1633 2505 1876 2538 concedendum
1890 2514 1957 2537 esse
1972 2505 2071 2546 dixit;
2098 2513 2204 2545 neque

1149 2558 1235 2590 enim
1252 2558 1372 2599 legatos
1387 2558 1487 2591 libera
1509 2557 1702 2590 auctoritate
1718 2558 1893 2590 instructos
1915 2566 1983 2589 esse
1995 2582 2003 2598 ,
2021 2566 2125 2598 neque
2140 2557 2202 2588 im-

1149 2611 1313 2652 peratores
1325 2611 1498 2652 quicquam
1513 2610 1554 2643 de
1571 2610 1632 2643 hac
1644 2620 1679 2644 re
1694 2611 1894 2652 praecepisse.
1908 2611 1965 2643 His
1983 2610 2078 2651 igitur
2094 2609 2201 2642 condi·

1148 2664 1292 2696 tionibus
1319 2663 1479 2704 acceptis,
1506 2665 1637 2696 Narsaeo
1665 2664 1824 2696 restitutae
1847 2664 1923 2696 sunt
1945 2663 2013 2703 ejus
2032 2670 2150 2694 uxores
2170 2663 2204 2694 et

1149 2715 1257 2756 liberi,
1274 2715 1382 2748 debita
1395 2725 1468 2757 erga
1487 2716 1559 2748 illas
1582 2716 1796 2758 temperantia
1821 2724 1895 2749 cum
1914 2723 2043 2748 summa
2062 2714 2201 2757 impera-

1148 2770 1257 2801 torum
1267 2769 1329 2802 tide
1337 2769 1517 2803 observata.

1394 2820 1397 2822 ’
1649 2824 1692 2857 15

1191 2878 1355 2911 Licinnius
1363 2878 1503 2920 legatum
1514 2877 1555 2910 ad
1565 2876 1814 2911 Constantinum
1826 2875 2032 2909 Mestrianum
2043 2876 2202 2909 Comitem

1152 2931 1271 2971 mittit,
1300 2940 1397 2972 quem
1421 2930 1651 2964 constantinus
1661 2954 1671 2971 ,
1688 2939 1790 2971 quum
1818 2929 1859 2962 ad
1877 2938 1911 2962 se
1924 2929 2080 2969 venisset,
2106 2930 2200 2970 longo

1148 2985 1294 3026 tempore
1306 2984 1458 3017 detinuit.
1473 2984 1621 3016 Tandem·
1629 2991 1731 3024 quum
1741 2982 1783 3015 ad
1793 2983 1932 3015 incertos
1942 2982 2019 3014 belli
2029 2991 2122 3014 casus
2135 2981 2202 3013 aui-

1151 3045 1241 3068 mum
1255 3035 1426 3077 adjiceret,
1440 3036 1518 3077 quia
1530 3044 1646 3067 manus
1662 3035 1803 3067 militum
1819 3034 1955 3068 Licinuii
1973 3033 2120 3074 jumenta
2135 3042 2202 3066 sar-

1151 3088 1264 3120 cinalia
1278 3096 1353 3120 cum
1369 3087 1456 3129 regia
1492 3087 1680 3128 supellectili
1699 3087 1740 3119 ad
1756 3096 1790 3119 se
1805 3086 1990 3119 tendentem
2007 3085 2203 3118 clandestina

1151 3138 1334 3172 incursione
1347 3139 1578 3179 interceperat,
1593 3138 1734 3179 legatum
1750 3137 1890 3170 admisit.
1910 3138 1968 3169 lile
1983 3145 2060 3168 vero
2074 3136 2114 3168 de
2124 3144 2202 3177 pace

1151 3191 1235 3223 inter
1264 3191 1438 3232 utrumque
1460 3191 1688 3232 imperatorem
1704 3189 1925 3233 componenda
1949 3197 2046 3229 agens
2058 3188 2200 3227 dicebat,

1152 3251 1216 3274 non
1229 3243 1378 3283 oportere
1390 3250 1465 3275 eum
1475 3266 1485 3282 ‚
1509 3242 1565 3283 qui
1581 3242 1622 3274 de
1634 3241 1760 3274 civibus
1775 3241 1841 3273 suis
1856 3240 2025 3272 victoriam
2041 3239 2200 3279 reportas·

1151 3296 1217 3333 set,
1233 3294 1271 3326 iis
1294 3293 1398 3326 irasci.
1415 3293 1578 3334 Quicquid
1592 3294 1677 3325 enim
1704 3293 1858 3330 intereat,
1874 3291 2007 3330 victori,
2030 3299 2093 3321 non
2114 3289 2200 3320 viclo

1153 3346 1284 3379 interire
1299 3370 1308 3388 ,
1322 3346 1355 3379 et
1364 3345 1390 3378 si
1402 3354 1491 3378 nunc
1502 3345 1559 3378 uni
1570 3353 1681 3388 pacem
1695 3342 1920 3385 denegaverit,
1934 3342 2108 3374 multorum
2128 3340 2198 3372 hel·
