2372 3704
107 268 180 301 614

105 347 163 385 ἐπὶ
179 346 358 399 χρήμασιν
381 348 468 399 αὐτῇ
489 346 679 400 τιμωρήσει
701 349 748 398 τῷ
768 347 884 400 γάμῳ·
897 348 952 386 ἐπὶ
973 348 1009 386 δὲ
1020 349 1151 393 τούτοις

105 405 164 444 καὶ
185 405 366 444 δακτύλιον
388 404 540 459 ἔπεμψε,
559 405 780 456 πιστουμένη
797 406 853 444 τὸν
874 406 1062 459 βάρὸαρον.
1082 407 1153 446 Καὶ

105 467 123 501 6
144 463 207 514 μὲν
222 464 481 517 παρεσκεύαζεν
504 464 624 502 ἑαυτὸν
641 467 767 517 χωρεῖν
787 465 879 503 κατὰ
896 468 956 511 τῆς
969 468 1036 504 τῶν
1052 469 1154 504 ἑσπε-

106 522 186 575 ρίων
207 522 400 575 βασιλείας.
424 522 616 562 Ἔὸούλετο
633 522 669 561 δὲ
689 523 781 567 ὅπως
800 523 857 562 τὸν
872 523 999 562 Ἀέτιον
1019 539 1150 576 προκα·

104 581 271 620 ταλάὸοι·
283 580 331 632 μὴ
346 582 413 635 γὰρ
431 581 546 625 ἄλλως
555 581 733 627 τεύξεσθαι
753 585 813 628 τῆς
829 582 988 634 ἐλπίδος,
1013 585 1043 620 εἰ
1062 582 1153 634 μήγε

106 642 234 679 ἐκεῖνον
254 640 434 687 ποιήσοιτο
457 640 626 679 ἐκποδών.

158 701 283 739 Ταῦτα
295 699 407 738 τοίνυν
427 698 613 743 Θεοδόσιος
634 699 868 750 μεμαθηκὼς,
893 699 1088 738 ἐπιστέλλει
1103 701 1153 752 τῷ

106 759 364 811 Βαλεντινιανῷ
380 757 442 804 τὴν
475 757 647 810 Ὀνωρίαν
675 757 865 808 ἐκπέμπειν
901 759 951 811 τῷ
986 757 1150 811 Ἀττήλᾳ.

108 816 180 856 Καὶ
191 819 210 855 6
223 816 286 868 μὲν
301 816 485 855 συλλαὸὼν
507 817 565 854 τὸν
587 816 771 855 (Υάκινθον
787 815 926 854 ἅπαντα
937 815 1153 868 διηρεύνησε,

106 875 166 913 καὶ
188 875 277 927 μετὰ
297 875 444 919 πολλοὺς
460 878 519 913 τοῦ
550 874 712 925 σώματος
741 873 944 924 αἰκισμοὺς,
967 877 1028 921 τῆς
1044 890 1154 927 κεφα-

106 936 170 981 λῆς
190 937 435 986 ἀποτμηθῆναι
453 934 646 973 ἐκέλευσεν.
671 932 844 984 Ὀνωρίαν
868 933 904 971 δὲ
925 932 987 980 τὴν
1002 933 1153 986 ἀδελφὴν

107 993 368 1037 Βαλεντινιανὸς
389 996 431 1045 τ-’ᾔ
459 993 564 1045 μητρὶ
590 993 697 1043 δῶρον
721 991 828 1030 ἔδωκε
857 991 972 1030 πολλὰ
1004 992 1151 1039 αἰτησα-

106 1050 194 1104 μένῃ
229 1051 353 1098 αὐτήν.
381 1051 504 1093 Οὕτως
547 1050 609 1101 μὲν
638 1045 695 1088 οῧν
716 1050 869 1103 Ὀνωρία
896 1051 972 1089 τότε
999 1053 1060 1097 τ’ῆς
1085 1051 1104 1070 *
1135 1051 1153 1069 ⁴¹

106 1109 290 1149 ἀπελύετο.

586 1182 673 1208 200.

158 1247 248 1282 Exc.
271 1246 383 1283 Sahn.
404 1259 445 1294 p.
472 1250 547 1288 400
572 1258 580 1281 :
603 1242 890 1287 Οὐαλεντινιανὸς
910 1242 1062 1295 ἐρασθεὶς
1091 1245 1151 1290 τῆς

109 1303 272 1354 γυναικὸς
301 1302 470 1353 Μαξίμου
505 1303 738 1355 συγκλητικοῦ
767 1301 1012 1340 συνεπέττευεν
1041 1303 1154 1352 αὐτῷ·

107 1362 182 1400 ἐπεὶ
195 1361 230 1400 δὲ
250 1361 383 1409 ἡττήθη
403 1363 422 1399 6
442 1360 615 1411 Μάξιμος,
634 1360 696 1399 καὶ
713 1361 776 1399 οὐκ
792 1354 883 1413 εἶχεν
902 1359 962 1399 ὅτι
981 1359 1068 1409 δοίη,
1079 1360 1155 1399 ἔλα-

107 1421 165 1459 ὅεν
195 1423 213 1458 6
235 1419 396 1472 βασιλεὺς
414 1419 472 1458 τὸν
486 1419 667 1458 δακτύλιον
685 1422 810 1468 αὐτοῦ,
826 1419 887 1457 καὶ
902 1419 1054 1463 ἀναστὰς
1073 1422 1152 1470 (ὡς)

108 1479 288 1517 ἐπιδίδωσι
310 1478 368 1516 τὸν
389 1478 573 1516 δακτύλιόν
591 1493 658 1515 τινι
690 1476 830 1524 συνήθει
859 1476 1044 1528 Μαξίμου,
1063 1476 1153 1515 ὥστε

108 1538 302 1576 ἀπελθόντα
322 1536 497 1581 ὑποδεῖξαι
518 1539 562 1588 τῇ
575 1535 714 1588 γυναικὶ
735 1537 861 1583 αὐτοῦ,
888 1539 934 1579 ὡς
953 1539 1012 1575 τοῦ
1033 1535 1154 1588 ἀνδρὸς

105 1595 331 1638 κελεύσαντος
350 1594 447 1642 ἥκειν
465 1597 511 1639 εἷς
531 1595 575 1632 τὰ
598 1594 759 1646 βασίλεια
774 1593 1090 1641 συνδειπνήσουσαν
1111 1598 1153 1647 τῇ

108 1654 225 1691 αὐτοῦ.
282 1652 325 1692 Ἡ
350 1652 386 1691 δὲ
402 1652 527 1699 ἀληθὲς
546 1656 646 1691 τοῦτο
666 1652 838 1703 νομίσασα
860 1647 944 1700 ἧκε,
960 1653 1020 1691 καὶ
1041 1668 1150 1703 μηνυ-

109 1711 164 1750 θὲν
179 1714 228 1764 τῷ
252 1712 391 1764 βασιλεῖ
408 1711 535 1758 ἀνέστη
548 1741 557 1758 ,
578 1711 637 1749 καὶ
669 1712 870 1763 ἀγνοοῦντος
889 1715 947 1749 τοῦ
972 1711 1154 1762 Μαξίμου,

109 1772 306 1823 συνεφθάρη
326 1772 428 1823 αὐτῇ.
455 1770 558 1809 Μετὰ
588 1769 624 1808 δὲ
642 1770 705 1816 τὴν
725 1769 868 1808 παιδιὰν
892 1770 1024 1809 ἐλθόντι
1042 1774 1149 1808 ὑπαν-

107 1829 215 1874 τιάζει
231 1832 254 1876 ἡ
272 1829 357 1879 γυνὴ
378 1829 548 1868 κλαίουσα
561 1859 571 1879 ,
587 1829 647 1867 καὶ
665 1829 874 1874 ὀνειδίζουσα
890 1829 992 1867 αὐτὸν
1009 1833 1055 1873 ὣς
1069 1829 1154 1882 προ-

109 1887 210 1934 δότην
233 1890 357 1935 αὖτῆς·
384 1891 402 1926 6
419 1888 455 1926 δὲ
477 1888 595 1939 μαθὼν
625 1889 664 1926 τὸ
691 1894 759 1926 πᾶν
781 1890 892 1941 ἐνεῖχε
913 1889 970 1927 τὸν
991 1889 1153 1941 βασιλέα.

107 1946 220 1991 Εἰδὼς
237 1948 272 1984 δὲ
289 1949 333 1991 ὡς
363 1950 486 1992 ζῶντος
499 1951 559 1986 τοῦ
578 1946 706 1986 Ἀετίου
733 1948 771 1985 οὔ
792 1947 977 1995 δυνήσεται
997 1952 1152 2001 τιμωρῆ-

107 2021 166 2044 σαι
191 2005 308 2053 αὐτὸν,
329 2005 572 2056 παρεσκεύασε
602 2004 660 2044 διὰ
685 2008 754 2044 τῶν
772 2005 945 2057 εὐνούχων
968 2010 1026 2044 τοῦ
1050 2010 1154 2055 βασι-

107 2063 192 2108 λέως
213 2064 345 2102 ἀνελεῖν
362 2063 464 2102 αὐτὸν
488 2066 587 2111 δῆθεν
611 2066 658 2107 ὡς
678 2063 873 2104 ἐπίὸουλον.
894 2064 999 2104 Ἐπεὶ
1019 2065 1055 2104 δὲ
1076 2067 1163 2118 ἀνῃ-

111 2122 212 2175 ρέθη,
234 2116 327 2160 εἶπεν
345 2125 362 2160 6
385 2122 545 2175 βασιλεὺς
558 2122 642 2176 πρός
667 2139 744 2161 τινα
762 2125 830 2161 τῶν
846 2124 1076 2176 στοχάζεσθαι
1097 2125 1149 2161 δυ·

107 2181 277 2231 ναμένων·
290 2199 305 2215 «ι
324 2183 377 2221 Οὔ
395 2184 510 2225 καλῶς
522 2198 580 2232 μοι
597 2185 615 2219 ὁ
632 2182 776 2226 θάνατος
791 2182 919 2221 Ἀετίου
933 2183 1128 2235 εἴργασται,
1140 2202 1154 2216 n

107 2243 124 2277 6
149 2239 183 2278 δὲ
197 2270 207 2289 ,
227 2257 242 2274 «
262 2241 306 2279 Εἰ
322 2241 448 2288 καλῶς,
466 2242 585 2294 φησὶν,
605 2239 627 2287 ἢ
644 2240 693 2292 μὴ
705 2270 715 2289 ,
732 2242 794 2280 οὔκ
811 2235 886 2279 όίδα
898 2257 906 2265 ·
920 2241 1102 2294 γιγνώσκω
1120 2242 1155 2280 δὲ

107 2296 158 2335 ὅτι
174 2300 216 2350 τῇ
239 2299 324 2351 λαιᾷ
343 2298 436 2351 χειρὶ
458 2299 521 2344 τὴν
539 2298 650 2344 δεξιάν
666 2315 725 2338 σου
753 2299 946 2353 ἀπέκοψας.
964 2318 980 2333 u

162 2369 193 2396 2.
227 2350 339 2400 Οῧτος
358 2351 415 2395 οὖν
434 2359 450 2395 6
471 2357 637 2407 Μάξιμος
657 2358 787 2411 ἔρημον
809 2358 940 2397 Ἀετίου
970 2359 1028 2397 τὸν
1053 2363 1154 2411 βασι·

107 2413 170 2452 λέα
188 2413 311 2465 εὑρὼν,
334 2414 539 2464 ἀπέκτεινε,
565 2416 623 2453 καὶ
652 2419 695 2469 τῇ
728 2417 883 2467 βασιλίδι
906 2417 1054 2470 Εὔδοξίᾳ
1076 2434 1154 2456 συν-

107 2473 225 2517 ἦλθεν.
247 2465 317 2510 ἢἯν
336 2471 371 2509 δὲ
386 2472 474 2518 αὐτὴ
495 2472 643 2517 Εὖδοξία
665 2477 819 2526 θυγάτηρ
834 2479 895 2512 τοῦ
927 2479 1052 2526 μικροῦ
1066 2478 1156 2515 Θεο-

109 2529 222 2567 δοσίου
237 2529 421 2581 βασιλέως.
438 2533 559 2569 Δοκῶν
571 2530 606 2568 δὲ
627 2533 671 2574 εἰς
689 2531 822 2570 εὔνοιαν
834 2534 1022 2584 ἐφελκύσαι
1037 2534 1156 2581 αὐτὴν,

109 2588 212 2640 φησὶν
234 2587 286 2625 ὅτι
313 2607 326 2620 α
349 2588 404 2626 διὰ
421 2588 479 2626 τὸν
493 2588 576 2642 πρός
596 2605 635 2627 σε
655 2589 766 2642 ἔρωτα
785 2591 949 2638 αὐθέντης
966 2593 1157 2630 Οὐάλεντι-

901 263 1117 302 JOANle
1144 263 1459 304 ANTIOCHENI

1216 354 1331 388 νιανοῧ
1357 350 1482 403 γέγονα
1494 366 1501 375 ·
1518 354 1566 398 »ἡ
1590 350 1624 388 δὲ
1640 351 1944 404 ἐλευθερογνώμων
1963 346 2048 390 offam
2061 384 2069 400 ‚
2088 354 2146 391 καὶ
2167 355 2260 404 λογι-

1215 409 1349 459 σαμένη
1376 412 1422 454 ὡς
1446 427 1461 444 «
1485 413 1572 462 φεῦ,
1595 411 1624 447 εἰ
1643 411 1822 461 παραίτιος
1842 411 1910 462 ἐγὼ
1935 415 1996 460 τῆς
2015 417 2074 451 τοῦ
2099 414 2261 454 συνεύνου

1215 467 1273 504 καὶ
1291 467 1461 518 βασιλέως
1480 469 1656 518 τελευτῆς,
1676 486 1689 501 u
1702 469 1826 522 γράφει
1844 470 2014 524 Γιζερίχῳ
2033 471 2100 519 ἤδη
2124 472 2262 520 Λιὸύην

1214 525 1421 577 κατέχοντι,
1437 524 1493 563 διὰ
1507 525 1636 578 τάχους
1651 528 1761 565 ἐλθεῖν
1775 527 1835 565 καὶ
1850 527 1914 575 τὴν
1933 529 2078 580 Ῥώμην
2097 531 2262 583 παραλα-

1216 582 1303 623 ὅεῒν.
1325 583 1369 623 Ὁ
1384 583 1419 622 δὲ
1435 583 1542 622 ἐλθὼν
1564 584 1626 630 τὴν
1641 584 1742 623 πόλιν
1759 579 1848 633 εἷλε,
1865 586 1925 624 καὶ
1944 587 2111 632 Εὔδοξίαν
2128 589 2188 627 καὶ
2199 589 2260 636 τὴν

1215 641 1386 694 θυγατέρα
1403 643 1525 688 αὐτῆς.
1540 641 1701 692 Μάξιμος
1719 643 1754 681 δὲ
1774 643 1930 691 μισηθεὶς
1947 645 2003 683 διὰ
2021 646 2079 684 τὸν
2092 647 2263 699 βασιλέως

1215 699 1316 752 φόνον
1333 700 1494 738 διώκεται
1514 700 1574 738 καὶ
1591 700 1716 754 ῥᾳδίως
1730 702 1934 755 ἀναιρεῖται.

1694 786 1784 813 201.

1270 837 1361 873 Exc.
1382 837 1438 873 De
1456 836 1526 874 ins.
1552 848 1593 885 p.
1615 849 1662 882 72
1684 848 1693 874 τ
1713 834 1798 875 ’Ότι
1824 835 1868 874 τὰ
1886 838 1953 875 τῶν
1975 838 2143 891 ἑσπερίων
2172 840 2261 881 Ῥω-

1218 891 1330 942 μαίων
1352 893 1386 930 ἐν
1421 895 1560 945 ταραχῇ
1590 887 1646 940 ἦν.
1667 893 1830 944 Μάξιμός
1860 910 1911 939 τις
1938 895 2025 949 ἀνὴρ
2045 898 2184 949 εὐγενὴς
2203 901 2263 939 καὶ

1220 949 1363 994 δυνατὸς
1382 950 1442 989 καὶ
1462 950 1619 1004 δεύτερον
1644 952 1858 1002 ὑπατεύσας,
1871 953 1990 1007 Ἀετίῳ
2009 957 2058 1008 τῷ
2076 962 2263 1012 στρατηγῷ

1216 1012 1286 1047 τῶν
1311 1010 1403 1047 κατὰ
1431 1009 1495 1057 τὴν
1531 1009 1687 1049 Ἰταλίαν
1720 1012 1910 1062 ταγμάτων
1935 1014 2106 1064 δυσμενὴς
2137 1015 2198 1066 ὢν,
2217 1021 2284 1061 ὡς,

1217 1067 1306 1120 ἔγνω
1340 1067 1401 1106 καὶ
1420 1068 1478 1107 τὸν
1499 1068 1710 1122 ςΗροίκλειον
1737 1071 1916 1124 (εὐνοῦχος
1936 1071 1972 1110 δὲ
1989 1068 2086 1118 οὗτος
2117 1075 2177 1114 καὶ
2198 1076 2261 1123 τὴν

1217 1126 1384 1178 μεγίστην
1402 1127 1501 1181 παρὰ
1520 1130 1569 1179 τῷ
1585 1129 1801 1181 βασιλεύοντι
1819 1130 1908 1183 ἔχων
1930 1132 2057 1186 ῥοπήν)
2079 1138 2138 1182 τῆς
2156 1138 2263 1181 αὐτῆς

1217 1187 1266 1238 τῷ
1290 1184 1410 1239 Ἀετίῳ
1427 1185 1583 1239 ἔχθιστον
1610 1186 1695 1225 ὄντα
1714 1189 1948 1241 προαιρέσεως
1970 1191 2100 1242 (ἄμφω
2119 1192 2185 1246 γὰρ
2201 1197 2263 1241 τῆς

1219 1243 1350 1282 ἐκείνου
1371 1244 1433 1291 τὴν
1455 1244 1625 1299 σφετέραν
1639 1248 1826 1299 ἐπειρῶντο
1846 1249 2062 1300 ἀντεισάγειν
2078 1251 2262 1305 δύναμιν),

1218 1306 1251 1346 ἐς
1270 1303 1493 1354 συνωμοσίαν
1515 1304 1676 1357 ἔρχεται·
1695 1305 1755 1343 καὶ
1776 1306 1931 1345 πείθουσι
1950 1307 2007 1346 τὸν
2030 1309 2198 1361 βασιλέα,
2217 1313 2263 1356 ὡς

1219 1363 1248 1400 εἰ
1275 1361 1325 1412 μὴ
1344 1362 1470 1415 φθάσοι
1489 1362 1548 1401 τὸν
1578 1363 1703 1402 Ἀέτιον
1729 1365 1860 1403 ἀνελεῖν
1880 1365 2038 1418 ταχέως,
2071 1369 2128 1405 ὑπ’
2158 1370 2262 1408 αὐτοῦ

1217 1419 1443 1474 φθαρήσεται.

1271 1493 1302 1517 2.
1333 1479 1379 1519 ‘O
1397 1479 1432 1518 δὲ
1452 1481 1738 1532 Βαλεντινιανὸς,
1760 1482 1880 1529 ἐπειδὴ
1909 1484 2002 1535 αὐτῷ
2031 1485 2138 1537 ἐχρῆν
2167 1487 2263 1537 γενέ·

1218 1541 1297 1576 σθαι
1321 1541 1438 1583 κακῶς
1451 1539 1490 1578 τὸ
1509 1542 1622 1591 τεῖχος
1649 1543 1711 1587 τῆς
1737 1542 1862 1579 ἑαυτοῦ
1891 1543 2003 1593 ἀρχῆς
2030 1545 2262 1593 καταλύοντι,

1219 1597 1384 1649 προσίετό
1405 1614 1440 1636 τε
1463 1597 1541 1642 τοὺς
1560 1598 1685 1650 λόγους
1707 1598 1872 1651 Μαξίμου
1893 1616 1930 1638 τε
1947 1601 2006 1639 καὶ
2031 1601 2260 1654 “Ηρακλείου,

1218 1655 1277 1693 καὶ
1298 1655 1451 1709 διαρτύει
1469 1659 1519 1709 τῷ
1539 1657 1635 1710 ἀνδρὶ
1655 1656 1712 1695 τὸν
1728 1657 1889 1709 θάνατον,
1910 1658 1966 1697 ὅτε
1983 1659 2024 1706 δὴ
2048 1663 2066 1698 6
2084 1661 2209 1706 Ἀέτιος
2229 1665 2264 1701 ἐν

1218 1720 1289 1758 τοῖς
1308 1714 1496 1766 βασιλείοις
1516 1714 1659 1765 ἐγίνετο,
1677 1722 1852 1755 κοινωνεῖν
1869 1719 1918 1770 τῷ
1932 1721 2116 1769 κρατοῦντι
2126 1721 2262 1770 μέλλων

1217 1772 1275 1810 ἐπὶ
1301 1774 1366 1817 τοῖς
1393 1772 1640 1825 βουλεύμασιν,
1670 1774 1730 1813 καὶ
1765 1775 1924 1828 προνοίας
1944 1776 2085 1828 χρυσίον
2113 1778 2264 1829 εἰσάγειν

1216 1831 1442 1884 πειρώμενος.
1502 1831 1566 1874 Ὡς
1586 1831 1622 1870 δὲ
1633 1832 1675 1870 τὰ
1696 1833 1776 1886 περὶ
1795 1836 1862 1871 τῶν
1882 1835 1998 1886 πόρων
2018 1835 2144 1881 Ἀέτιος
2155 1838 2260 1890 πρού-

1218 1893 1302 1937 θηκε
1333 1889 1394 1927 καὶ
1414 1889 1649 1941 ἀναλογισμὸν
1677 1892 1828 1932 ἐποιεῖτο
1844 1895 1911 1930 τῶν
1943 1894 1983 1930 ἐκ
2017 1896 2079 1941 τῆς
2104 1896 2265 1948 εἰσφορᾶς

1218 1947 1464 2001 ἀθροισθέντων
1479 1949 1673 2002 χρημάτων
1695 1950 1842 2002 ἀθρόων,
1861 1954 1878 1989 6
1897 1951 2159 1996 Βαλεντινιανὸς
2178 1946 2263 1991 ἀνα-

1217 2007 1355 2060 κραγὼν
1376 2007 1516 2060 ἀνέθορέ
1545 2024 1582 2046 τε
1605 2011 1665 2047 τοῦ
1692 2009 1820 2060 θάκου,
1850 2009 1910 2048 καὶ
1933 2010 2047 2049 οὐκέτι
2074 2010 2139 2064 ἔφη
2159 2011 2264 2051 οἴσειν

1217 2064 1401 2109 τοσαύταις
1415 2065 1729 2118 ἐμπαροινούμενος
1749 2067 1972 2120 μοχθηρίαις·
2003 2071 2058 2107 ἐπ’
2074 2069 2179 2108 αὐτὸν
2196 2070 2265 2123 γὰρ

1218 2124 1364 2176 φέροντα
1389 2123 1452 2172 τὴν
1481 2127 1599 2163 κακῶν
1624 2125 1738 2163 αἰτίαν
1759 2126 1970 2179 παρελέσθαι
2001 2126 2118 2175 αὐτὸν,
2146 2128 2266 2182 ὥσπερ

1216 2185 1277 2229 τῆς
1298 2182 1384 2236 ἑῴας
1408 2185 1606 2236 βασιλείας,
1631 2184 1691 2221 καὶ
1724 2189 1783 2223 τοῦ
1822 2188 1883 2232 τῆς
1905 2186 2054 2238 ἑσπέρας
2082 2186 2264 2239 βούλεσθαι

1217 2240 1362 2293 κράτους
1378 2243 1590 2294 παραδηλῶν
1608 2243 1690 2293 (τῆς
1708 2244 1850 2294 ἀρχῆς).
1869 2244 1921 2283 Τὸ
1942 2243 1977 2282 δὲ
1997 2245 2188 2297 παράδοξον
2205 2249 2265 2291 τῆς

1217 2301 1321 2352 ὃργῆς
1354 2302 1400 2343 ὡς
1433 2299 1679 2351 ἀπεθαύμαζεν
1705 2303 1722 2338 6
1743 2300 1889 2352 Ἀέτιος,
1923 2302 1982 2340 καὶ
2014 2303 2174 2355 ἐπειρᾶτο
2204 2306 2264 2350 τῆς

1219 2358 1345 2410 ἀλόγου
1365 2359 1383 2379 ²*
1406 2358 1420 2375 *
1441 2362 1501 2397 τοῦ
1522 2360 1643 2397 κολεοῦ
1661 2360 1699 2397 τὸ
1714 2358 1818 2409 ξίφος,
1839 2360 1900 2398 σὺν
1912 2363 1962 2414 τῷ
1981 2360 2179 2414 Ἡρακλείῳ
2195 2361 2264 2414 ὥρ-

1219 2432 1342 2467 μησεν,
1363 2417 1429 2465 ἤδη
1447 2418 1506 2455 καὶ
1522 2419 1616 2471 αὐτῷ
1632 2418 1694 2465 τὴν
1709 2418 1836 2456 κοπίδα
1851 2420 1998 2471 εὐτρεπῆ
2015 2419 2082 2458 ὑπὸ
2093 2419 2156 2467 τὴν
2172 2422 2265 2472 χλα-

1222 2476 1314 2525 μύδα
1331 2475 1492 2528 φέροντι(
1506 2475 1734 2529 Πριμικέριος
1750 2477 1816 2529 γὰρ
1836 2480 1903 2515 τῶν
1915 2478 2088 2516 κοιτώνων
2107 2472 2163 2530 ἦν)
2178 2494 2186 2502 ·
2204 2479 2264 2518 καὶ

1220 2534 1326 2587 ἄμφω
1346 2534 1439 2574 κατὰ
1461 2538 1520 2573 τοῦ
1541 2535 1670 2574 Ἀετίου
1689 2537 1841 2588 κεφαλῆς
1857 2542 2011 2589 συνεχεῖς
2027 2537 2265 2589 ἐπενεγκόντες

1218 2593 1374 2645 πληγὰς,
1395 2595 1530 2632 ἀνεῖλον
1547 2595 1665 2642 αὐτὸν,
1687 2594 1802 2633 πολλὰ
1822 2595 1942 2647 ἀνδρὸς
1958 2594 2042 2648 ἔργα
2064 2595 2264 2648 διαπραξά-

109 2719 148 2724 -
163 2700 366 2742 ἐὸούλετο]
381 2702 490 2733 malim
512 2703 702 2734 ἐὸουλεύετο.
718 2721 753 2726 --
771 2704 953 2744 διηρεύνη
963 2704 1025 2745 σε]
1042 2706 1219 2746 διηνεύρησε
1233 2706 1305 2738 cod.

153 2750 204 2779 Fr.
226 2752 297 2779 200.
321 2748 370 2779 Cf.
394 2750 526 2788 procop.
545 2749 647 2781 Vand.
666 2749 741 2781 heli.
764 2752 795 2789 1,
813 2752 850 2791 4;
871 2751 1024 2791 Euagrius
1042 2754 1138 2790 ΙΙ,·7.
1157 2756 1274 2785 -καὶ
1293 2754 1462 2795 μηνυθὲν
1478 2757 1529 2795 τῷ
1548 2754 1728 2796 βασιλεῖ]
1748 2755 1817 2787 haec
1836 2755 1917 2788 dura
1933 2755 2108 2787 admodum
2126 2764 2182 2796 pro
2201 2768 2208 2787 :
2227 2756 2266 2788 οὗ

111 2795 291 2834 μηνυθέντος
308 2798 350 2835 τῷ
370 2795 401 2835 β.
416 2818 425 2834 ,
448 2796 571 2833 ἀνέστη.
591 2815 631 2821 -
647 2797 710 2828 διὰ
729 2800 779 2828 τῶ
791 2810 806 2829 ν
826 2798 1026 2839 εὐνούχων
1042 2802 1110 2830 τοῦ
1131 2800 1346 2842 βασιλέως]
1366 2802 1393 2833 δ.
1411 2813 1437 2833 τ.
1455 2813 1480 2833 ε.
1499 2802 1550 2833 τὸν
1571 2803 1701 2843 βασιλέα
1715 2802 1828 2834 codex.
1845 2803 1948 2835 Possis
1963 2803 2060 2834 etiam
2077 2805 2161 2834 ιτῶν
2175 2803 2264 2844 βασι-

109 2841 211 2873 λείων.
237 2842 287 2873 Cs.
305 2842 419 2874 Suidas
435 2851 467 2874 v.
486 2843 669 2884 Θλαδίας,
688 2844 854 2885 εὐνοῦχος·
883 2858 898 2872 «
923 2845 1105 2877 Ὑποὸάλλει
1128 2847 1229 2878 τοίνυν
1254 2847 1386 2888 [supple
1403 2849 1419 2879 ὁ
1445 2849 1588 2888 θλαδίας,
1616 2849 1636 2880 i.
1653 2858 1680 2881 e.
1701 2850 1886 2891 Heraclius]
1917 2851 1988 2886 τοὺς
2010 2850 2264 2882 Οὐαλεντινιανοῢ

111 2888 298 2927 (Οὐάλεντος
313 2888 405 2920 codd.
418 2889 428 2929 )
449 2890 614 2930 μυστικοὺς
627 2914 635 2929 ,
651 2891 705 2928 τὴν
720 2895 934 2931 γυναικωνῖτιν
949 2892 1029 2932 λέγω
1044 2892 1188 2934 φάλαγγα
1198 2918 1206 2933 ,
1222 2895 1308 2935 οἵπερ
1322 2896 1399 2926 εἰσὶν
1413 2895 1459 2926 ἀεὶ
1474 2899 1534 2927 τῶν
1551 2896 1673 2936 φαύλων
1686 2896 1822 2937 πράξεων
1838 2897 2018 2938 ἐμπύρευμα
2029 2921 2037 2936 ,
2052 2901 2263 2938 κατηγορῆσαι

109 2938 164 2966 τοῦ
189 2935 304 2966 Ἀετίου
328 2936 409 2966 κατὰ
427 2937 579 2976 βασιλέως
596 2938 765 2978 ἐμμελετᾶν
779 2963 787 2978 ,
817 2941 858 2975 ὡς
875 2940 912 2970 ἂν
927 2940 1114 2982 ἐπιὸατεύσῃ
1134 2945 1187 2979 τῆς
1211 2939 1362 2978 ἐξουσίας.
1388 2939 1450 2980 [Οἱ
1464 2940 1517 2981 δὲ]
1541 2941 1740 2981 ἀγωνίζονται
1765 2945 1870 2973 πεῖσαι
1894 2943 1946 2973 τὸν
1965 2943 2104 2982 βασιλέα.
2123 2941 2186 2975 Ἦν
2205 2942 2265 2983 γὰρ

111 2981 204 3023 βαρὺς
219 2982 235 3012 ὁ
249 2982 383 3022 σταθμὸς
396 2986 450 3013 τοῦ
464 2985 687 3024 ὑποσχεθέντος
704 2985 834 3026 χρυσίου
848 2987 865 3017 ὁ
877 2987 1071 3027 ὑποσμήχων
1091 2991 1099 3023 (
1112 2989 1304 3029 ὑποσμύχων
1321 2986 1404 3026 conj.
1423 2987 1550 3019 Ki'lster.
1568 2989 1600 3019 et
1614 2988 1795 3020 Heinsterh.
1808 2989 1818 3027 )
1834 2988 1935 3019 αὐτῶν
1948 2989 1987 3020 τὰ
2001 2989 2156 3020 ἔντοσθεν·
2170 2989 2262 3021 δεινοὶ

109 3029 168 3070 γὰρ
181 3029 223 3064 εἰς
236 3029 271 3059 τὸ
286 3029 439 3069 συρράψαι
455 3030 570 3070 βλάὸας
583 3054 591 3070 ,
606 3033 808 3071 προκειμένης
821 3033 952 3073 χρυσίου
969 3034 1174 3075 ὑποσχέσεως
1185 3043 1192 3050 ·
1209 3034 1369 3071 ἄπληστον
1385 3034 1445 3074 γὰρ
1467 3035 1502 3065 τὸ
1527 3035 1613 3074 γένος
1636 3035 1687 3066 καὶ
1704 3035 1778 3076 πρὸς
1794 3035 1968 3072 πλεονεξίαν
1991 3035 2038 3066 ἀεὶ
2054 3036 2166 3076 κέχηνε
2178 3060 2186 3075 ,
2209 3037 2262 3068 καὶ

111 3076 169 3107 οὐκ
185 3075 250 3106 ἔστι
263 3086 291 3106 τι
307 3079 367 3106 τῶν
384 3077 507 3116 φαύλων
522 3077 594 3108 ἄνευ
611 3082 664 3115 τῆς
682 3079 783 3110 αὐτῶν
805 3080 991 3120 δυστροπίας
1007 3081 1037 3111 ἐν
1054 3085 1117 3117 τοῖς
1133 3082 1300 3122 βασιλείοις
1314 3081 1506 3120 τελούμενον.
1523 3081 1666 3112 Πείθεται
1679 3085 1745 3117 ταῖς
1762 3082 1979 3122 συκοφαντίαις
1996 3082 2012 3112 ὁ
2027 3082 2169 3122 βασιλεὺς
2180 3106 2188 3119 ,
2209 3084 2262 3113 καὶ

110 3123 205 3164 λόγου
228 3122 396 3163 ταχύτερον
413 3124 486 3163 πρὸς
503 3126 554 3155 τὸν
571 3125 662 3165 φόνον
680 3126 791 3157 Ἀετίου
811 3128 941 3164 κινηθεὶς
966 3131 1075 3159 τοῦτον
1099 3129 1224 3170 ἀναιρεῖ.
1255 3128 1316 3159 Καὶ
1346 3128 1387 3162 ὡς
1405 3127 1530 3167 ἕρμαιον
1551 3127 1635 3167 αὐτῷ
1661 3128 1696 3159 τὸ
1719 3129 1852 3168 πραχθὲν
1872 3127 2074 3167 λογισάμενός
2093 3139 2166 3167 φησι
2189 3128 2263 3168 πρός

111 3181 180 3201 τινα
197 3173 258 3200 τῶν
276 3170 349 3209 (τὸν
369 3170 462 3201 codd.
478 3172 488 3210 )
507 3171 714 3211 στοχάζεσθαι
731 3174 769 3204 τὰ
788 3174 946 3215 ἀπόρρητα
968 3175 1146 3216 δυναμένων
1165 3174 1355 3215 (δυνάμενον
1372 3173 1466 3205 codd.
1479 3173 1489 3212 )
1500 3181 1508 3189 ’
1535 3186 1550 3200 α
1567 3174 1613 3205 Οὐ
1630 3175 1732 3210 καλῶς
1749 3185 1800 3214 μοι
1820 3175 1994 3215 πέπρακται
2011 3176 2030 3212 ἡ
2053 3178 2108 3205 τοῦ
2122 3175 2236 3206 Ἀετίου
2249 3200 2257 3215 ,

115 3217 142 3247 ὦ
161 3216 249 3250 οὗτος
261 3240 270 3255 ,
286 3215 438 3256 ἀναίρεσις
451 3227 459 3255 ;
475 3230 490 3244 u
506 3218 546 3249 ‘O
560 3218 591 3248 δέ
606 3229 695 3257 φησιν
708 3229 714 3234 ·
731 3232 746 3246 «
764 3221 800 3251 Ei
814 3222 916 3257 καλῶς
929 3222 948 3259 ἢ
963 3222 1005 3262 μὴ
1015 3245 1023 3258 ,
1038 3223 1094 3253 οὐκ
1108 3223 1178 3254 οἶδα
1191 3231 1199 3238 ·
1215 3222 1362 3262 γινώσκω
1386 3220 1396 3261 (
1409 3220 1543 3260 γίνωσκε
1558 3220 1650 3251 codd.
1665 3222 1674 3259 )
1690 3222 1720 3252 δὲ
1735 3221 1781 3252 ὅτι
1798 3225 1835 3262 τῇ
1852 3222 1918 3262 λειᾷ
1931 3222 2008 3262 χειρὶ
2025 3222 2079 3258 τήν
2093 3221 2190 3258 δεξιάν
2205 3233 2264 3253 σου

112 3263 282 3303 ἀπέκοψας.
299 3275 313 3289 n
331 3264 423 3293 Hunc
438 3264 544 3295 iocum
564 3265 671 3296 Prisco
685 3266 860 3299 vindicavit
878 3268 1054 3300 Reinesius.
1071 3269 1171 3309 idque
1188 3277 1300 3300 verum
1318 3276 1385 3299 esse
1401 3276 1464 3299 non
1481 3267 1606 3298 dubito.
1626 3268 1675 3298 ef.
1696 3269 1762 3298 noi.
1780 3267 1818 3298 ad
1837 3268 1874 3298 [ι’.
1891 3272 1962 3298 203.
1978 3267 2037 3298 Aiii
2054 3268 2094 3298 de
2121 3268 2263 3307 Eunapio

112 3309 163 3340 vel
184 3309 310 3340 Malcho
327 3309 508 3348 cogitarunt
538 3310 655 3350 inepte.
690 3314 839 3344 Ceterum
862 3314 931 3345 haee
951 3316 1100 3355 Excerpti
1117 3317 1249 3348 Salmas.
1278 3315 1418 3346 narratio
1435 3323 1548 3355 parum
1567 3314 1723 3354 quadrare
1741 3314 1818 3345 mihi
1848 3314 1974 3345 videtur
1993 3323 2068 3345 cnm
2085 3313 2122 3345 iis
2138 3323 2211 3354 quae
2230 3315 2264 3346 in

112 3357 194 3388 ΕΜ.
213 3357 259 3386 De
278 3355 336 3394 ins.
354 3355 412 3394 (fr.
430 3357 510 3396 201)
530 3356 570 3388 de
590 3357 729 3389 Maximo
747 3362 929 3391 narrantur.
946 3361 996 3392 Cf.
1011 3362 1194 3394 Tiiiemont.
1213 3364 1254 3394 Vi
1267 3387 1275 3403 ,
1293 3371 1324 3402 p.
1342 3367 1412 3394 252.
1431 3379 1472 3385 —
1485 3361 1503 3402 §
1517 3366 1546 3394 2.
1568 3361 1660 3402 πρός
1677 3360 1740 3403 σε]
1757 3361 1830 3402 πρός
1846 3372 1880 3401 γε
1897 3360 2018 3400 codex;
2035 3369 2097 3392 em.
2117 3363 2260 3393 Cramer.

155 3404 206 3434 Fr.
233 3407 303 3433 201.
319 3400 337 3442 §
352 3406 379 3433 2.
397 3403 586 3444 προσίετό
603 3403 817 3444 τε]προσίετο
829 3406 860 3437 δὲ
875 3406 945 3438 cod.
958 3427 999 3433 —
1012 3410 1196 3451 χρυσίον]
1211 3410 1339 3452 χρυσίου
1352 3409 1422 3441 cod.
1436 3428 1476 3433 —
1489 3413 1553 3447 τῆς
1571 3409 1714 3449 ἀλόγου
1729 3410 1763 3426 **
1775 3408 1786 3449 ]
1800 3408 1936 3449 suppleri
1949 3408 2045 3448 possit
2061 3420 2068 3439 z
2082 3411 2134 3445 τῆς
2149 3407 2265 3448 ἀλόγου

114 3450 206 3480 αὐτὸν
224 3450 331 3480 παύειν
352 3449 454 3490 ὀργῆς,
475 3451 491 3481 ὁ
509 3452 651 3491 βασιλεὺς
669 3452 828 3489 ἐκσπάσας
855 3457 909 3484 τοῦ
935 3455 1043 3486 κολεοῦ
1070 3457 1135 3488 κτλ.
1166 3474 1206 3480 -
1223 3458 1363 3497 αὐτῷ..,
1397 3455 1573 3499 φέροντι]
1605 3458 1734 3488 αὐτοῦ...
1763 3459 1902 3498 φέροντος
1925 3456 1995 3488 cod.
2021 3473 2060 3478 —
2081 3456 2263 3496 πριμικέ-

115 3508 129 3537 ρ
140 3496 213 3537 ιος]
231 3497 415 3538 πριμικίριος
430 3497 500 3530 cod.
