2326 3724
971 223 1310 263 FRAGMENTA.

73 314 242 370 βασιλέα,
257 313 317 353 δύο
336 312 472 358 πώλους
487 310 671 364 συζεύξας,
692 311 939 366 διεσπάραξεν·
957 314 1004 357 ὡς
1021 311 1117 352 Ἀλέ-

72 375 196 429 ξαρχος
212 375 247 413 ἐν
267 372 416 426 τετάρτῃ
435 371 635 411 Ἰταλικῶν.

569 448 607 474 2.

122 503 277 543 Servius⁴
295 501 344 538 ad
358 500 491 549 virgil.
507 499 594 537 AEn.
612 501 670 536 III
683 527 693 546 ‚
717 498 790 543 334
808 511 817 538 :
841 499 1033 538 Chaonios
1057 510 1119 534 co-

68 565 240 613 gnomine
276 561 440 608 Campos
466 557 480 609 ]
509 559 667 607 Epirum
699 571 848 607 campos
881 571 955 594 non
982 557 1120 594 habere

69 622 237 659 omnibus
248 627 373 655 notum
388 626 461 663 est‚·
485 619 554 653 sed
570 626 716 654 constat
737 618 787 653 ibi
802 619 892 653 olim
909 629 1035 664 regem
1051 629 1120 652 ηο-

70 683 168 716 mine
185 679 367 726 Campum
380 674 505 723 fuisse
521 679 674 724 ejusque
688 684 853 725 posteros
875 676 1119 724 Campylidas

69 740 185 775 dictos
201 745 238 774 ec
250 738 407 786 Epirum
435 735 686 783 Campaniam
708 743 895 780 vocatam,
922 738 1019 770 sicut
1029 735 1117 770 Ale-

38 819 43 824 ·
67 797 243 841 marchas,
263 795 454 831 historicus
466 806 623 842 graecus,
644 802 684 830 et
693 797 925 830 Ar1'stonicus
936 790 1115 840 referunt.

72 857 191 902 Varro
220 855 348 902 filiam
380 853 514 902 Campi
539 849 795 902 'Campaniam
822 854 981 896 dictam,
1022 851 1120 887 unde

65 916 269 965 pruvincia?
298 924 447 956 nomen,
483 920 572 960 post
594 924 702 956 vero,
745 915 853 947 sicuti
873 911 1014 948 dictum
1042 918 1116 956 est,

69 972 280 1009 Chaoniam
313 972 363 1007 ab
397 971 538 1006 Heleno
567 972 818 1019 appellatam,
858 973 923 1018 qai
952 968 1118 1016 fratrem

66 1043 171 1067 suum
187 1030 490 1076 Chaonenuvel,
510 1038 551 1065 ut
566 1031 638 1065 alii
657 1031 800 1074 dicunt,
822 1032 1004 1072 comitem,
1028 1029 1117 1064 dum

68 1098 278 1135 venaretur,
296 1090 494 1126 occiderat.
505 1090 540 1124 A
543 1090 585 1124 lii
589 1089 715 1135 filiam
726 1089 861 1137 Campi
874 1089 1055 1125 cestriam
1071 1088 1120 1123 ab

67 1150 209 1185 Heleno
222 1150 371 1184 ductam
391 1160 561 1193 uxorem,
588 1156 624 1184 et
638 1149 684 1183 de
696 1151 848 1184 nomine
864 1150 983 1183 soceri
1003 1147 1118 1183 Cam·

64 1220 149 1257 pos,
169 1207 218 1244 de
233 1210 383 1244 nomine
400 1206 565 1250 Chaone,
588 1206 764 1243 Chaonas
776 1207 930 1243 dimisse.

123 1268 158 1303 A
184 1272 317 1302 nostro
341 1266 528 1314 scriptore
549 1265 717 1301 diversus
746 1265 886 1314 procul
912 1264 1031 1301 dubio
1064 1269 1119 1298 est

68 1325 300 1362 Alexarchus
322 1325 591 1373 grammaticus
613 1325 676 1360 ille
694 1325 938 1373 superbiens,
966 1322 1014 1359 de
1041 1334 1119 1370 quo

66 1384 184 1419 Aristi
219 1383 415 1419 Salaminii
447 1383 555 1418 locus
597 1389 719 1418 exstat
745 1382 850 1430 apud
888 1382 1120 1420 Clementem

65 1442 176 1478 Alex.
200 1442 327 1478 Protr.
359 1439 499 1487 IV‚,54
513 1467 524 1486 ,
542 1453 582 1489 p.
607 1442 670 1486 16,
701 1453 750 1487 27
771 1441 890 1489 (vide
908 1438 1120 1476 Heraclidae

66 1499 114 1536 fr.
127 1505 164 1545 5,
173 1507 264 1535 tom.
272 1500 391 1549 111,p.
409 1498 514 1549 168).
526 1499 632 1535 Idem
644 1506 709 1535 aut
721 1499 815 1535 alius
825 1507 878 1535 est
888 1497 1120 1535 Alexarchus

67 1557 116 1594 de
135 1570 212 1606 quo
233 1557 458 1595 Plutarchus
488 1559 546 1594 De
566 1559 616 1593 Is.
640 1557 755 1596 etos.
779 1570 815 1595 c.
843 1557 928 1604 37:
951 1554 1117 1605 Ἀρίστων

66 1614 178 1652 τοίνυν
195 1617 213 1652 ὁ
241 1613 424 1668 γεγραφὼς
452 1614 642 1661 Ἀθηναίων
674 1613 841 1652 ἀποικίαν
861 1614 1029 1665 ἐπιστολῇ
1053 1627 1120 1650 τινι

66 1671 277 1726 Ἀλεξάρχου
306 1672 523 1726 περιέπεσεν,
544 1674 578 1710 ἐν
598 1677 621 1725 ᾗ
644 1673 752 1717 Διὸς
745 1673 933 1725 ιστορεῒται
949 1670 1009 1710 καὶ
1023 1668 1118 1709 Ἴσι-

71 1730 128 1775 δος
154 1733 223 1775 υἱὸς
240 1730 287 1770 ὧν
311 1734 329 1770 ὃ
359 1732 524 1776 Διόνυσος
549 1731 616 1770 ὑπὸ
645 1731 862 1784 Αἰγυπτίων,
895 1733 958 1770 οὔκ
976 1729 1118 1782 Ὄσιρις

67 1789 159 1828 ἀλλὰ
192 1790 366 1844 Ἀρσαφὴς
400 1790 468 1842 (ἐν
496 1792 546 1843 τῷ
578 1790 673 1843 ἄλφα
701 1790 910 1843 γράμματι)
931 1787 1119 1840 λέγεσθαι,

69 1847 250 1896 δηλοῦντος
271 1849 311 1887 τὸ
334 1849 487 1902 ἀνδρεῖον
505 1852 564 1887 τοῦ
586 1848 766 1899 ὀνόματος.

270 2053 557 2110 ἈΕΕΧΙΒ
597 2053 886 2112 SAMIUS.

417 2162 769 2203 zAMmN-npm.

349 2258 380 2293 E
408 2257 562 2294 LIBRO
591 2257 833 2295 SECUNDO.

577 2345 610 2368 1.

119 2401 321 2438 Athenaeus
334 2402 447 2446 XIII,
461 2414 501 2450 p.
516 2398 610 2448 572,
629 2402 661 2440 F
681 2414 690 2437 t
707 2397 839 2444 Ἄλεξις
859 2399 887 2438 δ’
902 2402 920 2438 ὁ
932 2398 1067 2450 Σάμιος
1086 2399 1120 2438 ἓν

67 2457 219 2510 δευτέρῳ
236 2455 363 2509 ’Ὠρων
384 2459 580 2508 Σαμιακῶν
593 2474 602 2483 ·
623 2477 639 2492 «
661 2458 737 2506 Τὴν
755 2460 790 2497 ἐν
815 2458 930 2511 Σάμῳ
953 2458 1120 2511 Ἀφροδί-

66 2569 182 2609 saepius
194 2569 328 2602 distulit.
351 2571 457 2602 Semel
472 2572 557 2602 victo
577 2580 633 2611 eo,
648 2570 761 2603 Albani
785 2579 819 2602 se
844 2570 884 2602 ad
900 2570 1048 2602 convivia
1064 2570 1121 2602 de-

68 2619 208 2653 derunt:
227 2631 307 2662 quos
331 2622 445 2654 Tullus
472 2622 546 2653 vino
574 2624 685 2662 captos
706 2622 857 2662 adortus,
881 2631 987 2662 regem
1010 2630 1122 2653 eorum

67 2671 194 2704 duobus
212 2672 307 2712 pullis
331 2673 455 2714 equinis
476 2674 641 2714 alligatum
665 2673 843 2715 discerpsit.
868 2674 1068 2707 Alexarchus
1090 2673 1123 2705 in

66 2725 185 2763 quarto
199 2724 396 2757 Italicorum.

313 2789 553 2831 ANNALES
581 2791 874 2831 SAMIORUM.

111 2920 216 2953 Alexis
229 2922 357 2955 Samius
375 2923 516 2955 secundo
531 2924 703 2957 Annalium
720 2925 941 2957 Samiacorum
957 2924 1028 2957 haec
1044 2925 1124 2956 scri-

71 2971 118 3004 bit
133 2982 141 3004 :
158 2985 175 3001 κ
192 2975 369 3013 Venerem,
384 2983 457 3015 quae
481 2976 571 3007 sami
592 2978 779 3008 consecrata
801 2978 870 3017 est,
890 2985 988 3017 quam
1005 2976 1059 3008 alii
1083 2978 1121 3008 in

69 3024 328 3065 Arundinibus,
345 3026 397 3057 alii
412 3028 449 3058 in
471 3027 606 3059 Paluda
619 3029 760 3067 vocant,
774 3028 964 3060 dedicarunt
980 3028 1124 3060 meretri-

70 3083 122 3107 ces
135 3076 248 3108 Atticae
258 3101 267 3116 ,
284 3086 357 3118 quae
372 3078 527 3110 Periclem
540 3080 661 3111 secutae
672 3103 681 3119 ‚
693 3089 794 3120 quum
810 3082 941 3112 Samum
962 3088 1122 3120 oppugna-

69 3129 135 3168 ret,
151 3137 300 3169 magnam
316 3138 358 3161 ex
373 3131 542 3170 prostituta
559 3132 660 3163 forma
676 3133 839 3172 quaestum
854 3132 1005 3164 fecerant.
1023 3143 1038 3158 υ

112 3236 220 3269 Alexis
237 3238 407 3270 Annalium
421 3239 602 3271 Samiorum
621 3240 704 3272 libro
713 3241 810 3272 tertio
824 3253 832 3272 ι
849 3252 865 3268 τι
883 3240 993 3272 Multis
1014 3249 1032 3272 e
1047 3240 1123 3271 civi-

18 3308 24 3315 ·
69 3289 203 3330 tatibus,
223 3290 286 3330 ait,
304 3293 453 3323 ornatam
470 3301 538 3324 esse
559 3295 691 3325 Samum
716 3302 735 3324 a
750 3294 936 3334 Polycrate3
958 3292 1015 3333 qui
1030 3301 1124 3324 canes

70 3341 255 3375 adscivisset
268 3344 419 3376 Molossos
435 3346 468 3376 et
479 3346 653 3377 Laconicos
664 3369 673 3384 ,
686 3354 796 3386 capras
814 3355 832 3377 e
850 3348 950 3385 Scyro
968 3346 1002 3377 et
1014 3347 1103 3377 Naxo
1113 3369 1122 3384 ‚

71 3401 148 3424 oves
163 3393 272 3425 Mileto
285 3396 317 3425 et
332 3404 373 3426 ex
387 3396 502 3427 Attica.
517 3396 688 3428 Arcessivit
703 3405 779 3428 vero
789 3420 797 3435 ,
812 3397 933 3436 inquit,
956 3397 1052 3428 etiam
1071 3405 1123 3427 ar-

72 3442 174 3475 tifices
188 3445 328 3477 maxima
341 3446 488 3479 mercede
502 3447 674 3488 proposita.
692 3447 777 3479 Idem
789 3471 798 3486 ,
814 3448 1000 3488 priusquam
1014 3449 1123 3487 tyran-

2142 238 2218 273 299

1179 327 1259 362 την,
1274 311 1317 359 ἣν
1337 312 1368 349 οἳ
1389 310 1452 362 μὲν
1474 312 1508 349 ἐν
1536 311 1722 362 Καλάμοις
1741 313 1917 358 καλοῦσιν,
1942 314 1973 351 οἱ
1989 314 2025 352 δὲ
2045 315 2079 352 ἐν
2097 290 2243 360 ‘'Eleu-

1179 369 1354 418 Ἀττικαὶ,
1369 370 1472 423 φησὶν
1487 399 1497 416 ,
1519 370 1654 420 ἑταῖραι
1669 368 1854 422 ἱδρύσαντο
1871 373 1907 409 αἱ
1927 372 2227 419 συνακολουθήσα-

1181 444 1242 467 σαι
1262 428 1447 480 Περικλεῒ,
1461 427 1517 465 ὅτε
1537 428 1731 480 ἐπολιόρκει
1749 427 1813 476 τὴν
1829 428 1967 480 Σάμον,
1987 430 2226 482 ἐργασάμεναι

1179 489 1306 530 ἱκανῶς
1326 485 1397 524 ἀπὸ
1415 488 1477 533 τῆς
1491 485 1599 539 ὥρας,
1621 504 1637 520 ιο

1683 581 1721 607 2.

1482 658 1512 693 E
1542 656 1694 694 LIBRO
1725 657 1922 696 TERTIO.

1233 757 1341 795 Idem
1356 758 1451 803 XII,
1470 770 1509 806 p.
1525 756 1617 804 540,
1633 758 1668 794 D
1688 769 1697 793 ε
1711 753 1843 800 Ἄλεξις
1857 753 1887 792 δ’
1901 755 1935 792 ἐν
1955 753 2061 808 τρίτῳ
2082 755 2229 806 Σαμίων

1179 815 1278 868 ὥρων
1296 817 1335 854 εκ
1356 815 1496 854 πολλῶν
1512 813 1649 853 πόλεών
1675 829 1761 867 φησι
1777 817 2000 864 κοσμηθῆναι
2016 814 2135 860 τὴνΣ
2106 814 2229 865 ...άμον

1180 874 1247 912 ὑπὸ
1266 890 1327 912 του
1349 872 1613 926 Πολυκράτους,
1631 871 1736 916 κύνας
1751 871 1813 948 μὲν
1829 871 2051 916 Μολοττικὰς
2071 871 2132 910 καὶ
2154 876 2226 912 Λα-

1180 932 1302 975 καίνας
1321 931 1588 983 εἰσαγαγόντος,
1613 934 1714 982 αἶγας
1731 930 1760 968 δ’
1780 931 1820 968 ἐκ
1838 929 1976 983 Σκύρου
2002 930 2063 969 καὶ
2089 930 2228 979 Νάξου,

1179 991 1341 1046 πρόὸατα
1359 992 1450 1029 δ’ἐκ
1468 989 1632 1037 Μιλήτου
1661 989 1723 1028 καὶ
1750 991 1812 1036 τῆς
1833 989 2003 1036 Ἀττικης.
2026 990 2229 1028 Μετεστέλ·

1179 1051 1259 1088 λετο
1286 1048 1347 1100 δὲ,
1368 1048 1472 1101 φησὶ,
1505 1047 1565 1087 καὶ
1596 1047 1756 1099 τεχνίτας
1783 1047 1841 1087 ἐπὶ
1874 1050 2009 1099 μισθοῖς
2038 1048 2227 1099 μεγίστοις.

1181 1108 1259 1160 Πρὸ
1280 1109 1316 1146 δὲ
1341 1111 1401 1146 τοῦ
1421 1122 1637 1160 τυραννησαι
1668 1106 2024 1158 κατασκευασάμενος
2046 1111 2232 1160 στρωμνὰς

1184 1169 1385 1211 πολυτελεῖς
1414 1183 1474 1205 και
1501 1166 1654 1219 ποτήρια
1675 1165 1843 1219 ἐπέτρεπε
1862 1170 2015 1220 χρῆσθαι
2031 1172 2101 1210 τοῖς
2120 1165 2143 1214 ἢ
2165 1166 2230 1217 γά-

1182 1241 1245 1278 μον
1263 1225 1285 1272 ἢ
1306 1225 1464 1276 μείζονας
1483 1224 1660 1276 ὑποδοχὰς
1678 1224 1910 1275 ποιουμένοις.
1931 1226 1999 1264 Ἐκ
2014 1224 2156 1263 πάντων
2173 1240 2231 1263 ουν

1180 1284 1311 1323 τούτων
1340 1283 1433 1328 ἄξιον
1462 1282 1651 1333 θαυμάζειν
1680 1282 1738 1321 τὸν
1758 1282 1938 1335 τύραννον,
1961 1299 2014 1321 οτι
2042 1283 2232 1333 οὐδαμόθεν

1182 1343 1445 1395 ἀναγέγραπται
1477 1345 1644 1393 γυναῖκας
1671 1339 1693 1388 ἢ
1726 1342 1854 1386 παῖδας
1889 1341 2231 1395 μεταπεμψάμενος,

1181 1402 1296 1441 καίτοι
1314 1401 1395 1453 περὶ
1414 1400 1478 1445 τὰς
1496 1403 1565 1438 τῶν
1595 1399 1751 1454 ἀρρένων
1772 1401 1910 1451 ὁμιλίας
1936 1400 2167 1450 ἐπτοημένος,
2188 1402 2234 1444 ὡς

1181 1461 1241 1500 καὶ
1259 1462 1409 1512 ἀντερᾶν
1430 1459 1650 1511 Ἀνακρέοντι
1673 1461 1723 1512 τῷ
1739 1462 1890 1510 ποιητῇ·
1911 1460 1967 1497 ὅτε
1984 1459 2044 1497 καὶ
2064 1460 2107 1497 δι’
2126 1458 2233 1512 ὀργὴν

1182 1520 1345 1572 ἀπέκειρε
1361 1519 1419 1557 τὸν
1440 1518 1628 1571 ἐρώμενον.
1662 1519 1809 1569 Πρῶτος
1828 1517 1864 1555 δὲ
1884 1520 1902 1556 ὁ
1922 1517 2154 1570 Πολυκράτης
2175 1517 2234 1555 καὶ

1181 1582 1264 1622 ναῦς
1277 1577 1408 1626 πήξας,
1423 1577 1493 1615 ἀπὸ
1514 1579 1577 1624 τῆς
1590 1575 1757 1629 πατρίδος
1775 1576 1916 1627 Σαμίας
1935 1576 2094 1615 ἐκάλεσε.

1691 1674 1730 1713 3.

1461 1770 1492 1807 Π
1503 1769 1582 1807 EPI
1611 1767 1851 1806 ΑΥΤΑΡΚΕ
1862 1767 1962 1806 [ΑΣ.

1234 1869 1412 1915 IdemX,
1427 1882 1465 1919 p.
1480 1868 1571 1918 418,
1584 1870 1641 1906 E:
1660 1864 1918 1917 Αἷγυπτίουςδ’
1930 1864 2154 1909 Ἑκαταῖος’
2134 1880 2235 1915 αρτο-

1182 1926 1311 1981 φάγους
1328 1899 1432 1998 φησῖιν
1450 1930 1563 1976 εἰναι,
1584 1924 1797 1971 κυλλήστιας
1813 1923 2005 1971 ἐσθίοντας,
2025 1923 2087 1966 τὰς
2107 1922 2140 1961 δὲ
2158 1938 2234 1974 κρι-

1183 1985 1244 2029 θὰς
1264 1988 1311 2029 εἷς
1329 1985 1434 2023 ποτὸν
1463 1984 1714 2027 καταλέοντας.
1740 1981 1809 2021 Διὰ
1836 1985 1948 2020 ταῦτα
1964 1981 2051 2020 καὶ·
2042 1980 2126 2020 Ἀλε
2115 1982 2179 2026 εξις
2198 1983 2234 2020 ἓν
2276 2035 2279 2038 Δ

1180 2047 1231 2082 τῶ
1247 2044 1336 2096 Περὶ
1354 2043 1561 2096 αὐταρκείας
1578 2041 1642 2095 ἔφη
1655 2071 1665 2089 ,
1688 2040 1813 2093 μετρίᾳ
1838 2056 1948 2093 τροφῃ
1966 2043 2158 2092 κεχρῆσθαῑ
2177 2056 2235 2079 τον

1182 2103 1354 2155 Βόκχοριν
1374 2102 1504 2140 καὶτὸν
1514 2101 1650 2153 πατέρα
1663 2102 1767 2138 αὐτοῦ
1782 2099 1974 2151 Νεόχαὸιν.
1987 2101 2046 2139 Cf.
2069 2101 2233 2137 Diodor.

1182 2165 1199 2200 I
1214 2191 1224 2209 ,
1262 2163 1366 2208 45‚2.
1387 2163 1611 2201 Manethon.
1634 2161 1680 2198 fr.
1713 2160 1762 2198 65
1794 2168 1878 2197 not.
1903 2161 1975 2196 Hic
1995 2161 2123 2196 Alexis
2142 2173 2234 2195 num

1181 2224 1328 2259 Samius
1337 2229 1468 2258 noster
1481 2222 1543 2266 sit,
1564 2228 1607 2256 ut
1617 2220 1996 2268 Schweighaeuserus
2009 2219 2236 2267 suspicatur,

1181 2294 1228 2318 an
1245 2282 1352 2325 alius,
1365 2282 1566 2317 nescimus.
1578 2281 1635 2315 De
1649 2278 1823 2326 Alexide,
1833 2278 2021 2326 Polycleti
2031 2277 2233 2325 discipulo,

1181 2353 1220 2376 v.
1249 2341 1390 2376 Plinius
1417 2339 1583 2375 XXXIV
1597 2365 1608 2383 ‚
1641 2337 1677 2383 8,
1691 2350 1753 2386 19.
1776 2338 1904 2374 Alexis
1923 2337 2125 2384 Sicyonius
2141 2336 2235 2374 Can-

1181 2400 1279 2436 thari
1308 2399 1480 2435 statuarii
1509 2405 1632 2447 pater,
1660 2409 1722 2445 ap.
1755 2397 1921 2432 Pausan.
1956 2396 2007 2433 VI
2019 2422 2029 2440 ,
2064 2395 2144 2443 3,6.
2180 2397 2236 2431 De

1185 2459 1339 2495 Alexide
1359 2459 1508 2494 comico
1528 2470 1567 2494 v.
1584 2456 1750 2494 Meinek.
1771 2463 1864 2494 tom.
1887 2457 1924 2501 1,
1948 2467 1988 2504 p.
2006 2454 2078 2500 374
2095 2467 2180 2503 sqq.

1181 2569 1288 2600 nidem
1305 2568 1514 2608 occupasset,
1530 2566 1669 2607 pretiosa
1685 2565 1827 2606 stragula
1844 2567 1876 2598 et
1889 2566 2004 2606 pocula
2015 2589 2024 2605 ,
2039 2574 2113 2605 quae
2126 2566 2238 2605 parata

1182 2621 1322 2654 habebat
1333 2645 1342 2660 ,
1364 2621 1515 2652 omnibus
1540 2619 1660 2651 utenda
1684 2619 1762 2651 dare
1786 2620 2014 2656 consueverat,
2033 2618 2089 2658 qui
2109 2617 2238 2657 nuptias

1182 2675 1238 2705 aut
1253 2672 1446 2704 solemniora
1460 2671 1610 2712 quaedam
1637 2671 1731 2711 epula
1749 2669 1964 2702 celebrabant.
1993 2681 2009 2697 u
2025 2672 2104 2707 Quae
2129 2668 2235 2699 omnia

1181 2734 1282 2765 quum
1294 2724 1441 2765 legimus,
1453 2723 1560 2754 mirari
1575 2722 1660 2754 subit
1670 2731 1827 2762 nusquam
1836 2720 2000 2753 memoriae
2011 2721 2112 2761 prodi,
2125 2720 2156 2760 ty
2162 2728 2234 2751 ran-

1182 2785 1261 2807 num
1275 2776 1426 2807 mulieres
1444 2774 1540 2806 etiam
1555 2775 1587 2805 et
1601 2774 1756 2805 formosos
1771 2781 1887 2813 pueros
1899 2773 2085 2811 arcessisse3
2099 2771 2155 2812 qui
2169 2770 2235 2811 qui-

1181 2830 1255 2860 dem
1267 2828 1418 2860 masculae
1431 2827 1557 2859 veneris
1566 2827 1677 2858 insano
1689 2825 1796 2858 studio
1808 2825 1990 2868 tenebatur,
2008 2826 2040 2856 et
2054 2825 2085 2855 in
2098 2823 2236 2856 amando

1182 2890 1281 2922 puero
1292 2880 1402 2912 rivalis
1413 2879 1471 2911 suit
1482 2878 1692 2911 Anacreontis
1704 2880 1818 2919 poetae,
1827 2878 1939 2918 iraque
1951 2877 2099 2909 incensus
2108 2885 2235 2908 comam

1183 2934 1294 2966 amasii
1309 2933 1463 2965 detondit.
1486 2933 1612 2964 Primus
1628 2933 1723 2963 etiam
1743 2932 1943 2972 Polycrates,
1962 2939 2043 2971 quas
2064 2928 2235 2962 aedificavit

1183 2989 1281 3019 naves
1290 3010 1299 3026 ,
1313 2995 1368 3019 eas
1383 2987 1520 3018 Samias
1540 2993 1559 3016 a
1572 2984 1674 3024 patria
1686 2984 1879 3016 nominavit.

1686 3057 1722 3089 3.

1467 3139 1534 3178 DE
1557 3138 1936 3179 FRUGALITATE.

1222 3238 1387 3279 AEgyptios
1402 3246 1497 3277 vero,
1513 3237 1683 3269 Hecataeus
1699 3236 1756 3276 ait,
1774 3237 1961 3276 pam'voros
1979 3241 2066 3271 esse;
2084 3231 2137 3272 qui
2159 3229 2229 3269 cyl-

1183 3291 1326 3323 lesttbus
1341 3290 1394 3330 (id
1409 3298 1527 3321 nomen
1549 3288 1640 3329 panis
1654 3287 1799 3319 subacidi
1812 3288 1860 3319 est
1873 3287 1884 3327 )
1898 3285 2080 3322 vescantur,
2103 3283 2135 3313 et
2153 3281 2228 3312 hor-

1182 3342 1278 3374 deum
1294 3341 1326 3372 in
1337 3340 1473 3381 potionis
1488 3340 1584 3372 etiam
1610 3347 1704 3370 usum
1723 3338 1807 3369 mola
1830 3337 1984 3376 frangant.
2011 3337 2116 3371 Quare
2133 3331 2228 3362 etiam

1183 3394 1308 3432 Alexis,
1326 3393 1359 3424 in
1371 3392 1453 3424 libro
1466 3391 1506 3423 de
1522 3390 1716 3430 Frugalitate
1729 3413 1738 3428 ,
1755 3388 1881 3420 modico
1896 3388 1981 3419 victu
1999 3393 2092 3416 usum
2106 3391 2173 3415 esse
2185 3382 2229 3413 ait

1184 3445 1360 3478 Bocchorin
1377 3445 1407 3476 et
1418 3443 1487 3483 ejus
1503 3445 1626 3483 patrem
1639 3440 1834 3473 Neochabin.
