2372 3704
964 205 1294 245 FRAGMENTA.

63 291 252 344 Ἀντωνίνῳ
262 293 311 344 τῷ
330 290 555 343 Καρακάλλῳ
574 289 758 342 Σεραπίων
773 291 791 327 ὁ
808 289 916 340 μάγος
937 283 1043 337 εἶπεν,
1059 293 1104 333 ὡς

62 351 278 398 τεθνήξεται,
311 349 371 388 καὶ
414 349 591 400 Μακρῖνος
623 346 725 385 αὐτὸν
757 347 967 394 διαδέξεται,
997 347 1106 392 δείξας

63 409 165 448 αὐτὸν
184 411 234 462 τῷ
258 406 499 459 &ammom
518 405 554 444 δὲ
582 404 650 443 ὑπὸ
677 408 803 455 θυμοῦ,
825 406 956 455 μᾶλλον
977 405 1012 443 δὲ
1040 405 1106 443 ὑπὸ

62 467 187 520 τύχης,
206 466 320 518 ἕτερον
340 464 551 511 ὓπονοήσας,
572 465 703 502 ἀνεῖλεν
724 464 865 502 ἐκεῖνον.
888 462 1022 502 Τούτου
1044 463 1106 510 τὴν

63 525 263 564 τελευταίαν
281 523 393 569 ἔξοδον
412 523 480 561 ἀπὸ
501 521 711 574 Ἀντιοχείας
727 520 948 571 ποιουμένου,
966 521 1108 573 ξιφήρης

25 614 29 616 -
63 585 82 621 ὁ
100 583 216 634 πατὴρ
237 582 370 635 [ὄναρ]
392 582 520 628 ἐπέστη
552 580 677 632 λέγων,
698 597 714 614 α
745 582 790 623 ὡς
818 579 858 617 σὺ
881 580 938 617 τὸν
962 580 1108 633 ἀδελφὸν

64 641 284 688 ἀπέκτεινας,
313 640 412 692 κάγὼ
436 639 474 679 σὲ
498 637 754 692 [ἀποσφάξω]
779 656 794 672 »
820 637 1014 677 Ἅπέκτεινε
1042 638 1108 690 γὰρ

64 694 160 743 οὗτος
177 699 235 738 τὸν
256 701 377 752 μικρὸν
397 698 542 751 ἀδελφὸν
560 698 663 736 αὐτοῦ
684 698 717 735 ἓν
737 697 787 750 τῷ
809 697 930 749 κόλπῳ
951 700 1012 744 τῆς
1041 713 1108 748 μη-

64 758 158 811 τρὸς,
177 757 316 811 ὕστερον
334 757 370 797 δὲ
389 757 450 796 καὶ
463 756 564 800 αὐτὸς
581 755 730 809 ἐσφάγη.

546 833 633 872 135.

119 906 209 941 Exc.
231 906 287 941 De
301 905 368 942 ins.
382 917 424 952 p.
449 907 497 947 44
518 914 527 941 :
544 902 590 940 Οἳ
610 899 646 938 δὲ
664 901 698 938 ἐν
719 901 768 952 τῷ
785 898 1010 951 στρατοπέδῳ
1029 914 1108 937 συν-

67 962 216 1014 έδραμον
235 961 399 1004 ἅπαντες·
418 959 478 998 καὶ
497 961 633 1011 πρῶτος
654 961 671 996 ὁ
693 960 870 1010 Μακρῖνος
900 957 1044 1000 ἐπιστὰς
1062 959 1111 1007 τῷ

67 1019 254 1070 πτώματι,
271 1017 500 1072 ὀλοφύρεσθαί
515 1033 552 1056 τε
571 1017 631 1055 καὶ
651 1020 785 1088 θρηνεῖν
802 1021 1044 1068 προσεποιεῖτο
1056 1030 1063 1039 ·
1081 1017 1112 1053 οἱ

68 1078 104 1118 δὲ
119 1078 235 1117 λοιποὶ
251 1077 503 1130 ἐχαλέπαινον·
520 1075 781 1128 συστρατιώτην
800 1074 867 1126 γὰρ
887 1074 948 1113 καὶ
966 1075 1028 1112 οὒκ
1048 1073 1113 1125 ἄρ-

67 1152 175 1188 χοντα
195 1135 304 1187 ὤοντο
325 1133 630 1182 ἀποὸεὸληκέναι,
651 1133 710 1172 καὶ
731 1132 894 1182 οὐδεμίαν
926 1131 1112 1179 ἐπιὸουλὴν

68 1195 272 1234 ὓπωπτευον
286 1197 325 1234 ἐκ
341 1210 402 1233 του
417 1196 453 1233 Μ
459 1193 612 1245 ακρίνου
628 1191 733 1231 Οὕτω
747 1191 809 1242 μὲν
829 1195 887 1230 οὖν
909 1190 1096 1234 ἕκαστος’
1067 1207 1114 1235 εις

68 1253 129 1297 τὰς
148 1253 276 1300 σκηνὰς
290 1252 499 1304 έπανήεσαν,
518 1251 564 1291 Ὁ
583 1250 618 1289 δὲ
638 1252 815 1303 Μακρῖνος
835 1249 919 1302 πυρὶ
938 1249 1114 1302 παραδούς

68 1312 107 1350 τὸ
127 1314 251 1362 σῶμα,
276 1311 336 1350 καὶ
361 1309 422 1358 τὴν
440 1309 533 1348 κόνιν
563 1311 597 1348 ἓν
617 1309 736 1360 κάλπη
768 1306 885 1360 βαλὼν
910 1307 1044 1360 ἔπεμψε
1070 1310 1113 1358 τῇ

70 1370 176 1422 μητρὶ
193 1372 296 1408 αὐτοῦ
322 1371 358 1408 ἐν
377 1368 569 1421 Ἀντιοχείᾳ
587 1366 826 1419 διατριὸούσῃ.
845 1365 986 1413 Ἔκείνη
1008 1365 1043 1404 δὲ
1057 1365 1114 1404 ἐπὶ

68 1433 144 1471 ταῖς
171 1429 240 1465 τῶν
263 1427 398 1466 παίδων
430 1430 625 1479 συμφοραῖς
655 1424 930 1477 ἀπεκαρτέρησε.
946 1423 1115 1476 ,Τοιούτῳ

70 1484 132 1535 μὲν
152 1484 193 1532 δὴ
212 1485 307 1528 τέλος
325 1484 500 1537 ἐχρήσατο
520 1484 716 1527 Ἀντωνῖνος
731 1483 792 1521 καὶ
810 1486 831 1529 ἡ
854 1482 970 1535 μήτηρ
992 1484 1112 1521 αὐτοῦ.

69 1542 116 1582 ‘0
136 1543 172 1581 δὲ
201 1542 321 1596 χρόνος
348 1546 382 1582 ἐν
401 1535 430 1595 ᾧ
458 1541 696 1595 έμονάρχησεν
727 1543 762 1580 ἐν
794 1540 829 1586 ἓξ
857 1541 948 1579 ἔτεσι
978 1556 1114 1579 συνετε-

70 1601 193 1650 λέσθη.

553 1668 566 1690 1
577 1654 624 1690 36
632 1684 640 1692 .

452 1729 732 1769 ΜΑΚΡΙΝΟΣ.

99 1839 103 1842 «
124 1809 224 1849 lbid.
239 1823 280 1860 p.
303 1815 350 1854 44
372 1823 380 1846 :
405 1810 493 1848 Ὅτι
513 1809 690 1860 Μακρῖνος
707 1810 724 1846 ὁ
743 1807 904 1860 βασιλεὺς
929 1807 1117 1858 Ῥωμαίων

73 1870 107 1907 ἐν
133 1866 323 1920 Ἀντιοχείᾳ
344 1867 542 1920 διατρίὸων,
570 1867 688 1919 τρόπῳ
711 1866 750 1904 τέ
776 1882 844 1904 τινι
869 1866 1055 1919 φιλοσόφου
1080 1866 1118 1905 τὸ

72 1926 200 1978 γένειον
227 1925 346 1966 καὶτὸ
373 1929 472 1977 βῆμα
501 1925 682 1978 φυλάττων
715 1924 960 1971 ἐπεῧουλεύθη.
981 1927 1028 1964 Οἱ
1052 1924 1118 1977 γὰρ

73 1988 284 2038 στρατιῶται
314 1984 599 2036 παραὸάλλοντες
629 1983 690 2026 τὰς
722 1982 923 2024 Ἀντωνίνου
957 1982 1118 2034 μνήμας,

73 2043 328 2094 κατεγίνωσκον
341 2045 402 2088 τῆς
422 2042 602 2095 Μακρίνου
617 2041 763 2089 διαίτης,
780 2043 967 2079 ἐλυποῦντο
983 2040 1018 2079 δὲ
1033 2041 1119 2080 διότι

76 2099 125 2152 μὴ
143 2101 202 2139 ἐπὶ
221 2099 283 2148 τὴν
302 2100 450 2151 Ῥώμην
475 2100 660 2150 ἠπείγετο,
679 2101 757 2137 ἀλλ’
784 2101 818 2138 ἓν
846 2100 1030 2152 ἀλλοδαπῇ
1052 2099 1120 2138 διέ-

75 2159 172 2211 τρι6ε
194 2159 294 2212 χώρᾳ
308 2188 318 2207 ,
339 2158 408 2197 ἔσθ’
432 2158 488 2197 ὅτε
509 2158 569 2197 καὶ
584 2161 652 2197 τῶν
671 2158 1120 2209 ἀναγκαίωνλσπανίζοντες.

76 2214 246 2271 Ὀρῶντες
263 2217 299 2256 δὲ
314 2217 373 2255 τὸν
396 2217 575 2268 Μακρῖνον
599 2219 634 2255 ἐν
653 2220 765 2270 τρυφῇ
785 2216 845 2255 καὶ
863 2218 967 2269 χλιδῇ
987 2219 1098 2262 ζῶντα
1110 2247 1120 2265 ,

75 2276 279 2330 προφάσεως
299 2275 416 2327 ὀλίγης
436 2275 604 2314 λαὸέσθαι
624 2274 774 2327 ηὔχοντο
797 2276 843 2318 εἷς
860 2275 900 2314 τὸ
919 2274 1119 2314 ἀποσκευά-

77 2338 204 2372 σασθαι
220 2334 260 2372 τὸ
279 2335 424 2372 λυποῦν.
454 2333 588 2386 Ἐχρῆν
616 2333 651 2371 δὲ
676 2333 743 2385 ἄρα
769 2333 948 2386 Μακρῖνον
966 2334 1120 2371 ἐνιαυτοῦ

77 2392 182 2442 μόνου
197 2395 241 2446 τῇ
261 2391 421 2445 βασιλείᾳ
443 2391 726 2445 ἐπιτρυφήσαντα
741 2391 816 2442 ἅμα
832 2393 881 2444 τῷ
900 2391 965 2444 βίῳ
984 2390 1044 2429 καὶ
1058 2391 1121 2438 τὴν

77 2450 190 2503 ἀρχὴν
212 2453 428 2498 καταλῦσαι,
454 2450 580 2502 μικρὰν
613 2451 672 2489 καὶ
703 2452 823 2497 εὐτελῆ
852 2451 1025 2504 πρόφασιν
1053 2457 1123 2495 τοῖς

78 2509 306 2579 στρατιώταις
321 2512 381 2555 τῆς
395 2509 503 2561 τύχης
515 2509 776 2561 παρασχούσης.

152 2566 314 2606 .Μαισὰ
344 2583 386 2614 ην
405 2583 455 2610 τις
479 2566 608 2617 ὄνομα,
639 2567 679 2606 τὸ
704 2567 801 2618 γένος
826 2566 1022 2615 Φοίνισσα,
1054 2567 1123 2606 ἀπὸ

79 2625 234 2676 Ἐμέσου
250 2624 466 2675 καλουμένης
486 2625 576 2664 ούτω
595 2626 744 2674 πόλεως,
764 2626 894 2679 ἀδελφὴ
916 2625 952 2664 δὲ
973 2626 1123 2670 Ἰουλίας

79 2687 140 2731 τῆς
163 2683 321 2735 Σεὸήρου
347 2683 526 2735 γυναικὸς,
556 2684 755 2723 Ἀντωνίνου
781 2684 816 2723 δὲ
846 2685 974 2738 μητρός
991 2700 999 2709 ·
1023 2685 1122 2736 παρὰ

2123 219 2192 252 ⁵91
2247 195 2251 199 ⁸

1164 293 1278 331 πάντα
1292 296 1349 330 οὖν
1365 292 1422 331 τὸν
1443 309 1503 340 της
1528 295 1676 346 ἀδελφῆς
1694 296 1764 347 βίον
1786 298 1819 334 ἐν
1842 303 1910 341 τοῖς
1931 299 2114 349 βασιλείοις
2130 301 2199 339 διέ-

1165 351 1279 402 τριψε.
1298 349 1442 397 Ταύτην
1476 353 1495 388 ὃ
1511 353 1688 403 Μακρῖνος
1717 354 1805 403 μετὰ
1821 355 1882 401 τὴν
1901 359 1960 402 τῆς
1982 358 2130 411 ἀδελφῆς
2144 374 2199 397 τε·

1166 407 1289 454 λευτὴν
1308 408 1516 460 προσέταξεν
1538 412 1584 454 εἷς
1604 409 1665 456 τὴν
1690 412 1840 463 πατρίδα
1879 415 2147 468 ἕπανελθουσαν,
2166 419 2201 455 ἐν

1167 473 1235 511 τοῖς
1252 468 1387 511 οἰκείοις
1416 468 1652 516 καταδιωναι,
1681 470 1794 509 πάντα
1822 471 1969 524 ἔχουσαν
1990 475 2034 511 τὰ
2059 478 2201 523 ἑαυτῆς·

1167 525 1339 563 πλείστων
1358 527 1426 578 γὰρ
1445 530 1486 573 ἠν
1506 527 1697 578 χρημάτων
1719 528 1865 581 πλήρης.
1884 531 2144 571 Ἐπανελθοῦσα
2167 533 2202 573 δὲ

1169 583 1314 635 διέτριὸε
1336 585 1367 635 [ε
1358 585 1404 635 ν]
1425 590 1493 628 τοῖς
1512 588 1648 632 ἑαυτῆς.

1220 656 1251 680 4.
1287 645 1398 681 Ησαν
1416 642 1452 680 δὲ
1466 643 1647 696 θυγατέρες
1661 646 1747 697 αὐτῇ
1761 644 1882 693 δύο,ς“
1853 647 1998 696 ...οαιμις
2013 648 2109 697 μὲνὴ
2122 665 2203 701 πρε·-

1170 700 1333 753 σὸυτέρα,
1344 705 1366 748 ἡ
1379 700 1445 739 δὲ
1431 701 1530 754 ετέρα
1546 702 1713 753 Μαμαία.
1728 705 1892 748 Παῖδες
1876 720 1977 753 ησαν,
1990 709 2051 757 τῇ
2046 706 2106 743 μὲν
2121 723 2205 759 πρε-

1170 759 1277 797 σῧυτέ
1262 775 1322 811 ερα
1347 759 1539 803 Βασσιανὸς
1557 759 1688 810 ὄνομα,
1707 764 1751 814 τῇ
1775 760 1810 799 δὲ
1831 762 1980 815 νεωτέρα
1998 763 2073 801 ἐΑλ
2060 763 2206 808 εξιανός·

1170 816 1236 854 ὑπὸ
1255 818 1289 855 δὲ
1308 818 1380 861 ταῖς
1403 818 1556 870 μητράσι
1573 798 1632 856 καιὶ
1654 823 1696 871 τῇ
1725 805 1855 873 μάμμῃ
1875 821 2111 875 ἀνετρέφοντο.
2136 824 2207 862 Καὶ

1171 877 1188 912 ὃ
1217 875 1277 923 μὲν
1307 876 1500 920 Βασσιανος
1528 893 1606 929 περι
1630 877 1690 925 ἔτη
1710 878 1858 929 γεγονως
1886 881 2204 933 τεσσαρακαίδεκα

1171 936 1189 971 ὁ
1220 933 1255 971 δὲ
1284 934 1472 978 Ἀλεξιανος
1493 935 1636 974 δεκάτου
1661 937 1926 984 ἐπιὸεὸηκὼς”
1907 955 2020 987 ετους,
2043 941 2206 992 ἱερῶντο,

1174 991 1330 1043 σχήματι
1367 992 1533 1046 βαρὸάρῳ
1563 995 1711 1045 χιτῶνάς
1729 1011 1767 1034 τε
1789 1000 1992 1050 χρυσοϋφεῖς
2009 1013 2208 1050 φορουντες,

1173 1050 1232 1088 καὶ
1251 1051 1453 1103 ἁλουργίδας
1474 1053 1758 1104 ἐνδιδυσκόμενοι.
1782 1054 1889 1094 Οὕτω
1909 1071 1946 1094 τε
1973 1058 1991 1094 ὁ
2015 1058 2209 1101 Βασσιανος

1173 1111 1296 1161 ὡραῖος
1316 1112 1384 1152 τοῖς
1395 1110 1621 1161 στρατιώταις
1642 1112 1816 1165 ἐφαίνετο,
1831 1113 1948 1165 γένους
1968 1131 2004 1153 τε
2026 1118 2208 1167 βασιλικοῦ

1174 1167 1353 1219 ὑπάρχων,
1369 1168 1428 1205 καὶ
1448 1171 1543 1220 ἀκμῇ
1560 1170 1714 1218 ἡλικίας,
1729 1171 1842 1216 ἄλλως
1864 1189 1900 1210 τε
1920 1173 1979 1211 καὶ
1995 1173 2072 1217 τοὺς
2089 1174 2209 1213 Φοινί-

1174 1241 1237 1271 κης
1262 1225 1474 1278 στρατιώτας
1497 1226 1585 1278 ἔχων
1606 1229 1914 1280 ὑπερασπίζοντας,
1941 1230 1991 1268 ἔτι
2008 1231 2043 1269 δὲ
2060 1230 2119 1269 καὶ
2136 1232 2208 1270 Ἀν-

1174 1283 1316 1321 τωνίνου
1340 1283 1409 1327 υἱὸς
1430 1284 1630 1336 έφημίζετο,
1651 1287 1811 1337 βασιλεύς
1831 1303 1867 1326 τε
1883 1287 1979 1341 παρὰ
2004 1289 2132 1333 παντὸς
2149 1294 2210 1329 τοῦ

1176 1341 1436 1393 στρατεύματος
1457 1343 1664 1392 ὠνομάζετο.

1228 1413 1258 1439 5.
1291 1400 1354 1443 ‘stc
1368 1399 1403 1438 δὲ
1421 1404 1529 1438 ταῦτα
1547 1402 1730 1453 διηγγέλθη
1741 1433 1751 1449 ,
1768 1403 1937 1442 ἐπέδωκεν
1953 1404 2077 1451 ἑαυτὴν
2091 1393 2112 1450 ἦ
2129 1421 2210 1457 πρε·

1176 1458 1315 1508 σὸῧτις,
1337 1458 1482 1507 ἑλομένη
1499 1459 1613 1497 πάντα
1637 1460 1787 1498 κίνδυνον
1808 1461 2044 1506 ἀναδέξασθαι.
2064 1464 2211 1515 Νύκτωρ

1175 1533 1213 1556 τε
1230 1516 1341 1568 λάθρα
1360 1519 1421 1563 τῆς
1438 1518 1569 1561 πόλεως
1585 1517 1754 1565 ὑπεξῆλθε
1774 1518 1833 1557 σὺν
1854 1521 1928 1563 ταῖς
1947 1521 2136 1572 θυγατράσι
2154 1522 2212 1560 καὶ

1176 1582 1246 1619 τοῖς
1268 1574 1431 1626 ἐγγόνοις.
1457 1575 1529 1614 Καὶ
1550 1575 1725 1626 γενόμενοι
1741 1577 1826 1628 πρὸς
1841 1580 1888 1628 τῷ
1911 1578 2016 1630 τείχει
2035 1583 2093 1617 τοῦ
2110 1594 2214 1632 στρα·

1177 1633 1340 1682 τοπέδου,
1365 1636 1476 1686 ῥᾷστα
1508 1633 1761 1686 ὓπεδέχθησαν.
1786 1635 1923 1679 Ευθέως
1950 1652 1986 1674 τε
2017 1637 2074 1675 τὸν
2105 1639 2215 1675 παῖδα

1177 1698 1247 1730 πᾶν
1279 1708 1318 1730 το
1335 1691 1568 1743 στρατόπεδον
1597 1692 1793 1731 Ἀντωνῖνον
1813 1695 2084 1746 προσηγόρευσε,
2110 1713 2152 1748 τῃ
2178 1711 2215 1734 τε

1178 1756 1338 1823 πορφυρᾷ
1357 1749 1511 1802 χλαμύδι
1538 1749 1783 1802 περιὸαλόντες
1802 1747 1893 1803 εἰχον
1919 1752 2085 1804 [ἔνδον]·
2102 1754 2215 1791 πάντα

1178 1823 1214 1845 τε
1231 1807 1274 1846 τὰ
1292 1808 1484 1857 ἐπιτήδεια,
1501 1807 1560 1845 καὶ
1577 1810 1702 1852 παῖδας
1716 1825 1775 1846 και
1790 1815 1966 1859 γυναῖκας,
1984 1809 2048 1848 ὅσα
2068 1827 2104 1849 τε
2124 1806 2214 1863 εἰχον

1179 1869 1214 1905 ἓν
1242 1866 1376 1917 κώμαις
1402 1866 1424 1913 ἢ
1446 1868 1559 1919 ἀγροῖς
1583 1873 1653 1910 τοῖς
1671 1868 1829 1915 πλησίον,
1862 1869 2137 1919 εἰσκομίσαντες,
2157 1870 2215 1907 καὶ

1179 1925 1240 1969 τὰς
1259 1925 1370 1968 πύλας
1386 1925 1673 1975 ἀποκλείσαντες,
1689 1925 1827 1969 ἑαυτοὺς
1842 1927 2109 1979 παρεσκεύαζον.

1233 1998 1263 2023 6.
1295 1984 1360 2027 Ὡς
1385 1984 1420 2021 δὲ
1437 1988 1548 2022 ταῦτα
1566 1984 1768 2034 ἀπηγγέλθη
1785 1987 1834 2035 τῷ
1851 1985 2019 2037 Μακρίνῳ
2037 1989 2071 2024 ἐν
2086 1987 2215 2025 Ἀντιο-

1179 2041 1259 2095 χείᾳ
1288 2042 1515 2095 διατρίὸοντι,
1537 2041 1560 2088 ἥ
1577 2058 1613 2080 τε
1631 2042 1728 2094 φήμη
1758 2042 1937 2094 διέδραμεν
1966 2043 2032 2080 ἀνὰ
2050 2042 2093 2082 τὰ
2111 2044 2215 2083 λοιπὰ

1181 2100 1416 2153 στρατόπεδα,
1444 2099 1495 2138 ὅτι
1521 2115 1558 2137 τε
1588 2100 1784 2139 Ἀντωνίνου
1815 2101 1884 2144 υἱὸς
1916 2101 2052 2153 εὑρέθη,
2075 2101 2134 2139 καὶ
2164 2101 2216 2139 ὅτι

1181 2164 1202 2208 ἡ
1217 2160 1365 2203 Ἰουλίας
1382 2158 1512 2208 ἀδελφὴ
1526 2158 1693 2210 χρήματα
1709 2158 1847 2196 δίδωσι·
1861 2158 1976 2197 πάντα
1993 2159 2035 2196 τὰ
2048 2159 2215 2209 λεγόμενα
2263 2200 2273 2207 Υ

1182 2219 1293 2264 ἀληθῆ
1317 2217 1562 2261 πιστεύσαντες
1586 2216 1647 2261 τὰς
1663 2215 1777 2269 ψυχὰς
1793 2217 2006 2263 έξεπτόηντο.
2027 2217 2153 2269 Ἐνῆγε
2180 2219 2216 2255 δὲ

1182 2277 1303 2320 αὖτοὺς
1327 2277 1372 2319 εἰς
1389 2275 1603 2327 πραγμάτων
1619 2274 1840 2324 καινοτομίαν
1857 2275 1896 2313 τὸ
1923 2275 2101 2328 Μακρίνου
2121 2281 2217 2326 μῖσος

1182 2333 1241 2373 καὶ
1266 2339 1287 2381 ἡ
1313 2334 1511 2373 Ἀντωνίνου
1538 2333 1659 2384 μνήμη
1691 2334 1750 2371 καὶ
1772 2333 1840 2384 πρό
1861 2349 1899 2384 γε
1926 2334 2065 2372 πάντων
2103 2337 2125 2380 ἡ
2150 2336 2217 2371 τῶν

1181 2393 1374 2446 χρημάτων
1391 2392 1499 2440 ἐλπὶς,
1511 2394 1556 2436 ὡς
1569 2391 1716 2436 πολλοὺς
1729 2392 1787 2430 καὶ
1803 2394 2076 2443 αὐτομολοῦντας
2084 2398 2217 2446 φοιτᾶν.

1234 2467 1265 2492 7.
1297 2452 1341 2490 ‘O
1367 2451 1402 2489 δὲ
1420 2454 1596 2503 Μακρῖνος
1616 2454 1840 2505 καταφρονῶν
1867 2455 1926 2489 τοῦ
1948 2453 2150 2502 πράγματος
2175 2454 2220 2494 ὡς

1182 2509 1455 2563 παιδαριώδους,
1480 2509 1658 2562 χρώμενός
1684 2525 1720 2548 τε
1745 2513 1788 2562 τῇ
1812 2509 1948 2556 συνήθει
1970 2509 2134 2562 ῥᾳθυμίᾳ,
2159 2511 2219 2546 αὖ·

1183 2568 1238 2612 τὸς
1256 2568 1318 2619 μὲν
1338 2567 1424 2606 οἴκοι
1445 2567 1557 2619 μένει,
1576 2567 1709 2618 πέμπει
1729 2568 1763 2606 δὲ
1793 2568 1852 2606 ἕνα
1879 2572 1946 2606 τῶν
1975 2569 2136 2621 ἐπάρχων
2161 2571 2220 2605 τοῦ

1184 2626 1418 2679 στρατοπέδου
1429 2656 1439 2674 ,
1457 2626 1601 2676 δύναμιν
1620 2625 1695 2668 δοὺς
1711 2625 1794 2674 ὅσην
1808 2625 1892 2679 ᾤετο
1907 2626 2130 2677 ἐκπορθήσειν
2144 2624 2222 2668 τοὺς

1186 2684 1450 2732 ἀνθεστηκότας.
1470 2679 1540 2723 *HV
1565 2685 1598 2722 δὲ
1617 2686 1634 2722 ὁ
1654 2683 1804 2736 ἔπαρχος
1823 2684 2022 2727 Ἰουλιανός.
2045 2679 2156 2728 Οῧτος
2176 2686 2222 2727 ὡς

120 2791 172 2821 Fr.
197 2791 265 2822 134.
286 2789 486 2830 Σεραπίων
504 2790 521 2821 ὁ
537 2790 658 2830 μάγος
674 2791 762 2822 εἶπε
777 2790 868 2832 κτλ.]
885 2791 970 2823 Nihil
983 2791 1023 2823 de
1038 2790 1089 2822 his
1103 2789 1313 2823 Herodianus.
1334 2791 1435 2822 Petita
1454 2791 1528 2822 sunt
1550 2797 1567 2820 e
1581 2789 1699 2828 Dione,
1718 2790 1755 2821 ut
1772 2789 1910 2821 videtur.
1928 2792 1967 2822 V.
1987 2790 2134 2821 mutilam
2148 2799 2221 2820 nar-

79 2836 237 2868 rationem
255 2837 418 2877 Xiphiiini.
438 2839 616 2874 Lxxvill.
637 2840 674 2876 4,
695 2838 750 2869 ubi
770 2838 839 2869 hoec
855 2838 1006 2870 accidisse
1031 2837 1183 2868 dicuntur
1207 2838 1315 2877 paucis
1340 2837 1453 2868 diebus
1476 2837 1650 2876 antequam
1673 2836 1828 2867 Macrinus
1850 2836 1979 2867 insidias
1998 2837 2060 2876 regi
2087 2837 2222 2876 pararet.

79 2882 198 2914 Eadem
216 2891 234 2914 e
249 2884 381 2922 Nostro,
398 2885 488 2923 puto,
503 2883 668 2915 cedrenus
684 2884 781 2915 refert
801 2885 834 2923 1,
857 2893 888 2924 p.
909 2886 968 2916 448
987 2883 1037 2915 ed.
1057 2886 1156 2917 Bonn.
1182 2897 1189 2916 z
1211 2885 1370 2925 Σεραπίων
1390 2885 1422 2916 δέ
1443 2895 1486 2920 τις
1506 2883 1717 2923 μαθηματικὸς
1740 2884 1841 2923 ἔλεγεν
1858 2886 1899 2919 ὡς
1910 2885 2080 2921 τεθνήξεται
2099 2884 2156 2914 οὐκ
2181 2885 2222 2919 εἷς

79 2930 204 2970 μακρὰν
223 2929 412 2970 Ἀντωνῖνος,
430 2931 483 2961 καὶ
502 2932 658 2971 Μακρῖνος
677 2931 768 2963 αὐτὸν
789 2931 978 2967 διαδέξεται·
998 2932 1051 2962 καὶ
1081 2931 1188 2967 ἔδειξεν
1205 2932 1296 2962 αὐτὸν
1321 2934 1366 2971 τῷ
1391 2930 1532 2969 δακτύλῳ
1557 2933 1740 2970 παρεστῶτα
1759 2931 1837 2970 μετὰ
1855 2933 1907 2968 τῆς
1925 2931 2110 2970 συγκλήτου.
2131 2930 2168 2960 Ὁ
2190 2929 2221 2959 δὲ

79 2977 141 3008 ὑπὸ
157 2978 254 3017 θυμοῦ
266 3001 275 3016 ,
291 2978 405 3018 μᾶλλον
422 2978 453 3008 δὲ
469 2978 530 3009 ὑπὸ
547 2981 600 3015 τῆς
616 2978 730 3019 τύχης,
753 2978 790 3009 οὐ
806 2982 920 3016 συνῆκε
935 2979 970 3010 τὸ
986 2978 1153 3019 πρόσωπον
1170 2977 1328 3016 Μακρίνου
1342 3000 1350 3015 ,
1375 2977 1451 3007 ἀλλὰ
1474 2977 1574 3016 ἕτερον
1589 2980 1650 3006 τῶν
1669 2976 1799 3013 πλησίον
1813 2977 1971 3007 ἐκέλευσεν
1982 2976 2220 3013 ἀποκτανθῆναι.

82 3042 120 3047 -
135 3022 229 3063 ὄναρ
245 3024 277 3054 et
292 3022 525 3064 ἀποσφάξω]
540 3023 648 3055 addidi
667 3032 707 3054 ex
726 3023 878 3064 Xiphiiin.
897 3025 1080 3061 LXXV111,
1098 3026 1127 3054 7.
1143 3024 1306 3055 cedrenus
1322 3025 1343 3055 Ι.
1366 3024 1386 3054 1.
1406 3023 1503 3054 verba
1520 3025 1561 3058 ὡς
1578 3022 1617 3054 σὺ
1633 3023 1700 3054 κτλ.
1719 3023 1863 3054 Macrino
1879 3022 2003 3054 tribuit.

122 3069 175 3100 Fr.
200 3071 268 3100 135.
286 3071 327 3101 V.
345 3069 518 3101 Herodian.
537 3071 599 3109 lV,
617 3073 664 3102 13.
682 3069 822 3111 θρηνεῖν]
835 3072 908 3102 Her.
921 3094 930 3109 ‚
948 3070 1176 3108 Ovfioxewcod.
1193 3088 1231 3092 —
1244 3070 1371 3111 κάλπη]
1389 3071 1463 3102 Her.
1478 3070 1587 3101 κάλπει
1602 3069 1670 3101 cod.
1684 3087 1726 3093 —
1744 3069 2025 3111 συνετελέσθη]
2043 3071 2116 3102 Her.
2133 3079 2222 3100 συνε-

80 3115 201 3147 τελεσεν
216 3115 288 3147 cod.

122 3163 175 3194 Fr.
202 3165 270 3194 136.
291 3164 332 3194 V.
351 3162 520 3195 Herodian.
541 3163 582 3202 V,
603 3166 634 3195 2.
649 3183 691 3190 —
707 3165 748 3196 τὸ
767 3163 944 3204 γένειον]
959 3164 1012 3195 τὸν
1033 3163 1105 3200 νηὸν
1118 3162 1219 3194 codex
1236 3162 1375 3202 corrupt.
1392 3161 1509 3193 Herod.
1528 3163 1575 3201 V,
1594 3165 1611 3192 2
1627 3171 1634 3192 :
1651 3161 1682 3192 ἐν
1706 3162 1738 3193 δὲ
1758 3165 1797 3202 τῇ
1814 3161 1982 3203 Ἀντιοχείᾳ
2004 3161 2129 3202 διέτριὸε
2141 3185 2150 3200 ,
2173 3160 2223 3200 γέ-

82 3211 163 3240 νειόν
175 3219 210 3240 τε
225 3208 332 3240 ἄσκων
342 3232 351 3249 ,
367 3210 499 3250 βαδίζων
520 3220 553 3241 τε
568 3210 661 3242 πλέον
682 3213 737 3242 τοῦ
751 3212 871 3247 δέοντος
885 3211 1050 3252 ἠρεμαίως.
1069 3226 1111 3232 —
1123 3208 1443 3249 παραῧάλλοντες
1457 3207 1469 3248 ]
1485 3209 1558 3239 Her.
1571 3231 1580 3246 ,
1602 3208 1830 3249 παραλαὸὁντες
1852 3208 1922 3240 cod.
1940 3227 1980 3234 ——
1992 3209 2034 3239 τὸ
2053 3205 2221 3245 λυποῦν]

83 3256 158 3287 Her.
170 3278 179 3294 ,
193 3255 228 3287 τὸ
241 3255 348 3287 λοιπὸν
360 3255 431 3288 cod.
450 3255 522 3296 —§
539 3260 569 3288 3.
586 3256 716 3297 Μαισὰ]
731 3259 806 3289 Her.
818 3281 827 3296 ,
849 3258 930 3297 μέσα
946 3257 1018 3288 cod.
1037 3256 1108 3297 —§
1125 3259 1155 3288 4.
1175 3257 1314 3296 Σοαιμὶ
1325 3255 1360 3296 ς’]
1377 3258 1450 3287 Her.
1463 3279 1472 3294 ‚
1487 3256 1626 3296 σοσγμία
1639 3255 1709 3286 cod.
1729 3277 1767 3282 —
1781 3256 1880 3287 οὕτω
1903 3267 1942 3287 τε
1965 3254 2065 3294 κτλ.]
2088 3253 2221 3294 pesime

83 3300 153 3332 haec
168 3303 318 3342 excerpta
333 3303 419 3333 sunt.
434 3301 506 3342 —§
526 3305 554 3333 5.
569 3303 702 3343 χλαμύδι
714 3301 726 3342 ]
740 3303 814 3334 Her.
826 3327 835 3340 ,
850 3302 968 3344 χλανίδι
983 3301 1054 3333 cod.
1071 3320 1110 3327 --
1123 3302 1230 3342 εἶχον
1247 3302 1355 3334 ἔνδον
1367 3301 1378 3343 ]
1393 3305 1468 3334 Her.
1480 3325 1489 3341 ‚
1503 3302 1579 3341 ἦγον
1592 3302 1663 3334 cod.
1678 3320 1720 3325 --
1733 3303 1860 3338 ἑαυτοὺς
1873 3299 2121 3342 παρεσκεύαζον]
2135 3298 2222 3330 addit

84 3348 159 3378 Her.
177 3360 185 3378 =
209 3349 269 3387 ὡς,
292 3348 318 3379 εἰ
334 3348 414 3387 δέοι,
429 3349 650 3388 ὑπομενοῦντες
672 3348 862 3389 πολιορκίαν.
886 3369 927 3375 -
939 3347 958 3389 §
972 3353 1001 3380 6.
1027 3349 1080 3386 τὰς
1103 3348 1225 3390 ψυχὰς]
1241 3348 1295 3385 τάς
1309 3360 1341 3380 τε
1363 3350 1464 3390 ψυχὰς
1490 3349 1562 3381 cod.
1586 3368 1620 3376 —
1641 3349 1841 3390 χρώμενός
1857 3348 1916 3380 τε]
1943 3350 2039 3383 Her..
2065 3346 2220 3391 χρώμενος

84 3394 117 3425 δὲ
137 3395 206 3426 cod.
