2326 3724
1011 235 1342 277 FRAGMENTA.

95 323 292 379 ἀμφοτέρας
320 323 438 378 χώρας
458 323 648 376 οἰκητόρων
678 323 748 362 τῶν
775 321 851 361 ὅσοι
879 325 922 376 τῇ
948 321 1141 374 Ῥωμαίων

93 382 369 436 προσεχώρησαν
385 382 558 435 πολιτείᾳ,
571 405 623 412 -—
633 382 807 421 πλείστων
821 376 896 432 οὖν,
910 380 1029 434 ὥσπερ
1041 382 1142 429 εἰκὸς,

92 441 151 480 ἐπὶ
187 443 328 496 τηλίκῳ,
358 442 543 495 πράγματι
584 440 890 494 προενηνεγμένων
929 441 1044 492 λόγων
1081 440 1142 478 καὶ

91 502 221 550 ἥκιστα
252 502 299 546 εἷς
327 501 426 553 ἔργον
456 499 647 553 ἀχθέντων,
673 499 762 550 μήτε
790 498 861 549 μὴν
888 501 932 552 τῇ
954 499 1140 553 συμφωνίᾳ

92 561 221 614 ἀμφοῖν
238 563 309 600 τοῖν
330 565 448 614 μεροῖν
467 558 727 610 ξυμδαινόντων
747 557 913 605 ἀλλήλοις
925 588 935 606 ,
955 557 1014 596 τὸν
1031 557 1144 597 Ἀνδί-

115 635 156 658 αν
195 617 508 674 παρακρούσασθαι
548 617 733 671 Ζαχαρίαν
770 616 1043 664 ὑποτοπήσαντα
1089 615 1141 670 ἐφ’

91 695 120 732 ῳ
140 678 259 718 θέσθαι
272 678 444 726 συνθήκας
459 680 523 718 οὐκ
533 680 566 723 ἐς
581 677 621 716 τὸ
635 676 820 731 εὐπρεπὲς,
838 675 930 715 ἀλλὰ
942 675 1010 730 γὰρ
1025 675 1140 730 πάντῃ

92 737 313 792 ἀσυμφόρους
326 741 370 791 τῇ
387 737 577 790 Ῥωμαίων
595 740 712 791 ἀρχῇ,
733 736 839 790 φάναι
855 737 995 787 λέγεται
1011 735 1140 775 τοιάδε·

95 815 111 830 α
136 797 250 850 Τείχη
271 797 331 836 καὶ
346 797 469 845 πύλαι,
489 797 549 845 καὶ
566 796 630 835 εἴτι
647 801 812 844 τοιοῦτον,
828 789 856 834 ὦ
872 795 1012 847 ἄνδρες,
1031 796 1141 848 φυλα-

90 856 244 909 κτήριον,
263 856 448 910 φυλάττειν
470 855 547 903 μὲν,
567 859 614 901 ὡς
630 855 743 905 εἰκὸς,
759 855 946 902 δυνήσεται
963 854 1024 893 καὶ
1038 854 1141 893 πόλιν

89 916 150 955 καὶ
169 915 348 954 πολιτείαν
374 915 473 963 ὅλην.
497 915 560 955 Ἐν
577 909 627 959 οἷς
647 914 684 953 δὲ
707 914 938 967 τυγχάνουσιν
958 915 989 953 οἱ
1009 913 1142 957 τούτοις

89 974 429 1028 περιπεφραγμένοι,
447 973 613 1026 κρύπτειν
636 973 707 1026 [οὗ]
723 975 850 1028 ῥᾴδιον.
869 973 985 1024 Φήμη
1001 972 1069 1026 γὰρ
1087 973 1142 1011 ἀεὶ

88 1037 269 1086 χειροῦται
291 1034 336 1072 τὰ
355 1034 550 1086 πράγματα
562 1063 572 1081 ,
591 1033 652 1072 καὶ
676 1033 721 1072 τὰ
746 1032 914 1072 δοκοῦντά
931 1048 1006 1076 πως
1026 1031 1140 1079 ἄδηλα

88 1092 301 1132 καθεστάναι
322 1092 509 1145 προτίθησι
533 1095 610 1137 ταῖς
631 1092 770 1140 ἀκοαῖς,
793 1090 913 1143 ὥσπερ
933 1092 990 1129 ἐπ’
1012 1091 1141 1144 ἀγορᾶς

90 1154 125 1191 ἐν
143 1155 282 1206 φανερῷ
295 1154 346 1206 τῷ
360 1152 562 1206 βουλομένῳ
576 1151 745 1205 πρίασθαι
758 1150 858 1190 ὤνια.
872 1153 1068 1202 Τοιγαροῦν
1081 1149 1142 1188 καὶ

88 1212 190 1262 ἡμεῖς
209 1210 465 1262 ἑξεπιστάμεθα
484 1210 547 1258 τὴν
560 1209 751 1261 Ῥωμαίων
770 1207 883 1263 ἀρχὴν
897 1207 1064 1260 πολέμοις
1080 1209 1141 1246 ἀν-

87 1269 312 1323 τερείδουσαν
333 1269 531 1322 πλείστοις,
551 1269 612 1308 καὶ
633 1268 836 1321 πολλαχόσε
854 1270 914 1315 τῆς
939 1268 1143 1318 οἰκουμένης

87 1328 182 1368 ὅπλα
201 1333 366 1369 κινοῦσαν
382 1328 443 1368 καὶ
457 1327 657 1381 τῇδυνάμει
671 1327 932 1381 μεμερισμένην
948 1326 1072 1379 σχεδὸν
1088 1329 1142 1380 ἐφ’

87 1387 228 1442 ἑκάστῳ
260 1387 430 1442 βαρὸάρῳ
446 1388 563 1440 γένει,
590 1387 651 1426 καὶ
670 1386 733 1434 τὴν
752 1389 831 1425 καθ’
850 1389 946 1436 ἡμᾶς
963 1385 1142 1425 πολιτείαν

87 1447 152 1485 οὐκ
171 1446 242 1485 ἀπὸ
258 1446 389 1496 τρόπου
406 1446 582 1497 Ῥωμαῖοι
595 1444 804 1497 γινώσκουσι
818 1444 942 1495 μηδενὶ
960 1446 1030 1483 τῶν
1049 1445 1141 1483 πάν-

86 1521 157 1544 των
184 1505 375 1558 ἀνθρώπων
400 1509 459 1544 νῦν
487 1506 711 1556 πολεμοῦσαν
740 1503 762 1551 ἢ
789 1503 986 1554 Ῥωμαίοις-
1009 1503 1139 1554 μόνοις.

86 1563 154 1608 Ὦς
172 1558 231 1603 οὖν
250 1567 349 1616 ὑμῶν
365 1563 428 1615 μὲν
445 1564 587 1607 πολλοῖς
603 1563 714 1602 ἔθνεσι
736 1563 963 1616 μαχομένων,
986 1565 1085 1614 ἡμῶν
1104 1562 1140 1602 δὲ

88 1623 204 1676 μόνοις
224 1626 319 1675 ὑμῖν,
340 1623 432 1662 οὕτω
453 1623 513 1662 καὶ
537 1623 600 1667 τὰς
631 1621 800 1670 ξυνθήκας
820 1622 956 1674 ἀνάγκη
985 1621 1140 1661 διατιθέ-

85 1699 156 1724 ναι.
177 1682 329 1722 Βέὸαιον
347 1682 416 1736 γὰρ
434 1682 476 1721 ἂν
493 1682 628 1734 γένοιτο
648 1681 839 1733 Ῥωμαίοις
854 1698 892 1720 τε
911 1681 951 1720 τὸ
970 1687 1141 1734 περιεῖναι

86 1742 148 1781 καὶ
179 1741 266 1796 πρὸς
290 1742 406 1781 πολλὰ
427 1741 726 1794 διαγωνιζομένοις
748 1741 827 1790 ἔθνη
854 1741 915 1779 καὶ
940 1741 1025 1794 πρὸς
1056 1741 1140 1791 μίαν

86 1804 155 1840 τῶν
176 1803 324 1854 Περσῶν
344 1801 536 1849 πολιτείαν,
556 1803 716 1854 καθάπερ
736 1800 796 1839 καὶ
826 1802 911 1852 ἡμῖν
940 1802 975 1839 ἐν
1006 1800 1139 1854 βεὸαίῳ

87 1860 272 1912 γενήσεται
293 1859 334 1899 τὸ
349 1866 491 1914 κρατεῖν
516 1860 603 1914 πρὸς
631 1859 752 1899 οὐδένα
777 1863 845 1899 τῶν
876 1859 1031 1907 ἄλλωνῆ
1054 1859 1141 1914 πρὸς

86 1918 286 1970 Ῥωμαίους
305 1918 429 1969 μόνους
449 1919 570 1972 ἔχουσι
595 1917 658 1966 τὴν
690 1917 872 1972 διαφορὰν,
897 1919 957 1957 καὶ
985 1921 1036 1971 τῷ
1056 1918 1141 1971 πρὸς

86 1978 148 2017 ἕνα
166 1977 227 2016 καὶ
246 1977 305 2016 τὸν
326 1977 430 2017 αὐτὸν
458 1977 746 2032 παρατάττεσθαι
774 1978 942 2029 πόλεμον.
963 1996 979 2013 »
1013 1980 1140 2017 Ταῦτα

86 2036 164 2089 ἐπεὶ
183 2035 297 2082 ἔλεξεν
326 2039 344 2075 ὁ
369 2037 540 2089 Ἆνδίγαν,
569 2037 747 2085 ἀκηκοότα
779 2037 964 2090 Ζαχαρίαν
998 2036 1138 2088 λέγεται

2182 251 2248 286 261

1205 324 1458 374 ὑπομειδιᾶσαι
1474 324 1534 363 καὶ
1550 319 1619 364 ὧδε
1642 327 1751 365 εἰπεῖν
1763 343 1770 351 ·
1788 346 1802 361 n
1824 322 1874 368 Εὖ
1895 343 1948 367 σοι
1965 329 2097 380 γένοιτο
2109 361 2119 377 ,
2136 324 2164 370 ὦ
2182 331 2255 371 Ἀν-

1205 382 1328 434 δίγαν,’
1339 382 1400 421 καὶ
1418 383 1541 436 Πέρσῃ
1555 385 1724 438 πεφυκότι
1738 386 1797 424 καὶ
1820 392 2051 439 μαρτυροῦντι
2065 389 2257 441 Ῥωμαίοις

1202 444 1264 488 τῆς
1281 442 1440 495 ἀνδρείας
1456 442 1516 482 καὶ
1534 443 1808 497 παρατρώσαντι
1821 445 1884 493 τὴν
1901 446 2066 494 ἀλήθειαν
2082 450 2255 499 οὐδαμῶς.

1203 499 1332 554 Εἷγὰρ
1353 500 1423 552 μὴ,
1448 503 1494 545 ὥς
1518 501 1622 556 ἔφης,
1647 506 1668 550 ἡ
1696 502 1887 555 εΡωμαίων
1908 512 2123 558 περιεσπᾶτο
2152 506 2259 545 δύνα-

1204 574 1280 610 μις,
1297 558 1357 598 καὶ
1372 559 1435 607 τὴν
1454 561 1681 613 πολυχειρίαν
1698 565 1758 601 τοῦ
1775 563 1854 601 κατ’
1874 562 1983 610 αὐτὴν
2003 569 2151 617 στρατοῦ
2165 567 2258 605 κατὰ

1204 617 1319 657 πολλὰ
1332 621 1395 666 τῆς
1413 619 1618 670 οἰκουμένης
1634 620 1795 666 ἐξέτεινεν
1809 620 1903 669 ἔθνη,
1920 622 1980 660 καὶ
1995 624 2041 667 ὡς
2057 622 2256 677 ἐγεφύρωσε

1203 679 1246 730 τῇ
1270 678 1415 726 δυνάμει
1434 678 1498 726 τὴν
1526 679 1702 719 θάλατταν
1720 679 1782 719 καὶ
1807 680 1868 725 τὰς
1887 681 2054 733 ἠπείρους
2072 681 2185 727 ἔζευξε
2208 685 2258 736 τῷ

1204 741 1387 790 πανταχοῦ
1403 739 1569 791 παρεῖναί
1588 755 1626 778 τε
1641 739 1702 778 καὶ
1718 742 1909 793 περιεῖναι,
1931 739 1965 779 τί
1982 739 2023 778 ἂν
2042 740 2108 779 οἴει
2126 756 2256 780 πεπον-

1204 794 1298 833 θέναι
1321 795 1460 849 Πέρσας
1480 796 1503 844 ἢ
1524 797 1582 836 ἐπὶ
1599 797 1707 837 πόσον
1727 799 1903 851 ἀντισχεῖν
1919 798 2009 852 τῷδε
2023 800 2073 851 τῷ
2092 798 2256 852 πολέμῳ·,

1203 848 1319 906 Οἶμαι
1339 854 1403 905 μὲν
1421 849 1480 894 οῧν
1496 856 1605 909 ἔγωγε
1620 858 1731 897 καύτό
1746 874 1785 910 γε
1801 859 1913 906 δήπου
1925 857 2079 908 τοῦνομα
2096 862 2237 912 συμφθα
2248 880 2259 889 -

1205 916 1306 967 ρῆναι
1329 914 1505 968 Πέρσαις,
1527 916 1588 954 καὶ
1605 915 1702 970 μόνῳ
1721 920 1861 965 νικῆσαι
1880 918 1930 970 τῷ
1958 915 2134 968 μηδέποτε
2152 916 2259 970 φέρε-

1204 976 1284 1011 σθαι
1300 977 1343 1027 τῇ
1359 973 1496 1027 μνήμῃ.
1510 992 1534 1021 ⁴1·
1550 975 1695 1015 Τούτων
1715 976 1881 1029 Ζαχαρία
1900 974 2092 1027 εἰρημένων
2110 978 2128 1014 ὁ
2147 975 2259 1015 Ἀνδί-

1203 1048 1269 1084 γαν
1290 1035 1333 1085 τῇ
1354 1037 1435 1086 σιγῇ
1452 1033 1607 1081 ἐδήλωσε
1625 1034 1663 1074 τὸ
1679 1039 1879 1083 νενικῆσθαι
1899 1037 1950 1089 τῷ
1970 1034 2077 1088 λόγῳ.
2098 1036 2258 1075 Τοιαῦτα

1205 1090 1268 1142 μὲν
1281 1085 1338 1130 οῧν
1351 1092 1458 1146 ἄμφω
1470 1093 1705 1146 διελεγέσθην.
1723 1095 1786 1135 Ἐν
1797 1094 1951 1148 τοσούτῳ
1964 1095 1999 1133 δὲ
2012 1097 2029 1132 ὃ
2044 1095 2255 1148 Ταχοσδρὼ,

1206 1152 1355 1201 Περσῶν
1376 1153 1592 1205 στρατηγὸς,
1625 1153 1701 1202 ἅμα
1728 1157 1772 1207 τῇ
1793 1157 1953 1208 Περσικῇ
1974 1160 2124 1207 στρατιᾷ
2153 1155 2187 1199 ἐς
2215 1155 2259 1193 τὰ

1204 1210 1387 1261 ἱππάσιμα
1406 1210 1451 1250 τὰ
1474 1212 1555 1266 περὶ
1579 1211 1643 1261 τὴν
1667 1213 1808 1254 Νίσιὸιν
1829 1211 2145 1267 ἐστρατοπεδεύετο
2165 1213 2259 1252 κατὰ

1206 1268 1264 1307 τὸν
1298 1269 1491 1321 Μυγδόνιον
1527 1272 1700 1323 ποταμόν.
1740 1273 1936 1326 Μαυρίκιος
1960 1270 2006 1328 .δέ
2041 1272 2257 1325 χαρακώσας

1205 1329 1343 1381 ὑπ’ἥρχε
1365 1327 1428 1373 τὰς
1453 1330 1541 1383 ἀμφ’
1566 1330 1669 1370 αὑτὸν
1699 1332 1862 1382 δυνάμεις
1884 1333 1919 1371 ἐν
1945 1334 1995 1385 τῷ
2016 1331 2059 1378 δὴ
2079 1331 2258 1386 λεγομένῳ

1207 1387 1449 1440 Μονόκαρτον,
1473 1389 1508 1427 ἐν
1529 1389 1710 1444 ἀγχιθύρῳ
1738 1391 2008 1439 Κωνσταντίνης
2027 1393 2089 1438 τῆς
2107 1390 2257 1437 πόλεως.

1203 1443 1310 1485 Ἔστι
1326 1445 1394 1499 γὰρ
1406 1446 1517 1494 δήπου
1529 1447 1574 1486 τὰ
1588 1449 1668 1502 περὶ
1682 1451 1721 1488 τὸ
1737 1450 1965 1504 Μονόκαρτον
1979 1449 2123 1489 ἅπαντα
2135 1449 2260 1506 ἔνυδρά

1204 1520 1242 1542 τε
1261 1506 1322 1543 καὶ
1349 1505 1529 1545 ἱππόὸοτα
1558 1507 1619 1545 καὶΙ
1641 1511 1782 1562 στρατῷ
1811 1509 2094 1557 ἐνσκηνήσασθαι
2126 1511 2256 1564 ἀγαθά.

1205 1562 1314 1602 Οὕτω
1334 1563 1397 1615 μὲν
1419 1560 1514 1604 οὗτοι
1543 1567 1838 1620 ἀπεταφρεύοντο.
1865 1567 1968 1621 Ἀτὰρ
1989 1571 2007 1607 ὁ
2027 1569 2186 1623 Ἀνδίγαν
2207 1570 2259 1609 ἔτι

1206 1621 1423 1671 ξυνεστώσης
1440 1627 1500 1672 τῆς
1521 1626 1709 1673 ἐκκλησίας
1729 1628 1858 1679 ἐχρᾶτο
1872 1627 1932 1666 καὶ
1949 1627 2087 1673 πτοίαις
2103 1629 2174 1667 τισὶ
2199 1628 2259 1667 καὶ

1203 1686 1450 1735 φενακισμοῖς,
1478 1685 1644 1738 Ζαχαρία
1662 1687 1857 1733 ὑποδηλῶν,
1881 1688 1928 1731 ὡς
1951 1687 2053 1731 αὐτὸς
2075 1688 2128 1736 εἴη
2158 1687 2260 1739 μόνος

1205 1742 1447 1785 ὃδιακωλύων
1464 1743 1523 1782 τὸν
1543 1744 1742 1798 Ταχοσδρὼ
1757 1745 1819 1793 τὴν
1839 1745 2048 1795 Ῥωμαϊκὴν
2070 1750 2132 1798 γῆν
2149 1763 2262 1786 κατα-

1205 1806 1320 1839 σεῑσαι
1333 1809 1337 1816 ”
1350 1801 1505 1842 ἅπασαν.
1538 1803 1657 1856 Τυχὸν
1686 1804 1775 1857 γὰρ,
1806 1807 1840 1843 ἐν
1869 1799 1898 1859 ᾧ
1928 1806 2171 1858 διαλεγόμενος
2197 1800 2240 1854 ἦν
2252 1837 2261 1854 ,

1204 1861 1408 1914 ἀνεφαίνετό
1426 1877 1478 1906 τις
1506 1862 1638 1901 τούτων
1659 1862 1703 1911 δὴ
1726 1866 1795 1902 τῶν
1821 1865 1854 1908 ἐς
1876 1863 1984 1916 τάχος
2011 1864 2260 1915 ἱππαζομένων

1203 1935 1239 1958 τε
1257 1919 1318 1958 καὶ
1338 1919 1400 1965 τὰς
1416 1921 1581 1972 ἀγγελίας
1599 1925 1648 1974 τῷ
1676 1922 1779 1975 τάχει
1803 1926 1872 1962 τῶν
1895 1922 2015 1962 ἵππων
2034 1924 2260 1974 διακομιζόν·

1202 1993 1288 2028 των,
1307 1979 1546 2030 πλαττόμενος
1564 1982 1603 2019 ἐκ
1618 1985 1679 2019 τοῦ
1699 1982 1897 2034 Ταχοσδρὼ
1914 1983 2095 2022 ἐστάλθαι.
2120 1984 2192 2023 Καὶ
2213 1984 2257 2030 δὴ

1204 2037 1260 2075 τὸν
1277 2037 1436 2089 Ἀνδίγαν
1451 2040 1523 2089 ἰδίᾳ
1539 2040 1733 2090 λαμὸάνων
1750 2041 1936 2094 ἐνεχείριζέ
1951 2044 1981 2080 οἱ
1999 2043 2200 2091 ἐπιστολὴν,
2222 2044 2260 2080 ἐν

85 2143 278 2185 cupiebant,
299 2145 332 2176 et
353 2152 425 2176 eam
446 2143 666 2176 Persarmenia
687 2145 720 2176 et
748 2148 914 2176 Arzanene
937 2145 1141 2176 commutare

84 2195 258 2236 volebant,
275 2195 373 2228 modo
388 2204 500 2228 earum
517 2196 756 2237 provinciarum
774 2195 889 2228 incolae
899 2220 908 2236 ,
924 2196 1028 2237 quise
1043 2195 1082 2228 ad
1095 2195 1152 2228 rei·

85 2247 225 2290 publicae
241 2249 397 2281 Romanae
413 2248 649 2280 auctoritatem
665 2248 888 2287 contulissent,
916 2257 954 2280 ea
977 2247 1140 2280 deditione

85 2311 153 2335 non
180 2301 436 2334 continerentur.
454 2303 562 2339 Quum
576 2301 670 2334 multi
697 2301 738 2334 de
754 2309 792 2333 ea
808 2310 843 2334 re
858 2310 1022 2334 sermones
1039 2301 1139 2333 babiti

83 2354 207 2393 essent,
221 2362 327 2394 neque
340 2353 406 2385 ulla
416 2361 467 2385 res
478 2352 520 2385 ad
533 2352 629 2385 finem
640 2352 848 2394 pervenisset,
862 2354 938 2394 quia
951 2353 1138 2394 neutiquam

85 2407 193 2448 partes
208 2405 291 2438 inter
304 2413 339 2438 se
355 2404 590 2437 conveniebant
609 2414 617 2436 :
639 2405 784 2446 Andigan
806 2405 839 2437 in
861 2405 1068 2444 Zachariam,
1081 2405 1138 2446 qui

84 2459 177 2492 illum
187 2459 276 2500 pacis
290 2458 490 2491 conditiones
505 2458 638 2490 minime
654 2458 816 2499 honestas,
834 2460 900 2490 imo
917 2461 1138 2491 Romanorum

84 2511 183 2544 rebus
203 2520 245 2543 ex
259 2510 348 2547 omni
363 2511 456 2552 parte
475 2510 646 2542 damnosas
663 2512 695 2542 et
711 2510 840 2543 inutiles
860 2511 942 2543 serre
958 2511 1139 2551 suspicatus

84 2564 171 2603 crat,
189 2563 238 2595 his
250 2563 357 2595 verbis
380 2562 526 2594 invectus
539 2570 607 2595 esse
627 2562 730 2595 fertur
747 2575 755 2595 :
774 2576 789 2590 a
804 2563 922 2595 Moenia
938 2564 971 2595 et
991 2565 1093 2604 portae
1107 2565 1140 2596 et

83 2615 169 2648 aliud
178 2640 189 2655 ,
202 2624 222 2648 o
232 2614 291 2646 viri
300 2638 310 2654 ‚
324 2614 562 2646 munimentum
580 2615 697 2655 poterit
709 2615 841 2656 quidem
855 2616 888 2647 et
899 2615 1011 2647 urbem
1026 2617 1058 2648 et
1068 2616 1140 2648 uni-

84 2676 211 2700 versam
232 2675 302 2699 rem
315 2666 478 2708 publicam
501 2666 588 2698 tueri
610 2679 617 2698 ι
632 2666 687 2699 sed
704 2676 769 2708 qua
786 2667 971 2699 conditione
986 2667 1008 2700 ii
1025 2677 1059 2700 se
1079 2668 1137 2700 ba·

84 2718 201 2758 beant,
217 2718 273 2759 qui
286 2717 399 2750 inclusi
418 2718 638 2759 continentur,
658 2727 723 2750 non
741 2719 832 2751 facile
844 2719 1000 2751 occultari
1020 2721 1136 2761 potest.

85 2772 186 2804 Fama
205 2771 292 2803 enim
310 2770 344 2802 in
369 2770 521 2802 omnibus
542 2770 638 2802 rebus
653 2771 851 2809 dominatur,
871 2772 903 2804 et
919 2772 970 2804 vel
983 2780 1039 2812 ea,
1065 2781 1138 2813 quae

85 2823 272 2856 abscondita
286 2832 354 2856 esse
366 2823 557 2856 videbantur
574 2824 741 2856 bominum
755 2825 887 2858 auribus
896 2850 905 2866 ,
920 2826 1004 2858 sicut
1018 2835 1139 2859 merces

85 2878 121 2910 in
135 2878 204 2910 soro
216 2876 432 2919 emptoribus,
449 2877 592 2918 exponit.
608 2879 827 2916 Quamobrem
840 2881 873 2911 et
889 2888 947 2912 nos
969 2881 1056 2912 certe
1074 2881 1138 2913 sci-

85 2937 178 2970 mus,
206 2928 389 2962 Romanum
403 2929 575 2970 imperium
594 2938 669 2962 cum
685 2930 796 2963 multis
815 2932 941 2972 populis
961 2931 1046 2964 bello
1060 2941 1138 2964 con·

84 2983 235 3023 tendere,
259 2983 293 3015 et
319 2991 375 3023 per
398 2983 565 3024 plerasque
586 2985 693 3017 terrae=
708 2993 782 3017 oras
808 2993 899 3017 arma
920 2985 1136 3019 circumferre.

85 3037 134 3068 Ex
150 3044 215 3076 quo
228 3034 266 3067 fit
280 3036 316 3066 ut
325 3034 395 3074 ejus
408 3035 509 3076 copiae
531 3035 596 3068 late
617 3035 768 3077 dispersae
781 3036 845 3068 sint
858 3036 1011 3069 adversus
1025 3046 1139 3069 unum·

85 3086 239 3128 quodque
255 3086 321 3119 sere
344 3086 555 3119 barbarorum
577 3097 689 3127 genus.
714 3090 757 3121 At
773 3097 850 3121 vero
871 3089 1009 3120 Romani
1033 3089 1141 3121 sciunt

86 3141 232 3172 nostrum
250 3139 418 3180 imperium
430 3163 439 3179 ,
463 3149 527 3171 non
543 3140 612 3172 sine
633 3141 775 3182 ratione,
790 3151 866 3174 cum
882 3142 972 3173 nullo
991 3141 1055 3173 alio
1079 3141 1138 3173 bo-

87 3192 212 3225 minum
228 3200 360 3232 genere,
380 3201 478 3233 quam
493 3201 568 3224 tum
580 3193 745 3237 Romanis,
763 3194 884 3226 bellum
894 3202 1014 3233 gerere.
1027 3195 1140 3234 ltaque

86 3244 239 3286 quoniam
262 3252 320 3276 vos
334 3252 410 3276 cum
431 3245 542 3276 multis
569 3245 718 3285 gentibus
739 3245 824 3278 bello
839 3245 1030 3285 decertatis,
1047 3246 1140 3278 nobis

87 3298 197 3329 autem
211 3306 286 3328 cum
314 3297 406 3329 vobis
421 3297 499 3329 solis
515 3297 635 3329 bellum
647 3299 712 3338 est,
725 3298 766 3330 ad
792 3299 879 3330 bunc
893 3298 1027 3330 niodum
1042 3299 1137 3330 etiam

87 3349 224 3382 inducioe
240 3349 393 3383 faciendae
407 3351 494 3382 sunt.
514 3352 597 3382 Nam
618 3351 755 3383 Romani
770 3360 803 3383 se
816 3352 961 3383 victuros
982 3360 1050 3383 esse
1063 3360 1139 3383 con-

88 3402 202 3442 fidunt,
214 3403 313 3436 etiam
335 3412 412 3435 cum
424 3404 534 3436 amitis
555 3404 759 3444 nationibus,
774 3406 807 3436 et
822 3406 934 3436 contra
947 3413 1048 3436 unum
1067 3406 1138 3436 Per-

89 3462 197 3486 sarum
213 3453 382 3496 imperium
405 3455 526 3488 bellum
539 3458 701 3497 gerentes,
713 3456 796 3488 sicut
812 3456 903 3489 nobis
922 3457 1009 3488 certa
1029 3455 1136 3497 explo-

1203 2144 1338 2184 rataque
1367 2144 1429 2177 erit
1453 2145 1608 2184 victoria,
1636 2147 1900 2188 quandoquidem
1930 2158 2005 2181 cum
2037 2149 2133 2181 nullis
2171 2149 2260 2190 aliis,

1202 2205 1300 2237 quam
1320 2205 1396 2229 cum
1413 2199 1488 2231 solis
1505 2200 1675 2240 Romanis,
1704 2201 1796 2233 nobis
1812 2201 1873 2233 erit
1897 2203 2081 2243 certamem
2096 2203 2128 2234 et
2148 2204 2262 2234 contra

1203 2257 1305 2280 uuum
1321 2250 1526 2291 eundemque
1539 2251 1662 2284 hostem
1684 2261 1784 2284 unum
1808 2253 1959 2294 idemque
1976 2253 2099 2285 bellum
2119 2254 2261 2286 instrue-

1201 2308 1284 2332 mus.
1302 2313 1317 2329 »
1338 2303 1419 2340 Quae
1438 2311 1540 2343 quum
1558 2303 1704 2344 Andigan
1717 2304 1879 2337 dicentem
1901 2305 2072 2338 Zacharias
2085 2305 2259 2344 audiisset,

1200 2351 1320 2383 «licitur
1333 2353 1501 2387 subrisisse
1517 2356 1549 2387 et
1565 2354 1610 2387 ita
1623 2356 1751 2388 locutus
1766 2366 1773 2389 :
1793 2370 1808 2385 «ι
1825 2358 1908 2389 Bene
1924 2357 1981 2389 tibi
1995 2358 2048 2397 sit,
2067 2366 2087 2389 o
2101 2357 2259 2398 Andigan,

1201 2403 1320 2436 bomini
1340 2405 1373 2436 in
1400 2406 1505 2438 Persia
1530 2409 1626 2448 nato,
1650 2409 1706 2449 qui
1734 2407 1931 2441 fortitudinis
1953 2411 1986 2441 et
2016 2409 2146 2441 virtutis
2170 2410 2260 2442 testi-

1200 2459 1345 2490 monium
1370 2460 1524 2491 Romanis
1544 2461 1670 2501 praebes
1682 2485 1692 2500 ,
1712 2470 1816 2502 neque
1839 2470 1865 2502 ο,
1878 2461 2014 2494 veritate
2039 2462 2178 2495 aberras.
2195 2463 2261 2494 Nisi

1200 2509 1299 2549 enim,
1326 2511 1363 2542 ut
1375 2510 1473 2552 dicis,
1503 2513 1639 2545 Romani
1669 2513 1830 2553 ingentem
1856 2511 2100 2546 multitudinem
2123 2523 2258 2546 suorum

1200 2563 1403 2595 exercituum
1423 2563 1464 2595 ad
1479 2566 1545 2596 tam
1566 2565 1684 2598 multas
1708 2567 1821 2606 gentes
1839 2566 1935 2597 terra:
1960 2566 2200 2607 extendissent,
2228 2568 2261 2598 et

1201 2616 1320 2658 copiis,
1342 2618 1498 2657 tanquam
1513 2618 1611 2658 ponte
1624 2641 1634 2657 ,
1661 2617 1966 2658 marejunxissent,
1984 2621 2016 2650 et
2030 2627 2143 2650 omnes
2158 2620 2259 2651 terras

1200 2668 1348 2709 primenti
1362 2669 1501 2710 imperio
1513 2669 1767 2709 continuissent;
1784 2669 1862 2710 quid
1877 2670 2043 2702 existimas
2060 2673 2172 2702 Persas
2187 2680 2259 2711 pas-

1199 2730 1315 2761 suros,
1340 2722 1398 2753 aut
1427 2722 1584 2762 quamdiu
1615 2722 1677 2753 hoc
1706 2722 1792 2754 bello
1823 2722 1989 2754 tolerando
2015 2731 2105 2763 pares
2132 2723 2258 2755 futuros

1201 2775 1318 2807 fuisse?
1342 2775 1418 2806 ,Iam
1439 2782 1525 2805 nuuc
1550 2774 1655 2814 ipsum
1672 2782 1791 2806 nomen
1818 2773 1979 2806 Persicum
1999 2783 2073 2807 cum
2094 2775 2195 2806 Persis
2210 2774 2259 2806 in-

1200 2827 1372 2859 teriturum
1398 2835 1516 2867 eosque
1538 2827 1624 2858 nulla
1640 2827 1703 2858 alia
1725 2835 1778 2866 re,
1799 2819 1905 2867 'quam
1929 2828 2052 2859 aeterua
2079 2826 2258 2866 oblivione,

1200 2880 1346 2910 victuros
1361 2879 1468 2910 fuisse.
1491 2891 1506 2906 υ
1523 2880 1601 2910 Haec
1615 2878 1670 2910 ubi
1687 2878 1775 2910 dicta
1791 2881 1871 2911 sunt
1886 2887 1905 2910 a
1926 2879 2097 2919 Zacharia,
2114 2878 2258 2918 Andigan

1200 2931 1276 2964 satis
1288 2931 1418 2964 silentio
1441 2931 1614 2970 indicavit,
1629 2939 1663 2962 se
1685 2931 1822 2962 dicendo
1844 2939 1863 2962 a
1877 2931 2032 2962 Zacharia
2055 2932 2254 2970 superatum.

1175 3021 1178 3024 ¹
1201 2986 1287 3016 Dum
1298 2985 1407 3015 autem
1417 2983 1500 3015 inter
1515 2992 1549 3015 se
1562 2983 1835 3023 colloquerentur,
1848 2983 2054 3014 Tacbosdrus
2063 3006 2071 3020 ‚
2088 2985 2256 3015 Persarum

1199 3036 1280 3077 dux,
1302 3047 1377 3069 cum
1401 3037 1544 3069 exercitu
1563 3037 1691 3068 Persico
1717 3038 1820 3068 castra
1838 3036 1976 3068 habebat
1989 3036 2030 3067 ad
2046 3036 2253 3076 Mygdonium

1199 3098 1339 3129 amnem,
1360 3089 1444 3121 circa
1458 3089 1590 3121 Nisibim
1608 3088 1641 3120 in
1658 3088 1783 3129 campis
1802 3088 1942 3129 equestri
1963 3097 2078 3128 pugnae
2094 3090 2126 3120 et
2141 3088 2255 3120 alendo

1199 3141 1355 3181 equitatui
1375 3149 1529 3182 perquam
1546 3140 1748 3182 opportunis.
1766 3140 1939 3173 Mauricius
1958 3149 2034 3171 vero
2052 3140 2137 3171 vallo
2153 3140 2254 3171 conti-

1199 3194 1294 3226 nebat
1305 3203 1381 3226 suos
1400 3194 1560 3226 militesin
1571 3194 1643 3225 loco
1659 3202 1755 3234 quem
1770 3195 1889 3225 vocant
1901 3194 2138 3231 Monocartum‚
2154 3201 2254 3232 prope

1200 3247 1307 3285 portas
1319 3245 1407 3276 urbis
1423 3245 1656 3277 constantinae.
1673 3248 1756 3277 Sunt
1770 3245 1854 3276 enlm
1869 3244 1979 3275 omnia
1996 3244 2065 3274 loca
2083 3243 2167 3274 circa
2183 3245 2250 3274 Mo-

1198 3299 1368 3330 nocartum
1381 3307 1501 3338 aquosa
1518 3301 1550 3330 et
1566 3307 1725 3339 equorum
1743 3297 1878 3338 pastioni
1897 3295 2066 3328 commoda
2077 3319 2086 3333 ,
2110 3297 2142 3327 et
2157 3304 2251 3327 exer-

1198 3351 1275 3384 citui
1289 3351 1350 3383 sub
1362 3351 1498 3392 pellibus
1506 3351 1652 3383 habendo
1665 3353 1750 3391 apta.
1764 3350 1811 3382 Ad
1825 3351 1910 3381 huuc
1924 3348 2055 3380 niodum
2067 3347 2110 3378 illi
2123 3356 2157 3378 se
2170 3347 2251 3378 fossa

1198 3404 1232 3435 et
1249 3403 1333 3434 vallo
1347 3403 1540 3434 munierant.
1563 3404 1716 3435 ceterum
1730 3402 1870 3441 Audigau
1882 3426 1889 3440 ‚
1908 3401 1986 3431 dum
1999 3399 2105 3430 adhuc
2121 3398 2152 3429 in
2172 3407 2248 3429 con-

1199 3455 1271 3488 cilio
1288 3458 1403 3496 esseut,
1415 3458 1577 3489 exterrere
1591 3455 1777 3488 Zachariam
1795 3455 1826 3486 et
1840 3453 1991 3486 deludere
2001 3454 2045 3484 esi
2061 3460 2222 3491 aggressus
2239 3463 2247 3482 2
