2326 3724
612 192 1173 284 CANDIDUS

1226 190 1727 283 ISAURUS.

157 556 348 595 Candidus
381 567 427 591 ex
466 555 610 590 Isauria
648 553 899 590 Tracheotide
933 554 1137 598 oriundus,

105 615 336 654 Christianus
355 613 611 658 orthodoxus,
640 625 710 662 per
736 619 810 648 tres
832 612 950 647 libros
965 613 1063 660 stylo
1091 612 1139 647 ab

101 673 259 709 historia
274 674 397 709 alieno
413 684 471 708 res
482 672 619 708 Leonis
636 673 654 707 I
669 678 707 707 et
721 671 881 706 Zenonis
903 671 1023 706 Isauri
1043 669 1137 719 (457

102 729 253 780 ——491)
277 731 541 776 concinnavit,
571 737 663 766 teste
694 730 857 774 Photio‚
888 730 954 777 qui
980 730 1140 777 singulo-

101 801 188 826 rum
215 787 403 826 llbrorum
424 796 645 838 argumenta
662 788 816 824 summis
834 788 982 824 lineolis
1004 788 1140 824 adum-

102 846 206 886 brat.

155 905 312 941 Photius
330 905 427 940 Bibl.
456 904 542 942 cod.
568 917 646 953 79:
667 901 946 953 Ἀνεγνώσθησαν
969 901 1141 940 Κανδίδου

102 961 254 1015 ἱστορίας
283 961 379 1013 λόγοι
407 964 510 1014 τρεῖς.
532 959 701 1022 Ἀρχεται
729 961 791 1011 μὲν
816 978 878 1008 της
901 961 1072 1034 ἱστορίας
1074 963 1142 1000 ἀπὸ

102 1021 163 1066 τῆς
188 1020 333 1063 Λεοντος
360 1020 604 1072 ἀναρρήσεως,
623 1019 658 1062 ὃς
679 1024 720 1067 ἠν
739 1022 777 1058 ἐκ
800 1020 933 1064 Δακίας
950 1020 1012 1071 μὲν
1028 1023 1090 1068 τῆς
1109 1023 1142 1059 ἐν

102 1077 302 1130 Ἰλλυριοῖς,
319 1080 559 1131 στρατιωτικῷ
579 1078 816 1129 παραγγείλας
833 1079 987 1130 τάγματι
1006 1079 1066 1118 καὶ
1085 1095 1141 1117 τε·

103 1137 172 1175 λῶν
185 1136 290 1190 ἄρξας
304 1153 372 1175 των
388 1138 422 1175 ἐν
440 1136 674 1197 Σηλυμὸρίᾳ,
685 1137 748 1183 τὴν
765 1137 943 1190 βασιλείαν
958 1138 994 1176 δὲ
1009 1139 1142 1190 σπουδῇ

102 1193 277 1258 Ἄσπαρος
297 1194 542 1248 ἐγχειρισθεις,
571 1195 605 1239 ὃς
635 1198 676 1242 ἠν
708 1194 847 1239 Ἀλανὸς
875 1195 937 1246 μὲν
965 1195 1082 1246 γένος,
1105 1198 1144 1234 ἐκ

102 1259 224 1306 νεαρᾶς
244 1252 280 1292 δὲ
305 1253 602 1305 στρατευσάμενος
631 1252 768 1300 ἡλικίας
793 1253 853 1291 καὶ
881 1254 1142 1301 παιδοποιησά-

104 1327 204 1361 μενος
223 1313 263 1350 ἔκ
278 1315 380 1365 τριῶν
396 1311 520 1363 γάμων
540 1311 797 1364 Ἀρδαὸούριον,
820 1312 1026 1364 Πατρίκιον,
1054 1312 1142 1365 Ἐρ-

103 1370 304 1422 μενάριχον,
318 1369 377 1408 καὶ
395 1370 533 1416 θηλείας
543 1369 616 1408 δύο.
633 1371 792 1408 Ποιεῒται
807 1369 898 1420 μὲνὸ
912 1370 1143 1424 συγγραφεὺς,

102 1429 149 1472 ὡς
167 1428 321 1480 εἴρηται,
337 1427 448 1480 ἀρχὴν
466 1430 527 1474 τῆς
543 1427 695 1479 ἱστορίας
711 1427 774 1475 τὴν
791 1428 904 1481 ἀρχὴν
917 1433 980 1476 τῆς
998 1428 1144 1473 Λέοντος

105 1487 300 1539 βασιλείας,
319 1487 464 1540 τελευτᾷ
479 1487 509 1524 δ’
523 1488 570 1530 εἷς
585 1485 647 1534 τὴν
662 1486 885 1538 ἀναγόρευσιν
903 1486 1142 1527 ’Λναστασίου.

101 1543 208 1583 Ἔστι
225 1544 261 1583 δὲ
279 1544 443 1597 πατρίδος
465 1543 527 1595 μὲν
546 1543 742 1596 Ἰσαυρίας,
762 1547 808 1588 ὡς
831 1544 933 1588 αὐτός
952 1561 1062 1598 φησι,
1083 1549 1145 1593 τῆς

103 1603 298 1657 Ἰραχείας·
325 1603 541 1653 ἐπιτήδευμα
572 1602 609 1641 δὲ
639 1602 739 1654 ἔσχεν
765 1603 984 1657 ὑπογραφευς
1016 1605 1084 1642 τῶν
1110 1605 1144 1642 ἐν

103 1660 276 1714 Ἰσαύροις
309 1661 471 1699 πλεῖστον
514 1660 746 1712 ἰσχυσάντων·
776 1661 839 1708 τὴν
876 1661 911 1699 δὲ
957 1661 1143 1715 θρησκείαν

101 1714 360 1793 Xpumavffbc
337 1735 379 1767 ην
409 1719 469 1758 καὶ
496 1718 683 1773 ὀρθόδοξος.
717 1719 793 1766 Ἰήν
825 1735 863 1758 τε
890 1719 957 1772 γὰρ
977 1720 1145 1773 τετάρτην

103 1778 278 1817 σύνοδον’
263 1778 413 1822 επαίνοις
433 1778 567 1831 στέφει,
587 1779 646 1816 καὶ
666 1794 743 1822 τους
763 1777 840 1816 κατ’
861 1780 966 1825 αὐτῆς
984 1794 1144 1818 καινοτο-

104 1840 255 1887 μοῦντας
275 1837 494 1875 καθάπτεται
515 1836 666 1880 δικαίως.
684 1836 761 1883 Τὴν
786 1837 820 1875 δὲ
841 1838 964 1890 φράσιν
986 1838 1047 1876 οὔκ
1073 1837 1145 1889 ἔχει

103 1893 305 1947 πρέπουσαν
325 1894 417 1947 λόγῳ
436 1897 616 1947 ἱστορικῷ·
638 1897 713 1939 ταῖς
734 1911 770 1932 τε
791 1894 858 1947 γὰρ
875 1897 1072 1942 ποιητικαῖς
1091 1895 1144 1932 λε’-

103 1951 193 1997 ξεσιν
208 1953 445 2006 ἀπειροκάλως
460 1970 498 1992 τε
512 1954 681 2006 κέχρηται
699 1952 759 1991 καὶ
775 1954 1030 2005 μειρακιωδῶς,
1049 1953 1108 1991 καὶ
1121 1956 1143 2000 ἡ

104 2010 256 2058 συνθήκη
267 2014 360 2064 αὐτῳ
371 2014 417 2055 εἷς
429 2012 467 2050 τὸ
478 2012 589 2064 τραγύ
593 2027 689 2065 τερον
701 2027 761 2049 και
776 2012 890 2063 δυσηχ
891 2027 925 2049 ον
937 2013 1143 2064 ἐκδιθυραμ-

105 2068 274 2116 ὃοῦται,”
250 2085 368 2122 ωσπερ
378 2086 420 2107 αυ
400 2064 532 2108 ’πάλιν
544 2072 590 2114 εἷς
601 2070 639 2108 τὸ
653 2070 878 2119 ἐκλελυμένον
889 2084 924 2106 τε
935 2068 995 2106 καὶ
1004 2068 1145 2119 ἐκμελὲς

105 2127 275 2172 ὑπτιάζει.
294 2128 500 2181 Νεωτερίζει
519 2128 555 2166 δὲ
572 2127 631 2166 καὶ
647 2134 722 2172 ταῖς
741 2127 940 2172 συντάξεσιν
960 2129 1023 2166 οὐκ
1039 2129 1086 2171 εἰς
1107 2143 1146 2165 το

103 2186 279 2239 γλαφυρὸν
300 2189 432 2236 μᾶλλον
447 2187 508 2224 καὶ
525 2186 766 2240 ἐπαφρόδιτον,
780 2185 899 2239 ὥσπερ
919 2186 1047 2238 ἕτεροι,
1069 2188 1145 2224 ἀλλ’

104 2243 193 2283 ὥστε
227 2244 396 2298 δυσχερὴς
429 2247 597 2295 ἀκοῦσαι,
632 2245 691 2284 καὶ
725 2248 785 2283 τοῦ
814 2245 913 2291 ἡδέος
951 2243 1142 2296 ὑπερόριος.

144 2356 232 2387 Lecti
249 2357 324 2387 sunt
341 2356 475 2388 Candidi
485 2355 626 2388 historici
642 2357 715 2388 libri
726 2357 803 2388 tres
828 2356 962 2388 Inchoat
981 2356 1146 2387 historiam

105 2405 146 2438 ab
173 2406 325 2439 electione
349 2408 480 2447 Leonis,
495 2408 549 2448 qui
564 2417 582 2441 e
604 2408 701 2439 Dacia
717 2409 843 2448 Illyrica
855 2407 1029 2447 oriundus,
1046 2417 1147 2448 quum

106 2459 236 2491 militari
253 2460 372 2500 agmini
390 2461 680 2501 Selymbrianisque
702 2461 887 2493 cohortibus
905 2462 1071 2501 praesset,
1087 2464 1146 2493 As-

105 2511 190 2552 paris
222 2512 329 2544 studio
355 2512 525 2552 imperium
553 2513 687 2553 adeptus
713 2514 771 2544 est.
816 2513 877 2545 Hic
911 2516 1010 2553 Aspar
1035 2521 1148 2553 genere

105 2563 225 2595 Alanus
236 2564 323 2602 erat,
335 2572 354 2595 a
370 2563 502 2604 pueritia
515 2565 660 2596 militiam
673 2565 820 2605 secutus,
832 2564 888 2605 qui
913 2564 1014 2596 ternis
1028 2564 1148 2604 nuptiis

104 2615 238 2647 totidem
265 2615 362 2655 tilios,
380 2615 614 2656 Ardaburium,
641 2616 836 2655 Patricium,
862 2615 1146 2654 Ermenarichum,

105 2667 249 2708 duasque
262 2668 342 2699 hhas
354 2668 494 2700 sustulit.
513 2669 730 2710 Incipitergo,
745 2669 792 2700 uti
808 2668 965 2708 (luximus
979 2668 1148 2700 historicus

105 2719 147 2751 ab
159 2720 249 2751 initio
264 2720 378 2751 Leonis
394 2719 613 2763 imperatoris·
625 2720 740 2752 desinit
753 2729 828 2752 vero
844 2729 947 2760 quum
966 2719 1148 2751 Anastasius

105 2771 279 2812 imperator
303 2772 504 2804 renuntiatus
531 2774 590 2804 est.
637 2773 741 2805 Patria
767 2772 813 2804 illi
842 2771 1014 2804 calsauria
1031 2773 1096 2810 est,
1112 2773 1148 2803 ut

105 2822 172 2862 ipse
188 2823 320 2862 fatetur,
340 2832 413 2864 quae
436 2824 579 2856 Trachea
601 2825 669 2856 sive
685 2827 803 2865 Aspera
828 2823 1148 2855 dicitur.'1'ahellio

106 2874 168 2905 snit
186 2874 263 2906 vitae
288 2874 434 2906 instituto
452 2876 512 2907 sub
537 2876 575 2907 iis
592 2877 645 2916 qui
662 2876 746 2917 apud
763 2878 888 2907 isauros
910 2875 1057 2915 poterant
1079 2875 1149 2914 plu-

106 2925 247 2957 rimum:
261 2925 410 2966 relioione
423 2935 497 2957 vero
511 2927 726 2966 Christianus,
739 2929 771 2959 et
784 2926 914 2967 quidem
936 2925 1147 2957 orthodoxus.

107 2979 263 3015 Quartam
289 2978 373 3010 enim
390 2978 549 3019 synodum
571 2979 716 3011 laudibus
742 2979 854 3016 ornat,
882 2977 1059 3017 meritoque
1075 2985 1148 3017 per-

106 3033 147 3062 st.
147 3030 232 3070 invit
245 3039 299 3062 eos
312 3030 366 3071 qui
382 3039 454 3062 eam
467 3033 663 3071 oppugnant.
680 3031 802 3071 stylum
817 3031 913 3062 habet
929 3028 1069 3061 historiae
1084 3037 1149 3060 non

107 3082 183 3114 satis
212 3075 501 3114 accommodatum.
546 3085 625 3115 Nam
642 3085 675 3115 et
699 3084 865 3124 poetarum
890 3081 1059 3122 phrasibus
1081 3080 1149 3111 sine

108 3135 233 3167 delectu
249 3144 287 3167 ac
299 3135 480 3175 juveniliter
489 3135 654 3168 abutitur:
647 3137 699 3168 ·et
710 3135 899 3176 compositio
916 3134 984 3174 eius
997 3134 1106 3165 durior
1117 3134 1150 3165 et

109 3187 246 3228 absona,
272 3187 549 3228 dithyramborum
579 3188 661 3228 ritu,
682 3197 756 3228 quae
779 3188 857 3220 alias
872 3188 987 3219 iterum
1005 3186 1036 3217 in
1047 3185 1149 3217 disso—

109 3239 215 3270 lutum
241 3241 337 3280 atque
364 3240 590 3271 inconcinnum
615 3239 777 3271 dilabitur.
823 3238 1082 3271 constructiones
1099 3237 1147 3267 in-

110 3291 209 3322 novat
234 3299 298 3322 non
321 3290 362 3322 ad
378 3293 527 3322 ornatum
549 3291 702 3330 maiorem
729 3300 766 3322 ac
790 3291 1010 3329 venustatem,
1038 3290 1074 3320 ut
1098 3287 1149 3319 alii

111 3342 232 3382 solent,
249 3343 303 3375 sed
327 3343 389 3383 ita,
413 3345 450 3375 ut.
467 3343 579 3374 auditu
609 3344 760 3375 molestus
774 3343 846 3383 liat,
875 3341 1043 3381 omnisque
1069 3339 1149 3371 adeo

112 3402 225 3433 expers
249 3395 423 3428 suavitatis.
469 3395 635 3427 Interdum
658 3396 766 3428 autem
782 3404 816 3427 se
838 3395 905 3435 ipso
919 3393 1024 3426 verbis
1038 3392 1150 3424 melior

1155 3446 1202 3470 135

1202 549 1303 597 Πλὴν
1321 550 1421 593 αὐτὸς
1449 552 1573 588 ἑαυτοῦ
1602 548 1689 588 πολὺ
1711 549 1855 601 βελτίων
1876 550 2014 601 ἐνιαχοῦ
2041 551 2110 592 τοῖς
2130 550 2242 600 λόγοις

1201 608 1315 647 πάντα
1329 608 1505 659 γινόμενος
1515 638 1526 656 ,
1542 610 1700 659 συμμιγῆ
1716 606 1778 654 τὴν
1795 607 1947 659 ἱστορίαν
1961 603 2071 651 καΥέξ
2086 608 2243 657 ἀνομοιο-

1200 666 1313 705 τάτων
1348 666 1508 719 ἁρμόζων
1546 666 1739 705 ἁλίσκεται.
1780 659 1892 709 Οῧτος
1929 665 2153 717 ἰσχυρίζεται(
2181 666 2243 711 τὴν

1200 724 1378 777 Ἰσαυρίαν
1398 725 1468 763 ἀπὸ
1485 728 1542 763 τοῦ
1562 723 1677 764 Ἡσαῦ
1697 723 1818 762 λαὸεῖν
1837 723 1900 770 τὴν
1921 722 2135 772 ἐπωνυμίαν.

1254 784 1439 836 Διέρχεται
1462 782 1498 822 δὲ
1517 785 1551 821 ἐν
1575 782 1637 834 μὲν
1654 785 1704 836 τῷ
1727 781 1855 835 πρώτω
1873 781 1967 835 λόγῳ
1989 781 2052 828 τὴν
2071 779 2246 833 Ἄσπαρος

1201 841 1261 880 καὶ
1282 844 1350 880 τῶν
1370 841 1502 880 παίδων
1524 843 1627 880 αὐτοῦ
1646 841 1861 880 δυναστείαν·
1887 840 1949 887 τὴν
1971 840 2159 893 ἀνάρρησιν
2190 840 2245 878 διὰ

1201 903 1260 938 τοῦ
1285 899 1458 953 Ἀσπαρος
1486 898 1659 951 Λέοντος,
1679 899 1736 938 τὸν
1768 899 1952 950 συμὸάντα
1984 902 2027 952 τῇ
2055 898 2155 937 πόλει
2183 900 2246 947 ἐμ-

1203 959 1378 1010 πρησμὸν,
1398 959 1459 998 καὶ
1479 957 1543 997 ὅσα
1563 957 1715 1010 Ἄσπαρι
1734 958 1814 1012 περὶ
1841 958 1962 996 τούτου
1994 957 2050 996 ἐπὶ
2081 958 2120 995 τὸ
2149 961 2245 1009 κοινῇ

1203 1017 1378 1070 συμφέρον
1400 1017 1677 1069 διαπέπρακται·
1699 1017 1757 1055 καὶ
1791 1015 1870 1069 περὶ
1897 1018 2071 1055 Τατιανοῧ
2100 1015 2159 1054 καὶ
2184 1018 2244 1054 Βι-

1204 1075 1350 1124 &cavom
1371 1076 1431 1115 καὶ
1448 1079 1494 1120 ὡς
1510 1076 1589 1127 περὶ
1606 1077 1719 1113 αὐτῶν
1737 1075 1898 1126 διηνέχθη
1914 1072 2051 1126 Ἀσπαρ
2068 1074 2128 1112 καὶ
2145 1077 2162 1112 ὁ
2181 1078 2244 1126 βα-

1203 1133 1338 1186 σιλεὺς,
1358 1135 1418 1173 καὶ
1443 1129 1498 1173 οἶα
1530 1135 1577 1178 εἷς
1611 1133 1781 1180 ἀλλήλους
1810 1132 2082 1185 ἀπεφθέγξαντο·
2115 1133 2174 1171 καὶ
2201 1135 2247 1176 ὡς

1203 1195 1221 1230 ὃ
1242 1193 1402 1244 βασιλεὺς
1421 1192 1478 1231 διὰ
1496 1197 1597 1231 τοῦτο
1612 1191 1817 1244 ἢταιρίσατο
1834 1192 1872 1230 τὸ
1889 1191 2058 1244 Ἰσαύρων
2077 1190 2171 1243 γένος
2191 1192 2247 1229 διὰ

1203 1251 1491 1302 Ταρασικοδίσσα
1524 1249 1920 1300 Ῥουσουμὸλαδεώτου,
1949 1249 1984 1287 ὃν
2014 1249 2073 1288 καὶ
2101 1249 2246 1303 Ζήνωνα

1207 1310 1448 1361 μετονομάσας
1475 1309 1634 1362 γαμὸρὸν
1661 1308 1871 1356 ἐποιήσατο,
1892 1308 1954 1354 τὴν
1985 1307 2156 1361 προτέραν
2181 1324 2246 1359 γυ-

1208 1369 1312 1407 ναῖκα
1346 1368 1491 1407 θανάτου
1513 1368 1609 1421 νόμῳ
1630 1367 1868 1407 ἀποίῗαλόντα.
1902 1367 1972 1407 Καὶ
1992 1369 2038 1411 ὡς
2057 1367 2248 1420 Ἀρδαὸού-

1208 1442 1276 1479 ριος
1307 1429 1355 1471 εἷς
1386 1426 1425 1465 τὸ
1453 1427 1604 1465 ἐναντίον
1636 1427 1788 1478 μελετῶν
1807 1428 1857 1478 τῷ
1889 1426 2046 1478 βασιλεῖ,
2067 1425 2127 1463 καὶ
2148 1425 2248 1469 αὐτὸς

1206 1485 1528 1532 οἷκειοποιήσασθαι
1558 1484 1637 1528 τοὺς
1669 1484 1847 1536 Ἰσαύρους
1877 1483 2048 1531 διενοήθη.
2085 1483 2156 1523 Καὶ
2196 1484 2248 1522 ὅτι

1209 1545 1387 1596 Μαρτῒνος
1397 1574 1408 1592 ,
1422 1545 1544 1588 οἰκεῖος
1559 1541 1606 1582 ὢν
1623 1541 1866 1595 Ἀρδαὸουρίου
1879 1572 1889 1589 ,
1909 1540 2030 1592 μηνύει
2049 1543 2248 1594 Ταρασικο-

1209 1602 1311 1656 δίσσᾳ
1328 1602 1417 1655 ἅπερ
1438 1601 1670 1656 Ἀρδαὸουρίῳ
1685 1600 1776 1639 κατὰ
1794 1601 1962 1653 βασιλέως
1979 1599 2173 1650 ἐτυρεύετο·
2188 1601 2248 1638 καὶ

1207 1663 1252 1705 ὡς
1269 1663 1421 1700 ἐντεῦθεν
1442 1663 1475 1705 ἐς
1491 1661 1529 1700 τὸ
1547 1660 1756 1714 τραχύτερον
1771 1663 1830 1707 τῆς
1847 1660 1880 1705 ἐς
1899 1659 2069 1706 ἀλλήλους
2090 1660 2249 1702 ὑπονοίας

1206 1719 1412 1772 προϊούσης,
1432 1721 1566 1771 ἀναιρεῖ
1582 1719 1679 1758 Λέων
1700 1721 1718 1757 ὁ
1739 1717 1900 1771 βασιλεὺς
1918 1716 2080 1771 Ἄσπαρα
2098 1717 2156 1756 καὶ
2173 1716 2249 1760 τοὺς

1208 1780 1359 1829 παῖδας,
1393 1776 1635 1831 Ἀρδαῧούριον
1668 1776 1727 1815 καὶ
1766 1775 1956 1828 Πατρίκιον
1993 1776 2050 1814 τὸν
2082 1775 2246 1829 καίσαρα.

1208 1836 1303 1876 Ἀλλ’
1324 1839 1341 1874 ὃ
1361 1836 1423 1888 μὲν
1440 1842 1568 1889 καῖσαρ
1584 1838 1651 1874 τῶν
1669 1837 1813 1887 πληγῶν
1829 1834 2032 1887 ἀνενεγκὼν,
2048 1835 2249 1887 παραδόξως

1207 1895 1356 1942 διεσώθη
1375 1895 1435 1933 καὶ
1455 1895 1622 1942 διέζησεν.
1646 1894 1751 1932 Ἀλλὰ
1770 1893 1830 1931 καὶ
1849 1896 1867 1931 ὃ
1886 1892 1998 1946 ἕτερος
2014 1896 2081 1932 τῶν
2103 1893 2248 1940 παίδων,

1206 1953 1447 2007 Ἀρμενέριχος
1468 1955 1602 2005 (supra
1622 1952 1917 2005 Ἐρμενάριχος),
1935 1954 1973 1990 οὐ
1993 1952 2185 2004 συμπαρὼν
2199 1954 2249 2004 τῷ

1207 2012 1306 2066 φύντι
1318 2012 1375 2051 τὸν
1385 2012 1484 2065 φόνον
1494 2013 1570 2050 τότε
1579 2010 1726 2063 διέφυγε.
1735 2009 2038 2063 Ταρασικοδίσσαν
2047 2010 2082 2048 δὲ
2090 2010 2248 2063 γαμὸρὸν

1208 2069 1267 2107 ἐπὶ
1297 2070 1441 2122 θυγατρὶ
1470 2069 1629 2123 Ἀριάδνῃ
1652 2068 1749 2108 Λέων
1770 2071 1788 2106 ὃ
1810 2067 1972 2119 βασιλεὺς
1991 2070 2165 2118 ποιεῖται,
2189 2068 2249 2107 καὶ

1209 2129 1436 2179 μετονομάζει
1456 2128 1624 2176 Ζήνωνα,
1642 2127 1836 2180 στρατηγὸν
1851 2130 1913 2174 τῆς
1931 2127 1977 2165 ἔω
1991 2127 2248 2179 χειροτονήσας.

1207 2186 1280 2226 Καὶ
1295 2186 1339 2225 τὰ
1357 2186 1447 2224 κατὰ
1467 2185 1630 2239 Ἀφρικὴν
1648 2185 1861 2225 Βασιλίσκου
1880 2186 2110 2236 εὖτυχήματά
2134 2202 2171 2224 τε
2186 2186 2246 2224 καὶ

1208 2245 1477 2297 δυστυχήματα.
1500 2244 1573 2284 Καὶ
1593 2247 1639 2288 ὡς
1658 2243 1756 2284 Λέων
1772 2243 1887 2282 πολλὰ
1907 2243 2083 2295 βουληθεὶς
2101 2244 2160 2282 καὶ
2177 2246 2249 2282 δια·

1206 2365 1336 2396 prorsus
1352 2356 1509 2396 evadens,
1524 2355 1739 2396 promiscuam
1755 2355 1918 2386 historiam
1935 2363 1975 2386 cx
1995 2354 2170 2386 admodum
2183 2354 2248 2385 dis-

1206 2409 1365 2441 similibus
1380 2409 1572 2441 concinnare
1589 2407 1848 2449 deprehenditur.
1867 2407 1927 2439 nic
1944 2407 2099 2439 isauriam
2112 2407 2152 2439 ab
2167 2409 2248 2439 Esau

1205 2469 1324 2494 nomen
1339 2462 1520 2493 mutuatam
1534 2461 1640 2493 dicere
1651 2460 1760 2492 audet.

1247 2513 1355 2545 Primo
1370 2513 1450 2545 libro
1464 2516 1573 2545 narrat
1587 2512 1713 2553 Asparis
1726 2511 1965 2552 liberorumque
1978 2511 2047 2551 ejus
2057 2511 2248 2551 potentiam,

1205 2565 1238 2596 et
1251 2565 1364 2596 leonis
1375 2573 1432 2605 per
1445 2567 1596 2606 Asparem
1614 2564 1815 2596 electionem.
1841 2564 1887 2593 De
1903 2562 1991 2594 urbis
2004 2561 2251 2601 conflagratione

1205 2617 1336 2656 exorta,
1354 2625 1495 2657 quaeque
1517 2616 1570 2648 hic
1584 2615 1625 2647 ab
1641 2618 1758 2655 Aspare
1776 2613 1958 2654 reipublicae
1979 2613 2148 2645 commodo
2163 2614 2250 2653 gesta

1205 2668 1279 2701 sint
1323 2671 1370 2701 De
1389 2669 1523 2701 Tatiano
1536 2670 1569 2700 et
1581 2667 1738 2705 Viviano‚
1752 2668 1853 2706 utque
1866 2665 1905 2697 de
1919 2664 1980 2696 illis
1991 2668 2088 2705 Aspar
2101 2673 2174 2696 cum
2189 2664 2250 2696 im-

1205 2721 1351 2760 peratore
1375 2720 1589 2759 contenderit‚
1615 2719 1647 2751 et
1671 2726 1746 2759 quae
1768 2726 1806 2749 ac
1834 2717 1943 2758 qualia
1974 2717 2056 2749 inter
2080 2725 2134 2748 eos
2153 2717 2250 2748 verba

1205 2773 1275 2804 tum
1290 2772 1410 2813 jactata
1425 2772 1748 2812 sint.1mperatorem
1764 2778 1801 2802 ea
1818 2778 1858 2801 ex
1868 2777 1966 2801 causa
1977 2777 2050 2799 cum
2066 2770 2248 2800 Isaurorum

1205 2832 1319 2864 genere
1343 2823 1528 2855 societatem
1557 2823 1663 2854 iniisse
1690 2831 1747 2862 per
1770 2820 2035 2854 Tarasicodissam
2058 2820 2250 2851 Rusumhla-

1206 2876 1352 2915 deotam,
1366 2885 1463 2917 quem
1481 2876 1598 2915 etiam,
1616 2877 1776 2908 Zenonem
1799 2874 1925 2905 mutato
1938 2873 2066 2904 nomine
2084 2874 2248 2911 vocatum,

1206 2936 1355 2967 generum
1375 2927 1436 2959 sibi
1453 2927 1607 2966 adscivit,
1625 2935 1725 2967 quum
1743 2925 1771 2958 is
1794 2925 1931 2966 priorem
1943 2924 2109 2964 conjugem
2126 2926 2249 2955 morta-

1206 2979 1285 3010 lium
1315 2979 1383 3019 lege
1405 2979 1576 3011 amisisset.
1618 2977 1833 3010 Ardaburium
1851 2978 1951 3015 item,
1981 2985 2045 3016 quo
2067 2975 2249 3016 imperatori

1206 3029 1440 3068 adversaretur,
1449 3032 1574 3061 Isauros
1586 3038 1679 3070 aeque
1691 3037 1822 3060 suarum
1840 3028 1979 3068 partium
2004 3027 2108 3058 facere
2135 3025 2248 3057 consti-

1206 3083 1326 3114 tuisse:
1341 3084 1438 3122 atque
1450 3082 1625 3114 Martinum
1648 3081 1831 3122 quendam,
1856 3079 2024 3112 Ardaburii
2049 3078 2248 3114 familiarem,

1206 3133 1448 3166 Tarasicodissae
1462 3133 1637 3173 indicasse,
1650 3140 1864 3173 quaecumque
1887 3131 1920 3162 in
1941 3131 2162 3170 imperatorem
2185 3138 2248 3159 ma-

1207 3185 1390 3216 chinaretur
1405 3184 1614 3218 Ardaburius.
1660 3182 1830 3221 Quomodo
1846 3182 1960 3214 exinde
1979 3180 2119 3220 asperius
2138 3179 2168 3210 in
2182 3179 2249 3210 dies

1208 3238 1369 3268 crescente
1384 3237 1497 3268 mutua
1527 3236 1725 3277 suspicione,
1745 3237 1806 3266 Leo
1820 3234 1992 3274 imperator
2007 3236 2157 3271 Asparem
2179 3238 2248 3261 sus-

1209 3288 1284 3320 tulit
1296 3296 1429 3328 ejusque
1444 3288 1577 3325 liberos,
1598 3286 1810 3319 Ardaburium
1828 3287 1860 3316 et
1880 3283 2048 3315 Patricium
2069 3284 2245 3318 caesarem

1209 3340 1266 3372 etsi
1280 3341 1386 3371 Caesar
1399 3341 1532 3379 excepta
1554 3339 1664 3379 plaga,
1687 3337 1850 3376 inopinato
1878 3335 1984 3366 salvus
2007 3333 2125 3370 evasit,
2152 3331 2254 3362 vixit-⁵

1210 3400 1274 3433 que
1293 3401 1300 3422 τ
1317 3391 1349 3422 et
1362 3390 1443 3423 alius
1465 3391 1540 3422 item
1556 3389 1596 3422 de
1621 3388 1730 3429 Aspari
1757 3387 1850 3424 tiliis,
1879 3383 2144 3420 Armenerichus‚
2161 3381 2246 3421 quod
