2326 3724
135 244 183 275 (76

186 336 233 363 37.
265 323 349 362 ’Ότι
378 324 587 376 ὁὶστορικός
613 340 720 377 φησι,
750 325 925 374 διάγοντος
956 327 1061 364 αὐτοῦ
1084 325 1175 364 κατὰ

136 382 263 429 Θήὸας
292 382 352 420 καὶ
380 381 443 429 τὴν
474 382 619 429 Συήνην·
633 384 784 436 ἱστορίας
803 383 926 430 ἕνεκα,
956 386 990 422 ἐν
1011 382 1178 436 ἐπιθυμίᾳ

134 440 295 491 γενέσθαι
322 440 400 485 τοὺς
428 441 628 494 φυλάρχους
645 441 704 480 καὶ
722 442 903 495 προφήτας
922 445 988 481 τῶν
1007 441 1098 480 κατὰ
1118 442 1181 488 τὴν

134 498 275 548 Τάλμιν
295 498 496 551 βαρὸάρων,
518 500 596 546 ἤτοι
612 503 682 539 τῶν
702 500 914 551 Βλεμμύων,
941 504 1002 548 τ’ἥς
1022 500 1181 552 ἐντυχίας

135 559 258 596 αὐτοῦ·
278 559 382 596 ἐκίνει
402 558 468 610 γὰρ
486 559 608 601 αὐτοὺς
629 559 685 597 ἐπὶ
705 563 804 598 τοῦτο
824 562 845 606 ἡ
867 559 982 612 φήμη.
1006 559 1077 599 Καὶ
1098 559 1180 598 ἔλα-

135 616 194 656 6όν
213 632 276 667 με,
295 617 381 669 φησὶ
398 647 407 667 ,
425 617 528 670 μέχρι
546 619 652 665 αὐτῆς
668 622 729 665 τῆς
746 618 939 669 Τάλμεως,
955 619 1044 656 ὥστε
1059 618 1180 657 κάκεί-

134 692 211 720 νους
229 674 308 719 τοὺς
327 676 461 728 χώρους
479 679 679 729 ἱστορῆσαι,
699 678 875 729 διέχοντας
893 677 961 715 ἀπὸ
974 680 1042 715 τῶν
1059 679 1182 716 Φιλῶν

134 734 312 784 διάστημα
331 737 470 786 ἡμερῶν
492 734 594 772 πέντε
607 765 616 782 ,
640 735 745 787 μέχρι
759 737 893 780 πόλεως
911 739 972 782 τῆς
992 735 1181 787 λεγομένης

134 792 279 845 Πρίμα,
310 791 385 838 ἥτις
407 791 446 831 τὸ
464 794 615 831 παλαιὸν
634 794 756 846 πρώτη
787 794 886 837 πόλις
915 797 975 840 τ’ῆς
997 793 1180 842 Θηὸαΐδος

134 850 203 888 ἀπὸ
216 853 275 888 τοῦ
295 850 514 903 βαρὸαρικοῦ
532 851 713 904 ἐτύγχανε·
732 852 783 890 διὸ
796 851 893 905 παρὰ
906 854 974 890 τῶν
991 851 1181 903 Ῥωμαίων

134 908 299 960 Ῥωμαία
329 913 424 961 φωνῇ
449 910 594 964 Πρίμα,
615 911 692 957 ἤτοι
720 910 863 963 πρώτη,
885 911 1094 961 ὠνομάσθη·
1123 911 1182 949 καὶ

134 971 193 1005 νῦν
212 967 302 1006 οὕτω
320 970 500 1018 καλεῖται,
525 969 638 1008 καίτοι
662 971 700 1007 ἐκ
718 970 850 1008 πολλοῦ
878 971 1093 1007 οἰκειωθεῖσα
1115 970 1183 1013 τοῖς

136 1026 351 1079 βαρδάροις
346 1029 420 1065 μεθ’
438 1027 562 1080 ἑτέρων
583 1028 762 1080 τεσσάρων
780 1028 929 1075 πόλεων,
948 1030 1178 1079 Φοινικῶνος,

134 1084 274 1136 Χίριδος
285 1116 294 1133 ,
310 1085 486 1159 Θάπιδος,
508 1086 701 1137 Τάλμιδος.
727 1085 859 1146 Παρὰ
849 1086 990 1129 τούτους
1006 1102 1083 1129 τους
1105 1086 1180 1138 χώ·

136 1158 213 1195 ρους
238 1145 323 1196 φησὶ
343 1143 404 1182 καὶ
421 1144 625 1196 σμαράγδου
650 1144 810 1194 μέταλλα
827 1147 915 1182 εἶναι
931 1145 1065 1195 μαθεῖν,
1083 1145 1152 1189 ἐξ
1133 1161 1180 1183 ων

133 1207 204 1245 τοῖς
229 1203 430 1253 Αἰγυπτίων
464 1204 663 1250 βασιλεῦσιν
693 1205 714 1250 η
744 1202 945 1255 σμάραγδος
979 1202 1177 1248 ἐπλεόναζε.

134 1260 206 1299 Καὶ
217 1264 341 1308 ταῦτα,
360 1261 480 1313 φησὶν,
492 1263 522 1299 οἱ
540 1265 717 1314 προφῆται
730 1264 798 1299 τῶν
810 1261 998 1314 βαρὸάρων
1014 1261 1182 1314 προῦτρε-

134 1319 198 1358 πόν
224 1336 268 1369 με
295 1320 499 1358 θεάσασθαι·
523 1321 599 1359 ἀλλ’
629 1323 691 1359 οὐκ
724 1316 764 1368 ἦν
790 1325 892 1360 τοῦτο
920 1321 1063 1359 δυνατὸν
1090 1322 1184 1370 γενέ-

135 1382 214 1415 σθαι
242 1378 348 1430 χωρὶς
371 1379 555 1429 βασιλικῆς
569 1378 800 1430 προστάξεως.

205 1450 222 1475 8
271 1435 359 1477 σΟτι
387 1437 554 1476 Λιέῗάνιόν
584 1454 661 1476 τινα
694 1440 939 1491 τερατολογεῖ,
970 1439 1126 1478 Ἀσιανὸν
1146 1440 1184 1478 τὸ

132 1495 246 1546 γένος,
266 1496 358 1534 κατὰ
374 1496 436 1544 τὴν
456 1496 636 1548 βασιλείαν
659 1496 830 1549 ζΟνωρίου
856 1497 916 1535 καὶ
938 1499 1183 1537 Κωνσταντιόυ

137 1554 194 1592 ἐπὶ
227 1555 421 1594 Ῥάὸενναν
451 1571 547 1609 παρα
550 1555 722 1606 γενέσθαι.
753 1555 881 1609 Ἄκρον
903 1556 938 1594 δὲ
955 1561 1076 1595 τοῦτον
1096 1551 1183 1595 εἶναι

134 1629 170 1650 τε
158 1614 343 1652 ελεστικόν.
374 1614 444 1653 Καὶ
471 1613 638 1652 δύνασθαι
663 1615 700 1653 δέ
732 1631 817 1669 φησι
845 1615 906 1653 καὶ
941 1618 1184 1689 υπισχνεῖσθαι

135 1672 238 1710 αὐτὸν
257 1673 362 1725 χωρὶς
378 1674 527 1710 ὁπλιτων
549 1673 634 1724 (καὶ)
654 1673 729 1725 [και
743 1673 866 1734 χωρὶς
869 1675 950 1712 ὁπλ.
971 1673 1062 1711 κατὰ
1079 1675 1180 1722 conj.

134 1731 264 1782 Nieb]
292 1730 383 1768 κατὰ
406 1731 592 1784 βαρὲάρων
625 1734 788 1784 ἐνεργεῖν.
822 1735 912 1771 Εἶτα
941 1738 1065 1784 πεῖραν
1087 1731 1182 1780 δους,

134 1805 254 1862 φησιν,
275 1785 372 1834 οὗτος
395 1793 455 1837 τῆς
476 1790 697 1842 ὑποσχέσεως
711 1821 722 1839 ,
737 1807 797 1829 και
812 1807 873 1838 της
890 1807 1008 1844 φημης
1029 1791 1182 1842 δραμού-

136 1863 210 1894 σης,
229 1846 318 1885 ὥστε
332 1847 392 1886 καὶ
410 1849 607 1887 Πλακιδίαν
623 1849 686 1896 τὴν
703 1851 890 1902 βασιλίοα
885 1853 1018 1895 μαθεῖν,
1032 1852 1183 1901 ἀναιρεῖ·

133 1922 190 1943 ται
205 1909 222 1944 ὃ
242 1906 416 1954 τελεστής·
435 1907 571 1954 ἠπείλει
590 1907 670 1960 γὰρ,
692 1909 812 1960 φησὶν,
837 1912 860 1955 ἡ
884 1909 1061 1947 Πλακιδία
1085 1911 1182 1948 Κων-

134 1965 285 2018 σταντίῳ
301 1966 480 2019 χωρισμὸν
501 1971 561 2006 τοῦ
581 1967 710 2018 γάμου,
724 1969 754 2006 εἰ
771 1973 843 2012 τοῖς
865 1970 948 2013 ζῶσι
965 1967 1182 2020 περιλίποιτο

134 2022 320 2073 Λιὸάνιος,
344 2023 430 2075 ἀνὴρ
451 2024 533 2074 γόης
552 2025 610 2062 καὶ
633 2025 789 2069 ἄπιστος.

196 2097 236 2121 ,9.
264 2081 350 2121 ‘'O-rt
380 2084 623 2128 Κωνστάντιος
649 2084 817 2137 Ἰλλυριὸς
843 2079 884 2132 ἦν
904 2084 943 2122 τὸ
968 2084 1082 2136 γένος,
1109 2085 1177 2123 ἀπὸ

909 238 1271 278 OLYMPIODORI
1301 241 1503 279 THEBAEI

1246 324 1382 365 Ναίσου
1400 326 1532 370 πόλεως
1549 328 1609 372 τῆς
1626 327 1775 374 Δακίας,
1789 327 1847 365 καὶ
1864 327 1996 372 πολλὰς
2016 329 2199 382 στρατείας
2214 330 2284 369 ἀπὸ
2316 335 2326 381 ζ

1248 388 1317 422 τῶν
1335 385 1527 424 Θεοδοσίου
1547 384 1679 437 χρόνων
1705 401 1764 423 του
1795 386 1948 437 μεγάλου
1969 387 2162 436 διελθὼν,“’
2143 404 2283 451 υστερον
2315 380 2326 443 2:-

1243 443 1302 481 καὶ
1322 443 1384 490 τὴν
1417 443 1590 495 βασίλειον
1617 443 1742 496 ἀρχὴν,
1762 447 1808 488 ὡς
1832 445 1978 498 ἐρρήθη,
2009 447 2130 487 ὑπέδυ.
2153 442 2224 488 Ἦν
2247 447 2283 487 δὲ
2312 445 2326 485 ἐ

1244 496 1357 540 τάλλα
1373 519 1436 552 μεν
1456 501 1633 546 ἐπαινετὸς
1657 502 1716 540 καὶ
1733 503 1926 555 χρημάτων
1948 504 1984 542 δὲ
2003 506 2182 557 κρείττων,
2203 506 2285 560 πρὶν
2314 494 2326 559 ’Ξ

1243 560 1502 614 ἢσυναφθῆναι
1523 561 1713 614 Πλακιδία.
1743 562 1844 601 Ἐπεὶ
1875 563 1910 600 δὲ
1943 564 2032 615 αὖτῃ
2063 564 2286 614 συνέζευκτο,
2314 561 2326 663 ἒ

1245 620 1291 662 εἷς
1314 601 1597 672 φιλοχρηματίαν
1618 619 1791 664 ἐξώκειλε.
1825 621 1927 660 Μετὰ
1954 622 2071 672 μέντοι
2096 622 2155 662 τὸν
2179 627 2286 663 αὐτοῦ
2314 671 2315 674 ,

1243 678 1389 716 θάνατον
1411 678 1544 725 δεήσεις
1561 681 1639 717 κατ’
1654 680 1758 718 αὐτοῦ
1776 682 1843 718 τῶν
1861 682 1907 724 εἰς
1919 680 2088 732 χρήματα
2107 682 2288 731 ἄδικηθέν-
2314 672 2326 744 ξ

1244 752 1311 774 των
1333 737 1388 774 ἐπὶ
1409 737 1603 777 Ῥάὸενναν
1624 738 1846 790 πανταχόθεν
1866 738 2061 792 συνέρρεον.
2082 739 2174 779 Ἀλλ’
2189 745 2212 789 ἡ
2226 745 2286 780 τοῦ
2315 746 2326 758 ·“

1244 794 1434 848 Ὁνωρίου,
1457 795 1561 867 φησὶ,
1583 796 1753 849 κουφότης
1774 797 1833 835 καὶ
1851 800 1874 844 ἡ
1894 813 1955 843 της
1984 798 2180 843 Πλακιδίας
2206 800 2289 852 πρὸς
2311 753 2326 898 ³

1246 853 1348 892 αὐτὸν
1365 854 1533 901 οἰκειότης
1550 855 1749 907 ἀπράκτους
1769 857 1882 894 αὐτῶν
1903 854 1964 900 τὰς
1985 855 2138 903 αἰτήσεις
2151 857 2212 896 καὶ
2225 857 2288 906 τὴν

1245 913 1305 964 ἰσχ
1307 929 1344 950 υν
1356 928 1415 951 του
1430 913 1596 952 δικαίου’
1577 913 1765 966 απέφηνεν.

1282 984 1346 1011 ·.40
1367 970 1454 1011 τὈτι
1468 971 1620 1018 τοσαύτη
1639 971 1789 1015 διάθεσις
1803 971 1963 1025 εΟνωρίω
1978 972 2063 1025 πρὸς
2081 973 2144 1020 τὴν
2161 974 2291 1013 οἰκείαν
2315 939 2326 1027 ’Ξ

1247 1030 1415 1082 ἀδελφην,
1433 1030 1467 1075 ἐξ
1486 1033 1622 1083 οὓπερὸ
1640 1031 1767 1078 ταύτης
1783 1030 1867 1084 ἀνὴρ
1882 1031 2122 1076 Κωνστάντιος
2135 1033 2288 1083 ἀπεδίω,
2315 1026 2326 1105 Ξ

1245 1088 1532 1141 παρεμπεφύκει,
1551 1089 1599 1132 ὥς
1618 1087 1681 1135 τὴν
1697 1090 1846 1141 ἄμετρον
1865 1090 2006 1140 ἀγάπην
2027 1091 2141 1129 αὐτῶν
2161 1092 2222 1130 καὶ
2242 1090 2326 1130 rar·-

1247 1162 1377 1198 συνεχη
1403 1146 1494 1184 κατὰ
1524 1146 1639 1196 στόμα
1657 1146 1840 1199 φιλήματα
1869 1151 1916 1192 εἷς
1944 1148 2116 1201 υπόληψιν
2141 1151 2326 1207 αἰσχρὰν
2318 1167 2326 1187 1

1247 1205 1370 1250 αὐτους
1386 1211 1456 1250 τοῖς
1482 1207 1623 1248 πολλοῖς
1653 1205 1834 1256 ἐμὸαλεῒν.
1868 1205 1974 1244 Ἀλλὰ
2003 1206 2156 1256 τοσαύτη
2183 1210 2291 1248 πάλιν
2316 1208 2326 1237 '³

1247 1265 1363 1308 αὐτοῖς
1387 1264 1602 1316 ἐναπετέχθη
1621 1264 1745 1338 ἔχθρα.
1751 1266 1883 1316 σπουδῇ
1903 1266 2113 1314 Σπαδούσης
2132 1267 2218 1307 καὶ’
2219 1270 2292 1308 Ελ-
2313 1238 2326 1384 ξ

1245 1322 1362 1366 πιδίας
1393 1322 1535 1375 (τροφὸς
1570 1323 1599 1361 δ’
1627 1326 1669 1370 ἠν
1703 1321 1792 1370 αὕτη
1821 1324 2058 1378 Πλακιδίας),
2089 1318 2144 1369 αἷς
2169 1325 2230 1365 καὶ
2249 1325 2294 1365 τὰ

1246 1381 1360 1420 πολλὰ
1386 1383 1573 1434 προσεῖχε,
1595 1382 1882 1435 συμπράττοντος
1902 1384 2021 1428 αὐταῖς
2042 1383 2102 1422 καὶ
2119 1385 2294 1431 Λεοντέως
2319 1396 2326 1437 ξ

1249 1456 1308 1478 του
1324 1440 1454 1486 ταύτης
1476 1440 1703 1493 κουράτορος,
1727 1440 1818 1478 ὥστε
1836 1442 1975 1485 στάσεις
1995 1441 2058 1492 μὲν
2077 1442 2274 1487 πολλάκις’
2259 1460 2294 1481 εν
2316 1466 2326 1489 ,3

1246 1502 1288 1551 τῇ
1317 1499 1490 1551 Ῥαὸέννῃ
1528 1502 1696 1546 συστῆναι
1726 1500 1867 1551 (περιῆν
1895 1500 1962 1552 γὰρ
1990 1500 2134 1554 κάκείνῃ
2165 1504 2295 1549 πλῆθος

1249 1558 1434 1611 βαρὸάρων
1466 1561 1505 1597 ἐκ
1527 1561 1587 1605 τῆς
1611 1557 1697 1611 πρὸς
1720 1558 1930 1611 Ἀδάουλφον
1962 1560 2148 1612 συναφείας
2172 1560 2232 1599 καὶ
2257 1563 2295 1600 ἐκ
2319 1575 2326 1601 ;-.

1251 1634 1311 1663 της
1330 1618 1415 1670 πρὸς
1439 1616 1680 1656 Κωνστάντιον
1702 1615 1905 1667 συζυγίας),
1923 1617 1983 1655 καὶ
2004 1618 2142 1670 πληγὰς
2161 1618 2198 1657 δὲ
2213 1635 2296 1672 προ·
2316 1612 2326 1677 J*

1249 1677 1287 1714 ελ
1289 1678 1383 1714 θεῐν’
1369 1690 1403 1720 ες
1388 1675 1576 1747 ’ἑκατέρου
1586 1675 1969 1749 μερους.1έλοςέκτῆς
1983 1677 2220 1730 ἀναφθείσης’
2205 1677 2295 1716 εκεί-

1246 1750 1305 1780 νης
1326 1734 1448 1786 ἔχθρας
1467 1750 1527 1772 και
1547 1738 1606 1773 του
1624 1734 1830 1788 ἀντιρρόπου
1850 1751 1911 1781 της
1931 1735 2010 1788 πριν
2035 1735 2151 1789 φιλίας
2173 1736 2326 1801 μίσουςξ

1247 1794 1293 1836 εἷς
1310 1793 1498 1837 Βυζάντιον
1522 1794 1724 1843 Πλακιδία,
1742 1809 1803 1831 του
1819 1794 1994 1847 ιπίδελφουε
1981 1795 2326 1868 υπερισχύσαντος,

1249 1867 1309 1888 συν
1330 1857 1399 1895 τοῖς
1430 1851 1568 1896 οἰκείοις
1594 1868 1714 1890 παισιν
1743 1852 1892 1904 εξορίζετ
1897 1868 1944 1891 αι.
1973 1853 2044 1892 Καὶ
2072 1854 2174 1903 μόνος
2203 1855 2326 1905 αὐτῇ

1250 1909 1460 1962 Βονηφάτιος
1479 1911 1522 1948 τὰ
1538 1910 1647 1949 πιστὰ
1669 1910 1861 1964 φυλάττων,
1883 1910 1953 1949 ἀπὸ
1976 1915 2036 1959 τῆς
2057 1912 2238 1965 Ἀφρικης,
2253 1913 2326 1967 ἡς

1247 1972 1356 2043 ἠρχ,ε
1387 1969 1447 2007 καὶ
1475 1985 1645 2021 χρηματα
1681 1972 1727 2012 ὡς
1761 1969 1903 2007 ἐδύνατο
1935 1969 2094 2019 ἔπεμπε,
2123 1987 2182 2008 και
2213 1970 2326 2037 πρὸςέ

1249 2026 1311 2074 τὴν
1342 2027 1452 2073 ἄλλην
1482 2028 1583 2072 αὐτὸς
1610 2027 1754 2065 ἔσπευδε
1776 2028 1984 2080 θεραπείαν·
2013 2028 2154 2082 ὕστερον
2183 2029 2218 2067 δὲ
2237 2015 2326 2067 nott}

1250 2088 1297 2130 εἰς
1316 2085 1380 2133 τὴν
1402 2090 1463 2132 τ’ἧς
1482 2086 1662 2138 βασιλείας
1683 2086 1854 2140 ἀνάληψιν
1882 2086 2023 2126 ἅπαντα
2045 2087 2268 2127 συνεὸάλετο.
2315 2081 2326 2138 *ἶ

176 2200 227 2228 36.
246 2196 352 2228 Refert
369 2197 445 2228 item
459 2197 643 2238 historicus,
657 2207 760 2238 quum
777 2198 863 2238 apud
879 2198 1005 2230 Thebas
1017 2201 1050 2230 et
1061 2200 1188 2239 Syenen

135 2247 374 2279 lustrandorum
397 2249 542 2280 locorum
571 2250 847 2290 cognoscendique
864 2250 971 2282 studio
991 2251 1183 2288 versaretur,

136 2298 220 2330 sama
238 2300 395 2331 excitatos
412 2301 580 2340 praefectos
592 2310 630 2333 ac
649 2305 738 2334 vates
751 2311 864 2334 eorum
882 2302 1093 2334 barbarorum
1106 2326 1115 2342 ,
1133 2302 1190 2342 qui

135 2352 260 2383 Talmin
273 2352 430 2393 incolunt,
439 2363 522 2394 quos
532 2355 714 2395 Blemmyas
729 2358 858 2396 vocant,
868 2356 967 2397 ipsius
979 2358 1105 2396 optasse
1116 2363 1188 2387 con-

136 2412 282 2443 gressum
301 2408 399 2445 atque
415 2406 624 2447 colloquium.
648 2420 663 2434 «
679 2407 897 2448 Abripuerunt
919 2409 1029 2449 itaque
1044 2417 1115 2447 mc,
1131 2408 1188 2447 ait,

137 2456 170 2487 in
187 2456 287 2496 ipsam
302 2466 404 2498 usque
418 2459 543 2490 Talmin
556 2483 565 2499 ‚
581 2461 617 2491 ut
633 2460 702 2492 illas
715 2469 844 2501 quoque
859 2461 1000 2502 regiones
1016 2462 1191 2502 perlustra-

137 2517 204 2539 rem
214 2532 223 2547 ‚
241 2517 260 2539 a
275 2509 374 2540 Philis
384 2510 524 2550 quinque
537 2511 661 2542 dierum
680 2511 849 2545 intervallo
862 2513 1017 2546 distantes
1030 2522 1134 2554 usque
1149 2513 1190 2544 ad

138 2559 249 2590 urbem
260 2559 380 2592 scilicet
389 2585 398 2598 ,
416 2570 488 2602 quae
497 2562 613 2594 dicitur
628 2563 746 2595 Prima.
764 2567 842 2596 Haec
855 2564 931 2596 olim
942 2567 1046 2606 prima
1056 2565 1189 2597 Thebai·

137 2610 185 2642 dis
197 2611 273 2642 urbs
285 2614 353 2643 erat
365 2621 384 2643 a
397 2613 562 2645 barbarico
576 2615 644 2646 solo
660 2616 873 2655 proficiscenti
886 2641 894 2656 ,
909 2625 1046 2657 eamque
1058 2617 1100 2648 ob
1113 2625 1190 2648 cau·

137 2671 206 2695 sam
217 2672 236 2695 3
249 2666 399 2696 Romanis
411 2665 509 2697 latino
524 2667 683 2699 vocabulo
699 2669 804 2700 Prima
817 2670 982 2701 nominata
995 2680 1003 2701 ι
1019 2679 1084 2710 quo
1094 2670 1190 2702 etiam

136 2724 225 2748 nunc
237 2717 367 2748 nomine
377 2718 549 2757 vocitatur,
562 2721 709 2760 quamvis
720 2721 813 2762 longo
824 2722 891 2762 jam
903 2724 1048 2763 tempore
1062 2723 1191 2755 barbari

139 2775 209 2798 eam
223 2768 281 2799 sibi
295 2768 575 2802 vindicarint—cum
588 2772 658 2803 aliis
668 2775 824 2813 quattuor
837 2775 972 2815 oppidis,
986 2775 1190 2814 Phoenicone,

138 2819 267 2851 Chiride
278 2843 287 2858 ,
304 2820 446 2861 Thapide
457 2823 489 2853 et
502 2823 658 2855 Talmide.
678 2837 693 2852 2>
707 2827 740 2856 ln
752 2826 811 2857 hac
823 2827 948 2866 regione
957 2826 1116 2868 smaragdi
1124 2836 1192 2859 esse

140 2870 263 2911 fodinas
270 2880 304 2902 se
311 2872 500 2912 comperisse
508 2875 618 2906 scribit
630 2876 733 2908 :unde
741 2878 961 2918 AEgyptiorum
974 2879 1099 2918 regibus
1113 2879 1191 2910 olim

138 2922 297 2962 smaragdi
308 2922 362 2955 illa
375 2926 464 2956 tanta
477 2928 568 2965 copia
581 2927 823 2967 suppeditasset.
837 2931 874 2961 Et
888 2929 957 2961 hoec
973 2930 1103 2970 quidem
1120 2931 1193 2963 bar·-

141 2973 294 3006 barorum
312 2977 401 3007 vates
425 2977 581 3016 inspicere
605 2978 785 3012 invitabant
799 2991 807 3012 z
834 2990 946 3013 verum
965 2981 997 3013 id
1015 2985 1084 3015 sine
1108 2983 1192 3015 bona

141 3025 222 3064 regis
234 3025 327 3057 venia
345 3035 410 3058 non
427 3027 555 3060 licebat.

185 3083 236 3110 38.
260 3080 305 3110 De
322 3079 455 3111 Libanio
477 3081 619 3120 quodam
633 3082 821 3116 admiranda
837 3086 945 3125 refert,
959 3086 1112 3118 Asianum
1136 3096 1191 3127 ge-

142 3137 217 3160 nere
233 3128 333 3169 hunc,
348 3130 491 3162 Honorio
507 3133 539 3163 et
553 3133 741 3165 Constantio
754 3134 1000 3175 imperatoribus
1015 3137 1114 3176 (421),
1129 3139 1191 3169 Ra-

144 3189 281 3212 vennam
294 3181 417 3213 venisse
428 3206 437 3221 ,
451 3191 681 3224 summumque
695 3186 873 3218 veneticum
890 3196 928 3219 ac
941 3197 1070 3228 magum
1085 3189 1191 3222 fuisse.

145 3233 229 3264 Dicit
254 3233 340 3265 enim
364 3236 541 3274 professum
570 3246 656 3277 esse,
680 3238 868 3271 admiranda
892 3249 984 3280 posse
1009 3250 1043 3273 se
1073 3242 1193 3282 absque

143 3285 276 3317 armatis
302 3286 486 3319 hominibus
511 3288 663 3321 adversus
682 3290 835 3322 barbaros
853 3294 991 3332 patrare.
1034 3295 1074 3324 At
1091 3303 1191 3334 quum

144 3336 258 3368 deinde
283 3338 538 3380 experimentum
569 3341 714 3380 promissi
740 3341 896 3382 dedisset,
913 3345 945 3375 et
970 3344 1054 3376 sama
1070 3346 1193 3385 longius

146 3398 279 3422 manans
307 3391 347 3423 ad
375 3391 456 3432 ipsas
485 3402 586 3433 usque
612 3395 760 3426 Placidiae
790 3404 882 3427 aures
913 3406 1074 3429 rumorem
1102 3398 1193 3430 detu-

148 3441 244 3482 lisset,
261 3446 408 3475 necatum
435 3444 524 3476 illum
540 3454 607 3477 csse
625 3456 632 3477 :
661 3447 878 3480 comminante
905 3449 1045 3481 Placidia
1067 3450 1193 3491 conjugi

1250 2199 1438 2230 Constantio
1455 2198 1643 2238 divortium,
1656 2199 1716 2231 nisi
1732 2208 1750 2232 e
1763 2199 1847 2232 vivis
1862 2199 2028 2232 tolleretur
2043 2199 2193 2232 Libanius
2218 2208 2299 2241 [1131-
2319 2203 2326 2258 3

1249 2251 1390 2291 stigiator
1406 2254 1503 2292 atque
1521 2251 1668 2284 infidelis.
2318 2263 2326 2283 ⁷.

1292 2306 1345 2335 39.
1364 2303 1570 2335 Constantius
1585 2311 1700 2343 genere
1708 2303 1838 2344 Illyrius
1847 2303 1919 2344 suit,
1935 2312 1953 2335 e
1964 2303 2074 2336 Naisso
2085 2303 2166 2336 urbe
2177 2303 2324 2344 Daciae‚
2321 2342 2323 2348 .

1252 2355 1307 2394 qui
1326 2355 1439 2387 multis
1460 2355 1579 2387 obitis·
1570 2364 1636 2395 33111
1662 2355 1737 2387 inde
1753 2364 1772 2386 a
1784 2355 1955 2387 Theodosii
1977 2356 2081 2396 Magni
2096 2355 2296 2395 temporibus
2317 2354 2326 2399 ξ

1250 2406 1373 2438 militiae
1390 2407 1575 2439 muneribus
1587 2430 1597 2446 ,
1615 2407 1656 2439 3(1
1672 2416 1835 2439 summum
1848 2407 1997 2447 tandem,
2013 2407 2051 2439 ut
2063 2407 2221 2446 diximus,
2239 2407 2298 2439 im·

1250 2458 1327 2498 perii
1342 2458 1465 2498 apicem
1480 2462 1614 2490 evectus
1626 2462 1683 2491 est.
1703 2461 1734 2491 Is
1749 2467 1852 2500 quum
1866 2460 1974 2490 cetera
1987 2458 2047 2490 suit
2059 2458 2154 2490 laude
2167 2458 2326 2497 dignus‚·
2313 2482 2326 2502 m

1248 2510 1319 2541 tum
1332 2509 1419 2550 quod
1435 2510 1503 2541 auri
1515 2510 1604 2542 nulla
1620 2510 1796 2551 cupiditate
1808 2511 1972 2550 flagraret,
1989 2511 2159 2551 antequam
2169 2504 2326 2550 quidem
2308 2530 2326 2574 ,4

1250 2562 1401 2595 Placidiac
1413 2563 1683 2604 conjungeretur3
1694 2572 1769 2595 nam
1783 2571 1822 2595 ea
1836 2571 1939 2595 uxore
1954 2563 2051 2595 ducta
2063 2587 2072 2603 ,
2089 2563 2298 2603 pecuniarum
2315 2556 2326 2592 ι

1251 2614 1364 2646 avidus
1377 2615 1488 2646 evasit.
1535 2617 1606 2655 ipso
1626 2623 1700 2654 ergo
1717 2619 1863 2654 mortuo,
1879 2623 1954 2646 cum
1968 2614 2136 2656 postulatis
2154 2602 2326 2646 homines’ss

1249 2669 1433 2699 Ravennam
1450 2666 1593 2707 undique
1612 2666 1855 2706 confluxerunt,
1873 2675 1954 2707 quos
1969 2667 2062 2698 bonis
2077 2666 2131 2698 ille
2142 2675 2199 2707 per
2213 2666 2326 2712 111111-ἶ

1251 2719 1331 2750 riam
1344 2718 1493 2750 exuisset.
1540 2730 1555 2745 α
1575 2719 1694 2750 Verum
1713 2718 1865 2757 Honorii‚
1880 2718 2000 2758 inquit,
2015 2718 2138 2757 lenitas,
2150 2719 2183 2750 et
2197 2715 2326 2750 Placi·
2312 2738 2326 2758 >4

1251 2771 1313 2802 diae
1332 2780 1408 2803 cum
1421 2780 1459 2803 eo
1472 2772 1559 2803 arcta
1572 2771 1668 2803 nimis
1691 2771 1889 2803 samiliaritas
1902 2794 1911 2811 ‚
1934 2771 2053 2803 frustra
2068 2772 2105 2803 ut
2121 2774 2225 2803 oesent
2244 2771 2294 2803 lroe
2314 2763 2326 2821 ξ

1251 2823 1461 2864 querimoniae
1486 2823 1654 2863 omnisque
1670 2822 1771 2854 adeo
1760 2823 1842 2863 Juris
1853 2823 1902 2854 vis
1917 2831 1954 2854 ac
1968 2823 2128 2863 potentia,
2145 2823 2262 2855 effecit.
2280 2835 2296 2850 »0
2312 2825 2326 2881 3

1294 2878 1345 2908 40.
1371 2876 1504 2908 Honorii
1532 2885 1607 2916 erga
1635 2884 1776 2907 sororem
1804 2875 1930 2907 affectio
1954 2876 2042 2907 tanta
2069 2875 2146 2915 suit,
2169 2883 2211 2907 ex
2232 2883 2299 2915 quo

1252 2930 1476 2969 Constantius,
1494 2929 1563 2970 eJus
1593 2929 1745 2968 maritus,
1771 2929 1837 2960 vita
1862 2928 2014 2968 decessit,
2040 2929 2076 2960 ut
2101 2927 2223 2968 perdite
2251 2929 2296 2960 nr·
2311 2877 2326 2977 ἰ

1252 2981 1311 3013 11115
1326 2981 1463 3013 amando
1476 2983 1507 3012 et
1520 2980 1645 3012 assidue
1657 2989 1692 3012 os
1705 2981 1774 3021 eius
1783 2979 1956 3012 osculando
1968 2979 2070 3020 turpis
2082 2979 2168 3020 apud
2179 2980 2297 3011 mullos
2315 2978 2326 3025 ξ

1253 3033 1494 3065 consuetudinis
1510 3032 1726 3072 suspicionem
1741 3041 1804 3063 non
1817 3031 1974 3071 effugerit.
2018 3030 2079 3063 Sed
2096 3031 2148 3062 hic
2160 3039 2252 3062 amor
2265 3032 2297 3062 in
2314 3017 2326 3097 ξ

1252 3087 1379 3118 tantum
1395 3085 1486 3117 brevi
1502 3086 1600 3118 vertit
1615 3085 1746 3124 odium,
1763 3083 2016 3116 allaborantibus
2035 3083 2179 3124 Spadusa
2200 3085 2326 3138 3113113,

1252 3138 1376 3179 Elpidia
1391 3137 1541 3170 Placidiae
1559 3137 1701 3176 nutrice,
1715 3137 1836 3177 quibus
1848 3136 1903 3168 illa
1924 3135 2086 3167 tribuebat
2100 3135 2273 3175 plurimum
2285 3158 2295 3174 ‚
2315 3142 2326 3179 7·

1253 3190 1291 3222 ad
1292 3190 1417 3230 ‚nutante
1430 3189 1525 3221 item
1517 3197 1599 3229 ipsas
1609 3191 1631 3221 Ι
1633 3189 1760 3228 eonteo,
1771 3188 1857 3220 illius
1869 3189 2029 3224 curatore
2042 3187 2078 3218 ut
2088 3188 2119 3220 et
2128 3185 2326 3220 seditionem

1251 3244 1411 3274 Ravennae
1423 3241 1605 3281 frequenter
1619 3239 1826 3279 exsisterent(
1839 3238 2024 3270 adhaerebat
2031 3237 2116 3270 enim
2125 3237 2182 3278 ipsi
2191 3226 2326 3268 adlruc’*
2313 3250 2326 3288 γε

1253 3293 1462 3326 barbarorum
1475 3292 1588 3332 turba,
1606 3301 1707 3333 quum
1721 3300 1761 3323 ex
1777 3290 1954 3331 Adaulphi,
1972 3291 2042 3323 tum
2061 3298 2101 3321 ex
2116 3287 2326 3326 Constantii
2313 3289 2326 3311 ν

1252 3345 1453 3386 imperatoris
1462 3344 1655 3385 conjugiis),
1667 3344 1699 3375 et
1716 3343 1847 3374 vulnera
1859 3342 1954 3374 etiam
1971 3341 2133 3381 utrimque
2146 3339 2294 3371 inferren-
2314 3312 2326 3390 ’Ξ

1253 3400 1323 3437 tur;
1342 3398 1444 3429 donec
1461 3397 1589 3428 tandem
1606 3396 1648 3428 ob
1671 3404 1724 3427 eas
1741 3396 1824 3436 ipsas
1843 3393 2024 3426 inimicitias
2036 3395 2068 3425 et
2084 3392 2179 3434 priori
2195 3391 2294 3423 amori
2319 3396 2326 3405 ·’

1255 3460 1310 3491 par
1334 3459 1418 3482 nunc
1434 3450 1543 3482 odium
1557 3448 1867 3490 Constantinopolim
1883 3447 2020 3480 Placidia
2031 3473 2040 3487 ‚
2055 3446 2151 3478 fratre
2169 3453 2291 3486 [113113-
2319 3455 2326 3477 -ῑ
