<?xml version="1.0" encoding="UTF-8"?>
<!DOCTYPE html PUBLIC "-//W3C//DTD XHTML 1.0 Transitional//EN"
    "http://www.w3.org/TR/xhtml1/DTD/xhtml1-transitional.dtd">
<html xmlns="http://www.w3.org/1999/xhtml" xml:lang="en" lang="en">
 <head>
  <title>
</title>
<meta http-equiv="Content-Type" content="text/html;charset=utf-8" />
  <meta name='ocr-system' content='tesseract 3.04.00' />
  <meta name='ocr-capabilities' content='ocr_page ocr_carea ocr_par ocr_line ocrx_word'/>
</head>
<body>
  <div class='ocr_page' id='page_1' title='image "./fragmentahistori04mueluoft_0604.png"; bbox 0 0 2372 3704; ppageno 0'>
   <div class='ocr_carea' id='block_1_1' title="bbox 160 215 234 248">
    <p class='ocr_par' dir='ltr' id='par_1_1' title="bbox 160 215 234 248">
     <span class='ocr_line' id='line_1_1' title="bbox 160 215 234 248; baseline 0 -1"><span class='ocrx_word' id='word_1_1' title='bbox 160 215 234 248; x_wconf 83' lang='lat'>592</span> 
     </span>
    </p>
   </div>
   <div class='ocr_carea' id='block_1_2' title="bbox 160 289 1210 1731">
    <p class='ocr_par' dir='ltr' id='par_1_2' title="bbox 160 289 1206 870">
     <span class='ocr_line' id='line_1_2' title="bbox 160 289 1202 346; baseline -0.006 -13"><span class='ocrx_word' id='word_1_2' title='bbox 160 297 210 334; x_wconf 87' lang='grc' dir='ltr'>τῶ</span> <span class='ocrx_word' id='word_1_3' title='bbox 226 293 333 346; x_wconf 88' lang='grc' dir='ltr'>τείχει</span> <span class='ocrx_word' id='word_1_4' title='bbox 356 296 415 332; x_wconf 73' lang='grc' dir='ltr'>τοῦ</span> <span class='ocrx_word' id='word_1_5' title='bbox 437 291 669 345; x_wconf 88' lang='grc' dir='ltr'>στρατοπέδου</span> <span class='ocrx_word' id='word_1_6' title='bbox 687 289 866 342; x_wconf 82' lang='grc' dir='ltr'>παρέστη,</span> <span class='ocrx_word' id='word_1_7' title='bbox 889 291 919 328; x_wconf 81' lang='grc' dir='ltr'>οἱ</span> <span class='ocrx_word' id='word_1_8' title='bbox 939 289 1071 328; x_wconf 84' lang='grc' dir='ltr'>ἔνδοθεν</span> <span class='ocrx_word' id='word_1_9' title='bbox 1091 305 1202 342; x_wconf 76' lang='grc' dir='ltr'>στρα-</span> 
     </span>
     <span class='ocr_line' id='line_1_3' title="bbox 160 347 1203 401; baseline -0.005 -10"><span class='ocrx_word' id='word_1_10' title='bbox 160 356 283 391; x_wconf 92' lang='grc' dir='ltr'>τιῶται</span> <span class='ocrx_word' id='word_1_11' title='bbox 297 350 493 394; x_wconf 84' lang='grc' dir='ltr'>ἀνελθόντες</span> <span class='ocrx_word' id='word_1_12' title='bbox 509 350 566 388; x_wconf 79' lang='grc' dir='ltr'>ἐπὶ</span> <span class='ocrx_word' id='word_1_13' title='bbox 581 365 659 392; x_wconf 90' lang='grc' dir='ltr'>τους</span> <span class='ocrx_word' id='word_1_14' title='bbox 673 348 840 400; x_wconf 83' lang='grc' dir='ltr'>πύργους,</span> <span class='ocrx_word' id='word_1_15' title='bbox 858 348 915 386; x_wconf 86' lang='grc' dir='ltr'>τὸν</span> <span class='ocrx_word' id='word_1_16' title='bbox 934 348 1044 385; x_wconf 82' lang='grc' dir='ltr'>παῖδα</span> <span class='ocrx_word' id='word_1_17' title='bbox 1057 349 1107 401; x_wconf 82' lang='grc' dir='ltr'>τῷ</span> <span class='ocrx_word' id='word_1_18' title='bbox 1124 347 1203 393; x_wconf 79' lang='grc' dir='ltr'>ἔξω·</span> 
     </span>
     <span class='ocr_line' id='line_1_4' title="bbox 161 406 1202 463; baseline -0.006 -14"><span class='ocrx_word' id='word_1_19' title='bbox 161 415 217 449; x_wconf 88' lang='grc' dir='ltr'>θεν</span> <span class='ocrx_word' id='word_1_20' title='bbox 237 412 374 463; x_wconf 83' lang='grc' dir='ltr'>στρατῷ</span> <span class='ocrx_word' id='word_1_21' title='bbox 392 408 618 456; x_wconf 80' lang='grc' dir='ltr'>δεικνύουσιν,</span> <span class='ocrx_word' id='word_1_22' title='bbox 643 406 843 447; x_wconf 89' lang='grc' dir='ltr'>Ἀντωνίνου</span> <span class='ocrx_word' id='word_1_23' title='bbox 861 406 932 444; x_wconf 81' lang='grc' dir='ltr'>υἱὸν</span> <span class='ocrx_word' id='word_1_24' title='bbox 954 407 1202 459; x_wconf 77' lang='grc' dir='ltr'>εὐφημοῦντες,</span> 
     </span>
     <span class='ocr_line' id='line_1_5' title="bbox 163 463 1205 520; baseline -0.005 -14"><span class='ocrx_word' id='word_1_25' title='bbox 163 467 334 520; x_wconf 88' lang='grc' dir='ltr'>βαλάντιά</span> <span class='ocrx_word' id='word_1_26' title='bbox 354 483 391 505; x_wconf 88' lang='grc' dir='ltr'>τε</span> <span class='ocrx_word' id='word_1_27' title='bbox 420 466 613 519; x_wconf 88' lang='grc' dir='ltr'>χρημάτων</span> <span class='ocrx_word' id='word_1_28' title='bbox 635 464 746 516; x_wconf 85' lang='grc' dir='ltr'>μεστὰ</span> <span class='ocrx_word' id='word_1_29' title='bbox 767 464 995 503; x_wconf 79' lang='grc' dir='ltr'>ἐπεδείκνυον.</span> <span class='ocrx_word' id='word_1_30' title='bbox 1018 466 1064 503; x_wconf 78' lang='grc' dir='ltr'>Οἱ</span> <span class='ocrx_word' id='word_1_31' title='bbox 1093 463 1128 503; x_wconf 80' lang='grc' dir='ltr'>δὲ</span> <span class='ocrx_word' id='word_1_32' title='bbox 1145 479 1205 502; x_wconf 94' lang='grc' dir='ltr'>πι-</span> 
     </span>
     <span class='ocr_line' id='line_1_6' title="bbox 162 521 1205 574; baseline -0.007 -9"><span class='ocrx_word' id='word_1_33' title='bbox 162 526 366 570; x_wconf 88' lang='grc' dir='ltr'>στεύσαντες</span> <span class='ocrx_word' id='word_1_34' title='bbox 394 527 528 572; x_wconf 83' lang='grc' dir='ltr'>αὐτοῖς,</span> <span class='ocrx_word' id='word_1_35' title='bbox 559 527 618 562; x_wconf 80' lang='grc' dir='ltr'>τοῦ</span> <span class='ocrx_word' id='word_1_36' title='bbox 646 523 709 574; x_wconf 82' lang='grc' dir='ltr'>μὲν</span> <span class='ocrx_word' id='word_1_37' title='bbox 731 524 922 562; x_wconf 84' lang='grc' dir='ltr'>Ἰουλιανοῦ</span> <span class='ocrx_word' id='word_1_38' title='bbox 955 521 1016 568; x_wconf 82' lang='grc' dir='ltr'>τὴν</span> <span class='ocrx_word' id='word_1_39' title='bbox 1050 521 1205 574; x_wconf 84' lang='grc' dir='ltr'>κεφαλὴν</span> 
     </span>
     <span class='ocr_line' id='line_1_7' title="bbox 162 579 1204 635; baseline -0.006 -12"><span class='ocrx_word' id='word_1_40' title='bbox 162 585 407 635; x_wconf 87' lang='grc' dir='ltr'>ἀποτέμνουσι,</span> <span class='ocrx_word' id='word_1_41' title='bbox 433 583 494 622; x_wconf 86' lang='grc' dir='ltr'>καὶ</span> <span class='ocrx_word' id='word_1_42' title='bbox 524 582 701 633; x_wconf 87' lang='grc' dir='ltr'>πέμπουσι</span> <span class='ocrx_word' id='word_1_43' title='bbox 725 584 773 633; x_wconf 82' lang='grc' dir='ltr'>τῷ</span> <span class='ocrx_word' id='word_1_44' title='bbox 806 580 998 633; x_wconf 85' lang='grc' dir='ltr'>Μακρίνῳ·</span> <span class='ocrx_word' id='word_1_45' title='bbox 1033 580 1131 618; x_wconf 75' lang='grc' dir='ltr'>αὐτοὶ</span> <span class='ocrx_word' id='word_1_46' title='bbox 1169 579 1204 617; x_wconf 86' lang='grc' dir='ltr'>δὲ</span> 
     </span>
     <span class='ocr_line' id='line_1_8' title="bbox 163 622 1206 693; baseline -0.007 -12"><span class='ocrx_word' id='word_1_47' title='bbox 163 643 289 686; x_wconf 88' lang='grc' dir='ltr'>πάντες</span> <span class='ocrx_word' id='word_1_48' title='bbox 309 644 354 686; x_wconf 88' lang='grc' dir='ltr'>εἷς</span> <span class='ocrx_word' id='word_1_49' title='bbox 374 642 412 680; x_wconf 82' lang='grc' dir='ltr'>τὸ</span> <span class='ocrx_word' id='word_1_50' title='bbox 432 640 662 693; x_wconf 87' lang='grc' dir='ltr'>στρατόπεδον</span> <span class='ocrx_word' id='word_1_51' title='bbox 684 622 941 690; x_wconf 83' lang='grc' dir='ltr'>εἷσεδέχθησαν.</span> <span class='ocrx_word' id='word_1_52' title='bbox 962 636 1119 680; x_wconf 65' lang='grc' dir='ltr'>Ούτως’</span> <span class='ocrx_word' id='word_1_53' title='bbox 1102 653 1125 683; x_wconf 94' lang='grc' dir='ltr'>η</span> <span class='ocrx_word' id='word_1_54' title='bbox 1143 636 1206 674; x_wconf 88' lang='grc' dir='ltr'>δύ·-</span> 
     </span>
     <span class='ocr_line' id='line_1_9' title="bbox 162 695 1206 751; baseline -0.008 -12"><span class='ocrx_word' id='word_1_55' title='bbox 162 716 264 751; x_wconf 86' lang='grc' dir='ltr'>ναμις</span> <span class='ocrx_word' id='word_1_56' title='bbox 292 700 495 747; x_wconf 78' lang='grc' dir='ltr'>αὐξηθεῖσα,</span> <span class='ocrx_word' id='word_1_57' title='bbox 523 700 559 737; x_wconf 84' lang='grc' dir='ltr'>οὗ</span> <span class='ocrx_word' id='word_1_58' title='bbox 589 698 691 748; x_wconf 88' lang='grc' dir='ltr'>μόνον</span> <span class='ocrx_word' id='word_1_59' title='bbox 721 701 762 744; x_wconf 89' lang='grc' dir='ltr'>ἠν</span> <span class='ocrx_word' id='word_1_60' title='bbox 787 696 872 748; x_wconf 84' lang='grc' dir='ltr'>πρὸς</span> <span class='ocrx_word' id='word_1_61' title='bbox 892 695 931 734; x_wconf 85' lang='grc' dir='ltr'>τὸ</span> <span class='ocrx_word' id='word_1_62' title='bbox 959 695 1206 746; x_wconf 78' lang='grc' dir='ltr'>ἀπομάχεσθαι</span> 
     </span>
     <span class='ocr_line' id='line_1_10' title="bbox 161 751 1206 811; baseline -0.008 -14"><span class='ocrx_word' id='word_1_63' title='bbox 161 759 365 811; x_wconf 83' lang='grc' dir='ltr'>πολιορκία,</span> <span class='ocrx_word' id='word_1_64' title='bbox 383 757 473 796; x_wconf 85' lang='grc' dir='ltr'>ἀλλὰ</span> <span class='ocrx_word' id='word_1_65' title='bbox 489 757 548 795; x_wconf 84' lang='grc' dir='ltr'>καὶ</span> <span class='ocrx_word' id='word_1_66' title='bbox 565 756 599 800; x_wconf 82' lang='grc' dir='ltr'>ἐξ</span> <span class='ocrx_word' id='word_1_67' title='bbox 619 755 852 798; x_wconf 83' lang='grc' dir='ltr'>ἀντιστάσεως</span> <span class='ocrx_word' id='word_1_68' title='bbox 869 754 1095 805; x_wconf 88' lang='grc' dir='ltr'>ἀγωνίζεσθαι</span> <span class='ocrx_word' id='word_1_69' title='bbox 1114 751 1206 796; x_wconf 80' lang='grc' dir='ltr'>ἀξιό-</span> 
     </span>
     <span class='ocr_line' id='line_1_11' title="bbox 161 833 285 870; baseline 0 -15"><span class='ocrx_word' id='word_1_70' title='bbox 161 833 285 870; x_wconf 87' lang='grc' dir='ltr'>χρεως.</span> 
     </span>
    </p>

    <p class='ocr_par' dir='ltr' id='par_1_3' title="bbox 163 868 1210 1731">
     <span class='ocr_line' id='line_1_12' title="bbox 215 868 1207 943; baseline -0.009 -28"><span class='ocrx_word' id='word_1_71' title='bbox 215 890 246 915; x_wconf 83' lang='grc'>8.</span> <span class='ocrx_word' id='word_1_72' title='bbox 278 875 323 915; x_wconf 92' lang='grc' dir='ltr'><strong>Ὁ</strong></span> <span class='ocrx_word' id='word_1_73' title='bbox 344 874 380 913; x_wconf 81' lang='grc' dir='ltr'>δὲ</span> <span class='ocrx_word' id='word_1_74' title='bbox 388 875 604 943; x_wconf 86' lang='grc' dir='ltr'>Μακρῖνος,</span> <span class='ocrx_word' id='word_1_75' title='bbox 636 875 681 915; x_wconf 80' lang='grc' dir='ltr'>ὡς</span> <span class='ocrx_word' id='word_1_76' title='bbox 711 875 823 909; x_wconf 73' lang='grc' dir='ltr'>ταῦτα</span> <span class='ocrx_word' id='word_1_77' title='bbox 853 869 1014 917; x_wconf 87' lang='grc' dir='ltr'>ἐπύθετο,</span> <span class='ocrx_word' id='word_1_78' title='bbox 1047 868 1207 920; x_wconf 85' lang='grc' dir='ltr'>ἀθροίσας</span> 
     </span>
     <span class='ocr_line' id='line_1_13' title="bbox 164 926 1207 984; baseline -0.008 -12"><span class='ocrx_word' id='word_1_79' title='bbox 164 933 280 972; x_wconf 89' lang='grc' dir='ltr'>πάντα</span> <span class='ocrx_word' id='word_1_80' title='bbox 309 933 346 971; x_wconf 88' lang='grc' dir='ltr'>ὃν</span> <span class='ocrx_word' id='word_1_81' title='bbox 377 926 450 984; x_wconf 79' lang='grc' dir='ltr'>εἶχε</span> <span class='ocrx_word' id='word_1_82' title='bbox 473 931 620 983; x_wconf 83' lang='grc' dir='ltr'>στρατὸν</span> <span class='ocrx_word' id='word_1_83' title='bbox 641 929 769 981; x_wconf 77' lang='grc' dir='ltr'>ἀπῄει·</span> <span class='ocrx_word' id='word_1_84' title='bbox 798 928 859 966; x_wconf 82' lang='grc' dir='ltr'>καὶ</span> <span class='ocrx_word' id='word_1_85' title='bbox 878 931 896 966; x_wconf 86' lang='lat'>6</span> <span class='ocrx_word' id='word_1_86' title='bbox 922 928 1118 970; x_wconf 80' lang='grc' dir='ltr'>Ἀντωνῖνος</span> <span class='ocrx_word' id='word_1_87' title='bbox 1145 928 1207 964; x_wconf 80' lang='grc' dir='ltr'>οὐκ</span> 
     </span>
     <span class='ocr_line' id='line_1_14' title="bbox 163 985 1207 1042; baseline -0.008 -12"><span class='ocrx_word' id='word_1_88' title='bbox 163 991 354 1042; x_wconf 83' lang='grc' dir='ltr'>ἀναμείνας</span> <span class='ocrx_word' id='word_1_89' title='bbox 379 990 566 1036; x_wconf 77' lang='grc' dir='ltr'>ὑπήντησε.</span> <span class='ocrx_word' id='word_1_90' title='bbox 597 987 737 1038; x_wconf 83' lang='grc' dir='ltr'>Συμμιξ</span> <span class='ocrx_word' id='word_1_91' title='bbox 741 986 852 1024; x_wconf 89' lang='grc' dir='ltr'>άντων</span> <span class='ocrx_word' id='word_1_92' title='bbox 883 987 919 1024; x_wconf 82' lang='grc' dir='ltr'>δὲ</span> <span class='ocrx_word' id='word_1_93' title='bbox 952 985 1113 1031; x_wconf 87' lang='grc' dir='ltr'>ἀλλήλοις</span> <span class='ocrx_word' id='word_1_94' title='bbox 1139 987 1207 1022; x_wconf 88' lang='grc' dir='ltr'>τῶν</span> 
     </span>
     <span class='ocr_line' id='line_1_15' title="bbox 165 1042 1208 1103; baseline -0.008 -15"><span class='ocrx_word' id='word_1_95' title='bbox 165 1050 420 1103; x_wconf 83' lang='grc' dir='ltr'>στρατοπέδων,</span> <span class='ocrx_word' id='word_1_96' title='bbox 451 1047 618 1100; x_wconf 85' lang='grc' dir='ltr'>προεδόθη</span> <span class='ocrx_word' id='word_1_97' title='bbox 642 1062 679 1084; x_wconf 89' lang='grc' dir='ltr'>τε</span> <span class='ocrx_word' id='word_1_98' title='bbox 700 1048 718 1083; x_wconf 89' lang='lat'>6</span> <span class='ocrx_word' id='word_1_99' title='bbox 746 1048 940 1098; x_wconf 82' lang='grc' dir='ltr'>Μακρῖνος,</span> <span class='ocrx_word' id='word_1_100' title='bbox 960 1043 1020 1082; x_wconf 84' lang='grc' dir='ltr'>καὶ</span> <span class='ocrx_word' id='word_1_101' title='bbox 1049 1042 1208 1096; x_wconf 75' lang='grc' dir='ltr'>φοὸηθεὶς</span> 
     </span>
     <span class='ocr_line' id='line_1_16' title="bbox 164 1101 1206 1159; baseline -0.008 -13"><span class='ocrx_word' id='word_1_102' title='bbox 164 1108 445 1159; x_wconf 83' lang='grc' dir='ltr'>ἀποδιδράσκει’</span> <span class='ocrx_word' id='word_1_103' title='bbox 430 1123 464 1144; x_wconf 90' lang='grc' dir='ltr'>εν</span> <span class='ocrx_word' id='word_1_104' title='bbox 481 1106 618 1144; x_wconf 79' lang='grc' dir='ltr'>ἰδιώτου</span> <span class='ocrx_word' id='word_1_105' title='bbox 645 1104 819 1156; x_wconf 88' lang='grc' dir='ltr'>σχήματι.</span> <span class='ocrx_word' id='word_1_106' title='bbox 847 1103 917 1142; x_wconf 86' lang='grc' dir='ltr'>Καὶ</span> <span class='ocrx_word' id='word_1_107' title='bbox 937 1105 955 1141; x_wconf 86' lang='lat'>6</span> <span class='ocrx_word' id='word_1_108' title='bbox 974 1101 1035 1151; x_wconf 82' lang='grc' dir='ltr'>μὲν</span> <span class='ocrx_word' id='word_1_109' title='bbox 1054 1101 1206 1155; x_wconf 82' lang='grc' dir='ltr'>ἔφευγεν,</span> 
     </span>
     <span class='ocr_line' id='line_1_17' title="bbox 164 1159 1207 1216; baseline -0.007 -13"><span class='ocrx_word' id='word_1_110' title='bbox 164 1167 220 1202; x_wconf 97' lang='lat'>6</span> <span class='ocrx_word' id='word_1_111' title='bbox 201 1165 236 1203; x_wconf 83' lang='grc' dir='ltr'>οὲ</span> <span class='ocrx_word' id='word_1_112' title='bbox 256 1165 400 1216; x_wconf 85' lang='grc' dir='ltr'>στρατὸς</span> <span class='ocrx_word' id='word_1_113' title='bbox 417 1164 626 1216; x_wconf 82' lang='grc' dir='ltr'>ἑκατέρωθεν</span> <span class='ocrx_word' id='word_1_114' title='bbox 644 1162 818 1214; x_wconf 84' lang='grc' dir='ltr'>ἐμάχετο,</span> <span class='ocrx_word' id='word_1_115' title='bbox 837 1160 937 1213; x_wconf 85' lang='grc' dir='ltr'>ἄχρις</span> <span class='ocrx_word' id='word_1_116' title='bbox 954 1165 991 1199; x_wconf 85' lang='grc' dir='ltr'>οὑ</span> <span class='ocrx_word' id='word_1_117' title='bbox 1011 1159 1207 1203; x_wconf 82' lang='grc' dir='ltr'>Ἀντωνῖνος</span> 
     </span>
     <span class='ocr_line' id='line_1_18' title="bbox 165 1218 1205 1276; baseline -0.006 -15"><span class='ocrx_word' id='word_1_118' title='bbox 165 1223 476 1276; x_wconf 85' lang='grc' dir='ltr'>διεκηρυκεύσατο,</span> <span class='ocrx_word' id='word_1_119' title='bbox 497 1222 559 1268; x_wconf 86' lang='grc' dir='ltr'>τήν</span> <span class='ocrx_word' id='word_1_120' title='bbox 579 1237 615 1258; x_wconf 90' lang='grc' dir='ltr'>τε</span> <span class='ocrx_word' id='word_1_121' title='bbox 635 1220 818 1271; x_wconf 84' lang='grc' dir='ltr'>Μακρίνου</span> <span class='ocrx_word' id='word_1_122' title='bbox 846 1219 955 1272; x_wconf 78' lang='grc' dir='ltr'>φυγὴν</span> <span class='ocrx_word' id='word_1_123' title='bbox 977 1218 1205 1269; x_wconf 82' lang='grc' dir='ltr'>διαγγέλλων,</span> 
     </span>
     <span class='ocr_line' id='line_1_19' title="bbox 163 1276 1208 1330; baseline -0.004 -12"><span class='ocrx_word' id='word_1_124' title='bbox 163 1280 223 1318; x_wconf 75' lang='grc' dir='ltr'>καὶ</span> <span class='ocrx_word' id='word_1_125' title='bbox 245 1280 439 1330; x_wconf 84' lang='grc' dir='ltr'>ἀμνηστίαν</span> <span class='ocrx_word' id='word_1_126' title='bbox 464 1285 534 1322; x_wconf 85' lang='grc' dir='ltr'>τοῖς</span> <span class='ocrx_word' id='word_1_127' title='bbox 559 1278 646 1330; x_wconf 74' lang='grc' dir='ltr'>ὑπὲρ</span> <span class='ocrx_word' id='word_1_128' title='bbox 675 1277 805 1316; x_wconf 84' lang='grc' dir='ltr'>ἐκείνου</span> <span class='ocrx_word' id='word_1_129' title='bbox 837 1277 1047 1329; x_wconf 80' lang='grc' dir='ltr'>μαχομένοις</span> <span class='ocrx_word' id='word_1_130' title='bbox 1072 1276 1208 1329; x_wconf 87' lang='grc' dir='ltr'>ἔνορκον</span> 
     </span>
     <span class='ocr_line' id='line_1_20' title="bbox 165 1331 1204 1390; baseline -0.002 -14"><span class='ocrx_word' id='word_1_131' title='bbox 165 1338 451 1390; x_wconf 78' lang='grc' dir='ltr'>ὑπισχνούμενος.</span> <span class='ocrx_word' id='word_1_132' title='bbox 474 1340 520 1377; x_wconf 87' lang='grc' dir='ltr'>Οἱ</span> <span class='ocrx_word' id='word_1_133' title='bbox 541 1336 603 1387; x_wconf 81' lang='grc' dir='ltr'>μὲν</span> <span class='ocrx_word' id='word_1_134' title='bbox 623 1331 681 1375; x_wconf 64' lang='grc' dir='ltr'>οὖν</span> <span class='ocrx_word' id='word_1_135' title='bbox 700 1335 895 1379; x_wconf 83' lang='grc' dir='ltr'>πεισθέντες</span> <span class='ocrx_word' id='word_1_136' title='bbox 914 1334 1204 1388; x_wconf 84' lang='grc' dir='ltr'>προσεχώρησαν.</span> 
     </span>
     <span class='ocr_line' id='line_1_21' title="bbox 164 1393 1210 1445; baseline -0.004 -11"><span class='ocrx_word' id='word_1_137' title='bbox 164 1395 209 1434; x_wconf 90' lang='grc' dir='ltr'>Ὁ</span> <span class='ocrx_word' id='word_1_138' title='bbox 230 1396 265 1433; x_wconf 81' lang='grc' dir='ltr'>δὲ</span> <span class='ocrx_word' id='word_1_139' title='bbox 287 1396 482 1438; x_wconf 84' lang='grc' dir='ltr'>Ἀντωνῖνος</span> <span class='ocrx_word' id='word_1_140' title='bbox 502 1394 673 1445; x_wconf 84' lang='grc' dir='ltr'>ἐκπέμπει</span> <span class='ocrx_word' id='word_1_141' title='bbox 690 1393 768 1436; x_wconf 81' lang='grc' dir='ltr'>τοὺς</span> <span class='ocrx_word' id='word_1_142' title='bbox 788 1393 969 1437; x_wconf 82' lang='grc' dir='ltr'>διώξοντας</span> <span class='ocrx_word' id='word_1_143' title='bbox 988 1393 1045 1430; x_wconf 85' lang='grc' dir='ltr'>τὸν</span> <span class='ocrx_word' id='word_1_144' title='bbox 1064 1395 1210 1445; x_wconf 86' lang='grc' dir='ltr'>Μακρῖ-</span> 
     </span>
     <span class='ocr_line' id='line_1_22' title="bbox 165 1450 1210 1503; baseline -0.004 -11"><span class='ocrx_word' id='word_1_145' title='bbox 165 1470 234 1503; x_wconf 89' lang='grc' dir='ltr'>νον,</span> <span class='ocrx_word' id='word_1_146' title='bbox 249 1454 308 1493; x_wconf 80' lang='grc' dir='ltr'>καὶ</span> <span class='ocrx_word' id='word_1_147' title='bbox 321 1453 580 1497; x_wconf 69' lang='grc' dir='ltr'>καταλαὸόντες</span> <span class='ocrx_word' id='word_1_148' title='bbox 594 1452 695 1491; x_wconf 74' lang='grc' dir='ltr'>αὐτὸν</span> <span class='ocrx_word' id='word_1_149' title='bbox 711 1453 744 1490; x_wconf 84' lang='grc' dir='ltr'>ἐν</span> <span class='ocrx_word' id='word_1_150' title='bbox 763 1451 964 1499; x_wconf 80' lang='grc' dir='ltr'>Χαλκηδόνι</span> <span class='ocrx_word' id='word_1_151' title='bbox 977 1455 1038 1499; x_wconf 84' lang='grc' dir='ltr'>τῆς</span> <span class='ocrx_word' id='word_1_152' title='bbox 1053 1450 1210 1494; x_wconf 85' lang='grc' dir='ltr'>Βιθυνίας</span> 
     </span>
     <span class='ocr_line' id='line_1_23' title="bbox 164 1508 1208 1564; baseline -0.005 -13"><span class='ocrx_word' id='word_1_153' title='bbox 164 1512 415 1564; x_wconf 85' lang='grc' dir='ltr'>κρυπτόμενον,</span> <span class='ocrx_word' id='word_1_154' title='bbox 429 1512 490 1559; x_wconf 89' lang='grc' dir='ltr'>τὴν</span> <span class='ocrx_word' id='word_1_155' title='bbox 507 1510 662 1564; x_wconf 83' lang='grc' dir='ltr'>κεφαλὴν</span> <span class='ocrx_word' id='word_1_156' title='bbox 682 1509 854 1560; x_wconf 83' lang='grc' dir='ltr'>ἀπέτεμον</span> <span class='ocrx_word' id='word_1_157' title='bbox 865 1525 872 1533; x_wconf 96' lang='grc'>·</span> <span class='ocrx_word' id='word_1_158' title='bbox 888 1509 1024 1560; x_wconf 82' lang='grc' dir='ltr'>ἐλέγετο</span> <span class='ocrx_word' id='word_1_159' title='bbox 1038 1508 1073 1546; x_wconf 79' lang='grc' dir='ltr'>δὲ</span> <span class='ocrx_word' id='word_1_160' title='bbox 1089 1510 1134 1552; x_wconf 85' lang='grc' dir='ltr'>εἷς</span> <span class='ocrx_word' id='word_1_161' title='bbox 1146 1508 1208 1555; x_wconf 82' lang='grc' dir='ltr'>τὴν</span> 
     </span>
     <span class='ocr_line' id='line_1_24' title="bbox 165 1566 1210 1621; baseline -0.004 -12"><span class='ocrx_word' id='word_1_162' title='bbox 165 1571 311 1621; x_wconf 87' lang='grc' dir='ltr'>Ῥώμην</span> <span class='ocrx_word' id='word_1_163' title='bbox 343 1570 515 1610; x_wconf 81' lang='grc' dir='ltr'>σπεύδειν.</span> <span class='ocrx_word' id='word_1_164' title='bbox 558 1569 663 1608; x_wconf 91' lang='grc' dir='ltr'>Τέλει</span> <span class='ocrx_word' id='word_1_165' title='bbox 693 1567 755 1619; x_wconf 84' lang='grc' dir='ltr'>μὲν</span> <span class='ocrx_word' id='word_1_166' title='bbox 788 1567 829 1614; x_wconf 83' lang='grc' dir='ltr'>δὴ</span> <span class='ocrx_word' id='word_1_167' title='bbox 860 1567 1004 1620; x_wconf 84' lang='grc' dir='ltr'>τοιούτῳ</span> <span class='ocrx_word' id='word_1_168' title='bbox 1036 1566 1210 1619; x_wconf 87' lang='grc' dir='ltr'>ἐχρήσατο</span> 
     </span>
     <span class='ocr_line' id='line_1_25' title="bbox 164 1625 1209 1682; baseline -0.003 -15"><span class='ocrx_word' id='word_1_169' title='bbox 164 1632 182 1667; x_wconf 88' lang='lat'>6</span> <span class='ocrx_word' id='word_1_170' title='bbox 204 1632 400 1682; x_wconf 74' lang='grc' dir='ltr'>Μακρῖνος,</span> <span class='ocrx_word' id='word_1_171' title='bbox 424 1627 677 1680; x_wconf 85' lang='grc' dir='ltr'>συναιρεθέντος</span> <span class='ocrx_word' id='word_1_172' title='bbox 694 1628 788 1679; x_wconf 76' lang='grc' dir='ltr'>αὐτῷ</span> <span class='ocrx_word' id='word_1_173' title='bbox 807 1625 942 1664; x_wconf 75' lang='grc' dir='ltr'>καὶτοῦ</span> <span class='ocrx_word' id='word_1_174' title='bbox 958 1626 1091 1674; x_wconf 81' lang='grc' dir='ltr'>παιδὸς,</span> <span class='ocrx_word' id='word_1_175' title='bbox 1110 1629 1209 1678; x_wconf 91' lang='grc' dir='ltr'>βασι-</span> 
     </span>
     <span class='ocr_line' id='line_1_26' title="bbox 165 1687 554 1731; baseline -0.005 -5"><span class='ocrx_word' id='word_1_176' title='bbox 165 1687 292 1731; x_wconf 90' lang='grc' dir='ltr'>λεύσας</span> <span class='ocrx_word' id='word_1_177' title='bbox 309 1687 462 1726; x_wconf 83' lang='grc' dir='ltr'>ἐνιαυτὸν</span> <span class='ocrx_word' id='word_1_178' title='bbox 482 1687 554 1725; x_wconf 83' lang='grc' dir='ltr'>ἕνα.</span> 
     </span>
    </p>
   </div>
   <div class='ocr_carea' id='block_1_3' title="bbox 315 1747 1055 1862">
    <p class='ocr_par' dir='ltr' id='par_1_4' title="bbox 315 1747 1055 1862">
     <span class='ocr_line' id='line_1_27' title="bbox 648 1747 736 1793; baseline -0.023 -10"><span class='ocrx_word' id='word_1_179' title='bbox 648 1747 736 1793; x_wconf 83' lang='grc'>137.</span> 
     </span>
     <span class='ocr_line' id='line_1_28' title="bbox 315 1819 1055 1862; baseline -0.005 0"><span class='ocrx_word' id='word_1_180' title='bbox 315 1823 614 1862; x_wconf 87' lang='grc' dir='ltr'>ΑΝΤΩΝΙΝΟΣ</span> <span class='ocrx_word' id='word_1_181' title='bbox 642 1823 675 1860; x_wconf 93' lang='grc' dir='ltr'>Ο</span> <span class='ocrx_word' id='word_1_182' title='bbox 706 1819 1055 1859; x_wconf 82' lang='grc' dir='ltr'>ΕΛΕΓΑΒΑΛΟΣ.</span> 
     </span>
    </p>
   </div>
   <div class='ocr_carea' id='block_1_4' title="bbox 163 1906 1212 3242">
    <p class='ocr_par' dir='ltr' id='par_1_5' title="bbox 163 1906 1212 3242">
     <span class='ocr_line' id='line_1_29' title="bbox 217 1906 1209 1959; baseline -0.002 -12"><span class='ocrx_word' id='word_1_183' title='bbox 217 1913 307 1947; x_wconf 84' lang='lat' dir='ltr'>Exc.</span> <span class='ocrx_word' id='word_1_184' title='bbox 327 1914 383 1947; x_wconf 88' lang='lat' dir='ltr'>De</span> <span class='ocrx_word' id='word_1_185' title='bbox 395 1912 482 1949; x_wconf 86' lang='lat' dir='ltr'><strong>virt.</strong></span> <span class='ocrx_word' id='word_1_186' title='bbox 501 1923 540 1959; x_wconf 87' lang='lat' dir='ltr'>p.</span> <span class='ocrx_word' id='word_1_187' title='bbox 563 1910 639 1958; x_wconf 79' lang='lat'>829</span> <span class='ocrx_word' id='word_1_188' title='bbox 660 1923 668 1945; x_wconf 90' lang='lat'>:</span> <span class='ocrx_word' id='word_1_189' title='bbox 684 1906 770 1946; x_wconf 68' lang='grc' dir='ltr'>’Ὀτι</span> <span class='ocrx_word' id='word_1_190' title='bbox 788 1906 985 1950; x_wconf 86' lang='grc' dir='ltr'>Ἀντωνῖνος</span> <span class='ocrx_word' id='word_1_191' title='bbox 997 1909 1015 1944; x_wconf 87' lang='lat'>6</span> <span class='ocrx_word' id='word_1_192' title='bbox 1033 1906 1105 1951; x_wconf 87' lang='grc' dir='ltr'>νέος</span> <span class='ocrx_word' id='word_1_193' title='bbox 1120 1906 1209 1957; x_wconf 86' lang='grc' dir='ltr'>μετὰ</span> 
     </span>
     <span class='ocr_line' id='line_1_30' title="bbox 171 1964 1209 2021; baseline -0.001 -16"><span class='ocrx_word' id='word_1_194' title='bbox 171 1968 204 2006; x_wconf 80' lang='grc' dir='ltr'>τὸ</span> <span class='ocrx_word' id='word_1_195' title='bbox 226 1971 496 2021; x_wconf 69' lang='grc' dir='ltr'>ἀναγορευθῆναι</span> <span class='ocrx_word' id='word_1_196' title='bbox 521 1966 667 2020; x_wconf 89' lang='grc' dir='ltr'>βασιλέα</span> <span class='ocrx_word' id='word_1_197' title='bbox 687 1969 721 2005; x_wconf 80' lang='grc' dir='ltr'>ἓν</span> <span class='ocrx_word' id='word_1_198' title='bbox 746 1965 967 2018; x_wconf 79' lang='grc' dir='ltr'>Νικομηδείᾳ</span> <span class='ocrx_word' id='word_1_199' title='bbox 997 1965 1045 2003; x_wconf 84' lang='grc' dir='ltr'>ὣν</span> <span class='ocrx_word' id='word_1_200' title='bbox 1066 1964 1209 2010; x_wconf 73' lang='grc' dir='ltr'>ἐξεὸάκ-</span> 
     </span>
     <span class='ocr_line' id='line_1_31' title="bbox 164 2023 1209 2078; baseline -0.002 -14"><span class='ocrx_word' id='word_1_201' title='bbox 164 2043 277 2078; x_wconf 87' lang='grc' dir='ltr'>χευεν,</span> <span class='ocrx_word' id='word_1_202' title='bbox 295 2026 463 2077; x_wconf 83' lang='grc' dir='ltr'>ἐνδύμασί</span> <span class='ocrx_word' id='word_1_203' title='bbox 480 2042 517 2064; x_wconf 91' lang='grc' dir='ltr'>τε</span> <span class='ocrx_word' id='word_1_204' title='bbox 534 2025 637 2070; x_wconf 84' lang='grc' dir='ltr'>ξένοις</span> <span class='ocrx_word' id='word_1_205' title='bbox 651 2025 843 2077; x_wconf 87' lang='grc' dir='ltr'>χρώμενος,</span> <span class='ocrx_word' id='word_1_206' title='bbox 857 2023 924 2062; x_wconf 80' lang='grc' dir='ltr'>ὕπὸ</span> <span class='ocrx_word' id='word_1_207' title='bbox 940 2024 1134 2075; x_wconf 85' lang='grc' dir='ltr'>τυμπάνοις</span> <span class='ocrx_word' id='word_1_208' title='bbox 1149 2024 1209 2063; x_wconf 83' lang='grc' dir='ltr'>καὶ</span> 
     </span>
     <span class='ocr_line' id='line_1_32' title="bbox 165 2082 1209 2138; baseline -0.003 -15"><span class='ocrx_word' id='word_1_209' title='bbox 165 2087 281 2128; x_wconf 78' lang='grc' dir='ltr'>αὐλοῖς</span> <span class='ocrx_word' id='word_1_210' title='bbox 294 2086 558 2138; x_wconf 80' lang='grc' dir='ltr'>προερχόμενος·</span> <span class='ocrx_word' id='word_1_211' title='bbox 570 2083 633 2131; x_wconf 83' lang='grc' dir='ltr'>τὴν</span> <span class='ocrx_word' id='word_1_212' title='bbox 647 2083 713 2136; x_wconf 85' lang='grc' dir='ltr'>γὰρ</span> <span class='ocrx_word' id='word_1_213' title='bbox 726 2082 933 2133; x_wconf 84' lang='grc' dir='ltr'>Ῥωμαῖκὴν</span> <span class='ocrx_word' id='word_1_214' title='bbox 950 2088 1067 2120; x_wconf 84' lang='grc' dir='ltr'>πᾶσαν</span> <span class='ocrx_word' id='word_1_215' title='bbox 1081 2084 1209 2129; x_wconf 88' lang='grc' dir='ltr'>ἐσθῆτα</span> 
     </span>
     <span class='ocr_line' id='line_1_33' title="bbox 165 2140 1206 2195; baseline -0.002 -13"><span class='ocrx_word' id='word_1_216' title='bbox 165 2144 390 2194; x_wconf 83' lang='grc' dir='ltr'>ἐμυσάττετο.</span> <span class='ocrx_word' id='word_1_217' title='bbox 405 2143 450 2182; x_wconf 86' lang='grc' dir='ltr'><em>Ἣ</em></span> <span class='ocrx_word' id='word_1_218' title='bbox 468 2142 503 2181; x_wconf 83' lang='grc' dir='ltr'>δὲ</span> <span class='ocrx_word' id='word_1_219' title='bbox 521 2141 645 2182; x_wconf 80' lang='grc' dir='ltr'>Μαισὰ</span> <span class='ocrx_word' id='word_1_220' title='bbox 661 2146 772 2180; x_wconf 80' lang='grc' dir='ltr'>ταῦτα</span> <span class='ocrx_word' id='word_1_221' title='bbox 793 2143 910 2195; x_wconf 82' lang='grc' dir='ltr'>ὁρῶσα</span> <span class='ocrx_word' id='word_1_222' title='bbox 926 2140 1018 2179; x_wconf 89' lang='grc' dir='ltr'>πάνυ</span> <span class='ocrx_word' id='word_1_223' title='bbox 1031 2141 1206 2194; x_wconf 84' lang='grc' dir='ltr'>ἤσχαλλε,</span> 
     </span>
     <span class='ocr_line' id='line_1_34' title="bbox 163 2199 1209 2254; baseline -0.001 -14"><span class='ocrx_word' id='word_1_224' title='bbox 163 2203 292 2241; x_wconf 87' lang='grc' dir='ltr'>πείθειν</span> <span class='ocrx_word' id='word_1_225' title='bbox 320 2218 359 2240; x_wconf 93' lang='grc' dir='ltr'>τε</span> <span class='ocrx_word' id='word_1_226' title='bbox 388 2204 549 2254; x_wconf 81' lang='grc' dir='ltr'>ἐπειρᾶτο</span> <span class='ocrx_word' id='word_1_227' title='bbox 581 2199 886 2254; x_wconf 88' lang='grc' dir='ltr'>μεταμφιέσασθαι</span> <span class='ocrx_word' id='word_1_228' title='bbox 907 2199 969 2246; x_wconf 74' lang='grc' dir='ltr'>τὴν</span> <span class='ocrx_word' id='word_1_229' title='bbox 1001 2200 1209 2250; x_wconf 80' lang='grc' dir='ltr'>Ῥωμαϊκὴν</span> 
     </span>
     <span class='ocr_line' id='line_1_35' title="bbox 167 2257 1209 2311; baseline -0.001 -13"><span class='ocrx_word' id='word_1_230' title='bbox 167 2259 307 2307; x_wconf 83' lang='grc' dir='ltr'>στολὴν,</span> <span class='ocrx_word' id='word_1_231' title='bbox 331 2260 503 2311; x_wconf 89' lang='grc' dir='ltr'>μέλλοντα</span> <span class='ocrx_word' id='word_1_232' title='bbox 531 2262 578 2303; x_wconf 88' lang='grc' dir='ltr'>εἷς</span> <span class='ocrx_word' id='word_1_233' title='bbox 597 2259 659 2306; x_wconf 78' lang='grc' dir='ltr'>τὴν</span> <span class='ocrx_word' id='word_1_234' title='bbox 681 2259 781 2297; x_wconf 88' lang='grc' dir='ltr'>πόλιν</span> <span class='ocrx_word' id='word_1_235' title='bbox 802 2258 861 2296; x_wconf 80' lang='grc' dir='ltr'>καὶ</span> <span class='ocrx_word' id='word_1_236' title='bbox 881 2260 914 2302; x_wconf 91' lang='grc' dir='ltr'>ἐς</span> <span class='ocrx_word' id='word_1_237' title='bbox 932 2257 995 2305; x_wconf 77' lang='grc' dir='ltr'>τὴν</span> <span class='ocrx_word' id='word_1_238' title='bbox 1015 2258 1209 2310; x_wconf 87' lang='grc' dir='ltr'>σύγκλητον</span> 
     </span>
     <span class='ocr_line' id='line_1_36' title="bbox 166 2316 1209 2371; baseline -0.002 -14"><span class='ocrx_word' id='word_1_239' title='bbox 166 2318 420 2357; x_wconf 85' lang='grc' dir='ltr'>ἐσελεύσεσθαι.</span> <span class='ocrx_word' id='word_1_240' title='bbox 444 2318 490 2358; x_wconf 85' lang='lat' dir='ltr'>‘O</span> <span class='ocrx_word' id='word_1_241' title='bbox 518 2317 554 2356; x_wconf 84' lang='grc' dir='ltr'>δὲ</span> <span class='ocrx_word' id='word_1_242' title='bbox 574 2316 838 2370; x_wconf 76' lang='grc' dir='ltr'>καταφρονήσας</span> <span class='ocrx_word' id='word_1_243' title='bbox 863 2320 931 2355; x_wconf 87' lang='grc' dir='ltr'>τῶν</span> <span class='ocrx_word' id='word_1_244' title='bbox 958 2317 1103 2364; x_wconf 78' lang='grc' dir='ltr'>ὑπὸτῆς</span> <span class='ocrx_word' id='word_1_245' title='bbox 1121 2333 1209 2371; x_wconf 93' lang='grc' dir='ltr'>πρε-</span> 
     </span>
     <span class='ocr_line' id='line_1_37' title="bbox 166 2376 1210 2429; baseline -0.001 -14"><span class='ocrx_word' id='word_1_246' title='bbox 166 2377 323 2419; x_wconf 73' lang='grc' dir='ltr'>σὸύτιδος</span> <span class='ocrx_word' id='word_1_247' title='bbox 335 2376 542 2428; x_wconf 82' lang='grc' dir='ltr'>λεχθέντων,</span> <span class='ocrx_word' id='word_1_248' title='bbox 563 2376 651 2426; x_wconf 79' lang='grc' dir='ltr'>μηδὲ</span> <span class='ocrx_word' id='word_1_249' title='bbox 666 2376 762 2428; x_wconf 83' lang='grc' dir='ltr'>ἄλλῳ</span> <span class='ocrx_word' id='word_1_250' title='bbox 776 2376 841 2413; x_wconf 82' lang='grc' dir='ltr'>τινὶ</span> <span class='ocrx_word' id='word_1_251' title='bbox 861 2376 1011 2420; x_wconf 86' lang='grc' dir='ltr'>πεισθείς</span> <span class='ocrx_word' id='word_1_252' title='bbox 1030 2377 1040 2426; x_wconf 93' lang='grc'>(</span> <span class='ocrx_word' id='word_1_253' title='bbox 1054 2376 1128 2414; x_wconf 83' lang='grc' dir='ltr'>οὐδὲ</span> <span class='ocrx_word' id='word_1_254' title='bbox 1142 2377 1210 2429; x_wconf 81' lang='grc' dir='ltr'>γὰρ</span> 
     </span>
     <span class='ocr_line' id='line_1_38' title="bbox 165 2434 1209 2487; baseline 0 -15"><span class='ocrx_word' id='word_1_255' title='bbox 165 2435 328 2486; x_wconf 89' lang='grc' dir='ltr'>προσίετο</span> <span class='ocrx_word' id='word_1_256' title='bbox 345 2436 373 2472; x_wconf 81' lang='grc' dir='ltr'>εἶ</span> <span class='ocrx_word' id='word_1_257' title='bbox 393 2434 440 2485; x_wconf 90' lang='grc' dir='ltr'>μὴ</span> <span class='ocrx_word' id='word_1_258' title='bbox 458 2434 535 2477; x_wconf 79' lang='grc' dir='ltr'>τοὺς</span> <span class='ocrx_word' id='word_1_259' title='bbox 552 2434 796 2487; x_wconf 84' lang='grc' dir='ltr'>ὁμοιοτρόπους</span> <span class='ocrx_word' id='word_1_260' title='bbox 811 2449 847 2472; x_wconf 87' lang='grc' dir='ltr'>τε</span> <span class='ocrx_word' id='word_1_261' title='bbox 864 2435 924 2472; x_wconf 77' lang='grc' dir='ltr'>καὶ</span> <span class='ocrx_word' id='word_1_262' title='bbox 937 2434 1087 2478; x_wconf 90' lang='grc' dir='ltr'>κόλακας</span> <span class='ocrx_word' id='word_1_263' title='bbox 1106 2437 1209 2472; x_wconf 78' lang='grc' dir='ltr'>αὑτοῦ</span> 
     </span>
     <span class='ocr_line' id='line_1_39' title="bbox 165 2491 1208 2546; baseline 0 -16"><span class='ocrx_word' id='word_1_264' title='bbox 165 2495 233 2530; x_wconf 82' lang='grc' dir='ltr'>τῶν</span> <span class='ocrx_word' id='word_1_265' title='bbox 268 2492 572 2544; x_wconf 87' lang='grc' dir='ltr'>ἁμαρτημάτων),</span> <span class='ocrx_word' id='word_1_266' title='bbox 605 2491 681 2534; x_wconf 87' lang='grc' dir='ltr'>δούς</span> <span class='ocrx_word' id='word_1_267' title='bbox 700 2508 738 2530; x_wconf 88' lang='grc' dir='ltr'>τε</span> <span class='ocrx_word' id='word_1_268' title='bbox 764 2492 826 2536; x_wconf 88' lang='grc' dir='ltr'>τὰς</span> <span class='ocrx_word' id='word_1_269' title='bbox 856 2491 1010 2538; x_wconf 79' lang='grc' dir='ltr'>συνήθεις</span> <span class='ocrx_word' id='word_1_270' title='bbox 1036 2495 1086 2545; x_wconf 83' lang='grc' dir='ltr'>τῷ</span> <span class='ocrx_word' id='word_1_271' title='bbox 1107 2493 1208 2546; x_wconf 85' lang='grc' dir='ltr'>δήμῳ</span> 
     </span>
     <span class='ocr_line' id='line_1_40' title="bbox 166 2550 1208 2603; baseline -0.001 -14"><span class='ocrx_word' id='word_1_272' title='bbox 166 2550 272 2601; x_wconf 85' lang='grc' dir='ltr'>νομὰς</span> <span class='ocrx_word' id='word_1_273' title='bbox 287 2551 343 2588; x_wconf 87' lang='grc' dir='ltr'>ἐπὶ</span> <span class='ocrx_word' id='word_1_274' title='bbox 360 2554 402 2603; x_wconf 85' lang='grc' dir='ltr'>τῇ</span> <span class='ocrx_word' id='word_1_275' title='bbox 420 2554 480 2597; x_wconf 87' lang='grc' dir='ltr'>τῆς</span> <span class='ocrx_word' id='word_1_276' title='bbox 496 2550 674 2602; x_wconf 86' lang='grc' dir='ltr'>βασιλείας</span> <span class='ocrx_word' id='word_1_277' title='bbox 691 2551 854 2603; x_wconf 76' lang='grc' dir='ltr'>διαδοχῇ,</span> <span class='ocrx_word' id='word_1_278' title='bbox 871 2550 1070 2602; x_wconf 82' lang='grc' dir='ltr'>φιλοτίμους</span> <span class='ocrx_word' id='word_1_279' title='bbox 1082 2566 1119 2588; x_wconf 92' lang='grc' dir='ltr'>τε</span> <span class='ocrx_word' id='word_1_280' title='bbox 1134 2554 1208 2589; x_wconf 80' lang='grc' dir='ltr'>ἐπι-</span> 
     </span>
     <span class='ocr_line' id='line_1_41' title="bbox 165 2608 1208 2660; baseline 0 -13"><span class='ocrx_word' id='word_1_281' title='bbox 165 2609 309 2653; x_wconf 85' lang='grc' dir='ltr'>τελέσας</span> <span class='ocrx_word' id='word_1_282' title='bbox 321 2608 412 2658; x_wconf 90' lang='grc' dir='ltr'>θέας,</span> <span class='ocrx_word' id='word_1_283' title='bbox 427 2608 512 2647; x_wconf 92' lang='grc' dir='ltr'>νεών</span> <span class='ocrx_word' id='word_1_284' title='bbox 525 2624 560 2646; x_wconf 92' lang='grc' dir='ltr'>τε</span> <span class='ocrx_word' id='word_1_285' title='bbox 576 2608 737 2660; x_wconf 90' lang='grc' dir='ltr'>μέγιστον</span> <span class='ocrx_word' id='word_1_286' title='bbox 752 2608 1029 2655; x_wconf 86' lang='grc' dir='ltr'>κατασκευάσας,</span> <span class='ocrx_word' id='word_1_287' title='bbox 1044 2609 1208 2648; x_wconf 80' lang='grc' dir='ltr'>ἑκάστοτε</span> 
     </span>
     <span class='ocr_line' id='line_1_42' title="bbox 168 2665 1210 2720; baseline 0.001 -16"><span class='ocrx_word' id='word_1_288' title='bbox 168 2665 298 2719; x_wconf 84' lang='grc' dir='ltr'>προϊὼν</span> <span class='ocrx_word' id='word_1_289' title='bbox 315 2666 512 2716; x_wconf 72' lang='grc' dir='ltr'>ἑκατόμὸας</span> <span class='ocrx_word' id='word_1_290' title='bbox 526 2666 613 2714; x_wconf 88' lang='grc' dir='ltr'>ἔθυε,</span> <span class='ocrx_word' id='word_1_291' title='bbox 627 2666 686 2704; x_wconf 71' lang='grc' dir='ltr'>καὶ</span> <span class='ocrx_word' id='word_1_292' title='bbox 701 2666 780 2718; x_wconf 76' lang='grc' dir='ltr'>περὶ</span> <span class='ocrx_word' id='word_1_293' title='bbox 797 2666 876 2710; x_wconf 79' lang='grc' dir='ltr'>τοὺς</span> <span class='ocrx_word' id='word_1_294' title='bbox 894 2666 1033 2718; x_wconf 79' lang='grc' dir='ltr'>βωμοὺς</span> <span class='ocrx_word' id='word_1_295' title='bbox 1050 2667 1210 2720; x_wconf 80' lang='grc' dir='ltr'>ἐχόρευεν</span> 
     </span>
     <span class='ocr_line' id='line_1_43' title="bbox 169 2724 1208 2777; baseline 0.002 -16"><span class='ocrx_word' id='word_1_296' title='bbox 169 2724 235 2762; x_wconf 77' lang='grc' dir='ltr'>ὑπὸ</span> <span class='ocrx_word' id='word_1_297' title='bbox 251 2725 486 2768; x_wconf 83' lang='grc' dir='ltr'>παντοδαποῖς</span> <span class='ocrx_word' id='word_1_298' title='bbox 502 2725 601 2776; x_wconf 86' lang='grc' dir='ltr'>ἤχοις</span> <span class='ocrx_word' id='word_1_299' title='bbox 619 2724 787 2777; x_wconf 85' lang='grc' dir='ltr'>ὀργάνων.</span> <span class='ocrx_word' id='word_1_300' title='bbox 806 2724 1048 2777; x_wconf 83' lang='grc' dir='ltr'>Περιειστήκει</span> <span class='ocrx_word' id='word_1_301' title='bbox 1063 2726 1098 2763; x_wconf 84' lang='grc' dir='ltr'>δὲ</span> <span class='ocrx_word' id='word_1_302' title='bbox 1112 2732 1208 2763; x_wconf 86' lang='grc' dir='ltr'>πᾶσα</span> 
     </span>
     <span class='ocr_line' id='line_1_44' title="bbox 167 2783 1207 2836; baseline 0.002 -16"><span class='ocrx_word' id='word_1_303' title='bbox 167 2785 189 2829; x_wconf 84' lang='grc' dir='ltr'>ἡ</span> <span class='ocrx_word' id='word_1_304' title='bbox 211 2783 402 2834; x_wconf 84' lang='grc' dir='ltr'>σύγκλητος</span> <span class='ocrx_word' id='word_1_305' title='bbox 427 2783 488 2821; x_wconf 79' lang='grc' dir='ltr'>καὶ</span> <span class='ocrx_word' id='word_1_306' title='bbox 519 2783 558 2821; x_wconf 81' lang='grc' dir='ltr'>τὸ</span> <span class='ocrx_word' id='word_1_307' title='bbox 585 2783 727 2821; x_wconf 83' lang='grc' dir='ltr'>ἱππικὸν</span> <span class='ocrx_word' id='word_1_308' title='bbox 748 2783 868 2833; x_wconf 85' lang='grc' dir='ltr'>τάγμα</span> <span class='ocrx_word' id='word_1_309' title='bbox 895 2784 930 2820; x_wconf 89' lang='grc' dir='ltr'>ἐν</span> <span class='ocrx_word' id='word_1_310' title='bbox 951 2783 1093 2836; x_wconf 86' lang='grc' dir='ltr'>θεάτρου</span> <span class='ocrx_word' id='word_1_311' title='bbox 1122 2784 1207 2836; x_wconf 88' lang='grc' dir='ltr'>σχή-</span> 
     </span>
     <span class='ocr_line' id='line_1_45' title="bbox 167 2839 1211 2893; baseline 0.002 -16"><span class='ocrx_word' id='word_1_312' title='bbox 167 2855 267 2890; x_wconf 86' lang='grc' dir='ltr'>ματι.</span> <span class='ocrx_word' id='word_1_313' title='bbox 287 2839 411 2888; x_wconf 73' lang='grc' dir='ltr'>“Όμως</span> <span class='ocrx_word' id='word_1_314' title='bbox 431 2839 485 2888; x_wconf 83' lang='grc' dir='ltr'>δὲ,</span> <span class='ocrx_word' id='word_1_315' title='bbox 504 2840 618 2879; x_wconf 86' lang='grc' dir='ltr'>καίτοι</span> <span class='ocrx_word' id='word_1_316' title='bbox 634 2840 789 2893; x_wconf 84' lang='grc' dir='ltr'>χορεύειν</span> <span class='ocrx_word' id='word_1_317' title='bbox 807 2841 861 2879; x_wconf 84' lang='grc' dir='ltr'>ἀεὶ</span> <span class='ocrx_word' id='word_1_318' title='bbox 878 2840 938 2879; x_wconf 82' lang='grc' dir='ltr'>καὶ</span> <span class='ocrx_word' id='word_1_319' title='bbox 954 2843 1141 2893; x_wconf 80' lang='grc' dir='ltr'>ἱερουργεῖν</span> <span class='ocrx_word' id='word_1_320' title='bbox 1155 2844 1211 2880; x_wconf 88' lang='grc' dir='ltr'>δο-</span> 
     </span>
     <span class='ocr_line' id='line_1_46' title="bbox 166 2898 1212 2948; baseline 0.001 -13"><span class='ocrx_word' id='word_1_321' title='bbox 166 2900 249 2943; x_wconf 89' lang='grc' dir='ltr'>κῶν,</span> <span class='ocrx_word' id='word_1_322' title='bbox 276 2898 457 2941; x_wconf 84' lang='grc' dir='ltr'>πλείστους</span> <span class='ocrx_word' id='word_1_323' title='bbox 488 2898 666 2936; x_wconf 85' lang='grc' dir='ltr'>ἀπέκτεινε</span> <span class='ocrx_word' id='word_1_324' title='bbox 692 2901 759 2936; x_wconf 88' lang='grc' dir='ltr'>τῶν</span> <span class='ocrx_word' id='word_1_325' title='bbox 780 2898 939 2948; x_wconf 76' lang='grc' dir='ltr'>ἐνδόξων,</span> <span class='ocrx_word' id='word_1_326' title='bbox 965 2898 1212 2946; x_wconf 74' lang='grc' dir='ltr'>διαὸληθέντας</span> 
     </span>
     <span class='ocr_line' id='line_1_47' title="bbox 167 2955 1209 3010; baseline 0.003 -17"><span class='ocrx_word' id='word_1_327' title='bbox 167 2957 262 3008; x_wconf 76' lang='grc' dir='ltr'>αὐτῷ</span> <span class='ocrx_word' id='word_1_328' title='bbox 284 2958 330 3000; x_wconf 82' lang='grc' dir='ltr'>ὡς</span> <span class='ocrx_word' id='word_1_329' title='bbox 363 2955 585 3000; x_wconf 87' lang='grc' dir='ltr'>σκώπτοντας</span> <span class='ocrx_word' id='word_1_330' title='bbox 605 2958 710 2995; x_wconf 77' lang='grc' dir='ltr'>αὐτοῦ</span> <span class='ocrx_word' id='word_1_331' title='bbox 730 2957 789 2996; x_wconf 82' lang='grc' dir='ltr'>τὸν</span> <span class='ocrx_word' id='word_1_332' title='bbox 818 2957 907 3010; x_wconf 91' lang='grc' dir='ltr'>βίον.</span> <span class='ocrx_word' id='word_1_333' title='bbox 931 2957 975 2996; x_wconf 92' lang='grc' dir='ltr'>Ὁ</span> <span class='ocrx_word' id='word_1_334' title='bbox 1007 2957 1106 3000; x_wconf 77' lang='grc' dir='ltr'>αὐτὸς</span> <span class='ocrx_word' id='word_1_335' title='bbox 1125 2957 1209 2996; x_wconf 87' lang='grc' dir='ltr'>νεὼν</span> 
     </span>
     <span class='ocr_line' id='line_1_48' title="bbox 168 3013 1212 3066; baseline 0.003 -16"><span class='ocrx_word' id='word_1_336' title='bbox 168 3013 327 3063; x_wconf 89' lang='grc' dir='ltr'>μέγιστον</span> <span class='ocrx_word' id='word_1_337' title='bbox 348 3016 382 3052; x_wconf 89' lang='grc' dir='ltr'>ἐν</span> <span class='ocrx_word' id='word_1_338' title='bbox 399 3015 449 3066; x_wconf 78' lang='grc' dir='ltr'>τῷ</span> <span class='ocrx_word' id='word_1_339' title='bbox 465 3014 663 3066; x_wconf 84' lang='grc' dir='ltr'>προαστείῳ</span> <span class='ocrx_word' id='word_1_340' title='bbox 680 3016 947 3058; x_wconf 87' lang='grc' dir='ltr'>κατασκευάσας</span> <span class='ocrx_word' id='word_1_341' title='bbox 965 3015 1043 3058; x_wconf 88' lang='grc' dir='ltr'>τούς</span> <span class='ocrx_word' id='word_1_342' title='bbox 1059 3030 1094 3053; x_wconf 91' lang='grc' dir='ltr'>τε</span> <span class='ocrx_word' id='word_1_343' title='bbox 1119 3014 1212 3058; x_wconf 79' lang='grc' dir='ltr'>θεοὺς</span> 
     </span>
     <span class='ocr_line' id='line_1_49' title="bbox 167 3071 1210 3124; baseline 0.003 -16"><span class='ocrx_word' id='word_1_344' title='bbox 167 3072 272 3109; x_wconf 81' lang='grc' dir='ltr'>αὐτοῦ</span> <span class='ocrx_word' id='word_1_345' title='bbox 297 3071 353 3109; x_wconf 85' lang='grc' dir='ltr'>ἐπὶ</span> <span class='ocrx_word' id='word_1_346' title='bbox 379 3071 509 3124; x_wconf 82' lang='grc' dir='ltr'>ἅρματι</span> <span class='ocrx_word' id='word_1_347' title='bbox 527 3074 647 3124; x_wconf 82' lang='grc' dir='ltr'>χρυσῷ</span> <span class='ocrx_word' id='word_1_348' title='bbox 667 3072 727 3110; x_wconf 79' lang='grc' dir='ltr'>καὶ</span> <span class='ocrx_word' id='word_1_349' title='bbox 745 3073 880 3116; x_wconf 84' lang='grc' dir='ltr'>λευκοῖς</span> <span class='ocrx_word' id='word_1_350' title='bbox 901 3073 1075 3124; x_wconf 82' lang='grc' dir='ltr'>ἑξαζύγοις</span> <span class='ocrx_word' id='word_1_351' title='bbox 1093 3071 1210 3116; x_wconf 79' lang='grc' dir='ltr'>ἵπποις</span> 
     </span>
     <span class='ocr_line' id='line_1_50' title="bbox 168 3129 1212 3183; baseline 0.004 -16"><span class='ocrx_word' id='word_1_352' title='bbox 168 3129 409 3177; x_wconf 68' lang='grc' dir='ltr'>ἀναδιδάσας,</span> <span class='ocrx_word' id='word_1_353' title='bbox 428 3130 530 3173; x_wconf 84' lang='grc' dir='ltr'>αὐτός</span> <span class='ocrx_word' id='word_1_354' title='bbox 549 3146 585 3168; x_wconf 90' lang='grc' dir='ltr'>τε</span> <span class='ocrx_word' id='word_1_355' title='bbox 603 3130 754 3182; x_wconf 84' lang='grc' dir='ltr'>ἡνιόχει,</span> <span class='ocrx_word' id='word_1_356' title='bbox 771 3130 831 3169; x_wconf 75' lang='grc' dir='ltr'>καὶ</span> <span class='ocrx_word' id='word_1_357' title='bbox 848 3131 974 3176; x_wconf 90' lang='grc' dir='ltr'>πάντες</span> <span class='ocrx_word' id='word_1_358' title='bbox 990 3134 1020 3171; x_wconf 77' lang='grc' dir='ltr'>οἱ</span> <span class='ocrx_word' id='word_1_359' title='bbox 1041 3132 1212 3183; x_wconf 86' lang='grc' dir='ltr'>Ῥωμαῖοι</span> 
     </span>
     <span class='ocr_line' id='line_1_51' title="bbox 168 3187 1210 3242; baseline 0.004 -17"><span class='ocrx_word' id='word_1_360' title='bbox 168 3187 259 3237; x_wconf 80' lang='grc' dir='ltr'>μετὰ</span> <span class='ocrx_word' id='word_1_361' title='bbox 272 3189 497 3236; x_wconf 80' lang='grc' dir='ltr'>παντοδαπῆς</span> <span class='ocrx_word' id='word_1_362' title='bbox 511 3188 697 3241; x_wconf 76' lang='grc' dir='ltr'>δᾳδουχίας</span> <span class='ocrx_word' id='word_1_363' title='bbox 713 3189 773 3227; x_wconf 82' lang='grc' dir='ltr'>καὶ</span> <span class='ocrx_word' id='word_1_364' title='bbox 790 3189 918 3228; x_wconf 79' lang='grc' dir='ltr'>ἀνθέων</span> <span class='ocrx_word' id='word_1_365' title='bbox 933 3190 1210 3242; x_wconf 79' lang='grc' dir='ltr'>προεπόμπευον.</span> 
     </span>
    </p>
   </div>
   <div class='ocr_carea' id='block_1_5' title="bbox 951 203 1503 244">
    <p class='ocr_par' dir='ltr' id='par_1_6' title="bbox 951 203 1503 244">
     <span class='ocr_line' id='line_1_52' title="bbox 951 203 1503 244; baseline -0.004 -2"><span class='ocrx_word' id='word_1_366' title='bbox 951 203 1163 243; x_wconf 83' lang='lat' dir='ltr'><strong>soANle</strong></span> <span class='ocrx_word' id='word_1_367' title='bbox 1192 203 1503 244; x_wconf 83' lang='lat' dir='ltr'>ANTIOCHENI</span> 
     </span>
    </p>
   </div>
   <div class='ocr_carea' id='block_1_6' title="bbox 1265 288 2307 850">
    <p class='ocr_par' dir='ltr' id='par_1_7' title="bbox 1265 288 2307 850">
     <span class='ocr_line' id='line_1_53' title="bbox 1266 288 2303 342; baseline 0.001 -14"><span class='ocrx_word' id='word_1_368' title='bbox 1266 288 1332 333; x_wconf 85' lang='grc' dir='ltr'>Ὡς</span> <span class='ocrx_word' id='word_1_369' title='bbox 1351 289 1386 327; x_wconf 83' lang='grc' dir='ltr'>δὲ</span> <span class='ocrx_word' id='word_1_370' title='bbox 1404 291 1439 328; x_wconf 88' lang='grc' dir='ltr'>ἐν</span> <span class='ocrx_word' id='word_1_371' title='bbox 1457 291 1507 342; x_wconf 82' lang='grc' dir='ltr'>τῷ</span> <span class='ocrx_word' id='word_1_372' title='bbox 1522 290 1594 341; x_wconf 83' lang='grc' dir='ltr'>ναῷ</span> <span class='ocrx_word' id='word_1_373' title='bbox 1613 289 1839 341; x_wconf 81' lang='grc' dir='ltr'>ἱδρύσθησαν,</span> <span class='ocrx_word' id='word_1_374' title='bbox 1859 289 1989 334; x_wconf 70' lang='grc' dir='ltr'>ἀναὸὰς</span> <span class='ocrx_word' id='word_1_375' title='bbox 2005 291 2022 328; x_wconf 90' lang='lat'>6</span> <span class='ocrx_word' id='word_1_376' title='bbox 2039 289 2234 334; x_wconf 85' lang='grc' dir='ltr'>Ἀντωνῖνος</span> <span class='ocrx_word' id='word_1_377' title='bbox 2247 291 2303 329; x_wconf 76' lang='grc' dir='ltr'>ἐπὶ</span> 
     </span>
     <span class='ocr_line' id='line_1_54' title="bbox 1267 347 2306 400; baseline 0.002 -15"><span class='ocrx_word' id='word_1_378' title='bbox 1267 347 1395 399; x_wconf 87' lang='grc' dir='ltr'>πύργον</span> <span class='ocrx_word' id='word_1_379' title='bbox 1415 347 1568 399; x_wconf 82' lang='grc' dir='ltr'>ἐρρίπτει</span> <span class='ocrx_word' id='word_1_380' title='bbox 1594 353 1662 390; x_wconf 87' lang='grc' dir='ltr'>τοῖς</span> <span class='ocrx_word' id='word_1_381' title='bbox 1682 347 1798 398; x_wconf 85' lang='grc' dir='ltr'>ὄχλοις</span> <span class='ocrx_word' id='word_1_382' title='bbox 1817 347 2009 396; x_wconf 87' lang='grc' dir='ltr'>ἐκπώματα</span> <span class='ocrx_word' id='word_1_383' title='bbox 2029 355 2142 400; x_wconf 83' lang='grc' dir='ltr'>χρυσᾶ</span> <span class='ocrx_word' id='word_1_384' title='bbox 2162 349 2222 387; x_wconf 87' lang='grc' dir='ltr'>καὶ</span> <span class='ocrx_word' id='word_1_385' title='bbox 2242 351 2306 400; x_wconf 83' lang='grc' dir='ltr'>ἀρ·</span> 
     </span>
     <span class='ocr_line' id='line_1_55' title="bbox 1265 405 2304 458; baseline 0.001 -15"><span class='ocrx_word' id='word_1_386' title='bbox 1265 411 1353 458; x_wconf 85' lang='grc' dir='ltr'>γυρᾶ</span> <span class='ocrx_word' id='word_1_387' title='bbox 1371 405 1516 452; x_wconf 83' lang='grc' dir='ltr'>ἐσθῆτάς</span> <span class='ocrx_word' id='word_1_388' title='bbox 1532 420 1568 443; x_wconf 88' lang='grc' dir='ltr'>τε</span> <span class='ocrx_word' id='word_1_389' title='bbox 1582 405 1641 444; x_wconf 82' lang='grc' dir='ltr'>καὶ</span> <span class='ocrx_word' id='word_1_390' title='bbox 1658 405 1777 448; x_wconf 82' lang='grc' dir='ltr'>ὀθόνας</span> <span class='ocrx_word' id='word_1_391' title='bbox 1791 406 2032 453; x_wconf 78' lang='grc' dir='ltr'>παντοδαπὰς,</span> <span class='ocrx_word' id='word_1_392' title='bbox 2051 406 2123 452; x_wconf 87' lang='grc' dir='ltr'>ζῶά</span> <span class='ocrx_word' id='word_1_393' title='bbox 2136 422 2172 444; x_wconf 92' lang='grc' dir='ltr'>τε</span> <span class='ocrx_word' id='word_1_394' title='bbox 2189 406 2304 446; x_wconf 87' lang='grc' dir='ltr'>πάντα</span> 
     </span>
     <span class='ocr_line' id='line_1_56' title="bbox 1266 462 2304 518; baseline 0.003 -18"><span class='ocrx_word' id='word_1_395' title='bbox 1266 463 1331 502; x_wconf 80' lang='grc' dir='ltr'>ὅσα</span> <span class='ocrx_word' id='word_1_396' title='bbox 1346 463 1480 515; x_wconf 79' lang='grc' dir='ltr'>ἥμερα,</span> <span class='ocrx_word' id='word_1_397' title='bbox 1499 463 1590 509; x_wconf 88' lang='grc' dir='ltr'>πλὴν</span> <span class='ocrx_word' id='word_1_398' title='bbox 1604 462 1731 515; x_wconf 84' lang='grc' dir='ltr'>χοίρων</span> <span class='ocrx_word' id='word_1_399' title='bbox 1747 479 1755 487; x_wconf 92' lang='grc'><em>·</em></span> <span class='ocrx_word' id='word_1_400' title='bbox 1776 464 1897 502; x_wconf 80' lang='grc' dir='ltr'>πολλοὶ</span> <span class='ocrx_word' id='word_1_401' title='bbox 1919 464 1954 503; x_wconf 79' lang='grc' dir='ltr'>δὲ</span> <span class='ocrx_word' id='word_1_402' title='bbox 1969 465 2028 503; x_wconf 75' lang='grc' dir='ltr'>καὶ</span> <span class='ocrx_word' id='word_1_403' title='bbox 2044 466 2078 503; x_wconf 82' lang='grc' dir='ltr'>ἐν</span> <span class='ocrx_word' id='word_1_404' title='bbox 2101 467 2175 509; x_wconf 89' lang='grc' dir='ltr'>ταῖς</span> <span class='ocrx_word' id='word_1_405' title='bbox 2189 466 2304 518; x_wconf 83' lang='grc' dir='ltr'>ἅρπα-</span> 
     </span>
     <span class='ocr_line' id='line_1_57' title="bbox 1265 519 2304 575; baseline 0.003 -16"><span class='ocrx_word' id='word_1_406' title='bbox 1265 522 1341 573; x_wconf 90' lang='grc' dir='ltr'>γαῖς</span> <span class='ocrx_word' id='word_1_407' title='bbox 1358 520 1597 574; x_wconf 71' lang='grc' dir='ltr'>διεφθείροντο.</span> <span class='ocrx_word' id='word_1_408' title='bbox 1621 521 1732 565; x_wconf 79' lang='grc' dir='ltr'>Αὐτὸς</span> <span class='ocrx_word' id='word_1_409' title='bbox 1746 519 1782 559; x_wconf 84' lang='grc' dir='ltr'>δὲ</span> <span class='ocrx_word' id='word_1_410' title='bbox 1802 524 1934 575; x_wconf 81' lang='grc' dir='ltr'>ἑωρᾶτο</span> <span class='ocrx_word' id='word_1_411' title='bbox 1952 523 2119 567; x_wconf 88' lang='grc' dir='ltr'>πολλάκις</span> <span class='ocrx_word' id='word_1_412' title='bbox 2137 523 2304 575; x_wconf 84' lang='grc' dir='ltr'>ὀρχούμε-</span> 
     </span>
     <span class='ocr_line' id='line_1_58' title="bbox 1266 580 2307 634; baseline 0.003 -17"><span class='ocrx_word' id='word_1_413' title='bbox 1266 595 1338 626; x_wconf 87' lang='grc' dir='ltr'>νος,</span> <span class='ocrx_word' id='word_1_414' title='bbox 1353 581 1514 631; x_wconf 76' lang='grc' dir='ltr'>ἡνιοχῶν,</span> <span class='ocrx_word' id='word_1_415' title='bbox 1533 581 1657 630; x_wconf 81' lang='grc' dir='ltr'>προῄει</span> <span class='ocrx_word' id='word_1_416' title='bbox 1670 595 1707 616; x_wconf 91' lang='grc' dir='ltr'>τε</span> <span class='ocrx_word' id='word_1_417' title='bbox 1724 580 2004 633; x_wconf 78' lang='grc' dir='ltr'>ὑπογραφόμενος</span> <span class='ocrx_word' id='word_1_418' title='bbox 2017 580 2093 625; x_wconf 81' lang='grc' dir='ltr'>τοὺς</span> <span class='ocrx_word' id='word_1_419' title='bbox 2111 580 2307 634; x_wconf 72' lang='grc' dir='ltr'>ὀφθαλμοὺς</span> 
     </span>
     <span class='ocr_line' id='line_1_59' title="bbox 1268 635 2306 692; baseline 0.004 -19"><span class='ocrx_word' id='word_1_420' title='bbox 1268 637 1328 674; x_wconf 77' lang='grc' dir='ltr'>καὶ</span> <span class='ocrx_word' id='word_1_421' title='bbox 1343 635 1405 680; x_wconf 86' lang='grc' dir='ltr'>τὰς</span> <span class='ocrx_word' id='word_1_422' title='bbox 1423 635 1567 688; x_wconf 83' lang='grc' dir='ltr'>παρειὰς</span> <span class='ocrx_word' id='word_1_423' title='bbox 1587 635 1785 688; x_wconf 85' lang='grc' dir='ltr'>ἐρυθαίνων,</span> <span class='ocrx_word' id='word_1_424' title='bbox 1807 637 1907 690; x_wconf 87' lang='grc' dir='ltr'>φύσει</span> <span class='ocrx_word' id='word_1_425' title='bbox 1923 654 1960 676; x_wconf 90' lang='grc' dir='ltr'>τε</span> <span class='ocrx_word' id='word_1_426' title='bbox 1976 638 2161 690; x_wconf 88' lang='grc' dir='ltr'>πρόσωπον</span> <span class='ocrx_word' id='word_1_427' title='bbox 2178 641 2306 692; x_wconf 84' lang='grc' dir='ltr'>ὡραῖον</span> 
     </span>
     <span class='ocr_line' id='line_1_60' title="bbox 1267 694 2306 747; baseline 0.005 -16"><span class='ocrx_word' id='word_1_428' title='bbox 1267 694 1413 745; x_wconf 69' lang='grc' dir='ltr'>ὖὸρίζων</span> <span class='ocrx_word' id='word_1_429' title='bbox 1428 694 1554 746; x_wconf 80' lang='grc' dir='ltr'>βαφαῖς</span> <span class='ocrx_word' id='word_1_430' title='bbox 1571 694 1783 745; x_wconf 87' lang='grc' dir='ltr'>ἀσχήμοσιν.</span> <span class='ocrx_word' id='word_1_431' title='bbox 1800 694 1944 747; x_wconf 56' lang='lat' dir='ltr'>‘opem</span> <span class='ocrx_word' id='word_1_432' title='bbox 1957 695 1994 735; x_wconf 82' lang='grc' dir='ltr'>δὲ</span> <span class='ocrx_word' id='word_1_433' title='bbox 2006 701 2117 735; x_wconf 81' lang='grc' dir='ltr'>ταῦτα</span> <span class='ocrx_word' id='word_1_434' title='bbox 2132 701 2155 744; x_wconf 88' lang='grc' dir='ltr'>ἡ</span> <span class='ocrx_word' id='word_1_435' title='bbox 2169 697 2306 746; x_wconf 77' lang='grc' dir='ltr'>Μαισὰ,</span> 
     </span>
     <span class='ocr_line' id='line_1_61' title="bbox 1270 751 2307 807; baseline 0.006 -18"><span class='ocrx_word' id='word_1_436' title='bbox 1270 751 1512 790; x_wconf 81' lang='grc' dir='ltr'>ὕποπτεύουσά</span> <span class='ocrx_word' id='word_1_437' title='bbox 1525 767 1561 790; x_wconf 88' lang='grc' dir='ltr'>τε</span> <span class='ocrx_word' id='word_1_438' title='bbox 1582 752 1659 796; x_wconf 76' lang='grc' dir='ltr'>τοὺς</span> <span class='ocrx_word' id='word_1_439' title='bbox 1678 752 1892 805; x_wconf 89' lang='grc' dir='ltr'>στρατιώτας</span> <span class='ocrx_word' id='word_1_440' title='bbox 1909 753 2182 807; x_wconf 88' lang='grc' dir='ltr'>ἀπαρέσκεσθαι,</span> <span class='ocrx_word' id='word_1_441' title='bbox 2197 756 2307 795; x_wconf 84' lang='grc' dir='ltr'>πείθει</span> 
     </span>
     <span class='ocr_line' id='line_1_62' title="bbox 1269 809 1615 850; baseline 0.003 -2"><span class='ocrx_word' id='word_1_442' title='bbox 1269 810 1371 849; x_wconf 80' lang='grc' dir='ltr'>αὐτὸν</span> <span class='ocrx_word' id='word_1_443' title='bbox 1392 809 1508 848; x_wconf 87' lang='grc' dir='ltr'>θέσθαι</span> <span class='ocrx_word' id='word_1_444' title='bbox 1530 809 1615 850; x_wconf 81' lang='grc' dir='ltr'>υἱόν.</span> 
     </span>
    </p>
   </div>
   <div class='ocr_carea' id='block_1_7' title="bbox 1749 871 1833 908">
    <p class='ocr_par' dir='ltr' id='par_1_8' title="bbox 1749 871 1833 908">
     <span class='ocr_line' id='line_1_63' title="bbox 1749 871 1833 908; baseline 0.024 -2"><span class='ocrx_word' id='word_1_445' title='bbox 1749 871 1833 908; x_wconf 88' lang='lat'>138.</span> 
     </span>
    </p>
   </div>
   <div class='ocr_carea' id='block_1_8' title="bbox 1268 939 2312 2041">
    <p class='ocr_par' dir='ltr' id='par_1_9' title="bbox 1268 939 2312 2041">
     <span class='ocr_line' id='line_1_64' title="bbox 1321 939 2310 993; baseline 0.005 -15"><span class='ocrx_word' id='word_1_446' title='bbox 1321 942 1420 980; x_wconf 85' lang='lat' dir='ltr'><strong>Ibid.</strong></span> <span class='ocrx_word' id='word_1_447' title='bbox 1445 955 1485 991; x_wconf 90' lang='lat' dir='ltr'>p.</span> <span class='ocrx_word' id='word_1_448' title='bbox 1514 941 1590 990; x_wconf 85' lang='lat'>829</span> <span class='ocrx_word' id='word_1_449' title='bbox 1625 954 1634 980; x_wconf 89' lang='lat'><strong>:</strong></span> <span class='ocrx_word' id='word_1_450' title='bbox 1662 939 1748 980; x_wconf 71' lang='lat' dir='ltr'>“Ou</span> <span class='ocrx_word' id='word_1_451' title='bbox 1775 943 1796 988; x_wconf 87' lang='grc' dir='ltr'>ἡ</span> <span class='ocrx_word' id='word_1_452' title='bbox 1826 943 1981 993; x_wconf 88' lang='grc' dir='ltr'>Μαμαία</span> <span class='ocrx_word' id='word_1_453' title='bbox 2013 943 2071 982; x_wconf 84' lang='grc' dir='ltr'>τὸν</span> <span class='ocrx_word' id='word_1_454' title='bbox 2101 943 2172 982; x_wconf 80' lang='grc' dir='ltr'>υἱὸν</span> <span class='ocrx_word' id='word_1_455' title='bbox 2202 945 2310 993; x_wconf 75' lang='grc' dir='ltr'>αὐτῆς</span> 
     </span>
     <span class='ocr_line' id='line_1_65' title="bbox 1268 997 2310 1055; baseline 0.002 -16"><span class='ocrx_word' id='word_1_456' title='bbox 1268 998 1487 1051; x_wconf 83' lang='grc' dir='ltr'>Ἀλέξανδρον</span> <span class='ocrx_word' id='word_1_457' title='bbox 1508 1001 1621 1049; x_wconf 81' lang='grc' dir='ltr'>ἀπῆγε</span> <span class='ocrx_word' id='word_1_458' title='bbox 1642 997 1704 1049; x_wconf 81' lang='grc' dir='ltr'>μὲν</span> <span class='ocrx_word' id='word_1_459' title='bbox 1720 1001 1788 1037; x_wconf 90' lang='grc' dir='ltr'>τῶν</span> <span class='ocrx_word' id='word_1_460' title='bbox 1805 1001 1958 1053; x_wconf 78' lang='grc' dir='ltr'>αἰσχρῶν</span> <span class='ocrx_word' id='word_1_461' title='bbox 1978 1001 2038 1040; x_wconf 82' lang='grc' dir='ltr'>καὶ</span> <span class='ocrx_word' id='word_1_462' title='bbox 2055 1003 2217 1055; x_wconf 83' lang='grc' dir='ltr'>ἀπρεπῶν</span> <span class='ocrx_word' id='word_1_463' title='bbox 2239 1004 2310 1047; x_wconf 87' lang='grc' dir='ltr'>τοῖς</span> 
     </span>
     <span class='ocr_line' id='line_1_66' title="bbox 1270 1055 2309 1110; baseline 0.003 -15"><span class='ocrx_word' id='word_1_464' title='bbox 1270 1055 1510 1110; x_wconf 80' lang='grc' dir='ltr'>βασιλευσιν”</span> <span class='ocrx_word' id='word_1_465' title='bbox 1491 1072 1612 1109; x_wconf 92' lang='grc' dir='ltr'>εργων,</span> <span class='ocrx_word' id='word_1_466' title='bbox 1633 1057 1861 1102; x_wconf 86' lang='grc' dir='ltr'>διδασκάλους</span> <span class='ocrx_word' id='word_1_467' title='bbox 1879 1074 1916 1097; x_wconf 93' lang='grc' dir='ltr'>τε</span> <span class='ocrx_word' id='word_1_468' title='bbox 1935 1059 2050 1106; x_wconf 86' lang='grc' dir='ltr'>πάσης</span> <span class='ocrx_word' id='word_1_469' title='bbox 2068 1061 2226 1104; x_wconf 83' lang='grc' dir='ltr'>παιδείας</span> <span class='ocrx_word' id='word_1_470' title='bbox 2240 1060 2309 1098; x_wconf 84' lang='grc' dir='ltr'>λά-</span> 
     </span>
     <span class='ocr_line' id='line_1_67' title="bbox 1268 1115 2308 1173; baseline 0.004 -18"><span class='ocrx_word' id='word_1_471' title='bbox 1268 1120 1331 1169; x_wconf 89' lang='grc' dir='ltr'>θρα</span> <span class='ocrx_word' id='word_1_472' title='bbox 1369 1115 1627 1167; x_wconf 86' lang='grc' dir='ltr'>μετεπέμπετο,</span> <span class='ocrx_word' id='word_1_473' title='bbox 1661 1115 1892 1167; x_wconf 88' lang='grc' dir='ltr'>παλαίστραις</span> <span class='ocrx_word' id='word_1_474' title='bbox 1922 1133 1959 1156; x_wconf 88' lang='grc' dir='ltr'>τε</span> <span class='ocrx_word' id='word_1_475' title='bbox 1989 1118 2049 1156; x_wconf 86' lang='grc' dir='ltr'>καὶ</span> <span class='ocrx_word' id='word_1_476' title='bbox 2077 1121 2146 1163; x_wconf 86' lang='grc' dir='ltr'>τοῖς</span> <span class='ocrx_word' id='word_1_477' title='bbox 2175 1121 2308 1173; x_wconf 83' lang='grc' dir='ltr'>ἀνδρῶν</span> 
     </span>
     <span class='ocr_line' id='line_1_68' title="bbox 1269 1175 2310 1230; baseline 0.005 -18"><span class='ocrx_word' id='word_1_478' title='bbox 1269 1175 1471 1226; x_wconf 87' lang='grc' dir='ltr'>γυμνασίοις</span> <span class='ocrx_word' id='word_1_479' title='bbox 1493 1175 1682 1227; x_wconf 86' lang='grc' dir='ltr'>[εἴθιζεν].</span> <span class='ocrx_word' id='word_1_480' title='bbox 1697 1175 1780 1227; x_wconf 72' lang='grc' dir='ltr'>’Ἐφ’</span> <span class='ocrx_word' id='word_1_481' title='bbox 1800 1179 1849 1219; x_wconf 83' lang='grc' dir='ltr'>οἱς</span> <span class='ocrx_word' id='word_1_482' title='bbox 1865 1175 2061 1221; x_wconf 82' lang='grc' dir='ltr'>Ἀντωνῖνος</span> <span class='ocrx_word' id='word_1_483' title='bbox 2072 1177 2231 1230; x_wconf 84' lang='grc' dir='ltr'>ἤσχαλλε</span> <span class='ocrx_word' id='word_1_484' title='bbox 2249 1178 2310 1217; x_wconf 77' lang='grc' dir='ltr'>καὶ</span> 
     </span>
     <span class='ocr_line' id='line_1_69' title="bbox 1271 1232 2309 1285; baseline 0.003 -14"><span class='ocrx_word' id='word_1_485' title='bbox 1271 1232 1547 1285; x_wconf 87' lang='grc' dir='ltr'>μετεγίγνωσκε,</span> <span class='ocrx_word' id='word_1_486' title='bbox 1569 1232 1646 1277; x_wconf 89' lang='grc' dir='ltr'>τούς</span> <span class='ocrx_word' id='word_1_487' title='bbox 1665 1248 1703 1271; x_wconf 90' lang='grc' dir='ltr'>τε</span> <span class='ocrx_word' id='word_1_488' title='bbox 1723 1233 1948 1278; x_wconf 86' lang='grc' dir='ltr'>διδασκάλους</span> <span class='ocrx_word' id='word_1_489' title='bbox 1973 1234 2150 1274; x_wconf 70' lang='grc' dir='ltr'>ἀπεσόὸει.</span> <span class='ocrx_word' id='word_1_490' title='bbox 2166 1234 2230 1280; x_wconf 62' lang='lat' dir='ltr'>&#39;Ec</span> <span class='ocrx_word' id='word_1_491' title='bbox 2250 1251 2309 1274; x_wconf 89' lang='grc' dir='ltr'>το-</span> 
     </span>
     <span class='ocr_line' id='line_1_70' title="bbox 1269 1290 2311 1341; baseline 0.004 -13"><span class='ocrx_word' id='word_1_492' title='bbox 1269 1294 1391 1329; x_wconf 74' lang='grc' dir='ltr'>σοῦτον</span> <span class='ocrx_word' id='word_1_493' title='bbox 1405 1290 1440 1329; x_wconf 82' lang='grc' dir='ltr'>δὲ</span> <span class='ocrx_word' id='word_1_494' title='bbox 1455 1290 1646 1340; x_wconf 80' lang='grc' dir='ltr'>ἐξώκειλεν,</span> <span class='ocrx_word' id='word_1_495' title='bbox 1665 1293 1710 1334; x_wconf 83' lang='grc' dir='ltr'>ὣς</span> <span class='ocrx_word' id='word_1_496' title='bbox 1725 1290 1765 1329; x_wconf 76' lang='grc' dir='ltr'>ἂν</span> <span class='ocrx_word' id='word_1_497' title='bbox 1778 1291 1910 1335; x_wconf 87' lang='grc' dir='ltr'>πάντας</span> <span class='ocrx_word' id='word_1_498' title='bbox 1926 1291 2003 1336; x_wconf 81' lang='grc' dir='ltr'>τοὺς</span> <span class='ocrx_word' id='word_1_499' title='bbox 2019 1292 2088 1331; x_wconf 86' lang='grc' dir='ltr'>ἀπὸ</span> <span class='ocrx_word' id='word_1_500' title='bbox 2104 1296 2165 1340; x_wconf 86' lang='grc' dir='ltr'>τῆς</span> <span class='ocrx_word' id='word_1_501' title='bbox 2182 1297 2311 1341; x_wconf 85' lang='grc' dir='ltr'>σκηνῆς</span> 
     </span>
     <span class='ocr_line' id='line_1_71' title="bbox 1269 1349 2311 1402; baseline 0.003 -16"><span class='ocrx_word' id='word_1_502' title='bbox 1269 1349 1328 1386; x_wconf 74' lang='grc' dir='ltr'>καὶ</span> <span class='ocrx_word' id='word_1_503' title='bbox 1347 1351 1414 1387; x_wconf 91' lang='grc' dir='ltr'>τῶν</span> <span class='ocrx_word' id='word_1_504' title='bbox 1439 1349 1616 1400; x_wconf 87' lang='grc' dir='ltr'>δημοσίων</span> <span class='ocrx_word' id='word_1_505' title='bbox 1635 1349 1786 1402; x_wconf 89' lang='grc' dir='ltr'>θεάτρων</span> <span class='ocrx_word' id='word_1_506' title='bbox 1816 1355 2024 1401; x_wconf 83' lang='grc' dir='ltr'>μεταγαγεῖν</span> <span class='ocrx_word' id='word_1_507' title='bbox 2047 1350 2104 1389; x_wconf 82' lang='grc' dir='ltr'>ἐπὶ</span> <span class='ocrx_word' id='word_1_508' title='bbox 2130 1350 2192 1394; x_wconf 80' lang='grc' dir='ltr'>τὰς</span> <span class='ocrx_word' id='word_1_509' title='bbox 2211 1351 2311 1401; x_wconf 80' lang='grc' dir='ltr'>μεγί-</span> 
     </span>
     <span class='ocr_line' id='line_1_72' title="bbox 1272 1405 2311 1459; baseline 0.001 -15"><span class='ocrx_word' id='word_1_510' title='bbox 1272 1421 1355 1449; x_wconf 87' lang='grc' dir='ltr'>στας</span> <span class='ocrx_word' id='word_1_511' title='bbox 1373 1405 1494 1458; x_wconf 87' lang='grc' dir='ltr'>ἀρχὰς,</span> <span class='ocrx_word' id='word_1_512' title='bbox 1510 1407 1570 1445; x_wconf 81' lang='grc' dir='ltr'>καὶ</span> <span class='ocrx_word' id='word_1_513' title='bbox 1583 1409 1653 1450; x_wconf 89' lang='grc' dir='ltr'>τοῖς</span> <span class='ocrx_word' id='word_1_514' title='bbox 1668 1407 1729 1456; x_wconf 84' lang='grc' dir='ltr'>μὲν</span> <span class='ocrx_word' id='word_1_515' title='bbox 1744 1406 1986 1458; x_wconf 89' lang='grc' dir='ltr'>στρατοπέδοις</span> <span class='ocrx_word' id='word_1_516' title='bbox 2003 1406 2154 1459; x_wconf 85' lang='grc' dir='ltr'>ἔπαρχον</span> <span class='ocrx_word' id='word_1_517' title='bbox 2167 1409 2311 1454; x_wconf 82' lang='grc' dir='ltr'>ἐπιστῆ-</span> 
     </span>
     <span class='ocr_line' id='line_1_73' title="bbox 1273 1463 2311 1516; baseline 0.003 -15"><span class='ocrx_word' id='word_1_518' title='bbox 1273 1479 1331 1501; x_wconf 91' lang='grc' dir='ltr'>σαι</span> <span class='ocrx_word' id='word_1_519' title='bbox 1351 1464 1528 1516; x_wconf 81' lang='grc' dir='ltr'>ὀρχηστήν</span> <span class='ocrx_word' id='word_1_520' title='bbox 1551 1480 1627 1503; x_wconf 89' lang='grc' dir='ltr'>τινα</span> <span class='ocrx_word' id='word_1_521' title='bbox 1646 1464 1830 1515; x_wconf 87' lang='grc' dir='ltr'>γεγονότα,</span> <span class='ocrx_word' id='word_1_522' title='bbox 1849 1467 1909 1511; x_wconf 88' lang='grc' dir='ltr'>τῆς</span> <span class='ocrx_word' id='word_1_523' title='bbox 1923 1480 1961 1502; x_wconf 88' lang='grc' dir='ltr'>τε</span> <span class='ocrx_word' id='word_1_524' title='bbox 1978 1467 2046 1502; x_wconf 88' lang='grc' dir='ltr'>τῶν</span> <span class='ocrx_word' id='word_1_525' title='bbox 2065 1463 2200 1503; x_wconf 80' lang='grc' dir='ltr'>ἱππέων</span> <span class='ocrx_word' id='word_1_526' title='bbox 2222 1467 2311 1504; x_wconf 84' lang='grc' dir='ltr'>ὓπο-</span> 
     </span>
     <span class='ocr_line' id='line_1_74' title="bbox 1270 1521 2312 1575; baseline 0.002 -16"><span class='ocrx_word' id='word_1_527' title='bbox 1270 1521 1423 1565; x_wconf 90' lang='grc' dir='ltr'>στάσεως</span> <span class='ocrx_word' id='word_1_528' title='bbox 1442 1521 1654 1575; x_wconf 87' lang='grc' dir='ltr'>προέστησεν</span> <span class='ocrx_word' id='word_1_529' title='bbox 1668 1523 1820 1574; x_wconf 89' lang='grc' dir='ltr'>ἡνίοχον.</span> <span class='ocrx_word' id='word_1_530' title='bbox 1837 1524 1919 1566; x_wconf 81' lang='grc' dir='ltr'>Τοῖς</span> <span class='ocrx_word' id='word_1_531' title='bbox 1937 1538 1974 1560; x_wconf 89' lang='grc' dir='ltr'>τε</span> <span class='ocrx_word' id='word_1_532' title='bbox 1988 1521 2118 1566; x_wconf 85' lang='grc' dir='ltr'>δούλοις</span> <span class='ocrx_word' id='word_1_533' title='bbox 2133 1524 2236 1562; x_wconf 77' lang='grc' dir='ltr'>αὐτοῦ</span> <span class='ocrx_word' id='word_1_534' title='bbox 2251 1523 2312 1561; x_wconf 81' lang='grc' dir='ltr'>καὶ</span> 
     </span>
     <span class='ocr_line' id='line_1_75' title="bbox 1271 1579 2311 1634; baseline 0.002 -17"><span class='ocrx_word' id='word_1_535' title='bbox 1271 1580 1508 1633; x_wconf 86' lang='grc' dir='ltr'>ἀπελευθέροις</span> <span class='ocrx_word' id='word_1_536' title='bbox 1525 1579 1586 1623; x_wconf 80' lang='grc' dir='ltr'>τὰς</span> <span class='ocrx_word' id='word_1_537' title='bbox 1605 1582 1672 1618; x_wconf 90' lang='grc' dir='ltr'>τῶν</span> <span class='ocrx_word' id='word_1_538' title='bbox 1690 1581 1863 1631; x_wconf 86' lang='grc' dir='ltr'>μεγίστων</span> <span class='ocrx_word' id='word_1_539' title='bbox 1879 1581 1983 1618; x_wconf 83' lang='grc' dir='ltr'>ἐθνῶν</span> <span class='ocrx_word' id='word_1_540' title='bbox 2010 1580 2163 1625; x_wconf 81' lang='grc' dir='ltr'>ἐξουσίας</span> <span class='ocrx_word' id='word_1_541' title='bbox 2182 1581 2311 1634; x_wconf 87' lang='grc' dir='ltr'>ἐνεχεί-</span> 
     </span>
     <span class='ocr_line' id='line_1_76' title="bbox 1272 1638 2310 1691; baseline 0.002 -15"><span class='ocrx_word' id='word_1_542' title='bbox 1272 1641 1354 1691; x_wconf 87' lang='grc' dir='ltr'>ριζε.</span> <span class='ocrx_word' id='word_1_543' title='bbox 1382 1638 1530 1677; x_wconf 87' lang='grc' dir='ltr'>Πάντων</span> <span class='ocrx_word' id='word_1_544' title='bbox 1555 1638 1591 1676; x_wconf 77' lang='grc' dir='ltr'>δὲ</span> <span class='ocrx_word' id='word_1_545' title='bbox 1611 1638 1718 1683; x_wconf 75' lang='grc' dir='ltr'>οὕτως</span> <span class='ocrx_word' id='word_1_546' title='bbox 1743 1641 1811 1677; x_wconf 83' lang='grc' dir='ltr'>τῶν</span> <span class='ocrx_word' id='word_1_547' title='bbox 1836 1638 1945 1677; x_wconf 90' lang='grc' dir='ltr'>πάλαι</span> <span class='ocrx_word' id='word_1_548' title='bbox 1966 1638 2155 1677; x_wconf 83' lang='grc' dir='ltr'>δοκούντων</span> <span class='ocrx_word' id='word_1_549' title='bbox 2175 1642 2310 1690; x_wconf 86' lang='grc' dir='ltr'>σεμνῶν</span> 
     </span>
     <span class='ocr_line' id='line_1_77' title="bbox 1271 1695 2311 1750; baseline 0.002 -16"><span class='ocrx_word' id='word_1_550' title='bbox 1271 1698 1304 1740; x_wconf 83' lang='grc' dir='ltr'>ἐς</span> <span class='ocrx_word' id='word_1_551' title='bbox 1330 1695 1427 1749; x_wconf 77' lang='grc' dir='ltr'>ῧὸριν</span> <span class='ocrx_word' id='word_1_552' title='bbox 1455 1697 1515 1735; x_wconf 85' lang='grc' dir='ltr'>καὶ</span> <span class='ocrx_word' id='word_1_553' title='bbox 1534 1697 1716 1750; x_wconf 88' lang='grc' dir='ltr'>παροινίαν</span> <span class='ocrx_word' id='word_1_554' title='bbox 1733 1696 2080 1749; x_wconf 72' lang='grc' dir='ltr'>ἐκὸεὸακχευμένων,</span> <span class='ocrx_word' id='word_1_555' title='bbox 2097 1695 2131 1735; x_wconf 75' lang='grc' dir='ltr'>οἵ</span> <span class='ocrx_word' id='word_1_556' title='bbox 2154 1714 2192 1736; x_wconf 88' lang='grc' dir='ltr'>τε</span> <span class='ocrx_word' id='word_1_557' title='bbox 2212 1698 2311 1737; x_wconf 86' lang='grc' dir='ltr'>ἄλλοι</span> 
     </span>
     <span class='ocr_line' id='line_1_78' title="bbox 1269 1755 2308 1809; baseline 0.002 -16"><span class='ocrx_word' id='word_1_558' title='bbox 1269 1755 1395 1799; x_wconf 88' lang='grc' dir='ltr'>πάντες</span> <span class='ocrx_word' id='word_1_559' title='bbox 1414 1755 1587 1808; x_wconf 85' lang='grc' dir='ltr'>ἄνθρωποι</span> <span class='ocrx_word' id='word_1_560' title='bbox 1611 1755 1670 1794; x_wconf 88' lang='grc' dir='ltr'>καὶ</span> <span class='ocrx_word' id='word_1_561' title='bbox 1689 1755 1841 1806; x_wconf 89' lang='grc' dir='ltr'>μάλιστα</span> <span class='ocrx_word' id='word_1_562' title='bbox 1862 1757 1894 1794; x_wconf 83' lang='grc' dir='ltr'>οἱ</span> <span class='ocrx_word' id='word_1_563' title='bbox 1919 1758 2130 1808; x_wconf 87' lang='grc' dir='ltr'>στρατιῶται</span> <span class='ocrx_word' id='word_1_564' title='bbox 2147 1757 2308 1809; x_wconf 87' lang='grc' dir='ltr'>ἤχθοντο.</span> 
     </span>
     <span class='ocr_line' id='line_1_79' title="bbox 1270 1813 2311 1866; baseline 0.002 -15"><span class='ocrx_word' id='word_1_565' title='bbox 1270 1813 1530 1864; x_wconf 89' lang='grc' dir='ltr'>Ἐμυσάττοντο</span> <span class='ocrx_word' id='word_1_566' title='bbox 1548 1813 1584 1851; x_wconf 81' lang='grc' dir='ltr'>δὲ</span> <span class='ocrx_word' id='word_1_567' title='bbox 1603 1813 1706 1852; x_wconf 79' lang='grc' dir='ltr'>αὐτὸν</span> <span class='ocrx_word' id='word_1_568' title='bbox 1723 1816 1866 1865; x_wconf 84' lang='grc' dir='ltr'>ὁρῶντες</span> <span class='ocrx_word' id='word_1_569' title='bbox 1884 1813 1923 1852; x_wconf 85' lang='grc' dir='ltr'>τὸ</span> <span class='ocrx_word' id='word_1_570' title='bbox 1941 1813 2002 1864; x_wconf 81' lang='grc' dir='ltr'>μὲν</span> <span class='ocrx_word' id='word_1_571' title='bbox 2020 1813 2207 1866; x_wconf 87' lang='grc' dir='ltr'>πρόσωπον</span> <span class='ocrx_word' id='word_1_572' title='bbox 2223 1816 2311 1853; x_wconf 86' lang='grc' dir='ltr'>καλ-</span> 
     </span>
     <span class='ocr_line' id='line_1_80' title="bbox 1270 1871 2310 1924; baseline 0.002 -15"><span class='ocrx_word' id='word_1_573' title='bbox 1270 1871 1520 1922; x_wconf 86' lang='grc' dir='ltr'>λωπιζόμενον,</span> <span class='ocrx_word' id='word_1_574' title='bbox 1535 1871 1762 1924; x_wconf 87' lang='grc' dir='ltr'>περιδεραίοις</span> <span class='ocrx_word' id='word_1_575' title='bbox 1775 1887 1813 1910; x_wconf 89' lang='grc' dir='ltr'>τε</span> <span class='ocrx_word' id='word_1_576' title='bbox 1825 1872 1966 1924; x_wconf 82' lang='grc' dir='ltr'>χρυσοῖς</span> <span class='ocrx_word' id='word_1_577' title='bbox 1984 1871 2044 1910; x_wconf 76' lang='grc' dir='ltr'>καὶ</span> <span class='ocrx_word' id='word_1_578' title='bbox 2057 1873 2196 1919; x_wconf 80' lang='grc' dir='ltr'>ἐσθῆσιν</span> <span class='ocrx_word' id='word_1_579' title='bbox 2214 1873 2310 1911; x_wconf 84' lang='grc' dir='ltr'>ἁπα-</span> 
     </span>
     <span class='ocr_line' id='line_1_81' title="bbox 1269 1929 2310 1983; baseline 0.002 -15"><span class='ocrx_word' id='word_1_580' title='bbox 1269 1931 1346 1973; x_wconf 85' lang='grc' dir='ltr'>λαῖς</span> <span class='ocrx_word' id='word_1_581' title='bbox 1379 1929 1553 1982; x_wconf 86' lang='grc' dir='ltr'>ἀνάνδρως</span> <span class='ocrx_word' id='word_1_582' title='bbox 1573 1929 1823 1980; x_wconf 88' lang='grc' dir='ltr'>κοσμούμενον.</span> <span class='ocrx_word' id='word_1_583' title='bbox 1854 1930 2171 1983; x_wconf 83' lang='grc' dir='ltr'>Ἔπιρρεπεστέρας</span> <span class='ocrx_word' id='word_1_584' title='bbox 2199 1931 2310 1970; x_wconf 90' lang='grc' dir='ltr'>τοίνυν</span> 
     </span>
     <span class='ocr_line' id='line_1_82' title="bbox 1272 1983 2018 2041; baseline 0 -15"><span class='ocrx_word' id='word_1_585' title='bbox 1272 1988 1333 2032; x_wconf 85' lang='grc' dir='ltr'>τὰς</span> <span class='ocrx_word' id='word_1_586' title='bbox 1348 1987 1489 2040; x_wconf 89' lang='grc' dir='ltr'>γνώμας</span> <span class='ocrx_word' id='word_1_587' title='bbox 1503 1987 1587 2040; x_wconf 83' lang='grc' dir='ltr'>πρὸς</span> <span class='ocrx_word' id='word_1_588' title='bbox 1603 1987 1660 2026; x_wconf 83' lang='grc' dir='ltr'>τὸν</span> <span class='ocrx_word' id='word_1_589' title='bbox 1677 1987 1895 2041; x_wconf 77' lang='grc' dir='ltr'>Ἀλέξανδρον</span> <span class='ocrx_word' id='word_1_590' title='bbox 1911 1983 2018 2041; x_wconf 75' lang='grc' dir='ltr'>εἶχον.</span> 
     </span>
    </p>
   </div>
   <div class='ocr_carea' id='block_1_9' title="bbox 1751 2069 1837 2119">
    <p class='ocr_par' dir='ltr' id='par_1_10' title="bbox 1751 2069 1837 2119">
     <span class='ocr_line' id='line_1_83' title="bbox 1751 2069 1837 2119; baseline 0.023 -13"><span class='ocrx_word' id='word_1_591' title='bbox 1751 2069 1837 2119; x_wconf 81' lang='lat'><strong>139.</strong></span> 
     </span>
    </p>
   </div>
   <div class='ocr_carea' id='block_1_10' title="bbox 1271 2142 2312 3243">
    <p class='ocr_par' dir='ltr' id='par_1_11' title="bbox 1271 2142 2312 3186">
     <span class='ocr_line' id='line_1_84' title="bbox 1324 2142 2311 2198; baseline 0.001 -17"><span class='ocrx_word' id='word_1_592' title='bbox 1324 2147 1415 2183; x_wconf 84' lang='lat' dir='ltr'>Exc.</span> <span class='ocrx_word' id='word_1_593' title='bbox 1437 2146 1494 2182; x_wconf 89' lang='lat' dir='ltr'>De</span> <span class='ocrx_word' id='word_1_594' title='bbox 1513 2147 1581 2184; x_wconf 89' lang='lat' dir='ltr'>ins.</span> <span class='ocrx_word' id='word_1_595' title='bbox 1600 2158 1641 2194; x_wconf 91' lang='lat' dir='ltr'>p.</span> <span class='ocrx_word' id='word_1_596' title='bbox 1671 2147 1721 2189; x_wconf 74' lang='lat'>46</span> <span class='ocrx_word' id='word_1_597' title='bbox 1744 2158 1753 2182; x_wconf 91' lang='lat'>:</span> <span class='ocrx_word' id='word_1_598' title='bbox 1775 2142 1860 2184; x_wconf 74' lang='grc' dir='ltr'>’Ὄτι</span> <span class='ocrx_word' id='word_1_599' title='bbox 1879 2145 1911 2183; x_wconf 80' lang='grc' dir='ltr'>οἱ</span> <span class='ocrx_word' id='word_1_600' title='bbox 1933 2146 2146 2196; x_wconf 86' lang='grc' dir='ltr'>στρατιῶται</span> <span class='ocrx_word' id='word_1_601' title='bbox 2167 2146 2311 2198; x_wconf 81' lang='grc' dir='ltr'>ὁρῶντες</span> 
     </span>
     <span class='ocr_line' id='line_1_85' title="bbox 1273 2200 2312 2255; baseline 0.002 -17"><span class='ocrx_word' id='word_1_602' title='bbox 1273 2200 1331 2239; x_wconf 84' lang='grc' dir='ltr'>τὸν</span> <span class='ocrx_word' id='word_1_603' title='bbox 1356 2200 1430 2239; x_wconf 90' lang='grc' dir='ltr'>νέον</span> <span class='ocrx_word' id='word_1_604' title='bbox 1450 2202 1752 2252; x_wconf 87' lang='grc' dir='ltr'>καλλωπιζόμενον</span> <span class='ocrx_word' id='word_1_605' title='bbox 1782 2203 1841 2240; x_wconf 86' lang='grc' dir='ltr'>καὶ</span> <span class='ocrx_word' id='word_1_606' title='bbox 1862 2203 2035 2255; x_wconf 89' lang='grc' dir='ltr'>ἀνάνδρως</span> <span class='ocrx_word' id='word_1_607' title='bbox 2062 2203 2312 2254; x_wconf 85' lang='grc' dir='ltr'>κοσμούμενον,</span> 
     </span>
     <span class='ocr_line' id='line_1_86' title="bbox 1272 2259 2312 2313; baseline 0.002 -16"><span class='ocrx_word' id='word_1_608' title='bbox 1272 2259 1559 2313; x_wconf 89' lang='grc' dir='ltr'>ἐπιρρεπεστέρας</span> <span class='ocrx_word' id='word_1_609' title='bbox 1589 2259 1651 2304; x_wconf 87' lang='grc' dir='ltr'>τὰς</span> <span class='ocrx_word' id='word_1_610' title='bbox 1669 2260 1810 2312; x_wconf 86' lang='grc' dir='ltr'>γνώμας</span> <span class='ocrx_word' id='word_1_611' title='bbox 1839 2260 1924 2313; x_wconf 83' lang='grc' dir='ltr'>πρὸς</span> <span class='ocrx_word' id='word_1_612' title='bbox 1953 2261 2011 2300; x_wconf 85' lang='grc' dir='ltr'>τὸν</span> <span class='ocrx_word' id='word_1_613' title='bbox 2047 2264 2108 2308; x_wconf 81' lang='grc' dir='ltr'>τῆς</span> <span class='ocrx_word' id='word_1_614' title='bbox 2137 2261 2312 2311; x_wconf 87' lang='grc' dir='ltr'>Μαμαίας</span> 
     </span>
     <span class='ocr_line' id='line_1_87' title="bbox 1271 2314 2311 2373; baseline 0.001 -16"><span class='ocrx_word' id='word_1_615' title='bbox 1271 2318 1491 2371; x_wconf 80' lang='grc' dir='ltr'>Ἀλέξανδρον</span> <span class='ocrx_word' id='word_1_616' title='bbox 1507 2314 1612 2370; x_wconf 67' lang='grc' dir='ltr'>εἶχον,</span> <span class='ocrx_word' id='word_1_617' title='bbox 1628 2319 1688 2357; x_wconf 80' lang='grc' dir='ltr'>καὶ</span> <span class='ocrx_word' id='word_1_618' title='bbox 1704 2319 1844 2363; x_wconf 87' lang='grc' dir='ltr'>ἐλπίδας</span> <span class='ocrx_word' id='word_1_619' title='bbox 1860 2319 2033 2372; x_wconf 85' lang='grc' dir='ltr'>κρείττους</span> <span class='ocrx_word' id='word_1_620' title='bbox 2045 2335 2053 2343; x_wconf 93' lang='grc'><strong><em>·</em></strong></span> <span class='ocrx_word' id='word_1_621' title='bbox 2070 2318 2254 2373; x_wconf 83' lang='grc' dir='ltr'>ἐφρούρουν</span> <span class='ocrx_word' id='word_1_622' title='bbox 2273 2335 2311 2358; x_wconf 91' lang='grc' dir='ltr'>τε</span> 
     </span>
     <span class='ocr_line' id='line_1_88' title="bbox 1271 2375 2311 2430; baseline 0.003 -17"><span class='ocrx_word' id='word_1_623' title='bbox 1271 2375 1372 2414; x_wconf 76' lang='grc' dir='ltr'>αὐτὸν</span> <span class='ocrx_word' id='word_1_624' title='bbox 1395 2377 1565 2420; x_wconf 87' lang='grc' dir='ltr'>παντοίως</span> <span class='ocrx_word' id='word_1_625' title='bbox 1584 2379 1727 2430; x_wconf 84' lang='grc' dir='ltr'>δρῶντες</span> <span class='ocrx_word' id='word_1_626' title='bbox 1749 2377 2055 2428; x_wconf 74' lang='grc' dir='ltr'>ἐπιὸουλευόμενον</span> <span class='ocrx_word' id='word_1_627' title='bbox 2077 2378 2145 2416; x_wconf 78' lang='grc' dir='ltr'>ὑπὸ</span> <span class='ocrx_word' id='word_1_628' title='bbox 2159 2381 2220 2416; x_wconf 73' lang='grc' dir='ltr'>τοῦ</span> <span class='ocrx_word' id='word_1_629' title='bbox 2237 2377 2311 2417; x_wconf 80' lang='grc' dir='ltr'>Ἀν-</span> 
     </span>
     <span class='ocr_line' id='line_1_89' title="bbox 1272 2433 2311 2488; baseline 0.002 -16"><span class='ocrx_word' id='word_1_630' title='bbox 1272 2434 1427 2473; x_wconf 89' lang='grc' dir='ltr'>τωνίνου.</span> <span class='ocrx_word' id='word_1_631' title='bbox 1449 2433 1501 2474; x_wconf 76' lang='lat' dir='ltr'>“H</span> <span class='ocrx_word' id='word_1_632' title='bbox 1520 2451 1555 2473; x_wconf 86' lang='grc' dir='ltr'>τε</span> <span class='ocrx_word' id='word_1_633' title='bbox 1574 2435 1690 2488; x_wconf 84' lang='grc' dir='ltr'>μήτηρ</span> <span class='ocrx_word' id='word_1_634' title='bbox 1711 2437 1814 2474; x_wconf 77' lang='grc' dir='ltr'>αὐτοῦ</span> <span class='ocrx_word' id='word_1_635' title='bbox 1831 2435 1909 2475; x_wconf 85' lang='grc' dir='ltr'>οὔτε</span> <span class='ocrx_word' id='word_1_636' title='bbox 1927 2435 2030 2474; x_wconf 79' lang='grc' dir='ltr'>ποτὸν</span> <span class='ocrx_word' id='word_1_637' title='bbox 2047 2434 2125 2474; x_wconf 86' lang='grc' dir='ltr'>οὔτε</span> <span class='ocrx_word' id='word_1_638' title='bbox 2145 2435 2311 2486; x_wconf 87' lang='grc' dir='ltr'>ἐδώδιμόν</span> 
     </span>
     <span class='ocr_line' id='line_1_90' title="bbox 1272 2492 2312 2547; baseline 0.002 -17"><span class='ocrx_word' id='word_1_639' title='bbox 1272 2508 1305 2531; x_wconf 93' lang='grc' dir='ltr'>τι</span> <span class='ocrx_word' id='word_1_640' title='bbox 1322 2492 1375 2531; x_wconf 89' lang='grc' dir='ltr'>εἴα</span> <span class='ocrx_word' id='word_1_641' title='bbox 1391 2492 1448 2531; x_wconf 88' lang='grc' dir='ltr'>τὸν</span> <span class='ocrx_word' id='word_1_642' title='bbox 1465 2494 1574 2531; x_wconf 88' lang='grc' dir='ltr'>παῖδα</span> <span class='ocrx_word' id='word_1_643' title='bbox 1590 2494 1843 2547; x_wconf 86' lang='grc' dir='ltr'>προσφέρεσθαι</span> <span class='ocrx_word' id='word_1_644' title='bbox 1865 2496 1933 2532; x_wconf 88' lang='grc' dir='ltr'>τῶν</span> <span class='ocrx_word' id='word_1_645' title='bbox 1955 2493 2013 2532; x_wconf 77' lang='grc' dir='ltr'>ὑπ’</span> <span class='ocrx_word' id='word_1_646' title='bbox 2029 2493 2156 2533; x_wconf 85' lang='grc' dir='ltr'>ἐκείνου</span> <span class='ocrx_word' id='word_1_647' title='bbox 2171 2509 2312 2544; x_wconf 87' lang='grc' dir='ltr'>πεμπο-</span> 
     </span>
     <span class='ocr_line' id='line_1_91' title="bbox 1273 2550 2310 2604; baseline 0 -15"><span class='ocrx_word' id='word_1_648' title='bbox 1273 2550 1394 2602; x_wconf 90' lang='grc' dir='ltr'>μένων.</span> <span class='ocrx_word' id='word_1_649' title='bbox 1412 2551 1615 2604; x_wconf 83' lang='grc' dir='ltr'>Ὀψοποιοῖς</span> <span class='ocrx_word' id='word_1_650' title='bbox 1631 2568 1668 2590; x_wconf 85' lang='grc' dir='ltr'>τε</span> <span class='ocrx_word' id='word_1_651' title='bbox 1695 2552 1756 2590; x_wconf 79' lang='grc' dir='ltr'>καὶ</span> <span class='ocrx_word' id='word_1_652' title='bbox 1775 2552 1938 2604; x_wconf 87' lang='grc' dir='ltr'>οἰνοχόοις</span> <span class='ocrx_word' id='word_1_653' title='bbox 1955 2554 1972 2590; x_wconf 85' lang='grc' dir='ltr'>ὁ</span> <span class='ocrx_word' id='word_1_654' title='bbox 1995 2557 2076 2596; x_wconf 87' lang='grc' dir='ltr'>παῖς</span> <span class='ocrx_word' id='word_1_655' title='bbox 2100 2554 2246 2604; x_wconf 83' lang='grc' dir='ltr'>ἐχρῆτο,</span> <span class='ocrx_word' id='word_1_656' title='bbox 2271 2552 2310 2590; x_wconf 85' lang='grc' dir='ltr'>οὗ</span> 
     </span>
     <span class='ocr_line' id='line_1_92' title="bbox 1273 2609 2311 2666; baseline 0 -19"><span class='ocrx_word' id='word_1_657' title='bbox 1273 2612 1342 2653; x_wconf 90' lang='grc' dir='ltr'>τοῖς</span> <span class='ocrx_word' id='word_1_658' title='bbox 1372 2611 1582 2662; x_wconf 87' lang='grc' dir='ltr'>βασιλικοῖς,</span> <span class='ocrx_word' id='word_1_659' title='bbox 1610 2611 1701 2649; x_wconf 83' lang='grc' dir='ltr'>ἀλλὰ</span> <span class='ocrx_word' id='word_1_660' title='bbox 1729 2615 1799 2655; x_wconf 87' lang='grc' dir='ltr'>τοῖς</span> <span class='ocrx_word' id='word_1_661' title='bbox 1825 2613 1886 2657; x_wconf 82' lang='grc' dir='ltr'>τῆς</span> <span class='ocrx_word' id='word_1_662' title='bbox 1920 2611 2064 2666; x_wconf 83' lang='grc' dir='ltr'>μητρός.</span> <span class='ocrx_word' id='word_1_663' title='bbox 2091 2609 2230 2650; x_wconf 80' lang='grc' dir='ltr'>Ἐδίδου</span> <span class='ocrx_word' id='word_1_664' title='bbox 2251 2610 2311 2648; x_wconf 83' lang='grc' dir='ltr'>καὶ</span> 
     </span>
     <span class='ocr_line' id='line_1_93' title="bbox 1271 2667 2311 2721; baseline 0.002 -16"><span class='ocrx_word' id='word_1_665' title='bbox 1271 2668 1441 2720; x_wconf 84' lang='grc' dir='ltr'>χρήματα</span> <span class='ocrx_word' id='word_1_666' title='bbox 1470 2668 1642 2721; x_wconf 89' lang='grc' dir='ltr'>λαθραίως</span> <span class='ocrx_word' id='word_1_667' title='bbox 1672 2674 1742 2713; x_wconf 87' lang='grc' dir='ltr'>τοῖς</span> <span class='ocrx_word' id='word_1_668' title='bbox 1774 2668 2016 2721; x_wconf 88' lang='grc' dir='ltr'>στρατιώταις.</span> <span class='ocrx_word' id='word_1_669' title='bbox 2039 2671 2162 2708; x_wconf 76' lang='grc' dir='ltr'>Ταῦτα</span> <span class='ocrx_word' id='word_1_670' title='bbox 2191 2667 2311 2718; x_wconf 87' lang='grc' dir='ltr'>μαθὼν</span> 
     </span>
     <span class='ocr_line' id='line_1_94' title="bbox 1271 2726 2311 2780; baseline -0.001 -15"><span class='ocrx_word' id='word_1_671' title='bbox 1271 2727 1469 2771; x_wconf 81' lang='grc' dir='ltr'>Ἀντωνῖνος</span> <span class='ocrx_word' id='word_1_672' title='bbox 1496 2728 1602 2766; x_wconf 88' lang='grc' dir='ltr'>παντὶ</span> <span class='ocrx_word' id='word_1_673' title='bbox 1629 2727 1748 2780; x_wconf 85' lang='grc' dir='ltr'>τρόπῳ</span> <span class='ocrx_word' id='word_1_674' title='bbox 1789 2726 1994 2765; x_wconf 76' lang='grc' dir='ltr'>ἐπεὸούλευε</span> <span class='ocrx_word' id='word_1_675' title='bbox 2025 2729 2075 2779; x_wconf 79' lang='grc' dir='ltr'>τῷ</span> <span class='ocrx_word' id='word_1_676' title='bbox 2102 2726 2311 2779; x_wconf 84' lang='grc' dir='ltr'>Ἀλεξάνδρῳ</span> 
     </span>
     <span class='ocr_line' id='line_1_95' title="bbox 1271 2783 2311 2836; baseline 0.001 -14"><span class='ocrx_word' id='word_1_677' title='bbox 1271 2784 1331 2822; x_wconf 86' lang='grc' dir='ltr'>καὶ</span> <span class='ocrx_word' id='word_1_678' title='bbox 1357 2788 1399 2836; x_wconf 83' lang='grc' dir='ltr'>τῇ</span> <span class='ocrx_word' id='word_1_679' title='bbox 1429 2786 1535 2836; x_wconf 78' lang='grc' dir='ltr'>μητρὶ</span> <span class='ocrx_word' id='word_1_680' title='bbox 1563 2787 1692 2824; x_wconf 81' lang='grc' dir='ltr'>αὐτοῦ·</span> <span class='ocrx_word' id='word_1_681' title='bbox 1713 2783 1803 2824; x_wconf 82' lang='grc' dir='ltr'>ἀλλὰ</span> <span class='ocrx_word' id='word_1_682' title='bbox 1830 2785 1892 2829; x_wconf 87' lang='grc' dir='ltr'>τὰς</span> <span class='ocrx_word' id='word_1_683' title='bbox 1919 2784 2103 2829; x_wconf 68' lang='grc' dir='ltr'>ἐπιδουλὰς</span> <span class='ocrx_word' id='word_1_684' title='bbox 2130 2785 2311 2823; x_wconf 84' lang='grc' dir='ltr'>διεκώλυεν</span> 
     </span>
     <span class='ocr_line' id='line_1_96' title="bbox 1271 2842 2309 2897; baseline 0.001 -18"><span class='ocrx_word' id='word_1_685' title='bbox 1271 2845 1293 2889; x_wconf 82' lang='grc' dir='ltr'>ἡ</span> <span class='ocrx_word' id='word_1_686' title='bbox 1310 2843 1405 2888; x_wconf 79' lang='grc' dir='ltr'>κοινὴ</span> <span class='ocrx_word' id='word_1_687' title='bbox 1428 2843 1575 2894; x_wconf 88' lang='grc' dir='ltr'>μάμμη.</span> <span class='ocrx_word' id='word_1_688' title='bbox 1600 2843 1666 2887; x_wconf 87' lang='grc' dir='ltr'>Ὡς</span> <span class='ocrx_word' id='word_1_689' title='bbox 1691 2843 1726 2880; x_wconf 87' lang='grc' dir='ltr'>δὲ</span> <span class='ocrx_word' id='word_1_690' title='bbox 1755 2843 1799 2882; x_wconf 86' lang='grc' dir='ltr'>τὰ</span> <span class='ocrx_word' id='word_1_691' title='bbox 1817 2846 1878 2890; x_wconf 87' lang='grc' dir='ltr'>τῆς</span> <span class='ocrx_word' id='word_1_692' title='bbox 1902 2842 2088 2890; x_wconf 69' lang='grc' dir='ltr'>ἐπιδουλῆς</span> <span class='ocrx_word' id='word_1_693' title='bbox 2107 2845 2200 2895; x_wconf 81' lang='grc' dir='ltr'>αὐτῷ</span> <span class='ocrx_word' id='word_1_694' title='bbox 2219 2843 2309 2897; x_wconf 84' lang='grc' dir='ltr'>[οὗ]</span> 
     </span>
     <span class='ocr_line' id='line_1_97' title="bbox 1271 2900 2311 2953; baseline 0.001 -16"><span class='ocrx_word' id='word_1_695' title='bbox 1271 2901 1487 2952; x_wconf 83' lang='grc' dir='ltr'>προύχώρει,</span> <span class='ocrx_word' id='word_1_696' title='bbox 1502 2903 1704 2952; x_wconf 79' lang='grc' dir='ltr'>παραλῦσαι</span> <span class='ocrx_word' id='word_1_697' title='bbox 1714 2904 1775 2948; x_wconf 88' lang='grc' dir='ltr'>τῆς</span> <span class='ocrx_word' id='word_1_698' title='bbox 1789 2905 1848 2939; x_wconf 80' lang='grc' dir='ltr'>τοῦ</span> <span class='ocrx_word' id='word_1_699' title='bbox 1863 2900 2039 2953; x_wconf 87' lang='grc' dir='ltr'>Καίσαρος</span> <span class='ocrx_word' id='word_1_700' title='bbox 2048 2903 2151 2951; x_wconf 89' lang='grc' dir='ltr'>τιμῆς</span> <span class='ocrx_word' id='word_1_701' title='bbox 2163 2900 2311 2948; x_wconf 76' lang='grc' dir='ltr'>ἠθέλησε</span> 
     </span>
     <span class='ocr_line' id='line_1_98' title="bbox 1272 2957 2311 3010; baseline -0.002 -13"><span class='ocrx_word' id='word_1_702' title='bbox 1272 2959 1328 2997; x_wconf 86' lang='grc' dir='ltr'>τὸν</span> <span class='ocrx_word' id='word_1_703' title='bbox 1353 2960 1482 2997; x_wconf 88' lang='grc' dir='ltr'>παῖδα·</span> <span class='ocrx_word' id='word_1_704' title='bbox 1512 2959 1571 2997; x_wconf 84' lang='grc' dir='ltr'>καὶ</span> <span class='ocrx_word' id='word_1_705' title='bbox 1595 2959 1672 2997; x_wconf 84' lang='grc' dir='ltr'>οὔτε</span> <span class='ocrx_word' id='word_1_706' title='bbox 1693 2960 1726 2997; x_wconf 87' lang='grc' dir='ltr'>ἐν</span> <span class='ocrx_word' id='word_1_707' title='bbox 1743 2959 1818 3003; x_wconf 90' lang='grc' dir='ltr'>ταῖς</span> <span class='ocrx_word' id='word_1_708' title='bbox 1835 2958 2148 3010; x_wconf 89' lang='grc' dir='ltr'>προσαγορεύσεσιν</span> <span class='ocrx_word' id='word_1_709' title='bbox 2179 2957 2257 2997; x_wconf 81' lang='grc' dir='ltr'>οὔτε</span> <span class='ocrx_word' id='word_1_710' title='bbox 2275 2960 2311 2997; x_wconf 87' lang='grc' dir='ltr'>ἐν</span> 
     </span>
     <span class='ocr_line' id='line_1_99' title="bbox 1271 3015 2312 3069; baseline -0.001 -14"><span class='ocrx_word' id='word_1_711' title='bbox 1271 3022 1346 3060; x_wconf 88' lang='grc' dir='ltr'>ταῖς</span> <span class='ocrx_word' id='word_1_712' title='bbox 1369 3017 1525 3069; x_wconf 84' lang='grc' dir='ltr'>προόδοις</span> <span class='ocrx_word' id='word_1_713' title='bbox 1553 3016 1771 3069; x_wconf 82' lang='grc' dir='ltr'>Ἀλέξανδρος</span> <span class='ocrx_word' id='word_1_714' title='bbox 1797 3017 1959 3067; x_wconf 79' lang='grc' dir='ltr'>ἐτιμᾶτο·</span> <span class='ocrx_word' id='word_1_715' title='bbox 1988 3018 2018 3054; x_wconf 74' lang='grc' dir='ltr'>οἱ</span> <span class='ocrx_word' id='word_1_716' title='bbox 2046 3015 2080 3054; x_wconf 82' lang='grc' dir='ltr'>δὲ</span> <span class='ocrx_word' id='word_1_717' title='bbox 2102 3018 2312 3068; x_wconf 81' lang='grc' dir='ltr'>στρατιῶται</span> 
     </span>
     <span class='ocr_line' id='line_1_100' title="bbox 1273 3073 2310 3125; baseline 0 -12"><span class='ocrx_word' id='word_1_718' title='bbox 1273 3074 1456 3121; x_wconf 84' lang='grc' dir='ltr'>ἐπεζήτουν</span> <span class='ocrx_word' id='word_1_719' title='bbox 1476 3090 1513 3113; x_wconf 89' lang='grc' dir='ltr'>τε</span> <span class='ocrx_word' id='word_1_720' title='bbox 1531 3075 1647 3124; x_wconf 82' lang='grc' dir='ltr'>αὐτὸν,</span> <span class='ocrx_word' id='word_1_721' title='bbox 1668 3075 1727 3113; x_wconf 85' lang='grc' dir='ltr'>καὶ</span> <span class='ocrx_word' id='word_1_722' title='bbox 1749 3074 1976 3125; x_wconf 86' lang='grc' dir='ltr'>ἠγανάκτουν,</span> <span class='ocrx_word' id='word_1_723' title='bbox 1994 3074 2082 3125; x_wconf 81' lang='grc' dir='ltr'>μηδὲ</span> <span class='ocrx_word' id='word_1_724' title='bbox 2099 3073 2161 3121; x_wconf 80' lang='grc' dir='ltr'>τὴν</span> <span class='ocrx_word' id='word_1_725' title='bbox 2182 3075 2310 3122; x_wconf 83' lang='grc' dir='ltr'>συνήθη</span> 
     </span>
     <span class='ocr_line' id='line_1_101' title="bbox 1272 3130 1912 3186; baseline 0 -16"><span class='ocrx_word' id='word_1_726' title='bbox 1272 3131 1424 3186; x_wconf 85' lang='grc' dir='ltr'>φρουρὰν</span> <span class='ocrx_word' id='word_1_727' title='bbox 1437 3135 1488 3184; x_wconf 82' lang='grc' dir='ltr'>τῷ</span> <span class='ocrx_word' id='word_1_728' title='bbox 1503 3132 1692 3184; x_wconf 86' lang='grc' dir='ltr'>Ἀντωνίνῳ</span> <span class='ocrx_word' id='word_1_729' title='bbox 1705 3130 1912 3182; x_wconf 87' lang='grc' dir='ltr'>πέμποντες.</span> 
     </span>
    </p>

    <p class='ocr_par' dir='ltr' id='par_1_12' title="bbox 1324 3189 2312 3243">
     <span class='ocr_line' id='line_1_102' title="bbox 1324 3189 2312 3243; baseline -0.002 -14"><span class='ocrx_word' id='word_1_730' title='bbox 1324 3204 1357 3231; x_wconf 82' lang='lat'>2.</span> <span class='ocrx_word' id='word_1_731' title='bbox 1387 3190 1432 3230; x_wconf 78' lang='lat' dir='ltr'>‘O</span> <span class='ocrx_word' id='word_1_732' title='bbox 1456 3191 1491 3229; x_wconf 81' lang='grc' dir='ltr'>δὲ</span> <span class='ocrx_word' id='word_1_733' title='bbox 1509 3190 1723 3238; x_wconf 84' lang='grc' dir='ltr'>Ἀντωνῖνος,</span> <span class='ocrx_word' id='word_1_734' title='bbox 1740 3191 1775 3229; x_wconf 89' lang='grc' dir='ltr'>ἐν</span> <span class='ocrx_word' id='word_1_735' title='bbox 1802 3189 1869 3228; x_wconf 90' lang='grc' dir='ltr'>δέει</span> <span class='ocrx_word' id='word_1_736' title='bbox 1888 3191 2007 3243; x_wconf 84' lang='grc' dir='ltr'>πολλῷ</span> <span class='ocrx_word' id='word_1_737' title='bbox 2025 3189 2222 3242; x_wconf 89' lang='grc' dir='ltr'>γενόμενος,</span> <span class='ocrx_word' id='word_1_738' title='bbox 2237 3205 2312 3228; x_wconf 89' lang='grc' dir='ltr'>πα-</span> 
     </span>
    </p>
   </div>
   <div class='ocr_carea' id='block_1_11' title="bbox 167 3261 2310 3276">
    <p class='ocr_par' dir='ltr' id='par_1_13' title="bbox 167 3261 2310 3276">
     <span class='ocr_line' id='line_1_103' title="bbox 167 3261 2310 3276; baseline 0 428"><span class='ocrx_word' id='word_1_739' title='bbox 167 3261 2310 3276; x_wconf 95' lang='lat' dir='ltr'> </span> 
     </span>
    </p>
   </div>
   <div class='ocr_carea' id='block_1_12' title="bbox 208 3294 1548 3338">
    <p class='ocr_par' dir='ltr' id='par_1_14' title="bbox 208 3294 1548 3338">
     <span class='ocr_line' id='line_1_104' title="bbox 208 3294 1548 3338; baseline 0 -11"><span class='ocrx_word' id='word_1_740' title='bbox 208 3296 259 3327; x_wconf 83' lang='lat' dir='ltr'>Fr.</span> <span class='ocrx_word' id='word_1_741' title='bbox 281 3297 350 3326; x_wconf 83' lang='lat'><strong>137.</strong></span> <span class='ocrx_word' id='word_1_742' title='bbox 368 3296 407 3326; x_wconf 86' lang='lat' dir='ltr'>V.</span> <span class='ocrx_word' id='word_1_743' title='bbox 430 3294 602 3327; x_wconf 79' lang='lat' dir='ltr'>Herodian.</span> <span class='ocrx_word' id='word_1_744' title='bbox 619 3297 667 3334; x_wconf 90' lang='lat' dir='ltr'>V,</span> <span class='ocrx_word' id='word_1_745' title='bbox 683 3298 776 3328; x_wconf 85' lang='lat'>5—7.</span> <span class='ocrx_word' id='word_1_746' title='bbox 794 3295 884 3332; x_wconf 83' lang='grc' dir='ltr'>τούς</span> <span class='ocrx_word' id='word_1_747' title='bbox 899 3307 939 3327; x_wconf 87' lang='grc' dir='ltr'>τε</span> <span class='ocrx_word' id='word_1_748' title='bbox 955 3297 1043 3328; x_wconf 86' lang='grc' dir='ltr'>θεοὺ</span> <span class='ocrx_word' id='word_1_749' title='bbox 1058 3297 1092 3338; x_wconf 92' lang='grc' dir='ltr'>ς]</span> <span class='ocrx_word' id='word_1_750' title='bbox 1110 3297 1164 3329; x_wconf 82' lang='grc' dir='ltr'>τόν</span> <span class='ocrx_word' id='word_1_751' title='bbox 1180 3308 1212 3329; x_wconf 89' lang='grc' dir='ltr'>τε</span> <span class='ocrx_word' id='word_1_752' title='bbox 1227 3296 1294 3329; x_wconf 85' lang='grc' dir='ltr'>θεόν</span> <span class='ocrx_word' id='word_1_753' title='bbox 1311 3296 1430 3330; x_wconf 83' lang='lat' dir='ltr'>Herod.</span> <span class='ocrx_word' id='word_1_754' title='bbox 1445 3298 1494 3336; x_wconf 83' lang='lat' dir='ltr'>V,</span> <span class='ocrx_word' id='word_1_755' title='bbox 1517 3301 1548 3328; x_wconf 88' lang='grc'>6.</span> 
     </span>
    </p>
   </div>
   <div class='ocr_carea' id='block_1_13' title="bbox 209 3341 797 3380">
    <p class='ocr_par' dir='ltr' id='par_1_15' title="bbox 209 3341 797 3380">
     <span class='ocr_line' id='line_1_105' title="bbox 209 3341 797 3380; baseline 0.003 -9"><span class='ocrx_word' id='word_1_756' title='bbox 209 3341 262 3371; x_wconf 84' lang='lat' dir='ltr'>Fr.</span> <span class='ocrx_word' id='word_1_757' title='bbox 288 3343 357 3372; x_wconf 84' lang='lat'>138.</span> <span class='ocrx_word' id='word_1_758' title='bbox 379 3342 418 3373; x_wconf 86' lang='lat' dir='ltr'>V.</span> <span class='ocrx_word' id='word_1_759' title='bbox 440 3341 611 3374; x_wconf 85' lang='lat' dir='ltr'><strong>Herodian.</strong></span> <span class='ocrx_word' id='word_1_760' title='bbox 634 3343 683 3380; x_wconf 88' lang='lat' dir='ltr'>V,</span> <span class='ocrx_word' id='word_1_761' title='bbox 703 3345 797 3375; x_wconf 83' lang='lat'><strong>7-8.</strong></span> 
     </span>
    </p>
   </div>
   <div class='ocr_carea' id='block_1_14' title="bbox 208 3387 1818 3432">
    <p class='ocr_par' dir='ltr' id='par_1_16' title="bbox 208 3387 1818 3432">
     <span class='ocr_line' id='line_1_106' title="bbox 208 3387 1818 3432; baseline 0.002 -14"><span class='ocrx_word' id='word_1_762' title='bbox 208 3387 261 3418; x_wconf 83' lang='lat' dir='ltr'>Fr.</span> <span class='ocrx_word' id='word_1_763' title='bbox 289 3390 356 3419; x_wconf 79' lang='grc'>139.</span> <span class='ocrx_word' id='word_1_764' title='bbox 378 3389 418 3419; x_wconf 87' lang='lat' dir='ltr'>V.</span> <span class='ocrx_word' id='word_1_765' title='bbox 438 3387 608 3420; x_wconf 85' lang='lat' dir='ltr'><strong>Herodian.</strong></span> <span class='ocrx_word' id='word_1_766' title='bbox 627 3389 674 3428; x_wconf 90' lang='lat' dir='ltr'>V,</span> <span class='ocrx_word' id='word_1_767' title='bbox 693 3392 721 3420; x_wconf 90' lang='lat'>8.</span> <span class='ocrx_word' id='word_1_768' title='bbox 736 3407 776 3415; x_wconf 95' lang='lat'><strong>—</strong></span> <span class='ocrx_word' id='word_1_769' title='bbox 791 3389 1036 3431; x_wconf 78' lang='grc' dir='ltr'>προσφέρεσθαι]</span> <span class='ocrx_word' id='word_1_770' title='bbox 1051 3402 1141 3432; x_wconf 81' lang='grc' dir='ltr'>προφ.</span> <span class='ocrx_word' id='word_1_771' title='bbox 1159 3391 1229 3423; x_wconf 88' lang='lat' dir='ltr'><strong>cod.</strong></span> <span class='ocrx_word' id='word_1_772' title='bbox 1248 3408 1289 3415; x_wconf 95' lang='lat'>—</span> <span class='ocrx_word' id='word_1_773' title='bbox 1303 3389 1486 3431; x_wconf 84' lang='grc' dir='ltr'>ἐτιμᾶτο]</span> <span class='ocrx_word' id='word_1_774' title='bbox 1503 3392 1598 3428; x_wconf 80' lang='lat' dir='ltr'>Her.;</span> <span class='ocrx_word' id='word_1_775' title='bbox 1615 3391 1732 3430; x_wconf 83' lang='grc' dir='ltr'>ἑωρᾶτο</span> <span class='ocrx_word' id='word_1_776' title='bbox 1746 3389 1818 3421; x_wconf 92' lang='lat' dir='ltr'>cod.</span> 
     </span>
    </p>
   </div>
  </div>
 </body>
</html>
