2326 3724
989 148 1325 188 FRAGMENTA.

83 239 145 274 tila
172 239 315 287 legatos
333 239 449 274 mittit
467 238 515 275 ad
534 239 854 284 Valentinianum,
885 239 1098 274 Honoriam
1111 265 1121 283 ,

82 310 164 344 quae
175 298 455 334 matrimonium
471 311 555 334 cum
564 299 647 347 ipso
664 299 881 346 pepigisset,
899 306 1100 346 poscentes
1114 312 1123 343 ;

81 355 143 390 alii
158 355 207 391 ad
226 356 460 391 Marcianum
478 357 712 404 ablegantur,
738 357 970 391 tributorum
999 369 1123 392 causa.

80 413 251 461 Utraque
274 415 461 463 legatione
477 415 573 450 nihil
600 413 814 463 proficitur.
837 417 962 462 Quare
984 415 1126 450 bellum

79 472 195 507 Attila
212 480 321 521 parat
353 472 469 524 (450).
498 493 552 501 —
587 473 647 509 16.
673 474 764 509 Belli
788 474 886 509 inter
906 475 1059 510 Attilam
1089 481 1126 509 et

79 531 231 566 Aetium
253 543 375 567 causa.
403 533 539 567 Denuo
554 531 671 567 Attila
686 531 732 567 de
747 531 882 567 iisdem
896 532 1011 568 rebus
1021 533 1125 581 lega-

79 593 137 623 tos
173 590 309 634 mittit,
342 590 543 626 incassum.
588 590 726 638 Copias
765 591 868 638 cogit
895 589 1034 640 ,(450).
1073 611 1126 618 -

83 658 143 693 17.
162 648 386 696 Apollonius
403 648 536 685 tributi
554 661 665 685 causa
690 648 740 684 ad
758 649 914 684 Attilam
935 650 1067 685 missus
1084 663 1125 686 re

79 704 213 742 infecta
226 708 441 743 revertitur.
464 728 518 736 -
541 707 602 743 18.
631 708 747 743 Attila
764 720 833 743 cur
851 719 872 743 a
893 709 1016 744 Roma
1030 709 1125 744 urbe

78 767 300 806 abstinuerit
325 768 444 822 (452).
478 791 530 798 -
559 784 605 820 19
653 772 709 806 Ex
740 771 946 808 Occidente
976 772 1096 808 redux
1112 799 1121 818 ,

77 827 224 864 Orienti
247 829 389 865 bellum
416 831 598 875 minatur,
634 830 707 865 nisi
736 830 906 865 solvatur
939 830 1125 866 tributum

79 883 195 936 (452).
207 900 332 923 -20,
351 888 586 924 Ardaburius
602 888 746 924 bellum
760 889 856 937 gerit
868 901 954 924 cum
969 889 1124 925 Sarace-

75 944 146 980 nis.
165 946 259 981 Cum
276 947 405 995 legatis
419 959 550 983 eorum
563 947 609 984 de
624 959 720 996 pace
735 948 1016 995 colloquentem
1032 961 1125 984 con—

76 1003 232 1039 veniunt
245 1005 471 1041 Maximinus
492 1013 530 1042 et
548 1007 698 1042 Priscus
711 1003 831 1057 (453).
849 1027 903 1034 —
924 1019 986 1042 21.
1006 1008 1124 1043 Maxi-

77 1061 200 1097 minus
216 1059 325 1114 (eum
344 1064 489 1113 Prisco)
510 1066 551 1100 in
566 1065 797 1100 Thebaidem
812 1065 1019 1113 profectus,
1039 1079 1125 1102 cum

75 1119 278 1169 Blemmyis
310 1130 347 1158 et
373 1124 596 1160 Nubadibus
623 1136 754 1174 pacem
783 1125 1005 1173 componit,
1042 1139 1125 1174 quae

75 1188 199 1216 morte
220 1180 298 1228 ejus
327 1183 485 1218 solvitur
506 1181 628 1232 (453).
659 1203 712 1211 --
729 1196 790 1219 22.
820 1184 966 1220 Priscus
992 1196 1012 1220 e
1029 1186 1124 1221 The·

76 1239 189 1275 baide
210 1242 314 1276 venit
333 1242 600 1278 Alexandriam
615 1270 624 1287 ,
652 1243 721 1278 ubi
740 1243 876 1279 Florus
901 1244 1126 1280 seditionem

77 1299 274 1346 componit
292 1297 414 1348 (453).
442 1320 496 1328 —
523 1289 587 1336 2'3.
620 1302 835 1337 Marcianus
864 1302 956 1350 imp.
977 1303 1124 1338 somnio

77 1356 123 1392 de
142 1365 264 1393 morte
281 1359 403 1394 Attilae
416 1359 597 1395 edocetur
617 1357 738 1411 (453).
758 1381 811 1388 -—
829 1365 893 1404 24.
912 1350 1125 1398 Marcianus

75 1415 132 1451 bis
158 1417 301 1465 legatos
331 1418 447 1453 mittit
476 1418 522 1454 ad
551 1418 845 1464 Genserichum‚
869 1427 912 1455 ut
930 1421 1122 1466 Eudocia‚

76 1475 329 1511 Valentiniani
368 1489 481 1522 uxor,
519 1476 675 1526 ejusque
710 1477 795 1514 filiae
836 1479 876 1514 in
911 1479 1125 1515 libertatem

75 1534 375 1571 restituerentur.
402 1536 672 1582 Genserichus,
702 1549 826 1585 neque
851 1538 1033 1573 Marciani
1056 1551 1123 1575 ne-

77 1603 151 1639 que
170 1594 272 1628 Aviti
292 1594 423 1643 legatis
439 1607 569 1630 aurem
591 1596 784 1644 praebens,
812 1597 978 1632 Siciliam
997 1604 1034 1633 et
1053 1599 1124 1634 Ita-

76 1650 164 1686 liam
183 1660 328 1689 vastare
346 1654 471 1702 pergit
493 1652 612 1703 (456).
634 1675 688 1682 —
717 1653 781 1690 25.
811 1656 976 1691 Romani
997 1656 1123 1693 denuo

75 1709 215 1746 bellum
231 1719 368 1759 parant
390 1720 525 1749 contra
546 1713 738 1750 Gobazem
752 1742 763 1762 ,
781 1715 969 1750 Lazorum
984 1715 1024 1750 in
1043 1716 1124 1752 Col-

75 1768 185 1805 chide
219 1781 348 1818 regem
388 1769 509 1822 (456).
527 1793 581 1799 -
611 1772 675 1808 26.
706 1772 874 1809 Gohazes
902 1774 1046 1822 legatos
1075 1775 1124 1811 ad

74 1827 188 1862 Rom.
205 1829 334 1864 mittit.
354 1829 432 1865 Pax
452 1830 485 1866 ei
507 1830 622 1866 datur
638 1832 683 1866 iis
700 1831 984 1868 conditionibus
997 1860 1007 1878 ‚
1031 1846 1123 1881 quas

74 1885 267 1922 Marciano
285 1888 399 1923 suasit
415 1888 643 1937 Euphemius
659 1886 779 1940 (456).
793 1911 847 1917 —
859 1902 922 1936 27.
945 1890 1121 1938 Majoria·

74 1955 145 1979 nus
156 1945 249 1993 imp.
261 1946 406 1982 Gothos
420 1948 460 1982 in
471 1947 591 1984 Gallia
602 1949 727 1984 socios
741 1948 814 1984 sibi
829 1949 886 1996 adj
893 1951 1018 1998 ungit,
1037 1964 1122 1986 con-

76 2009 133 2038 tra
165 2004 431 2041 Genseriehum
476 2006 516 2042 in
553 2007 719 2043 Africam
755 2008 899 2044 bellum
940 2010 1123 2046 tranferre

78 2063 211 2098 statuit
227 2061 346 2113 (460).
369 2085 422 2092 -
439 2063 503 2103 28.
521 2067 600 2102 Leo
617 2067 710 2115 imp.
731 2067 967 2103 Balamerum
982 2069 1124 2105 Gotho-

73 2133 159 2159 rum
174 2122 389 2171 principem
409 2135 431 2159 a
450 2124 659 2161 vastatione
675 2124 809 2161 finium
823 2127 936 2164 Rom.
955 2135 1123 2165 avertere

75 2180 204 2216 studet
244 2182 438 2218 tributum*
477 2195 644 2219 annuum
685 2185 869 2232 pollicens
909 2184 1032 2235 (461).
1070 2208 1123 2215 —

75 2251 138 2287 29.
151 2241 320 2277 Ricimer
329 2238 532 2278 Genserich
538 2255 615 2288 um,
626 2245 691 2291 qui
703 2244 869 2280 Siciliam
883 2257 906 2280 a
916 2246 1124 2282 Marcellini

74 2300 194 2347 copiis
208 2300 425 2336 destitutam
437 2302 624 2350 vastabat,
641 2315 713 2351 per
725 2303 869 2352 legatos
884 2304 1062 2341 hortatur
1075 2314 1123 2342 ut

74 2357 217 2394 foedera
234 2359 479 2409 observaret,
506 2362 705 2410 regiasque
723 2363 899 2399 mulieres
924 2363 1118 2401 redderet.

72 2417 320 2454 Genserichus
335 2419 542 2455 Eudociam
557 2419 712 2468 ejusque
727 2421 820 2458 filias
834 2422 1008 2468 dimittit,
1028 2424 1123 2460 Sici-

73 2476 159 2511 liam
174 2489 266 2512 vero
282 2477 446 2526 diripere
464 2479 660 2514 continuat
677 2479 799 2529 (462).
813 2501 866 2508 —-
882 2480 943 2519 30.
958 2482 1121 2518 Romani

73 2535 323 2571 occidentales
336 2564 344 2580 ,
362 2548 480 2583 quum
497 2550 517 2573 a
532 2539 754 2574 Marcellino
772 2546 809 2575 et
827 2551 849 2575 a
861 2540 1035 2577 Vandalis
1050 2541 1121 2576 sibi

73 2594 270 2639 timerent,
293 2594 342 2631 ad
372 2594 530 2634 Leontis
554 2597 860 2634 intercessionem
881 2599 1116 2647 confugiunt.

70 2654 224 2688 Leontis
238 2654 379 2702 legatus
391 2655 651 2691 Marcellinum
665 2665 808 2702 monet,
820 2665 863 2694 ut
876 2671 962 2694 cum
975 2660 1118 2694 Roma-

71 2713 128 2747 nis
149 2725 282 2760 pacem
302 2714 415 2751 colat.
443 2716 477 2750 A
493 2715 724 2752 Gensericho
744 2717 840 2753 nihil
861 2718 1022 2753 obtinet.
1045 2719 1116 2754 Le-

70 2771 172 2818 gatio
203 2772 477 2820 Saragurorum
489 2800 499 2818 ,
530 2774 751 2822 Urogorum
781 2783 819 2811 et
846 2774 1118 2825 Onogurorum

71 2829 119 2864 ad
138 2832 322 2866 Leontem
344 2831 396 2881 (c.
418 2831 524 2881 463).
546 2853 600 2860 —-
618 2833 680 2869 31.
703 2835 867 2870 Romani
887 2836 1115 2874 occidenta-

2188 159 2229 190 71

1190 238 1243 274 les
1256 250 1277 274 a
1299 239 1443 274 Leonte
1460 245 1615 286 petunt,
1635 247 1677 274 ut
1691 241 1878 276 Vandalos
1895 243 1982 290 ipsis
2001 242 2235 278 reconciliet.

1188 299 1366 342 Perozes,
1393 309 1460 332 rex
1487 298 1689 333 Persarum
1703 326 1712 342 ,
1733 300 1905 346 queritur
1924 302 2047 336 Persas
2074 301 2239 336 transfu-

1186 369 1287 405 gasa
1310 359 1456 392 Leonte
1476 357 1623 404 excipi,
1655 358 1864 405 Magosque
1891 371 1911 394 a
1944 360 2137 406 religionis
2165 372 2238 394 suae

1191 417 1296 451 cultu
1312 415 1535 464 prohiberi3
1554 415 1719 463 denique
1734 416 1913 464 pecunias
1927 417 1974 452 ad
1990 418 2129 452 bellum
2148 430 2236 453 con·

1193 482 1250 510 tra
1274 476 1433 510 Hunnos
1455 474 1637 510 Cidaritas
1668 474 1878 522 gerendum
1906 477 2041 523 poscit.
2064 477 2166 512 Leon
2191 477 2238 511 ad

1189 534 1316 568 Persas
1332 533 1607 578 Constantium,
1625 533 1674 568 ad
1693 533 1883 570 Vandalos
1903 535 1932 569 T
1935 534 2104 570 atianum
2122 535 2240 569 mittit

1188 593 1332 640 legatos
1352 591 1400 641 (c.
1425 590 1530 640 464).
1552 612 1604 619 -
1622 591 1686 627 32.
1710 593 1887 629 Tatianus
1907 605 1928 628 a
1947 593 2125 630 Vandalis
2139 593 2240 629 redit

1187 663 1228 686 re
1246 651 1397 687 infecta.
1415 651 1657 687 Constantius
1673 652 1713 686 in
1726 651 1861 687 Edessa
1877 652 1972 687 urbe
1985 652 2050 687 diu
2060 652 2236 697 substitit,

1190 723 1309 758 quum
1320 710 1522 746 admittere
1536 722 1622 745 eum
1632 722 1700 745 rex
1715 710 1898 749 differret.
1913 731 1966 738 —-
1981 710 2043 748 33.
2057 712 2238 747 Constan-

1188 770 1261 805 tius
1283 769 1435 804 tandem
1466 769 1642 804 convenit
1669 770 1872 814 Perozem,
1892 771 1958 817 qui
1980 777 2111 805 contra
2132 771 2241 805 Cun-

1187 828 1296 863 eham
1325 835 1406 863 tum
1432 827 1695 875 belligerabat.
1718 827 1805 875 Ejus
1823 829 1914 864 belli
1945 829 2055 877 origo
2085 835 2121 864 et
2148 841 2241 877 pro-

1186 898 1345 933 gressus.
1362 887 1419 922 Re
1436 884 1576 921 infecta
1593 885 1807 922 dimittitur.
1826 908 1880 915 —
1895 887 1957 931 43.
1970 888 2137 925 Gobazes
2154 901 2239 923 cum

1186 945 1370 993 Dionysio
1419 945 1788 993 Constantinopolim
1827 947 1980 982 veniens
2027 946 2186 994 benigne
2219 959 2239 982 a

1187 1004 1333 1039 Leonte
1347 1004 1534 1051 excipitur
1550 1002 1676 1052 (366).
1697 1025 1750 1031 -
1767 1003 1831 1042 35.
1854 1005 1950 1041 Sciri
1964 1006 2101 1041 auxilia
2113 1012 2240 1053 peten-

1187 1069 1241 1097 tes
1261 1075 1282 1098 a
1294 1063 1477 1098 Romanis
1495 1070 1628 1098 contra
1645 1063 1791 1099 Gothos
1809 1063 1984 1100 obtinent
1996 1063 2044 1113 (c.
2071 1063 2171 1111 366).
2187 1084 2239 1091 —

1191 1120 1253 1156 36.
1268 1122 1391 1157 Attilae
1405 1120 1472 1156 filii
1481 1122 1699 1157 societatem
1714 1134 1801 1157 cum
1816 1124 1962 1159 Leonte
1977 1123 2073 1158 inire
2087 1122 2240 1159 student

1188 1180 1337 1216 frustra.
1371 1182 1515 1216 Eorum
1550 1180 1758 1216 dissidium.
1795 1201 1849 1209 —
1883 1181 1945 1228 37.
1978 1183 2175 1230 Saraguris
2202 1190 2240 1217 et

1188 1239 1347 1274 Acatiris
1361 1239 1400 1273 in
1418 1239 1583 1274 Persiam
1599 1239 1914 1288 irrumpentibus,
1933 1242 2052 1276 Persae
2067 1253 2087 1276 a
2098 1242 2238 1276 Leonte

1188 1298 1328 1333 auxilia
1348 1304 1484 1346 petunt
1500 1298 1698 1337 incassum.
1716 1319 1771 1326 —
1792 1299 1854 1338 38.
1875 1300 2095 1348 Dengizich,
2113 1300 2237 1335 Attilae

1186 1355 1257 1400 fil.‚
1279 1357 1423 1393 bellum
1440 1363 1571 1392 contra
1585 1358 1780 1394 Romanos
1793 1359 1963 1394 molitur.
1977 1358 2104 1406 —39.
2123 1359 2238 1395 Gothi

1187 1427 1208 1450 a
1231 1415 1390 1451 ducibus
1411 1416 1593 1451 Romanis
1615 1417 1655 1451 in
1686 1417 1924 1453 deditionem
1945 1419 2092 1466 accepti
2122 1419 2237 1453 truci-

1188 1473 1327 1509 dantur
1349 1473 1401 1523 (c.
1427 1473 1535 1522 467).
1557 1494 1611 1502 ——-
1629 1479 1692 1518 4ο.
1710 1476 1960 1512 Genserichus
1977 1477 2081 1524 pacis
2099 1476 2237 1511 condi-

1186 1534 1308 1569 tiones
1326 1546 1397 1582 per
1426 1534 1686 1581 phylarchum
1705 1535 1870 1583 legatum
1889 1548 1911 1572 a
1926 1538 2071 1572 Leonte
2092 1534 2239 1571 oblatas

1186 1591 1308 1639 rejicit
1334 1593 1556 1641 bellumque
1578 1601 1699 1641 parat.
1732 1592 1854 1645 (367).
1878 1614 1932 1622 —
1964 1601 2028 1636 41.
2052 1594 2192 1630 Suanni
2218 1607 2238 1629 a

1186 1651 1293 1687 Sazio
1332 1658 1369 1686 et
1400 1652 1520 1686 Persis
1551 1651 1654 1687 bello
1688 1653 1845 1701 appetiti
1877 1653 2058 1688 auxilium
2090 1659 2234 1701 petunt.

1186 1712 1385 1747 Persarum
1398 1712 1511 1760 legati
1526 1712 1726 1747 victoriam
1743 1712 1791 1748 de
1807 1713 1956 1748 Hunnis
1974 1712 2150 1748 Cidaritis
2170 1712 2235 1747 de-

1185 1777 1375 1818 portatam
1394 1771 1583 1806 nuntiant.
1617 1772 1724 1807 Leon
1748 1771 1794 1808 de
1810 1771 1924 1808 rebus
1945 1771 2078 1807 Siculis
2099 1771 2237 1807 sollici-

1185 1836 1244 1865 tus
1265 1828 1386 1881 (468).

1414 1915 1624 1956 JETOPIA
1654 1917 2001 1956 BRZANTIAKH.

1491 2009 1686 2062 Ἱστορία
1706 2010 1924 2058 Γοτθική.

1325 2114 1357 2139 1.
1383 2100 1479 2151 (433
1502 2113 1544 2149 p.
1566 2101 1625 2147 C.;
1648 2101 1853 2138 Theodosii
1872 2102 1987 2139 Han.
2015 2102 2100 2150 26.)

1238 2191 1330 2226 Exc.
1351 2191 1407 2226 De
1426 2191 1499 2238 leg.
1524 2191 1639 2228 Rom.
1661 2204 1703 2239 p.
1731 2194 1793 2237 47,
1816 2189 1864 2233 48
1883 2192 1968 2227 Par.
1994 2187 2102 2228 :‘'Ott
2124 2188 2231 2229 Ῥούα

1188 2245 1431 2298 βασιλεύοντος
1450 2245 1606 2294 Οὕννων,
1627 2246 1861 2299 Ἀμιλζούροις
1879 2247 1939 2285 καὶ
1961 2247 2154 2301 Ἰτιμάροις
2175 2249 2236 2286 καὶ

1184 2303 1410 2356 Τονώσουρσι
1427 2304 1487 2343 καὶ
1498 2303 1658 2348 Βοΐσκοις
1671 2304 1732 2343 καὶ
1748 2305 1876 2357 ἑτέροις
1887 2305 1998 2344 ἔθνεσι
2013 2306 2236 2358 προσοικοῦοι

1184 2362 1243 2401 τὸν
1262 2361 1416 2416 Ἴστρον,
1446 2363 1508 2401 καὶ
1536 2365 1568 2408 ἐς
1587 2363 1650 2411 τὴν
1683 2363 1875 2414 Ῥωμαίων
1907 2364 2103 2417 ὁμαιχμίαν
2124 2381 2236 2404 κατα-

1184 2422 1428 2475 φυγγάνουσιν,
1449 2425 1483 2466 ἐς
1514 2422 1635 2475 μάχην
1656 2423 1766 2461 ἐλθεῖν
1788 2423 2032 2476 προῃρημένος
2061 2424 2236 2475 ἐκπέμπει

1183 2479 1499 2529 Ἤσλαν,»εἰωθότα
1518 2483 1589 2527 τοῖς
1606 2482 1780 2535 διαφόροις
1796 2484 1892 2536 αὐτῷ
1909 2498 1946 2521 τε
1965 2483 2024 2521 καὶ
2045 2483 2244 2534 Ῥωμαίοις,

1182 2541 1439 2592 διακονεῖσθαι,
1458 2540 1552 2579 λύειν
1575 2539 1637 2588 τὴν
1657 2541 1955 2594 προϋπάρχουσαν
1977 2542 2115 2594 εἰρήνην
2135 2544 2235 2580 ἀπει-

1183 2601 1269 2650 λῶν,
1291 2603 1321 2639 εἷ
1353 2600 1402 2650 μή
1420 2616 1459 2652 γε
1478 2600 1614 2645 πάντας
1632 2599 1711 2644 τοὺς
1730 2600 1827 2653 παρὰ
1853 2607 1942 2654 σφᾶς
1972 2600 2237 2654 καταφυγόντας

1185 2660 1328 2697 ἐκδοῖεν.
1347 2658 1616 2709 Βουλευομένων
1631 2658 1666 2697 δὲ
1686 2658 1876 2709 Ῥωμαίων
1896 2661 2031 2698 στεῖλαι
2046 2659 2236 2712 πρεσὸείαν

1182 2716 1280 2769 παρὰ
1301 2716 1379 2762 τοὺς
1399 2716 1573 2768 Οὔννους,
1602 2717 1806 2770 πρεσὸεύειν
1838 2717 1902 2768 μὲν
1923 2718 2045 2765 ἤθελον
2082 2718 2238 2762 Πλίνθας

1181 2775 1242 2814 καὶ
1262 2775 1461 2827 Διονύσιος,
1484 2776 1639 2820 Πλίνθας
1660 2775 1722 2827 μὲν
1751 2780 1811 2815 τοῦ
1838 2779 2036 2827 Σκυθικοῦ,
2059 2778 2238 2822 Διονύσιος

1182 2834 1217 2872 δὲ
1228 2839 1287 2873 τοῦ
1301 2835 1457 2888 Θρᾳκίου
1472 2835 1600 2887 γένους,
1615 2835 1805 2889 ἀμφότεροι
1817 2835 1854 2874 δὲ
1869 2835 2115 2889 στρατοπέδων
2137 2835 2237 2887 ἡγού-

311 2954 556 2994 HISTORIA
581 2955 884 2997 BYZANTINA.

414 3033 590 3072 (Historia
614 3036 786 3078 Gothica.)

580 3111 610 3143 1.

112 3167 222 3203 Quum
238 3167 330 3205 flua,
359 3169 552 3199 Hunnorum
581 3176 650 3207 rex,
673 3167 835 3200 statuisset
857 3177 932 3200 cum
955 3169 1122 3201 Amiisuris

70 3218 80 3258 (
93 3219 276 3259 Alipsuris,
290 3220 464 3252 Jornand.
476 3221 501 3261 )‚
513 3220 663 3258 itimaris,
674 3221 893 3253 Tonosuribus
905 3222 1119 3261 (Ιαηεανεὶε,

69 3274 168 3304 Jorn.
183 3272 207 3311 )‚
222 3271 339 3304 Boiscis
361 3273 538 3313 ceterisque
561 3272 708 3313 gentibus
729 3282 802 3313 quae
818 3275 936 3306 istrum
953 3274 1120 3315 accolunt,

70 3322 157 3363 quod
170 3322 210 3354 ad
221 3331 383 3355 armorum
397 3325 582 3356 societatem
596 3333 668 3355 cum
683 3327 833 3357 Romanis
843 3325 1038 3366 jungendam
1049 3335 1122 3357 con-

73 3375 242 3416 fugissent,
266 3375 349 3409 beilo
377 3376 552 3417 decertare,
574 3377 680 3409 Eslam
709 3378 937 3418 componendis
961 3379 1121 3410 Romano-

1180 2966 1254 2989 rum
1284 2959 1317 2989 et
1340 2960 1531 2990 Hunnorum
1559 2958 1786 2990 controversiis
1806 2958 1951 2990 adhiberi
1978 2958 2108 2990 solitum
2127 2957 2234 2998 misit,

1178 3011 1232 3051 qui
1246 3011 1396 3043 Romanis
1411 3011 1627 3051 denuntiaret,
1642 3020 1676 3044 se
1692 3021 1711 3044 a
1727 3011 1864 3051 soedere,
1888 3010 1976 3052 quod
1994 3011 2053 3042 sibi
2081 3019 2155 3042 cum
2173 3010 2235 3043 illis

1179 3063 1278 3102 esset,
1292 3071 1512 3103 recessurum,
1529 3063 1589 3095 nisi
1606 3072 1718 3095 omnes
1731 3063 1866 3104 Scythas
1878 3086 1886 3102 ,
1904 3063 1960 3104 qui
1975 3062 2015 3094 ad
2029 3071 2083 3094 eos
2106 3071 2139 3094 se
2156 3071 2234 3094 con-

1179 3116 1347 3155 tulissent,
1365 3116 1546 3148 redderent.
1567 3116 1717 3148 Romanis
1735 3125 1811 3148 vero
1827 3116 1992 3148 consilium
2015 3114 2055 3146 de
2071 3112 2235 3145 mittendis

1180 3169 1220 3200 ad
1235 3171 1367 3201 Hunnos
1379 3169 1492 3210 legatis
1505 3169 1720 3209 capientibus,
1735 3169 1878 3201 Plintlias
1887 3170 1919 3200 et
1934 3166 2113 3207 Dionysius,
2127 3166 2180 3197 hic
2192 3172 2233 3195 ex

1179 3222 1332 3262 Thracia,
1343 3221 1397 3253 ille
1411 3230 1451 3253 ex
1466 3221 1592 3260 Scythia
1606 3220 1780 3260 oriundus,
1793 3220 1889 3252 ambo
1902 3219 2102 3251 exercituum
2116 3217 2231 3254 duces,

1180 3275 1213 3306 et
1225 3275 1280 3315 qui
1297 3274 1483 3306 consulatus
1492 3274 1678 3315 dignitatem
1695 3274 1706 3313 (
1720 3273 1884 3305 Plinthas
1895 3281 1954 3305 an.
1969 3275 2047 3311 419;
2061 3272 2156 3302 Dion.
2172 3277 2230 3300 (ιη.

1182 3329 1242 3358 429
1256 3327 1266 3366 )
1278 3326 1361 3367 apud
1381 3329 1540 3358 Romanos
1559 3325 1739 3366 gesserant,
1762 3325 1844 3356 hanc
1860 3323 2050 3364 legationem
2069 3321 2157 3352 obire
2174 3329 2230 3350 vo-

1183 3378 1323 3411 luerunt.
1371 3380 1412 3410 Ut
1427 3386 1505 3409 vero
1532 3377 1633 3409 visum
1651 3377 1697 3408 est
1725 3385 1789 3408 non
1814 3377 1888 3407 ante
1913 3375 2031 3414 legatos
2053 3371 2209 3413 proficisci
2221 3394 2229 3409 ‚
