2314 3756
455 281 459 285 -
516 209 1074 303 EUNAPIUS
1134 207 1793 299 SARDIANUS.

137 592 326 642 Ennapius
339 589 541 628 Sardianus
554 616 564 635 ,
580 589 711 625 rhetor
726 595 763 624 et
775 587 975 623 historicus
987 614 997 631 ,
1012 593 1122 621 natus
1179 586 1260 632 jam
1276 586 1534 635 desperarent,
1551 587 1743 623 AEschines
1757 587 1870 624 Chius
1883 589 2051 626 medicus
2066 604 2107 627 os
2124 595 2234 629 mori-

85 659 140 690 est
169 652 271 688 circa
302 661 442 686 annum
469 648 542 694 347
564 660 606 697 p.
635 647 677 683 C.
701 647 889 695 Cognatus
920 644 1031 680 fuisse
1063 645 1122 679 vi-

84 711 196 748 detur
218 709 379 758 Eunapii
396 707 497 756 ejus,
519 707 585 755 qui
604 707 684 755 ipse
709 717 863 753 quoque
882 703 987 739 haud
1006 701 1126 738 infimi

83 769 245 804 nominis
260 768 404 812 rhetor,
421 778 442 802 a
461 764 577 814 Lydis
593 765 724 800 missus
741 763 790 798 ad
802 763 995 798 sulianum
1011 762 1126 810 impe-

84 834 250 864 ratorem
262 826 449 875 legatione
461 837 539 859 non
552 823 693 871 absque
709 821 823 857 laude
835 820 1056 870 perfunctus
1072 826 1128 855 est

88 884 99 936 (
119 885 194 922 360
209 898 250 934 p.
270 884 311 920 C.
325 884 353 934 ).
375 883 469 920 vide
492 884 642 930 Eunap.
663 881 710 918 fr.
736 879 781 916 15
800 887 838 915 et
862 878 925 922 45.
947 879 1127 915 Nostrum

85 944 127 979 in
142 944 230 980 Asia
243 954 403 992 puerum
421 941 585 977 erudivit
598 939 865 988 Chrysanthius
877 965 888 984 ,
906 937 1075 986 sophista
1091 943 1128 972 et

87 1000 284 1051 theologus
300 1001 446 1050 gentilis
457 1027 467 1045 ,
487 1000 552 1047 qui
567 999 733 1034 Melitam
745 1026 756 1046 ,
775 996 1043 1034 consobrinam
1061 997 1129 1031 Eu·

89 1061 190 1110 napii
202 1088 212 1106 ,
232 1062 271 1096 in
288 1059 571 1096 matrimonium
591 1058 772 1102 duxerat,
791 1067 980 1104 quemque
999 1056 1019 1091 J
1023 1055 1127 1090 ulia-

87 1131 179 1164 nus,
201 1126 403 1167 antequam
426 1117 476 1154 ad
499 1116 781 1166 expeditionem
798 1115 984 1151 Persicam
1002 1112 1128 1162 profi-

89 1179 294 1214 cisceretur
334 1176 434 1226 (362
450 1175 461 1225 )
475 1203 486 1224 ,
521 1187 708 1211 summum
748 1173 878 1221 Lydiae
909 1171 1128 1221 pontificem

89 1237 284 1272 constituit
301 1233 360 1285 (*).
377 1236 461 1271 Jam
474 1234 599 1282 prima
615 1233 687 1268 hac
704 1232 937 1268 institutione
956 1230 1129 1278 Eunapio

89 1293 279 1330 inculcata
297 1294 410 1330 fuerit
431 1291 688 1340 superstitiosa
706 1291 778 1326 ista
798 1290 995 1334 doctrina,
1016 1289 1129 1324 mira-

90 1353 263 1388 culorum
279 1351 530 1388 eonsectatrix
543 1377 553 1395 ‚
573 1361 688 1398 quam
708 1349 807 1384 inter
828 1348 985 1397 gentiles
1002 1347 1131 1396 philo-

88 1411 228 1458 sophos
247 1415 326 1445 tum
339 1409 501 1444 maxime
516 1408 706 1456 vigentem
718 1434 729 1452 ‚
755 1414 888 1442 contra
901 1406 1131 1443 Christianos

88 1468 186 1503 tueri
200 1494 211 1513 ,
234 1466 433 1503 moderate
458 1461 604 1511 tamen,
635 1466 904 1514 Chrysanthius
936 1463 1127 1500 studebat.

87 1526 220 1562 AEtatis
240 1537 340 1561 anno
361 1524 510 1561 decimo
523 1531 626 1560 sexto
647 1523 732 1573 (an.
752 1522 850 1573 362)
872 1535 918 1559 ex
935 1522 1057 1571 Lydia
1067 1521 1131 1569 ju-

88 1584 194 1619 venis
214 1583 253 1618 in
271 1582 454 1620 Graeciam
475 1583 547 1618 iter
570 1583 735 1631 suscepit
755 1580 818 1631 (**)
831 1608 842 1627 ,
861 1588 905 1617 ut
919 1581 1074 1618 Athenis
1093 1593 1132 1617 se

87 1641 128 1676 in
136 1641 375 1690 disciplinam
387 1641 493 1677 daret
501 1642 710 1686 Proaeresii,
726 1641 791 1688 qui
801 1653 914 1676 senex
925 1647 1014 1676 tune
1030 1647 1133 1675 octo-

89 1700 264 1748 genarius
296 1701 394 1736 inter
426 1700 671 1736 Athenienses
702 1700 888 1748 sophistas
918 1699 1132 1748 principem

90 1758 218 1795 locum
231 1758 440 1796 obtinebat.
459 1760 504 1794 In
519 1759 601 1807 ipsa
615 1765 741 1794 autem
750 1757 991 1807 navigatione
1006 1759 1133 1794 Euna-

91 1818 176 1866 pius
199 1817 296 1853 febri
315 1825 512 1866 correptus
527 1817 944 1865 vehementi‚adeoque
960 1817 997 1852 vi
1007 1817 1132 1852 morbi

89 1883 300 1924 prostratus
316 1883 392 1924 est,
409 1883 472 1921 ut,
493 1877 653 1925 appulsa
670 1888 790 1920 nave,
813 1876 986 1911 manibus
1005 1889 1131 1924 popu-

91 1935 226 1970 larium
251 1947 426 1978 suorum,
447 1947 542 1982 quos
567 1935 710 1970 itineris
741 1935 864 1970 socios
882 1934 1090 1981 habuerat,
1113 1946 1132 1969 e

90 1992 230 2027 Piraeeo
241 1993 280 2027 in
296 1993 429 2028 urbem
441 1992 613 2039 aedesque
630 1993 822 2028 Proaeresii
836 1992 1057 2041 deportatus
1070 1993 1129 2028 sit.

91 2049 151 2085 Ibi
170 2050 306 2085 morbo
326 2051 607 2099 ingravescente
623 2063 742 2098 quum
762 2050 809 2086 de
830 2051 948 2086 salute
973 2051 1133 2098 Eunapii

134 2186 175 2228 (*)
192 2186 354 2227 Eunapius
362 2186 428 2219 vit.
441 2187 633 2227 Chrysanth.
648 2187 716 2219 init.
729 2196 758 2227 p.
774 2189 829 2219 117
843 2187 893 2219 cd.
910 2187 1008 2219 Boiss.
1028 2201 1034 2219 :
1050 2187 1134 2219 Ταύ-

90 2243 144 2270 της
158 2236 211 2269 τῆς
226 2237 341 2274 γραφῆς
366 2233 463 2270 αἴτιος
489 2234 608 2272 ἐγένετο
627 2234 834 2275 Χρυσάνθιος,
856 2234 908 2265 τόν
933 2244 967 2264 τε
981 2234 1136 2275 γράφοντα

90 2283 189 2311 ταῦτα
202 2280 414 2316 πεπαιδευκώς
429 2279 464 2311 ἐκ
476 2281 584 2316 παιδὸς
594 2303 602 2318 ,
616 2281 669 2311 καὶ
683 2280 884 2316 διασεσωκὼς
899 2281 942 2316 εἰς
956 2281 1039 2317 τέλος
1049 2304 1057 2319 ,
1072 2281 1134 2312 ὥσ-

90 2337 146 2368 περ
158 2326 252 2368 νόμον
268 2327 337 2358 τινὰ
349 2351 358 2365 ,
378 2327 433 2364 τήν
449 2328 517 2367 περὶ
532 2327 624 2358 αὐτὸν
642 2327 774 2358 εὔνοιαν.

134 2373 222 2404 ldem
236 2373 302 2406 Vit.
319 2374 451 2405 Maximi
470 2382 499 2414 p.
523 2378 561 2406 56
579 2386 586 2405 z
660 2374 844 2415 Χρυσανθίῳ
868 2376 1001 2414 γυναῖκα
1014 2367 1133 2405 εἶναι...

92 2420 225 2457 Μελιτήν
250 2419 350 2460 ὄνομα
372 2420 506 2461 ἔχουσαν
525 2421 578 2451 καὶ
594 2421 646 2452 ὑπ’
670 2421 766 2452 αὑτοῦ
782 2421 1014 2462 θαυμαζομένην
1031 2421 1134 2462 διαφε-

91 2466 204 2507 ρόντως
214 2489 223 2505 ,
237 2470 292 2498 τοῦ
308 2467 340 2498 δὲ
353 2471 452 2498 ταῦτα
462 2467 629 2508 γράφοντος
643 2467 782 2508 ἀνεψιάν.

133 2513 221 2544 Idem
238 2513 281 2545 ib.
294 2522 325 2553 p.
343 2516 378 2546 57
397 2524 405 2545 ε
421 2514 575 2554 Ἀρχιερέα
588 2515 620 2545 δὲ
633 2514 792 2551 ἀποδείξας
807 2514 994 2554 (Ἰουλιανὸς
1008 2514 1018 2553 )
1032 2515 1086 2547 τόν
1101 2526 1134 2547 τε

93 2558 185 2599 ἄνδρα
207 2558 448 2600 (Χρυσάνθιον)
465 2561 517 2591 καὶ
539 2561 595 2598 τὴν
619 2564 753 2600 γυναῖκα
778 2565 832 2599 τῆς
850 2561 982 2598 Λυδίας,
1007 2563 1060 2593 καὶ
1082 2563 1135 2594 ὑπ’

92 2605 217 2640 ἐκείνοις
234 2605 397 2646 ἐπιτρέψας
414 2607 491 2638 εἶναι
507 2610 568 2638 τῶν
585 2607 685 2639 ἄλλων
701 2609 756 2646 τὴν
773 2609 902 2650 αἵρεσιν,
917 2609 1007 2645 αὐτὸς
1021 2610 1070 2641 ἐπὶ
1082 2610 1136 2641 τὸν

93 2651 247 2691 Περσικὸν
264 2653 415 2692 συνήγετο
432 2653 579 2694 πόλεμον.

135 2696 223 2728 Idem
239 2697 304 2729 Vit.
332 2698 524 2739 Chrysanlh.
543 2709 574 2740 p.
596 2703 649 2732 111
671 2713 679 2732 z
697 2701 736 2732 ‘O
760 2701 792 2732 δὲ
814 2700 1002 2742 Χρυσάνθιος
1014 2702 1069 2740 τὴν
1083 2702 1136 2743 ἀρ-

93 2744 285 2784 χιερωσύνην
297 2748 353 2776 τοῦ
369 2747 481 2782 παντὸς
498 2747 598 2784 ἔθνους
612 2748 715 2779 λαὸὼν
728 2749 795 2779 κτλ.

137 2790 197 2830 (**)
214 2792 338 2830 Eunap.
354 2792 420 2823 Vit.
434 2795 585 2826 Proaeres.
600 2802 630 2834 p.
645 2796 683 2826 74
698 2803 707 2824 ε
726 2795 857 2826 Διέὸαλε
871 2795 926 2836 μὲν
938 2795 997 2836 γὰρ
1007 2796 1025 2827 ὁ
1037 2798 1137 2827 ταῦτα

94 2837 239 2872 συντιθεὶς
261 2837 290 2873 ἐξ
312 2837 414 2875 Ἀσίας
439 2841 482 2876 εἰς
502 2841 557 2878 τήν
583 2841 734 2882 Εὐρώπην
749 2843 802 2874 καὶ
817 2842 958 2883 Ἀθήνας,
977 2844 1073 2874 τελῶν
1096 2845 1137 2880 εἰς

95 2883 183 2914 ἕκτον
197 2884 250 2915 καὶ
264 2884 392 2917 δέκατον
417 2886 493 2923 ἔτος.
514 2907 549 2912 -
563 2888 650 2920 ldem
664 2888 707 2919 ib.
723 2897 752 2928 p.
767 2892 806 2920 92
825 2898 833 2919 ι
850 2889 1018 2921 Ἰουλιανοῦ
1032 2891 1064 2922 δὲ
1079 2892 1133 2931 βα·

95 2930 307 2969 σιλεύσαντος,
322 2931 419 2963 τόπου
438 2936 492 2964 τοῦ
504 2935 658 2966 παι-δεύειν
672 2935 875 2976 ἐξειργόμενος
891 2936 902 2976 (
917 2938 1117 2978 Προαιρέσιος
1127 2960 1135 2975 ,

95 2984 148 3007 an.
160 2977 233 3015 362)
246 2995 287 3003 -·
299 2978 397 3009 ἐδόκει
408 2979 466 3020 γὰρ
479 2981 557 3012 εἶναι
572 2981 801 3022 Χριστιανός-
816 2981 910 3022 σοφίᾳ
924 2983 981 3013 τινὶ
995 2984 1136 3023 περιῆλθε

95 3024 150 3060 τὴν
167 3023 379 3064 πρόγνωσιν...
397 3027 434 3058 Ὁ
454 3028 486 3058 δὲ
503 3029 694 3069 συγγραφεὺς
716 3028 797 3060 κατὰ
815 3030 935 3060 τουτονὶ
957 3030 1009 3061 τὸν
1028 3030 1138 3071 χρόνον

96 3069 138 3104 εἰς
153 3069 241 3100 ἕκτον
254 3081 314 3102 που
330 3073 382 3102 καὶ
398 3073 527 3105 δέκατον
542 3074 607 3110 ἔτος
619 3075 713 3105 τελῶν
734 3075 869 3115 παρῆλθέ
883 3086 915 3107 τε
930 3077 1039 3113 εἰςτὰς
1057 3076 1139 3115 Ἀθή-

96 3126 148 3151 νας
173 3117 226 3147 καὶ
251 3120 313 3154 τοῖς
340 3119 498 3159 ὁμιλήταις
523 3121 723 3162 ἐγκατεμίγη.
739 3139 779 3143 —
807 3121 894 3153 ldem
913 3122 980 3155 vit.
1006 3125 1138 3156 Maximi

98 3169 126 3200 p.
145 3165 182 3193 58
205 3175 212 3193 ε
231 3164 293 3194 Καὶ
318 3165 335 3194 ὁ
359 3168 457 3196 ταῦτα
482 3166 606 3207 γράφων
623 3168 798 3199 ἐπαιδεύετο
815 3168 884 3200 κατ’
910 3169 1043 3206 ἐκείνους
1067 3171 1138 3208 τοὺς

98 3207 223 3247 χρόνους
242 3210 378 3249 (quibus
391 3212 536 3244 Julianus
548 3215 781 3254 expeditionem
798 3216 954 3248 Persicam
967 3219 1136 3258 suscepit),

97 3257 169 3289 παῖς
185 3255 228 3285 ὢν
245 3257 297 3286 καὶ
311 3258 352 3293 εἰς
365 3258 493 3297 ἐφήὸους
507 3259 574 3299 ἄρτι
590 3261 696 3293 τελῶν.
712 3275 752 3281 -·
770 3264 891 3302 Eunap.
908 3263 1025 3294 Histor.
1044 3263 1079 3294 sr.
1094 3267 1112 3295 8
1129 3277 1136 3295 x

99 3301 224 3387 ξομιδῆ)
232 3302 291 3343 γὰρ
307 3303 343 3342 ἦν
357 3305 374 3335 ὁ
391 3305 512 3346 γράφων
527 3306 599 3338 τάδε
613 3311 703 3347 παῖς,
720 3308 812 3346 ἡνίκα
830 3309 1026 3341 ἐδασίλευσεν
1041 3310 1135 3350 (Ἰου-

111 3356 199 3383 .ιανος
229 3372 235 3379 .

1185 645 1317 681 hundo
1325 658 1394 694 per
1402 647 1475 681 vim
1485 647 1750 695 aperuiteique
1757 647 2073 684 medicamentum
2084 651 2233 698 infudit,

1187 717 1264 752 quo
1278 705 1383 740 alvus
1404 704 1602 742 descendit
1624 706 1834 755 copiosius,
1860 707 2082 756 levatusque
2099 711 2235 750 Noster

1187 760 1244 799 τὸν
1259 760 1344 813 ἀέρα
1357 754 1424 800 εἶδε
1435 761 1495 800 καὶ
1509 761 1642 813 ἐπέγνω
1657 761 1734 806 τοὺς
1746 762 1899 807 οἰκείους.
1915 767 2070 802 Sanitati
2082 770 2234 805 restitu-

1189 830 1266 867 tus,
1284 821 1517 870 balneoque,
1539 835 1616 870 quo
1636 823 1777 858 initiari
1793 825 1925 859 novitii
1946 825 2121 874 discipuli
2138 829 2234 864 sole-

1187 881 1301 925 bant,
1320 881 1546 917 aProaeresii
1558 882 1717 917 alumnis
1730 889 1926 930 purgatus,
1942 884 2103 933 collegio
2120 887 2234 922 scho—

1189 940 1410 975 lasticorum
1436 939 1681 977 adscribitur.
1709 939 1873 976 Paterno
1903 941 2081 991 deinceps
2107 955 2236 981 amore

1189 997 1412 1034 Sardianum
1426 997 1604 1044 juvenem
1624 999 1802 1047 magister
1815 999 2009 1049 amplexus
2028 1009 2097 1050 est,
2118 1004 2235 1038 meri-

1191 1064 1305 1105 taque
1325 1057 1406 1104 ejus
1425 1058 1619 1106 Eunapius
1638 1057 1736 1106 grati
1757 1059 1872 1094 animi
1891 1060 2034 1107 pietate
2059 1061 2237 1110 rependit

1192 1115 1277 1168 (Vit.
1291 1117 1409 1165 Soph.
1421 1129 1461 1165 p.
1478 1116 1599 1163 74—76
1610 1116 1904 1166 ).Quadriennio
1916 1126 2019 1167 post,
2031 1119 2108 1155 sive
2121 1122 2237 1156 aetatis

1192 1187 1292 1210 anno
1308 1176 1503 1222 vicesimo,
1527 1187 1667 1211 arcana
1682 1175 1865 1212 doctrinae
1883 1177 2100 1226 theurgicae,
2117 1191 2199 1226 quae
2216 1192 2236 1215 a

1192 1234 1403 1270 Iamblicho
1422 1241 1478 1271 est
1495 1234 1691 1283 profecta,
1715 1236 1888 1284 Eunapio
1905 1236 2052 1272 reclusa
2070 1244 2156 1272 sunt
2173 1237 2233 1286 (Ἴ.

1192 1292 1335 1329 Eodem
1354 1292 1431 1329 fere
1452 1300 1622 1342 tempore
1634 1321 1643 1338 ,
1667 1294 1819 1342 opinor,
1837 1295 2022 1342 mysteriis
2041 1296 2238 1332 Eleusiniis

1192 1352 1361 1387 initiatus
1387 1359 1443 1388 est
1463 1350 1543 1401 (Ὗ).
1561 1352 1730 1398 Deinde,
1751 1361 1956 1401 postquam
1980 1365 2050 1402 per
2069 1355 2238 1402 quinque

1171 1437 1175 1442 .
1188 1403 1268 1451 J'am
1283 1416 1400 1440 annos
1419 1405 1574 1441 Athenis
1589 1413 1845 1441 commoratus
1864 1413 1961 1451 erat,
1975 1408 2014 1441 in
2031 1406 2237 1456 AEgyptuin

1195 1461 1510 1514 (Alexandriam)
1528 1476 1567 1500 se
1593 1464 1766 1500 conferre
1784 1466 1936 1509 statuit,
1966 1478 2094 1501 verum
2117 1478 2138 1502 a
2163 1479 2237 1516 pa·-

1192 1522 1362 1559 rentibus
1377 1523 1415 1558 in
1425 1522 1582 1571 Lydiam
1593 1530 1793 1559 revocatus
1807 1531 1861 1559 est
1872 1550 1882 1569 ,
1897 1524 1980 1568 ubi,
1998 1525 2238 1562 hortantibus

1194 1582 1339 1627 amicis,
1356 1582 1571 1618 rhetoricen
1582 1581 1753 1631 profiteri
1765 1583 1881 1631 coepit
1897 1581 2002 1632 (***).
2020 1585 2238 1633 Magisterio

1195 1641 1280 1676 huic
1300 1641 1411 1676 horas
1429 1641 1676 1689 impendebat
1691 1643 1892 1677 matutinas
1906 1655 1915 1687 ;
1939 1641 2076 1678 deinde
2089 1642 2138 1678 ad
2154 1656 2238 1678 me-

1193 1699 1328 1735 ridiem
1341 1712 1461 1747 usque
1478 1707 1515 1736 et
1527 1701 1630 1736 ultra
1641 1713 1686 1736 ex
1699 1713 1764 1737 ore
1777 1701 1970 1750 pendebat
1983 1701 2236 1749 Chrysanthii,

1195 1759 1259 1806 qui
1277 1771 1389 1806 quem
1401 1759 1594 1794 literarum
1610 1760 1801 1795 elementis
1815 1754 1905 1795 olifn
1918 1759 2121 1805 imbuerat,
2137 1773 2238 1796 nunc

1194 1818 1232 1852 in
1252 1817 1366 1865 adyta
1384 1818 1613 1854 sublimioris
1631 1819 1881 1868 philosophiae
1899 1831 1974 1855 suae
1995 1819 2170 1855 docendo
2188 1820 2238 1854 in-

1196 1873 1371 1910 troduxit
1402 1874 1493 1924 (****
1506 1876 1531 1925 ).
1553 1878 1736 1912 Praeterea
1763 1877 1949 1913 discendae
1982 1878 2053 1912 arti
2081 1873 2239 1913 medicae

1195 1935 1387 1982 Eunapius
1415 1947 1570 1983 operam
1597 1937 1760 1973 navavit.
1791 1937 1887 1972 Nam
1904 1937 2100 1984 aegrotanti
2118 1949 2239 1984 quon-

1196 1991 1284 2027 dam
1321 1993 1569 2041 Clirysanthio
1607 1996 1686 2030 seni
1734 2007 1850 2042 quum
1889 2007 2022 2030 venam
2072 1995 2240 2030 incidere

1196 2051 1333 2086 medici
1347 2052 1505 2096 vellent,
1529 2053 1714 2088 obstitisse
1731 2065 1781 2097 se,
1799 2053 1914 2100 idque
1925 2054 2033 2088 saluti
2050 2053 2240 2101 Chrysan-

1198 2110 1276 2144 thio
1293 2110 1402 2146 fuisse
1416 2111 1523 2155 dicit,
1544 2111 1686 2146 addens
1703 2123 1711 2148 2
1733 2109 1826 2148 Οὐδὲ
1842 2109 1909 2162 γὰρ
1926 2110 2064 2162 ἄπειρος
2084 2111 2241 2162 ἰατρικῆς

1197 2168 1215 2203 ὁ
1229 2169 1339 2203 ταῦτα
1365 2167 1507 2218 γράφων
1538 2168 1631 2217 (Vit.
1655 2170 1785 2218 CliryS.
1811 2183 1852 2218 p.
1874 2183 1887 2205 1
1902 2170 1988 2218 19).
2006 2170 2112 2206 Idem
2129 2171 2240 2206 etiam

1198 2238 1242 2261 ex
1279 2226 1450 2262 Historiis
1472 2228 1626 2276 colligas
1638 2255 1647 2272 ,
1683 2229 1721 2263 in
1745 2241 1821 2276 qua
1849 2230 1982 2277 saepius
2011 2230 2242 2277 metaphoris

1198 2286 1317 2320 utitur
1336 2285 1383 2320 ab
1411 2293 1489 2321 arte
1509 2286 1658 2322 medica
1676 2288 1855 2335 repetitis.
1873 2289 2044 2335 Denique
2063 2289 2241 2323 'Nostrum

1239 2416 1280 2456 (³¹)
1301 2418 1420 2457 Eunap.
1436 2417 1500 2448 Vit.
1522 2417 1620 2457 Soph.
1645 2426 1675 2458 p.
1705 2422 1743 2449 20
1760 2431 1766 2449 :
1787 2418 1824 2449 ‘0
1838 2421 1912 2458 γοῦν
1935 2422 2033 2450 ταῦτα
2045 2418 2180 2460 γράφων,
2207 2419 2242 2450 ἐκ

1197 2464 1305 2500 παιδὸς
1330 2464 1482 2505 ἀκροατὴς
1507 2465 1701 2505 Χρυσανθίου
1726 2465 1887 2506 γενόμενος
1897 2489 1905 2504 ,
1933 2466 2018 2506 μόλις
2037 2467 2078 2502 εἰς
2101 2467 2242 2497 εἰκοστὸν

1201 2511 1267 2547 ἔτος
1305 2511 1427 2548 ἠξιοῦτο
1456 2513 1518 2542 τῶν
1547 2512 1770 2553 ἀληθεστέρων,
1799 2512 1882 2543 οὕτω
1914 2513 1994 2553 μέγα
2021 2524 2049 2544 τι
2073 2517 2177 2554 χρῆμα
2200 2514 2242 2549 εἰς

1197 2559 1279 2597 ἡμᾶς
1295 2561 1348 2595 τῆς
1362 2557 1544 2598 Ἰαμὸλίχου
1559 2559 1739 2599 φιλοσοφίας
1753 2559 1875 2596 διετάθη
1892 2560 1945 2591 καὶ
1962 2561 2183 2601 συμπαρέτεινε
2198 2563 2242 2599 τῷ

1198 2615 1313 2646 xpm)-

1242 2652 1304 2692 (**)
1320 2651 1408 2683 Idem
1422 2660 1457 2692 p.
1474 2655 1512 2683 52
1527 2661 1534 2683 :
1552 2653 1616 2684 Τοῦ
1633 2653 1665 2684 δὲ
1682 2653 1860 2695 ἱεροφάντου
1876 2653 1948 2686 κατ’
1961 2655 2077 2686 ἐκεῖνον
2089 2654 2142 2686 τὸν
2166 2654 2241 2695 χρό-

1198 2710 1250 2731 νον
1267 2698 1331 2739 (sc.
1345 2700 1363 2731 J
1367 2699 1464 2730 uliani
1478 2700 1620 2740 tempp.)
1634 2700 1719 2737 ὅστις
1729 2701 1766 2740 ἦν
1777 2701 1914 2742 τοῦνομα
1924 2702 1961 2733 οὔ
1974 2712 2024 2742 μοι
2039 2702 2121 2741 θέμις
2131 2702 2241 2742 λέγειν·

1199 2747 1292 2779 ἐτέλει
1305 2746 1364 2787 γὰρ
1380 2747 1433 2778 τὸν
1449 2749 1547 2778 ταῦτα
1563 2747 1728 2788 γράφοντα.

1240 2794 1321 2834 (***)
1336 2793 1421 2825 {dem
1435 2802 1465 2834 p.
1480 2797 1519 2826 92
1536 2806 1544 2826 ε
1558 2794 1596 2826 Ὁ
1609 2795 1641 2826 δὲ
1655 2796 1884 2836 συγγραφεὺς...
1900 2795 2068 2836 ἀγαπηθεὶς
2081 2796 2133 2827 ὑπ’
2148 2795 2242 2827 αὐτοῦ

1199 2840 1211 2881 (
1223 2844 1283 2872 τοῦ
1292 2841 1498 2882 Προαιρεσίου
1512 2842 1524 2880 )
1539 2841 1678 2883 καθάπερ
1691 2846 1763 2879 παῖς
1776 2843 1902 2883 γνήσιος
1913 2866 1923 2882 ,
1938 2842 2082 2881 ἠπείγετο
2097 2843 2151 2883 μὲν
2166 2843 2240 2883 μετὰ

1199 2890 1341 2929 πέμπτον
1364 2888 1430 2924 ἔτος
1444 2889 1486 2924 εἰς
1501 2890 1556 2926 τὴν
1573 2889 1742 2930 Αἴγυπτον,
1764 2892 1793 2922 οἱ
1809 2891 1843 2922 δὲ
1859 2892 1987 2932 πατέρες
2012 2891 2176 2927 καλοῦντες
2192 2890 2241 2922 ἐπὶ

1198 2935 1313 2971 Λυδίας
1330 2934 1547 2971 ἐξεὸιάσαντο·
1565 2936 1700 2978 κάκείνῳ
1717 2937 1772 2978 μὲν
1791 2938 1956 2979 σοφιστικὴ
1968 2937 2144 2978 προῦκειτο.

1242 2981 1335 3022 (****)
1356 2980 1441 3013 idem
1465 2990 1496 3021 p.
1518 2984 1574 3013 114
1592 2994 1600 3014 r
1615 2981 1676 3014 Τὸν
1698 2983 1730 3014 δὲ
1751 2986 1851 3014 ταῦτα
1867 2983 2022 3024 γράφοντα
2039 2982 2243 3019 ἐκπαιδεῦσας

1199 3027 1266 3059 νέον
1280 3028 1323 3059 ἔτι
1338 3028 1423 3065 ὄντα,
1438 3028 1531 3066 ἡνίκα
1544 3029 1715 3067 ἐπανῆλθεν
1724 3029 1893 3069 Ἀθήνηθεν,
1909 3029 1967 3060 οὐκ
1980 3029 2104 3060 ἔλαττον
2118 3029 2224 3068 ἠγάπα
2233 3053 2242 3066 ,

1200 3076 1277 3107 ἀλλὰ
1292 3076 1345 3106 καὶ
1356 3075 1528 3116 προσετίθει
1545 3077 1614 3107 καθ’
1629 3078 1744 3117 ἡμέραν
1757 3079 1802 3118 τῷ
1819 3077 1988 3117 διαφέροντι
2001 3079 2054 3113 τῆς
2068 3076 2198 3113 εὐνοίας,
2214 3075 2242 3110 ἐς

1199 3124 1290 3153 τοῦτο
1305 3122 1486 3161 ἐκκινήσας,
1503 3123 1585 3154 ὥστε
1594 3123 1633 3154 τὰ
1650 3123 1763 3154 ἑωθινὰ
1781 3124 1835 3164 μὲν
1852 3124 1868 3154 ὁ
1885 3123 2076 3163 συγγραφεὺς
2090 3122 2138 3152 ἐπὶ
2153 3122 2242 3162 ῥητο-

1201 3173 1295 3209 ρικοῖς
1311 3169 1413 3209 λόγοις
1427 3171 1539 3210 ἑτέροις
1552 3174 1659 3208 συνῆν,
1674 3171 1727 3201 καὶ
1740 3170 1811 3206 τοὺς
1825 3170 1989 3210 δεομένους
2006 3168 2176 3206 ἐπαίδευεν,
2193 3178 2242 3207 μι-

1200 3216 1273 3256 κρὸν
1298 3216 1330 3247 δὲ
1343 3217 1420 3257 ὑπὲρ
1438 3217 1629 3258 μεσημὸρίας
1643 3217 1840 3256 ἐπαιδεύετο,
1856 3217 1940 3257 παρὰ
1956 3217 2008 3247 τὸν
2030 3216 2060 3251 ἐξ
2075 3215 2170 3256 ἀρχῆς
2187 3216 2243 3245 ἰὼν

1200 3263 1398 3302 διδάσκαλον,
1411 3264 1481 3300 τοὺς
1495 3264 1662 3304 θειοτέρους
1678 3264 1730 3295 καὶ
1746 3264 1929 3303 φιλοσόφους
1942 3266 2003 3294 τῶν
2017 3262 2117 3301 λόγων
2130 3271 2136 3277 ·
2152 3261 2244 3298 ἡνίκα

1201 3311 1270 3341 οὔτε
1287 3311 1304 3340 ὁ
1320 3311 1474 3341 παιδεύων
1489 3311 1619 3351 ἔκαμνεν
1634 3311 1738 3351 ἐρῶντι
1757 3312 1872 3350 συνὼν,
1887 3314 1931 3350 τῷ
1945 3321 1977 3341 τε
1996 3310 2188 3349 ἐκδεχομένη)
2206 3309 2241 3338 τὰ

1202 3358 1369 3397 μαθήματα
1385 3360 1421 3389 τὸ
1435 3358 1521 3398 ἔργον
1536 3358 1572 3396 ὴν
1590 3358 1768 3397 πανήγυρις.
