2326 3724
129 234 202 266 27⁴

127 314 269 365 χρόνους
289 312 540 352 ἐπεκτανθέντα
552 342 561 360 ,
584 312 643 352 καὶ
663 313 702 351 τὸ
718 312 828 365 πέρας
845 312 1030 363 δεξάμενον
1047 315 1097 365 τῷ
1120 314 1173 351 ἐν·

127 373 222 425 νάτῳ
245 376 306 420 τῆς
340 372 518 425 βασιλείας
549 373 696 425 ἐνιαυτῷ
715 375 775 410 τοῦ
796 371 984 422 Ῥωμαίων
1005 371 1175 424 αὐτοκρά-

127 447 224 483 τορος
244 431 456 485 Μαυρικίου.
473 431 548 476 Τὰς
572 431 634 482 μὲν
663 426 720 470 οῦν
741 431 854 475 αἰτίας
878 433 940 477 τῆς
965 434 1034 469 τῶν
1067 433 1174 482 γενῶν

127 490 335 543 φιλονεικίας
349 490 513 537 ἀλλήλοις
526 492 667 539 ἐπῆγον·
689 489 863 539 Ῥωμαῖοι
872 491 1110 541 μὲνζχαλεπῶς
1123 488 1177 541 φέ-

129 565 262 600 ροντες,
283 548 335 588 ὅτι
368 549 446 594 τοὺς
473 549 671 601 “Ομηρίτας
687 548 851 599 (Ἰνδικὸν
885 548 920 586 δὲ
939 549 979 586 τὸ
1001 547 1097 599 γένος
1115 547 1175 585 καὶ

128 607 243 659 σφίσιν
266 609 382 651 αὐτοῖς
401 606 590 660 σύμμαχόν
623 622 660 644 τε
689 606 748 645 καὶ
781 606 955 657 ὑπήκοον)
979 608 1175 651 ἀποστῆσαι

128 667 245 713 Μ’ἧδοι
274 666 512 713 διενοήθησαν,
547 666 719 716 μηδαμῶς
758 665 793 703 δὲ
817 664 990 715 ἑλομένων
1023 664 1174 710 ἐκείνων,

127 724 246 776 ἔφοδον
262 724 339 763 κατ’
355 727 468 763 αὐτῶν
483 724 691 771 ἐποιήσαντο
710 728 769 762 τοῦ
786 723 911 777 χρόνου
930 725 998 761 τῶν
1019 724 1175 761 σπονδῶν

127 782 369 832 ἐνισταμένου·
389 782 474 834 πρὸς
494 782 628 825 τούτοις
647 781 703 828 δὲ,
731 781 783 819 ὅτι
815 781 874 820 καὶ
898 780 1066 832 Τούρκων
1091 780 1176 833 πρὸς

125 842 370 892 Ῥωμαίους...
404 843 555 893 [supps.
577 844 666 878 Has.
693 841 804 892 πρεσ]
827 839 1065 895 ὅευσαμένων,
1083 839 1173 877 Ἰου-

127 900 243 939 στίνου
270 899 306 939 δὲ
334 899 504 952 βασιλέως
534 898 598 944 τὴν
631 897 820 949 πρεσὸείαν
852 897 1096 949 προσιεμένου,
1116 897 1175 935 καὶ

123 958 329 1012 Ζήμαρχον,
351 959 459 1010 ἄνδρα
486 961 548 1004 τῆς
569 955 764 1007 συγκλήτου
786 957 934 1007 βουλῆς,
952 954 1014 993 σὺν
1035 955 1175 998 ἐκείνοις

126 1017 386 1070 ἐκπέμψαντος,
408 1017 544 1068 Πέρσαι
564 1014 643 1058 τοὺς
664 1014 824 1058 Ἀλανοὺς
842 1014 1003 1067 χρήμασι
1024 1015 1175 1067 διαφθεῖ·

127 1091 185 1126 ραι
211 1075 455 1128 βουληθέντες,
477 1075 518 1112 δι’
544 1068 592 1112 ὦν
616 1075 739 1111 ἐκεῖνοι
766 1073 830 1119 τὴν
856 1073 1000 1125 πορείαν
1029 1072 1175 1123 ἔμελλον

125 1134 358 1180 ποιήσασθαι,
380 1134 437 1172 τόν
456 1149 493 1172 τε
511 1133 703 1184 Ζήμαρχον
720 1132 780 1170 καὶ
799 1132 877 1176 τοὺς
891 1133 952 1170 σὺν
969 1133 1065 1184 αὐτῷ
1080 1131 1173 1170 Ῥω-

891 224 1109 264 JOANNIS
1138 225 1531 264 EPIPHANIENSlS

1237 314 1308 350 σῶν
1325 311 1532 362 ἐκεκόμιστο
1547 311 1709 364 βασιλεύς
1728 311 1808 365 (καὶ
1825 310 1892 363 γὰρ
1912 312 2022 350 ἐδόκει
2050 313 2141 351 κατὰ
2155 315 2280 354 ταύτὸν

1236 369 1274 408 τὸ
1293 373 1354 417 τῆς
1369 369 1547 413 δεκαετίας
1562 370 1668 408 ποσὸν
1683 369 1896 408 ἔπιδίδοσθαι
1907 370 1930 421 ),
1951 371 2099 419 μηδενός
2113 388 2149 410 τε
2161 372 2200 410 τὸ
2213 374 2282 412 λοι-

1236 429 1300 466 πὸν
1325 431 1357 472 ἐς
1385 429 1560 479 σύμὸασιν
1584 429 1824 480 ὃμιληθέντος,
1845 429 2030 473 Ἰουστῒνος
2047 434 2065 468 ὁ
2089 431 2281 483 “Ρωμαίων

1240 487 1402 539 βασιλεὺς
1419 490 1452 532 ἐς
1470 488 1533 535 τὴν
1554 489 1643 526 ἑώαν
1664 488 1755 527 κατὰ
1770 489 1878 541 τάχος
1892 488 2064 539 ἐκπέμπει
2076 492 2280 544 Μαρκιανὸν

1237 547 1446 599 στρατηγὸν,
1470 549 1504 585 ἐν
1524 553 1593 591 τοῖς
1618 548 1813 599 πατρικίοις
1845 551 1906 594 τῆς
1940 549 2137 599 συγκλήτου
2155 553 2282 601 βουλῆς

1236 604 1459 656 τεταγμένον,
1488 607 1583 656 αὐτῷ
1610 621 1646 644 τε
1678 606 1762 658 πρὸς
1777 605 1872 655 γένος
1901 606 2136 657 συνημμένον,
2155 612 2224 648 τῶν
2244 627 2281 650 τε

1236 665 1436 715 πολεμικῶν
1456 665 1620 702 κινδύνων
1641 666 1703 702 οὐκ
1723 664 1878 717 ἄπειρον,
1907 665 1967 703 καὶ
1994 665 2108 711 ἄλλως
2127 666 2298 721 ἀνδρεῖον

1237 721 1320 760 ὄντα
1340 738 1378 760 τε
1391 722 1450 761 καὶ
1468 724 1646 761 δοκοῦντα.
1663 723 1796 765 Διαὸὰς
1810 723 1846 761 δὲ
1862 723 1920 761 τὸν
1938 725 2124 778 Εὐφράτην
2141 728 2161 764 ὃ
2176 728 2282 780 Μαρ-

1237 780 1367 830 κιανὸς,
1387 781 1447 820 καὶ
1464 781 1555 819 κατὰ
1567 781 1627 828 τὴν
1645 781 1839 833 Ὀσροηνὴν
1859 782 2024 833 γεγονὼς,
2044 783 2112 830 ἤδη
2133 789 2191 823 τοῦ
2215 786 2280 824 θέ-

1238 853 1315 890 ρους
1336 839 1652 891 παρ[ακμάσαντος
1670 843 1762 876 Has.
1785 841 1949 891 suppl.],
1970 841 2030 878 καὶ
2050 844 2118 880 τῶν
2145 843 2282 895 {30:964-

1239 912 1306 948 ρων
1340 897 1426 941 τέως
1450 898 1546 936 οὐδὲν
1575 898 1826 951 προειδομένων
1859 899 2039 949 πολέμιον,
2073 902 2283 954 τρισχιλίους

1236 955 1381 999 ὁπλίτας
1413 955 1504 994 κατὰ
1527 955 1590 1004 τὴν
1611 955 1819 1007 Ἀρζανηνὴν
1853 956 1945 995 οὕτω
1975 958 2194 1009 καλουμένην
2223 963 2282 1001 ἐκ·

1235 1014 1368 1065 πέμπει
1383 1020 1524 1068 μοῖραν,
1545 1016 1717 1066 ἡγεμόνας
1748 1015 1941 1062 ἐπιστήσας
1957 1017 2072 1062 αὐτοῖς
2096 1019 2282 1075 Θεόδωρόν

1236 1088 1274 1110 τε
1293 1072 1354 1110 καὶ
1378 1073 1540 1125 Σέργιον,
1556 1075 1595 1111 ἐκ
1616 1077 1675 1111 τοῦ
1702 1073 1865 1118 Ῥάὸδιος
1897 1074 1937 1112 τὸ
1965 1074 2062 1126 γένος
2092 1075 2280 1130 ἕλκοντας,

1237 1131 1461 1170 Ἰουὸεντῒνόν
1480 1148 1536 1179 τε,
1554 1134 1622 1170 τῶν
1642 1133 1678 1170 ἐν
1696 1132 1850 1172 Χαλκίδι
1866 1134 2055 1184 ταγμάτων
2069 1136 2279 1188 ἡγούμενον.

126 1193 249 1242 μαίους
262 1208 299 1230 τε
319 1192 378 1231 καὶ
408 1191 584 1242 Τούρκους
603 1190 759 1229 ἐκποδὼν
785 1191 944 1242 γενέσθαι
967 1189 1176 1228 διεσπούδα-
1229 1187 1468 1237 Ἐμὸαλόντες
1496 1182 1556 1226 οὖν
1588 1189 1752 1236 ἐξαπίνης
1783 1189 1844 1236 τὴν
1884 1193 2032 1243 Περσῶν
2063 1192 2185 1244 δῃοῦσι
2217 1194 2282 1242 γῆν

122 1246 194 1294 ζον-ζ
216 1251 287 1290 Τὸν
312 1250 432 1301 ὅμοιον
457 1250 493 1288 δὲ
516 1250 643 1298 τρόπον
665 1253 859 1300 ἀντεπῆγον
877 1250 936 1288 καὶ
959 1251 1097 1296 Μῆδοι,
1115 1253 1175 1287 τοῦ

124 1309 279 1359 πολέμου
294 1309 356 1354 τὰς
370 1309 527 1362 ἀφορμὰς
544 1310 788 1352 ἐπικαλοῦντες
808 1308 1013 1359 Ῥωμαίοις,
1026 1308 1079 1346 ὅτι
1098 1307 1176 1352 τοὺς

124 1367 339 1420 Ἀρμενίους,
370 1367 563 1421 ὑποφόρους
585 1366 700 1420 σφίσιν
722 1367 844 1414 ὄντας,
873 1370 906 1410 ἐς
936 1366 1175 1405 ἑπανάστασίν

123 1442 161 1464 τε
181 1427 398 1478 ἑωρακότας,
420 1427 480 1464 καὶ
496 1426 554 1464 τὸν
581 1426 733 1479 ἄρχοντα
760 1429 854 1479 σφῶν
886 1426 1067 1478 Σουρήνην
1091 1425 1175 1463 τοῦ-

121 1501 213 1534 νομα
225 1485 547 1538 διαχρησαμένους,
571 1488 614 1536 τῇ
639 1501 676 1523 τε
696 1485 886 1535 Ῥωμαίων
902 1487 993 1538 ἀρχῇ
1011 1500 1175 1538 προσχω-

124 1544 322 1594 ρήσαντας,
349 1546 384 1582 ἐν
405 1544 569 1587 σπονδαῖς
590 1543 798 1588 ὑπεδέξαντό
817 1560 852 1582 τε
873 1544 934 1582 καὶ
962 1547 1022 1590 τῆς
1046 1543 1174 1586 οἰκείας

123 1603 243 1645 αὐτοῖς
275 1602 540 1652 μεταδεδώκασι
561 1603 779 1654 συμμαχίας.
803 1604 884 1654 Οὐχ
913 1602 1040 1650 ἥκιστα
1072 1602 1108 1640 δὲ
1135 1602 1174 1640 τὸ

121 1660 313 1711 φιλόνεικον
345 1663 459 1704 αὐτοῖς
489 1661 547 1699 ἐπὶ
567 1661 671 1699 πλέον
701 1661 831 1708 ηὐξήθη
864 1660 989 1712 (εἴτις
1020 1661 1089 1712 ἄρα
1109 1660 1172 1708 τὴν

122 1719 366 1771 ἀφανεστάτην
378 1720 507 1767 αἰτίαν,
525 1722 638 1767 ἀληθῆ
657 1720 692 1758 δὲ
709 1719 820 1770 ὅμως,
839 1721 960 1769 μαθεῖν
983 1719 1170 1771 ἐθελήσῃ),

121 1776 173 1815 δ’τι
194 1778 234 1825 δὴ
253 1781 270 1816 ὁ
290 1778 452 1830 βασιλεὺς
466 1779 649 1822 Ἰουστῖνος
669 1780 804 1829 οὐδαμῆ
825 1778 939 1825 ἠξίου,
959 1778 1103 1830 χρυσίου
1119 1778 1171 1816 λί-

121 1852 204 1888 τρας
249 1837 498 1892 πεντακοσίας,
537 1837 588 1890 ἐφ’
622 1831 675 1880 αἶς
706 1836 900 1890 ἔμπροσθεν
933 1837 1114 1888 γεγόνασιν
1135 1838 1171 1875 αἱ

121 1895 290 1944 σπονδαὶ,
313 1895 480 1947 παρέχειν
501 1895 636 1942 Μήδοις
655 1897 702 1940 εἷς
730 1896 877 1934 ἕκαστον
904 1895 995 1944 ἔτος,
1020 1896 1081 1933 καὶ
1108 1895 1172 1942 τὴν

123 1952 312 2003 Ῥωμαίων
343 1954 522 1992 πολιτείαν
545 1954 699 2006 Πέρσαις
719 1955 893 2008 ὖπόφορον
922 1957 955 1998 ἐς
978 1954 1032 1992 ἀεὶ
1060 1970 1173 1992 κατα-

123 2012 334 2059 στήσασθαι.

175 2085 205 2111 3.
236 2073 269 2110 Τ
271 2075 310 2125 οῦ
333 2072 460 2124 χρόνου
492 2072 604 2110 τοίνυν
626 2074 660 2116 ἐς
678 2072 785 2126 πέρας
807 2072 988 2125 ἀχθέντος,
1020 2071 1108 2123 ὑπὲρ
1135 2066 1174 2110 οὗ

118 2130 162 2167 τὰ
183 2130 352 2183 χρήματα
368 2131 460 2169 κατὰ
475 2131 518 2169 τὰ
530 2131 641 2170 πάλαι
655 2132 866 2183 συγκείμενα
878 2131 1037 2184 Χοσρόης
1050 2133 1068 2168 ὃ
1081 2133 1175 2183 Περ-

118 2242 216 2274 finem
240 2243 325 2284 cepit
349 2252 434 2275 anno
449 2252 535 2275 nono
552 2245 723 2284 postquam
744 2244 915 2275 Mauricius
925 2245 1039 2276 caesar
1066 2252 1173 2275 rerum

118 2296 187 2325 erat
204 2296 422 2327 Romanarum
448 2295 578 2336 potitus.
598 2298 720 2328 Causas
737 2296 911 2327 simultatis
933 2296 1014 2327 alter
1036 2295 1174 2336 populus

118 2347 210 2378 alteri
237 2347 440 2388 imputabat:
458 2349 613 2389 Romani,
638 2349 714 2389 quia
739 2349 878 2389 graviter
900 2349 1062 2388 ferebant,
1086 2348 1172 2389 quod

117 2399 304 2430 Homeritas
317 2399 424 2439 (natio
435 2400 482 2431 est
499 2399 624 2438 Indica,
642 2401 673 2431 in
690 2400 814 2440 imperii
833 2400 951 2431 foedere
961 2401 992 2431 et
1005 2399 1171 2439 clientela)

116 2458 134 2481 a
147 2458 181 2481 se
191 2449 370 2490 disjungere
383 2451 488 2482 conati
504 2452 623 2491 Persae,
640 2451 763 2491 repulsa
776 2453 905 2491 accepta
916 2476 923 2490 ,
936 2451 1172 2491 expeditionem

117 2502 271 2534 adversus
294 2502 366 2534 illos
388 2503 457 2543 ipso
482 2503 683 2535 induciarum
708 2505 853 2543 tempore
877 2505 1110 2543 susceperunt:
1132 2504 1172 2534 ad

117 2554 204 2592 haee,
230 2554 334 2595 quod,
350 2563 453 2594 quum
478 2557 592 2587 Turcoe
618 2555 659 2586 ad
680 2557 840 2587 Romanos
856 2555 1048 2594 legationem
1074 2555 1172 2586 ‹lesti-

118 2607 263 2645 nassent,
275 2607 422 2638 Justinus
436 2608 542 2638 Caesar
555 2608 665 2638 autem
681 2608 714 2638 et
731 2606 909 2638 admisisset
925 2608 1068 2638 oratores
1082 2607 1171 2645 illos,

116 2659 148 2689 et
170 2658 381 2689 Zemarebum
392 2681 401 2695 .
416 2658 522 2689 virum
535 2658 732 2690 senatorium
744 2681 754 2697 ,
776 2658 921 2696 jussisset
934 2666 996 2689 una
1016 2667 1090 2689 cum
1112 2659 1173 2689 illis

116 2710 295 2750 proficisci,
322 2712 426 2743 Persae
442 2711 579 2751 pecunia
605 2720 810 2752 corrumpere
834 2712 952 2743 Alanos
973 2712 1098 2750 conati,
1118 2721 1172 2752 per

116 2772 254 2803 quorum
272 2764 350 2796 lines
362 2765 458 2804 legati
475 2764 536 2796 iter
551 2765 665 2796 facturi
691 2765 783 2796 erant
796 2788 804 2803 ‚
826 2773 926 2805 quum
940 2765 1170 2803 Zemarclmm‚

117 2817 187 2846 tum
198 2818 358 2847 Romanos
380 2819 412 2848 et
425 2818 547 2848 ‘turcas
560 2825 635 2848 enm
656 2816 863 2855 comitantes,
884 2816 996 2847 tollere
1012 2816 1052 2847 de
1069 2816 1172 2847 medio

117 2868 298 2900 voluerant.
326 2868 442 2900 Eadem
460 2869 583 2901 ratione
602 2871 714 2900 contra
730 2869 985 2900 criminabantur
1002 2870 1124 2908 Persae,
1141 2869 1171 2899 in

120 2921 282 2951 Romanos
297 2920 414 2952 collata
433 2921 526 2961 eulpa
544 2920 636 2960 belli,
648 2921 735 2961 quod
750 2921 933 2959 Armenios,
951 2920 1173 2960 stipendiarios

116 2979 209 3010 suos,
225 2971 263 3002 ad
284 2971 495 3003 desectionem
515 2975 712 3012 spectantes,
726 2973 780 3013 qui
792 2997 800 3012 ,
818 2973 968 3013 praesecto
983 2981 1095 3004 eorum
1110 2975 1171 3004 Su-

118 3031 195 3054 rena
214 3024 384 3062 truncato,
409 3032 442 3054 se
458 3024 490 3054 in
513 3026 730 3055 Romanorum
750 3025 932 3056 clientelam
948 3025 1171 3063 contulerant,

118 3074 237 3105 findere
256 3082 407 3114 percusso
433 3074 465 3104 in
482 3075 668 3107 societatem
686 3077 887 3116 recepissent.
907 3078 1017 3116 Neque
1042 3076 1172 3107 minime

114 3134 157 3156 ex
175 3134 213 3156 eo
230 3126 325 3156 aucta
339 3127 501 3156 contentio
520 3127 567 3165 (si
582 3127 652 3167 quis
665 3128 874 3159 occultiorem
889 3127 1020 3168 quidem
1031 3152 1040 3168 ,
1057 3127 1112 3159 sed
1127 3128 1173 3159 ni-

115 3177 291 3208 hilominus
306 3185 415 3208 veram
436 3186 564 3208 causam
585 3187 676 3210 nosse
701 3179 816 3218 velit),
834 3180 921 3219 quod
949 3179 1096 3211 Justinus
1114 3179 1172 3210 im-

118 3231 247 3270 perator
259 3229 436 3269 quingenas
451 3230 520 3261 auri
544 3230 640 3262 libras
658 3231 877 3270 superioribus
887 3232 1022 3264 induciis
1043 3233 1171 3272 pactas,

115 3290 183 3313 non
197 3281 333 3322 amplius
347 3281 447 3312 Medis
466 3281 603 3321 pendere
616 3283 789 3322 quotannis
803 3292 907 3323 neque
920 3284 1088 3324 imperium
1106 3285 1169 3314 Ro-

115 3343 250 3366 manum
265 3333 366 3366 Persis
378 3334 533 3374 vectigale
550 3336 704 3374 perpetuo
720 3335 852 3367 reddere
866 3336 1005 3367 volebat.

162 3391 190 3418 3.
207 3387 254 3418 lta
266 3387 409 3426 tempore
424 3386 488 3424 jam
503 3386 650 3418 consecto
660 3411 668 3426 ‚
681 3395 738 3426 pro
752 3396 818 3426 quo
836 3395 877 3418 ex
898 3389 992 3427 pacto
1008 3388 1172 3428 superiore

115 3439 288 3479 pecuniam
307 3439 465 3472 Cliosroes
484 3448 540 3471 rex
559 3442 728 3472 Persarum
745 3442 911 3481 acceperat
934 3441 1028 3482 (nam
1051 3450 1169 3474 conve-

1228 1246 1288 1284 καὶ
1319 1246 1418 1285 λείαν
1443 1247 1566 1294 ἱκανὴν
1597 1248 1829 1300 κομισάμενοι
1849 1251 1895 1293 ὡς
1923 1249 2075 1302 τάχιστα
2104 1248 2283 1289 ἐπανίασι.

1238 1307 1338 1347 Μετὰ
1358 1307 1393 1346 δὲ
1410 1307 1472 1354 τὴν
1490 1311 1549 1345 τοῦ
1570 1309 1740 1360 χειμῶνος
1758 1307 1851 1360 ὥραν
1867 1310 2073 1360 Μαρκιανοῦ
2095 1308 2157 1354 τὰς
2176 1311 2280 1350 δυνά-

1238 1383 1314 1417 μεις
1336 1362 1431 1410 αὖθις
1449 1368 1731 1420 συναγείραντος,
1753 1366 1792 1405 ἔκ
1810 1383 1847 1405 τε
1860 1371 1920 1406 τοῦ
1934 1367 2052 1420 Δάρας
2065 1369 2283 1421 ὁρμηθέντος,

1236 1426 1296 1463 καὶ
1315 1427 1382 1463 τῶν
1417 1424 1604 1478 βαρὸάρων
1625 1427 1686 1472 τῆς
1718 1424 1894 1469 Νισίὸεως
1923 1426 2059 1470 πόλεως
2088 1426 2284 1481 ἔμπροσθεν

1237 1486 1539 1531 ὑπαντιασάντων,
1568 1487 1842 1536 στρατηγοῦντος
1861 1485 1976 1528 αὐτοῖς
2005 1486 2232 1538 Βαραμάνου,
2249 1487 2285 1531 ὃς

1238 1545 1306 1580 τῶν
1324 1544 1435 1581 ἐκεῖσε
1458 1543 1647 1592 ταγμάτων
1663 1542 1782 1595 ἄρχειν
1795 1542 1980 1591 ἐτέτακτο,
2001 1543 2121 1596 μάχην
2136 1545 2283 1598 ἰσχυρὰν

1235 1601 1394 1653 γενέσθαι
1407 1601 1622 1651 συμὸέὸηκε,
1639 1601 1850 1653 Σαργαθὼν,
1865 1601 1956 1640 οὕτω
1972 1604 2281 1657 προσαγορευομέ-

1235 1675 1294 1698 νου
1314 1662 1491 1712 Περσικοῦ
1510 1659 1663 1712 χωρίου,
1696 1660 1857 1707 πλησίον,
1888 1662 1923 1698 ἐν
1956 1656 2046 1713 ᾗπερ
2067 1661 2132 1700 ἀνὰ
2159 1663 2283 1715 κράτος

1237 1718 1410 1768 Ῥωμαῖοι
1425 1718 1501 1762 τοὺς
1517 1718 1714 1771 βαρὸάρους
1732 1718 1961 1772 τρεψάμενοι,
1986 1720 2134 1764 πολλοὺς
2155 1721 2191 1759 δὲ
2214 1738 2282 1760 κα-

1235 1777 1464 1825 ταὸαλόντες,
1487 1778 1682 1830 ἀπόπειραν
1703 1777 1764 1825 μὲν
1801 1782 1860 1816 τοῦ
1881 1779 2059 1827 Θηὸηθὼν
2091 1780 2282 1832 (Θεὸοθὼν

1236 1851 1297 1887 ap.
1315 1839 1529 1886 Theophyl.
1547 1837 1557 1886 )
1576 1836 1786 1883 ἐποιήσαντο
1803 1837 1966 1889 φρουρίου
1982 1867 1992 1885 ,
2012 1837 2096 1875 δέκα
2123 1838 2184 1882 τὰς
2211 1840 2280 1876 πά-

1236 1911 1300 1938 σας
1320 1894 1454 1947 ἡμέρας
1475 1895 1600 1933 αὐτόσε
1632 1894 1885 1948 διατρίψαντες.
1917 1898 2028 1935 Τοῦτο
2047 1895 2083 1934 δὲ
2110 1899 2284 1947 μηδαμῶς

1237 1955 1324 1992 ἑλεῖν
1350 1954 1559 2000 δυνηθέντες,
1576 1947 1678 1997 αὖθις
1708 1953 1801 1992 κατὰ
1826 1953 1865 1991 τὸ
1879 1953 1996 2005 Δάρας
2023 1954 2187 1994 ἐπανίασι
2206 1957 2282 1994 πό-

1236 2014 1346 2062 λισμα
1357 2043 1369 2062 ‚
1384 2013 1433 2050 ἔτι
1444 2015 1505 2050 τοῦ
1526 2006 1608 2064 ἦρος
1629 2012 1864 2062 ἀκμάζοντος,
1888 2013 1949 2051 καὶ
1975 2015 2023 2057 εἷς
2034 2011 2098 2060 τὴν
2110 2014 2283 2064 πολεμίαν

1239 2067 1335 2115 αὖθις
1354 2070 1572 2122 ἐμὸάλλουσι
1599 2074 1679 2123 γ’ἧν,
1703 2070 1825 2123 γνώμῃ
1845 2087 1882 2109 τε
1902 2071 2074 2124 βασιλέως
2094 2072 2284 2112 Ἰουστίνου

1240 2129 1382 2169 Νίσιὸιν
1401 2130 1596 2182 πολιορκεῖν
1614 2129 1856 2181 διεγνώκασιν.

1234 2246 1326 2274 norat
1344 2244 1379 2274 ut
1392 2242 1502 2274 decem
1516 2251 1675 2274 annorum
1689 2243 1881 2282 stipendium
1896 2252 1958 2274 una
1971 2245 2284 2285 reprmentaretur),

1233 2295 1322 2326 nulla
1340 2304 1373 2326 re
1394 2294 1434 2326 ad
1459 2295 1670 2327 dirimendam
1698 2295 1948 2327 controversiam
1970 2297 2110 2336 tentata,
2137 2297 2285 2329 Justinus

1234 2349 1450 2378 Romanorum
1471 2347 1644 2387 imperator
1664 2347 1695 2378 in
1712 2347 1875 2378 Orientem
1893 2347 2060 2379 confestim
2080 2348 2178 2380 mittit
2196 2350 2284 2381 Mar-

1233 2399 1360 2430 cianum
1385 2400 1518 2438 ducem,
1546 2400 1714 2440 patricium
1745 2399 1865 2430 ordinis
1892 2399 2062 2439 senatorii,
2087 2409 2201 2440 genere
2225 2401 2284 2434 sibi

1232 2450 1460 2491 conjunctum,
1492 2461 1557 2483 non
1590 2451 1773 2491 imperitum
1806 2451 2022 2491 periculorum
2042 2451 2136 2492 belli,
2167 2453 2200 2484 et
2226 2453 2283 2493 qui

1231 2502 1362 2534 omnino
1376 2503 1408 2534 in
1428 2503 1568 2535 strenuis
1588 2504 1621 2535 et
1640 2504 1708 2535 erat
1722 2504 1754 2534 et
1770 2497 2069 2535 numerabatur.'ls
2088 2504 2283 2542 Marcianus,

1230 2556 1416 2588 transmisso
1431 2557 1611 2597 Euphrate,
1628 2565 1728 2596 quum
1743 2556 1775 2587 in
1786 2557 1947 2587 Osroenen
1961 2556 2117 2595 venisset,
2129 2557 2282 2597 praecipiti

1228 2607 1294 2647 jam
1314 2609 1424 2639 aestate
1434 2632 1443 2647 ‚
1459 2617 1564 2648 neque
1576 2607 1719 2639 barbaris
1735 2607 1890 2639 hactenus
1917 2607 2032 2639 hostile
2043 2608 2216 2648 quiequam
2230 2618 2284 2640 su-

1230 2659 1438 2699 spicantibus,
1450 2652 1554 2699 gravis
1569 2661 1743 2690 armaturae
1767 2658 1885 2690 milites
1899 2660 1964 2690 tres
1979 2659 2065 2690 mille
2091 2659 2124 2691 in
2143 2661 2282 2692 tractum

1231 2710 1286 2750 qui
1312 2713 1477 2742 Arzanene
1500 2713 1634 2742 vocatur
1652 2710 1770 2749 mittit,
1798 2710 1912 2750 hisque
1937 2710 2104 2750 praefectos
2117 2712 2283 2752 ‹praeponit

1231 2762 1434 2794 Theodorum
1445 2766 1478 2794 et
1497 2763 1641 2803 Sergium
1660 2772 1699 2795 ex
1710 2763 1835 2795 Rliabdi
1848 2763 2000 2795 oriundos
2009 2788 2018 2803 ‚
2031 2765 2128 2804 atque
2137 2765 2282 2797 Juventi-

1231 2824 1321 2854 nnm‚
1336 2815 1501 2855 copiarum
1515 2825 1588 2856 quae
1603 2815 1752 2847 Chalcide
1765 2818 1855 2847 erant
1868 2816 1994 2848 ducem.
2009 2817 2048 2848 Hi
2061 2816 2101 2847 de
2112 2816 2284 2857 improviso

1231 2868 1388 2899 irruentes
1415 2870 1584 2900 Persarum
1612 2876 1703 2907 agros
1730 2869 1936 2908 populantur,
1972 2870 2005 2899 et
2024 2868 2139 2900 idonea
2173 2868 2284 2909 praeda

1232 2920 1314 2951 saeta
1334 2919 1500 2951 confestim
1518 2919 1663 2951 redeunt.
1688 2919 1800 2950 Hieme
1817 2921 1932 2951 exacta
1946 2920 2147 2960 Marcianus,
2165 2921 2283 2952 mactis

1231 2972 1346 3003 iterum
1361 2971 1459 3012 copiis
1469 2996 1478 3011 ‚
1491 2974 1573 3003 Dara
1587 2971 1747 3011 profectus
1758 2971 1789 3002 in
1803 2971 1954 3002 barbaros
1967 2971 2096 3011 incidit,
2111 2981 2152 3003 ex
2164 2972 2282 3013 oppido

1231 3024 1330 3056 Nisibi
1350 3025 1478 3055 obviam
1495 3024 1679 3062 tendentes,
1697 3023 1779 3055 duce
1798 3025 1993 3064 ammana,
2012 3024 2205 3056 militaribus
2220 3034 2280 3056 nu-

1232 3076 1327 3107 meris
1347 3085 1402 3116 per
1421 3077 1527 3116 partes
1548 3076 1618 3107 illas
1635 3084 1769 3116 praeesse
1784 3075 1883 3116 jusso.
1905 3075 1952 3107 lbi
1977 3084 2083 3116 pugna
2098 3075 2180 3108 acris
2198 3077 2282 3108 faeta

1231 3129 1279 3159 est
1297 3136 1396 3168 prope
1426 3127 1534 3158 vicum
1565 3127 1727 3158 Persicum
1750 3127 1927 3167 Sargathon
1948 3128 2102 3158 vocatum
2122 3137 2130 3159 :
2149 3136 2189 3159 ex
2216 3137 2281 3168 qua

1233 3181 1385 3220 Romani,
1414 3181 1490 3212 susis
1518 3180 1698 3220 fugatisque
1716 3180 1877 3219 barbaris,
1906 3180 2038 3221 dejectis
2066 3190 2130 3213 non
2155 3181 2281 3222 paucis,

1230 3232 1394 3264 castellum
1405 3232 1593 3264 Tliebetlion
1603 3232 1838 3272 oppugnatione
1849 3234 2054 3264 tentaverunt
2063 3257 2072 3272 ,
2081 3233 2158 3264 totis
2169 3233 2280 3265 decem

1231 3285 1344 3317 diebus
1372 3285 1413 3316 ibi
1440 3285 1650 3324 consumptis.
1670 3284 1704 3316 ld
1726 3293 1827 3325 quum
1845 3293 1957 3324 capere
1978 3285 2067 3316 nullo
2084 3285 2180 3317 modo
2204 3286 2278 3326 qui-

1232 3338 1318 3376 rent,
1333 3336 1438 3368 medio
1463 3336 1632 3367 etiamtum
1650 3344 1724 3367 vere
1739 3336 1779 3367 ad
1803 3338 1919 3368 Dar-am
1937 3336 2090 3377 oppidum
2106 3345 2139 3369 se
2150 3345 2277 3377 recepe-

1231 3390 1323 3428 runt,
1337 3390 1369 3420 et
1382 3387 1486 3419 denuo
1506 3387 1582 3419 illati
1603 3387 1633 3418 in
1653 3387 1728 3419 fines
1745 3387 1886 3419 hostium
1899 3412 1908 3427 ,
1935 3397 1974 3420 ex
1993 3387 2145 3420 mandato
2159 3388 2278 3421 Justini

1229 3439 1430 3481 imperatoris
1442 3447 1626 3480 oppugnare
1644 3438 1763 3471 Nisibin
1776 3440 1967 3471 statuerunt.
