2372 3704
1013 199 1347 241 FRAGMENTA.

383 310 413 344 E
440 308 602 345 LIBRIS
631 307 870 346 INCERTIS.

603 410 665 449 14.

164 483 292 532 Steph.
315 484 402 531 Byz.
423 495 432 518 ε
454 479 608 532 Τέγυρα,
621 478 720 522 πόλις
735 478 917 527 Βοιωτίας,
936 480 971 518 ἓν
988 474 1012 532 ᾗ
1030 480 1155 519 Ἀπόλ-

110 539 206 579 λωνά
237 554 322 593 φασι
349 540 568 590 γεννηθῆναι.
610 539 731 588 Σῆμος
763 537 792 575 δ’
820 539 838 575 ὁ
859 537 1001 584 Δήλιος·
1029 555 1045 573 «
1078 538 1155 586 Τὴν

111 598 326 642 ’Λπόλλωνος
343 597 475 649 γένεσιν
502 599 532 634 οἳ
551 595 612 646 μὲν
642 598 676 634 ἐν
700 595 837 648 Λυκίᾳ,
858 598 889 634 οἱ
906 596 942 634 δὲ
958 597 994 635 ἐν
1023 596 1151 650 Δήλῳ,

110 658 141 695 οῖ
170 656 199 694 δ’
220 657 255 694 ἐν
276 659 439 708 Ζωστῆρι
459 658 520 702 τῆς
550 655 732 701 Ἀττικῆς,
753 656 785 692 οἱ
805 654 833 692 δ’
857 655 892 693 ἐν
921 654 1064 709 Τεγύρᾳ
1095 659 1157 702 τῆς

111 713 281 757 Βοιωτίας
316 714 419 766 φασίν
442 728 450 737 ·
484 712 558 751 ὅθεν
594 712 654 750 καὶ
688 711 881 764 Τεγυρήϊος
913 712 1107 753 Ἀπόλλων.
1135 732 1152 748 »

110 771 348 819 Καλλισθένης
368 773 404 810 ἐν
417 771 522 824 τρίτῳ
535 772 603 808 τῶν
629 770 843 817 Ἑλληνικῶν
867 772 933 822 (fr.
955 772 1000 822 3)
1025 772 1100 810 κτλ.

162 833 415 881 De.Apolline
445 831 616 868 Zosterio
635 843 673 867 v.
692 832 819 878 Etym.
841 831 894 869 M.
927 835 1085 880 p.·414,
1108 844 1156 867 20

113 890 296 940 (Meinek.
332 891 380 927 ad
413 890 582 938 Euphor.
601 902 643 939 p.
677 888 792 939 152);
821 890 949 928 Schol.‘
973 891 1154 939 Hermog.

109 962 148 999 p.
170 949 266 999 3893
285 950 442 986 Pausau.
459 951 493 995 I,
513 949 576 985 31.

598 1015 659 1053 15.

161 1093 363 1129 Athenaeus
377 1093 430 1138 II,
450 1105 490 1142 p.
508 1091 577 1138 38,
593 1093 622 1129 A
644 1105 653 1128 t
672 1091 794 1140 Σῆμος
816 1090 846 1128 δ’
865 1092 883 1128 ὃ
899 1090 1027 1137 Δήλιός
1050 1106 1155 1144 φησι·

111 1168 134 1198 ιιΧ
146 1150 303 1202 Τρίπους
319 1151 484 1202 χαλκοῦς,
505 1150 571 1201 οὐχ
587 1151 604 1187 ὃ
622 1149 785 1197 Πυθικὸς,
806 1150 883 1187 ἀλλ’
899 1148 935 1188 ὃν
946 1153 1006 1188 νῦν
1020 1150 1155 1197 λε’ὅητα

107 1209 291 1247 καλοῦσιν.
308 1204 416 1248 Οὗτοι
434 1208 463 1246 δ’
482 1202 572 1255 ἦσαν
592 1209 624 1246 οἱ
644 1206 708 1258 μὲν
725 1207 874 1260 ἄπυροι,
894 1209 942 1252 εἷς
959 1207 1015 1252 οὓς
1029 1207 1087 1246 τὸν
1105 1203 1157 1246 οἶ-

108 1283 164 1306 νον
195 1266 450 1321 ἐξεκεράννυον·
482 1268 513 1305 οἳ
534 1266 570 1304 δὲ
604 1266 826 1318 λοετροχόοι,
862 1267 897 1304 ἐν
922 1260 970 1310 οἷς
999 1266 1039 1305 τὸ
1064 1266 1155 1320 ὕδωρ

108 1325 326 1379 ἐθέρμαινον,
339 1326 398 1364 καὶ
415 1324 670 1378 ἐμπυριὸῆται.
686 1324 757 1363 Καὶ
774 1324 904 1363 τούτων
921 1324 1003 1362 ἔνιοι
1020 1325 1156 1364 ὠτώεν-

107 1399 181 1431 τες,
209 1383 357 1437 τρίποδα
378 1384 414 1423 δὲ
439 1384 501 1430 τὴν
522 1382 695 1422 ὑπόὸασιν
717 1382 876 1435 ἔχοντες,
895 1382 1052 1436 τρίποδες
1069 1385 1154 1423 ὠνο-

109 1443 274 1493 μάζοντο.
298 1461 314 1477 »

601 1501 660 1540 16.

154 1573 259 1611 Idem
279 1575 336 1610 XI
349 1601 360 1620 ‚
377 1587 414 1623 p.
435 1573 527 1619 502,
547 1575 576 1610 B
601 1587 608 1610 ε
631 1572 817 1611 Ἐκαλεῖτο
834 1571 871 1610 δέ
891 1586 942 1615 τις
957 1571 1018 1610 καὶ
1040 1573 1152 1624 βαλα-

104 1630 197 1678 νωτὴ
217 1631 324 1685 φιάλη
336 1661 346 1679 ,
365 1625 407 1678 ἧς
425 1633 475 1684 τῷ
499 1630 648 1681 πυθμένι
667 1633 795 1683 χρυσοῖ
810 1629 990 1668 ὑπέκειντο
1018 1631 1154 1683 ἀστρά-

102 1691 216 1742 γαλοι.
240 1691 362 1740 Σῆμος
390 1688 427 1727 δὲ
455 1691 490 1728 ἐν
519 1689 626 1742 Δήλῳ
652 1689 858 1727 ἀνακεῖσθαί
887 1704 974 1742 φησι
998 1691 1154 1741 χαλκοῦν

84 1757 88 1761 ’
104 1747 263 1802 φοίνικα,
298 1747 437 1793 Ναξίων
475 1747 660 1798 ἀνάθημα,
700 1747 761 1785 καὶ
802 1747 986 1799 καρυωτὰς
1027 1748 1156 1800 φιάλας

103 1813 247 1860 χρυσᾶς.

601 1879 661 1912 17.

157 1944 263 1980 Idem
281 1956 322 1991 p.
345 1956 389 1989 71
405 1970 415 1988 ‚
436 1943 464 1980 C
485 1956 493 1978 :
513 1934 603 1980 Οἶδα
626 1940 661 1978 δὲ
681 1939 742 1979 καὶ
762 1935 913 1992 Κίναρον
936 1939 1158 1991 καλουμένην

105 2004 222 2050 νῆσον,
242 1995 284 2048 ἧς
304 1999 514 2051 μνημονεύει
532 2002 668 2050 Σῆμος.

599 2088 661 2126 18.

2174 211 2253 245 ⁴95

1217 287 1294 331 τοὺς
1307 287 1500 339 Βορεάδας,
1518 287 1575 325 διὰ
1594 287 1632 325 τὸ
1651 290 1807 327 κωλῦσαι
1829 288 1892 336 τὴν
1922 293 2005 328 ναῦν
2039 290 2257 345 ὑποστρέψαι

1167 367 1170 369 ·
1218 345 1324 383 πάλιν
1340 347 1387 389 εἷς
1407 345 1470 392 τὴν
1503 345 1660 394 Μυσίαν,
1693 346 1798 399 φησὶν
1818 347 2055 392 Ἀπολλώνιος.
2075 351 2195 399 Σῆμος
2223 350 2261 388 δέ

1218 418 1323 456 φησι,
1343 402 1400 441 διὰ
1422 402 1462 441 τὸ
1483 404 1658 455 ληφθῆναι
1675 403 1794 457 δρόμῳ
1820 404 1877 443 τὸν
1902 404 2084 458 Ἡρακλέα
2102 410 2171 446 τῶν
2192 410 2260 447 Bo·

1219 462 1364 514 ρεαδῶν.
1387 461 1654 514 Στησίμὸροτος
1673 462 1709 501 δὲ
1729 463 1809 500 κτλ.

1686 540 1732 577 18
1761 551 1797 576 a.

1270 614 1395 652 Sehol.
1425 616 1466 651 in
1481 617 1595 651 Hom.
1618 615 1753 663 Odyss.
1791 630 1833 662 μ,
1872 620 1944 659 124
1981 629 2002 653 e
2036 618 2122 654 cod.
2152 618 2259 656 Harl.

1219 673 1320 720 5674
1335 675 1375 709 in
1394 674 1562 712 Cramer.
1583 674 1727 710 Anecd.
1745 675 1862 713 Paris.
1885 676 1964 720 ΙΙΙ,
1982 688 2020 724 p.
2039 680 2114 724 479
2137 689 2145 715 :
2165 677 2262 727 Κρά-

1217 737 1307 769 ταιῖν
1326 732 1493 781 (praestat
1506 730 1698 783 Κραταιΐν)
1719 730 1919 782 Σχῆμός(1.
1941 731 2062 782 Σῆμός
2075 735 2263 786 Cramer.)

1217 805 1321 840 φησιν
1358 789 1514 837 Ἑκάτης
1550 789 1610 828 καὶ
1640 789 1837 842 Τρίτωνος,
1879 792 2033 842 Κραταιῖ
2065 794 2087 836 ἢ
2127 808 2188 836 τας
2229 792 2265 831 δὲ

1220 850 1267 898 (l.
1290 846 1502 900 Κραταιΐδος
1522 847 1577 900 δὲ)
1595 847 1656 886 καὶ
1676 848 1807 899 Δείμου
1833 848 2011 888 Σκύλλαν.
2046 849 2264 902 Στησίχορος

1216 905 1360 956 Λάμιαν
1383 907 1467 956 φησὶ
1480 909 1541 953 τῆς
1562 906 1724 954 Σκύλλης
1745 906 1895 959 μητέρα.
1912 909 1970 947 Cf.
1996 910 2116 947 schol.
2138 911 2264 958 Apoll.

1216 962 1342 1004 Rho'd.
1353 967 1418 1015 IV,
1433 966 1509 1004 828
1524 980 1531 1003 ε
1544 965 1763 1010 Ἀκουσίλαος
1774 965 1954 1017 Φόρκυνος
1967 965 2027 1004 καὶ
2038 966 2192 1014 Ἑκάτης
2203 966 2264 1013 τὴν

1218 1022 1381 1061 Σκύλλαν
1403 1022 1515 1072 λέγει·
1531 1023 1695 1075 σΟμηρος
1708 1022 1742 1061 δὲ
1756 1023 1818 1070 τὴν
1837 1023 2000 1071 Σκύλλης
2016 1024 2151 1076 μητέρα
2170 1024 2266 1077 Κρά·

1217 1087 1307 1118 ταιϊν
1328 1082 1442 1119 καλεῖ.
1466 1081 1689 1134 Ἀμφοτέροις
1711 1075 1769 1120 οὖν
1788 1082 2017 1126 Ἀπολλώνιος
2046 1081 2266 1131 κατηκολού-

1192 1147 1195 1151 ’
1218 1142 1330 1185 θησεν.
1363 1139 1424 1178 Ἐν
1442 1139 1478 1177 δὲ
1499 1141 1574 1183 ταῖς
1605 1140 1787 1191 Μεγάλαις
1814 1140 1951 1186 Ἠοίαις
1973 1141 2180 1193 Φόρὸαντος
2196 1142 2259 1180 καὶ

1218 1196 1373 1245 Ἑκάτης
1391 1201 1413 1244 ἡ
1443 1197 1600 1237 Σκύλλα.
1618 1198 1836 1252 Στησίχορος
1853 1199 1887 1238 δὲ
1909 1200 1944 1238 ἐν
1963 1203 2006 1253 τῇ
2026 1199 2170 1254 Σκύλλῃ
2189 1203 2265 1241 Λα-

1218 1254 1300 1305 μίας
1327 1255 1391 1303 τὴν
1406 1256 1574 1295 Σκύλλαν
1590 1255 1675 1308 φησὶ
1691 1257 1864 1310 θυγατέρα
1885 1252 1985 1296 εἶναι.

1543 1355 1664 1394 ΠΕΡΙ
1692 1355 1940 1395 ΠΑΙΑΝΩΝ.

1715 1462 1776 1498 19.

1270 1525 1467 1561 Athenaeus
1481 1526 1586 1571 XIV,
1604 1538 1644 1574 p.
1667 1525 1761 1571 618,
1773 1527 1808 1561 D
1830 1537 1839 1563 :
1855 1525 1976 1574 Σῆμος
1996 1525 2026 1562 δ’
2046 1526 2064 1561 ὁ
2083 1523 2210 1571 Δήλιος
2229 1526 2263 1563 ἐν

1216 1583 1266 1633 τῷ
1290 1582 1380 1633 Περὶ
1395 1582 1553 1633 παιάνων
1574 1575 1680 1635 φησί’.
1702 1601 1719 1616 «
1739 1581 1796 1621 Τὰ
1823 1582 2010 1634 δράγματα
2039 1585 2107 1620 τῶν
2134 1586 2262 1635 κριθῶν

1218 1639 1306 1677 αὐτὰ
1322 1639 1400 1678 καθ’
1418 1642 1507 1678 αὑτὰ
1523 1640 1779 1693 προσηγόρευον
1796 1641 1933 1690 ἀμάλας
1945 1656 1952 1664 ·
1974 1642 2264 1693 συναθροισθέντα

1217 1698 1253 1737 δὲ
1268 1698 1328 1737 καὶ
1346 1701 1384 1738 ἐκ
1400 1700 1539 1737 πολλῶν
1556 1699 1639 1750 μίαν
1657 1699 1826 1751 γενόμενα
1840 1699 1971 1750 δέσμην
1987 1699 2106 1744 οὔλους
2122 1700 2184 1738 καῖ
2196 1699 2265 1739 ἷού·

1216 1759 1311 1802 λους·
1333 1758 1392 1796 καὶ
1411 1758 1474 1805 τὴν
1488 1758 1663 1810 Δήμητρα
1676 1758 1732 1797 ὁτὲ
1753 1758 1815 1808 μὲν
1830 1759 1973 1809 Χλόην,
1994 1757 2050 1797 ὁτὲ
2064 1758 2099 1797 δὲ
2121 1758 2257 1798 Ἰουλώ.

1217 1816 1302 1855 Ἀπὸ
1322 1819 1388 1855 τῶν
1406 1811 1463 1855 οῧν
1485 1820 1546 1863 τῆς
1565 1817 1752 1870 Δήμητρος
1771 1817 1980 1870 εὑρημάτων
2010 1817 2090 1861 τούς
2105 1833 2142 1855 τε
2175 1833 2263 1870 καρ-

1216 1875 1301 1919 ποὺς
1323 1875 1385 1914 καὶ
1405 1875 1482 1919 τοὺς
1501 1875 1647 1925 ὕμνους,
1679 1874 1757 1919 τοὺς
1776 1877 1823 1919 εἷς
1853 1875 1916 1922 τὴν
1942 1875 2028 1923 θεὸν,
2052 1875 2172 1920 οὔλους
2199 1892 2265 1914 κα-

1216 1934 1335 1982 λοῦσι,
1354 1933 1414 1971 καὶ
1438 1932 1581 1977 ἰούλους.
1603 1933 1849 1985 Δημήτρουλοι
1878 1933 1938 1972 καὶ
1953 1933 2165 1974 καλλίουλοι.
2188 1934 2259 1974 Καὶ

1301 2037 1451 2070 Πλεῖστον
1462 2036 1552 2069 οὖλον
1567 2037 1657 2069 οὖλον
1672 2038 1723 2078 ίει,
1740 2037 1843 2070 ἴουλον
1853 2038 1907 2070 ἵει.

1217 2114 1337 2155 Ἄλλοι
1354 2116 1390 2154 δέ
1406 2132 1509 2169 φασιν
1526 2118 1710 2169 ἐριουργῶν
1734 2110 1821 2155 εἶναι
1849 2117 1912 2164 τὴν
1933 2116 2039 2170 ᾠδήν.
2056 2118 2103 2157 Αἵ
2122 2116 2157 2155 δὲ
2188 2120 2258 2156 τῶν

160 2165 290 2204 SChOl·
306 2166 436 2214 APou-
452 2165 526 2202 Rh·
543 2166 574 2210 1²
597 2164 694 2208 1304
716 2175 725 2201 ἶ
742 2160 828 2201 “On
842 2160 1023 2209 ‘Homoffiss
1040 2163 1153 2232 ἀῨεῖλΕ
1218 2177 1444 2212 τιτθευουσῶν
1461 2175 1550 2228 ᾠδαὶ
1565 2174 1892 2221 καταὸαυκαλήσεις
1906 2175 2147 2226 ὀνομάζονται.
2167 2194 2185 2210 ¹·

642 2241 674 2247 ,,

600 2281 658 2313 14.

143 2346 282 2385 Tegyra,
309 2344 385 2377 urbs
398 2346 547 2387 Boeotiae,
562 2347 594 2378 in
613 2356 678 2388 qua
690 2348 870 2389 Apollinem
888 2349 1003 2381 natum
1022 2358 1090 2381 esse
1105 2349 1150 2381 di·

102 2397 190 2428 cunt.
207 2398 322 2428 semus
335 2397 444 2429 Delius
460 2411 467 2430 ι
481 2410 496 2426 «
509 2399 687 2439 Apollinem
701 2401 814 2431 natum
825 2409 893 2432 esse
905 2400 1036 2432 tradunt
1048 2401 1103 2433 alii
1119 2401 1152 2433 in

105 2448 201 2488 Lycia
213 2472 223 2488 ,
239 2449 293 2480 alii
311 2449 343 2480 in
361 2451 460 2490 Delo,
477 2451 530 2482 alii
551 2451 584 2483 in
606 2454 734 2484 Zostere
750 2453 864 2485 Atticae
876 2477 885 2493 ,
903 2453 958 2485 alii
973 2455 1104 2495 Tegyrae
1119 2454 1151 2486 in

102 2499 237 2540 Boeotia,
250 2500 336 2533 unde
352 2501 446 2533 etiam
461 2503 629 2543 Tegyraeus
637 2503 750 2544 Apollo
760 2504 887 2537 dicitur.
907 2516 924 2532 »

598 2579 653 2612 15.

143 2641 258 2673 Semus
285 2641 392 2674 Delius
406 2643 474 2676 ait:
491 2656 507 2672 «ι
530 2647 649 2678 AEneus
673 2646 796 2688 tripus‚
822 2656 886 2679 non
904 2648 1068 2690 Pythicus,
1096 2649 1151 2682 sed

100 2699 196 2730 quem
213 2700 299 2724 nunc
316 2693 453 2726 lebetem
470 2697 599 2728 vocant.
614 2699 714 2729 Erant
730 2707 808 2730 vero
831 2698 947 2730 horum
963 2700 1017 2732 alii
1037 2700 1150 2742 ἄπυροι

102 2743 186 2783 (igni
200 2752 265 2774 non
284 2746 464 2784 exponendi
480 2748 504 2787 )‚
516 2747 549 2779 in
568 2748 685 2789 quihus
701 2749 812 2781 vinum
829 2751 1075 2791 temperabant:
1098 2753 1151 2784 alii

99 2802 177 2826 vero
193 2795 391 2837 λοετροχόοι,
409 2797 442 2829 in
463 2798 582 2839 quibus
605 2809 722 2841 aquam
741 2802 985 2843 calefaciebant,
1007 2805 1039 2836 et
1053 2805 1151 2845 ἐμπυ-

99 2846 232 2885 ριὸῆται.
247 2849 293 2879 Ac
313 2847 427 2880 horum
445 2851 608 2890 nonnulli,
621 2852 678 2892 qui
693 2853 790 2885 auriti
807 2855 916 2895 erant,
934 2856 966 2887 et
978 2855 1080 2888 tribus
1092 2865 1150 2898 pe-

98 2896 192 2931 dibus
207 2898 376 2941 instructi,
392 2901 533 2943 tripodes
546 2905 755 2938 vocabantur.
776 2918 791 2934 »ι

595 2979 650 3013 16.

139 3033 310 3066 Nominata
330 3036 378 3068 est
393 3036 489 3069 etiam
512 3038 618 3079 phiala
630 3039 780 3080 quaedam
804 3040 1019 3081 qlandulata
1032 3052 1042 3073 :
1057 3042 1149 3083 cujus

99 3083 197 3116 fundo
213 3085 301 3117 aurei
324 3088 479 3128 suppositi
489 3091 580 3122 erant
600 3091 759 3131 astragali.
777 3094 891 3124 semus
902 3102 979 3125 vero
992 3094 1053 3134 ait,
1075 3095 1145 3126 Deli

97 3134 277 3168 dedicatam
290 3146 357 3170 esse
372 3147 493 3171 aeneam
509 3142 649 3181 palmam
665 3142 812 3175 arborem
823 3167 833 3184 ‚
850 3144 1028 3177 Naxiorum
1044 3145 1146 3177 dona-

98 3186 181 3219 num
193 3212 203 3228 ‚
219 3190 252 3221 et
264 3190 513 3231 amyqdalalas
525 3194 647 3235 phialas
661 3203 785 3228 aureas.

583 3273 641 3306 1⁷.

138 3326 218 3384 Novi
230 3327 331 3412 tetiam
347 3329 498 3364 Cinaram
518 3342 591 3374 quae
604 3335 738 3367 vocatur
753 3334 908 3376 insulam,
926 3336 1018 3376 cujus
1032 3338 1144 3369 semus

97 3378 226 3411 memini
244 3392 254 3412 ’.
806 3396 809 3398 ’

1708 2289 1722 2321 1
1730 2289 1765 2321 8.

1253 2345 1410 2378 Boreadas
1434 2346 1588 2378 Hercules
1616 2346 1794 2384 interfecit,
1818 2346 1906 2387 quod
1931 2346 2087 2388 impedire
2112 2347 2265 2379 volebant

1211 2396 1384 2437 quominus
1394 2397 1484 2428 navis
1496 2397 1529 2429 in
1538 2397 1673 2438 Mysiam
1682 2399 1909 2439 reverteretur,
1924 2399 1960 2430 ut
1972 2398 2161 2439 Apollonius
2173 2399 2262 2431 dicit.

1213 2452 1327 2482 semus
1344 2458 1418 2482 vero
1440 2450 1519 2483 dicit
1531 2452 1701 2492 propterea
1710 2476 1719 2492 ,
1734 2452 1820 2493 quod
1834 2461 1931 2485 cursu
1945 2453 2097 2486 Hercules
2115 2461 2135 2485 a
2146 2455 2263 2486 Borea-

1211 2501 1260 2533 ‹lis
1275 2501 1379 2534 victus
1396 2503 1490 2535 esset.

1694 2559 1739 2592 18
1764 2566 1800 2592 a.

1251 2619 1390 2651 Crataein
1406 2621 1519 2652 Semus
1535 2621 1668 2654 Hecates
1681 2622 1713 2654 et
1726 2620 1899 2653 Tritonidis
1917 2620 2016 2653 tiliam
2029 2621 2118 2663 dicit,
2131 2621 2263 2655 Crataei-

1210 2669 1260 2702 dis
1273 2679 1348 2703 vero
1359 2672 1391 2704 et
1410 2672 1494 2704 Dimi
1508 2671 1662 2714 (Metus)
1677 2672 1777 2704 filiam
1794 2673 1935 2713 Scyllam
1945 2681 2026 2706 esse.

1550 2765 1614 2803 DE
1632 2764 1921 2804 PAEANIBUS.

1704 2853 1762 2886 19.

1252 2919 1366 2950 Semus
1385 2917 1493 2950 Delius
1521 2918 1555 2950 in
1576 2918 1657 2950 libro
1679 2920 1724 2950 De
1753 2917 1924 2951 Paeanibus
1948 2917 1994 2950 ait
2014 2930 2022 2950 :
2045 2930 2060 2946 a
2078 2917 2259 2959 Manipulos

1208 2969 1319 3001 hordei
1334 2970 1474 3009 singulos
1490 2978 1546 3010 per
1561 2978 1594 3002 se
1611 2970 1750 3002 amalas
1766 2970 1948 3009 vocabant3
1971 2969 2121 3001 collectos
2134 2977 2209 3001 vero
2223 2970 2256 3000 et

1207 3030 1247 3053 ex
1266 3021 1409 3061 pluribus
1428 3021 1459 3051 in
1473 3030 1576 3052 unum
1591 3021 1777 3053 fasciculum
1799 3021 1963 3061 colligatos
1974 3045 1984 3061 ,
1997 3021 2074 3053 ulos
2087 3022 2120 3052 et
2141 3020 2231 3051 iulos
2246 3030 2257 3051 :

1206 3073 1238 3104 et
1254 3074 1401 3104 Cererem
1417 3080 1504 3103 nunc
1518 3072 1644 3104 Chloen
1658 3072 1882 3113 appellabant,
1898 3080 1984 3104 nunc
1997 3071 2086 3104 Ιαίο.
2099 3075 2124 3104 Α
2135 3070 2258 3103 Cereris

1207 3125 1302 3165 igitur
1318 3125 1456 3156 inventis
1472 3125 1503 3156 et
1523 3125 1604 3165 ipsas
1619 3125 1722 3165 fruges
1737 3127 1770 3157 et
1791 3126 1928 3165 hymnos
1943 3125 1976 3156 in
1994 3124 2086 3156 deam
2109 3124 2184 3155 ulos
2202 3131 2255 3154 vo-

1208 3176 1284 3207 cant
1299 3177 1332 3207 et
1351 3176 1450 3207 iulos.
1469 3176 1522 3208 Sic
1538 3177 1771 3218 Δημήτρουλοι,
1785 3178 1817 3209 et
1835 3176 2010 3208 καλλίουλοι
2028 3187 2036 3207 :
2051 3176 2083 3207 et
2100 3173 2198 3213 istud,

1277 3258 1446 3287 Plurimum
1459 3259 1559 3293 ulum,
1573 3259 1657 3288 ulum
1670 3260 1756 3289 mitte
1766 3280 1775 3293 ‚
1789 3260 1886 3289 iulum
1901 3260 2001 3288 mitte!

1205 3336 1265 3369 Alii
1281 3346 1357 3369 vero
1379 3337 1488 3376 aiunt,
1502 3346 1570 3369 esse
1588 3340 1719 3369 cantum
1740 3337 1831 3369 illum
1850 3344 1962 3369 eorum
1984 3333 2039 3375 qui
2059 3333 2163 3364 lanam
2184 3331 2250 3362 tra-

1204 3390 1305 3422 etant.
1320 3391 1347 3422 N
1351 3389 1491 3422 atricum
1505 3390 1672 3422 cantilenae
1687 3389 1977 3426 καταὸαυκαλήσεις
1991 3385 2157 3418 vocantur.
2170 3394 2186 3409 n
