2326 3724
0 269 9 363 -··—-·-‹

0 1045 1 1049 „
0 1036 2 1038 ι
0 1025 2 1029 ,
0 1012 1 1017 „
2 998 4 1004 v
0 901 11 991 „4353ss5
0 819 19 895 ‹Vn-'W
0 785 10 813 ,ς-
0 711 15 779 “-“
0 382 13 703 *ww-*ww

1024 162 1372 212 FRAGMENTA.'

91 263 204 314 αὐτῷ,
223 261 275 300 ὅτι
292 263 328 300 οὗ
347 262 439 300 δοκεῖ
455 261 569 313 ἕτερον
590 259 706 312 ἑτέρου
724 260 838 309 μεῖζον
855 252 943 296 εἶναι
955 288 965 307 ,
982 259 1125 312 ἠρώτη-

90 335 167 371 σεν,
189 323 218 358 εἷ
239 319 316 358 οὐδὲ
336 320 374 357 τὸ
392 319 649 357 δεκαδάκτυλον
674 321 734 354 τοῦ
763 316 1011 361 ἑξαδακτύλου.
1034 317 1127 391 Πρὸς

90 378 288 423 Ἀλεξίνειόν
315 393 392 415 τινα
417 375 633 415 διαλεκτικὸν
651 375 700 426 μὴ
723 374 908 424 δυνάμενον
929 375 1007 413 κατ’
1028 374 1127 419 ἀξίαν

88 452 156 474 των
173 436 340 481 Ἀλεξίνου
358 452 391 474 τι
411 435 666 496 διηγήσασθαι,
683 434 722 471 τὸ
743 433 923 485 Φιλοξένῳ
944 434 1029 485 πρὸς
1049 433 1128 476 τοὺς

88 493 309 538 πλινθιακοὺς
328 494 485 546 πραχθὲν
503 497 618 531 εἶπεν·
642 495 769 536 ἐκεῖνος
785 491 852 543 γὰρ
871 492 914 529 τὰ
938 494 1042 530 αὐτοῦ
1060 507 1126 529 κα·-

89 556 157 596 κῶς
175 553 318 606 ᾅδοντας
336 553 476 595 τούτους
505 550 738 598 καταλαὸων,
762 550 864 594 αὐτος
892 549 952 594 τὰς
969 550 1128 593 πλίνθους

89 613 202 650 αὐτῶν
223 611 483 657 συνεπάτησεν,
504 609 631 647 εἰπών·
647 612 693 652 ὡς
711 611 808 659 ὑμεῖς
824 608 868 647 τὰ
886 608 953 662 εμὰ
971 607 1125 661 διαφθεί-

89 683 182 720 ρετε,
201 668 291 706 οὕτω
311 667 409 720 κάγὼ
427 667 472 706 τὰ
488 668 655 720 ὑμέτερα.
675 661 746 706 Ἦν
764 667 800 705 δὲ
816 666 1128 719 εὑρεσιλογώτατος

87 728 287 797 ἀπαντῆσαι
303 725 500 779 εὐστόχως,
513 725 784 769 πειστικώτατος
798 725 834 764 δὲ
857 724 942 777 ὑπὲρ
957 727 1126 763 ὁντινοῦν·

87 784 178 837 παρὸ
197 785 257 823 καὶ
274 783 412 828 πλείους
427 784 512 837 πρὸς
529 783 631 822 αὐτὸν
650 784 813 831 ἀπήντων
832 786 879 828 εἷς
896 783 958 830 τὴν
980 782 1126 835 σχολὴν,

87 842 214 895 καίπερ
236 842 295 880 ὑπ’
308 841 471 889 ὀξύτητος
485 844 592 880 αυτοῦ
610 844 653 880 ἐτ-
642 842 921 893 ιπληττόμενοι·
937 843 1013 880 ἀλλ’
1033 841 1128 892 ὅμως

88 901 205 954 ἔφερον
224 899 351 947 ἡδέως,
371 899 431 938 καὶ
447 899 514 951 γὰρ
533 904 575 946 ἠν
595 899 722 952 ἀγαθὸς
738 902 890 954 σφόδρα,
905 900 964 938 καὶ
979 900 1126 939 ἐλπίδων

88 957 315 1009 ὑποπιμπλὰς
333 957 410 1001 τοὺς
429 957 640 1005 ἀκούοντας,
659 958 693 997 ἔν
713 974 750 996 τε
768 961 818 1011 τῷ
839 958 902 1011 βίῳ
919 957 1126 997 κοινωνικώ·

90 1031 192 1060 τατος
210 1011 272 1065 ἦν,
294 1015 354 1054 καὶ
376 1017 601 1069 εὐεργετῆσαι
620 1017 909 1069 προχειρότατος,
931 1015 991 1053 καὶ
1010 1017 1126 1054 λαθεῖν

88 1074 150 1121 τὴν
166 1074 270 1127 χάριν
287 1075 499 1127 ἀτυφότατος
512 1090 520 1098 ·
543 1074 706 1113 εἰσελθὼν
721 1078 802 1126 γοῦν
819 1074 903 1112 ποτὲ
920 1074 1017 1126 παρὰ
1035 1077 1128 1122 Κτη-

88 1133 198 1171 σίὸιον
221 1137 412 1179 νοσοῦντα,
435 1133 494 1171 καὶ
515 1132 596 1171 ἰδὼν
617 1133 746 1186 ἀπορίᾳ
768 1133 991 1182 θλιὸόμενον,
1011 1134 1126 1186 κρύφα

93 1191 278 1243 βαλάντιον
301 1191 452 1237 ὑπέθηκε
471 1193 520 1244 τῷ
543 1191 834 1245 προσκεφαλαίῳ·
859 1191 918 1229 καὶ
937 1190 972 1235 ὃς
996 1191 1125 1243 εὑρὼν,

89 1267 104 1283 «
129 1249 366 1302 Ἀρκεσιλάου,
384 1249 520 1302 ἔφη,τὸ
540 1250 710 1302 παίγνιον.
734 1266 748 1286 ι
772 1249 844 1289 Καί
860 1265 950 1294 τινος
971 1249 1125 1303 ἀργυρώ-

89 1323 185 1358 ματα
197 1307 365 1351 λαὸόντος
379 1310 425 1351 εἷς
437 1308 611 1360 ὑποδοχὴν
625 1309 755 1359 φίλων,
768 1307 828 1347 καὶ
843 1310 1127 1360 ἀποστεροῦντος,

89 1367 150 1404 οὐκ
161 1365 339 1418 ἀπῄτησεν
349 1366 426 1404 οὐδὲ
434 1366 715 1418 προσεποιήσατο
727 1365 976 1418 (προσεποιήθη
988 1367 1126 1416 Diog.).

91 1425 137 1463 Οἱ
152 1423 197 1468 ,δέ
213 1439 316 1475 φασιν
337 1423 493 1471 ἐπίτηδες
511 1427 643 1475 χρῆσαι
656 1454 667 1474 ,
697 1423 755 1461 καὶ
777 1423 1019 1471 ἀποδιδόντος,
1050 1423 1126 1461 ἐπεὶ

79 1481 190 1529 -πένης
207 1476 269 1530 ἧν,
287 1481 515 1534 χαρίσασθαι.
535 1483 613 1520 Οὐκ
630 1481 814 1534 ἐθεράπευε
832 1481 868 1519 δέ
884 1497 960 1519 τινα
974 1483 1042 1519 τῶν
1061 1484 1125 1533 βα-

88 1539 229 1578 σιλέων·
259 1540 311 1578 διὸ
336 1539 396 1578 καὶ
422 1539 622 1591 πρεσὸεύων
643 1540 727 1592 πρὸς
748 1539 937 1591 Ἀντίγονον
958 1538 1043 1591 ὑπὲρ
1063 1543 1125 1586 τῆς

87 1599 250 1650 πατρίδος
261 1628 272 1649 ,
289 1600 351 1637 οὐκ
371 1598 553 1651 ἐπέτυχεν.
572 1592 644 1638 ἾΙν
660 1598 695 1636 δὲ
715 1598 972 1651 φιλομειράκιος
986 1599 1045 1637 καὶ
1060 1614 1126 1636 κα-

86 1659 254 1710 ταφερὴς,
268 1657 328 1695 καὶ
342 1657 495 1710 ἑταίραις
509 1657 668 1711 συνῴκει.
691 1657 763 1696 Καί
777 1673 861 1695 ποτε
878 1657 935 1695 τὸν
954 1657 1125 1709 ἐρώμενον

84 1717 182 1768 αὐτῷ
201 1715 405 1768 Δημοχάρει
423 1717 611 1765 ὁμιλοῦντα
628 1715 839 1754 καταλαὸὼν
852 1746 862 1763 ,
882 1717 940 1753 ὑπ’
962 1715 1124 1760 ἀνεξικα-

88 1773 166 1819 κίας
188 1779 413 1827 παραχωρεῖν
439 1774 518 1827 ἔφη.
543 1774 832 1826 ΠρὸςἌρίδηλον
851 1774 1074 1827 προτείνοντά
1092 1791 1126 1813 τι

88 1831 255 1884 θεώρημα
287 1832 343 1870 ἐπὶ
374 1832 567 1882 συμποσίου
595 1833 654 1870 καὶ
682 1833 842 1877 ἀξιοῦντα
880 1835 927 1876 εἷς
952 1834 1035 1871 αὐτὸ
1064 1833 1125 1871 λε’-

86 1906 171 1941 γειν,
186 1885 280 1929 εἶπεν
293 1907 300 1915 ·
317 1891 408 1929 Ἀλλ’
425 1891 509 1929 αὐτὸ
523 1895 623 1930 τοῦτο
637 1891 789 1942 μάλιστα
803 1891 1005 1944 φιλοσοφίας
1021 1891 1122 1938 ἴδιον,

90 1947 159 1999 [τὸ]
178 1948 234 1986 τὸν
252 1948 369 2000 καιρὸν
390 1948 547 1987 ἑκάστων
567 1950 788 1988 ἐπίστασθαι.
809 1949 931 2000 Τίμων
955 1948 991 1988 δὲ
1009 1953 1055 1994 ὡς
1072 1949 1125 2002 φί-

87 2007 213 2058 λοχλον
234 2005 366 2055 παίζει,
387 2006 516 2058 λέγων·

169 2093 228 2129 ’Ὡς
242 2094 338 2125 εἰπὼν
347 2118 355 2133 ,
371 2094 478 2135 ὄχλοιο
491 2094 670 2135 περίστασιν
684 2095 907 2126 εἰσκατέδυνεν.

170 2141 210 2172 Οἱ
224 2141 258 2172 δέ
271 2151 321 2180 μιν
337 2141 411 2178 ἠύτε
424 2142 545 2181 γλαῦκα
560 2143 629 2182 πέρι
648 2142 752 2178 σπίζαι
769 2145 966 2182 τερατοῦντο,

169 2187 325 2227 ἠλέματον
338 2187 517 2223 δεικνύντες·
537 2187 581 2219 ὅθ’
596 2189 719 2220 οὕνεκεν
733 2188 942 2229 ὀχλοαρὲσκης
951 2212 960 2228 ,

172 2234 209 2266 οὐ
223 2235 304 2275 μέγα
323 2238 472 2276 πρῆγμα,
488 2234 592 2272 τάλας·
608 2236 637 2267 τί
651 2236 838 2275 πλατύνεαι,
855 2236 969 2274 ἠλίθιος
985 2236 1045 2277 ὥς;

86 2314 193 2355 Οὕτω
208 2314 245 2354 δὲ
264 2315 391 2369 ἄτυφος
409 2311 454 2364 ἦν
469 2346 480 2367 ,
498 2316 590 2355 ὥστε
613 2322 682 2361 τοῖς
702 2320 878 2367 μαθηταῖς
900 2317 1049 2370 παρῄνει
1069 2318 1128 2356 καὶ

90 2372 206 2412 ἄλλων
229 2373 382 2415 ἀκούειν.

139 2446 166 2471 9.
180 2432 214 2471 Ἀ
225 2431 326 2485 ρχύτ
336 2449 357 2470 α
367 2449 381 2476 ς
398 2435 416 2471 ὁ
430 2434 666 2485 Πυθαγορικὸς
677 2438 882 2486 στρατηγῶν
894 2437 961 2473 τῶν
976 2437 1127 2473 πολιτῶν

89 2490 251 2529 οὐδέποτε
270 2491 422 2538 ἡττήθη,
443 2491 621 2563 (ρθονηθεὶς
641 2494 670 2530 δ’
693 2492 786 2537 ἅπαξ
804 2494 917 2546 ἀφῆκε
932 2493 996 2539 τὴν
1017 2509 1124 2546 στρα-

95 2550 236 2599 τηγίαν,
255 2549 314 2587 καὶ
334 2548 367 2587 οἳ
383 2550 507 2587 αὐτίκα
528 2550 741 2602 ἐλήφθησαν.

145 2605 190 2646 Ὁ
208 2606 370 2657 μουσικὸς
387 2607 420 2645 ’A
433 2622 450 2659 ρ
458 2608 593 2680 246⁴:an
604 2608 874 2659 ὀνειδιζόμενος’
860 2625 916 2647 επι
930 2626 978 2647 τω
993 2608 1042 2660 μὴ
1057 2609 1127 2654 ἐξα-

88 2664 268 2712 κούεσθαι,
285 2668 379 2703 εἷπε·
399 2666 451 2704 'lo
477 2666 543 2718 γὰρ
573 2666 718 2718 ὄργανον
739 2666 827 2720 ὑπὲρ
855 2669 940 2718 ἐμοῦ
967 2667 1126 2714 ὀνειδιζό-

89 2738 191 2772 μενον
207 2696 322 2763 λαλεῖ.

141 2795 185 2820 ιο.
218 2772 475 2855 Ἀνάξαρχος
506 2785 524 2821 ὁ
552 2782 756 2845 Ἀὅδηρίτης
783 2784 880 2837 ἔλεγε
917 2784 1007 2835 μηδὲ
1042 2779 1126 2824 αὐτὸ

85 2842 186 2878 τοῦτο
203 2839 348 2890 εἰδέναι,
366 2840 418 2878 ὅτι
439 2840 536 2879 οὐδὲν
553 2835 660 2882 οἶδεν.

142 2911 185 2938 Π.
200 2895 423 2946 Αἴσωπος,
445 2902 509 2951 οὐχ
525 2903 542 2938 ὁ
560 2900 745 2950 μυθοποιος
757 2931 767 2949 ,
785 2901 912 2954 ἔγραψε
928 2902 1007 2974 περὶ
1025 2901 1126 2941 ‘Ek'-

85 2972 166 3004 νης,
194 2956 274 2995 ἔνθα
306 2973 389 3010 φησι
422 2959 526 2996 Πᾶνα
556 2960 652 3009 ἰχθῦν
679 2961 861 2997 καλεῖσθαι
890 2962 1053 3008 κητώδη,
1089 2977 1124 2998 εν

85 3014 194 3067 τούτω
215 3015 250 3054 δὲ
270 3014 327 3053 τὸν
354 3015 537 3068 ἀστερίτην
563 3017 654 3054 λίθον
671 3018 907 3069 εὑρίσκεσθαι,
927 3018 962 3062 ὃς
983 3019 1050 3057 ὑπὸ
1074 3035 1123 3057 τι)

83 3072 174 3125 ἡλίῳ
189 3071 399 3124 ἀνάπτεται,
419 3077 512 3112 ποιεῖ
530 3074 565 3111 δὲ
585 3074 671 3126 πρὸς
688 3075 828 3128 φίλτρα.

2162 182 2232 215 159

1188 265 1325 297 alterum
1338 265 1438 296 altero
1453 265 1557 305 majus
1573 273 1636 296 non
1654 273 1721 297 esse
1733 289 1741 304 ,
1757 265 1963 305 interrogavit
1974 290 1982 306 ,
2003 275 2043 298 an
2057 275 2097 298 ne
2116 267 2146 299 id
2161 268 2232 308 qui·

1188 314 1261 346 dem
1278 315 1363 355 quod
1383 315 1493 346 decem
1515 315 1686 354 digitorum
1702 317 1802 352 esset,
1824 309 1963 355 eoffiuod
1985 325 2041 348 sex
2061 317 2231 357 digitorum

1190 365 1304 404 (Πίος.
1335 367 1395 405 IV,
1420 366 1490 406 34).
1509 365 1689 397 Alexinium
1703 365 1863 405 quendam
1886 366 2087 398 dialecticum
2110 369 2234 401 Alexini

1188 415 1337 454 quaedam
1352 415 1518 447 commode
1534 423 1571 446 ac
1588 424 1644 455 pro
1660 415 1775 446 merito
1798 424 1947 447 enarrare
1968 425 2031 448 non
2055 418 2232 459 valentem,

1188 466 1265 506 quid
1284 466 1477 498 Philoxenus
1492 466 1645 498 adversus
1662 466 1814 498 lateritios
1837 466 1999 506 operarios
2023 468 2151 507 egisset,
2178 471 2233 501 ad·

1189 516 1323 548 monuit.
1350 517 1406 548 lile
1437 516 1540 555 enirn,
1570 526 1671 556 quum
1701 517 1843 548 carmina
1869 525 1927 548 sua
1958 517 2040 548 male
2070 520 2234 550 cantantes

1186 566 1387 605 offendisset,
1414 567 1528 598 lateres
1553 567 1680 598 illorum
1708 567 1896 598 conculcare
1921 567 2017 607 cmpit
2041 576 2078 598 ac
2103 568 2232 601 dicere:
2260 605 2263 611 ⁴

1189 627 1203 640 u
1224 617 1268 647 Ut
1284 625 1340 647 vos
1355 624 1426 647 mea
1448 615 1667 655 corrumpitis,
1683 615 1729 646 ita
1740 625 1797 655 ego
1813 617 1916 648 vestra
1938 615 2096 655 dissipabo
2114 629 2129 644 u
2155 617 2232 657 (Ν,

1189 665 1251 703 36).
1278 664 1358 696 Mire
1379 665 1452 696 felix
1474 665 1595 696 exstitit
1615 665 1647 696 in
1670 664 1878 704 inveniendo,
1907 673 1972 705 quo
1995 665 2126 705 objectis
2151 666 2234 697 facili

1189 716 1221 746 et
1239 716 1386 756 prompta
1403 715 1604 756 responsione
1617 717 1811 747 occurreret.
1837 715 1924 746 ldem
1944 723 2010 755 prae
2035 715 2150 755 quovis
2171 716 2233 747 alio

1188 766 1396 805 persuadendi
1420 775 1493 806 quae
1517 765 1613 797 vellet
1633 766 1784 797 facilitate
1805 765 1962 806 gaudebat
1981 775 1987 796 :
2006 765 2092 798 unde
2113 766 2233 798 factum

1187 818 1235 848 est
1267 818 1304 848 ut
1330 816 1371 848 ad
1398 825 1473 849 eum
1507 816 1703 848 audiendum
1731 816 1928 848 confluerent
1958 816 2104 856 plurimi,
2132 825 2234 856 quan-

1187 876 1285 907 quam
1310 867 1396 913 illius
1424 867 1571 898 acumine
1596 866 1793 907 compuncti.
1816 866 1910 904 Quod
1935 867 2043 898 tamen
2068 866 2112 898 illi
2139 876 2234 908 aequo

1188 918 1294 949 animo
1307 926 1344 949 ac
1359 917 1494 949 libenter
1514 917 1695 950 tolerabant
1714 930 1721 949 z
1741 919 1809 949 erat
1821 918 1905 949 enim
1925 918 1973 948 vir
1986 917 2106 958 egregie
2119 917 2232 957 bonus,

1186 967 1307 1008 quique
1331 967 1513 999 auditorum
1543 975 1675 999 suorum
1692 967 1816 999 animos
1837 975 1892 1008 spe
1908 967 2065 1008 impleret.
2091 968 2168 998 Erat
2189 967 2233 998 illi

1187 1026 1312 1049 summa
1338 1018 1471 1050 facilitas
1494 1017 1527 1049 in
1546 1017 1820 1050 communicandis
1845 1017 1940 1050 rebus
1963 1018 2048 1057 suis,
2072 1019 2168 1057 atque
2191 1016 2230 1048 an

1187 1068 1316 1100 ferenda
1349 1067 1499 1099 beneficia
1525 1069 1691 1108 promptus
1720 1067 1909 1099 occurrebat
1938 1076 1946 1098 ε
1979 1067 2078 1099 latere
2105 1076 2234 1108 quoque

1186 1118 1318 1157 gratiam
1343 1118 1431 1149 omni
1459 1117 1566 1149 studio
1593 1117 1777 1158 quaerebat,
1806 1118 1924 1149 fastum
1953 1117 2093 1149 maxime
2114 1118 2232 1149 exhor-

1186 1177 1271 1200 rens.
1304 1169 1356 1201 Sic
1385 1170 1543 1209 ingressus
1578 1167 1751 1209 aliqnando
1785 1168 1824 1199 ad
1853 1162 2026 1200 Ctesibium
2056 1170 2232 1209 aegrotum,

1186 1219 1359 1259 vidensque
1369 1228 1443 1251 eum
1454 1218 1559 1259 inopia
1571 1218 1684 1259 premi,
1697 1218 1879 1250 clanculum
1893 1218 2089 1259 marsupium
2101 1219 2233 1259 pulvino

1185 1270 1353 1310 supposuit
1368 1283 1376 1302 z
1394 1279 1458 1310 quo
1476 1270 1528 1301 ille
1543 1270 1692 1310 invento,
1709 1282 1724 1297 «
1742 1269 1901 1307 Arcesilai,
1917 1269 2033 1309 inquit,
2049 1269 2100 1301 hic
2110 1269 2201 1309 jocus
2217 1283 2231 1296 υ

1187 1320 1264 1360 (Ν,
1285 1322 1357 1362 37).
1378 1322 1552 1361 Acceperat
1578 1320 1619 1352 ab
1646 1329 1684 1352 eo
1709 1319 1840 1360 quidam
1859 1319 1905 1351 ad*
1921 1320 2125 1360 excipiendos
2152 1321 2232 1351 ami—

1186 1380 1240 1402 cos
1261 1373 1411 1411 argentea
1433 1380 1525 1411 vasa;
1547 1379 1620 1411 quae
1645 1379 1746 1411 quum
1763 1370 1789 1402 is
1812 1379 1877 1402 non
1906 1370 2070 1410 redderet,
2096 1379 2160 1402 non
2181 1380 2232 1402 re-

1186 1412 1277 1461 petiit
1297 1431 1336 1453 ac
1357 1430 1482 1461 semper
1509 1421 1731 1452 dissimulavit.
1749 1421 1847 1453 Aiunt
1862 1421 1915 1452 alii
1929 1420 1969 1453 de
1993 1421 2148 1452 industria
2164 1421 2233 1453 haee

1185 1482 1257 1504 eum
1280 1473 1398 1504 utenda
1415 1472 1556 1511 dedisse,
1571 1474 1604 1505 et
1621 1481 1723 1512 quum
1737 1481 1774 1503 ea
1797 1471 1850 1503 ille
1876 1471 2040 1510 redderet,
2063 1472 2138 1512 quia
2156 1480 2234 1512 pan·

1186 1531 1241 1563 per
1265 1525 1353 1562 erat,
1381 1523 1409 1555 ei
1436 1523 1584 1562 largitum
1604 1522 1700 1554 fuisse
1726 1523 1802 1562 (Ν,
1833 1523 1903 1561 38).
1928 1524 2048 1562 Regum
2073 1522 2232 1554 neminem

1187 1582 1375 1613 magnopere
1389 1572 1498 1604 coluit.
1510 1573 1560 1603 Sic
1571 1573 1667 1604 etiam
1678 1573 1801 1612 legatus
1811 1582 1868 1612 pro
1879 1572 1980 1613 patria
1990 1573 2029 1604 ad
2039 1575 2231 1612 Antigonum

1186 1624 1366 1664 profectus,
1394 1632 1428 1654 re
1449 1623 1566 1654 infecta
1582 1622 1684 1654 rediit.
1705 1625 1741 1654 ln
1763 1631 1937 1663 puerorum
1958 1631 2083 1654 amores
2105 1623 2232 1663 pronior

1185 1675 1257 1712 fnit,
1276 1676 1308 1705 et
1323 1673 1443 1705 libidini
1460 1673 1627 1713 indulgens
1643 1673 1757 1705 scortis
1779 1673 1941 1704 utebatur.
1961 1674 2019 1705 Hic
2035 1667 2209 1714 aliquando
2222 1699 2231 1713 ,

1185 1734 1284 1765 quum
1313 1724 1568 1765 deprehendisset
1600 1733 1734 1764 puerum
1761 1732 1779 1755 a
1806 1733 1839 1756 se
1867 1724 1899 1755 in
1933 1723 2054 1756 deliciis
2088 1724 2233 1755 habitum

1188 1776 1445 1816 (cleocharem)
1463 1785 1538 1807 cum
1561 1776 1757 1807 Demochare
1779 1783 1965 1814 consuesse,
1985 1775 2096 1807 cedere
2122 1784 2156 1807 se
2177 1785 2234 1816 pro

1185 1835 1243 1858 sua
1267 1827 1421 1867 patientia
1440 1826 1531 1858 dixit.
1559 1826 1687 1858 Aridelo
1713 1826 1744 1857 in
1767 1835 1858 1857 coena
1887 1826 2096 1866 quaestionem
2123 1836 2232 1867 propo-

1185 1878 1290 1913 nenti,
1312 1879 1408 1917 atque
1422 1879 1458 1909 ut
1479 1886 1574 1917 snper
1599 1886 1637 1908 eo
1649 1876 1834 1915 dissereret,
1850 1877 2032 1916 exposcenti
2061 1890 2067 1907 :
2085 1889 2100 1903 «
2117 1877 2232 1917 Atqui,

1185 1924 1305 1964 inquit,
1332 1925 1392 1955 hoc
1422 1925 1526 1964 ipsum
1561 1924 1768 1964 philosophiae
1797 1923 1960 1964 proprium
1989 1923 2132 1964 inprimis
2164 1926 2232 1958 est.

1186 1972 1266 2002 scire
1283 1971 1438 2011 cujusque
1458 1971 1502 2003 rei
1518 1971 1799 2011 opportunitatem.
1824 1983 1839 1997 ι»
1866 1971 1982 2002 Timon
2005 1971 2085 2003 ludit
2099 1971 2130 2002 in
2145 1979 2231 2009 euin,

1187 2019 1223 2049 ut
1233 2017 1393 2058 popularis
1405 2027 1492 2049 aurae
1506 2019 1701 2058 captatorem
1711 2041 1720 2056 ,
1736 2017 1784 2049 his
1798 2017 1962 2048 versibus:

1257 2097 1329 2125 llaec
1347 2096 1389 2124 ait
1401 2098 1431 2125 et
1442 2096 1544 2124 media}
1557 2096 1651 2124 turbae
1664 2103 1725 2125 sese
1738 2096 1838 2124 intulit
1850 2106 1858 2123 2
1873 2095 1916 2123 illi

1257 2150 1311 2170 ceu
1326 2141 1462 2178 fringillae
1474 2143 1586 2171 ululam
1605 2142 1719 2170 circum
1731 2144 1870 2178 stupuere
1887 2142 2021 2177 loquaces

1258 2191 1514 2225 monstrantesque
1527 2189 1621 2217 levem
1635 2199 1643 2216 z
1659 2196 1729 2217 nam
1742 2191 1792 2220 tu.
1809 2189 1982 2222 vanissime,
2000 2188 2092 2225 plebis

1261 2235 1383 2272 supplex
1397 2237 1543 2272 captator,
1557 2234 1629 2271 quid
1646 2234 1685 2263 ob
1700 2234 1780 2270 haec,
1792 2242 1915 2270 vesane,
1927 2233 2054 2263 ferocis?

1187 2325 1339 2357 ceterum
1357 2324 1400 2356 ita
1418 2324 1602 2356 moderatus
1618 2324 1650 2356 et
1663 2320 1762 2356 fastus
1776 2324 1899 2364 fugiens
1912 2324 1997 2364 erat,
2015 2325 2050 2356 nt
2062 2323 2232 2365 discipulos

1190 2384 1333 2414 moneret
1345 2384 1377 2414 et
1393 2383 1471 2414 alios
1488 2382 1598 2414 audire
1611 2383 1623 2423 (
1634 2385 1728 2423 Dioq.
1744 2384 1799 2422 Ν,
1815 2385 1866 2422 4ο,
1881 2385 1920 2414 42
1930 2383 1957 2423 ).

1231 2445 1261 2474 9.
1288 2441 1455 2479 Archytas
1489 2441 1734 2482 Pythagoricus,
1762 2441 1888 2481 quoties
1930 2441 2048 2473 civium
2079 2441 2232 2473 exercitui

1187 2487 1352 2526 praeesset,
1369 2495 1535 2526 nunquam
1558 2488 1725 2526 superatus
1746 2488 1795 2518 est
1820 2496 1828 2517 ε
1852 2486 1907 2518 sed
1930 2488 2101 2527 postquam
2135 2487 2232 2518 semel

1186 2531 1276 2562 illum
1304 2531 1408 2570 attigit
1430 2531 1570 2570 invidia,
1600 2531 1733 2571 imperio
1761 2531 1871 2571 cessit,
1896 2540 1933 2563 ac
1956 2533 2123 2564 confestim
2146 2533 2233 2564 cives

1186 2574 1275 2605 clade
1291 2574 1397 2605 affec-ti
1410 2576 1484 2605 sunt
1498 2574 1508 2614 (
1520 2577 1611 2614 Dz'oq.
1626 2577 1714 2614 vlu,
1730 2575 1800 2614 82).

1227 2621 1392 2660 Archytas
1405 2621 1549 2652 musicus
1559 2645 1568 2659 ,
1588 2630 1689 2661 quum
1702 2621 1819 2661 probro
1841 2621 1869 2652 ei
1883 2620 2014 2652 daretur
2033 2621 2119 2661 quod
2132 2630 2232 2652 exan-

1185 2675 1245 2707 diri
1259 2685 1323 2707 non
1336 2677 1462 2716 posset,
1482 2676 1644 2716 respondit
1661 2688 1669 2708 z
1686 2688 1701 2703 «
1716 2678 1756 2708 At
1772 2675 2019 2708 instrumentum
2035 2685 2091 2716 pro
2110 2684 2161 2707 me
2174 2674 2232 2706 de-

1185 2731 1309 2762 certans
1322 2731 1492 2771 loquitur’»
1513 2730 1626 2770 (Dioq.
1642 2733 1731 2769 Vlll,
1747 2729 1816 2770 82).

1233 2793 1278 2821 10.
1295 2789 1528 2821 Anaxarchus
1545 2789 1696 2821 Abderita
1715 2788 1814 2827 dixit,
1833 2797 1867 2820 se
1885 2797 1925 2821 ne
1938 2788 1967 2820 id
1985 2788 2113 2829 quidem
2128 2787 2231 2828 ipsum

1187 2848 1267 2879 scire
1280 2873 1288 2887 ‚
1304 2848 1393 2888 quod
1409 2848 1486 2879 nihil
1503 2848 1597 2879 sciret
1613 2848 1728 2887 (Πίος.
1750 2849 1804 2887 ΙΧ,
1820 2847 1887 2887 58).

1233 2911 1277 2938 ll.
1301 2910 1462 2947 AEsopus,
1488 2915 1552 2937 non
1568 2906 1620 2938 ille
1639 2906 1808 2945 fabulator,
1830 2906 1870 2938 de
1894 2906 2014 2938 Helena
2037 2905 2179 2946 scripsit;
2196 2906 2228 2936 in

1186 2975 1250 3006 qno
1267 2975 1363 3005 opere
1389 2965 1485 3003 dicit,
1510 2967 1596 2996 Pana
1622 2965 1727 2996 vocari
1751 2965 1870 3005 piscem
1894 2965 2010 2996 cetacei
2035 2965 2174 3004 generis,
2200 2964 2230 2994 in

1186 3033 1287 3064 voque
1312 3024 1448 3063 lapidem
1471 3023 1630 3055 asteritem
1648 3023 1804 3063 inveniri,
1822 3023 1877 3063 qni
1900 3024 1974 3055 solis
1994 3023 2088 3054 radiis
2105 3022 2230 3053 inflam-

1187 3084 1302 3120 metur,
1318 3090 1456 3121 eumque
1473 3082 1589 3112 amoris
1602 3082 1781 3113 illecebram
1798 3082 1979 3113 conciliare.

88 3181 143 3223 §
163 3185 209 3215 11.
226 3183 345 3216 Eadem
358 3192 398 3216 ex
411 3185 568 3224 Hesychio
581 3185 718 3217 suidas:
731 3186 866 3218 Ate-oon:
875 3197 932 3226 ος,
946 3187 1159 3227 Μιθριδατου’
1146 3187 1354 3226 αναγνώστης.

1370 3186 1507 3228 Ἔγραψε
1521 3187 1614 3227 Περὶ
1619 3187 1743 3223 Ελένης·
1759 3187 1789 3217 ἐν
1803 3187 1828 3226 ᾧ
1844 3186 1915 3226 φησὶ
1930 3188 2019 3217 Πᾶνα
2032 3185 2117 3224 ἰχθῦν
2130 3185 2226 3214 καλῖε

82 3228 154 3260 σθαι
172 3230 235 3261 etc.
249 3247 291 3253 —
307 3229 426 3271 φίλτρα.
441 3230 579 3272 Ἔγραψε
593 3233 646 3263 καὶ
661 3233 847 3272 Μιθριδάτου
861 3233 1028 3274 ἐγκώμιον.
1048 3233 1165 3264 Eadem
1179 3234 1219 3264 de
1236 3234 1364 3265 asterite
1380 3233 1484 3274 lapide
1498 3234 1559 3274 (ex
1572 3235 1709 3274 AEsopo)
1725 3234 1820 3265 refert
1835 3233 2048 3272 Hephaestion.
2065 3240 2115 3270 ap.
2133 3231 2223 3261 Phot.

83 3273 155 3306 rod
176 3278 232 3307 190
257 3275 455 3315 (Westerm.
483 3277 642 3317 Mythogr.
664 3287 695 3318 p.
723 3279 823 3317 l99):
839 3279 931 3310 Πᾱνόί
947 3290 1039 3319 φασιν
1061 3280 1148 3319 ἰχθῦν
1170 3279 1246 3310 εἶναι
1264 3279 1432 3311 θαλάσσιον
1455 3281 1599 3318 κητώδη,
1617 3281 1723 3320 ὅμοιον
1745 3283 1790 3320 τῶ
1809 3282 1886 3311 Πανὶ
1902 3280 1983 3310 κατὰ
2005 3279 2058 3315 τὴν
2075 3278 2154 3317 ὗμιν.
2175 3278 2226 3308 Εν

67 3320 179 3360 «τουτῳ
193 3321 276 3352 λίθον
290 3322 482 3363 εὑρίσκεσθαι
499 3324 551 3355 τὸν
565 3324 737 3364 ἀστερίτην,
758 3325 792 3356 ὃν
806 3326 847 3360 εἰς
863 3326 949 3363 ἥλιον
963 3326 1028 3357 τεθε
1016 3337 1085 3356 εντα
1102 3326 1306 3357 ἀνάπτεσθαι·
1325 3330 1423 3357 ποιεῖν
1442 3327 1474 3357 δε
1491 3338 1542 3358 και
1565 3328 1638 3366 πρὸς
1657 3326 1788 3367 qothpoae
1806 3327 1921 3357 Τουτοι
1935 3326 1971 3363 δὴ
1985 3336 2036 3356 τον
2050 3324 2130 3354 >mov
2146 3323 2226 3363 εἶχεν

82 3365 200 3406 Ἑλένη,
217 3367 361 3408 γ).’ὐφὴν
348 3379 459 3410 εχοντα
473 3370 565 3401 αὐτὸν
577 3370 630 3401 τὸν
643 3371 729 3411 ἰχθῦν
745 3371 797 3402 τὸν
813 3373 921 3411 Πᾶνα,
937 3373 988 3403 καὶ
1005 3372 1102 3411 ταύτῃ
1121 3372 1268 3412 ἐκέχρητο
1283 3376 1319 3412 τῇ
1336 3373 1490 3413 σφραγῖδι.
1508 3372 1555 3404 Cf.
1572 3372 1692 3403 Plinius
1713 3373 1750 3403 ΙΙ
1768 3373 1803 3403 N.
1819 3374 1870 3410 37,
1886 3374 1916 3402 9.
