2372 3704
990 188 1044 248 m
1073 209 1343 250 VOLUMINE
1371 212 1403 249 1.

174 295 520 334 THEOPOMPUS.
539 295 628 343 Pag.
643 294 719 342 278
743 294 792 332 ad
818 290 952 344 fragm.
979 309 1014 332 1.
1039 317 1091 324 —
1111 296 1169 335 Cf.

122 354 307 392 Herodot.
319 355 411 393 VIII
424 382 436 402 ‚
461 353 549 391 126.
566 355 623 389 Ex
639 353 772 390 eadem
785 355 952 402 epitome
968 355 1172 401 Herodoti,

122 424 206 461 quae
238 413 309 449 sub
352 412 591 460 Theopompi
629 412 784 448 nomine
820 412 1171 458 circumferebatur,

121 471 271 508 fluxisse
289 471 468 507 videntur
478 471 558 507 haec
581 483 589 505 ι
609 470 743 507 Suidas
764 481 773 508 ε
792 467 983 521 ἔμπηρα,
1002 484 1174 522 πεπηρω-

122 527 243 578 μένα.«
259 530 304 567 Αἱ
319 528 355 566 δὲ
371 530 530 578 γυναῖκες
544 526 676 565 ἔτικτον
693 526 836 580 ἔμπηρα
851 527 911 565 καὶ
929 526 1057 578 τέρατα
1071 544 1078 551 ·
1093 529 1124 566 οἱ
1139 526 1173 565 δὲ

121 588 190 624 τῶν
210 585 481 637 τετολμημένων
511 585 607 638 σφίσι
637 585 746 632 λήθην
766 585 1002 638 καταχέαντες
1025 580 1108 632 ἧκον
1129 587 1175 630 εἷς

121 644 289 699 Δελφούς.
322 663 338 680 »
370 646 591 683 Eorundem
619 647 843 695 particulam
873 646 1010 681 iterum
1039 645 1174 682 Suidas

122 706 229 743 affert
249 720 284 743 v.
315 704 438 751 λήθην.
473 706 644 743 Contulit
672 706 751 741 haec
782 705 1051 753 VVesselingius
1088 717 1174 740 cum

124 765 351 802 Herodoteis
386 765 454 802 lib.
483 766 501 800 I
515 791 525 809 ‚
555 764 642 809 167.
685 779 700 796 «
730 763 929 808 Arbitror,
953 763 1098 811 inquit,
1128 775 1174 799 ex

123 825 363 874 Theopompi
388 825 552 873 epitome
577 823 766 859 Herodoti
793 823 872 858 haec
902 823 1057 859 venisse.
1079 823 1175 858 Falli

122 897 279 933 possum
304 885 506 933 opinione;
533 889 619 919 sunt
638 890 763 918 tamen
792 881 1002 929 ejusmodi,
1023 889 1067 917 ut
1085 882 1173 918 hinc

122 951 338 993 propagata
354 943 555 990 dejerares.
582 958 597 974 »ι
620 941 884 990 Suffragantur
904 941 1175 978 Valckenarius

123 1003 163 1038 in
191 1002 418 1038 Adoniazus.
450 1014 492 1050 p.
524 1000 612 1037 260-
635 1008 673 1036 et
704 1000 906 1036 Frommel.
927 1000 967 1034 in
999 999 1174 1037 Creuzeri

124 1060 252 1097 Melet.
271 1061 393 1109 111‚p.
415 1058 567 1097 138.-—
586 1060 640 1094 Ex
651 1058 785 1094 eadem
794 1059 960 1107 epitome
972 1059 1175 1094 Wesselin-

123 1120 207 1168 gius
220 1119 269 1156 ad
283 1119 427 1156 Herod.
443 1119 514 1164 VI,
536 1116 600 1167 75,
621 1116 771 1152 fluxisse
787 1124 898 1164 putat
929 1128 1012 1164 quae
1044 1116 1176 1152 Suidas

123 1178 238 1214 habet
248 1191 284 1215 v.
306 1191 386 1214 κατ
397 1173 646 1228 εχόρδησεν,
663 1176 812 1222 ἀνεῖλεν,
826 1172 1034 1226 ἕξηνάριξεν·
1056 1191 1071 1208 «
1086 1167 1174 1212 Εἶτα

123 1237 192 1273 τῶν
203 1237 334 1288 φρενῶν
354 1233 549 1279 ἐξέπλευσε,
561 1232 622 1271 καὶ
643 1233 762 1283 μανεὶς
781 1232 902 1270 ἑαυτὸν
919 1231 1082 1285 μαχαίρᾳ
1102 1247 1171 1270 κα-

124 1295 327 1348 τεχόρδησε.
347 1311 364 1328 »ι
381 1295 668 1343 VVesselingium
683 1295 853 1341 sequitur
875 1294 1079 1330 Frommel.
1102 1293 1127 1330 l.
1151 1293 1174 1328 1.

123 1367 164 1404 p.
187 1354 275 1394 163.
305 1356 444 1391 Parum
461 1354 704 1402 probabilem
734 1353 834 1388 hanc
861 1353 1084 1388 sententiam
1101 1364 1176 1387 esse

125 1420 253 1449 censet
281 1413 548 1460 Bernhardyus
570 1412 620 1448 ad
647 1411 754 1450 Suid.
783 1427 799 1444 α
828 1411 956 1447 Probo
980 1412 1175 1446 Hemster-

125 1471 298 1517 husium,
323 1472 396 1520 ait,
423 1472 488 1519 qui
516 1471 594 1506 haec
623 1471 753 1506 retulit
780 1469 831 1505 ad
860 1470 1051 1505 AElianum
1071 1470 1111 1503 in
1135 1482 1173 1504 v.

126 1528 372 1575 Ἐξέπλευσεν,
390 1530 458 1566 ubi
473 1529 675 1578 persimilis
690 1535 805 1564 exstat
821 1528 954 1564 dictio.
972 1543 987 1560 >a
1009 1548 1063 1555 —
1081 1528 1176 1565 Cum

125 1589 258 1639 fragm.
277 1602 298 1625 2
321 1597 359 1625 et
377 1589 397 1625 3
415 1589 462 1626 cf.
479 1588 718 1632 Herodot.1,
736 1600 807 1636 192
823 1594 861 1623 et
881 1588 944 1636 IV,
957 1585 1023 1634 95.

178 1649 271 1698 Pag.
309 1648 400 1694 280,
436 1648 482 1685 fr.
509 1647 568 1684 16.
601 1668 655 1674 —
688 1646 746 1684 Cf.
786 1647 904 1684 schol..
938 1646 1058 1682 Thuc.
1093 1646 1150 1681 III
1164 1673 1175 1695 ,

127 1720 178 1756 29
210 1718 219 1743 t
254 1702 502 1755 Ἔμὸατον,
531 1703 570 1742 τὸ
609 1703 726 1742 στενὸν
759 1702 798 1741 τὸ
830 1701 958 1754 μεταξὺ
990 1701 1078 1742 Χίου
1118 1701 1178 1740 καὶ

125 1765 310 1819 Ἐρυθρᾶς.

179 1827 269 1875 Pag.
286 1824 383 1869 281,
407 1824 456 1861 ad
475 1824 522 1860 fr.
548 1823 612 1859 23.
629 1843 679 1850 --
695 1822 963 1870 Conjecturam
975 1821 1178 1858 VVichersii

124 1885 158 1922 T
161 1883 245 1935 ἄχος
264 1882 397 1935 ἔπεμψε
419 1884 616 1919 scribentis
638 1895 710 1931 pro
732 1882 763 1917 οἱ
783 1878 910 1918 Θάσιοι
932 1879 1092 1931 ἔπεμψαν
1107 1881 1178 1915 im-

124 1951 272 1993 pugnat
300 1944 342 1981 C.
376 1942 639 1979 Volckmarius
670 1953 776 1976 meus
803 1939 876 1990 (De
911 1939 1178 1986 Xenophontis

127 2002 330 2038 Hellenicis
362 2001 533 2049 Gotting.
568 2000 678 2046 1837,
705 2012 743 2048 p.
773 2011 814 2035 11
833 1995 859 2049 ).
908 2014 923 2030 α
970 1997 1178 2033 Excederet

126 2062 300 2105 omnino,
313 2060 451 2107 inquit,
466 2059 659 2107 expeditio
676 2059 839 2107 Agesilai
851 2057 1075 2106 AEgyptiaca
1090 2056 1177 2091 Hel-

126 2120 338 2155 lenicorum
371 2118 612 2167 Theopompi
642 2116 755 2152 finem
770 2143 780 2161 ‚
815 2129 897 2164 quae
933 2114 981 2151 ad
1009 2126 1176 2163 pugnam

126 2178 299 2215 Cnidiam
315 2177 499 2226 perducta
515 2184 660 2212 erant.»
688 2177 770 2211 Hoc
792 2174 946 2222 quidem
967 2185 1101 2221 parum
1116 2185 1176 2209 me

125 2244 274 2282 movet,
304 2249 421 2284 quum
440 2236 485 2272 de
504 2236 667 2283 Agesilai
687 2234 930 2282 expeditione
953 2233 1177 2280 AEgyptiaca

127 2296 242 2331 etiam
258 2296 297 2330 in
317 2296 429 2330 tertio
451 2294 735 2330 Hellenicorum
757 2293 858 2327 libro
880 2291 943 2340 (fr.
968 2304 981 2326 1
995 2291 1034 2340 1)
1053 2303 1176 2326 sermo

127 2354 254 2402 fuerit,
271 2354 366 2390 adeo
376 2361 417 2388 ut
427 2360 621 2402 appareat,
638 2352 930 2399 Theopompum
943 2350 990 2385 de
1005 2350 1178 2386 moribus

126 2414 289 2462 Agesilai
320 2419 574 2461 exponentem
603 2409 849 2459 anticipando
881 2410 960 2444 haec
988 2410 1174 2455 attulisse;

127 2472 234 2520 quod
251 2472 351 2508 idem
368 2471 449 2507 fieri
468 2478 621 2519 poterat
632 2477 764 2505 nostro
782 2470 885 2504 loco.
906 2467 1098 2504 Gravioris
1115 2479 1178 2503 au-

128 2538 204 2567 tem
237 2531 417 2566 momenti
440 2536 493 2565 est
506 2556 515 2574 ,
548 2529 652 2577 quod
689 2528 825 2576 deinde
859 2525 1014 2576 subjicit
1044 2526 1177 2562 Volck-

127 2591 267 2626 marius
290 2603 298 2624 :
324 2605 340 2621 «
363 2591 460 2624 Tum
473 2601 578 2634 vero,
601 2601 719 2636 quum
743 2588 784 2622 in
802 2586 1049 2622 antecedente
1078 2586 1176 2621 libro

127 2649 398 2696 Theopompus
415 2647 601 2694 Lysandri
619 2653 781 2682 mortem
801 2646 883 2695 (an.
906 2643 1002 2693 395)
1021 2644 1178 2680 retulis—

129 2714 185 2743 set
197 2734 206 2752 ‚
228 2707 432 2743 undecimo
442 2707 516 2741 hoc
531 2706 695 2754 Agesilai
711 2717 756 2740 ex
772 2705 860 2740 Asia
873 2703 1040 2739 reditum
1055 2702 1173 2752 (394)

127 2774 324 2802 narratum
341 2778 417 2801 esse
430 2764 634 2814 probabile
654 2771 729 2809 est3
753 2763 792 2799 id
808 2763 913 2810 quod
931 2761 1176 2798 confirmatur

127 2827 297 2861 Trallum
312 2825 505 2860 mentione
528 2823 593 2873 (fr.
624 2822 672 2859 25
690 2821 715 2872 )‚
737 2835 823 2858 cum
838 2835 914 2870 quo
930 2822 1098 2857 Thraciae
1111 2835 1179 2870 po-

127 2885 221 2933 pulo
243 2884 436 2933 Agesilaus
449 2894 578 2931 pugna
590 2880 761 2929 conflixit
778 2882 962 2916 initinere
976 2881 1040 2916 illo
1055 2878 1067 2929 (
1082 2881 1175 2916 Plut.

127 2946 239 2992 Ages.
264 2956 295 2979 c.
323 2943 402 2991 16).
422 2959 437 2975 »
462 2942 574 2977 Unde
590 2942 664 2976 hoc
686 2948 788 2976 certe
806 2941 973 2987 colligas,
991 2940 1083 2974 nihil
1102 2951 1177 2974 esse

128 3002 232 3051 apud
254 3002 474 3037 Athenaeum
495 3000 738 3044 mutandum,
767 3012 885 3047 quum
905 2998 1014 3034 Thasi
1034 2998 1176 3033 mentio

128 3074 209 3096 non
238 3061 356 3108 possit
375 3059 582 3095 offendere.
617 3058 762 3106 Quodsi
790 3058 884 3105 quid
910 3064 1077 3092 erratum
1101 3063 1174 3101 est,

123 3117 238 3156 >error
254 3120 369 3167 ipsius
386 3118 499 3153 fuerit
517 3119 701 3162 Athenaei,
722 3118 787 3165 qui
805 3117 853 3152 ad
871 3117 1024 3152 Thasios
1039 3116 1176 3151 retule-

128 3179 194 3223 rit,
213 3177 318 3225 quod
331 3178 604 3225 Theopompus
621 3177 707 3212 data
733 3177 931 3216 occasione
948 3176 987 3209 in
1008 3169 1178 3210 Helleni-

131 3239 185 3274 cis
201 3238 248 3273 de
271 3237 458 3284 AEgyptiis
475 3235 622 3270 dixerat
634 3263 643 3280 ,
660 3248 705 3271 eo
723 3249 776 3271 sc.
799 3236 884 3270 loco
897 3262 907 3282 ,
930 3234 996 3270 ubi
1020 3234 1067 3268 de
1080 3235 1175 3280 Age·

130 3297 223 3332 silao
250 3296 297 3331 ad
325 3296 485 3331 Thasum
513 3302 685 3329 morante
714 3295 907 3342 agebatur.
939 3294 1177 3339 Quamquam

132 3355 225 3391 nihil
239 3354 397 3402 impedit
416 3353 507 3401 quin
522 3352 652 3389 eadem
669 3365 726 3389 res
740 3360 776 3389 et
787 3353 930 3388 Thasiis
942 3359 978 3387 et
994 3350 1179 3399 AEgyptiis

133 3412 324 3447 acciderit.

2202 218 2277 253 64³

1294 298 1384 346 Pag.
1399 297 1473 333 282
1485 304 1571 346 post
1588 297 1633 336 sr.
1654 297 1718 334 25.
1740 319 1787 325 —
1801 299 2084 335 Hellenicorum
2098 299 2281 348 fragmen-

1236 355 1281 390 tis
1298 355 1395 391 adde
1415 355 1543 391 Schol.
1571 357 1704 391 Venet.
1726 357 1765 391 in
1780 357 1911 404 Eurip.
1939 358 2123 396 Androm.
2155 371 2167 393 1
2185 386 2194 403 ,
2210 358 2279 395 ubi

1235 421 1437 461 postquam
1475 425 1495 449 e
1536 414 1756 449 Dicaearcho
1804 415 1951 450 Thebas
1998 417 2277 464 llypoplacias,

1236 483 1257 507 e
1277 472 1407 507 Philea
1423 471 1567 507 Thebas
1594 472 1819 507 Thessalicas
1833 480 1967 509 auctor
1986 482 2279 520 memoraverat,

1234 531 1362 578 pergit
1383 541 1391 567 τ
1415 528 1630 578 Θεόπομπος
1653 527 1687 566 δὲ
1720 530 1755 566 ἐν
1781 530 1852 570 τοῖς
1871 528 2086 576 Ἑλληνικοῖς
2113 530 2173 568 καὶ
2200 530 2280 583 περὶ

1235 585 1299 633 τὴν
1317 586 1527 632 Μυκάλην*
1547 586 1634 629 ἅλας
1666 587 1711 637 (l.
1734 586 1859 632 Θήὸας
1891 586 2021 639 ἄλλας)
2061 583 2147 626 εἷναί
2176 604 2279 640 φησι·

1235 643 1366 688 ταύτας
1396 644 1432 683 δὲ
1459 644 1656 690 Μιλησίους
1685 643 1902 688 ἀλλάξασθαι
1931 645 2014 697 πρὸς
2043 646 2165 690 αὐτούς
2193 647 2281 699 (αὑ-

1236 702 1367 753 τούςῗ).
1385 704 1440 742 Cf.
1463 705 1595 752 Steph.
1622 705 1713 752 Byz.
1735 717 1773 742 v-
1799 702 1925 750 Θήὲη·
1954 702 2053 754 τρίτη
2082 704 2282 748 Θεσσαλίας

1235 764 1297 808 τῆς
1317 761 1529 804 Φθιώτιδος·
1544 761 1694 814 τετάρτη
1717 762 1751 799 ἐν
1779 762 1921 814 Κιλικία
1936 761 2176 813 Ἱ“ποπλακίᾳ,
2197 763 2283 811 πλη.

1236 820 1309 859 σίον
1340 823 1402 868 τῆς
1425 820 1597 873 Τροίας...
1628 820 1772 872 πέμπτη
1803 821 1939 865 Ἰωνίας
1973 821 2065 859 κατὰ
2105 822 2279 868 Μίλητον.

1210 881 1214 884 ’
1236 881 1380 918 Thebes
1400 882 1440 917 in
1465 883 1552 918 Asia
1575 894 1753 931 campum
1777 889 2051 918 commemorat
2066 883 2285 931 Xenophon

1236 940 1383 976 Hellen.
1406 942 1471 985 IV,
1495 953 1528 985 1,
1552 943 1615 982 41.

1289 1000 1379 1048 Pag.
1398 999 1489 1045 283,
1507 999 1555 1038 fr.
1581 998 1643 1035 3ο.
1664 1019 1714 1027 —-
1729 999 1804 1035 Pro
1826 1000 1887 1036 τοῦ
1911 996 2109 1036 Κλεοδάτου
2129 1000 2211 1049 lege
2223 1001 2282 1036 τοῦ

1238 1055 1448 1097 Κλεοδαίου.

1290 1118 1380 1166 Pag.
1416 1116 1507 1163 285,
1538 1117 1586 1153 fr.
1620 1115 1685 1160 48.
1720 1138 1772 1144 —
1790 1115 1886 1155 Cum
1921 1116 2099 1164 Stephani
2116 1117 2204 1152 loco
2235 1116 2283 1153 cf.

1236 1175 1283 1211 fr.
1304 1175 1392 1222 173.

1289 1236 1378 1283 Pag.
1399 1233 1488 1273 286.
1506 1255 1556 1262 -—
1573 1235 1663 1270 Post
1675 1233 1721 1270 sr.
1746 1233 1792 1269 61
1814 1232 1912 1269 adde
1927 1232 2072 1271 Polluc.
2090 1233 2151 1278 X,
2175 1232 2244 1269 161
2272 1246 2281 1268 z

1240 1291 1418 1343 Σάγματα
1448 1291 1510 1339 μὲν
1535 1286 1593 1330 οὖν
1610 1290 1802 1342 ὑποζυγίων
1817 1290 1908 1328 κατὰ
1922 1288 1999 1333 τοὺς
2015 1289 2163 1334 πολλοὺς
2177 1291 2212 1328 ἐν
2233 1291 2283 1343 τῷ

1237 1348 1389 1402 πέμπτῳ
1419 1351 1647 1388 Φιλιππικῶν
1670 1349 1763 1388 ἔστιν
1791 1349 1915 1400 εὑρεῖν.
1939 1341 2190 1387 ScriBendum
2220 1357 2286 1386 aut

1238 1407 1335 1460 παρὰ
1362 1408 1568 1460 Θεοπόμπῳ
1594 1409 1629 1444 ἐν
1669 1410 1718 1460 τῷ
1741 1423 1793 1454 π.,
1821 1416 1887 1444 aut
1917 1406 2008 1444 κατὰ
2033 1406 2111 1451 τοὺς
2136 1406 2286 1450 πολλοὺς

1239 1468 1344 1520 ἐν’-τῷ
1371 1466 1525 1519 πέμπτῳ
1559 1466 1654 1517 [τῶν
1687 1464 1930 1516 Θεοπόμπου]
1958 1466 2198 1513 Φιλιππικῶν,
2227 1468 2285 1503 uti

1237 1527 1366 1562 statuit
1382 1526 1544 1562 Meinek.
1569 1527 1681 1574 Frag.
1705 1526 1813 1561 Com.
1846 1526 1915 1570 lv,
1943 1537 1981 1573 p.
2007 1529 2082 1568 440
2097 1553 2108 1573 ,
2127 1538 2285 1561 monens

1238 1597 1379 1620 nomen
1392 1583 1632 1633 Theopompi
1659 1596 1777 1631 quum
1793 1583 1909 1626 haud*
1925 1595 2011 1618 raro
2032 1584 2072 1618 in
2089 1583 2286 1619 codicibus

1239 1641 1470 1693 Θεόπεμπτος
1491 1644 1680 1679 scribatur
1704 1640 1763 1693 (v.
1784 1655 1818 1678 c.
1839 1654 1899 1690 ap.
1926 1642 2039 1690 Diog.
2059 1643 2185 1678 Laert.
2204 1643 2260 1678 ΙΙΙ
2272 1669 2283 1687 ,

1241 1707 1290 1746 4ο
1302 1704 1310 1749 )
1324 1731 1334 1748 ,
1355 1711 1442 1752 post
1458 1701 1610 1752 πέμπτῳ
1628 1702 1735 1737 facile
1753 1701 1926 1736 excidere
1946 1701 2125 1748 potuisse.

1293 1763 1383 1812 Pag.
1406 1762 1481 1798 288
1502 1775 1542 1807 α,
1563 1763 1630 1800 lin.
1652 1773 1689 1798 2.
1704 1782 1756 1788 -—
1777 1762 1851 1795 Pro
1869 1757 2092 1809 Ἀρίσταρχος
2109 1756 2168 1795 καὶ
2196 1757 2285 1796 Θεό-

1239 1835 1378 1869 πομπος
1407 1822 1593 1857 Prellerus
1623 1819 1672 1856 ad
1691 1820 1889 1855 Polemon.
1914 1831 1952 1866 p.
1977 1815 2025 1865 59
2045 1817 2285 1853 scribendum

1240 1892 1315 1916 esse
1349 1879 1534 1926 conjecit,
1567 1876 1806 1929 Ἀριστοτέλης
1835 1875 1894 1913 καὶ
1926 1874 2170 1927 Θεόφραστος,
2193 1889 2284 1912 cau—

1239 1952 1315 1975 sam
1333 1939 1512 1975 idoneam
1534 1951 1614 1973 non
1631 1937 1838 1986 perspicio.

1294 1999 1381 2046 Pag.
1402 2010 1493 2045 291,
1514 1997 1561 2034 fr.
1583 1997 1646 2034 83.
1666 2017 1718 2022 --
1735 1997 1808 2030 Pro
1832 1990 1970 2035 Πενειὸς
1991 1993 2017 2028 l.
2041 1991 2201 2037 Πηνειός.

1292 2058 1380 2105 Pag.
1404 2069 1496 2104 292.
1528 2077 1581 2082 --
1609 2054 1843 2103 Fragmentis
1862 2053 1951 2088 libri
1983 2052 2075 2087 noni
2106 2051 2282 2087 addenda

1239 2122 1339 2159 sunt,
1353 2127 1434 2162 quae
1456 2114 1502 2150 de
1517 2112 1734 2149 Alexandro
1752 2112 1904 2146 Pheraeo
1921 2110 1960 2144 in
1978 2121 2081 2155 mare
2111 2109 2283 2145 demerso

1239 2173 1416 2221 leguntur
1445 2172 1547 2221 apud
1563 2171 1683 2207 schol.
1700 2171 1746 2208 ll.
1763 2184 1807 2214 ω,
1827 2167 1901 2211 428
1913 2194 1923 2212 ,
1941 2168 2127 2215 siquidem
2138 2168 2216 2203 haec
2235 2168 2284 2203 ad

1239 2240 1410 2267 nostrum
1437 2231 1679 2274 historicum,
1700 2241 1779 2264 non
1803 2239 1893 2263 vero
1922 2226 1971 2262 ad
1999 2227 2283 2274 grammaticum

1238 2292 1314 2326 sive
1351 2290 1614 2338 mythologum
1647 2300 1733 2323 cum
1752 2286 1956 2322 Welekero
1985 2284 2177 2320 referenda
2206 2297 2283 2320 esse

1237 2349 1442 2398 putaveris.
1480 2348 1575 2402 Vide
1602 2347 1730 2382 locum
1760 2345 1801 2380 in
1830 2343 2070 2391 Theopompi
2104 2343 2150 2379 sr.
2185 2341 2280 2390 339,

1238 2421 1278 2456 p.
1307 2408 1398 2444 332.
1425 2408 1519 2443 Sane
1541 2406 1693 2453 quidem
1722 2416 1792 2453 ego
1825 2414 1978 2450 quoque
1994 2414 2094 2436 nunc
2120 2401 2255 2436 dubito
2271 2427 2281 2445 ,

1238 2480 1329 2502 num
1350 2467 1462 2502 Chius
1481 2466 1680 2500 historicus
1691 2464 1759 2499 ista
1773 2462 1820 2498 de
1836 2468 1959 2496 morte
1974 2461 2217 2496 Pheraeorum
2231 2467 2285 2507 ty-

1238 2526 1347 2561 ranni
1363 2524 1581 2568 tradiderit,
1605 2535 1723 2570 quum
1742 2521 1964 2568 Xenophon
1990 2519 2134 2555 Hellen.
2157 2519 2219 2563 VI,
2238 2523 2254 2560 4
2271 2545 2281 2562 ,

1241 2584 1303 2631 36,
1319 2583 1630 2620 nonnisi-ebrium
1646 2581 1885 2616 intersectum
1898 2590 1971 2614 esse
1985 2578 2123 2625 tradat,
2142 2584 2179 2613 et
2192 2578 2283 2612 Dio-

1240 2644 1356 2679 dorus
1374 2654 1527 2690 quoque
1547 2638 1808 2678 καταπόντωσιν
1827 2639 1927 2673 illam
1947 2638 2138 2685 ignorasse
2156 2636 2283 2671 videa-

1240 2710 1313 2747 tur,
1339 2697 1441 2747 XVI,
1469 2706 1533 2746 14,
1557 2713 1571 2735 1
1592 2696 1832 2748 (Ἀλέξανδρος
1852 2698 1869 2733 ὁ
1887 2697 2014 2746 Φερῶν
2037 2693 2199 2745 τύραννος
2218 2695 2282 2730 ὑπὸ

1239 2763 1299 2807 τῆς
1313 2760 1401 2802 ἰδίας
1417 2757 1577 2806 γυναικὸς
1591 2756 1717 2802 Θήὸης
1731 2755 1791 2793 καὶ
1808 2757 1876 2792 τῶν
1892 2753 2021 2799 ταύτης
2038 2752 2194 2804 ἀδελφῶν
2211 2754 2282 2790 Λυ-

1238 2821 1401 2872 κόφρονος
1430 2817 1490 2855 καὶ
1518 2815 1706 2871 Τισιφονου
1731 2812 2011 2866 ἐδολοφονεύθη).
2036 2810 2219 2851 Ceterum'
2234 2812 2283 2847 ad

1224 2871 1392 2915 >Theben
1407 2889 1566 2913 uxorem
1587 2876 1737 2922 tyranni
1765 2873 1961 2909 referenda
1976 2879 2073 2920 puto
2103 2883 2165 2914 ea,
2183 2868 2204 2906 ἃ
2221 2867 2283 2919 γέ-

1226 2951 1348 2989 ·γραφε
1369 2934 1447 2986 περὶ
1464 2937 1525 2979 τῆς
1544 2932 1668 2978 Θήὸης
1686 2930 1896 2980 Θεόπομπος
1912 2930 1978 2979 (fr.
1994 2935 2066 2977 294
2078 2929 2106 2978 ),
2125 2940 2282 2977 quaeque

1239 2999 1336 3032 inter
1355 2995 1514 3030 illustria
1538 2993 1797 3028 narrationum
1812 2990 1982 3038 exempla
1999 2994 2183 3024 memorat
2194 2988 2280 3022 Plu-

1240 3055 1410 3098 tarchus3
1439 3065 1501 3097 ac,
1529 3052 1598 3086 nisi
1615 3051 1740 3094 fallor,
1765 3050 1899 3086 Conon
1917 3061 1950 3086 c.
1972 3046 2020 3084 50
2037 3045 2096 3095 (p.
2127 3045 2198 3081 150
2219 3045 2279 3081 ed.

1238 3111 1459 3159 WVesterm.)
1486 3123 1589 3149 suam
1611 3110 1657 3145 de
1680 3109 1806 3145 Thebe
1830 3107 2084 3143 narrationem
2103 3116 2123 3139 e
2152 3103 2279 3138 Theo-

1237 3183 1381 3221 pompo
1397 3177 1590 3205 mutuatus
1609 3175 1676 3204 est.
1696 3189 1749 3194 —
1767 3169 1812 3202 In
1831 3166 1973 3202 scholio
1990 3163 2141 3199 Homeri
2165 3173 2279 3208 quum

1239 3230 1450 3268 Alexander
1478 3229 1670 3276 praecipuo
1701 3227 1803 3262 cultu
1836 3225 2024 3261 Bacchum
2059 3227 2280 3269 prosecutus

1239 3302 1314 3325 esse
1334 3289 1499 3331 dicatur,
1522 3286 1664 3322 Cratini
1694 3285 1859 3319 fabulam
1876 3276 2210 3325 Διονυσαλέξανδρον
2231 3275 2279 3309 nd

1239 3349 1430 3383 Pheraeum
1450 3347 1562 3380 istum
1583 3351 1784 3391 tyrannum
1799 3347 1968 3388 spectare
1990 3344 2098 3372 acute
2118 3333 2281 3379 conjecit

1240 3405 1413 3452 Meincke
1427 3405 1523 3440 Ilist.
1547 3403 1742 3439 (·1·it.Com.
1758 3414 1796 3449 p.
1816 3399 1901 3442 413.

2061 3466 2104 3489 41.
