2372 3704
749 222 970 263 BATONlS
1000 223 1294 265 SlNOPENSlS
1324 226 1500 267 FRAGM
1510 229 1655 270 ΕΝΤΑ.

141 325 200 354 κος
219 310 278 348 καὶ
304 309 474 360 Τίμαιος,
498 310 542 348 τὰ
557 309 591 348 δὲ
618 310 703 362 πρὸς
723 309 894 353 ἀνατολὰς
907 311 1094 353 Ἑκαταῖος
1125 312 1184 349 καὶ

139 368 311 413 Βασιλεύς
338 371 420 419 (sic
446 370 606 409 Bekker.
631 382 706 406 sec.
733 371 866 416 codd.;
897 378 984 407 ante
1012 384 1098 408 eum
1114 373 1183 421 leg.

139 425 283 469 Βάσιλις
300 427 328 478 ).

190 487 330 522 Plinius
345 488 391 524 H.
410 488 455 523 N.
468 488 534 533 VI,
558 485 621 532 35,
640 500 680 536 p.
702 486 776 523 388
796 488 930 533 Tchn.,
957 488 1004 524 de
1023 489 1152 524 Meroe
1174 503 1180 524 z

137 543 262 580 Simili
289 546 398 581 modo
423 553 460 581 et
479 546 528 581 de
557 558 729 581 mensura
747 549 826 592 ejus
845 549 955 581 varia
984 547 1185 595 prodidere

138 601 149 651 (
161 606 305 652 primus
320 605 461 639 Dalion
472 605 571 639 ultra
582 605 738 640 Meroen
753 606 863 652 longe
873 606 1059 641 subvectus
1069 619 1080 640 :
1097 619 1184 641 mox

136 662 373 698 Aristocreon
391 671 431 698 et
458 663 555 699 Bion
574 671 611 698 et
635 664 777 698 Basilis
792 677 804 698 :
830 663 1043 700 Simonides
1063 669 1185 700 minor

136 724 267 766 etiam,
294 724 541 770 quinquennio
566 726 605 757 in
631 722 759 758 Meroe
776 723 962 772 moratus)
992 737 1003 758 .·
1033 736 1121 760 nam
1147 732 1185 760 et

144 778 398 815 Timosthenes
410 807 421 825 ,
457 781 632 815 classium
672 781 919 830 Philadelphi
952 779 1179 830 proefectus,

133 841 213 873 sine
237 850 431 884 mensura,
462 840 605 875 dierum
634 841 711 875 LX
732 853 756 875 a
783 841 904 888 Syene
931 842 1084 877 Meroen
1114 846 1184 878 iter

132 896 318 944 prodidit;
348 897 611 933 Eratosthenes
627 899 783 935 DCXX
786 901 823 933 V
835 901 946 944 mill„
973 902 1182 937 Artemido—

133 966 196 990 rus
224 954 293 990 DC
323 956 435 999 mill„
461 954 614 992 Sebosus
640 958 689 992 ab
713 960 874 1007 AEgypti
898 963 1072 995 extremis
1090 973 1178 996 cen-

134 1019 222 1047 tena
240 1013 394 1048 LXXV
402 1025 593 1061 passuum.

174 1060 315 1107 ‘Basilis
334 1072 396 1107 ille
414 1072 492 1109 sive
506 1074 667 1111 Basileus
683 1076 840 1112 sortasse
853 1089 931 1112 non
944 1075 1112 1114 diversus
1125 1086 1181 1115 est

133 1129 309 1166 aBasileo
327 1143 439 1178 quem
453 1132 583 1169 laudat
600 1134 722 1173 schol.
740 1136 923 1172 Nicandri
942 1137 1053 1173 Ther.
1075 1136 1150 1183 715
1168 1151 1176 1174 :

133 1184 178 1224 ‘O
190 1186 360 1231 Βασιλεὺς
372 1189 407 1226 ἓν
416 1191 469 1242 τῷ
480 1190 653 1244 Θηριακῷ
669 1191 753 1230 δέκα
767 1192 849 1243 γένη
865 1187 951 1231 εἶναι
964 1196 1031 1232 τῶν
1043 1196 1178 1248 φαλαγ-

130 1242 230 1294 γίων.
249 1245 360 1284 Certe
373 1259 503 1284 rerum
515 1249 748 1285 naturalium
762 1259 1016 1289 scrutatorem
1030 1266 1118 1289 cum
1132 1266 1193 1290 ex·

128 1303 328 1351 ploratore
345 1312 534 1343 terrarum
548 1307 849 1358 longinquarum
864 1312 1070 1348 conciliare
1080 1312 1190 1349 facile

132 1363 235 1401 licet.
253 1364 372 1400 Simili
384 1365 501 1401 modo
520 1367 624 1406 Voss.
638 1380 679 1416 p.
700 1371 773 1411 424
786 1369 977 1405 aDalione
990 1370 1177 1420 AEthiopi-

132 1421 205 1457 con
223 1423 408 1471 scriptore
421 1436 500 1459 non
516 1424 823 1474 distinguendum
841 1435 965 1464 censet
978 1429 1178 1466 Dalionem

128 1479 319 1516 medicum
341 1481 401 1516 vel
427 1482 667 1529 herbarium,
698 1483 805 1531 cujus
824 1486 966 1522 Plinius
991 1489 1175 1528 meminit.

128 1537 279 1584 Quanto
294 1546 465 1588 tempore
485 1541 616 1578 Basilis
635 1543 955 1591 Agatharchidem
971 1557 1175 1594 superave-

127 1596 193 1641 rit,
207 1599 419 1634 accuratius
432 1598 507 1635 dici
519 1601 666 1648 nequit.
679 1601 854 1637 Ceterum
864 1615 909 1638 ex
918 1603 1077 1640 historia
1087 1617 1177 1654 pro·

126 1653 252 1691 habile
262 1654 305 1691 fit
312 1657 383 1691 iter
389 1657 561 1693 Basilidis
568 1658 825 1708 AEthiopicum
834 1673 912 1697 non
922 1662 1019 1698 ultra
1028 1663 1176 1700 initium

126 1714 234 1762 regui
251 1715 442 1751 Ptolemaei
461 1716 696 1766 Philadelphi
716 1731 792 1755 esse
808 1721 1096 1758 removendum.
1118 1726 1174 1759 Ac

126 1783 244 1819 quum
257 1774 425 1822 primum
444 1775 584 1811 Plinius
601 1784 722 1825 ponat
739 1779 895 1814 nomina
913 1782 1174 1830 peregrinato-

125 1841 209 1866 rum
222 1859 232 1877 ,
248 1832 418 1868 Dalionis
429 1859 440 1877 ,
472 1834 764 1872 Aristocreontis
775 1863 785 1882 ,
807 1838 935 1874 Bionis
947 1866 957 1884 ‚
979 1841 1150 1878 Basilidis
1162 1869 1172 1887 ‚

127 1889 330 1926 Simonidis
343 1917 354 1936 ‚
372 1893 611 1929 intervallum
639 1907 728 1931 vero
742 1923 752 1940 ,
778 1897 883 1943 quod
903 1898 949 1933 sit
962 1899 1060 1934 inter
1083 1900 1174 1948 Sye-

127 1958 203 1982 nen
222 1955 259 1984 et
273 1950 451 1998 Meroen,
468 1963 547 1986 non
566 1964 610 1987 ex
626 1952 684 1988 his
696 1954 805 2002 ipsis,
827 1967 959 1991 verum
973 1969 1018 1992 ex
1041 1958 1173 1994 Timo-

125 2005 278 2052 sthene,
299 2008 567 2054 Eratosthene,
598 2011 841 2048 Artemidoro
856 2041 867 2061 ,
887 2014 1030 2051 Seboso
1062 2016 1072 2065 (
1095 2020 1172 2054 Au-

127 2065 227 2112 gusti
243 2072 387 2115 tempp.
409 2065 419 2114 )
435 2066 585 2114 afferat,
608 2070 673 2116 qui
693 2082 822 2106 omnes
838 2071 993 2119 majoris
1010 2076 1173 2113 ambitus

128 2134 245 2171 opera
263 2126 525 2174 geographica·
540 2137 839 2176 composuerunt
855 2144 861 2166 :
882 2134 1009 2168 nescio
1025 2146 1070 2169 an
1089 2135 1172 2171 duae

92 2185 97 2189 ‘
126 2180 182 2217 hae
204 2183 317 2219 series
349 2191 548 2221 auctorum
578 2187 632 2222 ita
655 2188 728 2223 sint
748 2188 1041 2239 conjungendae,
1068 2201 1111 2230 ut
1127 2207 1172 2232 ex

125 2242 288 2277 Dalione
315 2254 383 2278 sua
403 2243 570 2280 hausisse
598 2246 789 2282 indicetur
816 2249 1093 2297 Timosthenes;
1126 2265 1171 2289 ex

123 2300 408 2337 Aristocreonte
438 2309 476 2338 et
505 2303 622 2339 Bione
650 2306 914 2343 Eratosthenes
930 2336 940 2357 ,
973 2321 993 2345 e
1023 2311 1169 2347 Basileo

124 2358 408 2406 Artemidorus,
428 2372 448 2401 e
473 2361 666 2398 Simonide
682 2363 834 2400 demum
851 2364 1026 2405 Sebosus.
1047 2368 1169 2413 Quam

123 2416 381 2463 conjecturam
394 2420 425 2454 si
442 2420 656 2466 admiseris,
675 2424 805 2459 Basilis
819 2423 949 2462 floruit
967 2428 1064 2464 inter
1083 2431 1168 2466 Era·

121 2475 329 2511 tosthenem
346 2475 356 2526 (
370 2474 403 2527 †
422 2478 493 2526 196
508 2478 518 2527 )
542 2487 578 2515 et
591 2492 715 2516 senem
727 2484 1042 2531 Agatharchidem
1059 2487 1169 2537 (nam

120 2544 232 2568 senex
260 2534 466 2571 admodum
496 2539 795 2586 Agatharchides
822 2543 961 2580 librum
988 2547 1044 2582 De
1070 2549 1166 2583 mari

120 2591 257 2628 Rubro
276 2595 426 2643 scripsit
443 2594 472 2645 ),
495 2597 553 2632 vel
573 2598 671 2633 inter
691 2600 870 2647 190-130
888 2615 922 2641 a.
953 2604 995 2642 C.
1021 2607 1168 2642 Aristo-

126 2662 242 2685 creon
263 2653 394 2700 paullo
425 2661 511 2690 ante
536 2656 822 2695 Eratosthenem
855 2668 892 2697 et
922 2663 1167 2714 Hermippum

122 2709 356 2756 Smyrnaeum
387 2713 598 2761 scripserit,
629 2727 673 2751 ac
704 2719 957 2764 probabiliter
983 2723 1083 2759 idem
1112 2733 1168 2761 est

122 2779 210 2802 cum
227 2769 511 2808 Aristocreonte
528 2772 730 2823 Chrysippi
751 2777 914 2814 Solensis
934 2779 1110 2817 familiari
1130 2790 1167 2818 et

119 2824 306 2874 discipulo
321 2854 340 2872 ,v
357 2829 423 2876 qui
446 2838 600 2867 mortuo
616 2834 796 2882 magistro
815 2833 825 2886 (
847 2849 881 2871 a.
903 2849 975 2883 207
997 2838 1007 2887 )
1031 2852 1164 2876 aeream

119 2882 321 2932 imaginem
339 2888 488 2935 posuit,
512 2890 573 2925 cui
589 2891 781 2940 inscripsit
803 2906 811 2928 :

201 2977 296 3009 Τόνδε
310 2980 377 3010 νέον
388 2981 569 3021 Χρύσιππον
586 2983 804 3026 Ἀριστοκρέων
817 2986 944 3025 ἀνέθηκε

202 3028 264 3056 τῶν
280 3025 515 3069 Ἀκαδημιακῶν
530 3033 761 3073 στραγγαλίδων
774 3035 900 3067 κοπίδα.

117 3104 201 3142 vid.
221 3107 407 3146 Plutarch.
430 3091 660 3151 Destoicor.
680 3129 838 3166 repugn.
865 3132 899 3155 c.
919 3132 960 3165 2,
980 3133 1020 3168 p.
1047 3133 1058 3155 1
1074 3120 1159 3157 133.

547 3278 721 3293 ,θῦσαι-ν·-

2201 241 2274 276 347

1401 357 1650 413 ΒΑΤΟΝ
1689 358 2125 423 SINOPENSlS.

1297 473 1418 508 Baton
1432 474 1648 522 Sinopensis
1662 475 1866 524 (⁸)‚rhetor
1883 476 1948 528 (fr.
1970 480 2160 532 1),junior
2171 490 2288 527 Arato

1253 531 1434 578 Sicyonio
1468 534 1527 569 vel
1552 541 1660 570 aetate
1684 537 1718 570 ei
1745 549 1889 585 suppar
1921 538 1996 587 (fr.
2032 541 2097 592 6).
2133 546 2290 596 Scripsit

1244 589 1417 633 Persica,
1457 598 1549 627 teste
1583 592 1781 630 Strabone.
1808 597 1955 632 Horum
1985 612 2075 636 vero
2106 609 2290 644 memoria

1241 659 1347 695 paene
1371 649 1621 686 intermortua
1649 659 1716 687 est.
1747 653 1858 690 Plura
1884 666 2085 704 supersunt
2110 673 2156 697 ex
2184 663 2290 702 libris

1243 706 1301 741 De
1322 710 1488 753 tyrannis
1506 708 1680 756 Ephesiis
1702 709 1770 759 (fr.
1803 724 1835 750 1.
1856 724 1892 748 2.
1909 713 1937 763 ),
1960 722 1997 750 et
2015 717 2072 752 De
2094 725 2291 764 tyrannide

1244 765 1461 812 Hieronymi
1485 767 1712 814 Syracusani
1737 769 1806 818 (fr.
1830 771 1850 807 3
1871 771 1902 820 ),
1923 774 1982 808 vel
2004 777 2131 822 potius
2157 780 2213 814 De
2229 789 2289 828 ty·-

1241 827 1371 859 rannis
1402 825 1668 872 Syracusanis,
1705 828 1811 875 cujus
1845 832 1971 878 operis
2002 845 2092 881 pars
2134 845 2214 873 erat
2244 839 2290 875 de

1242 882 1491 930 Hieronymo.
1523 884 1699 922 Fortasse
1724 888 1838 924 etiam
1860 890 2021 926 aliorum
2042 899 2287 939 tyrannorum

1241 941 1317 977 fata
1331 944 1453 979 Batou
1470 945 1671 982 enarravit.
1701 947 1816 993 Quod
1839 948 1996 996 quidem
2027 962 2290 1000 argumentum

1239 1001 1436 1043 rhetorum
1470 1003 1603 1040 studiis
1635 1006 2068 1045 accommodatissimum
2100 1020 2194 1050 erat.
2229 1016 2290 1051 Ad

1239 1061 1452 1109 periegesin
1472 1062 1726 1110 antiquariam
1754 1065 1945 1112 pertinent
1962 1079 2044 1115 quae
2059 1070 2226 1108 citantur
2244 1085 2290 1110 ex

1239 1117 1337 1153 libro
1355 1120 1411 1154 De
1430 1119 1627 1155 Thessalia
1647 1129 1684 1156 et
1698 1124 1900 1159 Hoemonia
1924 1124 1934 1173 (
1958 1125 2004 1160 fr.
2027 1130 2047 1169 4
2066 1126 2092 1176 ).
2111 1127 2288 1174 Ejusdem

1238 1176 1376 1213 indolis
1403 1178 1543 1214 fuerint
1571 1179 1747 1215 Historiae
1764 1182 1902 1217 Atticoe
1929 1182 2002 1230 (fr.
2028 1183 2048 1219 5
2075 1184 2101 1232 ).
2131 1188 2175 1222 ln
2207 1189 2286 1225 haec

1245 1236 1389 1286 scripta
1399 1238 1527 1272 nescio
1542 1249 1591 1272 an
1605 1238 1731 1283 cadat,
1745 1240 1851 1286 quod
1866 1241 1902 1276 in
1923 1243 2138 1279 universum
2158 1248 2287 1284 rectis-

1238 1294 1330 1329 sime
1354 1301 1484 1330 monet
1502 1296 1687 1332 Prellerus
1704 1297 1752 1333 ad
1770 1299 1964 1337 Polemon.
1984 1313 2023 1349 p.
2048 1302 2119 1349 198
2142 1316 2148 1337 ;
2175 1320 2190 1335 «
2222 1306 2288 1342 Vi-

1243 1351 1380 1388 dentur
1395 1353 1508 1400 mihi,
1529 1353 1592 1397 ait,
1614 1355 1783 1392 rhetores
1800 1364 1843 1393 ut
1860 1358 2066 1406 plurimum
2077 1361 2170 1397 nihil
2184 1363 2287 1400 aliud

1236 1409 1368 1447 fecisse
1384 1412 1454 1447 nisi
1469 1413 1666 1448 materiam
1686 1416 1918 1463 aperiegetis
1936 1419 2175 1465 potissimum
2196 1434 2285 1471 sup-

1236 1468 1447 1516 peditatam
1471 1471 1667 1507 rhetorico
1685 1473 1899 1509 calamistro
1925 1487 2134 1514 exornasse.
2158 1495 2175 1510 »
2197 1481 2287 1526 Quae

1236 1534 1416 1574 praeterea
1427 1540 1472 1564 ex
1487 1529 1632 1565 Batone
1645 1530 1854 1567 afferuntur
1866 1532 1912 1568 de
1927 1534 2049 1582 Agide
2065 1535 2115 1571 ad
2129 1539 2287 1574 Aratum

1237 1585 1376 1621 auxilia
1393 1586 1628 1636 adducente,
1647 1595 1727 1624 tum
1746 1602 1837 1625 vero
1856 1592 2034 1639 proelium
2049 1596 2287 1633 committere
2307 1597 2310 1600 ⁴

1236 1652 1433 1681 recusante
1453 1645 1521 1691 (fr.
1538 1646 1593 1697 6),
1611 1659 1655 1682 ea
1674 1660 1766 1683 num
1782 1647 1962 1686 fluxerint
1982 1664 2028 1687 ex
2042 1655 2227 1700 peculiari
2239 1655 2286 1691 de

1235 1702 1391 1740 historia
1412 1704 1563 1740 foederis
1586 1707 1741 1742 Achaici
1758 1708 1873 1753 libro,
1898 1722 1946 1746 an
1965 1722 2009 1746 ex
2022 1711 2184 1758 'majoris
2204 1726 2284 1750 am-

1235 1761 1336 1798 bitus
1369 1762 1416 1798 de
1452 1764 1566 1800 rebus
1605 1765 1935 1814 Peloponnesiacis
1972 1770 2031 1805 vel
2059 1770 2105 1806 dc
2133 1773 2285 1820 regibus

1235 1819 1510 1867 Spartanorum
1537 1834 1675 1871 opere,
1705 1824 1745 1860 id
1773 1826 1813 1860 in
1831 1826 1958 1864 medio
1976 1829 2280 1876 relinquendum.

1234 1878 1380 1926 Agmen
1397 1880 1538 1915 claudit
1551 1881 1648 1916 liber
1661 1883 1719 1917 De
1733 1885 1960 1932 Ionepoeta‚
1971 1898 2048 1933 quo
2057 1895 2192 1923 auctor
2205 1902 2284 1925 non

1234 1947 1276 1971 ea
1300 1943 1444 1972 tantum
1463 1950 1546 1985 quae
1566 1939 1615 1975 ad
1641 1941 1759 1975 vitam
1774 1949 1897 1990 poetae
1921 1952 2092 1991 spectant
2110 1959 2282 1995 compre·

1232 1994 1407 2030 henderit
1419 2023 1430 2044 ,
1448 1997 1514 2032 sed
1527 1998 1638 2033 simul
1655 1999 1766 2034 etiam
1782 2000 1951 2048 ipsorum
1972 2005 2181 2040 carminum
2195 2019 2279 2055 ege-

1237 2053 1288 2087 rit
1319 2053 1577 2102 interpretem,
1615 2058 1702 2092 Non
1734 2058 1876 2105 probat
1915 2060 1994 2096 haec
2027 2061 2279 2110 fragmentum

1234 2111 1341 2158 quod
1357 2121 1527 2161 superest
1538 2115 1711 2161 unicum,
1726 2123 1765 2150 at
1781 2117 1913 2153 suadet
1926 2119 2103 2155 similium
2120 2133 2278 2170 operum

1235 2169 1542 2217 Chamaeleontis,
1565 2174 1778 2210 Heraclidis
1802 2175 1972 2221 Pontici,
1992 2178 2151 2214 aliorum
2173 2193 2277 2216 com-

1231 2229 1392 2276 paratio.

1636 2289 1877 2328 ΠΕΡΣΙΚΑ.

1287 2373 1424 2411 Strabo
1451 2377 1552 2422 XII,
1583 2390 1620 2426 p.
1639 2377 1715 2421 546
1739 2392 1746 2413 1
1770 2375 1915 2430 Ἄνδρας
1934 2378 1970 2416 δὲ
1997 2378 2174 2431 ἐξήνεγκεν
2195 2383 2278 2434 ἀγα-

1233 2430 1310 2475 θοὺς
1326 2434 1336 2482 (
1355 2431 1499 2479 Σινώπη
1520 2432 1547 2485 ),
1563 2437 1631 2473 τῶν
1647 2434 1710 2485 μὲν
1725 2436 1919 2491 φιλοσόφων
1937 2437 2084 2488 Διογένη
2104 2439 2162 2477 τὸν
2176 2442 2278 2479 Κυνι-

1233 2488 1292 2526 κὸν
1309 2490 1368 2528 καὶ
1396 2491 1564 2542 Τιμόθεον
1585 2493 1643 2531 τὸν
1663 2494 1873 2545 Πατρίωνα,
1888 2498 1957 2533 τῶν
1984 2496 2019 2535 δὲ
2039 2500 2193 2544 ποιητῶν
2217 2500 2277 2538 Δί,-

1236 2549 1335 2599 φιλον
1360 2547 1417 2587 τὸν
1448 2550 1616 2600 κωμικὸν,
1643 2554 1711 2589 τῶν
1744 2552 1779 2590 δὲ
1805 2553 2032 2607 συγγραφέων
2054 2555 2201 2594 Βάτωνα
2219 2558 2277 2595 τὸν

1236 2608 1551 2659 πραγματευθέντα
1565 2609 1609 2647 τὰ
1628 2611 1800 2663 Περσικά.

1268 2699 1311 2740 (*)
1329 2700 1416 2732 Alios
1428 2702 1567 2735 Batones
1581 2703 1654 2735 vide
1667 2712 1718 2744 ap.
1735 2704 1858 2736 Fabric.
1871 2704 1953 2736 Bibl.
1972 2707 2027 2738 Gr.
2044 2708 2084 2746 ll,
2099 2716 2128 2747 p.
2146 2710 2206 2740 426
2222 2709 2275 2740 ed.

1231 2747 1333 2786 Harl.,
1350 2747 1458 2779 Ebert.
1479 2750 1610 2781 Dissert.
1629 2750 1692 2782 Sic.
1709 2760 1738 2790 p.
1756 2755 1795 2783 92
1813 2752 1823 2790 (
1837 2750 1888 2782 hic
1907 2752 1988 2784 liber
2010 2753 2089 2784 mihi
2106 2754 2147 2785 ad
2161 2763 2276 2787 manus

1231 2802 1317 2824 nunc
1339 2803 1402 2825 non
1426 2797 1473 2826 est
1488 2795 1518 2835 )·,
1536 2796 1681 2829 Dindors.
1698 2797 1730 2828 in
1761 2798 1872 2837 Steph.
1900 2799 1994 2831 Thes.
2016 2809 2047 2831 v.
2077 2801 2197 2840 Βάτων,
2222 2802 2276 2833 ubi

1230 2839 1302 2871 vide
1318 2840 1414 2871 etiam
1429 2841 1469 2873 de
1486 2843 1581 2874 variis
1609 2844 1737 2883 formis,
1755 2845 1878 2884 quibus
1891 2844 1964 2876 libri
1979 2855 2139 2879 manuscr.
2159 2857 2276 2880 nomen

1224 2886 1376 2918 exhibent
1394 2900 1401 2919 z
1423 2888 1548 2920 Βάττων
1573 2890 1639 2929 (sic
1661 2890 1805 2921 nonnulli
1823 2891 1893 2922 libri
1909 2900 1960 2932 ap.
1992 2893 2105 2925 Athen.
2135 2903 2167 2934 p.
2197 2899 2275 2934 289,

1227 2932 1264 2963 fr.
1286 2937 1298 2964 1
1315 2933 1340 2972 ),
1361 2933 1494 2973 Βάττος,
1521 2935 1618 2972 Βάτος
1640 2936 1711 2976 (sic
1727 2937 1766 2969 fr.
1787 2942 1804 2968 5
1825 2938 1849 2978 >,
1867 2938 1987 2971 Βάθων.
2006 2941 2044 2971 111
2074 2941 2185 2973 Κάτων
2205 2951 2271 2974 cor-

1229 2981 1360 3019 ruptum
1384 2989 1435 3020 ap.
1455 2981 1564 3021 Steph.
1593 2983 1668 3022 Byz.
1689 2991 1719 3014 V.
1739 2984 1905 3021 Διόσπολις
1920 2986 1952 3017 et
1971 2986 2055 3026 apud
2081 2988 2272 3020 Athenaeum

1223 3034 1253 3065 p.
1278 3030 1348 3066 103,
1364 3029 1407 3067 B;
1425 3031 1498 3068 678,
1516 3030 1559 3069 F,
1581 3029 1637 3060 ubi
1649 3029 1689 3062 de
1702 3031 1824 3063 Batone
1839 3033 1963 3064 comico
1984 3041 2088 3064 sermo
2106 3036 2163 3065 est.
2180 3034 2271 3074 Apud

1226 3072 1313 3113 Diog.
1332 3075 1368 3105 L.
1385 3076 1480 3113 vul,
1502 3078 1542 3108 89
1556 3076 1672 3117 legitur
1688 3089 1695 3108 :
1716 3079 1799 3114 Φησὶ
1817 3078 1850 3109 δὲ
1871 3079 1964 3110 αὐτὸν
1980 3080 1991 3119 (
2004 3080 2135 3116 Εὔδοξον
2151 3081 2162 3119 )
2184 3081 2270 3120 Ἐρα-

1226 3120 1373 3157 τοσθένης
1401 3121 1431 3152 ἐν
1445 3124 1508 3158 τοῖς
1524 3123 1598 3163 πρὸς
1625 3123 1794 3156 Βάτωνα
1820 3124 1918 3166 (πρὸς
1933 3126 2072 3157 Κάτωνα
2097 3127 2167 3158 cod.
2188 3128 2268 3166 Pal.;

1233 3164 1282 3196 ad
1295 3167 1498 3198 Hecatonem
1518 3170 1580 3199 vet.
1599 3168 1754 3210 interpres
1768 3171 1779 3211 )
1796 3172 1848 3202 καὶ
1861 3176 1961 3203 κυνῶν
1978 3172 2137 3213 διαλόγους
2153 3174 2269 3204 συνθεῖ-

1228 3223 1288 3243 ναι.
1306 3212 1352 3243 lbi
1371 3213 1445 3253 πρὸς
1460 3214 1614 3247 Πλάτωνα
1627 3217 1742 3257 corrigi
1764 3218 1865 3250 voluit
1883 3219 2065 3259 Menagffls,
2083 3221 2271 3259 argumento

1227 3267 1340 3297 parum
1357 3259 1460 3291 firmo.
1475 3261 1557 3293 Vide
1570 3263 1768 3304 Bernhardy.
1783 3264 1824 3295 ad
1839 3265 1997 3297 Eratosth.
2018 3274 2049 3305 p.
2069 3269 2126 3296 202
2147 3269 2177 3296 ct
2198 3268 2266 3296 168.

1227 3305 1258 3336 Si
1277 3306 1362 3337 recte
1386 3315 1420 3338 se
1435 3306 1531 3339 habet
1550 3308 1629 3340 illud
1654 3311 1729 3351 πρὸς
1752 3310 1894 3351 Βάτωνα,
1916 3311 1983 3342 fieri
2008 3313 2113 3352 posset
2138 3314 2174 3343 ut
2191 3313 2271 3343 Bato

1227 3351 1407 3391 sinopensis
1423 3353 1647 3394 intelligendus
1666 3357 1725 3396 sit,
1750 3357 1870 3397 quippe
1887 3358 1942 3397 qui
1961 3358 2048 3389 Arati
2072 3358 2135 3388 sere
2157 3365 2267 3397 aequa·

1228 3397 1266 3428 lis
1293 3399 1371 3437 quin
1403 3399 1498 3432 fuerit
1520 3401 1598 3434 nihil
1628 3403 1706 3435 adeo
1723 3403 1865 3444 impedit.
1888 3405 2111 3436 Eratosthenes
2134 3405 2268 3435 moritur

1225 3441 1275 3475 01.
1299 3448 1552 3484 1463196a.c.
