2326 3724
964 193 1300 238 FRAGMENTA.

60 290 155 336 εἶπε·
173 313 189 331 ι
216 294 289 335 Καὶ
306 291 532 346 περὶτούτων
554 291 708 341 μηνῦσαι
722 286 846 338 δέομαι
865 286 914 339 τῷ
934 282 1108 336 αὐτοκρά-

59 371 149 409 τορι.
183 353 256 394 Καὶ
277 351 367 404 μετὰ
393 351 566 402 τέσσαρας
595 350 707 399 μῆνας
733 347 831 384 δεῦτε
858 345 904 388 εἷς
923 341 1021 382 τόνδε
1053 341 1111 380 τὸν

58 413 178 463 τόπον,
198 411 258 451 καὶ
273 409 475 461 λαμὸάνετε
492 407 690 460 ἀπόκρισιν.
711 423 727 440 α
743 404 815 445 Καὶ
834 404 1003 463 μετῆλθεν
1027 401 1111 446 ἐκεῖ,

60 471 121 511 καὶ
148 470 252 509 πάλιν
277 468 353 514 τοὺς
385 465 602 520 στρατιώτας
628 464 812 517 ἐγύμναζε.
842 461 915 502 Καὶ
947 463 1051 509 ἦλθον
1081 460 1112 497 οἱ

61 530 204 583 Κάρποι
237 527 327 580 μετὰ
354 526 433 571 τοὺς
462 525 637 577 τέσσαρας
667 526 798 575 μῆνας,
830 521 890 561 καὶ
921 520 962 559 τὸ
992 517 1113 570 ὅμοιον

62 591 185 640 σχῆμα
206 587 355 634 ποιήσας
387 587 504 629 αὐτοῖς
532 583 653 636 ἑτέραν
679 576 778 635 εῧρεν
808 579 985 627 ἀναὸολὴν
1009 579 1115 631 τριῶν

66 649 200 698 μηνῶν.
240 645 313 686 Καὶ
345 644 451 683 πάλιν
481 645 528 688 εἷς
562 642 676 695 ἕτερον
707 639 941 694 στρατόπεδον
977 636 1116 682 ἐδέξατο

65 705 190 749 αὐτοὺς
201 704 340 757 ὁμοίως,
353 703 413 743 καὶ
422 702 549 741 ἔδωκεν
561 701 677 744 αὐτοῖς
688 699 889 752 ἀπόκρισιν,
905 697 958 736 ὅτι
971 715 986 731 «
1000 693 1115 735 εὈσον

64 764 98 810 ἐξ
114 763 334 817 ὑποσχέσεως
350 761 447 801 οὐδὲν
463 764 542 812 ὑμῖν
555 761 734 803 παντελῶς
747 758 887 797 δίδωσιν
899 759 917 795 ὃ
935 754 1113 809 βασιλεύς·

65 824 94 862 εἷ
114 822 150 862 δὲ
169 822 286 861 δέεσθε
307 819 592 873 συγκροτήσεως,
611 817 819 861 ἀπελθόντες
835 816 959 870 ῥίψατε
975 812 1119 856 ἑαυτοὺς

64 884 205 934 πρηνεῖς
224 881 285 920 καὶ
306 881 451 927 δεήθητε
468 880 586 917 αὐτοῦ·
603 877 664 917 καὶ
683 875 772 920 εἷκός
789 877 863 914 ἐστι
878 874 1118 927 συγκροτηθῆ-

65 957 123 980 ναι
134 943 242 992 ὑμᾶς.
264 958 279 975 »
296 942 342 981 Οἱ
358 939 395 978 δὲ
410 937 499 989 μετὰ
513 936 787 990 ἀγανακτήσεως
800 933 1045 988 ἀνεχώρησαν,
1059 931 1120 971 καὶ

66 1000 189 1053 [κατὰ]
205 1000 268 1047 τὴν
289 1003 348 1039 τοῦ
368 997 574 1054 Μηνορρίλου
592 995 706 1049 ἀρχὴν
724 997 771 1039 εἷς
784 994 864 1048 τρία
882 993 944 1040 ἔτη
960 995 1119 1031 ἀνυσθεῖ-

68 1076 132 1099 σαν
152 1059 303 1112 ἡσυχίαν
325 1059 444 1112 ἔσχον.
465 1059 525 1096 Ad
543 1065 740 1108 postrema
760 1055 970 1093 Alexandri
986 1053 1118 1091 Se'veri

76 1129 252 1170 tempora
276 1132 358 1157 rem
389 1119 581 1168 pertinere
621 1116 868 1164 conjecerunt
903 1114 1121 1151 Tillemont.

68 1182 146 1226 111,
164 1193 204 1230 p.
227 1185 314 1229 194,
333 1186 371 1216 et
387 1178 632 1215 Niebuhrius.

269 1306 306 1342 9.
328 1291 536 1343 (Valeriani
553 1302 615 1328 an.
641 1289 685 1336 83
705 1289 780 1325 260
795 1301 835 1338 p.
858 1285 923 1337 C.)

123 1409 215 1444 Exc.
237 1407 295 1443 De
315 1406 388 1455 leg.
410 1406 526 1442 Rom.
551 1403 600 1440 ad
615 1409 717 1453 gent.
735 1415 775 1452 p.
800 1414 850 1450 29
874 1414 883 1437 :
903 1397 990 1439 Ὅτι
1010 1400 1126 1438 Βαλε-

74 1463 193 1517 ριανὸς
217 1462 420 1510 εὖλαὸηθεὶς
444 1461 507 1508 τὴν
528 1460 650 1515 ἔφοδον
668 1462 738 1498 τῶν
756 1461 904 1513 Περσῶν
932 1457 1125 1510 (ἐλοίμωξε

73 1522 141 1576 γὰρ
158 1522 198 1562 τὸ
214 1522 416 1575 στράτευμα
440 1521 565 1567 αὑτοῦ,
581 1518 642 1558 καὶ
662 1520 797 1570 μᾶλλον
814 1520 846 1556 οἱ
867 1516 1103 1569 Μαυρούσιοι)
1116 1547 1125 1565 ,

75 1582 219 1636 χρυσίον
235 1583 366 1635 ἄφατον
383 1578 589 1631 συναγαγὼν
607 1578 744 1632 ἔπεμψε
764 1577 927 1630 πρέσὸεις
946 1577 1033 1630 πρὸς
1055 1578 1126 1616 Σα-

75 1641 209 1692 πώρην,
229 1640 287 1678 ἐπὶ
308 1639 479 1691 μεγάλαις
508 1638 626 1677 δόσεσι
658 1637 717 1676 τὸν
744 1637 898 1687 πόλεμον
927 1637 1127 1675 καταλῦσαι

77 1698 296 1751 βουλόμενος.
329 1697 372 1737 Ὁ
394 1696 431 1736 δὲ
446 1696 490 1735 τά
509 1712 546 1735 τε
569 1695 648 1750 περὶ
677 1699 736 1734 τοῦ
765 1696 888 1746 λοιμοῦ
916 1693 1054 1746 μαθὼν,
1083 1698 1127 1747 τῇ

76 1773 114 1796 τε
131 1757 352 1810 παρακλήσει
379 1758 595 1808 Βαλεριανοῦ
614 1754 720 1793 πλέον
742 1754 920 1807 ἐπαρθεὶς,
938 1754 1017 1798 τοὺς
1036 1753 1128 1807 πρέ-

78 1815 173 1859 σὸεις
191 1814 414 1868 παρελκύσας
427 1844 437 1863 ,
455 1812 655 1866 ἀπράκτους
672 1811 796 1857 αὐτοὺς
813 1812 1010 1864 ἀπολύσας,
1033 1812 1130 1858 εὐθὺς

78 1873 357 1921 ἐπηκολούθησεν
365 1903 373 1911 .

133 1936 207 1971 Pro
237 1932 404 1983 ἓλοίμωξε
435 1940 474 1970 et
494 1934 619 1982 λοιμοῦ
646 1945 721 1982 vgo
748 1933 889 1982 legitur
915 1930 1065 1982 ἐλίμωξε
1095 1941 1132 1970 et

78 1995 202 2040 λιμοῦ,
218 2001 352 2043 aperto
374 2005 519 2029 errore.
538 2012 592 2020 —-
611 1993 767 2028 Petrum
788 1999 885 2040 puto
901 1990 935 2028 ἓν
955 1993 1026 2035 τοῖς
1042 1991 1133 2041 μετὰ

81 2051 197 2090 Δίωνα
211 2052 346 2088 eodem
359 2058 517 2087 auctore
533 2049 731 2100 (Dexippo
745 2058 789 2086 ut
801 2047 901 2101 vid.)
915 2063 1026 2087 usum
1040 2064 1131 2098 esse,

81 2124 197 2160 quem
215 2112 387 2160 sequitur
414 2111 607 2155 Zosimus,
640 2110 707 2158 qui
731 2110 785 2146 ita
801 2108 915 2147 habet
941 2110 1002 2160 (I,
1023 2111 1095 2162 36)
1123 2123 1132 2149 :

83 2172 222 2219 Λοιμοῧ
239 2167 276 2207 δὲ
292 2173 363 2211 τοῖς
381 2166 626 2220 στρατοπέδοις
641 2166 852 2217 ἐμπεσόντος
865 2167 926 2205 καὶ
944 2166 1007 2214 τὴν
1022 2169 1135 2207 πλείω

84 2227 208 2280 μοῖραν
222 2228 335 2265 αὖτῶν
351 2225 622 2279 διαφθείραντος,
641 2225 822 2278 Σαπώρης
834 2225 942 2264 ἐπιὼν
955 2226 1018 2273 τὴν
1032 2226 1136 2280 ἑῴαν,

84 2333 199 2366 milites
210 2333 366 2365 exercuit.
385 2334 461 2365 Post
475 2333 629 2373 quattuor
647 2340 775 2364 menses
791 2331 889 2373 Carpi
901 2332 1078 2365 redierunt.
1100 2335 1136 2365 In

85 2387 201 2428 quibus
227 2385 435 2418 admittendis
462 2394 565 2426 quum
593 2384 707 2417 eadem
735 2385 839 2416 forma
870 2394 935 2426 qua
957 2386 1045 2426 prius
1061 2394 1137 2418 usus

86 2439 196 2472 fuisset
209 2439 241 2471 ct
254 2439 409 2471 rationem
423 2438 587 2478 negotium
606 2437 639 2469 in
653 2437 732 2470 alios
749 2439 816 2470 tres
831 2446 957 2470 menses
974 2438 1136 2478 rejiciendi

86 2491 270 2532 reperisset,
284 2500 386 2532 quum
404 2490 535 2522 tandem
548 2483 748 2529 iterum'eos,
769 2491 807 2521 ut
827 2490 915 2530 prius
926 2514 935 2529 ,
949 2499 1059 2522 coram
1074 2491 1138 2522 alio

87 2543 232 2576 exercitu
259 2542 452 2583 excepisset,
479 2542 541 2573 illis
563 2542 624 2573 hoc
655 2550 843 2582 responsum
867 2541 956 2574 dedit
981 2552 989 2574 :
1018 2543 1137 2575 «Nihil

89 2604 218 2636 prorsus
234 2595 406 2635 imperator
416 2593 509 2625 vobis
524 2602 565 2625 ex
583 2594 795 2626 conventione
808 2593 909 2625 dabit.
922 2594 983 2626 Sed
1002 2597 1028 2626 si
1041 2595 1138 2635 grati-

90 2648 236 2680 ticatione
249 2647 416 2687 indigetis,
433 2646 576 2679 accedite
595 2646 636 2678 ad
654 2655 747 2687 eum,
765 2647 797 2679 et
812 2646 853 2678 ad
872 2647 941 2687 ejus
952 2647 1049 2688 pedes
1064 2657 1139 2689 pro-

91 2703 234 2735 cumbite
247 2703 280 2734 et
294 2702 323 2734 ei
338 2702 515 2743 supplicate
524 2725 533 2741 ,
548 2703 580 2734 et
592 2701 764 2733 verisimile
775 2702 823 2734 est
837 2710 911 2734 eum
925 2703 1048 2733 vestras
1072 2710 1140 2742 pre·

92 2763 145 2787 ces
158 2755 386 2786 admissurum.
402 2766 418 2782 »
433 2755 474 2786 At
492 2753 537 2785 illi
557 2753 709 2794 indignati
727 2753 928 2786 recesserunt
952 2754 984 2785 et
1007 2762 1063 2794 per
1075 2755 1142 2785 tres

92 2815 203 2846 annos,
217 2806 333 2847 quibus
356 2805 558 2846 Menophilus
575 2805 608 2837 in
630 2805 794 2846 provincia
811 2813 887 2837 cum
910 2805 1044 2846 imperio
1062 2805 1140 2845 suit,

93 2856 295 2900 quieverunt.

601 2913 637 2946 9.

136 2967 341 3007 Valerianus,
360 2976 402 3000 ne
427 2976 447 2999 a
469 2967 573 3000 Persis
600 2968 851 3008 oppugnaretur,
884 2967 1002 3000 timens
1030 2967 1145 3009 (peste

97 3021 181 3053 enim
197 3021 266 3061 ejus
289 3021 450 3053 exerc-itus
464 3020 644 3060 laborabat,
671 3022 704 3052 et
721 3020 864 3052 maxime
880 3021 1035 3053 Maurusii
1050 3022 1084 3061 ),
1099 3021 1143 3052 in-

97 3075 223 3115 gentem
238 3074 308 3106 auri
320 3076 386 3106 vim
402 3071 630 3114 accumulans,
647 3073 733 3104 misit
744 3073 864 3113 legatos
876 3073 915 3104 ad
929 3073 1099 3113 Saporem,
1115 3074 1147 3104 et

98 3126 222 3166 magnis
243 3126 464 3166 largitionibus
483 3125 604 3157 bellum
632 3124 757 3156 solvere
783 3124 898 3157 voluit.
929 3124 990 3156 Sed
1013 3127 1147 3165 sapores

99 3179 139 3210 de
152 3180 239 3219 peste
255 3178 288 3210 in
313 3180 530 3211 Romanorum
550 3178 662 3210 castris
681 3178 842 3218 grassante
864 3177 981 3209 certior
995 3177 1099 3209 sactus
1117 3178 1148 3208 et

101 3229 246 3271 precibus
255 3230 417 3263 Valeriani
430 3230 545 3269 elatus,
558 3230 679 3270 legatos
691 3229 839 3270 distinet,
854 3229 969 3262 deinde
983 3238 1018 3262 re
1032 3229 1148 3261 infecta

101 3283 232 3316 dimittit
245 3308 254 3324 ,
267 3292 384 3325 eosque
396 3283 612 3325 subsequitur.

601 3339 656 3371 10.

147 3394 335 3427 odenathus
349 3397 502 3436 Saporem
515 3419 523 3435 ,
539 3397 690 3435 tanquam
709 3395 801 3435 longe
827 3393 979 3426 Romanis
996 3394 1151 3434 praestan-

2147 201 2216 233 187

1173 279 1316 319 ἅπαντα
1346 278 1621 332 κατεστρέφετο,
1651 279 1891 331 Οὗαλεριανοῧ
1913 280 1947 318 δὲ
1975 280 2031 319 διά
2050 296 2087 319 τε
2106 282 2222 332 μαλα-

1172 338 1250 377 κίαν
1281 337 1342 376 καὶ
1375 336 1448 390 βίου
1470 337 1671 390 χαυνότητα
1705 340 1876 390 βοηθῆσαι
1905 338 1966 389 μὲν
1999 341 2044 383 εἷς
2074 340 2223 392 ἔσχατον

1175 399 1315 436 ἐλθοῦσι
1327 402 1399 441 τοῖς
1414 396 1620 449 πράγμασιν
1636 395 1858 447 ἀπογνόντος,
1873 396 2064 450 χρημάτων
2082 398 2118 435 δὲ
2132 398 2226 437 δόσει

1177 456 1379 495 καταλῦσαι
1412 454 1471 494 τὸν
1511 454 1664 505 πόλεμον
1702 455 1931 507 βουλομένου,
1963 455 2042 500 τοὺς
2070 457 2132 507 μὲν
2168 457 2226 495 ἐπὶ

1176 513 1288 567 τούτῳ
1302 512 1493 557 σταλέντας
1517 512 1681 565 πρέσὲεις
1697 513 1895 566 ἀπράκτους
1910 516 1927 552 ὃ
1947 514 2124 567 Σαπώρης
2144 514 2228 553 ἀπέ-

1175 574 1312 627 πεμψεν
1330 574 1408 613 κτλ.
1428 576 1487 612 De
1498 586 1541 611 re
1561 573 1607 612 cf.
1627 575 1844 612 Tille‘mont.
1869 582 1962 613 tom.
1986 576 2059 621 ΙΙΙ,
2079 588 2118 624 p.
2136 574 2226 613 313.

1371 682 1430 708 10.
1465 668 1649 719 (Gallieni
1672 680 1733 707 an.
1761 682 1803 718 93
1819 669 1892 706 261
1914 682 1956 718 p.
1979 667 2040 719 C.)

1231 756 1332 796 Ibid.
1352 769 1394 806 p.
1413 768 1464 804 ²9
1494 768 1503 792 :
1526 752 1614 793 ’Ότι
1638 753 1826 798 Ὀδέναθος
1851 753 1911 792 τὸν
1936 753 2115 806 Σαπώρην
2143 753 2233 792 πολὺ

1181 815 1386 866 ἐθεράπευεν
1414 815 1460 857 ὡς
1491 811 1760 865 ὓπερὸεὸηκότα
1792 811 1886 851 κατὰ
1917 811 2006 851 πολὺ
2036 812 2114 856 τοὺς
2137 812 2233 851 Ῥω-

1182 874 1319 924 μαίους.
1352 871 1568 923 Βουλόμενος
1596 871 1630 910 δὲ
1668 870 1772 910 αὐτὸν
1803 871 2068 924 ὑπαγαγέσθαι,
2101 871 2236 922 πέμπει

1181 933 1275 985 δῶρα
1304 933 1559 984 μεγαλοπρεπῆ
1579 930 1639 970 καὶ
1660 930 1752 969 ἄλλα
1779 930 1963 983 ἀγώγιμα,
1990 925 2037 969 ὧν
2058 935 2079 978 ἡ
2104 931 2235 983 Περσὶς

1181 993 1246 1030 οὒκ
1278 986 1318 1039 ἦν
1352 989 1511 1043 εὔφορος,
1546 990 1720 1041 καμήλοις
1755 990 1896 1034 ἐπιθείς.
1939 990 2011 1029 Καὶ
2042 990 2238 1042 γράμματα

1182 1050 1316 1102 πέμπει
1346 1050 1497 1097 δεήσεως
1524 1048 1670 1099 δύναμιν
1700 1048 1845 1101 ἔχοντα,
1863 1048 1924 1088 καὶ
1946 1047 1998 1087 ὅτι
2024 1048 2120 1087 οὐδὲν
2142 1049 2238 1101 Πέρ·

1186 1125 1262 1152 σαις
1291 1107 1494 1147 ὑπεναντίον
1515 1108 1618 1151 αὐτὸς
1645 1107 1847 1161 εἰργάσατο.
1879 1107 1924 1148 ‘O
1948 1107 1983 1146 δὲ
2007 1108 2085 1153 τοὺς
2106 1108 2241 1152 οἰκέτας

1186 1168 1363 1206 ὖπέτασσε
1382 1166 1586 1218 δεξαμένους
1601 1165 1645 1205 τὰ
1664 1168 1758 1219 δῶρα
1778 1166 1909 1220 ῥίπτειν
1927 1169 1974 1212 εἷς
1991 1167 2049 1205 τὸν
2065 1167 2239 1218 ποταμὸν,

1188 1226 1248 1264 καὶ
1265 1225 1327 1271 τὰς
1347 1225 1536 1270 ἐπιστολὰς
1556 1225 1742 1279 διαρρήξας
1759 1225 1960 1279 συνέτριψε,
1983 1225 2043 1264 καὶ
2068 1225 2241 1271 ἐδήλωσε·

1186 1303 1201 1319 σι
1218 1284 1280 1328 Τίς
1298 1283 1346 1322 ὢν
1365 1283 1424 1323 καὶ
1444 1285 1547 1323 πόθεν
1565 1285 1738 1335 ἐτόλμησε
1754 1285 1839 1337 πρὸς
1852 1284 1909 1322 τὸν
1924 1285 2049 1323 οἰκεῖον
2064 1283 2239 1331 δεσπότην

1186 1343 1320 1397 γράψαι
1330 1361 1341 1393 ;
1370 1343 1431 1382 καὶ
1459 1347 1518 1382 νῦν
1546 1345 1575 1382 εἷ
1606 1343 1769 1396 βούλεται
1798 1342 2031 1397 ἐλαφροτέρας
2063 1342 2240 1398 μολάσεως

1189 1409 1319 1456 τυχεῖν,
1343 1403 1456 1442 ὀπίσω
1476 1403 1538 1447 τὰς
1568 1404 1690 1456 χεῖρας
1715 1403 1822 1450 δήσας
1847 1402 2092 1454 προσπεσέτω.
2128 1404 2171 1442 Εἰ
2205 1401 2242 1440 δὲ

1188 1461 1258 1513 μὴ,
1278 1461 1366 1501 ἴστω
1384 1464 1432 1507 ὡς
1451 1463 1511 1501 καὶ
1533 1463 1636 1501 αὐτὸν
1657 1461 1718 1501 καὶ
1739 1462 1778 1501 τὸ
1807 1461 1904 1513 γένος
1919 1462 1980 1500 καὶ
2003 1461 2067 1510 τὴν
2087 1461 2241 1514 πατρίδα

1189 1523 1324 1560 ἀπολῶ.
1348 1539 1366 1556 υ

1388 1625 1449 1651 11.
1485 1613 1665 1663 (Gallieni
1683 1624 1743 1650 an.
1766 1624 1812 1661 93
1830 1611 1902 1648 261
1924 1625 1966 1661 p.
1988 1610 2053 1661 C.)

1245 1702 1338 1738 Exc.
1366 1703 1423 1739 De
1451 1702 1525 1751 leg.
1546 1710 1644 1751 gent.
1670 1701 1719 1737 ad
1747 1701 1862 1738 Rom.
1886 1714 1926 1750 p.
1952 1699 2000 1736 25
2029 1712 2038 1738 τ
2065 1696 2153 1738 ’Ότι
2172 1701 2246 1738 Erx-

1191 1758 1312 1812 πώρης
1331 1761 1349 1797 ὁ
1370 1761 1519 1812 Περσῶν
1539 1758 1703 1812 βασιλεὺς
1722 1758 1780 1797 τὸν
1801 1758 1991 1811 Εὐφράτην
2012 1757 2135 1800 διαὸὰς
2157 1757 2247 1808 μετὰ

1192 1822 1252 1858 τοῦ
1273 1817 1400 1857 οἰκείου
1421 1817 1739 1872 στρατοπέδου,....
1767 1818 1814 1869 [οἱ
1833 1817 1868 1855 δὲ
1891 1819 2105 1870 στρατιῶται
2118 1820 2245 1867 suppl.

1192 1878 1321 1929 Nieb.]
1339 1877 1539 1924 ἠσπάζοντο
1555 1876 1728 1924 ἀλλήλους
1743 1875 1803 1914 καὶ
1823 1875 1963 1928 ἔχαιρον
1977 1878 2022 1919 ὡς
2040 1875 2249 1927 ἀπωγμε’νου

1193 1935 1351 1975 κινδύνου
1367 1937 1384 1954 *
1404 1935 1580 1988 φυγόντες.
1598 1935 1692 1987 Πρὸς
1707 1934 1743 1972 δὲ
1760 1934 1839 1978 τοὺς
1856 1936 1891 1972 ἐν
1907 1933 2058 1986 Ἔδέσσῃ
2075 1933 2249 1985 στρατιώ-

1193 2012 1255 2039 τας
1272 1995 1439 2046 ἔπεμπεν,
1469 1993 1707 2046 ὑποσχόμενος
1732 1994 1846 2036 αὐτοῖς
1873 1992 2003 2031 διδόναι
2026 1999 2095 2030 πᾶν
2120 1992 2159 2031 τὸ
2181 1992 2251 2032 Σύ-

1197 2069 1268 2108 ριον
1288 2053 1446 2104 νόμισμα
1470 2053 1509 2091 τὸ
1531 2051 1569 2091 ὂν
1591 2054 1674 2105 παρ’
1689 2054 1796 2104 αὐτῷ,
1821 2050 1865 2090 ἵν’
1893 2051 2122 2103 ἀνενόχλητον
2149 2050 2252 2089 αὐτὸν

1196 2112 1454 2165 συγχωρήσωσι
1482 2111 1680 2164 παρελθεῖν,
1699 2111 1759 2149 καὶ
1780 2111 1829 2162 μὴ
1849 2109 1996 2149 ἕλωνται
2022 2109 2176 2149 κίνδυνον
2207 2111 2253 2154 εἷς

1199 2171 1412 2224 ἀμφιὸολίαν
1433 2171 1557 2215 αὐτοὺς
1582 2170 1734 2222 ἄγοντα,
1757 2170 1817 2209 καὶ
1844 2169 2016 2221 ἀσχολίαν
2038 2170 2133 2221 αὐτῷ
2152 2185 2252 2222 περι-

1198 2234 1343 2277 ποιῆσαι
1362 2230 1423 2269 καὶ
1455 2231 1668 2283 βραδυτῆτα.
1690 2230 1745 2269 Οὐ
1762 2228 1829 2282 γὰρ
1850 2226 1969 2272 δεδιὼς
1992 2227 2116 2272 αὐτοὺς
2140 2231 2252 2266 ταῦτα

1196 2336 1330 2376 tiorem,
1346 2337 1486 2368 multum
1507 2337 1607 2369 coluit
1623 2338 1656 2368 et
1673 2335 1877 2375 observavit,
1899 2335 1932 2367 et
1951 2334 2084 2374 cupiens
2099 2342 2173 2365 eum
2189 2333 2253 2365 sibi

1197 2388 1367 2421 devincere
1377 2414 1386 2430 ‚
1400 2389 1485 2421 dona
1495 2389 1664 2430 magnifica
1677 2388 1809 2420 camelis
1827 2388 1993 2428 imponens
2003 2394 2115 2418 earum
2129 2394 2253 2425 rerum,

1198 2450 1341 2482 quarum
1355 2443 1460 2474 Persis
1476 2451 1541 2474 non
1565 2444 1633 2474 erat
1654 2442 1761 2480 ferax,
1785 2438 1825 2472 ad
1838 2449 1913 2472 eum
1928 2439 2028 2471 mittit
2040 2448 2114 2470 cum
2130 2439 2254 2478 litteris,

1199 2494 1317 2535 quibus
1346 2503 1421 2526 cum
1439 2495 1551 2526 multis
1570 2493 1717 2535 precibus
1741 2501 1775 2525 se
1793 2492 1874 2524 nihil
1895 2500 2039 2532 unquam
2057 2490 2254 2522 contrarium

1200 2548 1369 2578 Persarum
1391 2547 1567 2578 rationibus
1586 2546 1696 2577 secisse
1706 2545 1899 2577 testabatur.
1921 2545 1963 2576 At
1977 2544 2029 2575 ille
2041 2542 2134 2583 jussit
2147 2550 2256 2573 servos

1201 2607 1278 2631 suos
1287 2623 1296 2638 ,
1312 2601 1482 2640 postquam
1495 2599 1690 2639 recepissent
1700 2606 1834 2629 munera
1846 2622 1854 2637 ‚
1868 2597 1950 2629 eain
1960 2596 2144 2637 proximum
2159 2594 2257 2626 {luen-

1201 2654 1266 2684 tem
1289 2653 1462 2693 projicere,
1493 2653 1525 2684 et
1550 2652 1619 2691 ejus
1649 2651 1756 2683 literas
1780 2651 1936 2682 laceratas
1960 2649 2095 2690 pedibus
2123 2647 2255 2679 concul-

1202 2712 1285 2736 care.
1303 2706 1382 2736 Haec
1398 2713 1529 2745 qnoque
1545 2704 1654 2744 palam
1670 2702 1828 2743 protulit:
1847 2714 1863 2729 «
1881 2702 1961 2739 Quis
1976 2702 2008 2732 et
2022 2700 2107 2732 unde
2125 2699 2183 2731 iste
2196 2699 2255 2739 est,

1201 2756 1258 2797 qui
1270 2765 1309 2789 eo
1334 2757 1523 2789 temeritatis
1535 2756 1685 2795 devenit,
1711 2756 1749 2787 ut
1771 2755 1890 2787 audeat
1905 2754 1947 2786 ad
1975 2763 2070 2786 suum
2087 2753 2257 2784 dominum

1202 2810 1363 2842 scribere?
1378 2811 1470 2842 Nunc
1485 2810 1510 2841 si
1528 2809 1604 2841 velit
1619 2809 1729 2840 leviori
1748 2817 1840 2849 poena
1855 2807 1954 2848 affici,
1971 2807 2118 2838 manibus
2133 2814 2152 2836 a
2168 2807 2258 2844 tergo

1204 2862 1371 2901 revinctis,
1393 2863 1574 2902 prosternat
1592 2870 1626 2892 se
1642 2862 1716 2892 ante
1738 2869 1801 2891 me.
1827 2859 1860 2891 si
1882 2868 1948 2890 non
1969 2858 2083 2898 faciat,
2107 2857 2187 2888 sciat
2206 2865 2257 2888 me

1204 2914 1296 2945 illum
1312 2915 1345 2946 et
1360 2922 1455 2946 omne
1470 2913 1540 2953 ejus
1557 2921 1658 2954 genus
1674 2913 1770 2952 atque
1786 2911 1922 2952 patriam
1941 2909 2157 2951 perditurum.
2174 2920 2190 2935 »

1699 2968 1715 3000 1
1725 2969 1757 3000 1.

1249 3026 1385 3064 Sapores
1397 3047 1406 3063 ‚
1434 3025 1603 3056 Persarum
1632 3031 1708 3062 rex,
1736 3022 1774 3053 ut
1791 3030 1866 3053 cum
1895 3020 1961 3054 suis
1986 3021 2034 3052 est
2059 3018 2256 3059 Euphratem

1206 3077 1430 3116 transgressus.
1449 3099 1457 3107 .
1474 3099 1483 3107 .
1500 3083 1568 3106 sese
1583 3075 1730 3106 amanter
1746 3073 1907 3114 amplexi,
1925 3073 1984 3104 sibi
1999 3071 2136 3103 invicem
2150 3071 2257 3110 gratu-

1207 3128 1262 3159 lati
1282 3129 1358 3158 sunt
1371 3151 1380 3167 ,
1397 3126 1484 3167 quod
1503 3126 1675 3157 imminens
1689 3126 1868 3166 periculum
1887 3124 2088 3164 effugissent,
2105 3123 2136 3153 et
2153 3121 2191 3152 ad
2205 3129 2260 3152 eos

1210 3178 1266 3219 qui
1277 3177 1403 3210 Edessae
1417 3177 1573 3218 stipendia
1587 3177 1765 3214 faciebant,
1782 3176 1881 3207 mittit
1898 3176 1951 3216 qui
1967 3173 2208 3215 promitterent,
2225 3179 2259 3202 se

1209 3229 1271 3261 illis
1286 3230 1438 3262 daturum
1455 3238 1566 3261 omnes
1579 3237 1661 3269 quos
1675 3237 1785 3260 secum
1806 3228 1948 3268 portaret
1960 3227 2067 3266 Syrios
2082 3231 2233 3255 nummos
2244 3246 2253 3261 ‚

1212 3284 1247 3315 ut
1262 3284 1329 3315 sine
1342 3284 1408 3315 ulla
1422 3282 1568 3315 molestia
1586 3282 1764 3322 ipsumiter
1783 3288 1911 3321 pergere
1927 3278 2082 3315 sinerent,
2098 3283 2202 3315 neque
2224 3282 2258 3305 se

1211 3337 1295 3377 ipsos
1307 3337 1340 3368 in
1357 3335 1487 3367 dubiam
1510 3335 1645 3375 periculi
1668 3335 1769 3366 aleam
1787 3332 1998 3372 conjicerent,
2011 3329 2069 3361 sibi
2083 3335 2205 3359 moram
2226 3328 2258 3357 ct

1213 3391 1374 3432 negotium
1393 3391 1590 3423 facessentes.
1613 3391 1723 3429 Neque
1736 3397 1813 3420 vero
1827 3396 1878 3426 se,
1894 3387 2046 3425 tanquam
2065 3382 2149 3423 ipsos
2164 3380 2257 3411 time·
