2372 3704
175 268 249 299 668
908 248 1152 304 ADDENDA
1183 265 1246 304 ΕΤ

174 365 227 387 κει
247 348 446 402 δράσεσθαι.
472 373 520 378 -
546 353 630 389 Lin.
655 365 716 402 20.
746 350 997 402 Ἀμυνόμενος]
1018 354 1045 391 l.
1072 353 1218 402 ἀμυνού-

176 424 296 458 μενος,
316 410 418 448 Pice.
447 429 500 438 --
530 414 595 453 42.
619 408 644 447 ε’
670 409 730 447 καὶ
749 409 802 461 λ’]
827 424 846 447 e
875 413 970 448 male
993 414 1153 449 exaratis
1188 413 1218 450 Κ

176 467 236 505 καὶ
271 469 300 506 Γ
329 476 412 504 orta
443 481 519 505 esse
550 469 800 517 probabiliter
824 477 949 505 censet
973 472 1139 507 Piccolo.
1168 493 1219 498 -—

175 529 260 565 Lin.
285 527 306 564 3
328 528 375 563 ab
394 528 481 564 ima.
499 525 696 578 φυγόντων]
710 529 736 566 l.
759 542 857 580 φευγ.
874 530 1039 566 Piccolo.

230 584 322 635 Pag.
358 586 454 631 446,
486 587 551 623 lin.
578 598 640 625 20.
674 589 766 635 Leg.
802 585 1084 633 ἐναντιώσεσθαι,
1116 600 1217 623 corr.

179 645 305 682 Diibn.
327 665 381 672 —
402 657 466 682 22.
494 643 731 696 Ἄποφανοῦς]
762 645 911 696 ἀφανοῦς
945 645 1046 692 conj.
1069 646 1220 690 Dfibn.;

179 700 250 739 ἀπὸ
270 705 463 753 προφανοῦς
483 704 657 749 Picc0103
694 703 780 739 fort.
801 703 1038 754 ἀπεμφανοῧς.
1069 725 1122 730 -
1154 716 1218 751 29.

183 760 334 811 εὐρεῖαι]
366 759 486 810 μυρίαι
515 763 615 809 conj.
647 762 795 806 Diibn.;
837 760 1035 811 εὖριπώδεις
1067 763 1221 798 Piccolo

180 832 405 868 comparans
423 820 613 858 Plutarch.
628 820 716 857 Caes.
731 820 793 857 60.
812 841 863 847 —-
882 819 929 856 35
948 819 1038 869 ἐκεῖ]
1052 817 1103 856 ἔτι
1123 821 1221 856 Pice.

182 899 233 904 —
257 879 361 921 44.1.
382 875 732 929 μεταμφιεννύμενοι.

234 935 327 986 Pag.
347 941 438 983 447,
454 933 482 972 l.
505 950 518 972 1
531 950 544 972 1
556 966 564 974 .
582 957 633 963 —
645 934 785 984 Στενὼ]
801 934 918 979 στόνος
931 937 1076 982 Dfibn.;
1090 937 1224 985 οἰμωγῇ

182 991 243 1030 καὶ
278 992 389 1044 στόνῳ
431 993 598 1031 Piccolo.
629 1014 682 1020 —
712 993 774 1031 25.
804 993 1028 1044 Προφάσεσι]
1057 994 1227 1044 προφάσει

183 1053 306 1089 Dfibn.
318 1074 372 1079 —
385 1053 444 1088 31.
462 1049 508 1090 Εἴ
521 1051 574 1101 τι]
592 1049 623 1087 εἴ
641 1066 690 1094 τις
705 1052 804 1099 conj.
820 1053 988 1088 Diibner.
1006 1053 1118 1099 Quod
1136 1053 1224 1090 cod.

182 1111 330 1159 praebet
342 1110 622 1159 Thucydidium
639 1118 707 1148 est.
731 1132 782 1138 —
801 1115 862 1153 4ο.
879 1112 905 1150 1.
922 1109 1108 1157 ἓὸουλεύθη
1123 1138 1133 1157 ,
1151 1125 1230 1147 mo-

182 1177 295 1205 nente
315 1170 512 1206 Diibnero.

236 1227 326 1277 Pag.
349 1228 424 1270 428
439 1256 450 1274 ,
474 1228 510 1266 5.
529 1250 580 1256 —
598 1226 648 1266 ξῸ
667 1224 762 1280 χρὴ]
781 1226 834 1266 ὅτι
860 1242 898 1279 χ.
921 1229 1088 1266 Piccolo.
1111 1251 1162 1256 —
1184 1226 1229 1265 1'0

185 1298 332 1322 comma
349 1286 455 1334 quod
469 1294 523 1322 est
535 1294 623 1335 post
645 1285 822 1336 Καίσαρος
839 1300 940 1336 pone
955 1295 1043 1335 post
1070 1301 1105 1325 V.
1133 1285 1230 1339 μέρει

184 1345 239 1379 11ῑί
257 1344 425 1382 Piccolo.
455 1365 507 1372 —
529 1358 587 1382 11.
616 1342 810 1395 Ἐκείνοις]
830 1347 856 1381 l.
884 1345 1020 1383 ἐκεῖνοι.
1048 1347 1174 1382 Diibn.
1196 1353 1232 1382 et

187 1404 289 1442 Pico.
309 1425 361 1430 —
377 1403 437 1439 36.
455 1404 658 1440 Diibnerus
669 1406 832 1440 correxit
850 1417 858 1440 ε
873 1404 1040 1455 φιλότητα
1053 1403 1111 1441 καὶ
1125 1403 1230 1455 κέρδη

185 1459 280 1507 ἴδια,
303 1461 381 1511 [οἳ]
421 1458 457 1498 δὲ
481 1459 540 1498 καὶ
574 1476 606 1500 ν.
642 1462 797 1510 ἐρῶντες.
826 1483 880 1491 -
907 1464 992 1501 Lin.
1018 1463 1039 1499 3
1069 1464 1116 1498 ab
1142 1464 1230 1500 ima.

187 1518 326 1570 πλέονι]
350 1520 567 1557 πλεονεκτεῖν
589 1521 691 1568 conj.
720 1522 890 1557 Piccolo.
909 1543 962 1548 --
991 1523 1076 1560 Lin.
1094 1523 1162 1559 ult.
1185 1523 1234 1558 εἷ-

188 1576 302 1628 δότες]
325 1576 464 1620 εἰδότως
494 1578 596 1626 conj.
625 1580 797 1618 Dubner.
829 1581 1057 1628 Simpliciter
1077 1582 1233 1628 scripse-

188 1637 261 1672 rim
279 1629 366 1681 ἦσαν
383 1634 415 1672 οἳ
432 1635 716 1687 παρεκελεύοντο.

242 1694 335 1744 Pag.
361 1699 452 1744 449,
473 1697 497 1733 l.
517 1700 574 1739 14.
587 1717 638 1723 ——
652 1697 744 1733 Dele
763 1709 912 1732 comma
925 1705 1011 1745 post
1022 1710 1057 1735 v,
1076 1696 1232 1747 Λεπίδῳ.

190 1775 242 1783 ο·-
260 1754 352 1801 Cap.
374 1754 482 1800 28,1.
505 1754 542 1792 6.
564 1752 658 1805 Πρὸς
689 1753 859 1799 ἀλλήλους
874 1757 1024 1791 inclusit
1055 1757 1208 1792 Piccolo
1222 1783 1233 1802 ,

190 1821 233 1849 ut
253 1815 349 1850 male
365 1815 535 1863 repetita.
554 1815 702 1852 -Lin.
719 1815 787 1853 ult.
799 1813 976 1864 γενόμενος
990 1814 1005 1865 ]
1017 1813 1234 1865 γενόμενον...

191 1870 275 1922 πρὸς
291 1871 412 1908 ἑαυτὸν
429 1873 600 1911 Diibner.
623 1880 661 1908 et
674 1874 774 1911 Pice.

245 1930 337 1979 Pag.
357 1929 432 1974 450
446 1957 456 1975 ,
481 1931 508 1968 l.
531 1944 568 1970 2.
590 1951 644 1959 -—
659 1930 873 1982 Γενόμενον]
898 1929 1015 1982 γέγονε
1030 1933 1090 1968 vel
1106 1931 1238 1982 ἐγένετο

194 1988 294 2035 conj.
313 1988 481 2027 Diibner.
499 1990 628 2026 Potius
644 2003 689 2026 ex
704 1997 847 2028 antece.
868 1992 964 2026 male
980 1992 1154 2040 repetita.
1185 2013 1238 2019 —

198 2045 258 2084 15.
278 2045 485 2097 ἀνάγοντες]
501 2048 528 2085 l.
547 2046 754 2090 ἀνάπτοντες
771 2062 858 2084 cum
877 2050 1003 2086 Diibn.
1026 2051 1086 2086 vel
1100 2048 1239 2087 ἀναύον-

194 2119 248 2147 τες
267 2119 354 2141 cum
380 2107 548 2144 Piccolo.
580 2129 632 2133 —
653 2120 712 2155 19.
733 2105 825 2149 ὅπως
846 2108 958 2144 αὐτῶν
983 2106 1069 2158 τὴν]
1091 2106 1122 2144 ὅ.
1147 2109 1239 2161 αὑτῷ

194 2178 271 2200 τινα
299 2165 401 2203 Pice.
424 2186 476 2191 ——
510 2165 569 2203 16.
600 2167 693 2214 Leg.
716 2164 989 2211 καταστήσαιτο.
1010 2189 1062 2195 —
1085 2168 1144 2204 31.
1176 2182 1239 2204 τα-

196 2221 310 2273 ραχὴ]
333 2220 425 2273 ἀρχὴ
446 2225 582 2273 scrips.
600 2225 770 2271 Piccolo,
793 2226 899 2272 cujus
927 2226 1015 2262 vide
1042 2233 1170 2263 annot.
1193 2227 1240 2263 de

194 2283 252 2318 his
271 2282 431 2318 vocibus
442 2284 578 2332 passim
589 2284 762 2322 confusis.
775 2304 829 2311 —
845 2284 908 2328 34.
925 2287 980 2321 Ex
994 2285 1137 2321 codicis
1152 2298 1241 2321 ver-

195 2340 254 2376 bis
284 2338 424 2382 τούτους
454 2337 490 2376 δὲ
523 2339 694 2389 κομάνους
724 2341 870 2384 Λεύκιος
903 2344 1044 2392 optime
1068 2344 1240 2381 Diibner.

197 2398 324 2433 elicuit
342 2396 419 2440 τοὺς
436 2395 471 2434 δὲ
491 2396 839 2447 ΚομᾶτουςΛεύκιος.

251 2454 341 2504 Pag.
360 2455 431 2498 451
449 2483 459 2501 ,
478 2457 503 2493 l.
520 2455 558 2493 5.
575 2477 627 2483 -
640 2457 720 2494 Τῶν
735 2457 825 2506 (τε)]
838 2458 903 2493 τῶν
919 2456 996 2494 τότε
1010 2460 1177 2498 Piccolo.
1192 2482 1243 2487 —

198 2514 289 2561 Cap.
327 2526 398 2562 29,
432 2521 519 2562 post
557 2522 634 2550 not.
673 2519 707 2556 4.
747 2514 818 2552 Καὶ
857 2518 968 2552 ταῦτα
1012 2516 1240 2568 δοκιμάζων]

198 2569 308 2608 ταύτὰ
334 2569 394 2608 καὶ
411 2571 484 2609 δοκ.
505 2573 678 2618 Piccolo;
700 2573 799 2609 idem
824 2587 912 2610 mox
942 2588 1042 2612 corr.
1078 2576 1242 2623 μεσιτεύ-

896 2631 1220 2646 ,,,,,,

202 2689 290 2738 ριζεν
305 2686 368 2726 ἔτι.

254 2746 347 2795 Pag.
366 2746 461 2793 452,
477 2748 502 2784 l.
525 2760 583 2786 11.
601 2749 824 2784 —Piccolo
842 2750 1014 2798 scripsit:
1039 2747 1113 2798 ἅμα
1127 2748 1186 2786 καὶ
1201 2765 1242 2800 τη

205 2805 313 2855 βουλῇ
327 2803 371 2841 τὰ
388 2803 494 2842 πιστὰ
517 2803 697 2857 φυλάττοι.
719 2808 809 2842 Mox
823 2815 909 2856 post
925 2808 1045 2844 ἐκεῖνοι
1063 2822 1105 2856 με
1108 2823 1124 2843 ν
1146 2810 1244 2844 inse-

206 2865 283 2900 iuit
313 2866 385 2900 οὖν.
418 2885 472 2892 -
503 2862 722 2907 24.1.οὒς
753 2863 891 2902 δυ’ναιτο
920 2879 1006 2902 cum
1036 2867 1164 2903 Diibn.
1193 2889 1243 2895 —

204 2923 297 2970 Cap.
326 2922 695 2972 3ο,1.5.ἐποιοῦντο]
716 2922 887 2960 ἐπείθοντο
899 2924 997 2971 conj
1018 2926 1146 2970 Picc.;
1165 2925 1242 2962 ἐπε-

204 2983 342 3018 νοοῦντο
358 2982 528 3017 Diibner.
547 2983 636 3017 Mox
650 2983 803 3018 Piccolo
819 2981 975 3031 γενναίαν
989 2981 1024 3020 δὲ
1044 2997 1116 3032 pro
1132 2998 1168 3033 γ.
1190 2999 1240 3023 τε.

257 3039 349 3087 Pag.
372 3039 498 3085 453,1.
525 3040 568 3075 13
589 3041 636 3075 ab
655 3042 743 3078 ima.
763 3063 813 3068 -
832 3040 895 3084 Ὡς
911 3039 988 3078 οὐδὲ
1005 3040 1178 3092 τοῦνομα]
1199 3044 1244 3085 ὡς

205 3097 337 3148 σπουδῇ
357 3096 450 3136 τοῦν.
471 3099 572 3145 conj.
593 3100 782 3145 Piccolo.;
807 3101 852 3142 ὡς
882 3099 970 3138 πολὺ
989 3099 1093 3147 τοῦν.,
1115 3103 1173 3137 vel
1199 3103 1245 3143 ὡς

205 3154 281 3194 οὐδὲ
303 3154 509 3207 [προσεθείη
524 3185 534 3205 ,
561 3156 641 3207 καὶ]
658 3156 750 3197 τοῦν.
782 3160 905 3196 Diibn.
922 3182 973 3187 —
996 3161 1083 3197 Lin.
1098 3161 1242 3208 penult.

205 3212 371 3264 ἔνδεινον]
393 3215 430 3251 οὗ
446 3215 513 3252 δεῖν
535 3215 638 3262 conj.
654 3217 770 3260 Picc.;
791 3216 838 3263 μὴ
859 3216 926 3252 δεῖν
944 3219 1114 3257 Diibner.

258 3271 352 3322 Pag.
375 3271 469 3318 454,
496 3274 523 3308 l.
547 3286 584 3310 2.
612 3295 664 3300 ——-
693 3273 791 3323 Που]
825 3289 882 3311 ποι
902 3277 1028 3311 Diibn.
1048 3298 1099 3303 ——
1119 3276 1156 3314 6.
1185 3274 1244 3312 καὶ

206 3331 368 3369 ἀστῶν...
386 3329 556 3380 διελέγετό
575 3345 612 3367 τε
633 3332 805 3370 Diibner.
828 3354 875 3359 —
894 3334 987 3381 Cap.
1004 3334 1106 3379 31,1.
1128 3335 1150 3370 8
1172 3336 1246 3371 ἐθε-

205 3389 335 3439 λῆσαι]
363 3389 686 3440 ἀφειδῆσαιΡίοο,;
707 3390 907 3441 ἐλλοχῆσαι.
922 3393 1048 3433 Diibu.
1067 3395 1120 3429 De
1141 3391 1189 3429 ἔτι
1210 3391 1243 3436 ἐξ

206 3449 431 3501 ἀρχῆς,]ιιηι
452 3449 539 3484 inde
566 3450 614 3484 ab
641 3453 764 3495 initio,
795 3463 831 3488 v,
854 3449 982 3498 Stepli.
1007 3452 1114 3489 Thes.
1139 3465 1174 3489 V.
1195 3450 1244 3488 ἔτι

1277 265 1603 304 CORRlGENDA

1276 367 1318 402 p.
1339 353 1441 397 2154
1454 383 1466 401 ,
1484 356 1526 392 Β.
1539 375 1593 382 ——
1609 356 1695 392 Lin.
1723 355 1888 403 penult.‚
1909 355 2032 391 insere
2048 355 2090 405 τῇ
2111 362 2198 391 ante
2225 353 2331 392 δυνά..

1278 426 1355 460 μει,
1373 420 1550 448 monente
1569 414 1739 450 Piccolo,

1335 470 1426 519 Pag.
1444 470 1518 514 455
1535 499 1544 515 ,
1561 472 1600 508 6.
1619 493 1669 499 -
1690 469 1881 522 Ἀσφαλὲς]
1912 473 2040 507 malim
2064 469 2238 523 τάσφαλὲς
2250 499 2262 519 ,
2282 480 2325 508 ut

1279 529 1432 564 Piccolo
1467 530 1630 576 scripsit.
1662 550 1715 556 ——-
1742 529 1778 567 8.
1812 527 1945 578 μᾶλλόν
1977 529 2064 580 περ]
2096 528 2170 579 μεθ’
2207 527 2324 567 ὅπλων

1281 584 1571 636 παραὸάλλεσθαι
1603 588 1662 623 vel
1705 587 1871 636 πολεμεῖν
1903 586 2216 638 παραὸαλλόμενον
2243 589 2325 624 Pio-

1282 646 1380 681 colo.
1397 665 1450 672 —
1465 657 1503 692 9.
1521 647 1738 695 περιωθουμ.
1749 644 1764 694 ]
1782 647 1922 697 παρωθ.
1943 646 2045 684 Pice.
2065 673 2118 679 -
2138 659 2199 684 12.
2219 644 2327 697 τύχης

1282 701 1474 774 ἀγαθης]1.
1484 717 1523 738 τυ
1527 716 1574 753 [q
1593 705 1920 753 ἀγαθῃ,Ρ1·εεσιιηῐε
1939 705 2106 742 Piccolo.
2130 725 2182 732 —
2205 704 2268 743 15.
2285 698 2326 750 ἦν

1282 759 1350 811 γὰρ
1379 761 1450 798 ἐκεῖ
1463 760 1512 811 ἡ]
1530 763 1568 798 οὗ
1582 763 1642 797 vel
1660 763 1744 798 οὑπε
1730 776 1766 811 ρ
1786 764 1829 807 ἠν
1848 764 1870 807 ἡ
1883 763 2053 799 Diibner.
2071 783 2119 790 —
2156 762 2218 800 32.
2235 765 2325 813 Leg.

1284 818 1506 857 ἀναλώσειεν.
1523 841 1577 847 ——-
1589 821 1633 858 L.
1649 821 1717 858 ult.
1731 820 1769 856 οὐ
1787 818 1926 869 πάντα]
1943 820 1980 857 οὗ
1997 818 2089 857 πάνυ
2100 821 2327 872 Diibnerus;

1286 878 1324 914 οὗ
1342 875 1432 913 πάνυ
1449 892 1483 914 τι
1497 879 1709 916 Piccolous.

1339 934 1432 984 Pag.
1454 941 1529 984 499
1546 936 1595 971 ad
1619 937 1869 973 Chaeremonis
1881 936 1928 974 fr.
1955 941 1994 980 4.
2029 958 2080 965 ——
2100 940 2225 974 Locus
2242 939 2329 975 Hie-

1285 995 1436 1042 ronymi
1455 994 1514 1044 (In
1529 996 1655 1032 Jovin.
1674 997 1711 1031 ΙΙ
1723 1022 1733 1040 ,
1757 995 1801 1031 13
1816 1022 1827 1041 ,
1845 997 1946 1045 ΟΡΡ.
1967 1003 2059 1035 tom.
2075 997 2138 1042 lv,
2152 1010 2193 1046 p.
2209 996 2304 1046 205)
2318 1026 2328 1045 ,

1287 1066 1400 1101 quem
1420 1055 1459 1088 in
1475 1061 1568 1089 nota
1587 1054 1839 1090 indicavimus
1854 1083 1864 1100 ‚
1883 1055 2046 1090 exscribi
2064 1063 2238 1092 meretur.
2270 1056 2330 1092 Sic

1286 1112 1399 1148 habet
1415 1125 1423 1148 :
1437 1113 1653 1149 Chaeremon
1664 1117 1807 1157 stoicus,
1828 1117 1892 1148 vir
1902 1114 2223 1162 eloquentissimus,
2243 1126 2332 1150 nar-

1287 1178 1349 1205 rat
1368 1171 1415 1206 de
1430 1174 1514 1206 vita
1538 1175 1772 1219 antiquorum
1789 1174 1947 1220 AEgypti
1963 1173 2211 1217 sacerdotum,
2235 1173 2334 1221 quod

1288 1230 1455 1265 omnibus
1487 1231 1617 1266 mundi
1632 1234 1791 1278 negotiis
1809 1234 1977 1279 curisque
1996 1234 2212 1280 postpositis
2237 1243 2333 1268 sem-

1287 1301 1359 1336 per
1377 1292 1413 1323 in
1429 1290 1565 1337 templo
1577 1287 1739 1334 suerint,
1762 1297 1800 1324 et
1813 1302 1933 1325 rerum
1947 1297 2101 1325 naturas
2113 1302 2326 1338 causasque,

1291 1360 1336 1382 ac
1359 1351 1523 1383 rationes
1549 1349 1711 1383 siderum
1740 1349 1979 1397 contemplati
2006 1352 2098 1393 sint‚·
2133 1361 2333 1397 numquam

1292 1407 1503 1442 mulieribus
1528 1419 1567 1442 sc
1593 1410 1804 1442 miscuerint
1812 1420 1826 1450 ;
1858 1419 2060 1454 numquam
2089 1415 2266 1456 cognatos
2298 1416 2336 1443 et

1287 1469 1528 1513 propinquos,
1548 1477 1595 1500 ne
1612 1466 1744 1501 liberos
1759 1466 1906 1513 quidem
1921 1466 2098 1508 viderint,
2115 1477 2166 1501 ex
2179 1478 2222 1501 eo
2240 1473 2335 1501 tem-

1287 1536 1380 1572 pore
1393 1537 1463 1571 quo
1480 1527 1674 1571 coepissent
1688 1525 1808 1559 divino
1824 1525 1937 1559 cultui
1948 1525 2128 1559 deservire
2138 1539 2149 1559 :
2166 1524 2338 1559 carnibus

1293 1591 1332 1618 et
1349 1586 1437 1618 vino
1446 1595 1486 1618 se
1496 1595 1642 1630 semper
1655 1583 1911 1626 abstinuerint,
1940 1591 2095 1631 propter
2122 1586 2336 1618 tenuitatem

1293 1653 1419 1676 sensus
1438 1649 1475 1676 et
1502 1644 1726 1687 vertiginem
1747 1643 1891 1689 capitis,
1919 1653 2033 1689 quam
2052 1653 2102 1675 ex
2125 1653 2243 1688 parvo
2255 1640 2338 1675 cibo

1290 1699 1542 1747 patiebantur;
1560 1707 1598 1734 et
1605 1703 1771 1734 maxime
1777 1707 1935 1749 propter
1951 1701 2140 1747 appetitus
2156 1699 2334 1744 libidinis,

1294 1760 1357 1806 qui
1381 1770 1430 1792 ex
1445 1757 1503 1792 his
1521 1757 1611 1792 cibis
1628 1765 1665 1792 et
1682 1770 1731 1792 ex
1747 1757 1818 1792 leae
1833 1760 1982 1806 potione
1993 1764 2206 1794 nascuntur.
2231 1757 2339 1792 Pane

1294 1829 1380 1851 raro
1403 1817 1656 1859 vescebantur,
1686 1828 1733 1851 ne
1756 1824 1953 1851 onerarent
1969 1814 2212 1851 stomachum.
2240 1815 2290 1850 Et
2306 1818 2340 1850 si

1296 1876 1442 1923 quando
1455 1874 1712 1918 comedebant,
1743 1883 1860 1910 tusum
1884 1878 2032 1922 pariter
2054 1873 2252 1921 hyssopum
2267 1886 2338 1908 su-

1297 1933 1449 1968 mebant
1464 1937 1502 1968 in
1523 1933 1621 1975 cibo,
1654 1932 1695 1967 u't
1713 1945 1834 1968 escam
1861 1935 2066 1979 graviorem
2090 1933 2190 1968 illius
2215 1933 2340 1967 calore

1298 1991 1554 2038 decoquerent.
1580 1991 1712 2026 Oleum
1733 1998 1876 2026 tantum
1900 1994 1937 2025 in
1962 1990 2119 2026 oleribus
2143 1998 2337 2035 noverant,

1298 2062 1427 2085 verum
1450 2057 1488 2085 et
1504 2052 1622 2098 ipsum
1634 2062 1770 2097 parum
1781 2077 1790 2093 ,
1812 2057 1967 2098 propter
1985 2061 2163 2084 nauseam
2176 2056 2213 2084 et
2229 2060 2338 2097 aspe-

1300 2111 1448 2143 ritatem
1463 2115 1593 2154 gustus
1608 2108 1834 2143 leniendam.
1853 2108 1956 2154 Quid
1971 2109 2110 2156 loquar,
2136 2110 2271 2155 inquit,
2293 2107 2342 2142 de

1300 2167 1534 2210 volatilibus,
1557 2179 1667 2215 quum
1692 2179 1796 2202 ovum
1819 2179 1960 2215 quoque
1976 2178 2050 2217 pro
2077 2165 2248 2201 carnibus
2280 2169 2344 2201 vi-

1301 2228 1456 2261 taverint
1480 2233 1519 2260 et
1536 2226 1624 2261 lac?
1645 2225 1805 2271 Quorum
1823 2227 1980 2260 alterum
2008 2236 2139 2260 carnes
2155 2225 2336 2272 liquidas,

1301 2285 1456 2319 alterum
1469 2286 1687 2331 sanguinem
1706 2296 1785 2319 esse
1807 2282 1997 2327 dicebant,
2035 2284 2157 2319 colore
2182 2289 2338 2318 mutato.

1304 2341 1429 2377 Cubile
1448 2345 1490 2377 iis
1502 2343 1549 2378 de
1565 2340 1673 2387 foliis
1689 2344 1903 2390 palmarum
1915 2370 1925 2387 ,
1946 2353 2040 2390 quas
2060 2342 2168 2376 baias
2181 2349 2340 2386 vocant,

1302 2407 1511 2436 conteoetum
1529 2409 1629 2445 erat;
1655 2399 1857 2436 scabellum
1877 2402 2013 2436 acclive
2027 2408 2063 2435 et
2074 2412 2123 2435 ex
2145 2412 2221 2434 una
2232 2407 2344 2446 parte

1302 2460 1487 2507 obliquum
1519 2456 1674 2508 (ξύλινον
1703 2457 1739 2495 δὲ
1757 2457 2018 2509 ἧμικυλίνδριον
2045 2451 2083 2494 εῧ
2112 2455 2341 2505 λελεασμένον

1303 2517 1528 2566 Porphyr.)‚
1562 2522 1599 2553 in
1634 2526 1733 2553 terra
1753 2531 1825 2566 pro
1844 2519 2001 2566 pulvillo
2022 2519 2140 2564 capiti
2166 2527 2345 2564 suppone-

1303 2577 1406 2620 bant,
1434 2577 1536 2612 bidui
1563 2578 1744 2624 triduique
1764 2577 1928 2612 inediam
1949 2578 2178 2612 sustinentes.
2206 2575 2343 2610 Humo-

1234 2655 1243 2663 ·
1303 2648 1361 2671 res
1375 2639 1549 2685 corporis,
1573 2639 1638 2683 qui
1663 2643 1864 2671 nascuntur
1874 2647 1924 2671 ea:
1941 2637 2011 2670 otio
2030 2641 2068 2669 et
2080 2645 2130 2669 ex
2154 2636 2345 2668 mansione

1303 2698 1410 2729 unius
1425 2696 1513 2739 loci,
1541 2698 1655 2730 nimia
1674 2698 1792 2730 victus
1802 2696 2041 2742 castigatione
2055 2692 2258 2728 siccabant.

1355 2752 1449 2801 Pag.
1477 2757 1552 2802 499
1570 2755 1604 2790 b.
1631 2773 1676 2777 —
1691 2754 1781 2788 Post
1803 2753 1930 2788 locum
1949 2753 2100 2787 eTzetz.
2125 2750 2220 2788 Chil.
2240 2749 2340 2798 peti-

1305 2818 1382 2846 tum
1400 2812 1498 2847 adde
1518 2813 1627 2847 haec:
1646 2812 1794 2847 Tzetzes
1819 2813 1936 2858 Exeg.
1955 2811 1994 2844 in
2022 2810 2067 2846 11.
2089 2821 2131 2858 Ρ.
2155 2808 2241 2852 146,
2265 2820 2308 2843 12
2331 2818 2341 2844 :

1306 2870 1357 2906 Πε
1344 2883 1394 2920 ερι
1414 2884 1483 2905 των
1506 2869 1723 2906 Αἰθιοπικων
1744 2866 1963 2918 γραμμάτων
1978 2865 2080 2904 Διό...
2104 2864 2339 2916 (At68mpoqi‘)

1305 2925 1366 2976 μὲν
1377 2925 1576 2975 επεμνήσθη
1591 2926 1649 2964 καὶ
1668 2928 1816 2990 μερικῶς
1832 2929 1938 2971 εἶπεν,
1963 2922 2079 2961 ἄλλ’“’
2054 2938 2172 2976 ωσπερ
2189 2922 2255 2967 ἐξ“’
2238 2926 2343 2968 ακοῆς

1305 2985 1410 3022 ἄλλου
1430 2983 1550 3033 μαθων
1570 2984 1629 3022 καὶ
1651 2986 1712 3021 οὐκ
1728 2983 1878 3034 ἀκριὸῶς
1904 2981 2005 3025 αὐτος
2027 2981 2265 3032 ἐπιστάμενος·
2285 2982 2342 3033 [εἷ

1305 3042 1367 3094 δὲ]
1384 3043 1444 3080 καί
1463 3058 1539 3080 τινα
1558 3042 1686 3080 τούτων
1705 3041 1884 3086 κατέλεξεν
1901 3041 2018 3092 ὥσπερ
2035 3042 2069 3078 ἐν
2090 3044 2138 3084 οἷς
2151 3034 2235 3091 οἶδε,
2249 3055 2341 3093 παρ·

1306 3100 1519 3151 ρησιάζεται.
1534 3099 1729 3151 Χαιρήμων
1759 3099 1794 3137 δὲ
1815 3102 1832 3136 ὁ
1851 3098 2150 3151 ἱερογραμματεὺς
2178 3097 2263 3145 ὅλην
2285 3098 2340 3150 βί-

1306 3159 1386 3197 &lov
1406 3158 1570 3211 περὶτῶν
1589 3157 1750 3196 τοιούτων
1781 3157 1998 3209 γραμμάτων
2019 3156 2212 3201 συνέταξεν·
2242 3156 2341 3194 ἅτινα

1304 3219 1339 3256 ἐν
1358 3218 1428 3261 τοῖς
1447 3232 1556 3269 προ...
1581 3215 1875 3269 (προσήκουσιῗ)
1902 3215 2019 3259 τόποις
2050 3218 2117 3253 τῶν
2141 3214 2342 3266 “Ομηρείων

1305 3277 1397 3314 ἐπῶν
1417 3275 1687 3328 ἀ[κρι]6έστερον
1705 3274 1764 3312 καὶ
1785 3274 2007 3326 πλατυτέρως
2026 3275 2104 3325 ἐρῶ.

1357 3336 1464 3372 Idem
1491 3348 1528 3384 p.
1550 3335 1620 3371 123
1643 3347 1650 3370 :
1675 3335 1720 3371 Οἱ
1738 3332 1806 3384 γὰρ
1825 3331 1986 3375 Αἰθίοπες
2003 3337 2158 3384 στοιχεῖα
2177 3331 2342 3383 γραμμά-

1303 3408 1371 3430 των
1388 3394 1450 3430 οὐκ
1481 3391 1633 3443 ἔχουσιν,
1664 3393 1740 3429 ἀλλ’
1768 3391 1840 3428 ἀντ’
1861 3392 1973 3428 αὐτῶν
1994 3393 2064 3435 ζῶα
2087 3395 2255 3437 παντοῖα,
2283 3389 2342 3426 καὶ

1306 3450 1395 3500 μέλη
1414 3449 1543 3488 τούτων
1572 3449 1631 3487 καὶ
1652 3450 1766 3501 μόρια.
1790 3448 1999 3498 Βουλόμενοι
2016 3447 2083 3500 γὰρ
2105 3450 2134 3486 οἳ
2158 3446 2339 3500 ἀρχαιότε-
