2314 3756
78 247 126 279 22

78 340 138 374 11,
166 340 180 362 1
207 339 215 362 :
241 327 340 362 Tunc
361 325 462 376 (362)
488 335 527 363 et
543 328 778 365 Artemius...
802 328 986 376 supplicio
1004 330 1112 375 capi-

73 386 144 420 tali
162 386 338 421 multatus
356 393 423 421 est.
447 386 533 421 Post
547 398 653 433 quem
670 386 847 421 Marcelli
866 398 915 421 ex
934 388 1113 432 magistro

72 447 232 491 equitum
266 452 305 479 et
327 445 492 491 peditum
518 444 649 490 silius,
685 451 727 478 ut
750 447 931 490 injectans
962 446 1113 491 imperio

72 508 220 542 manus,
238 497 397 545 publica
415 497 557 532 deletus
577 504 631 531 est
645 504 770 532 morte.

560 588 620 627 18.

123 678 214 715 EXC.
235 679 292 714 De
310 684 405 714 sent.
426 690 468 726 p.
502 675 578 724 259
601 689 611 712 :
637 674 723 713 Ὅτι
747 675 887 727 κρατεῖν
912 676 956 717 ὣς
984 672 1110 711 ἐπίπαν

73 733 190 773 εἴωθεν
209 735 242 771 ἐν
258 732 320 783 μὲν
334 736 403 776 τοῖς
419 732 571 785 ἀπείροις
587 732 626 771 τὸ
640 731 757 779 πλέον,
775 734 810 770 ἐν
828 732 862 770 δὲ
879 738 949 775 τοῖς
965 731 1111 778 ἐπιστή-

73 807 155 840 μοσι
185 791 224 829 τὸ
245 787 547 843 γεγυμνασμένον·
576 793 615 829 οὐ
634 790 700 843 γὰρ
732 793 766 828 ἐν
786 793 854 834 τοῖς
876 789 964 840 μετὰ
987 789 1110 842 τέχνης

71 852 212 901 ἀπαντᾷ
227 849 267 886 τὸ
285 848 482 900 παράλογον
499 852 558 895 τῆς
575 849 680 901 τύχης
691 879 700 896 ,
715 850 792 887 ἀλλ’
813 850 847 886 ἐν
865 854 934 891 τοῖς
953 847 1110 899 ἀτέχνοις

68 907 188 959 χώραν
214 907 287 959 ἔχει
317 907 355 945 τὸ
390 907 599 957 αὐτόματον,
627 906 746 958 ὥσπερ
778 908 843 944 κάν
875 912 952 949 ταῖς
987 906 1110 949 ἄλλαις

69 964 277 1014 ἐπιστήμαις
295 967 427 1017 ὁρῶμεν
447 964 486 1003 τὸ
503 964 665 1016 προτεθὲν
686 966 752 1016 οὐχ
766 963 831 1002 ὑπὸ
851 966 918 1002 τῶν
940 964 1107 1017 ἀπείρων,

69 1023 146 1062 ἀλλ’
161 1023 227 1062 ὑπὸ
245 1026 312 1061 τῶν
327 1023 590 1072 μελετησάντων
608 1023 866 1072 ἐκτελούμενον.

121 1095 151 1120 2.
173 1079 257 1120 ‘'Oi-t
283 1086 353 1118 πᾶν
375 1080 473 1132 ἔργον
493 1086 646 1133 κρεῖττον
668 1080 872 1133 ἀπορρήτως
891 1079 1110 1132 στρατηγού-

70 1154 171 1190 μενον
183 1155 193 1164 ·
213 1139 309 1182 ὅστις
323 1139 358 1177 δὲ
373 1141 407 1178 ἐν
423 1138 568 1191 πολέμῳ
587 1138 731 1190 κρύπτει
749 1138 792 1176 τὰ
806 1138 971 1185 πλείονα,
995 1137 1107 1191 κρείτ-

69 1213 138 1235 των
159 1197 251 1235 ἐστὶν
272 1197 294 1244 ἢ
314 1199 331 1236 ὁ
349 1196 424 1247 μετ’
445 1195 552 1248 ἔργων
573 1196 785 1248 θρασύτητος
813 1198 966 1249 φανερῶς
984 1195 1106 1236 ἐπιών.

120 1270 151 1296 3.
176 1254 259 1294 εΌτι
283 1258 301 1293 ὁ
320 1254 455 1298 κυνικὸς
475 1254 679 1307 Ἡράκλειος
710 1254 969 1306 ἀκροασόμενον
989 1254 1107 1293 ἐκάλει

69 1314 126 1351 τὸν
144 1313 329 1352 Ἰουλιανὸν
351 1316 396 1357 ὡς
423 1315 457 1357 ἐς
488 1312 550 1360 τὴν
576 1314 753 1366 βασιλείαν
775 1313 967 1366 ὠφελήσων
988 1313 1105 1353 αὐτόν.

66 1372 111 1411 ‘O
129 1371 164 1409 δὲ
184 1371 365 1421 θαυμάσας
376 1371 414 1409 τὸ
433 1374 494 1418 τῆς
514 1371 734 1424 ὑποσχέσεως
751 1372 834 1424 ὕψος
854 1372 998 1422 ἑτοίμως
1014 1371 1107 1418 ὑπή-

65 1444 202 1467 κουσεν.
227 1429 330 1468 Ἐπεὶ
351 1429 387 1467 δὲ
407 1429 504 1481 παρὰ
526 1429 625 1474 δόξαν
649 1429 860 1478 ἀπήντησεν,
889 1434 907 1469 ὁ
926 1430 1108 1474 Ἰουλιανὸς

66 1487 279 1540 ἀντιγράψας
310 1487 411 1538 λόγον
435 1487 497 1534 τὴν
527 1490 648 1526 ἑαυτοῦ
670 1488 815 1539 δύναμιν
836 1488 975 1542 ἐξέφηνε
992 1488 1052 1527 καὶ
1069 1489 1108 1527 τὸ

64 1548 126 1591 τῆς
145 1545 278 1598 φύσεως
294 1545 570 1599 ἀνυπέρὸλητον.
583 1548 628 1586 Οἱ
649 1547 684 1585 δὲ
702 1548 909 1591 ἀκούσαντες
928 1549 1109 1586 καταπλα-

63 1603 176 1654 γέντες
192 1604 254 1651 τὴν
272 1603 416 1654 δύναμιν
435 1609 493 1642 τοῦ
514 1605 633 1653 λόγου,
654 1606 811 1658 καθάπερ
833 1610 909 1645 θεοῦ
927 1605 1104 1659 προσεκύ-

62 1677 171 1708 νησαν
188 1662 250 1709 τὴν
267 1663 537 1714 φιλανθρωπίαν,
557 1663 611 1701 ὅτι
630 1664 686 1702 τὸν
707 1665 887 1715 βασιλικὸν
908 1665 1014 1716 θυμὸν
1037 1664 1106 1703 διέ-

62 1721 145 1758 λυσε
164 1722 286 1773 λογικῇ
307 1721 497 1775 φιλοτιμίᾳ.
516 1721 558 1761 Ὁ
579 1722 614 1760 δὲ
631 1723 690 1761 καὶ
712 1723 818 1777 ἑτέρῳ
838 1724 936 1778 λόγῳ
958 1724 1015 1762 τὸν
1040 1725 1107 1762 αὖ-

64 1777 121 1816 τὸν
139 1778 275 1816 κυνικὸν
294 1779 467 1829 ἐτίμησεν.

118 1837 153 1885 §.
179 1837 214 1875 3.
239 1836 532 1889 εΗροίκλειος]
558 1855 573 1871 «
597 1839 725 1876 Codex
750 1841 790 1878 h.
811 1841 835 1878 l.
853 1839 1100 1892 Ἡράκλειτος;

62 1903 102 1931 at
116 1896 213 1932 infra
231 1898 270 1932 in
285 1898 396 1933 rebus
413 1899 591 1946 Procopii
605 1900 755 1946 tyranni
773 1899 874 1935 idem
896 1901 1018 1936 codex
1036 1901 1107 1936 ha-

61 1955 128 1990 het
144 1953 361 2005 Ἡράκλειος.
381 1957 501 1992 Priori
520 1957 673 1992 lectioni
689 1958 789 1994 favet
806 1959 939 1994 Suidas
953 1973 962 2004 ;
976 1967 1104 2007 poste—

60 2014 153 2048 riori
170 2021 291 2050 textus
310 2015 450 2050 Juliani
471 2016 509 2050 in
529 2017 701 2052 oratione
722 2025 855 2052 contra
873 2018 972 2053 hunc
991 2019 1101 2066 Cyni-

63 2084 150 2107 cum
169 2072 230 2108 ed.
254 2074 380 2109 Petav.
400 2089 415 2106 υ
436 2074 525 2112 MAI.

554 2162 567 2184 1
576 2161 615 2198 9.

115 2227 249 2263 Suidas
264 2241 301 2266 v,
322 2226 408 2265 εΥπ
420 2244 439 2264 α
452 2227 516 2280 ίθρ
530 2243 588 2266 ιον
601 2258 611 2276 ,
626 2229 691 2267 ὑπὸ
708 2228 764 2267 τὸν
783 2228 882 2281 ἀέρα·
901 2229 962 2268 καὶ
979 2229 1065 2267 ὕπα
1078 2246 1105 2268 ι-

62 2285 80 2320 θ
90 2298 132 2335 ρο
141 2299 157 2320 ν
171 2283 307 2333 ὁμοίως.
322 2285 506 2329 Εὐνάπιος·
522 2304 538 2321 «ι
554 2286 714 2337 Μάξιμός
724 2303 760 2325 τε
773 2287 832 2325 καὶ
843 2288 993 2340 Πρίσκος
1002 2288 1105 2339 λόγου

64 2341 127 2391 μὲν
140 2342 355 2393 μετειχέτην,
366 2346 426 2389 τῆς
436 2343 470 2381 δὲ
481 2346 548 2381 τῶν
561 2348 680 2383 κοινῶν
689 2346 748 2383 καὶ
760 2346 935 2398 ὑπαίθρων
944 2346 1106 2398 πραγμά-

67 2415 134 2437 των
154 2401 274 2451 πείρας
290 2402 487 2452 ἐλάχιστον.
506 2421 522 2436 »
538 2403 610 2441 Καὶ
630 2397 741 2447 αὖθις·
764 2422 778 2438 τι
796 2404 859 2448 Ὡς
876 2404 916 2443 ἂν
938 2404 1103 2458 ὕπαιθρόν

60 2473 138 2495 τινα
153 2458 213 2495 καὶ
227 2458 366 2508 ἔννομον
381 2460 637 2510 ἀγωνισάμενος
652 2461 784 2514 μάχην,
801 2481 816 2496 u
836 2462 1004 2510 τουτέστι,
1019 2478 1104 2515 προ-

596 2577 651 2610 18.

101 2629 140 2659 In
156 2627 310 2668 imperitis
323 2629 509 2670 plerumque
522 2639 672 2664 numerus
684 2633 848 2673 praevalet,
861 2633 894 2665 in
905 2633 1101 2675 sapientibus

60 2678 207 2711 eruditio.
250 2681 361 2719 Neque
391 2681 475 2712 enim
501 2681 638 2715 fortunae
670 2684 833 2716 temeritas
860 2687 930 2717 arte
958 2685 1100 2725 praeditis

61 2731 221 2769 usuvenit,
233 2730 288 2762 sed
307 2731 438 2764 rudibus
455 2741 546 2765 casus
564 2734 714 2766 fortuitus
728 2734 922 2768 dominatur.
940 2737 993 2769 Sic
1010 2738 1043 2769 et
1065 2737 1099 2769 in

59 2782 129 2814 aliis
144 2782 317 2823 disciplinis
334 2783 374 2815 ad
386 2785 583 2825 propositum
598 2786 695 2819 tinem
705 2796 769 2820 nou
782 2788 956 2830 imperitos,
969 2789 1025 2822 sed
1039 2789 1099 2822 sol·

60 2833 156 2865 lertes
171 2833 322 2866 devenire
335 2834 493 2868 videmus.

102 2889 131 2916 2.
141 2885 283 2922 Quodvis
289 2894 369 2925 opus
376 2886 512 2919 militare
523 2890 644 2921 secreto
657 2888 777 2922 ducum
785 2891 916 2923 consilio
922 2890 1012 2931 dirigi
1021 2900 1099 2932 prm-

58 2936 132 2967 stat.
158 2938 239 2967 Sane
254 2937 308 2977 qui
320 2936 393 2968 belli
415 2938 504 2977 plura
517 2939 611 2979 celat,
626 2940 729 2981 potior
739 2943 787 2973 est
798 2941 854 2974 illo
867 2943 923 2982 qui
939 2942 1098 2975 sactorum

58 2988 192 3019 audacia
205 2989 368 3020 manifeste
382 2990 491 3021 utitur.

101 3044 132 3071 3.
144 3040 306 3071 Heraclius
316 3040 446 3079 cynicus
454 3042 616 3074 ,lulianum
625 3043 770 3075 invitavit
782 3044 819 3075 ut
832 3046 1098 3086 sepraeceptorem

58 3091 195 3131 audiret,
205 3100 263 3123 ceu
274 3101 370 3132 regno
383 3093 631 3126 administrando
638 3095 748 3127 utilem
757 3096 914 3128 futurum.
932 3100 962 3128 Is
975 3100 1096 3138 autem,

58 3143 309 3184 magnitudinem
324 3145 550 3184 promissorum
562 3147 730 3186 admirans,
743 3149 888 3180 alacriter
897 3159 1019 3182 morem
1033 3160 1097 3191 ges-

58 3196 112 3230 sit.
154 3197 229 3228 Mox
239 3220 249 3235 ‚
263 3205 364 3236 quum
377 3205 427 3229 res
436 3197 515 3229 citra
528 3207 616 3238 spem
626 3200 780 3231 evenisset
793 3224 802 3239 ,
815 3201 973 3242 Julianus,
987 3204 1098 3234 contra

58 3249 148 3280 illum
165 3248 308 3280 oratioue
335 3249 451 3290 scripta
461 3274 470 3290 ,
499 3250 659 3290 ingenium
683 3261 775 3282 suum
794 3254 1005 3294 naturamque
1028 3255 1098 3286 exi-

59 3302 156 3334 miam
174 3301 415 3333 demonstravit.
437 3302 638 3343 Quicumque
652 3312 727 3335 vero
745 3304 897 3343 scriptum
915 3305 994 3336 illud
1011 3306 1097 3346 lege-

59 3354 154 3391 runt,
168 3353 238 3383 turn
254 3353 442 3392 eloquentia}
455 3353 520 3384 vim
531 3355 759 3393 suspexerunt,
777 3356 847 3386 tum
863 3356 1022 3396 praecipue
1037 3360 1096 3389 Ju-

59 3403 134 3435 liani
147 3403 367 3442 clementiam,
381 3405 532 3444 tanquam
546 3405 615 3444 dei,
632 3405 766 3436 osculati
789 3407 876 3446 sunt,
888 3406 943 3446 qui
960 3408 1095 3448 regalem

896 239 1108 279 EUNAPII
1136 236 1382 278 SARDIANI

1173 327 1278 378 φανῆ.
1292 326 1541 362 Posteriorem
1557 325 1683 361 locum
1697 325 1844 374 plenius
1858 325 1973 362 habet
1984 338 2013 362 s.
2029 339 2064 363 V.
2078 326 2214 364 Νεωτε-

1175 383 1290 435 ρίζειν,
1307 385 1374 420 ubi
1394 396 1402 418 :
1422 399 1436 416 a
1455 380 1500 421 ‘O
1517 380 1553 419 δὲ
1575 380 1748 434 βάρὸαρος
1761 381 1838 419 οὐδὲ
1850 383 1907 420 ἐπὶ
1921 382 1984 428 τὴν
1998 383 2214 435 νεωτερίζου·

1174 456 1238 478 σαν
1261 440 1304 478 τὰ
1329 439 1522 491 πράγματα
1539 439 1650 491 τύχην
1668 439 1769 491 ἔσχεν
1790 441 1984 492 ἀνενεγκεῖν
2001 440 2063 488 τὴν
2087 441 2214 490 αἰτίαν,

1172 501 1217 542 ὥς
1231 497 1272 536 ἂν
1284 497 1423 547 ἔννομόν
1436 513 1510 535 τινα
1521 497 1581 535 καὶ
1597 497 1763 552 ὕπαιθρον
1780 499 2038 549 ἀγωνισάμενος
2049 500 2181 552 μάχην.
2196 519 2212 536 ιο

1172 558 1281 593 Prior
1296 558 1402 593 locus
1418 565 1588 606 spectare
1607 559 1700 593 mihi
1719 558 1867 594 videtur
1885 559 1935 595 ad
1952 561 2159 596 Maximum
2178 569 2216 598 et

1174 616 1339 651 Priscum
1355 616 1510 651 Persicae
1525 616 1774 664 expeditionis
1786 618 1922 655 socios.
1940 617 1995 655 Cf.
2014 619 2162 668 Eunap.
2176 620 2215 655 in

1173 674 1246 710 Vit.
1265 673 1421 709 Maximi
1433 686 1474 722 p.
1499 673 1546 719 57
1567 686 1576 710 ι
1599 671 1765 723 Μαξίμου
1780 672 1816 711 δὲ
1827 674 1886 712 καὶ
1901 673 2056 726 Πρίσκου
2071 690 2216 716 συνεπο-

1173 729 1284 778 μένων
1310 730 1386 769 κτλ.
1411 733 1599 770 Ammian.
1620 734 1826 770 Marcellin.
1857 735 1980 782 XXV,
2003 734 2042 783 3,
2078 735 2143 783 23,
2165 736 2214 773 de

1171 790 1321 825 Juliano
1340 791 1570 826 moribundo
1593 803 1602 829 :
1625 793 1714 840 Ipse
1731 805 1813 828 cum
1836 794 2009 829 Maximo
2033 801 2071 829 et
2088 795 2215 831 Prisco

1168 848 1400 897 plze'losoplzis
1414 862 1525 897 super
1535 854 1742 887 animorum
1761 851 1983 888 sublimitate
1994 854 2215 901 perpkoeius

1170 908 1376 955 disputans,
1403 908 1532 944 blance
1561 911 1672 946 latius
1695 909 1848 957 suffossi
1871 913 1999 947 lateris
2018 914 2213 951 vulnere...

1171 967 1293 1002 medio
1305 969 1417 1002 noctis
1429 967 1579 1003 horrore
1592 972 1676 1004 vita
1690 977 1744 1004 est
1757 970 1958 1007 absolutus.
1976 971 2032 1006 De
2048 971 2214 1007 Maximo

1171 1025 1220 1059 cf.
1242 1026 1355 1060 etiam
1368 1026 1598 1074 Eunap.Vit.
1618 1027 1769 1076 Max.p.
1787 1032 1834 1074 47
1851 1040 1860 1065 ε
1875 1021 1950 1066 ηἮν
1966 1026 2000 1064 δὲ
2017 1026 2104 1080 ἀνὴρ
2118 1022 2215 1073 οὗτος

1170 1083 1237 1118 τῶν
1255 1080 1537 1128 διαπλησθέντων
1551 1084 1612 1128 τῆς
1631 1083 1793 1122 Αἷδεσίου
1811 1084 1944 1137 σοφίας.
1963 1084 2154 1123 Ἰουλιανοῧ
2173 1085 2211 1124 δὲ

1170 1143 1230 1177 τοῦ
1249 1139 1520 1191 βασιλεύσαντος
1540 1139 1670 1188 ἠξιώθη
1687 1141 1844 1191 γενέσθαι
1862 1142 2080 1187 διδάσκαλος.
2099 1139 2211 1189 Οῧτος

1170 1197 1310 1236 πάντων
1330 1198 1556 1250 ἀνῃρημένων
1587 1201 1655 1238 ὑπὸ
1676 1203 1734 1238 τοῦ
1755 1201 1999 1239 Κωνσταντίου
2025 1202 2156 1251 (ταῦτα
2175 1202 2212 1240 δὲ

1170 1257 1205 1293 ἐν
1225 1258 1294 1299 τοῖς
1307 1256 1398 1294 κατὰ
1415 1256 1604 1295 Ἰουλιανὸν
1627 1257 1872 1311 ἀκριὸέστερον
1888 1259 2128 1310 γέγραπται),
2151 1259 2211 1299 καὶ

1169 1315 1374 1368 ψιλωθέντος
1392 1318 1453 1353 τοῧ
1479 1315 1614 1366 γένους,
1635 1316 1822 1360 Ἰουλιανὸς
1847 1318 2070 1371 περιελείφθη
2089 1318 2212 1369 μόνος,

1171 1375 1214 1412 δι’
1231 1373 1369 1420 ἠλικίαν
1386 1373 1646 1426 περιφρονηθεὶς
1662 1374 1722 1412 καὶ
1739 1375 1934 1428 πραότητα.

1659 1471 1721 1496 20.

1221 1545 1355 1582 Suidas
1374 1558 1412 1583 v.
1427 1541 1529 1590 Ἴλη
1542 1559 1550 1567 ·
1572 1543 1762 1586 Εὖνάπιος·
1786 1562 1801 1578 ι
1821 1543 1911 1583 Τότε
1928 1543 1963 1582 δὲ
1977 1543 2035 1591 ἴλη
2052 1545 2119 1581 τῶν
2139 1560 2208 1582 κα-

1167 1601 1376 1655 ταφράκτων
1391 1601 1526 1640 ἱππέων
1543 1600 1628 1654 ὑπὲρ
1645 1602 1723 1646 τοὺς
1736 1602 1766 1640 υ’
1786 1604 1820 1646 ἐς
1836 1602 1914 1646 τοὺς
1930 1602 2211 1656 ὀπισθοφύλακας

1169 1661 1381 1714 κατερράγη.
1407 1678 1421 1694 »
1553 1656 1560 1663 ⁴

1221 1737 1237 1754 α
1259 1721 1491 1758 Crediderim
1510 1721 1611 1756 hunc
1627 1721 1755 1756 locum
1773 1721 1997 1768 pertinuisse
2013 1721 2063 1756 ad
2080 1733 2211 1757 narra-

1169 1781 1309 1816 tionem
1327 1781 1482 1816 Persicae
1501 1780 1641 1815 Juliani
1662 1778 1932 1827 expeditionis,
1955 1787 1993 1814 et
2016 1779 2105 1815 inde
2119 1793 2209 1828 pro·

1167 1839 1296 1875 secisse
1311 1840 1500 1875 Zosimum
1518 1839 1582 1886 qui
1599 1839 1673 1874 haec
1687 1851 1765 1873 non
1782 1838 1968 1873 absimilia
1983 1838 2114 1883 habet,
2132 1839 2206 1883 ΙΙΙ,

1169 1897 1233 1942 28,
1257 1898 1279 1933 6
1305 1910 1314 1935 :
1334 1898 1378 1934 Οἱ
1401 1895 1536 1946 Πέρσαι
1554 1894 1800 1946 συνταχθέντες
1817 1896 1863 1938 εἰς
1877 1897 2006 1940 πλῆθος
2021 1895 2091 1938 τοῖς
2106 1896 2207 1946 οὖρα-

1166 1959 1237 2005 γοῖς
1253 1958 1312 1992 τοῦ
1322 1953 1511 2004 Ῥωμαίων
1523 1952 1782 2006 στρατεύματος
1791 1952 1972 2000 ἀδοκήτοις
1988 1953 2174 1991 ἐπέπεσον.
2193 1971 2207 1986 ›-

1170 2014 1289 2051 Boxss.

1655 2095 1675 2118 2
1685 2096 1698 2119 1
1709 2111 1718 2120 .

1219 2172 1352 2210 Suidas
1365 2185 1402 2209 V.
1419 2171 1531 2208 Οἷσυ
1545 2170 1578 2207 ίν
1590 2185 1611 2207 α
1623 2185 1638 2213 ς
1650 2185 1658 2193 ·
1675 2169 1859 2213 Εὔνάπιος·
1877 2188 1894 2203 ‘1
1909 2171 1955 2210 Οἳ
1973 2169 2010 2208 δὲ
2026 2172 2094 2208 τῶν
2112 2170 2208 2222 Πάρ-

1167 2233 1233 2268 θων
1251 2229 1403 2272 οἷσυίνας
1418 2228 1566 2272 ἀσπίδας
1579 2228 1715 2280 ἔχοντες
1731 2228 1790 2267 καὶ
1801 2228 1910 2280 κράνη
1922 2227 2055 2266 οἰσύινα
2073 2228 2206 2275 πλοκήν

1166 2304 1242 2325 τινα
1271 2287 1417 2339 πάτριον
1445 2286 1682 2337 πεπλεγμένα.
1713 2304 1728 2320 »
1749 2305 1764 2321 «
1796 2290 1962 2325 Valesius
1990 2289 2069 2325 haec
2094 2288 2207 2325 verba
2247 2302 2250 2309 ¹

1165 2348 1342 2384 admovet
1357 2348 1556 2383 Ammiano
1578 2347 1720 2392 XXIV,
1745 2360 1780 2392 2,
1802 2359 1840 2395 9,
1859 2347 1926 2383 ubi
1941 2348 2208 2383 describuntur

1165 2408 1284 2442 Persae
1321 2406 1543 2441 Pirisaborae
1579 2406 1740 2441 civitatis
1776 2418 1785 2441 z
1825 2404 2038 2452 defensores
2074 2403 2209 2442 obtecti

1166 2469 1278 2500 scum
1298 2467 1432 2500 vimine
1437 2464 1660 2511 firmissimo
1676 2467 1791 2501 tectis.
1820 2480 1836 2494 »
1860 2465 1986 2502 Bmss.

1159 2575 1239 2607 iram
1255 2574 1408 2607 litteraria
1417 2574 1645 2614 disceptatione
1656 2574 1811 2606 dissolvit.
1856 2573 1977 2606 Deinde
1989 2573 2136 2606 Julianus
2144 2573 2206 2605 alia

1157 2635 1288 2668 quoque
1301 2624 1446 2658 oratione
1458 2624 1607 2666 cynicum
1620 2625 1707 2657 ultus
1721 2626 1781 2658 est.

1650 2690 1664 2722 1
1671 2690 1706 2723 9.

1197 2755 1357 2788 Maximus
1367 2755 1400 2786 et
1423 2753 1546 2786 Priscus
1561 2753 1751 2786 eruditionis
1765 2753 1897 2794 quidem
1913 2754 2005 2786 erant
2020 2753 2202 2795 participes,

1155 2805 1210 2839 sed
1222 2805 1404 2848 reipublicae
1417 2804 1564 2846 gerendae
1575 2805 1609 2837 et
1629 2813 1738 2837 rerum
1753 2804 1947 2836 subdialium
1960 2803 2126 2836 minimam
2142 2804 2202 2837 ba·
2248 2847 2255 2851 λ

1156 2857 1275 2891 bebant
1283 2857 1441 2890 notitiam.

1197 2909 1356 2942 Barbarus
1370 2917 1448 2941 vero
1463 2916 1525 2940 nec
1542 2908 1575 2940 in
1597 2907 1698 2948 ipsam
1708 2906 1869 2939 fortunam
1879 2931 1888 2946 ‚
1899 2915 1973 2947 quae
1985 2915 2036 2938 τω
2047 2906 2202 2938 innovare

1155 2961 1248 2998 solet,
1261 2960 1388 3000 culpam
1404 2959 1548 2992 conferre
1560 2960 1703 2999 poterat,
1720 2958 1809 2999 quasi
1824 2959 1948 2999 justum
1970 2958 2101 2999 aliquod
2117 2967 2201 2999 proe·

1155 3012 1235 3044 lium
1245 3013 1355 3053 aperto
1370 3012 1477 3044 marte
1489 3010 1711 3042 commisisset.

1196 3135 1289 3166 Tunc
1301 3133 1410 3165 autem
1422 3133 1565 3174 equilum
1578 3132 1867 3172 cataphractorum,
1876 3131 1896 3162 i.
1913 3139 1940 3162 e.
1950 3130 2045 3162 armis
2058 3130 2198 3171 undique

1156 3185 1367 3223 munitorum,
1378 3186 1498 3223 turma,
1515 3192 1587 3224 quae
1603 3182 1910 3223 quadringentorum
1920 3191 2089 3213 numerum
2106 3191 2196 3222 supe-

1157 3236 1264 3276 rabat,
1279 3236 1311 3267 in
1326 3235 1459 3276 agminis
1479 3235 1640 3267 novissimi
1655 3233 1803 3266 custodes
1821 3233 2060 3274 impressionem
2077 3233 2162 3265 fecit.

1645 3295 1705 3327 21.

1197 3357 1304 3389 Parthi
1325 3366 1400 3389 vero
1416 3357 1543 3397 clypeos
1558 3355 1712 3387 vimineos
1726 3354 1885 3387 habebant
1897 3378 1906 3395 ,
1922 3356 1955 3387 et
1978 3354 2082 3395 galeas
2107 3354 2194 3387 vimi·

1157 3417 1231 3441 neas
1244 3409 1413 3449 plicatione
1425 3407 1564 3449 quadam
1580 3407 1681 3448 patria
1696 3406 1838 3447 plicatas.
