2326 3724
1009 233 1340 273 FRAGMENTA.

100 326 134 364 ἓν
163 323 326 377 Ἀρμενίᾳ
354 322 513 375 γενέσθαι
533 320 635 360 αὐτὸν
656 319 873 371 ἡγησόμενον
891 323 951 358 τοῦ
967 319 1122 370 πολέμου
1137 350 1148 368 ,

101 381 198 421 οὐδὲν
216 376 318 428 ἧττον
334 380 395 419 καὶ
412 380 656 423 Ἰουστινιανὸς
668 377 766 418 οὔπω
781 381 914 431 παρῆν,
931 380 981 431 τῷ
996 381 1151 429 σημῆναι

100 444 203 479 τοῦτο
222 441 317 493 αὐτῷ
343 438 402 478 τὸν
423 438 588 491 Καίσαρα
618 437 682 492 ὀψὲ
706 437 766 476 καὶ
793 438 856 476 οὐκ
884 439 918 476 ἐν
939 439 1052 491 καιρῷ
1082 441 1152 480 τοῖς

99 498 286 552 πράγμασι
305 497 531 552 χρήσασθαι,
552 497 637 550 πρός
657 512 696 548 γε
715 495 777 535 καὶ
805 499 866 544 τῆς
894 496 1060 544 συνήθους
1078 496 1151 534 δια-

100 560 208 608 νομῆς
228 572 288 596 του
308 556 455 610 χρυσίου
474 558 545 600 τοῖς
570 554 669 610 ἑῴοις
686 554 892 628 καταλόγοις
920 554 1153 607 γεγενημένης

100 618 163 656 οὐκ
184 617 390 669 ἐπικαίρως,
405 615 496 654 ἀλλὰ
513 616 630 662 δῆτα’
615 614 912 667 εφυστερησάσης.
934 614 1019 654 Ἐπ’
1037 613 1154 658 ἀδείας

100 668 158 714 ουν
179 674 269 714 οὕτω
291 690 364 718 πως
388 674 448 713 καὶ
468 673 601 712 ἀκονιτὶ
630 673 853 718 ἐλάσαντος’
837 689 872 711 εν
902 673 1154 727 Περσαρμενία

99 734 280 787 Χοσρόου,
307 732 458 784 μηδενός
484 735 514 772 οἱ
545 732 900 782 ἀντικαθισταμένου,
933 734 963 772 οἱ
996 731 1059 783 μὲν
1091 733 1153 771 δα-

103 792 272 845 σμοφόροι
292 795 354 839 τῆς
372 791 512 839 ἥττονος
531 790 712 844 Ἀρμενίας
728 790 805 829 οὔτε
823 790 1020 844 ἐχρήσαντο
1039 794 1153 845 φυγῇ,

99 850 338 896 ἐκλελοιπότες
357 850 436 894 τοὺς
460 850 585 903 ἀγροὺς
613 849 705 903 οἵγε,
725 850 817 889 ἀλλὰ
844 850 911 903 γὰρ
940 850 1000 889 καὶ
1020 849 1064 888 τὰ
1089 850 1155 889 ὅσα

99 910 280 958 ἐπιτήδεια
313 909 533 961 ξυνεκόμιζον
566 912 615 963 τῷ
657 913 810 963 στρατῷ.
846 909 1080 962 Προὸαίνοντι
1119 909 1155 948 δὲ

99 968 240 1022 Χοσρόῃ
258 967 383 1016 ἀνὰ,τὰ
402 968 525 1023 πρόσω
544 970 574 1007 οἳ
591 971 626 1008 ἐν
643 971 693 1023 τῷ
709 968 857 1020 κλίματι
882 968 1155 1022 Μακραὸανδῶν

98 1029 158 1068 καὶ
186 1031 379 1082 Ταραννῶν
412 1029 543 1075 ἥκιστα
573 1028 708 1080 ἔμενον,
741 1032 787 1072 ὡς
817 1027 952 1080 μηδένα
983 1027 1154 1079 πάμπαν,

101 1089 191 1139 μήτε
213 1087 393 1141 ἄνθρωπον
414 1088 504 1139 μήτε
535 1087 604 1139 μὴν
634 1086 817 1138 ὑποζύγιόν
837 1102 870 1125 τι
890 1089 1048 1140 ὀφθῆναι.
1072 1084 1156 1126 εἈτε

99 1146 167 1201 γὰρ
197 1148 365 1198 πολεμίου
395 1147 567 1200 βασιλέως
593 1145 796 1190 ἐπελθόντος
818 1145 994 1199 ἀπέδρασε
1017 1151 1087 1184 πᾶν
1117 1145 1156 1184 τὸ

101 1210 308 1258 γεηπονοῧν,
327 1206 387 1245 καὶ
409 1206 525 1258 πάντῃ
545 1204 590 1244 τὰ
610 1205 724 1258 ἐκείνῃ
753 1205 919 1258 ἐχήρευεν
948 1204 1156 1259 ἀνθρώπων·

101 1265 192 1304 ἀλλὰ
207 1264 268 1303 καὶ
282 1264 437 1317 γηράσαι
454 1264 664 1317 βουλόμενον
679 1263 868 1315 (ἀγοράσαι
884 1263 1103 1315 βουλομένων
1117 1261 1156 1315 ?),

100 1323 209 1374 μηδέν
233 1340 265 1362 τι
293 1326 362 1362 τῶν
385 1323 525 1363 πάντων
545 1322 642 1376 ζῴων
667 1317 739 1374 [ἦν]
767 1323 938 1374 ἐντυχεῖν.
961 1322 1024 1362 Ἐν
1045 1322 1157 1375 τούτῳ

99 1385 161 1423 καὶ
182 1384 366 1437 Θεόδωρος
385 1386 403 1422 ὁ
422 1383 566 1435 Βάκχου
588 1382 768 1435 ἐφοίτησεν
795 1384 840 1425 ὡς
869 1381 986 1428 αὐτὸν,
1017 1381 1186 1426 ἐδέξατό

99 1458 138 1480 τε
167 1441 224 1480 τὸν
266 1442 374 1496 ἄνδρα
410 1441 470 1480 καὶ
502 1439 682 1491 ξυνόμιλός
711 1442 743 1479 οἳ
776 1440 910 1491 ἐγένετο
942 1439 1157 1493 ἡμερώτατα

99 1518 193 1550 πως,
213 1501 271 1540 τὸν
290 1502 353 1552 μὲν
371 1501 539 1552 Καίσαρα
564 1500 607 1538 δι’
629 1499 803 1553 εὐφημίας
823 1499 930 1551 ἄγων,
955 1500 1100 1553 φάσκων
1117 1515 1157 1538 τε

102 1561 322 1607 ἀσπάζεσθαι
341 1560 404 1607 τὴν
419 1562 464 1604 ὡς
478 1559 582 1598 αὐτὸν
597 1559 735 1613 εἰρήνην
749 1574 786 1596 τε
800 1558 861 1598 καὶ
878 1559 1133 1612 φιλοφροσύνην
1143 1574 1152 1583 ·

105 1619 195 1671 μηδὲ
215 1619 282 1672 γὰρ
309 1619 487 1672 γεγονέναι
502 1622 563 1665 τῆς
580 1618 707 1671 ἔχθρας
723 1618 876 1669 (λύσεως
898 1620 998 1667 conj.
1019 1620 1130 1658 Nieb.
1142 1619 1152 1670 )

102 1695 172 1718 των
187 1681 345 1718 σπονδῶν
361 1678 489 1717 αἴτιον·
504 1678 690 1718 Ἰουστῒνον
717 1677 769 1730 [δὲ
772 1682 784 1725 ]
799 1677 856 1716 τὸν
875 1678 1054 1730 βασιλέα’
1039 1694 1072 1722 ες
1084 1693 1158 1717 του-

103 1738 240 1777 νάντιον
256 1738 369 1790 λέγων
392 1740 518 1782 κακῶς.
533 1731 653 1777 Εἰτα’
638 1754 671 1782 ες
687 1737 731 1776 τὰ
745 1737 867 1790 πρόσω
881 1737 1011 1785 ἤλαυνε
1026 1736 1083 1776 διὰ
1096 1740 1158 1785 τ’ἧς

101 1799 170 1836 κα)
163 1797 318 1848 ουμένης
350 1799 546 1844 Βαδιανῆς,
579 1796 752 1847 ἑπομένου
781 1798 812 1835 οἱ
848 1812 908 1835 και
939 1796 1146 1848 Θεοδώρου·

100 1856 264 1895 ἐσὸάλλει
275 1872 311 1895 τε
320 1857 366 1901 εἷς
376 1856 440 1903 τὴν
452 1855 641 1907 Ῥωμαίων
653 1855 835 1908 Ἀρμενίαν
847 1855 939 1894 κατὰ
947 1855 1153 1895 Θεοδοσιού-

101 1916 219 1963 πολιν,
230 1915 395 1965 λήγοντος
410 1916 477 1963 ἤδη
495 1919 554 1953 τοῦ
570 1915 687 1967 ἔαρος·
705 1913 796 1953 ὥστε
814 1914 904 1952 κατὰ
919 1914 1044 1952 ταύτὸν
1065 1913 1156 1959 ξυνε-

100 1978 266 2026 νεχθῆναι
284 1975 363 2018 τούς
376 1990 414 2013 τε
429 1974 700 2026 ἀγγελιαφόρους
720 1973 904 2026 ἀφικέσθαι
922 1975 956 2012 ἐν
975 1973 1157 2027 Βυζαντίῳ

101 2084 190 2125 quod
204 2084 414 2117 orientalibus
430 2083 627 2116 exercitibus
640 2083 830 2122 debebatur,
845 2091 909 2115 non
927 2091 986 2114 suo
996 2084 1155 2124 tempore,

101 2136 159 2168 sed
181 2136 305 2169 tardius
327 2136 412 2168 sacta
439 2136 552 2168 suerat.
583 2137 698 2176 Itaque
719 2135 878 2168 Chosroes
904 2137 1157 2169 Persarmeniam

101 2189 183 2222 liber
203 2189 244 2221 ab
269 2189 357 2221 omni
376 2189 465 2221 metu
488 2188 556 2221 sine
573 2189 639 2221 ulla
655 2188 845 2221 difficultate
858 2188 1042 2229 occupavit,
1056 2197 1157 2229 quum

101 2249 197 2273 nemo
210 2241 360 2273 inventus
373 2242 474 2280 esset,
499 2241 554 2281 qui
571 2241 618 2272 illi
637 2241 809 2273 resisteret.
825 2243 937 2281 Neque
951 2240 1083 2273 minoris
1098 2242 1158 2272 Ar-

101 2295 217 2326 meniae
229 2293 356 2335 incolae,
370 2294 426 2335 qui
449 2294 601 2326 Romanis
623 2294 795 2335 vectigales
811 2294 920 2334 erant,
942 2294 1049 2335 sugam
1064 2303 1158 2335 cepe-

102 2349 191 2386 runt,
205 2355 311 2388 neque
324 2355 418 2387 agros
436 2346 697 2387 dereliquerunt,
711 2346 767 2379 sed
784 2347 986 2379 commeatus
1001 2347 1159 2379 exercitui

102 2398 395 2431 subministrarunt.
407 2398 469 2430 Sed
477 2407 578 2439 quum
591 2399 750 2431 chosroes
757 2398 892 2430 ulterius
900 2398 1158 2439 progrederetur,

103 2451 158 2492 qui
174 2451 206 2482 in
223 2451 351 2492 regione
369 2450 659 2482 Macrabandorum
671 2451 704 2483 et
716 2452 937 2483 Tarannorum
952 2451 1158 2491 habitabant,

104 2503 238 2535 minime
252 2502 427 2534 manebant
438 2527 447 2542 ‚
465 2504 503 2534 ut
519 2511 615 2546 nemo
631 2502 814 2535 mortalium
828 2526 836 2542 ,
854 2511 960 2543 neque
974 2511 1050 2534 vero
1063 2503 1159 2534 etiam

104 2555 209 2586 ullum
232 2555 351 2587 animal
373 2556 515 2586 vecturae
534 2555 646 2595 aptum
671 2554 705 2586 in
728 2554 778 2586 his
805 2554 883 2586 locis
910 2555 1158 2595 conspiceretur.

105 2609 214 2646 Quum
230 2607 315 2639 enim
333 2615 391 2639 rex
404 2606 561 2638 hostiliter
577 2606 788 2647 irrumperet,
806 2615 918 2638 omnes
934 2606 1083 2647 agricolae
1102 2615 1159 2638 au·

107 2660 257 2700 sugerunt
265 2661 296 2691 et
304 2659 414 2691 omnia
423 2659 486 2691 late
496 2659 678 2691 hominihus
686 2668 786 2691 vacua
794 2661 897 2699 erant,
908 2669 1025 2701 neque,
1034 2661 1158 2692 etiamsi

105 2713 207 2753 pretio
223 2721 331 2744 emere
352 2713 490 2752 vellent,
510 2712 588 2744 nihil
614 2712 678 2743 vivi
694 2712 832 2753 reperire
858 2714 1017 2753 poterant.
1035 2715 1161 2745 Interea

106 2764 313 2804 Theodorus,
331 2764 448 2796 Bacchi
473 2763 576 2804 filius,
593 2764 682 2796 venit
697 2764 739 2795 ad
758 2773 853 2804 eum;
874 2765 900 2796 is
922 2765 1084 2797 hominem
1105 2765 1160 2797 be-

106 2816 200 2857 nigne
214 2816 359 2856 excepit,
373 2817 406 2848 et
420 2824 495 2848 cum
513 2825 551 2848 eo
571 2815 770 2848 familiariter
784 2819 991 2848 conversatus
1007 2817 1046 2849 de
1066 2817 1161 2849 Tibe-

106 2870 161 2900 rio
174 2869 303 2900 Caesare
320 2868 400 2900 bene
424 2868 554 2900 locutus
572 2869 639 2908 est,
655 2876 752 2909 seque
769 2877 844 2900 cum
862 2869 915 2900 illo
940 2870 972 2899 et
1001 2877 1111 2908 pacem
1129 2871 1161 2901 et

109 2920 283 2952 amicitiam
295 2928 412 2960 cupere
427 2919 511 2952 dixit
526 2932 534 2952 ε
549 2928 610 2951 nec
622 2919 708 2951 enim
724 2929 799 2952 eum
816 2920 1070 2959 inimicitiarum,
1087 2929 1160 2961 quae

107 2981 150 3005 ex
164 2973 284 3005 violato
295 2973 414 3005 foedere
427 2974 507 3005 ortae
524 2975 634 3013 erant,
647 2975 814 3005 auctorem
829 2982 896 3005 esse
907 2986 916 3014 ;
929 2976 947 3006 J
951 2974 1092 3005 ustinum
1107 2983 1162 3004 au-

108 3025 174 3056 tem
188 3025 412 3065 imperatorem
428 3025 632 3057 sermonibus
647 3025 731 3057 male
747 3025 899 3057 habebat.
931 3025 1054 3057 Deinde
1078 3026 1161 3057 ulte-

108 3075 176 3108 rius
209 3085 265 3116 per
287 3075 465 3109 vadianam
491 3085 676 3117 progressus
706 3078 771 3116 est,
805 3079 837 3108 et
864 3086 939 3109 eum
968 3077 1162 3117 sequebatur

109 3127 308 3160 Theodorus.
334 3130 418 3160 Vere
441 3128 509 3168 jam
532 3130 665 3168 exacto,
690 3129 874 3160 Armeniam
888 3153 896 3168 ‚
916 3138 989 3169 qum
1010 3128 1163 3160 Romanis

111 3179 244 3220 parebat
268 3181 300 3211 et
318 3180 564 3221 Theodosiopoli
586 3179 733 3220 proxima
753 3182 839 3220 erat,
860 3181 976 3212 invasit
995 3193 1002 3211 :
1024 3190 1088 3221 quo
1113 3181 1159 3211 fa-

110 3233 198 3263 ctum
212 3232 260 3263 est
288 3232 324 3263 ut
349 3231 462 3264 eodem
478 3234 623 3273 tempore
635 3232 739 3264 nuntii
757 3233 944 3273 Byzantium
962 3231 1164 3273 pervenirent

110 3282 166 3323 qui
182 3285 349 3314 Persarum
364 3292 468 3324 regem
477 3283 672 3319 Armeniam,
684 3293 745 3325 qua
758 3286 891 3316 Romani
903 3283 1163 3323 dominabantur,

111 3343 152 3366 ex
178 3334 350 3376 improviso
374 3336 545 3376 adortum,
571 3337 839 3377 Theodosiopolin
860 3345 960 3377 usque
985 3345 1165 3377 penetrasse

113 3389 317 3428 nuntiarent;
333 3390 366 3421 et
384 3389 450 3430 ipse
466 3390 498 3421 in
515 3390 653 3422 hislocis
675 3393 768 3423 esset.
786 3393 830 3422 Eo
847 3399 948 3431 quum
964 3390 1164 3429 advenisset,

114 3449 132 3472 e
146 3441 271 3481 regione
287 3441 394 3482 oppidi
410 3441 451 3473 ad
467 3442 634 3474 meridiem
648 3443 707 3475 sita
728 3451 801 3483 quae
818 3442 1050 3474 Arabessorum
1066 3450 1164 3473 voca-

1146 1440 1155 1454 ’

2183 243 2257 275 243

1218 319 1295 364 τοὺς
1306 318 1541 369 δηλώσοντας,
1555 322 1600 365 ὥς
1612 321 1859 373 ἀπροσδόκητα
1875 323 2004 370 ἐπέστη
2020 326 2062 375 τῇ
2077 322 2266 373 Ῥωμαίων

1199 378 1378 432 .Ἀρμενία
1403 378 1568 432 βασιλεὺς
1591 382 1609 418 ὃ
1630 381 1778 432 Περσῶν
1804 380 1864 418 καὶ
1885 381 1964 418 ὅσον
1993 380 2090 419 οὔπω
2106 397 2267 435 προσενε-

1210 437 1384 489 χθήσεται
1403 437 1716 488 Θεοδοσιουπόλει,
1747 437 1807 476 καὶ
1834 437 1937 476 αὐτὸν
1958 439 2070 477 ἐκεῖσε
2088 443 2265 490 παρεῖναι.

1212 495 1318 535 Ἐπεὶ
1329 489 1386 535 οῧν
1403 495 1537 549 ἐγένετο
1556 498 1662 536 αὐτοῦ
1673 527 1683 545 ,
1702 498 2044 550 ἐστρατοπεδεύσατο
2062 499 2095 541 ἐς
2110 498 2149 536 τὸ
2166 499 2268 551 Ἀρα-

1213 555 1357 602 &nocam
1383 555 1657 606 ε’πικεκλημένον
1682 556 1827 609 χωρίον,
1851 555 1943 608 ἀμφὶ
1962 554 2001 594 τὸ
2029 556 2267 609 μεσημὸρινὸν

1214 615 1325 666 κλίμα
1341 618 1401 653 τοῦ
1424 614 1565 665 ἄστεος,
1580 614 1619 653 τὸ
1634 613 1668 653 δὲ
1687 614 1727 662 δὴ
1746 614 1937 665 Ῥωμαίων
1952 614 2170 666 στράτευμα,
2186 616 2269 653 αὐτό

1214 688 1254 724 γε
1268 672 1379 719 δήπου
1395 673 1434 711 τὸ
1450 672 1707 726 συναθροισθὲν,
1720 676 1766 718 ὡς
1776 673 1860 726 πρὸς
1873 672 2000 725 ἄρκτον
2014 673 2094 724 περὶ
2105 675 2143 711 τὸ
2158 674 2269 724 κλίμα

1214 731 1254 771 τὸ
1272 731 1488 783 καλούμενον
1502 733 1522 752 *
1544 732 1792 783 συναγόμενον,
1811 734 1843 776 ἔς
1861 731 2038 784 ὑπώρειάν
2054 747 2130 769 τινα
2154 731 2265 783 ὄρους.

1216 790 1319 844 Ἀτὰρ
1333 794 1351 829 ὁ
1367 789 1528 844 Χοσρόης
1548 793 1654 830 αὐτοῦ
1671 791 1752 843 περὶ
1769 790 2078 838 Θεοδοσιούπολιν,
2097 793 2152 829 ἐπ’
2168 791 2268 844 ὄψεσι

1217 850 1412 904 Θεοδόρου,
1433 850 1592 896 ἐξέταττε
1621 850 1682 895 τὰς
1706 850 1854 894 ἱππικὰς
1878 850 2058 899 δυνάμεις,
2089 852 2121 894 ἐς
2147 850 2270 902 λόχους

1217 926 1255 948 τε
1276 926 1336 948 και
1357 910 1539 984 φάλαγγας
1561 910 1745 963 διακρίνων
1766 926 1803 948 τε
1834 926 1894 948 και
1923 925 2171 960 μετακοσμων.
2199 910 2268 948 Καὶ

1219 970 1321 1013 αὐτὸς
1339 969 1398 1008 τὸν
1426 968 1533 1008 ἵππον
1554 969 1742 1008 διελαύνων
1774 969 2049 1042 ἐνδεικνύμενος
2060 972 2115 1015 ἠν,
2145 972 2199 1006 οἱα
2229 969 2270 1015 δὴ

1218 1029 1281 1066 οὐκ
1301 1030 1339 1066 ἐκ
1355 1028 1520 1081 προνοίας
1538 1028 1645 1076 τινὸς,
1659 1031 1705 1072 ὡς
1722 1028 1771 1067 ἔτι
1793 1028 1942 1082 ἔρρωται
1958 1029 2052 1065 αὖτυ
2067 1044 2127 1066 και
2143 1035 2273 1081 σφριγᾷ

1220 1087 1257 1126 τὸ
1279 1090 1398 1138 σῶμα.
1418 1090 1592 1127 Διενοεῒτο
1610 1087 1648 1126 δέ
1667 1104 1740 1132 πως
1765 1086 2063 1128 Θεοδοσιούπολιν
2083 1088 2274 1140 ἐκπολιορ-

1219 1150 1346 1194 κῆσαι·
1368 1147 1480 1186 ἔννοια
1501 1147 1570 1200 γάρ
1590 1149 1621 1186 οἱ
1639 1147 1843 1202 ἐσεφοίτησε
1868 1145 1917 1198 μὴ
1939 1140 2048 1185 οἷόντε
2065 1147 2205 1185 ἔσεσθαι
2232 1148 2273 1185 ἂν

1220 1205 1335 1250 ἄλλως
1353 1206 1416 1254 τὴν
1441 1208 1590 1258 Περσῶν
1610 1206 1793 1260 Ἀρμενίαν
1812 1206 2078 1253 ἀνακτήσασθαι
2098 1205 2158 1244 καὶ
2176 1205 2274 1253 ’16η-

1219 1265 1311 1318 ρίαν,
1328 1268 1357 1304 εἷ
1376 1266 1425 1317 μή
1440 1282 1496 1304 πω
1510 1267 1738 1319 ὀχυρωτάτην
1754 1265 1848 1305 ἐσότι
1863 1265 2054 1314 Ῥωμαίων
2070 1263 2274 1317 χειρώσοιτο

1218 1324 1337 1374 πόλιν,
1356 1325 1469 1363 ἐκεῖσε
1487 1341 1524 1363 τε
1544 1325 1831 1376 καθεδούμενος’
1813 1324 2034 1363 ανασώσεται
2051 1324 2114 1371 τὴν
2137 1326 2170 1368 ἐς
2197 1326 2275 1363 τού-

1220 1383 1314 1421 πίσω
1331 1383 1452 1422 λοιπὸν
1471 1384 1839 1435 ἐγκαταλελειμμένην
1865 1383 2135 1444 Περσαρμενίαν
2155 1399 2192 1421 τε
2215 1383 2274 1422 καὶ

1218 1439 1389 1494 Ιὸηρίαν.
1412 1444 1607 1496 Τοιγαρουν
1624 1442 1873 1496 ἀναμφιέόλως
1891 1446 1964 1494 εἶχε
1978 1442 2274 1481 Θεοδοσιούπολιν

1218 1501 1387 1553 αἱρήσειν.
1420 1501 1537 1541 ‘'sse-re
1552 1502 1767 1575 υποφαίνων
1799 1518 1837 1540 τε
1865 1501 1926 1540 καὶ
1954 1501 2204 1551 αἰνιττόμενος,
2230 1504 2276 1545 ὡς

1218 1559 1395 1599 ἁλώσεταί
1416 1576 1455 1613 γε
1485 1563 1578 1599 αὖτω
1606 1561 1744 1605 πάντως
1774 1563 1796 1608 ἠ
1818 1560 1978 1607 πόλις,
1942 1576 2059 1622 ηρετο
2091 1559 2274 1613 Θεόδωρον

1217 1619 1321 1658 ὁποία
1343 1618 1384 1667 δὴ
1407 1618 1499 1658 κατὰ
1523 1619 1560 1658 τὸ
1579 1621 1713 1670 μᾶλλον
1734 1619 1910 1663 ἀνάλωτος
1930 1623 2018 1657 εἶναι
2036 1619 2130 1657 δοκεῖ
2145 1618 2246 1662 πόλις
2264 1649 2274 1665 ,

1216 1677 1255 1716 τὸ
1275 1678 1438 1731 Δάρας
1419 1696 1441 1726 η
1467 1680 1554 1726 δητα
1580 1682 1602 1726 ἠ
1624 1678 1934 1726 Θεοδοσιούπολις,
1964 1680 2032 1726 ὡς,
2063 1677 2133 1730 εἴγε
2167 1677 2277 1722 ούτως

1219 1738 1502 1791 ἀσφαλεστάτην,
1536 1738 1660 1784 ἐδήλου
1695 1736 1730 1775 δὲ
1770 1737 1809 1775 τὸ
1843 1736 1980 1789 Δάρας,
2011 1736 2136 1785 ἐξεῖλε,
2178 1736 2276 1789 πόσῳ

1221 1798 1355 1848 μαλλον
1381 1797 1442 1843 τὴν
1473 1798 1539 1849 οὐχ
1559 1796 1667 1840 οὕτως
1683 1795 1833 1870 ἷσχυρηὰν
1853 1795 2118 1847 παραστήσοιτο
2146 1796 2276 1834 Θεοδο-

1220 1856 1411 1896 σιούπολιν.
1446 1857 1628 1909 Θεόδωρος
1659 1855 1721 1906 μὲν
1761 1859 1820 1893 οὖν
1854 1854 2066 1906 ἀπεκρίνατο
2101 1854 2275 1928 ἐμφρονέ-

1218 1914 1330 1953 στατά
1347 1931 1442 1962 πως,
1469 1915 1646 1953 ἀνάλωτον
1677 1918 1765 1953 εἶναι
1795 1913 1930 1960 ἐκείνην
1957 1929 2070 1967 φησας
2093 1912 2186 1960 τὴν
2175 1913 2275 1951 πόλιν

1217 1973 1280 2021 τὴν
1313 1974 1409 2012 ἐσαει
1434 1973 1692 2027 φρουρουμένην
1727 1973 1794 2011 υπὸ
1821 1976 1913 2013 θεου.
1974 1971 2019 2011 ‘O
2049 1972 2085 2009 δὲ
2115 1971 2277 2023 βασιλευς

1220 2084 1288 2122 tur,
1307 2084 1410 2115 castra
1426 2083 1533 2124 posuit
1560 2095 1567 2115 :
1586 2085 1806 2115 Romanorum
1825 2091 1901 2114 vero
1924 2081 2101 2120 exercitus,
2118 2082 2277 2121 quantum

1219 2135 1358 2167 militum
1371 2136 1439 2176 cogi
1451 2135 1554 2176 potuit
1564 2160 1572 2175 ,
1587 2134 1827 2175 septentrionali
1837 2134 1926 2174 parte
1937 2133 1968 2164 in
1979 2133 2105 2173 regione
2120 2134 2136 2149 *
2146 2135 2272 2173 vocata,

1219 2188 1251 2219 in
1264 2188 1372 2220 radice
1388 2188 1556 2230 quusdam
1579 2187 1699 2219 montis
1721 2186 1916 2219 constitutus
1933 2186 1992 2218 est.
2009 2187 2159 2218 Ceterum
2174 2185 2276 2217 Chos-

1218 2249 1288 2273 roes
1307 2240 1339 2272 in
1362 2244 1536 2281 conspectu
1561 2239 1721 2272 Theodori
1750 2239 1931 2280 equitatum
1956 2238 1989 2270 in
2017 2239 2119 2270 aciem
2143 2237 2276 2277 eduxit,

1218 2302 1314 2334 quem
1334 2293 1367 2325 in
1394 2295 1518 2325 turmas
1534 2294 1566 2325 et
1591 2292 1762 2333 phalangas
1787 2291 1915 2331 divisit,
1935 2292 1967 2323 et
1985 2290 2071 2332 ipse,
2090 2299 2173 2331 equo
2196 2300 2276 2323 con-

1218 2354 1341 2386 scenso,
1354 2345 1446 2386 quasi
1463 2345 1494 2376 id
1509 2345 1674 2386 inopinato
1687 2346 1719 2377 et
1733 2353 1806 2376 casu
1819 2368 1828 2384 ‚
1842 2352 1907 2375 non
1921 2343 1960 2375 de
1972 2342 2129 2374 industria
2142 2343 2275 2383 faceret,

1219 2408 1316 2439 quam
1333 2399 1438 2431 valido
1458 2399 1563 2430 adhuc
1590 2400 1623 2430 et
1648 2397 1767 2439 vigenti
1787 2405 1921 2438 corpore
1948 2397 2049 2436 esset,
2079 2396 2274 2428 ostentabat.

1219 2451 1376 2491 Sperabat
1404 2453 1533 2490 autem,
1566 2450 1837 2490 Theodosiopolin
1856 2458 1891 2482 se
1916 2449 2024 2489 aliquo
2055 2448 2152 2479 modo
2171 2456 2275 2488 expu-

1218 2512 1314 2546 gnare
1332 2512 1423 2543 posse
1445 2516 1452 2535 :
1471 2503 1542 2534 haec
1561 2503 1646 2534 enim
1667 2502 1817 2543 cogitatio
1838 2501 1923 2533 illius
1936 2501 2044 2532 animo
2066 2499 2275 2540 occurrebat,

1219 2564 1253 2587 se
1269 2555 1404 2587 nonalia
1425 2555 1547 2586 ratione
1563 2553 1813 2587 Persarmeniam
1825 2554 1857 2585 ct
1873 2552 2007 2584 iberiam
2022 2560 2114 2592 posse
2130 2551 2188 2583 sibi
2203 2551 2277 2583 sub·

1217 2607 1332 2648 jicere,
1362 2616 1460 2648 quam
1480 2607 1504 2638 si
1528 2616 1628 2638 uuam
1650 2615 1689 2638 ex
1712 2605 1867 2638 Romanis
1882 2604 2017 2636 urbibus
2040 2611 2178 2644 eamque
2202 2611 2275 2634 mu-

1219 2659 1407 2691 nitissimam
1423 2660 1570 2700 caperet,
1594 2658 1627 2690 in
1652 2667 1717 2698 qua
1727 2657 1802 2689 belli
1825 2656 1933 2689 sedem
1947 2655 2164 2694 constituens,
2190 2655 2277 2695 quod

1222 2711 1448 2743 Persai-mentae
1459 2713 1491 2742 et
1500 2711 1610 2743 lberiae
1621 2711 1692 2750 post
1705 2710 1830 2749 tergum
1840 2709 1934 2747 esset,
1948 2708 2105 2739 tueretur.
2116 2709 2180 2738 Nec
2191 2707 2276 2738 enim

1219 2763 1264 2795 illi
1293 2763 1431 2795 dubium
1451 2764 1520 2794 erat
1538 2771 1572 2794 se
1597 2760 1865 2801 Theodosiopolin
1887 2761 2157 2801 expugnaturum.
2178 2758 2277 2799 quue

1220 2815 1365 2847 indicans
1382 2814 1550 2854 etJactans
1562 2838 1571 2853 ,
1589 2823 1623 2846 se
1643 2813 1731 2845 illam
1759 2812 1847 2844 omui
1865 2811 1962 2843 modo
1975 2812 2158 2851 capturum,
2170 2811 2275 2842 Theo-

1220 2866 1337 2898 dorum
1364 2865 1594 2906 interrogavit,
1620 2873 1694 2905 quae
1723 2863 1768 2895 iili
1798 2863 1875 2894 urbs
1900 2864 2084 2902 expugnatu
2118 2862 2277 2894 difficilior

1221 2918 1405 2958 videretur,
1436 2920 1555 2957 Daras,
1585 2925 1626 2948 an
1650 2914 1933 2955 Theodosiopolis?
1951 2914 2076 2951 Quibus
2103 2914 2208 2945 verbis
2234 2915 2277 2945 si·

1221 2970 1370 3011 gniticare
1390 2969 1537 3008 volebat,
1560 2977 1662 3009 quum
1684 2970 1801 3006 Daras,
1820 2966 1977 3007 oppidum
2006 2965 2275 3003 munitissimum,

1222 3023 1375 3063 cepisset,
1405 3024 1527 3062 quanto
1555 3021 1655 3061 magis
1674 3018 1962 3060 Theodosiopoiin,
1989 3027 2064 3059 quae
2091 3027 2156 3050 non
2184 3027 2277 3058 aeque

1223 3074 1347 3106 munita
1364 3075 1451 3114 erat,
1474 3075 1612 3114 caperet.
1641 3072 1829 3105 Theodorus
1856 3073 1966 3102 autem
1986 3071 2079 3102 valde
2104 3069 2277 3110 prudenter

1224 3127 1385 3167 respondit
1405 3140 1411 3158 :
1427 3135 1498 3158 eam
1512 3126 1644 3157 demum
1662 3126 1773 3157 urbem
1790 3133 1858 3156 esse
1868 3123 2144 3164 inexpugnabilem
2155 3146 2164 3162 ‚
2178 3131 2275 3162 quam

1224 3180 1304 3212 deus
1317 3181 1349 3211 in
1363 3189 1452 3211 suam
1470 3179 1650 3211 custodiam
1672 3179 1871 3218 tutelamque
1891 3177 1922 3208 in
1937 3178 2125 3217 perpetuum
2143 3175 2276 3214 recepis-

1224 3233 1283 3264 set.
1301 3234 1341 3263 At
1357 3234 1524 3263 Persarum
1551 3240 1626 3270 rex,
1650 3230 1836 3271 priusquam
1850 3228 2057 3260 Theodorum
2075 3235 2094 3257 a
2115 3235 2148 3258 se
2167 3225 2275 3256 dimit-

1224 3287 1324 3325 teret,
1352 3285 1429 3316 satis
1447 3284 1624 3324 perspexit,
1643 3283 1755 3315 urbem
1786 3282 1823 3314 iis
1848 3282 1944 3313 rebus
1961 3279 2127 3316 omnibus,
2146 3287 2218 3318 quae
2235 3278 2275 3308 ad

1227 3335 1435 3368 resistendum
1466 3336 1613 3367 hostibus
1641 3334 1829 3366 necessariae
1854 3330 2114 3371 erant‚'‘egregie
2131 3329 2273 3369 paratam

1226 3397 1304 3420 esse.
1323 3390 1432 3425 Quum
1456 3390 1563 3419 autem
1580 3387 1679 3418 multa
1696 3387 1817 3417 interea
1832 3383 2050 3423 contigissent,
2069 3380 2273 3412 Theodorum

1228 3442 1399 3472 Persarum
1417 3448 1471 3472 rex
1488 3439 1679 3480 Byzantium
1699 3437 1878 3469 rediturum
1895 3434 2024 3466 dimisit.
2043 3431 2155 3465 Literis
2169 3432 2274 3463 Caesar

2062 3493 2104 3518 16.
