2372 3704
158 265 233 298 574

158 342 340 390 ὅουλεύθη.
370 341 441 382 Καὶ
461 343 500 380 ἐκ
516 339 578 392 μὲν
606 342 667 379 τοῦ
687 335 880 390 συμποσίου
900 339 946 380 ὥς
965 335 1026 375 καὶ
1043 338 1191 387 ὑπερκο-

159 402 219 454 ρὴς
248 401 353 452 μέθης
370 400 592 451 ἐξεκομίσθη,
621 398 678 437 διὰ
697 397 734 436 δὲ
751 399 813 444 τῆς
831 395 952 439 νυκτὸς
972 392 1193 441 ἐτελεύτησε,

159 459 289 511 βιώσας
310 458 369 505 ἔτη
386 457 413 503 ξ’
430 457 490 497 καὶ
508 457 541 508 γ’
558 455 617 495 καὶ
633 459 743 506 μῆνας
767 454 812 506 β’,
831 453 966 504 ἡμέρας
983 452 1044 503 ιγ’,
1064 452 1194 503 αὐταρ-

156 517 271 570 χήσας
293 517 328 556 δὲ
353 516 412 563 ἔτη
439 515 459 553 ι’
485 515 545 554 καὶ
561 515 604 565 γ’.
629 516 752 553 Ταῦτα
776 516 799 559 ἡ
814 511 1021 564 Ἀγριππίνα
1046 513 1193 556 ποιῆσαι

157 576 330 623 ἠδυνήθη,
350 574 402 614 ὅτι
429 574 486 612 τὸν
505 574 705 626 Νάρκισσον
732 570 859 617 συνέὸη
891 569 989 621 [μὴ]
1009 573 1193 620 παρεῖναι,

159 634 234 674 ἐπεὶ
249 633 416 686 παρόντος
433 634 537 671 αὐτοῦ
554 635 615 669 οὐκ
627 629 688 682 [ἂν
700 631 714 681 ]
725 629 899 682 ἐδεδράκει
915 631 1032 666 τοῦτο·
1048 625 1197 669 τοιοῦτός

158 709 210 736 τις
229 692 340 746 φύλαξ
360 695 419 730 τοῦ
433 689 599 729 δεσπότου
614 684 669 736 ῆν.
690 687 931 730 Ἀποθανόντος
944 686 979 724 δὲ
1001 689 1060 723 τοῦ
1084 686 1198 723 Κλαυ-

160 752 254 801 δίου,
274 750 333 789 καὶ
353 749 455 793 αὐτὸς
471 748 566 792 εὐθὺς
586 747 771 800 διεφθάρη,
786 745 882 797 παρὰ
902 746 952 797 τῷ
974 742 1197 788 Μεσσαλίνης

162 811 323 861 μνημείῳ
342 807 382 846 ἔκ
398 823 486 851 τινος
503 806 706 857 συντυχίας,
720 804 804 857 ὅπερ
820 805 865 847 εἷς
882 801 1052 854 τιμωρίαν
1067 799 1197 846 ἐκείνης

161 866 338 916 ἐνομίσθη.
361 866 433 904 Καὶ
451 864 623 907 Κλαύδιος
643 863 705 913 μὲν
725 862 791 899 ὑπὸ
807 864 869 908 τῆς
888 858 1112 911 Ἀγριππίνης
1136 860 1198 904 τῆς

160 922 317 973 γυναικὸς
333 925 394 968 τῆς
412 938 448 960 τε
471 923 639 974 ἀδελφῆς,
659 919 702 958 δι’
718 919 759 966 ἣν
773 918 818 957 τά
833 934 872 956 τε
889 917 980 955 ἄλλα
999 917 1060 954 καὶ
1081 915 1199 966 ἐπιόρ-

161 997 277 1030 κησεν,
292 980 521 1026 ἐπεὸουλεύθη
542 981 576 1017 ἐν
594 981 643 1032 τῷ
661 976 778 1029 σιτίῳ,
799 976 859 1014 καὶ
876 976 1040 1027 διεφθάρη
1056 976 1194 1021 κακῶς,

159 1039 217 1078 ἵνα
239 1056 275 1078 τε
294 1043 311 1077 6
327 1040 397 1083 υἱὸς
418 1040 523 1085 αὐτῆς
544 1036 750 1089 μοναρχήσῃ
765 1065 776 1086 ,
802 1035 862 1073 καὶ
877 1038 895 1073 6
910 1033 1139 1087 Βρεττανικὸς
1164 1031 1201 1069 αἵ

160 1113 198 1136 τε
219 1097 364 1150 ἀδελφαὶ
381 1098 484 1135 αὐτοῦ
498 1096 711 1134 ἀπόλωνται.

651 1202 714 1238 90·

589 1286 775 1326 ΝΕΡΩΝ.

215 1385 307 1422 Exc.
328 1385 386 1419 De
399 1383 484 1418 virt..
504 1394 544 1430 p.
565 1381 640 1430 809
659 1393 668 1418 :
688 1378 774 1418 e‘O'rn
800 1377 1040 1430 βασιλεύοντος
1051 1378 1127 1416 νέου
1142 1382 1201 1416 τοῦ

164 1439 322 1493 Νέρωνος
344 1442 491 1491 Βοῦρρος
509 1438 569 1476 καὶ
597 1437 746 1481 Σενέκας
763 1437 908 1491 διῴκουν
924 1437 968 1476 τὰ
992 1437 1200 1488 πράγματα.

164 1499 210 1538 ‘O
231 1499 266 1537 δὲ
300 1499 413 1549 λόγοις
435 1498 603 1549 ἐσχόλαζε
632 1497 846 1549 φιλοσόφοις,
877 1495 938 1534 καὶ
962 1495 1006 1534 τὰ
1033 1497 1112 1548 περὶ
1143 1500 1203 1534 τοῦ

164 1559 322 1609 Χριστοῦ
341 1557 614 1606 κατεμάνθανεν.
634 1554 715 1594 ’Έτι
734 1555 800 1606 γὰρ
825 1554 977 1604 ἐνόμιζεν
1011 1555 1114 1592 αὐτὸν
1134 1560 1203 1597 τοῖς

164 1616 354 1668 ἀνθρώποις
391 1613 739 1666 συναναστρέφεσθαι.
783 1613 853 1652 Καὶ
894 1612 1012 1663 μαθὼν
1047 1612 1099 1651 ὅτι
1137 1613 1203 1651 ὑπὸ

163 1677 231 1712 τῶν
252 1673 430 1714 Ἰουδαίων
450 1672 670 1725 ἐσταυρώθη,
687 1671 925 1723 ἠγανάκτησε.
944 1670 1016 1710 Καὶ
1034 1671 1204 1723 προσέτα·

167 1732 220 1777 ξεν
241 1734 349 1771 ἐλθεῖν
376 1731 453 1774 τοὺς
472 1732 573 1783 ἱερεῖς
585 1730 709 1769 Ἄνναν
747 1729 807 1767 καὶ
838 1728 1003 1781 Καϊάφαν
1022 1729 1082 1767 καὶ
1102 1729 1204 1767 αὐτὸν

167 1791 334 1838 Πιλάτον,
355 1790 411 1828 τὸν
427 1790 579 1842 ἄρχοντα
593 1789 669 1826 τότε
693 1788 887 1838 γενόμενον,
910 1787 1202 1840 σιδηροδεσμίους.

166 1849 239 1888 Καὶ
259 1847 426 1899 [καθίσας
455 1847 512 1885 ἐπὶ
534 1849 595 1893 τῆς
615 1847 836 1898 συγκλήτου]
855 1845 899 1883 τὰ
918 1845 998 1897 περὶ
1018 1847 1122 1884 αὐτοῦ
1145 1861 1206 1883 πε-

166 1905 351 1957 πραγμένα
374 1904 645 1954 κατεμάνθανεν.
673 1906 719 1942 Οἱ
739 1898 796 1941 οῧν
821 1903 900 1955 περὶ
922 1903 979 1941 τὸν
1002 1902 1126 1941 Ἄνναν
1147 1903 1206 1942 καὶ

168 1963 334 2016 Καϊάφαν
358 1963 488 2014 ἔλεγον,
512 1962 564 2000 ὅτι
580 1981 595 1995 «
616 1962 739 2012 Ἡμεῖς
758 1965 828 2006 τοῖς
845 1961 961 2012 νόμοις
978 1962 1080 1999 αὐτὸν
1099 1978 1206 2013 παρε-

167 2021 343 2072 δώκαμεν,
359 2021 419 2059 καὶ
448 2023 494 2064 εἷς
522 2020 728 2058 καθοσίωσιν
749 2022 815 2072 οὐχ
836 2020 1055 2071 ἡμάρτομεν.
1079 2020 1120 2059 Ὁ
1141 2020 1207 2072 γὰρ

169 2080 323 2123 Πιλάτος
362 2078 410 2117 ὢν
442 2079 559 2131 ἄρχων
593 2078 658 2117 ὅσα
692 2078 870 2126 ἠὸουλήθη
909 2078 1049 2130 ἔπραξε.
1086 2095 1102 2112 »
1135 2078 1206 2118 Καὶ

167 2142 284 2176 τοῦτον
312 2140 347 2176 ἐν
362 2140 411 2190 τῷ
429 2137 655 2189 δεσμωτηρίῳ
670 2137 872 2175 κατέκλεισε
883 2166 893 2184 ,
910 2136 987 2180 τοὺς
1002 2137 1037 2175 δὲ
1054 2137 1133 2188 περὶ
1150 2138 1207 2175 τὸν

167 2195 290 2235 Ἄνναν
316 2197 375 2235 καὶ
399 2197 567 2249 Καϊάφαν
585 2197 767 2235 ἀπέλυσεν.
788 2195 976 2247 [Ἤκμαζε
998 2195 1032 2233 δὲ
1053 2195 1130 2233 τότε
1149 2195 1208 2233 καὶ

169 2255 291 2305 Σίμων
304 2258 322 2293 6
339 2255 470 2306 Μάγος.
492 2254 561 2293 Καὶ
578 2253 830 2306 διαλεγομένων
853 2254 990 2305 Πέτρου
1007 2255 1069 2292 καὶ
1087 2254 1208 2304 Σίμω-

168 2329 222 2356 νος
241 2314 416 2365 παρουσίᾳ
431 2314 589 2364 Νέρωνος
601 2342 611 2362 ,
632 2313 724 2364 ἤχθη
747 2312 900 2355 Πιλάτος
918 2312 985 2350 ἀπὸ
1000 2316 1059 2350 τοῦ
1077 2314 1210 2362 δεσμω-

169 2371 306 2423 τηρίου·
337 2370 397 2408 καὶ
431 2370 703 2420 παρισταμένων
737 2373 805 2408 τῶν
837 2373 941 2422 τριῶν
973 2372 1022 2422 τῷ
1058 2370 1211 2422 Νέρωνι,

171 2430 283 2480 ἐρωτᾷ
300 2428 357 2466 τὸν
378 2429 542 2477 Σίμωνα·
559 2448 574 2463 «
603 2428 653 2468 Σὺ
674 2422 707 2466 εἶ
726 2431 743 2466 6
766 2429 931 2481 Χριστός,
949 2445 966 2462 ¹>
986 2428 1031 2467 ‘O
1056 2427 1090 2466 δὲ
1104 2428 1209 2478 λέγει·

943 250 1156 290 JOANNIS
1183 247 1498 288 ANT10CHEN1

1253 333 1298 373 Ὁ
1320 333 1355 372 δὲ
1368 334 1481 386 λέγει·
1499 353 1514 368 α
1529 332 1692 383 Οὕ·ἐμοῦ
1713 331 1779 386 γὰρ
1800 331 2060 385 παρισταμένου
2081 332 2130 376 εἷς
2147 331 2205 372 τὸν
2227 333 2287 374 οὗ-

1255 392 1356 446 ρανὸν
1373 392 1561 445 ἀνελήφθη.
1576 409 1592 426 »
1613 391 1796 443 Ἧρώτησε
1814 392 1850 429 δὲ
1866 391 1926 429 καὶ
1938 391 1994 428 τὸν
2015 391 2181 439 Πιλάτον,
2194 394 2290 438 ποῖός

1256 452 1397 489 ἐστινέκ
1412 451 1542 489 τούτων
1557 453 1574 488 6
1584 450 1765 501 λεγόμενος
1778 449 1940 500 Χριστός.
1959 448 2030 488 Καὶ
2043 442 2149 487 εἶπεν·
2168 469 2182 484 ι
2198 454 2290 492 Οὐδὲ

1256 503 1321 552 εἷς·
1342 511 1359 546 6
1381 508 1442 558 μὲν
1459 508 1524 559 γὰρ
1544 507 1676 560 Πέτρος
1694 508 1850 558 μαθητὴς
1865 509 1966 545 αὐτοῦ
1987 507 2103 559 γέγονε
2115 537 2124 554 ,
2146 509 2206 547 καὶ
2220 512 2292 549 εἰσ-

1255 566 1385 618 ηνέχθη
1414 566 1497 618 παρ’
1525 565 1601 611 ἐμοὶ
1629 569 1674 609 ὡς
1700 566 1856 614 μαθητὴς
1881 567 2004 613 αὐτοῦ,
2030 566 2088 604 καὶ
2117 568 2294 619 ἠρνήσατο

1258 624 1358 662 αὐτὸν
1372 624 1482 674 λέγων
1495 639 1503 647 ·
1522 642 1537 657 u
1552 625 1630 662 Οὐκ
1647 618 1723 661 οῖδα
1739 623 1797 661 τὸν
1814 624 1992 675 ἄνθρωπον
2005 635 2014 644 ·
2032 641 2047 656 »
2060 622 2120 661 καὶ
2135 625 2293 665 ἀπέλυσα

1259 681 1374 719 αὐτόν.
1395 676 1506 724 Οὗτος
1527 682 1560 718 δὲ
1585 683 1601 718 6
1621 681 1742 731 Σίμων
1766 682 1925 731 οὐδαμῶς
1946 680 2114 732 ἔγνωσταί
2134 698 2215 733 μοι,
2234 685 2295 722 οὗ·

1258 739 1379 788 δεμίαν
1397 738 1431 776 δὲ
1448 739 1521 790 ἔχει
1542 740 1730 789 ὁμοιότητα
1750 739 1835 792 πρὸς
1854 741 1980 777 ἐκεῖνον
1994 754 2002 763 ·
2024 739 2098 778 ἔστι
2118 740 2186 793 γὰρ
2200 735 2296 787 οὗτος

1258 798 1318 836 καὶ
1334 797 1522 848 Αἰγύπτιος
1532 797 1592 836 καὶ
1613 797 1793 847 ἐμπληθὴς
1812 797 1871 835 καὶ
1890 797 2086 848 κατάκομος
2095 798 2154 836 καὶ
2169 798 2297 850 μέλας,

1258 857 1434 899 παντελῶς
1449 858 1509 902 τῆς
1528 854 1657 893 ἐκείνου
1683 858 1817 908 μορφῆς
1841 855 2031 908 ἀλλότριος.
2046 874 2061 890 »
2081 856 2296 907 Ἀγανακτή-

1260 929 1323 956 σας
1342 909 1399 952 οῧν
1420 916 1438 951 6
1460 913 1620 966 βασιλεὺς
1633 914 1724 952 κατὰ
1739 915 1802 965 μὲν
1818 919 1878 952 τοῦ
1899 914 2078 965 Σίμωνος,
2094 918 2140 958 ὡς
2161 918 2298 968 ψευσα-

1261 972 1362 1022 μένου
1380 972 1439 1010 καὶ
1450 971 1600 1017 εἰπόντος
1611 973 1731 1011 ἑαυτὸν
1742 973 1904 1024 Χριστόν·
1917 973 2007 1011 κατὰ
2026 973 2062 1012 δὲ
2071 977 2131 1012 τοῦ
2146 975 2296 1028 Πέτρου,

1260 1034 1306 1074 ὡς
1335 1031 1576 1083 ἀρνησαμένου
1610 1031 1668 1069 τὸν
1686 1033 1907 1082 διδάσκαλον,
1928 1031 2087 1076 ἐξέὸαλεν
2106 1033 2229 1078 αὐτοὺς
2258 1035 2298 1072 ἐκ

1262 1092 1320 1126 τοῦ
1339 1089 1515 1139 συνεδρίου
1526 1089 1550 1140 ·]
1572 1088 1630 1126 τὸν
1647 1088 1682 1126 δὲ
1695 1088 1848 1128 Πιλάτον
1865 1092 1926 1135 τῆς
1941 1091 2094 1140 κεφαλῆς
2111 1091 2297 1142 ἀπέτεμεν,

1261 1149 1307 1190 ὡς
1324 1148 1526 1193 τηλικοῦτον
1544 1147 1724 1199 ἄνθρωπον
1741 1149 1872 1185 ἀνελεῖν
1889 1147 2116 1196 τολμήσαντα
2136 1149 2218 1201 δίχα
2240 1153 2300 1202 βα-

1262 1207 1396 1251 σιλικῆς
1413 1204 1615 1248 κελεύσεως.
1632 1204 1704 1243 Καὶ
1723 1203 1811 1255 μετὰ
1825 1208 1937 1243 ταῦτα
1953 1206 2086 1258 Πέτρον
2099 1206 2162 1257 μὲν
2173 1207 2300 1246 ἐσταύ·

1264 1279 1370 1316 ρωσε,
1391 1265 1533 1302 Παῦλον
1553 1262 1590 1301 δὲ
1609 1266 1670 1310 τῆς
1686 1265 1838 1316 κεφαλῆς
1851 1262 2016 1314 ἀπέτεμε.

1317 1322 1389 1361 Καὶ
1407 1322 1447 1359 τὸ
1477 1321 1539 1371 μὲν
1559 1322 1725 1374 πρότερον
1750 1325 1894 1360 τοιαῦτα
1924 1321 2092 1374 ἔπραττεν
2117 1325 2135 1360 ὁ
2154 1322 2293 1375 Νέρων.

1264 1380 1368 1418 Ἐπεὶ
1393 1379 1429 1418 δὲ
1454 1382 1599 1432 τρυφαῖς
1623 1379 1684 1418 καὶ
1710 1379 1839 1430 κώμοις
1869 1382 2112 1432 καθημερινοῖς
2134 1383 2152 1419 6
2179 1381 2299 1435 Νέρων

1265 1438 1444 1490 ἐντραφεὶς
1457 1439 1621 1490 πράττειν
1643 1439 1718 1489 (τε)
1738 1438 1783 1476 τὰ
1801 1441 1862 1484 τῆς
1881 1441 1992 1490 ἀρχῆς
2008 1440 2079 1491 (ἐφ’
2096 1435 2158 1490 ῆς)
2178 1440 2299 1479 ἑαυτὸν

1263 1495 1359 1542 ἠξίου
1372 1526 1381 1542 ,
1403 1495 1492 1547 ταχὺ
1506 1495 1544 1533 τὸ
1562 1496 1686 1546 σεμνὸν
1699 1496 1759 1535 καὶ
1778 1495 2039 1549 μεγαλοπρεπὲς
2054 1499 2116 1543 τῆς
2127 1499 2194 1535 τῶν
2212 1497 2304 1538 Ῥω-

1269 1554 1380 1603 μαίων
1397 1554 1582 1605 ἡγεμονίας
1596 1557 1642 1597 εἷς
1659 1553 1698 1592 τὸ
1712 1554 1864 1604 ἄκοσμόν
1881 1570 1918 1592 τε
1937 1555 1997 1592 καὶ
2016 1555 2177 1594 ταπεινὸν
2200 1572 2302 1606 μετε·

1267 1612 1450 1660 ὅέὸληκεν,
1475 1612 1564 1659 ἀήθη
1583 1612 1660 1650 τινὰ
1677 1613 1802 1662 μετιὼν
1823 1612 1882 1650 καὶ
1893 1613 2092 1665 δαπανηρὸν
2111 1615 2301 1660 ἀκολασίας

1266 1670 1404 1723 τρόπον,
1434 1671 1611 1720 ἐκθέσμοις
1640 1686 1678 1709 τε
1708 1671 1768 1709 καὶ
1792 1670 2006 1722 παρανόμοις
2034 1673 2198 1723 ἐγχειρῶν
2219 1673 2304 1724 δρά-

1269 1744 1373 1780 μασι·
1400 1728 1543 1781 λουτρὸν
1565 1729 1627 1778 μὲν
1649 1728 1716 1782 γὰρ
1743 1724 1784 1776 ῆν
1812 1731 1906 1778 αὐτῷ
1925 1731 2082 1776 ζηλοῦντι
2110 1734 2170 1777 τῆς
2198 1733 2303 1770 πολυ-

1267 1788 1400 1832 τελείας
1433 1789 1492 1827 καὶ
1509 1788 1754 1835 ἐκδιαιτήσεως
1781 1792 1840 1826 τοῦ
1863 1789 2067 1839 Καλιγόλα,
2103 1792 2168 1842 οὐχ
2200 1790 2304 1844 ὕδωρ,

1269 1846 1358 1884 ἀλλὰ
1383 1846 1502 1898 μύρον,
1527 1845 1564 1884 τὸ
1587 1846 1648 1896 μὲν
1668 1846 2005 1899 θερμαινόμενον,τὸ
2031 1846 2068 1885 δὲ
2097 1848 2307 1900 ψυχόμενον,

1269 1904 1328 1943 καὶ
1339 1906 1385 1948 εἷς
1405 1904 1571 1956 ἑκατέραν
1589 1905 1650 1951 τὴν
1665 1905 1785 1957 χρείαν
1799 1909 1857 1943 τοῦ
1871 1907 2014 1957 λουτροῦ
2036 1908 2305 1958 παρασκευαζό-

1271 1977 1383 2012 μενον.
1402 1962 1557 2015 Ἐχρῆτο
1579 1963 1615 2000 δὲ
1634 1962 1781 2006 δικτύοις
1793 1962 1890 2014 παρὰ
1905 1963 1964 2007 τὰς
1979 1963 2087 2016 ἄγρας
2099 1967 2167 2003 τῶν
2177 1965 2306 2017 ἰχθύων

1271 2021 1431 2072 χρυσοῖς,
1451 2021 1596 2064 ἐξέλκων
1616 2020 1694 2064 τοὺς
1707 2021 1858 2064 κόλπους
1882 2023 1949 2059 τῶν
1967 2020 2111 2060 δικτύων
2125 2023 2309 2067 καλωδίοις

1271 2078 1307 2123 ἐξ
1327 2078 1417 2131 ἐρίου
1445 2079 1710 2129 πεποιημένοις,
1731 2079 1967 2132 ἀστράπτουσι
1985 2083 2027 2131 τῆ
2053 2083 2148 2133 βαφῆ
2170 2084 2231 2128 τῆς
2249 2082 2309 2120 κό-

1269 2138 1373 2189 χλου.
1397 2137 1457 2180 Ἐς
1475 2138 1576 2176 τοῦτό
1595 2153 1634 2189 γε
1649 2138 1716 2188 μὴν
1737 2137 1866 2190 προϊὼν
1891 2138 2036 2182 ἀτοπίας
2061 2139 2239 2187 ἐλήλυθεν,
2261 2142 2308 2184 ὣς

1271 2194 1432 2247 παριέναι
1458 2194 1519 2245 μὲν
1540 2197 1586 2239 εἷς
1609 2194 1670 2242 τὴν
1690 2195 1835 2246 σκηνὴν,
1865 2196 1932 2234 ὑπὸ
1959 2196 1994 2234 δὲ
2013 2200 2055 2249 τῇ
2075 2197 2215 2236 πάντων
2231 2197 2309 2252 ὄψει

1271 2253 1448 2306 ὀρχεῖσθαί
1469 2269 1505 2292 τε
1520 2253 1579 2293 καὶ
1593 2255 1684 2307 ᾠδάς
1704 2271 1798 2298 τινας
1821 2254 1978 2299 διεξιέναι
1992 2286 2002 2306 ,
2016 2256 2311 2306 ἀναλαμὸάνοντα

1273 2311 1398 2358 σκευὴν
1418 2315 1476 2349 νῦν
1497 2312 1560 2363 μὲν
1585 2315 1804 2364 κιθαριστῶν,
1823 2316 1880 2351 νῦν
1908 2313 1944 2350 δὲ
1963 2313 2156 2365 τραγῳδίας
2167 2316 2309 2366 ὖποκρι-

1271 2373 1359 2409 τῶν.
1378 2370 1484 2409 Ἀλλὰ
1501 2375 1612 2408 ταῦτα
1643 2370 1705 2422 μὲν
1726 2372 1755 2408 εἰ
1774 2370 1834 2409 καὶ
1861 2371 1993 2423 σφόδρα
2013 2370 2076 2418 τὴν
2100 2371 2211 2424 ἀρχὴν
2233 2374 2312 2410 ἐλυ-

1275 2427 1435 2477 μαίνετο,
1461 2428 1596 2480 γέλωτά
1628 2444 1666 2479 γε
1697 2428 1790 2479 ὅμως
1815 2429 1875 2467 καὶ
1909 2428 2035 2475 ἡδονὴν
2063 2430 2211 2482 παρεῖχε
2243 2433 2312 2475 τοῖς

172 2504 187 2520 «
207 2485 289 2525 Ναί.
309 2504 325 2519 ν
342 2480 430 2524 Εἶτα
449 2488 560 2538 ἐρωτᾷ·
580 2486 636 2523 τὸν
654 2485 800 2537 Πέτρον·
824 2505 839 2520 «
865 2485 916 2524 Σὺ
939 2480 971 2523 εἷ
983 2489 1000 2523 6
1014 2486 1182 2538 Χριστός;
1197 2504 1212 2520 »
1275 2486 1469 2536 θεωμένοις.
1493 2490 1526 2526 Τ
1528 2487 1545 2524 ὸ
1565 2486 1600 2524 δὲ
1617 2488 1757 2525 πάντων
1775 2487 1954 2539 αἴσχιστον
1972 2487 2032 2526 καὶ
2048 2489 2242 2526 δεινότατον
2257 2488 2311 2527 ὅτι

213 2599 266 2629 Fr.
288 2601 338 2629 89.
361 2598 401 2628 V.
426 2597 483 2628 Dio
504 2599 575 2636 Lx,
596 2601 646 2629 34.
669 2597 807 2638 μέθης]
828 2598 906 2636 Dio;
931 2598 1006 2638 μέθῃ
1031 2598 1101 2629 cod.
1122 2616 1163 2621 —
1181 2598 1244 2635 ἔτη
1271 2597 1319 2638 ξγ’
1338 2598 1442 2639 κτλ.]
1464 2599 1523 2630 Dio
1543 2611 1551 2630 ε
1570 2599 1665 2636 ζήσας
1682 2598 1702 2635 ξ’
1724 2600 1776 2630 καὶ
1793 2598 1818 2639 γ’
1835 2599 1907 2639 ἐτη,
1922 2599 2119 2640 αὐταρχήσας
2139 2599 2192 2637 em
2217 2599 2235 2631 ι’
2257 2600 2311 2631 καὶ

172 2644 200 2684 γ’
226 2644 279 2675 καὶ
294 2647 391 2684 μῆνας
412 2644 495 2675 ὀκτὼ
517 2645 570 2675 καὶ
594 2644 708 2684 ἡμέρας
729 2645 770 2675 κ’.
797 2659 839 2666 ·—
851 2644 953 2684 παρὰ
971 2646 1062 2684 τῷ...
1086 2644 1295 2686 ἐνομίσθη]
1311 2648 1357 2678 De
1370 2645 1417 2676 his
1432 2645 1509 2676 nihil
1526 2646 1608 2686 apud
1626 2647 1770 2677 Dionem.
1782 2664 1824 2669 —
1837 2646 1876 2677 τά
1897 2656 1930 2677 τε
1943 2646 2042 2687 ἄλλα]
2066 2646 2199 2678 verbum
2223 2646 2314 2678 exci-

173 2690 256 2722 disse
270 2689 406 2721 videtnr.
1244 2696 1248 2698 >
2248 2690 2252 2695 ,

214 2739 268 2770 Fr.
289 2741 340 2769 90.
366 2737 507 2768 Primam
525 2737 619 2777 hujus
636 2737 801 2778 fragmenti
821 2738 943 2778 partem
957 2761 965 2775 ,
982 2746 1055 2777 quae
1073 2737 1112 2769 de
1135 2738 1232 2769 Pilato
1248 2738 1313 2777 est,
1331 2738 1444 2770 suidas
1459 2747 1588 2779 quoqne
1610 2739 1740 2771 exhibet
1759 2747 1790 2771 v.
1813 2740 1929 2781 Νέρων.
1945 2757 1985 2762 —-
2000 2740 2051 2771 καὶ
2070 2739 2162 2771 αὑτὸν
2179 2738 2312 2771 Πιλάτον

175 2786 227 2816 τὸν
242 2785 314 2825 ἆρχ.
331 2795 359 2815 τ.
375 2784 560 2824 γενόμενον]
573 2793 590 2816 e
606 2785 711 2816 Suida.
726 2784 835 2816 Codex
849 2785 926 2816 nihil
941 2784 999 2814 nisi
1015 2797 1023 2815 ε
1047 2786 1099 2815 καὶ
1116 2786 1167 2816 τὸν
1183 2784 1328 2815 Πιλάτον.
1345 2805 1384 2811 -
1399 2788 1566 2821 καθίσας
1593 2785 1618 2817 ἐ.
1641 2797 1670 2816 τ.
1688 2786 1843 2827 συγκλ]
1866 2786 1971 2817 addidi
1994 2795 2011 2818 e
2026 2786 2133 2818 Suida.
2146 2788 2313 2827 -ἠμεῑς

176 2834 257 2867 τοῖς
269 2831 309 2862 νό
318 2830 423 2871 μοις]
437 2834 498 2867 τοῖς
512 2832 569 2872 γὰρ
582 2831 686 2871 νόμοις
698 2831 811 2862 suidas
823 2839 854 2863 v.
866 2830 1055 2866 καθοσίωσις
1065 2855 1073 2869 ,
1087 2831 1139 2862 ubi
1157 2832 1271 2862 iterum
1287 2831 1338 2862 hic
1352 2832 1440 2863 locus
1449 2831 1600 2863 occurrit.
1612 2849 1653 2854 —-
1663 2831 1701 2863 ‘O
1714 2843 1733 2872 γ
1742 2833 1761 2862 ὰ
1770 2843 1785 2872 ρ
1806 2834 1832 2864 n
1842 2833 1875 2863 ιλ
1885 2832 1952 2863 ἀτο
1962 2843 2015 2868 ς...
2034 2843 2106 2863 κατ
2115 2832 2200 2863 έκλε
2209 2830 2313 2873 ισεν]

177 2876 350 2916 Integriora
364 2879 437 2908 sunt
454 2886 526 2916 quac
543 2877 655 2908 Suidas
672 2877 767 2909 habet
786 2891 793 2908 ι
812 2878 829 2908 ὁ
845 2878 903 2918 γὰρ
917 2877 1055 2912 ἐξουσίαν
1074 2877 1174 2917 ἔχων,
1190 2878 1251 2909 ὅσα
1266 2878 1440 2917 ἠῧουλήθη,
1459 2879 1596 2918 ἔπραξεν.
1613 2878 1841 2918 Ἄγανακτήσας
1857 2878 1910 2909 οὖν
1925 2880 1941 2909 ὁ
1955 2879 2058 2918 Νέρων
2073 2877 2206 2909 Πιλᾶτον
2222 2878 2252 2908 ἐν
2268 2881 2314 2918 τῷ

177 2923 378 2964 δεσμωτηρίῳ
397 2924 518 2955 ἐνέὸαλε
542 2941 585 2947 -
599 2925 665 2955 καὶ
686 2923 885 2964 Καϊάφαν]
905 2923 1039 2955 addidie
1055 2923 1168 2962 suida,
1187 2923 1279 2955 sicuti
1302 2932 1338 2955 ea
1357 2933 1431 2964 quse
1451 2924 1598 2964 deinceps
1616 2926 1792 2963 sequuntur
1810 2924 1935 2955 uncinis
1957 2923 2115 2954 distincta.
2133 2923 2182 2955 cf.
2204 2923 2312 2955 Malal.

177 2981 209 3012 p.
223 2974 292 3003 254.
303 2970 414 3003 Codex
423 2970 538 3002 Valesii
549 2973 618 3011 post
631 2970 780 3002 ἀπέλυσεν
792 2971 891 3010 pergit
907 2982 914 3002 ε
929 2971 1074 3011 Ὕστερον
1084 2970 1116 3002 δὲ
1125 2970 1176 3001 τὸν
1190 2969 1321 3001 Πιλάτον
1335 2973 1386 3007 τῆς
1401 2971 1530 3009 κεφαλῆς
1544 2970 1693 3010 ἀπέτεμεν
1707 2970 1772 3001 κτλ.
1785 2972 1846 3001 Pro
1855 2970 1972 3010 quibus
1984 2978 2024 3000 ex
2035 2969 2133 3001 suida
2143 2968 2289 3000 dedimus
2305 2979 2314 3000 :

177 3017 230 3048 τὸν
240 3016 272 3046 δὲ
289 3015 422 3047 Πιλάτον
436 3016 502 3046 κτλ.
516 3035 555 3040 -
568 3017 654 3047 κελε
664 3016 681 3047 ύ
690 3027 731 3047 σε
740 3028 765 3046 ω
774 3015 808 3056 ς]
822 3015 1015 3056 προστάξεως
1029 3014 1151 3047 Suidas.
1166 3033 1207 3040 —-
1219 3026 1264 3055 πρ
1273 3015 1402 3048 άττειν
1416 3029 1432 3048 τ
1441 3016 1477 3057 ε]
1490 3017 1569 3049 illud
1581 3028 1613 3048 τε
1624 3018 1776 3048 abundat.
1791 3020 1936 3049 Fortasse
1948 3017 2102 3048 nonnulla
2112 3017 2312 3048 exciderunt.

178 3065 255 3095 Mox
267 3061 364 3094 etiam
379 3061 476 3092 verba
490 3062 533 3103 ἐφ’
549 3062 584 3101 ἧς
597 3062 687 3094 uncis
700 3062 823 3094 inclusi.
841 3063 910 3102 Legi
926 3062 1021 3102 possit
1037 3061 1081 3102 ἐφ’
1101 3062 1225 3092 ἑαυτοῦ.
1240 3063 1286 3092 De
1299 3070 1333 3092 re
1347 3063 1388 3095 cs.
1404 3064 1464 3095 Dio
1481 3063 1654 3104 (Xiphilin.
1668 3064 1679 3104 )
1694 3066 1758 3096 LX!
1773 3088 1782 3103 ,
1797 3067 1814 3095 4
1829 3073 1874 3103 sq.
1890 3063 2009 3094 Deinde
2023 3071 2099 3094 vero
2111 3071 2186 3094 cum
2200 3065 2316 3095 Nostro

180 3109 418 3150 componendus
433 3110 601 3150 Eutropius
617 3112 694 3147 VH,
713 3115 731 3142 9
751 3123 758 3142 :
777 3111 943 3142 Successit
957 3109 1037 3141 huic
1052 3110 1156 3144 Nero,
1226 3110 1286 3149 qui
1300 3110 1481 3150 imperium
1496 3113 1688 3142 Romanum
1701 3112 1735 3142 et
1749 3110 1959 3149 deformavit
1975 3112 2008 3141 et
2026 3109 2196 3142 diminuit
2209 3119 2220 3140 .-
2235 3112 2315 3142 inu-

179 3158 295 3190 sitatae
309 3156 461 3187 luxuriae
473 3158 755 3196 sumptuumque,
772 3158 812 3188 ut
826 3158 886 3197 qui
905 3155 1058 3195 exemplo
1076 3155 1149 3195 Cajl
1167 3155 1333 3195 Galiqulae
1345 3157 1469 3189 calidis
1483 3159 1515 3189 et
1529 3157 1676 3197 sriyidis
1690 3157 1825 3189 lavaret
1839 3158 2039 3198 unquentis,
2054 3156 2186 3188 retibus
2199 3159 2316 3188 aureis

180 3205 387 3245 piscaretur,
403 3211 480 3243 quoe
495 3202 631 3234 blatteis
648 3202 798 3242 funibus
811 3202 1025 3234 extrahebat.
1045 3202 1056 3242 (
1068 3202 1247 3242 Infinitum
1267 3205 1404 3243 partem
1416 3205 1558 3235 senatus
1572 3203 1764 3244 interfecit3
1780 3204 1875 3235 bonis
1897 3202 2054 3234 omnibus
2079 3202 2186 3234 hostis
2201 3202 2314 3242 fuit.)

181 3250 232 3283 Ad
247 3251 454 3290 postremum
470 3256 505 3280 se
528 3250 626 3281 tanto
647 3248 806 3281 dedecore
821 3251 1020 3290 prostituit,
1039 3251 1079 3281 ut
1101 3249 1248 3282 saltaret
1261 3252 1295 3282 et
1307 3251 1466 3282 cantaret
1480 3251 1517 3281 in
1531 3259 1632 3283 scena
1643 3276 1651 3290 ‚
1666 3251 1886 3283 citharoedico
1903 3249 2026 3281 habitu
2043 3249 2095 3280 vet
2111 3249 2251 3287 traqico.
2276 3268 2317 3274 —

181 3293 380 3335 ζηλοῦντι]
396 3296 469 3326 Post
486 3294 568 3325 hane
584 3303 695 3327 vocem
711 3295 864 3328 excidisse
879 3295 1005 3327 videtur
1018 3296 1218 3327 accusativus
1230 3296 1360 3337 aliquis;
1375 3297 1434 3329 nisi
1452 3296 1545 3328 scribi
1560 3298 1638 3329 velis
1650 3299 1706 3329 aut
1719 3298 1774 3335 τήν
1787 3297 1982 3328 πολυτέλειαν
1996 3297 2056 3326 ete.
2069 3319 2076 3333 ‚
2090 3295 2146 3325 aut
2158 3297 2210 3331 τῆς
2223 3295 2316 3325 πολυ·

181 3342 296 3379 τελείας
319 3353 351 3373 κ.
378 3341 404 3373 ἐ.
427 3342 479 3373 τὸν
509 3342 695 3382 Καλιγόλαν.
719 3343 769 3374 Cf.
802 3343 859 3374 Dio
882 3344 950 3374 LX!
961 3366 970 3381 ,
995 3347 1012 3373 5
1040 3354 1047 3373 :
1073 3344 1113 3378 ὡς
1141 3342 1166 3374 δ’
1184 3343 1266 3379 ἅπαξ
1287 3345 1423 3380 ζηλῶσαι
1446 3342 1538 3374 αὐτὸν
1562 3343 1780 3384 (Caligulam)
1811 3342 1983 3382 ἐπεθύμησε
1995 3365 2003 3380 ,
2023 3342 2076 3372 καὶ
2098 3339 2311 3380 ὑπερεῧάλετο.

181 3406 223 3412 -
246 3389 282 3426 ἐς
306 3388 422 3420 τοῦτό
445 3399 485 3429 γε
508 3388 599 3430 κτλ]
620 3392 770 3431 excerpta
791 3399 831 3422 ex
854 3392 947 3422 Dion.
973 3392 1038 3422 LXI
1051 3414 1059 3430 ,
1085 3393 1117 3422 17
1140 3399 1187 3430 sq.
1212 3411 1249 3417 -
1279 3388 1539 3431 ὁπλομαχεῖν]
1569 3391 1756 3429 μονομαχεῖν
1779 3397 1843 3421 sec.
1861 3389 1953 3420 Dion.
1974 3396 2004 3419 c.
2035 3389 2083 3427 17,
2108 3396 2141 3427 p,
2163 3389 2236 3426 997,
2263 3387 2316 3418 42.
