<?xml version="1.0" encoding="UTF-8"?>
<!DOCTYPE html PUBLIC "-//W3C//DTD XHTML 1.0 Transitional//EN"
    "http://www.w3.org/TR/xhtml1/DTD/xhtml1-transitional.dtd">
<html xmlns="http://www.w3.org/1999/xhtml" xml:lang="en" lang="en">
 <head>
  <title>
</title>
<meta http-equiv="Content-Type" content="text/html;charset=utf-8" />
  <meta name='ocr-system' content='tesseract 3.04.00' />
  <meta name='ocr-capabilities' content='ocr_page ocr_carea ocr_par ocr_line ocrx_word'/>
</head>
<body>
  <div class='ocr_page' id='page_1' title='image "./fragmentahistori04mueluoft_0357.png"; bbox 0 0 2372 3704; ppageno 0'>
   <div class='ocr_carea' id='block_1_1' title="bbox 170 232 2322 295">
    <p class='ocr_par' dir='ltr' id='par_1_1' title="bbox 170 232 2322 295">
     <span class='ocr_line' id='line_1_1' title="bbox 170 232 2322 295; baseline 0.009 -21"><span class='ocrx_word' id='word_1_1' title='bbox 170 232 529 282; x_wconf 80' lang='lat' dir='ltr'><strong>ATHENICONJS‚</strong></span> <span class='ocrx_word' id='word_1_2' title='bbox 552 232 890 286; x_wconf 76' lang='lat' dir='ltr'><strong>ATHENOCLJS‚</strong></span> <span class='ocrx_word' id='word_1_3' title='bbox 915 235 1496 292; x_wconf 66' lang='lat' dir='ltr'><strong>ATHEN0n0a1,AucEAE‚</strong></span> <span class='ocrx_word' id='word_1_4' title='bbox 1519 244 1826 286; x_wconf 70' lang='lat' dir='ltr'><strong>AUTEsloms</strong></span> <span class='ocrx_word' id='word_1_5' title='bbox 1850 249 2259 295; x_wconf 68' lang='lat' dir='ltr'><strong>FRAGMENTA.345</strong></span> <span class='ocrx_word' id='word_1_6' title='bbox 2320 281 2322 283; x_wconf 80' lang='lat'><strong>.</strong></span> 
     </span>
    </p>
   </div>
   <div class='ocr_carea' id='block_1_2' title="bbox 399 349 846 523">
    <p class='ocr_par' dir='ltr' id='par_1_2' title="bbox 399 349 846 523">
     <span class='ocr_line' id='line_1_2' title="bbox 399 349 846 407; baseline 0.002 -1"><span class='ocrx_word' id='word_1_7' title='bbox 399 349 846 407; x_wconf 85' lang='lat' dir='ltr'><strong>ATHENICON.</strong></span> 
     </span>
     <span class='ocr_line' id='line_1_3' title="bbox 431 467 821 523; baseline 0 -17"><span class='ocrx_word' id='word_1_8' title='bbox 431 467 821 523; x_wconf 73' lang='grc' dir='ltr'><strong>ΣΑΜΟΘΡᾼΚΙΚΑ.</strong></span> 
     </span>
    </p>
   </div>
   <div class='ocr_carea' id='block_1_3' title="bbox 613 562 643 584">
    <p class='ocr_par' dir='ltr' id='par_1_3' title="bbox 613 562 643 584">
     <span class='ocr_line' id='line_1_4' title="bbox 613 562 643 584; baseline 0 0"><span class='ocrx_word' id='word_1_9' title='bbox 613 562 643 584; x_wconf 82' lang='lat'><strong>1.</strong></span> 
     </span>
    </p>
   </div>
   <div class='ocr_carea' id='block_1_4' title="bbox 96 613 1151 1893">
    <p class='ocr_par' dir='ltr' id='par_1_4' title="bbox 99 613 1150 964">
     <span class='ocr_line' id='line_1_5' title="bbox 153 613 1146 671; baseline 0.002 -14"><span class='ocrx_word' id='word_1_10' title='bbox 153 613 282 658; x_wconf 86' lang='lat' dir='ltr'><strong>Schol.</strong></span> <span class='ocrx_word' id='word_1_11' title='bbox 309 620 397 657; x_wconf 89' lang='lat' dir='ltr'><strong>cod.</strong></span> <span class='ocrx_word' id='word_1_12' title='bbox 431 619 547 656; x_wconf 88' lang='lat' dir='ltr'><strong>Paris.</strong></span> <span class='ocrx_word' id='word_1_13' title='bbox 579 619 629 656; x_wconf 87' lang='lat' dir='ltr'><strong>ad</strong></span> <span class='ocrx_word' id='word_1_14' title='bbox 662 621 843 669; x_wconf 87' lang='lat' dir='ltr'><strong>Apollon.</strong></span> <span class='ocrx_word' id='word_1_15' title='bbox 873 622 944 658; x_wconf 89' lang='lat' dir='ltr'><strong>Rh.</strong></span> <span class='ocrx_word' id='word_1_16' title='bbox 967 623 1006 668; x_wconf 91' lang='grc' dir='ltr'><strong>Ι,</strong></span> <span class='ocrx_word' id='word_1_17' title='bbox 1029 636 1103 671; x_wconf 92' lang='lat'><strong>917</strong></span> <span class='ocrx_word' id='word_1_18' title='bbox 1139 638 1146 659; x_wconf 83' lang='lat'>2</span> 
     </span>
     <span class='ocr_line' id='line_1_6' title="bbox 100 670 1150 731; baseline 0.002 -14"><span class='ocrx_word' id='word_1_19' title='bbox 100 677 287 726; x_wconf 82' lang='grc' dir='ltr'>Ἀθηνικῶν</span> <span class='ocrx_word' id='word_1_20' title='bbox 307 677 344 716; x_wconf 86' lang='grc' dir='ltr'><strong>δέ</strong></span> <span class='ocrx_word' id='word_1_21' title='bbox 363 692 447 731; x_wconf 84' lang='grc' dir='ltr'>φησι</span> <span class='ocrx_word' id='word_1_22' title='bbox 468 676 528 715; x_wconf 86' lang='grc' dir='ltr'><strong>δύο</strong></span> <span class='ocrx_word' id='word_1_23' title='bbox 547 670 636 715; x_wconf 67' lang='grc' dir='ltr'>εἶναι</span> <span class='ocrx_word' id='word_1_24' title='bbox 655 677 734 720; x_wconf 82' lang='grc' dir='ltr'>τοὺς</span> <span class='ocrx_word' id='word_1_25' title='bbox 755 678 948 730; x_wconf 72' lang='grc' dir='ltr'>Καὸείρους</span> <span class='ocrx_word' id='word_1_26' title='bbox 967 681 1150 731; x_wconf 87' lang='grc' dir='ltr'>γεγονότας</span> 
     </span>
     <span class='ocr_line' id='line_1_7' title="bbox 101 733 1149 791; baseline 0.003 -16"><span class='ocrx_word' id='word_1_27' title='bbox 101 736 193 781; x_wconf 77' lang='grc' dir='ltr'>υἱοὺς</span> <span class='ocrx_word' id='word_1_28' title='bbox 208 736 288 782; x_wconf 80' lang='grc' dir='ltr'>Διὸς</span> <span class='ocrx_word' id='word_1_29' title='bbox 306 735 367 775; x_wconf 78' lang='grc' dir='ltr'><strong>καὶ</strong></span> <span class='ocrx_word' id='word_1_30' title='bbox 382 735 577 788; x_wconf 80' lang='grc' dir='ltr'>Ἠλέκτρας</span> <span class='ocrx_word' id='word_1_31' title='bbox 595 738 655 783; x_wconf 75' lang='grc' dir='ltr'><strong>τῆς</strong></span> <span class='ocrx_word' id='word_1_32' title='bbox 674 733 878 785; x_wconf 81' lang='grc' dir='ltr'>Ἄτλαντος,</span> <span class='ocrx_word' id='word_1_33' title='bbox 895 738 1073 791; x_wconf 85' lang='grc' dir='ltr'>Δάρδανον</span> <span class='ocrx_word' id='word_1_34' title='bbox 1090 742 1149 778; x_wconf 80' lang='grc' dir='ltr'><strong>καὶ</strong></span> 
     </span>
     <span class='ocr_line' id='line_1_8' title="bbox 100 793 1148 851; baseline 0.003 -18"><span class='ocrx_word' id='word_1_35' title='bbox 100 795 280 835; x_wconf 83' lang='grc' dir='ltr'>Ἰασίωνα.</span> <span class='ocrx_word' id='word_1_36' title='bbox 312 794 508 846; x_wconf 74' lang='grc' dir='ltr'>Καὸείρους</span> <span class='ocrx_word' id='word_1_37' title='bbox 539 793 575 832; x_wconf 82' lang='grc' dir='ltr'><strong>δὲ</strong></span> <span class='ocrx_word' id='word_1_38' title='bbox 603 796 839 845; x_wconf 76' lang='grc' dir='ltr'>ὀνομασθῆναι</span> <span class='ocrx_word' id='word_1_39' title='bbox 870 796 940 835; x_wconf 83' lang='grc' dir='ltr'><strong>ἀπὸ</strong></span> <span class='ocrx_word' id='word_1_40' title='bbox 970 797 1148 851; x_wconf 77' lang='grc' dir='ltr'>Καὸείρου</span> 
     </span>
     <span class='ocr_line' id='line_1_9' title="bbox 99 853 1148 909; baseline 0.002 -17"><span class='ocrx_word' id='word_1_41' title='bbox 99 853 197 907; x_wconf 85' lang='grc' dir='ltr'>ὄρους</span> <span class='ocrx_word' id='word_1_42' title='bbox 231 855 266 892; x_wconf 82' lang='grc' dir='ltr'>ἐν</span> <span class='ocrx_word' id='word_1_43' title='bbox 296 853 459 907; x_wconf 68' lang='grc' dir='ltr'>Φρυγίᾳ,</span> <span class='ocrx_word' id='word_1_44' title='bbox 487 854 562 891; x_wconf 80' lang='grc' dir='ltr'>ὅθεν</span> <span class='ocrx_word' id='word_1_45' title='bbox 595 855 641 898; x_wconf 87' lang='grc' dir='ltr'><strong>εἷς</strong></span> <span class='ocrx_word' id='word_1_46' title='bbox 674 854 907 908; x_wconf 75' lang='grc' dir='ltr'>Σαμοθρᾴκην</span> <span class='ocrx_word' id='word_1_47' title='bbox 938 857 1148 909; x_wconf 76' lang='grc' dir='ltr'>μετηνέχθη-</span> 
     </span>
     <span class='ocr_line' id='line_1_10' title="bbox 100 914 834 964; baseline 0.004 -13"><span class='ocrx_word' id='word_1_48' title='bbox 100 928 176 952; x_wconf 85' lang='grc' dir='ltr'>σαν.</span> <span class='ocrx_word' id='word_1_49' title='bbox 193 917 238 953; x_wconf 91' lang='lat' dir='ltr'><strong>V.</strong></span> <span class='ocrx_word' id='word_1_50' title='bbox 257 915 428 951; x_wconf 86' lang='lat' dir='ltr'><strong>Lobeck.</strong></span> <span class='ocrx_word' id='word_1_51' title='bbox 450 914 636 963; x_wconf 85' lang='lat' dir='ltr'><strong>Aglaoph.</strong></span> <span class='ocrx_word' id='word_1_52' title='bbox 656 928 697 964; x_wconf 84' lang='lat' dir='ltr'><strong>p.</strong></span> <span class='ocrx_word' id='word_1_53' title='bbox 721 927 834 954; x_wconf 84' lang='lat'><strong>1220.</strong></span> 
     </span>
    </p>

    <p class='ocr_par' dir='ltr' id='par_1_5' title="bbox 96 971 1151 1847">
     <span class='ocr_line' id='line_1_11' title="bbox 154 971 1148 1027; baseline 0.001 -15"><span class='ocrx_word' id='word_1_54' title='bbox 154 972 366 1024; x_wconf 85' lang='grc' dir='ltr'>Ἀθηνικῶν]</span> <span class='ocrx_word' id='word_1_55' title='bbox 382 971 545 1019; x_wconf 83' lang='grc' dir='ltr'>Ἀθηνίων</span> <span class='ocrx_word' id='word_1_56' title='bbox 560 974 675 1012; x_wconf 90' lang='lat' dir='ltr'><strong>codd.</strong></span> <span class='ocrx_word' id='word_1_57' title='bbox 698 975 797 1011; x_wconf 87' lang='lat' dir='ltr'><strong>sicut</strong></span> <span class='ocrx_word' id='word_1_58' title='bbox 808 976 848 1011; x_wconf 89' lang='lat' dir='ltr'><strong>in</strong></span> <span class='ocrx_word' id='word_1_59' title='bbox 864 978 1036 1024; x_wconf 81' lang='lat' dir='ltr'><strong>sequenti</strong></span> <span class='ocrx_word' id='word_1_60' title='bbox 1051 977 1148 1027; x_wconf 87' lang='lat' dir='ltr'><strong>frag-</strong></span> 
     </span>
     <span class='ocr_line' id='line_1_12' title="bbox 98 1032 1147 1085; baseline 0.003 -15"><span class='ocrx_word' id='word_1_61' title='bbox 98 1041 242 1078; x_wconf 78' lang='lat' dir='ltr'><strong>mento.</strong></span> <span class='ocrx_word' id='word_1_62' title='bbox 265 1035 315 1070; x_wconf 91' lang='lat' dir='ltr'><strong>At</strong></span> <span class='ocrx_word' id='word_1_63' title='bbox 333 1045 396 1082; x_wconf 88' lang='lat' dir='ltr'><strong>ap.</strong></span> <span class='ocrx_word' id='word_1_64' title='bbox 413 1033 675 1069; x_wconf 87' lang='lat' dir='ltr'><strong>Herodianum</strong></span> <span class='ocrx_word' id='word_1_65' title='bbox 694 1032 782 1085; x_wconf 83' lang='grc' dir='ltr'>Περὶ</span> <span class='ocrx_word' id='word_1_66' title='bbox 803 1049 880 1083; x_wconf 86' lang='grc' dir='ltr'>μον.</span> <span class='ocrx_word' id='word_1_67' title='bbox 901 1033 969 1079; x_wconf 85' lang='grc' dir='ltr'>λεξ.</span> <span class='ocrx_word' id='word_1_68' title='bbox 986 1049 1026 1085; x_wconf 93' lang='lat' dir='ltr'><strong>p.</strong></span> <span class='ocrx_word' id='word_1_69' title='bbox 1054 1050 1113 1084; x_wconf 90' lang='lat'><strong>10,</strong></span> <span class='ocrx_word' id='word_1_70' title='bbox 1126 1050 1147 1073; x_wconf 80' lang='lat'><strong>2</strong></span> 
     </span>
     <span class='ocr_line' id='line_1_13' title="bbox 99 1091 1150 1132; baseline 0.004 -4"><span class='ocrx_word' id='word_1_71' title='bbox 99 1094 198 1128; x_wconf 89' lang='lat' dir='ltr'><strong>inter</strong></span> <span class='ocrx_word' id='word_1_72' title='bbox 226 1092 384 1128; x_wconf 87' lang='lat' dir='ltr'><strong>nomina</strong></span> <span class='ocrx_word' id='word_1_73' title='bbox 413 1092 454 1126; x_wconf 92' lang='lat' dir='ltr'><strong>in</strong></span> <span class='ocrx_word' id='word_1_74' title='bbox 482 1091 530 1128; x_wconf 84' lang='grc' dir='ltr'>ῶν</span> <span class='ocrx_word' id='word_1_75' title='bbox 563 1099 600 1128; x_wconf 89' lang='lat' dir='ltr'><strong>et</strong></span> <span class='ocrx_word' id='word_1_76' title='bbox 631 1092 701 1128; x_wconf 82' lang='grc' dir='ltr'>κῶν</span> <span class='ocrx_word' id='word_1_77' title='bbox 733 1093 942 1130; x_wconf 81' lang='lat' dir='ltr'>desinentia</span> <span class='ocrx_word' id='word_1_78' title='bbox 972 1095 1150 1132; x_wconf 89' lang='lat' dir='ltr'><strong>laudatur</strong></span> 
     </span>
     <span class='ocr_line' id='line_1_14' title="bbox 100 1147 1150 1204; baseline 0.003 -16"><span class='ocrx_word' id='word_1_79' title='bbox 100 1149 349 1197; x_wconf 85' lang='grc' dir='ltr'>Ἀθηνακῶν</span> <span class='ocrx_word' id='word_1_80' title='bbox 384 1150 402 1186; x_wconf 83' lang='grc' dir='ltr'>ὅ</span> <span class='ocrx_word' id='word_1_81' title='bbox 433 1147 486 1186; x_wconf 80' lang='grc' dir='ltr'><strong>τὰ</strong></span> <span class='ocrx_word' id='word_1_82' title='bbox 518 1148 809 1203; x_wconf 80' lang='grc' dir='ltr'>Σαμοθρᾴκια</span> <span class='ocrx_word' id='word_1_83' title='bbox 838 1150 1015 1204; x_wconf 83' lang='grc' dir='ltr'>γράψας.</span> <span class='ocrx_word' id='word_1_84' title='bbox 1051 1155 1150 1192; x_wconf 89' lang='lat' dir='ltr'><strong>Hinc</strong></span> 
     </span>
     <span class='ocr_line' id='line_1_15' title="bbox 100 1207 1150 1255; baseline 0.003 -8"><span class='ocrx_word' id='word_1_85' title='bbox 100 1207 289 1255; x_wconf 83' lang='grc' dir='ltr'>Ἀθηνικῶν</span> <span class='ocrx_word' id='word_1_86' title='bbox 309 1209 519 1245; x_wconf 89' lang='lat' dir='ltr'><strong>eruendum</strong></span> <span class='ocrx_word' id='word_1_87' title='bbox 540 1222 617 1246; x_wconf 90' lang='lat' dir='ltr'><strong>esse</strong></span> <span class='ocrx_word' id='word_1_88' title='bbox 649 1212 779 1246; x_wconf 88' lang='lat' dir='ltr'><strong>statuit</strong></span> <span class='ocrx_word' id='word_1_89' title='bbox 798 1210 845 1249; x_wconf 90' lang='lat' dir='ltr'><strong>G.</strong></span> <span class='ocrx_word' id='word_1_90' title='bbox 869 1212 1092 1249; x_wconf 86' lang='lat' dir='ltr'><strong>Dindorfius</strong></span> <span class='ocrx_word' id='word_1_91' title='bbox 1111 1215 1150 1250; x_wconf 90' lang='lat' dir='ltr'><strong>in</strong></span> 
     </span>
     <span class='ocr_line' id='line_1_16' title="bbox 99 1267 1151 1320; baseline 0.004 -16"><span class='ocrx_word' id='word_1_92' title='bbox 99 1269 394 1304; x_wconf 89' lang='lat' dir='ltr'><strong>Zimmermanni</strong></span> <span class='ocrx_word' id='word_1_93' title='bbox 413 1267 658 1317; x_wconf 88' lang='lat' dir='ltr'><strong>Ephemerid.</strong></span> <span class='ocrx_word' id='word_1_94' title='bbox 681 1270 777 1318; x_wconf 86' lang='lat' dir='ltr'><strong>phil.</strong></span> <span class='ocrx_word' id='word_1_95' title='bbox 808 1282 842 1308; x_wconf 87' lang='lat' dir='ltr'><strong>a.</strong></span> <span class='ocrx_word' id='word_1_96' title='bbox 872 1270 992 1320; x_wconf 81' lang='lat'><strong>1839,</strong></span> <span class='ocrx_word' id='word_1_97' title='bbox 1014 1272 1151 1308; x_wconf 91' lang='lat' dir='ltr'><strong>collata</strong></span> 
     </span>
     <span class='ocr_line' id='line_1_17' title="bbox 99 1327 1148 1377; baseline 0.004 -15"><span class='ocrx_word' id='word_1_98' title='bbox 99 1328 347 1376; x_wconf 85' lang='lat' dir='ltr'><strong>inscriptione</strong></span> <span class='ocrx_word' id='word_1_99' title='bbox 369 1339 415 1363; x_wconf 85' lang='lat' dir='ltr'><strong>ex</strong></span> <span class='ocrx_word' id='word_1_100' title='bbox 432 1327 586 1365; x_wconf 88' lang='lat' dir='ltr'><strong>Boeckh.</strong></span> <span class='ocrx_word' id='word_1_101' title='bbox 603 1327 718 1377; x_wconf 90' lang='lat' dir='ltr'><strong>Corp.</strong></span> <span class='ocrx_word' id='word_1_102' title='bbox 736 1329 828 1367; x_wconf 90' lang='lat' dir='ltr'><strong>insc.</strong></span> <span class='ocrx_word' id='word_1_103' title='bbox 848 1330 905 1374; x_wconf 93' lang='lat' dir='ltr'><strong>II,</strong></span> <span class='ocrx_word' id='word_1_104' title='bbox 923 1342 964 1377; x_wconf 93' lang='lat' dir='ltr'><strong>p.</strong></span> <span class='ocrx_word' id='word_1_105' title='bbox 989 1330 1148 1375; x_wconf 85' lang='lat'><strong>201‚16.</strong></span> 
     </span>
     <span class='ocr_line' id='line_1_18' title="bbox 99 1386 1149 1437; baseline 0.001 -14"><span class='ocrx_word' id='word_1_106' title='bbox 99 1387 294 1423; x_wconf 83' lang='lat' dir='ltr'><strong>Consentit</strong></span> <span class='ocrx_word' id='word_1_107' title='bbox 322 1386 487 1421; x_wconf 88' lang='lat' dir='ltr'><strong>Meinek.</strong></span> <span class='ocrx_word' id='word_1_108' title='bbox 522 1386 562 1420; x_wconf 93' lang='lat' dir='ltr'><strong>in</strong></span> <span class='ocrx_word' id='word_1_109' title='bbox 585 1387 735 1434; x_wconf 80' lang='lat' dir='ltr'><strong>Fragm.</strong></span> <span class='ocrx_word' id='word_1_110' title='bbox 767 1388 875 1423; x_wconf 90' lang='lat' dir='ltr'><strong>Com.</strong></span> <span class='ocrx_word' id='word_1_111' title='bbox 898 1389 964 1431; x_wconf 92' lang='lat' dir='ltr'><strong>IV,</strong></span> <span class='ocrx_word' id='word_1_112' title='bbox 985 1401 1024 1436; x_wconf 91' lang='lat' dir='ltr'><strong>p.</strong></span> <span class='ocrx_word' id='word_1_113' title='bbox 1056 1387 1149 1437; x_wconf 83' lang='lat'><strong>557,</strong></span> 
     </span>
     <span class='ocr_line' id='line_1_19' title="bbox 98 1444 1151 1494; baseline 0.003 -14"><span class='ocrx_word' id='word_1_114' title='bbox 98 1445 166 1480; x_wconf 91' lang='lat' dir='ltr'><strong>ubi</strong></span> <span class='ocrx_word' id='word_1_115' title='bbox 181 1457 306 1481; x_wconf 86' lang='lat' dir='ltr'><strong>sermo</strong></span> <span class='ocrx_word' id='word_1_116' title='bbox 325 1451 380 1480; x_wconf 87' lang='lat' dir='ltr'><strong>est</strong></span> <span class='ocrx_word' id='word_1_117' title='bbox 404 1444 450 1479; x_wconf 86' lang='lat' dir='ltr'><strong>de</strong></span> <span class='ocrx_word' id='word_1_118' title='bbox 466 1444 704 1480; x_wconf 89' lang='lat' dir='ltr'><strong>Athenicone</strong></span> <span class='ocrx_word' id='word_1_119' title='bbox 718 1453 835 1493; x_wconf 88' lang='lat' dir='ltr'><strong>poeta</strong></span> <span class='ocrx_word' id='word_1_120' title='bbox 855 1447 1020 1491; x_wconf 91' lang='lat' dir='ltr'><strong>comico,</strong></span> <span class='ocrx_word' id='word_1_121' title='bbox 1037 1459 1151 1494; x_wconf 88' lang='lat' dir='ltr'><strong>quem</strong></span> 
     </span>
     <span class='ocr_line' id='line_1_20' title="bbox 98 1501 1146 1553; baseline 0.002 -14"><span class='ocrx_word' id='word_1_122' title='bbox 98 1516 144 1539; x_wconf 86' lang='lat' dir='ltr'><strong>ex</strong></span> <span class='ocrx_word' id='word_1_123' title='bbox 156 1501 258 1540; x_wconf 82' lang='lat' dir='ltr'><strong>Juba</strong></span> <span class='ocrx_word' id='word_1_124' title='bbox 270 1510 457 1539; x_wconf 87' lang='lat' dir='ltr'><strong>memorat</strong></span> <span class='ocrx_word' id='word_1_125' title='bbox 474 1515 571 1538; x_wconf 90' lang='lat' dir='ltr'><strong>unus</strong></span> <span class='ocrx_word' id='word_1_126' title='bbox 583 1503 784 1539; x_wconf 85' lang='lat' dir='ltr'><strong>Athenaeus</strong></span> <span class='ocrx_word' id='word_1_127' title='bbox 799 1505 903 1552; x_wconf 82' lang='lat' dir='ltr'><strong>XIV,</strong></span> <span class='ocrx_word' id='word_1_128' title='bbox 919 1517 959 1553; x_wconf 90' lang='lat' dir='ltr'><strong>p.</strong></span> <span class='ocrx_word' id='word_1_129' title='bbox 982 1505 1073 1550; x_wconf 88' lang='lat'><strong>660,</strong></span> <span class='ocrx_word' id='word_1_130' title='bbox 1093 1507 1121 1541; x_wconf 89' lang='lat' dir='ltr'>E</span> <span class='ocrx_word' id='word_1_131' title='bbox 1139 1519 1146 1541; x_wconf 75' lang='grc' dir='ltr'>ε</span> 
     </span>
     <span class='ocr_line' id='line_1_21' title="bbox 99 1559 1151 1614; baseline 0.002 -14"><span class='ocrx_word' id='word_1_132' title='bbox 99 1561 172 1600; x_wconf 80' lang='grc' dir='ltr'><strong>Καὶ</strong></span> <span class='ocrx_word' id='word_1_133' title='bbox 207 1559 412 1606; x_wconf 81' lang='grc' dir='ltr'>Ἀθηνίων</span> <span class='ocrx_word' id='word_1_134' title='bbox 444 1561 478 1598; x_wconf 82' lang='grc' dir='ltr'>ἐν</span> <span class='ocrx_word' id='word_1_135' title='bbox 515 1559 802 1614; x_wconf 74' lang='grc' dir='ltr'>Σαμόθρᾳξιν,</span> <span class='ocrx_word' id='word_1_136' title='bbox 838 1561 884 1605; x_wconf 84' lang='grc' dir='ltr'><strong>ὥς</strong></span> <span class='ocrx_word' id='word_1_137' title='bbox 918 1577 1001 1613; x_wconf 72' lang='grc' dir='ltr'>φησι</span> <span class='ocrx_word' id='word_1_138' title='bbox 1035 1562 1151 1607; x_wconf 71' lang='grc' dir='ltr'>Ἰόὸας</span> 
     </span>
     <span class='ocr_line' id='line_1_22' title="bbox 100 1619 1151 1672; baseline 0.002 -15"><span class='ocrx_word' id='word_1_139' title='bbox 100 1620 112 1665; x_wconf 90' lang='grc'>(</span> <span class='ocrx_word' id='word_1_140' title='bbox 122 1621 241 1671; x_wconf 78' lang='lat' dir='ltr'><strong>fr.82)</strong></span> <span class='ocrx_word' id='word_1_141' title='bbox 261 1619 424 1671; x_wconf 88' lang='grc' dir='ltr'>μάγειρον</span> <span class='ocrx_word' id='word_1_142' title='bbox 445 1619 578 1670; x_wconf 79' lang='grc' dir='ltr'>εἰσάγει</span> <span class='ocrx_word' id='word_1_143' title='bbox 591 1620 862 1672; x_wconf 79' lang='grc' dir='ltr'>φυσιολογοῦντα</span> <span class='ocrx_word' id='word_1_144' title='bbox 879 1621 955 1658; x_wconf 85' lang='grc' dir='ltr'>κτλ.</span> <span class='ocrx_word' id='word_1_145' title='bbox 974 1623 1151 1659; x_wconf 89' lang='lat' dir='ltr'><strong>Ceterum</strong></span> 
     </span>
     <span class='ocr_line' id='line_1_23' title="bbox 96 1679 1146 1730; baseline 0.002 -14"><span class='ocrx_word' id='word_1_146' title='bbox 96 1679 265 1716; x_wconf 82' lang='lat' dir='ltr'><strong>fabulam</strong></span> <span class='ocrx_word' id='word_1_147' title='bbox 297 1680 408 1715; x_wconf 86' lang='lat' dir='ltr'><strong>istam</strong></span> <span class='ocrx_word' id='word_1_148' title='bbox 434 1693 513 1715; x_wconf 91' lang='lat' dir='ltr'><strong>non</strong></span> <span class='ocrx_word' id='word_1_149' title='bbox 543 1680 735 1728; x_wconf 87' lang='lat' dir='ltr'><strong>pertinere</strong></span> <span class='ocrx_word' id='word_1_150' title='bbox 763 1680 811 1716; x_wconf 92' lang='lat' dir='ltr'><strong>ad</strong></span> <span class='ocrx_word' id='word_1_151' title='bbox 838 1693 882 1716; x_wconf 91' lang='lat' dir='ltr'><strong>ea</strong></span> <span class='ocrx_word' id='word_1_152' title='bbox 912 1694 994 1730; x_wconf 87' lang='lat' dir='ltr'><strong>quae</strong></span> <span class='ocrx_word' id='word_1_153' title='bbox 1025 1683 1146 1718; x_wconf 88' lang='lat' dir='ltr'><strong>schol.</strong></span> 
     </span>
     <span class='ocr_line' id='line_1_24' title="bbox 96 1738 1149 1787; baseline 0.001 -12"><span class='ocrx_word' id='word_1_154' title='bbox 96 1740 278 1787; x_wconf 89' lang='lat' dir='ltr'><strong>Apollon.</strong></span> <span class='ocrx_word' id='word_1_155' title='bbox 300 1738 408 1775; x_wconf 87' lang='lat' dir='ltr'><strong>affert</strong></span> <span class='ocrx_word' id='word_1_156' title='bbox 426 1751 485 1775; x_wconf 84' lang='lat' dir='ltr'><strong>res</strong></span> <span class='ocrx_word' id='word_1_157' title='bbox 505 1740 588 1787; x_wconf 89' lang='lat' dir='ltr'><strong>ipsa</strong></span> <span class='ocrx_word' id='word_1_158' title='bbox 611 1739 774 1775; x_wconf 87' lang='lat' dir='ltr'><strong>clamare</strong></span> <span class='ocrx_word' id='word_1_159' title='bbox 793 1739 956 1775; x_wconf 86' lang='lat' dir='ltr'><strong>videtur.</strong></span> <span class='ocrx_word' id='word_1_160' title='bbox 986 1742 1029 1778; x_wconf 89' lang='lat' dir='ltr'><strong>V.</strong></span> <span class='ocrx_word' id='word_1_161' title='bbox 1051 1742 1149 1777; x_wconf 79' lang='lat' dir='ltr'><strong>Mei-</strong></span> 
     </span>
     <span class='ocr_line' id='line_1_25' title="bbox 96 1797 512 1847; baseline 0.007 -15"><span class='ocrx_word' id='word_1_162' title='bbox 96 1797 182 1834; x_wconf 86' lang='lat' dir='ltr'><strong>nek.</strong></span> <span class='ocrx_word' id='word_1_163' title='bbox 203 1798 229 1833; x_wconf 92' lang='lat' dir='ltr'><strong>l.</strong></span> <span class='ocrx_word' id='word_1_164' title='bbox 252 1798 278 1833; x_wconf 88' lang='lat' dir='ltr'><strong>l.</strong></span> <span class='ocrx_word' id='word_1_165' title='bbox 300 1799 337 1843; x_wconf 93' lang='lat' dir='ltr'><strong>I,</strong></span> <span class='ocrx_word' id='word_1_166' title='bbox 355 1811 395 1846; x_wconf 92' lang='lat' dir='ltr'><strong>p.</strong></span> <span class='ocrx_word' id='word_1_167' title='bbox 424 1797 512 1847; x_wconf 73' lang='grc'>489.</span> 
     </span>
    </p>

    <p class='ocr_par' dir='ltr' id='par_1_6' title="bbox 605 1869 638 1893">
     <span class='ocr_line' id='line_1_26' title="bbox 605 1869 638 1893; baseline 0.03 -1"><span class='ocrx_word' id='word_1_168' title='bbox 605 1869 638 1893; x_wconf 80' lang='lat'><strong>2.</strong></span> 
     </span>
    </p>
   </div>
   <div class='ocr_carea' id='block_1_5' title="bbox 80 1926 1150 2446">
    <p class='ocr_par' dir='ltr' id='par_1_7' title="bbox 80 1926 1150 2446">
     <span class='ocr_line' id='line_1_27' title="bbox 150 1926 1150 1975; baseline 0.003 -12"><span class='ocrx_word' id='word_1_169' title='bbox 150 1928 277 1966; x_wconf 88' lang='lat' dir='ltr'><strong>Schol.</strong></span> <span class='ocrx_word' id='word_1_170' title='bbox 305 1929 419 1964; x_wconf 87' lang='lat' dir='ltr'><strong>Hom.</strong></span> <span class='ocrx_word' id='word_1_171' title='bbox 441 1928 486 1964; x_wconf 93' lang='lat' dir='ltr'><strong>ll.</strong></span> <span class='ocrx_word' id='word_1_172' title='bbox 510 1928 566 1973; x_wconf 88' lang='grc' dir='ltr'><strong>ΙΙ,</strong></span> <span class='ocrx_word' id='word_1_173' title='bbox 597 1927 672 1973; x_wconf 90' lang='lat'><strong>718</strong></span> <span class='ocrx_word' id='word_1_174' title='bbox 694 1940 701 1962; x_wconf 73' lang='grc' dir='ltr'>ε</span> <span class='ocrx_word' id='word_1_175' title='bbox 731 1926 914 1973; x_wconf 82' lang='grc' dir='ltr'>Δύμαντος</span> <span class='ocrx_word' id='word_1_176' title='bbox 934 1927 993 1964; x_wconf 80' lang='grc' dir='ltr'><strong>καὶ</strong></span> <span class='ocrx_word' id='word_1_177' title='bbox 1014 1927 1150 1975; x_wconf 83' lang='grc' dir='ltr'>Εὐνόης</span> 
     </span>
     <span class='ocr_line' id='line_1_28' title="bbox 80 1982 1148 2037; baseline 0.003 -17"><span class='ocrx_word' id='word_1_178' title='bbox 80 1982 234 2035; x_wconf 75' lang='grc' dir='ltr'>,νύμφης</span> <span class='ocrx_word' id='word_1_179' title='bbox 254 1985 328 2037; x_wconf 88' lang='lat' dir='ltr'><strong>(sc.</strong></span> <span class='ocrx_word' id='word_1_180' title='bbox 352 1983 490 2030; x_wconf 72' lang='grc' dir='ltr'>Ἑκάὸη</span> <span class='ocrx_word' id='word_1_181' title='bbox 511 1983 647 2035; x_wconf 82' lang='grc' dir='ltr'>ἐστιν),</span> <span class='ocrx_word' id='word_1_182' title='bbox 674 1985 720 2027; x_wconf 82' lang='grc' dir='ltr'><strong>ὡς</strong></span> <span class='ocrx_word' id='word_1_183' title='bbox 739 1983 940 2035; x_wconf 83' lang='grc' dir='ltr'>Φερεκύδης</span> <span class='ocrx_word' id='word_1_184' title='bbox 953 2000 961 2008; x_wconf 95' lang='grc'>·</span> <span class='ocrx_word' id='word_1_185' title='bbox 984 1984 1148 2031; x_wconf 82' lang='grc' dir='ltr'>Ἀθηνίων</span> 
     </span>
     <span class='ocr_line' id='line_1_29' title="bbox 98 2041 1146 2093; baseline 0.001 -13"><span class='ocrx_word' id='word_1_186' title='bbox 98 2041 134 2080; x_wconf 86' lang='grc' dir='ltr'><strong>δὲ</strong></span> <span class='ocrx_word' id='word_1_187' title='bbox 148 2072 159 2093; x_wconf 86' lang='lat'><strong>,</strong></span> <span class='ocrx_word' id='word_1_188' title='bbox 181 2042 341 2086; x_wconf 83' lang='grc' dir='ltr'>Κισσέως</span> <span class='ocrx_word' id='word_1_189' title='bbox 359 2042 418 2081; x_wconf 82' lang='grc' dir='ltr'><strong>καὶ</strong></span> <span class='ocrx_word' id='word_1_190' title='bbox 434 2041 663 2088; x_wconf 87' lang='grc' dir='ltr'>Τηλεκλείας.</span> <span class='ocrx_word' id='word_1_191' title='bbox 683 2045 776 2090; x_wconf 80' lang='lat' dir='ltr'><strong>Quae</strong></span> <span class='ocrx_word' id='word_1_192' title='bbox 794 2045 1011 2080; x_wconf 87' lang='lat' dir='ltr'><strong>Eustathius</strong></span> <span class='ocrx_word' id='word_1_193' title='bbox 1031 2045 1079 2080; x_wconf 86' lang='lat' dir='ltr'><strong>ad</strong></span> <span class='ocrx_word' id='word_1_194' title='bbox 1099 2046 1146 2082; x_wconf 92' lang='lat' dir='ltr'><strong>Il.</strong></span> 
     </span>
     <span class='ocr_line' id='line_1_30' title="bbox 98 2102 1148 2155; baseline 0.001 -16"><span class='ocrx_word' id='word_1_195' title='bbox 98 2115 137 2151; x_wconf 90' lang='lat' dir='ltr'><strong>p.</strong></span> <span class='ocrx_word' id='word_1_196' title='bbox 165 2102 277 2150; x_wconf 86' lang='lat'><strong>1083,</strong></span> <span class='ocrx_word' id='word_1_197' title='bbox 298 2116 312 2138; x_wconf 93' lang='lat'>1</span> <span class='ocrx_word' id='word_1_198' title='bbox 330 2104 501 2151; x_wconf 85' lang='lat' dir='ltr'><strong>corrupit</strong></span> <span class='ocrx_word' id='word_1_199' title='bbox 519 2103 620 2138; x_wconf 89' lang='lat' dir='ltr'><strong>hunc</strong></span> <span class='ocrx_word' id='word_1_200' title='bbox 640 2103 681 2137; x_wconf 90' lang='lat' dir='ltr'><strong>in</strong></span> <span class='ocrx_word' id='word_1_201' title='bbox 692 2103 851 2139; x_wconf 86' lang='lat' dir='ltr'><strong>modum</strong></span> <span class='ocrx_word' id='word_1_202' title='bbox 869 2117 875 2138; x_wconf 77' lang='lat' dir='ltr'><strong>t</strong></span> <span class='ocrx_word' id='word_1_203' title='bbox 898 2102 1088 2155; x_wconf 82' lang='grc' dir='ltr'>Εὐριπίδης</span> <span class='ocrx_word' id='word_1_204' title='bbox 1100 2102 1148 2150; x_wconf 77' lang='grc' dir='ltr'><strong>δὲ,</strong></span> 
     </span>
     <span class='ocr_line' id='line_1_31' title="bbox 99 2158 1148 2212; baseline 0 -15"><span class='ocrx_word' id='word_1_205' title='bbox 99 2159 206 2212; x_wconf 74' lang='grc' dir='ltr'>φασὶ,</span> <span class='ocrx_word' id='word_1_206' title='bbox 237 2159 296 2198; x_wconf 76' lang='grc' dir='ltr'><strong>καὶ</strong></span> <span class='ocrx_word' id='word_1_207' title='bbox 322 2158 485 2207; x_wconf 85' lang='grc' dir='ltr'>Ἀθηνίων</span> <span class='ocrx_word' id='word_1_208' title='bbox 508 2158 568 2196; x_wconf 78' lang='grc' dir='ltr'><strong>καὶ</strong></span> <span class='ocrx_word' id='word_1_209' title='bbox 597 2158 834 2206; x_wconf 86' lang='grc' dir='ltr'>Τηλεκλείδης</span> <span class='ocrx_word' id='word_1_210' title='bbox 859 2159 1017 2203; x_wconf 82' lang='grc' dir='ltr'>Κισσέως</span> <span class='ocrx_word' id='word_1_211' title='bbox 1040 2160 1148 2207; x_wconf 76' lang='grc' dir='ltr'>αὐτὴν</span> 
     </span>
     <span class='ocr_line' id='line_1_32' title="bbox 99 2216 1149 2268; baseline -0.001 -11"><span class='ocrx_word' id='word_1_212' title='bbox 99 2217 313 2268; x_wconf 80' lang='grc' dir='ltr'>ἐκγενέσθαι.</span> <span class='ocrx_word' id='word_1_213' title='bbox 345 2237 359 2252; x_wconf 72' lang='grc' dir='ltr'><strong><em>κ</em></strong></span> <span class='ocrx_word' id='word_1_214' title='bbox 391 2221 467 2255; x_wconf 90' lang='lat' dir='ltr'><strong>Pro</strong></span> <span class='ocrx_word' id='word_1_215' title='bbox 502 2216 718 2264; x_wconf 84' lang='grc' dir='ltr'>Τηλεκλείας</span> <span class='ocrx_word' id='word_1_216' title='bbox 749 2221 964 2256; x_wconf 88' lang='lat' dir='ltr'><strong>Eustathius</strong></span> <span class='ocrx_word' id='word_1_217' title='bbox 992 2220 1149 2257; x_wconf 81' lang='lat' dir='ltr'><strong>fortasse</strong></span> 
     </span>
     <span class='ocr_line' id='line_1_33' title="bbox 98 2277 1146 2328; baseline -0.003 -11"><span class='ocrx_word' id='word_1_218' title='bbox 98 2277 334 2326; x_wconf 84' lang='grc' dir='ltr'>Τηλεκλείτης</span> <span class='ocrx_word' id='word_1_219' title='bbox 367 2280 549 2328; x_wconf 88' lang='lat' dir='ltr'><strong>scriptum</strong></span> <span class='ocrx_word' id='word_1_220' title='bbox 579 2286 785 2327; x_wconf 87' lang='lat' dir='ltr'><strong>repererat.</strong></span> <span class='ocrx_word' id='word_1_221' title='bbox 821 2296 836 2312; x_wconf 87' lang='lat'>»</span> <span class='ocrx_word' id='word_1_222' title='bbox 871 2280 1035 2316; x_wconf 87' lang='lat' dir='ltr'><strong>Meinek.</strong></span> <span class='ocrx_word' id='word_1_223' title='bbox 1070 2281 1096 2316; x_wconf 93' lang='lat' dir='ltr'><strong>l.</strong></span> <span class='ocrx_word' id='word_1_224' title='bbox 1121 2281 1146 2316; x_wconf 94' lang='lat' dir='ltr'><strong>l.</strong></span> 
     </span>
     <span class='ocr_line' id='line_1_34' title="bbox 98 2337 1150 2387; baseline -0.001 -12"><span class='ocrx_word' id='word_1_225' title='bbox 98 2341 138 2383; x_wconf 91' lang='grc' dir='ltr'><strong>Ι,</strong></span> <span class='ocrx_word' id='word_1_226' title='bbox 164 2351 205 2387; x_wconf 92' lang='lat' dir='ltr'><strong>p.</strong></span> <span class='ocrx_word' id='word_1_227' title='bbox 239 2351 303 2387; x_wconf 90' lang='lat'><strong>90.</strong></span> <span class='ocrx_word' id='word_1_228' title='bbox 334 2339 507 2375; x_wconf 89' lang='lat' dir='ltr'><strong>Ceterum</strong></span> <span class='ocrx_word' id='word_1_229' title='bbox 527 2337 736 2373; x_wconf 78' lang='lat' dir='ltr'><strong>scholiastae</strong></span> <span class='ocrx_word' id='word_1_230' title='bbox 756 2338 863 2373; x_wconf 90' lang='lat' dir='ltr'><strong>locus</strong></span> <span class='ocrx_word' id='word_1_231' title='bbox 887 2337 1082 2375; x_wconf 89' lang='lat' dir='ltr'><strong>addendus</strong></span> <span class='ocrx_word' id='word_1_232' title='bbox 1102 2339 1150 2374; x_wconf 90' lang='lat' dir='ltr'><strong>ad</strong></span> 
     </span>
     <span class='ocr_line' id='line_1_35' title="bbox 100 2396 561 2446; baseline 0.002 -13"><span class='ocrx_word' id='word_1_233' title='bbox 100 2397 235 2446; x_wconf 83' lang='lat' dir='ltr'>fragm.</span> <span class='ocrx_word' id='word_1_234' title='bbox 255 2409 306 2445; x_wconf 90' lang='lat'><strong>99</strong></span> <span class='ocrx_word' id='word_1_235' title='bbox 320 2396 561 2444; x_wconf 86' lang='lat' dir='ltr'><strong>Pherecydis.</strong></span> 
     </span>
    </p>
   </div>
   <div class='ocr_carea' id='block_1_6' title="bbox 522 2492 737 2507">
    <p class='ocr_par' dir='ltr' id='par_1_8' title="bbox 522 2492 737 2507">
     <span class='ocr_line' id='line_1_36' title="bbox 522 2492 737 2507; baseline 0 1197"><span class='ocrx_word' id='word_1_236' title='bbox 522 2492 737 2507; x_wconf 95' lang='lat' dir='ltr'><strong> </strong></span> 
     </span>
    </p>
   </div>
   <div class='ocr_carea' id='block_1_7' title="bbox 101 2548 1156 2717">
    <p class='ocr_par' dir='ltr' id='par_1_9' title="bbox 101 2548 1156 2717">
     <span class='ocr_line' id='line_1_37' title="bbox 159 2548 1147 2597; baseline -0.001 -12"><span class='ocrx_word' id='word_1_237' title='bbox 159 2548 481 2586; x_wconf 83' lang='lat' dir='ltr'><strong>ATHENOCLES</strong></span> <span class='ocrx_word' id='word_1_238' title='bbox 502 2549 559 2584; x_wconf 91' lang='lat' dir='ltr'><strong>De</strong></span> <span class='ocrx_word' id='word_1_239' title='bbox 588 2548 701 2584; x_wconf 88' lang='lat' dir='ltr'><strong>rebus</strong></span> <span class='ocrx_word' id='word_1_240' title='bbox 718 2549 960 2595; x_wconf 85' lang='lat' dir='ltr'><strong>Assyriorum</strong></span> <span class='ocrx_word' id='word_1_241' title='bbox 976 2549 1147 2597; x_wconf 88' lang='lat' dir='ltr'><strong>scripsit,</strong></span> 
     </span>
     <span class='ocr_line' id='line_1_38' title="bbox 104 2606 1151 2656; baseline -0.002 -11"><span class='ocrx_word' id='word_1_242' title='bbox 104 2616 194 2645; x_wconf 83' lang='lat' dir='ltr'><strong>teste</strong></span> <span class='ocrx_word' id='word_1_243' title='bbox 222 2608 384 2656; x_wconf 87' lang='lat' dir='ltr'><strong>Agathia</strong></span> <span class='ocrx_word' id='word_1_244' title='bbox 411 2608 469 2652; x_wconf 83' lang='grc' dir='ltr'><strong>ΙΙ,</strong></span> <span class='ocrx_word' id='word_1_245' title='bbox 498 2611 560 2649; x_wconf 71' lang='lat'><strong>24.</strong></span> <span class='ocrx_word' id='word_1_246' title='bbox 590 2607 686 2642; x_wconf 88' lang='lat' dir='ltr'><strong>Vide</strong></span> <span class='ocrx_word' id='word_1_247' title='bbox 706 2607 866 2656; x_wconf 83' lang='lat' dir='ltr'><strong>Dinonis</strong></span> <span class='ocrx_word' id='word_1_248' title='bbox 888 2606 1022 2655; x_wconf 83' lang='lat' dir='ltr'><strong>fragm.</strong></span> <span class='ocrx_word' id='word_1_249' title='bbox 1049 2621 1064 2642; x_wconf 94' lang='lat'>1</span> <span class='ocrx_word' id='word_1_250' title='bbox 1099 2620 1151 2653; x_wconf 77' lang='lat' dir='ltr'><strong>cz,</strong></span> 
     </span>
     <span class='ocr_line' id='line_1_39' title="bbox 101 2664 1156 2717; baseline -0.001 -15"><span class='ocrx_word' id='word_1_251' title='bbox 101 2674 181 2703; x_wconf 88' lang='lat' dir='ltr'><strong>not.</strong></span> <span class='ocrx_word' id='word_1_252' title='bbox 203 2666 318 2717; x_wconf 90' lang='lat' dir='ltr'><strong>(tom.</strong></span> <span class='ocrx_word' id='word_1_253' title='bbox 339 2667 376 2701; x_wconf 93' lang='grc' dir='ltr'><strong>ΙΙ</strong></span> <span class='ocrx_word' id='word_1_254' title='bbox 389 2693 398 2711; x_wconf 91' lang='grc'><em>,</em></span> <span class='ocrx_word' id='word_1_255' title='bbox 424 2678 465 2713; x_wconf 90' lang='lat' dir='ltr'><strong>p.</strong></span> <span class='ocrx_word' id='word_1_256' title='bbox 485 2664 584 2714; x_wconf 87' lang='lat'><strong>89),</strong></span> <span class='ocrx_word' id='word_1_257' title='bbox 603 2665 671 2700; x_wconf 87' lang='lat' dir='ltr'><strong>ubi</strong></span> <span class='ocrx_word' id='word_1_258' title='bbox 690 2665 754 2710; x_wconf 88' lang='lat' dir='ltr'><strong>iis,</strong></span> <span class='ocrx_word' id='word_1_259' title='bbox 778 2677 861 2712; x_wconf 86' lang='lat' dir='ltr'><strong>quae</strong></span> <span class='ocrx_word' id='word_1_260' title='bbox 882 2665 929 2701; x_wconf 90' lang='lat' dir='ltr'><strong>dc</strong></span> <span class='ocrx_word' id='word_1_261' title='bbox 948 2666 1156 2717; x_wconf 76' lang='lat' dir='ltr'><strong>Atlienocle</strong></span> 
     </span>
    </p>
   </div>
   <div class='ocr_carea' id='block_1_8' title="bbox 102 2724 1159 2776">
    <p class='ocr_par' dir='ltr' id='par_1_10' title="bbox 102 2724 1159 2776">
     <span class='ocr_line' id='line_1_40' title="bbox 102 2724 1159 2776; baseline 0 -15"><span class='ocrx_word' id='word_1_262' title='bbox 102 2726 349 2776; x_wconf 85' lang='lat' dir='ltr'><strong>grammatico</strong></span> <span class='ocrx_word' id='word_1_263' title='bbox 367 2725 499 2760; x_wconf 89' lang='lat' dir='ltr'><strong>notavi</strong></span> <span class='ocrx_word' id='word_1_264' title='bbox 510 2724 608 2760; x_wconf 86' lang='lat' dir='ltr'><strong>adde</strong></span> <span class='ocrx_word' id='word_1_265' title='bbox 624 2724 740 2760; x_wconf 84' lang='lat' dir='ltr'><strong>schol.</strong></span> <span class='ocrx_word' id='word_1_266' title='bbox 758 2725 802 2762; x_wconf 94' lang='lat' dir='ltr'><strong>Il.</strong></span> <span class='ocrx_word' id='word_1_267' title='bbox 819 2725 851 2769; x_wconf 87' lang='grc' dir='ltr'><strong>ζ,</strong></span> <span class='ocrx_word' id='word_1_268' title='bbox 877 2738 895 2771; x_wconf 91' lang='lat'><strong>7</strong></span> <span class='ocrx_word' id='word_1_269' title='bbox 906 2737 918 2760; x_wconf 92' lang='lat'>1</span> <span class='ocrx_word' id='word_1_270' title='bbox 929 2752 939 2769; x_wconf 95' lang='lat'><strong>,</strong></span> <span class='ocrx_word' id='word_1_271' title='bbox 955 2725 1022 2761; x_wconf 90' lang='lat' dir='ltr'><strong>ubi</strong></span> <span class='ocrx_word' id='word_1_272' title='bbox 1038 2725 1159 2773; x_wconf 86' lang='lat' dir='ltr'><strong>Didy-</strong></span> 
     </span>
    </p>
   </div>
   <div class='ocr_carea' id='block_1_9' title="bbox 418 2844 835 2884">
    <p class='ocr_par' dir='ltr' id='par_1_11' title="bbox 418 2844 835 2884">
     <span class='ocr_line' id='line_1_41' title="bbox 418 2844 835 2884; baseline -0.002 0"><span class='ocrx_word' id='word_1_273' title='bbox 418 2844 835 2884; x_wconf 83' lang='lat' dir='ltr'><strong>SAMOTHRACICA.</strong></span> 
     </span>
    </p>
   </div>
   <div class='ocr_carea' id='block_1_10' title="bbox 614 2929 643 2960">
    <p class='ocr_par' dir='ltr' id='par_1_12' title="bbox 614 2929 643 2960">
     <span class='ocr_line' id='line_1_42' title="bbox 614 2929 643 2960; baseline 0 0"><span class='ocrx_word' id='word_1_274' title='bbox 614 2929 643 2960; x_wconf 85' lang='lat'><strong>1.</strong></span> 
     </span>
    </p>
   </div>
   <div class='ocr_carea' id='block_1_11' title="bbox 105 2982 1153 3131">
    <p class='ocr_par' dir='ltr' id='par_1_13' title="bbox 105 2982 1153 3131">
     <span class='ocr_line' id='line_1_43' title="bbox 146 2982 1152 3022; baseline -0.004 -4"><span class='ocrx_word' id='word_1_275' title='bbox 146 2985 322 3018; x_wconf 84' lang='lat' dir='ltr'><strong>Athenicon</strong></span> <span class='ocrx_word' id='word_1_276' title='bbox 340 2984 418 3017; x_wconf 85' lang='lat' dir='ltr'><strong>dicit</strong></span> <span class='ocrx_word' id='word_1_277' title='bbox 429 2983 510 3015; x_wconf 88' lang='lat' dir='ltr'><strong>duos</strong></span> <span class='ocrx_word' id='word_1_278' title='bbox 526 2992 593 3016; x_wconf 85' lang='lat' dir='ltr'><strong>esse</strong></span> <span class='ocrx_word' id='word_1_279' title='bbox 603 2983 734 3015; x_wconf 86' lang='lat' dir='ltr'><strong>Cabiros</strong></span> <span class='ocrx_word' id='word_1_280' title='bbox 743 3007 751 3022; x_wconf 92' lang='lat'><strong>,</strong></span> <span class='ocrx_word' id='word_1_281' title='bbox 765 2985 846 3015; x_wconf 86' lang='lat' dir='ltr'><strong>Jove</strong></span> <span class='ocrx_word' id='word_1_282' title='bbox 859 2984 891 3015; x_wconf 86' lang='lat' dir='ltr'><strong>et</strong></span> <span class='ocrx_word' id='word_1_283' title='bbox 905 2983 1032 3015; x_wconf 80' lang='lat' dir='ltr'><strong>Electra</strong></span> <span class='ocrx_word' id='word_1_284' title='bbox 1045 2982 1152 3015; x_wconf 85' lang='lat' dir='ltr'><strong>Atlan-</strong></span> 
     </span>
     <span class='ocr_line' id='line_1_44' title="bbox 109 3034 1153 3075; baseline -0.005 -5"><span class='ocrx_word' id='word_1_285' title='bbox 109 3039 149 3070; x_wconf 89' lang='lat' dir='ltr'><strong>tis</strong></span> <span class='ocrx_word' id='word_1_286' title='bbox 183 3037 248 3069; x_wconf 88' lang='lat' dir='ltr'><strong>filia</strong></span> <span class='ocrx_word' id='word_1_287' title='bbox 272 3037 366 3068; x_wconf 86' lang='lat' dir='ltr'><strong>natos</strong></span> <span class='ocrx_word' id='word_1_288' title='bbox 378 3060 387 3075; x_wconf 92' lang='lat'><strong>,</strong></span> <span class='ocrx_word' id='word_1_289' title='bbox 415 3035 602 3067; x_wconf 81' lang='lat' dir='ltr'><strong>Dardanum</strong></span> <span class='ocrx_word' id='word_1_290' title='bbox 631 3036 663 3067; x_wconf 90' lang='lat' dir='ltr'><strong>et</strong></span> <span class='ocrx_word' id='word_1_291' title='bbox 692 3035 860 3066; x_wconf 82' lang='lat' dir='ltr'><strong>Iasionem.</strong></span> <span class='ocrx_word' id='word_1_292' title='bbox 889 3034 1022 3066; x_wconf 89' lang='lat' dir='ltr'><strong>Cabiros</strong></span> <span class='ocrx_word' id='word_1_293' title='bbox 1046 3035 1153 3065; x_wconf 89' lang='lat' dir='ltr'><strong>autem</strong></span> 
     </span>
     <span class='ocr_line' id='line_1_45' title="bbox 105 3086 1153 3131; baseline -0.004 -10"><span class='ocrx_word' id='word_1_294' title='bbox 105 3090 254 3131; x_wconf 85' lang='lat' dir='ltr'><strong>appellari</strong></span> <span class='ocrx_word' id='word_1_295' title='bbox 268 3089 308 3121; x_wconf 85' lang='lat' dir='ltr'><strong>de</strong></span> <span class='ocrx_word' id='word_1_296' title='bbox 325 3089 440 3121; x_wconf 86' lang='lat' dir='ltr'><strong>Cabiro</strong></span> <span class='ocrx_word' id='word_1_297' title='bbox 454 3090 563 3120; x_wconf 87' lang='lat' dir='ltr'><strong>monte</strong></span> <span class='ocrx_word' id='word_1_298' title='bbox 575 3087 730 3128; x_wconf 81' lang='lat' dir='ltr'><strong>Phrygiae,</strong></span> <span class='ocrx_word' id='word_1_299' title='bbox 746 3087 830 3119; x_wconf 86' lang='lat' dir='ltr'><strong>unde</strong></span> <span class='ocrx_word' id='word_1_300' title='bbox 844 3087 875 3118; x_wconf 92' lang='lat' dir='ltr'><strong>in</strong></span> <span class='ocrx_word' id='word_1_301' title='bbox 898 3086 1153 3119; x_wconf 82' lang='lat' dir='ltr'><strong>Samothraciam</strong></span> 
     </span>
    </p>
   </div>
   <div class='ocr_carea' id='block_1_12' title="bbox 105 3141 646 3222">
    <p class='ocr_par' dir='ltr' id='par_1_14' title="bbox 105 3141 646 3222">
     <span class='ocr_line' id='line_1_46' title="bbox 105 3141 371 3174; baseline -0.011 0"><span class='ocrx_word' id='word_1_302' title='bbox 105 3141 283 3174; x_wconf 83' lang='lat' dir='ltr'><strong>transducti</strong></span> <span class='ocrx_word' id='word_1_303' title='bbox 301 3141 371 3173; x_wconf 90' lang='lat' dir='ltr'><strong>sint.</strong></span> 
     </span>
     <span class='ocr_line' id='line_1_47' title="bbox 611 3190 646 3222; baseline 0.029 -1"><span class='ocrx_word' id='word_1_304' title='bbox 611 3190 632 3221; x_wconf 85' lang='lat'>2</span> <span class='ocrx_word' id='word_1_305' title='bbox 638 3214 646 3222; x_wconf 90' lang='lat'><strong>.</strong></span> 
     </span>
    </p>
   </div>
   <div class='ocr_carea' id='block_1_13' title="bbox 108 3241 1155 3339">
    <p class='ocr_par' dir='ltr' id='par_1_15' title="bbox 108 3241 1155 3339">
     <span class='ocr_line' id='line_1_48' title="bbox 148 3241 1155 3287; baseline -0.007 -8"><span class='ocrx_word' id='word_1_306' title='bbox 148 3246 345 3287; x_wconf 80' lang='lat' dir='ltr'><strong>Pherecydes</strong></span> <span class='ocrx_word' id='word_1_307' title='bbox 372 3245 535 3278; x_wconf 83' lang='lat' dir='ltr'><strong>Hecubam</strong></span> <span class='ocrx_word' id='word_1_308' title='bbox 557 3244 731 3285; x_wconf 36' lang='lat' dir='ltr'><strong>‚Dymantis</strong></span> <span class='ocrx_word' id='word_1_309' title='bbox 755 3245 787 3277; x_wconf 89' lang='lat' dir='ltr'><strong>et</strong></span> <span class='ocrx_word' id='word_1_310' title='bbox 807 3246 950 3283; x_wconf 85' lang='lat' dir='ltr'><strong>Eunoes,</strong></span> <span class='ocrx_word' id='word_1_311' title='bbox 978 3241 1155 3275; x_wconf 80' lang='lat' dir='ltr'><strong>Athenicon</strong></span> 
     </span>
     <span class='ocr_line' id='line_1_49' title="bbox 108 3295 902 3339; baseline -0.006 -8"><span class='ocrx_word' id='word_1_312' title='bbox 108 3307 203 3339; x_wconf 86' lang='lat' dir='ltr'><strong>vero,</strong></span> <span class='ocrx_word' id='word_1_313' title='bbox 224 3298 323 3330; x_wconf 84' lang='lat' dir='ltr'><strong>Cissei</strong></span> <span class='ocrx_word' id='word_1_314' title='bbox 335 3298 367 3329; x_wconf 87' lang='lat' dir='ltr'><strong>et</strong></span> <span class='ocrx_word' id='word_1_315' title='bbox 383 3297 544 3329; x_wconf 83' lang='lat' dir='ltr'><strong>Telecleas</strong></span> <span class='ocrx_word' id='word_1_316' title='bbox 566 3296 665 3328; x_wconf 83' lang='lat' dir='ltr'><strong>filiam</strong></span> <span class='ocrx_word' id='word_1_317' title='bbox 677 3305 745 3328; x_wconf 85' lang='lat' dir='ltr'><strong>esse</strong></span> <span class='ocrx_word' id='word_1_318' title='bbox 759 3295 902 3327; x_wconf 87' lang='lat' dir='ltr'><strong>tradunt.</strong></span> 
     </span>
    </p>
   </div>
   <div class='ocr_carea' id='block_1_14' title="bbox 443 3366 822 3406">
    <p class='ocr_par' dir='ltr' id='par_1_16' title="bbox 443 3366 822 3406">
     <span class='ocr_line' id='line_1_50' title="bbox 443 3366 822 3406; baseline -0.003 0"><span class='ocrx_word' id='word_1_319' title='bbox 443 3366 822 3406; x_wconf 85' lang='lat' dir='ltr'><strong>COMMENTARII.</strong></span> 
     </span>
    </p>
   </div>
   <div class='ocr_carea' id='block_1_15' title="bbox 152 3438 1153 3476">
    <p class='ocr_par' dir='ltr' id='par_1_17' title="bbox 152 3438 1153 3476">
     <span class='ocr_line' id='line_1_51' title="bbox 152 3438 1153 3476; baseline -0.007 -1"><span class='ocrx_word' id='word_1_320' title='bbox 152 3443 374 3476; x_wconf 79' lang='lat' dir='ltr'><strong>Athenodorus</strong></span> <span class='ocrx_word' id='word_1_321' title='bbox 391 3441 577 3475; x_wconf 81' lang='lat' dir='ltr'><strong>Eretriensis</strong></span> <span class='ocrx_word' id='word_1_322' title='bbox 598 3442 713 3474; x_wconf 72' lang='lat' dir='ltr'><strong>octavo</strong></span> <span class='ocrx_word' id='word_1_323' title='bbox 733 3440 814 3472; x_wconf 84' lang='lat' dir='ltr'><strong>libro</strong></span> <span class='ocrx_word' id='word_1_324' title='bbox 829 3438 1085 3473; x_wconf 80' lang='lat' dir='ltr'><strong>Memorabilium</strong></span> <span class='ocrx_word' id='word_1_325' title='bbox 1106 3446 1153 3468; x_wconf 88' lang='lat' dir='ltr'><strong>re-</strong></span> 
     </span>
    </p>
   </div>
   <div class='ocr_carea' id='block_1_16' title="bbox 1211 331 2260 442">
    <p class='ocr_par' dir='ltr' id='par_1_18' title="bbox 1211 331 2260 442">
     <span class='ocr_line' id='line_1_52' title="bbox 1212 331 2259 390; baseline 0.013 -26"><span class='ocrx_word' id='word_1_326' title='bbox 1212 343 1293 366; x_wconf 89' lang='lat' dir='ltr'><strong>mus</strong></span> <span class='ocrx_word' id='word_1_327' title='bbox 1312 331 1442 367; x_wconf 86' lang='lat' dir='ltr'><strong>laudat</strong></span> <span class='ocrx_word' id='word_1_328' title='bbox 1461 333 1710 370; x_wconf 88' lang='lat' dir='ltr'><strong>Athenoclem</strong></span> <span class='ocrx_word' id='word_1_329' title='bbox 1727 335 1761 371; x_wconf 83' lang='grc' dir='ltr'>ἐν</span> <span class='ocrx_word' id='word_1_330' title='bbox 1778 337 1827 387; x_wconf 85' lang='grc' dir='ltr'><strong>τῷ</strong></span> <span class='ocrx_word' id='word_1_331' title='bbox 1851 336 1937 388; x_wconf 84' lang='grc' dir='ltr'>Περὶ</span> <span class='ocrx_word' id='word_1_332' title='bbox 1949 337 2130 390; x_wconf 85' lang='grc' dir='ltr'>Ὁμήρου,</span> <span class='ocrx_word' id='word_1_333' title='bbox 2154 341 2200 377; x_wconf 89' lang='lat' dir='ltr'><strong>de</strong></span> <span class='ocrx_word' id='word_1_334' title='bbox 2219 355 2259 378; x_wconf 87' lang='lat' dir='ltr'><strong>re</strong></span> 
     </span>
     <span class='ocr_line' id='line_1_53' title="bbox 1211 387 2260 442; baseline 0.012 -20"><span class='ocrx_word' id='word_1_335' title='bbox 1211 387 1260 422; x_wconf 90' lang='lat' dir='ltr'><strong>ad</strong></span> <span class='ocrx_word' id='word_1_336' title='bbox 1278 389 1450 424; x_wconf 84' lang='lat' dir='ltr'><strong>criticam</strong></span> <span class='ocrx_word' id='word_1_337' title='bbox 1466 391 1693 437; x_wconf 88' lang='lat' dir='ltr'><strong>pertinente.</strong></span> <span class='ocrx_word' id='word_1_338' title='bbox 1709 394 1765 428; x_wconf 93' lang='lat' dir='ltr'><strong>De</strong></span> <span class='ocrx_word' id='word_1_339' title='bbox 1786 395 1868 429; x_wconf 83' lang='lat' dir='ltr'><strong>aliis</strong></span> <span class='ocrx_word' id='word_1_340' title='bbox 1882 399 2133 442; x_wconf 79' lang='lat' dir='ltr'><strong>grammaticis</strong></span> <span class='ocrx_word' id='word_1_341' title='bbox 2147 399 2260 435; x_wconf 88' lang='lat' dir='ltr'><strong>rebus</strong></span> 
     </span>
    </p>
   </div>
   <div class='ocr_carea' id='block_1_17' title="bbox 1210 447 2261 558">
    <p class='ocr_par' dir='ltr' id='par_1_19' title="bbox 1210 447 2261 558">
     <span class='ocr_line' id='line_1_54' title="bbox 1212 447 2261 502; baseline 0.01 -21"><span class='ocrx_word' id='word_1_342' title='bbox 1212 447 1350 482; x_wconf 87' lang='lat' dir='ltr'><strong>citatur</strong></span> <span class='ocrx_word' id='word_1_343' title='bbox 1366 448 1404 482; x_wconf 92' lang='lat' dir='ltr'><strong>in</strong></span> <span class='ocrx_word' id='word_1_344' title='bbox 1416 448 1533 483; x_wconf 86' lang='lat' dir='ltr'><strong>schol.</strong></span> <span class='ocrx_word' id='word_1_345' title='bbox 1547 449 1679 496; x_wconf 88' lang='lat' dir='ltr'><strong>Odyss.</strong></span> <span class='ocrx_word' id='word_1_346' title='bbox 1695 451 1724 496; x_wconf 80' lang='grc' dir='ltr'><strong>ζ,</strong></span> <span class='ocrx_word' id='word_1_347' title='bbox 1746 464 1758 485; x_wconf 86' lang='grc'><strong>1</strong></span> <span class='ocrx_word' id='word_1_348' title='bbox 1769 455 1832 494; x_wconf 77' lang='grc'><strong>44.</strong></span> <span class='ocrx_word' id='word_1_349' title='bbox 1848 449 1879 496; x_wconf 86' lang='grc' dir='ltr'><strong>ξ,</strong></span> <span class='ocrx_word' id='word_1_350' title='bbox 1899 451 1971 495; x_wconf 76' lang='grc'><strong>504</strong></span> <span class='ocrx_word' id='word_1_351' title='bbox 1982 482 1989 488; x_wconf 93' lang='grc'><strong>.</strong></span> <span class='ocrx_word' id='word_1_352' title='bbox 2009 455 2176 502; x_wconf 86' lang='lat' dir='ltr'><strong>AEqualis</strong></span> <span class='ocrx_word' id='word_1_353' title='bbox 2189 456 2261 492; x_wconf 83' lang='lat' dir='ltr'><strong>fuit</strong></span> 
     </span>
     <span class='ocr_line' id='line_1_55' title="bbox 1210 506 2258 558; baseline 0.01 -19"><span class='ocrx_word' id='word_1_354' title='bbox 1210 506 1403 540; x_wconf 89' lang='lat' dir='ltr'><strong>Ammonii</strong></span> <span class='ocrx_word' id='word_1_355' title='bbox 1418 506 1671 552; x_wconf 89' lang='lat' dir='ltr'><strong>Aristarchei,</strong></span> <span class='ocrx_word' id='word_1_356' title='bbox 1687 509 1797 543; x_wconf 90' lang='lat' dir='ltr'><strong>sicuti</strong></span> <span class='ocrx_word' id='word_1_357' title='bbox 1813 510 2004 558; x_wconf 87' lang='lat' dir='ltr'><strong>colligitur</strong></span> <span class='ocrx_word' id='word_1_358' title='bbox 2017 524 2062 547; x_wconf 86' lang='lat' dir='ltr'><strong>ex</strong></span> <span class='ocrx_word' id='word_1_359' title='bbox 2078 513 2196 548; x_wconf 87' lang='lat' dir='ltr'><strong>schol.</strong></span> <span class='ocrx_word' id='word_1_360' title='bbox 2214 515 2258 551; x_wconf 81' lang='grc' dir='ltr'><strong>ΙΙ.</strong></span> 
     </span>
    </p>
   </div>
   <div class='ocr_carea' id='block_1_18' title="bbox 1210 562 2261 673">
    <p class='ocr_par' dir='ltr' id='par_1_20' title="bbox 1210 562 2261 673">
     <span class='ocr_line' id='line_1_56' title="bbox 1210 562 2261 620; baseline 0.01 -23"><span class='ocrx_word' id='word_1_361' title='bbox 1210 576 1243 611; x_wconf 88' lang='grc' dir='ltr'><strong>γ,</strong></span> <span class='ocrx_word' id='word_1_362' title='bbox 1275 562 1371 608; x_wconf 84' lang='grc'>368,</span> <span class='ocrx_word' id='word_1_363' title='bbox 1394 575 1471 611; x_wconf 92' lang='lat' dir='ltr'><strong>quo</strong></span> <span class='ocrx_word' id='word_1_364' title='bbox 1500 564 1587 600; x_wconf 91' lang='lat' dir='ltr'><strong>loco</strong></span> <span class='ocrx_word' id='word_1_365' title='bbox 1610 566 1748 601; x_wconf 84' lang='lat' dir='ltr'><strong>citatur</strong></span> <span class='ocrx_word' id='word_1_366' title='bbox 1781 579 1787 601; x_wconf 91' lang='lat'>:</span> <span class='ocrx_word' id='word_1_367' title='bbox 1816 564 2009 615; x_wconf 82' lang='grc' dir='ltr'>Ἀμμώνιος</span> <span class='ocrx_word' id='word_1_368' title='bbox 2037 569 2071 605; x_wconf 86' lang='grc' dir='ltr'>ἐν</span> <span class='ocrx_word' id='word_1_369' title='bbox 2100 570 2149 619; x_wconf 85' lang='grc' dir='ltr'><strong>τῷ</strong></span> <span class='ocrx_word' id='word_1_370' title='bbox 2175 569 2261 620; x_wconf 81' lang='grc' dir='ltr'>πρὸς</span> 
     </span>
     <span class='ocr_line' id='line_1_57' title="bbox 1210 619 1706 673; baseline 0.002 -15"><span class='ocrx_word' id='word_1_371' title='bbox 1210 619 1419 667; x_wconf 84' lang='grc' dir='ltr'>Ἀθηνοκλέα</span> <span class='ocrx_word' id='word_1_372' title='bbox 1441 621 1706 673; x_wconf 84' lang='grc' dir='ltr'>συγγράμματι.</span> 
     </span>
    </p>
   </div>
   <div class='ocr_carea' id='block_1_19' title="bbox 1613 728 1847 745">
    <p class='ocr_par' dir='ltr' id='par_1_21' title="bbox 1613 728 1847 745">
     <span class='ocr_line' id='line_1_58' title="bbox 1613 728 1847 745; baseline 0 2959"><span class='ocrx_word' id='word_1_373' title='bbox 1613 728 1847 745; x_wconf 95' lang='lat' dir='ltr'><strong> </strong></span> 
     </span>
    </p>
   </div>
   <div class='ocr_carea' id='block_1_20' title="bbox 1210 803 2259 959">
    <p class='ocr_par' dir='ltr' id='par_1_22' title="bbox 1210 803 2259 959">
     <span class='ocr_line' id='line_1_59' title="bbox 1210 803 2259 889; baseline 0.003 -31"><span class='ocrx_word' id='word_1_374' title='bbox 1210 803 1752 889; x_wconf 79' lang='lat' dir='ltr'><strong>ATHENODORUS</strong></span> <span class='ocrx_word' id='word_1_375' title='bbox 1773 806 2259 865; x_wconf 85' lang='lat' dir='ltr'><strong>ERETRIENSIS.</strong></span> 
     </span>
     <span class='ocr_line' id='line_1_60' title="bbox 1544 917 1925 959; baseline 0.01 -4"><span class='ocrx_word' id='word_1_376' title='bbox 1544 917 1925 959; x_wconf 78' lang='grc' dir='ltr'><strong>ΥΠΟΜΝΗΜΑΤΑ.</strong></span> 
     </span>
    </p>
   </div>
   <div class='ocr_carea' id='block_1_21' title="bbox 1505 1015 1956 1056">
    <p class='ocr_par' dir='ltr' id='par_1_23' title="bbox 1505 1015 1956 1056">
     <span class='ocr_line' id='line_1_61' title="bbox 1505 1015 1956 1056; baseline 0.009 -5"><span class='ocrx_word' id='word_1_377' title='bbox 1505 1016 1534 1051; x_wconf 88' lang='grc' dir='ltr'>Ε</span> <span class='ocrx_word' id='word_1_378' title='bbox 1562 1015 1714 1054; x_wconf 82' lang='lat' dir='ltr'>LIBRO</span> <span class='ocrx_word' id='word_1_379' title='bbox 1745 1017 1956 1056; x_wconf 87' lang='lat' dir='ltr'><strong>OCTAVO.</strong></span> 
     </span>
    </p>
   </div>
   <div class='ocr_carea' id='block_1_22' title="bbox 1209 1109 2266 1866">
    <p class='ocr_par' dir='ltr' id='par_1_24' title="bbox 1209 1109 2266 1866">
     <span class='ocr_line' id='line_1_62' title="bbox 1263 1109 2260 1163; baseline 0.006 -19"><span class='ocrx_word' id='word_1_380' title='bbox 1263 1109 1484 1145; x_wconf 85' lang='lat' dir='ltr'><strong>Ptolemaeus</strong></span> <span class='ocrx_word' id='word_1_381' title='bbox 1499 1110 1690 1158; x_wconf 84' lang='lat' dir='ltr'><strong>Hephaest.</strong></span> <span class='ocrx_word' id='word_1_382' title='bbox 1708 1111 1774 1149; x_wconf 90' lang='lat' dir='ltr'><strong>lib.</strong></span> <span class='ocrx_word' id='word_1_383' title='bbox 1794 1114 1837 1160; x_wconf 88' lang='lat' dir='ltr'><strong>V,</strong></span> <span class='ocrx_word' id='word_1_384' title='bbox 1852 1123 1913 1161; x_wconf 88' lang='lat' dir='ltr'><strong>ap.</strong></span> <span class='ocrx_word' id='word_1_385' title='bbox 1931 1113 2041 1151; x_wconf 86' lang='lat' dir='ltr'><strong>Phot.</strong></span> <span class='ocrx_word' id='word_1_386' title='bbox 2062 1113 2146 1149; x_wconf 88' lang='lat' dir='ltr'><strong>cod.</strong></span> <span class='ocrx_word' id='word_1_387' title='bbox 2166 1127 2260 1163; x_wconf 87' lang='lat'><strong>190,</strong></span> 
     </span>
     <span class='ocr_line' id='line_1_63' title="bbox 1209 1166 2263 1224; baseline 0.007 -21"><span class='ocrx_word' id='word_1_388' title='bbox 1209 1181 1250 1216; x_wconf 91' lang='lat' dir='ltr'><strong>p.</strong></span> <span class='ocrx_word' id='word_1_389' title='bbox 1276 1166 1370 1214; x_wconf 85' lang='lat'><strong>150,</strong></span> <span class='ocrx_word' id='word_1_390' title='bbox 1399 1169 1422 1204; x_wconf 92' lang='lat'><strong>6</strong></span> <span class='ocrx_word' id='word_1_391' title='bbox 1452 1168 1511 1206; x_wconf 89' lang='lat' dir='ltr'><strong>ed.</strong></span> <span class='ocrx_word' id='word_1_392' title='bbox 1534 1169 1653 1207; x_wconf 87' lang='lat' dir='ltr'><strong>Bekk.</strong></span> <span class='ocrx_word' id='word_1_393' title='bbox 1675 1181 1684 1207; x_wconf 93' lang='lat'>:</span> <span class='ocrx_word' id='word_1_394' title='bbox 1708 1168 1937 1222; x_wconf 87' lang='grc' dir='ltr'>Ἀθηνόδωρος</span> <span class='ocrx_word' id='word_1_395' title='bbox 1957 1173 1990 1208; x_wconf 83' lang='grc' dir='ltr'>ἐν</span> <span class='ocrx_word' id='word_1_396' title='bbox 2018 1171 2128 1224; x_wconf 85' lang='grc' dir='ltr'>ὀγδόῳ</span> <span class='ocrx_word' id='word_1_397' title='bbox 2149 1171 2263 1210; x_wconf 86' lang='grc' dir='ltr'>Ὑπο-</span> 
     </span>
     <span class='ocr_line' id='line_1_64' title="bbox 1211 1225 2264 1282; baseline 0.007 -20"><span class='ocrx_word' id='word_1_398' title='bbox 1211 1225 1401 1275; x_wconf 81' lang='grc' dir='ltr'>μνημάτων</span> <span class='ocrx_word' id='word_1_399' title='bbox 1418 1225 1502 1278; x_wconf 83' lang='grc' dir='ltr'>φησὶ</span> <span class='ocrx_word' id='word_1_400' title='bbox 1516 1225 1622 1265; x_wconf 83' lang='grc' dir='ltr'>Θέτιν</span> <span class='ocrx_word' id='word_1_401' title='bbox 1639 1226 1697 1264; x_wconf 87' lang='grc' dir='ltr'><strong>καὶ</strong></span> <span class='ocrx_word' id='word_1_402' title='bbox 1713 1227 1871 1274; x_wconf 81' lang='grc' dir='ltr'>Μήδειαν</span> <span class='ocrx_word' id='word_1_403' title='bbox 1891 1228 2004 1281; x_wconf 82' lang='grc' dir='ltr'>ἐρίσαι</span> <span class='ocrx_word' id='word_1_404' title='bbox 2018 1230 2097 1282; x_wconf 77' lang='grc' dir='ltr'>περὶ</span> <span class='ocrx_word' id='word_1_405' title='bbox 2115 1230 2264 1275; x_wconf 83' lang='grc' dir='ltr'>κάλλους</span> 
     </span>
     <span class='ocr_line' id='line_1_65' title="bbox 1210 1283 2263 1341; baseline 0.004 -19"><span class='ocrx_word' id='word_1_406' title='bbox 1210 1286 1244 1322; x_wconf 84' lang='grc' dir='ltr'>ἐν</span> <span class='ocrx_word' id='word_1_407' title='bbox 1262 1284 1466 1336; x_wconf 77' lang='grc' dir='ltr'>Θεσσαλίᾳ,</span> <span class='ocrx_word' id='word_1_408' title='bbox 1478 1284 1538 1322; x_wconf 88' lang='grc' dir='ltr'><strong>καὶ</strong></span> <span class='ocrx_word' id='word_1_409' title='bbox 1555 1283 1677 1338; x_wconf 86' lang='grc' dir='ltr'>κριτὴν</span> <span class='ocrx_word' id='word_1_410' title='bbox 1687 1286 1847 1338; x_wconf 87' lang='grc' dir='ltr'>γενέσθαι</span> <span class='ocrx_word' id='word_1_411' title='bbox 1864 1286 2043 1338; x_wconf 85' lang='grc' dir='ltr'>Ἰδομενέα</span> <span class='ocrx_word' id='word_1_412' title='bbox 2054 1318 2064 1336; x_wconf 89' lang='grc'>,</span> <span class='ocrx_word' id='word_1_413' title='bbox 2079 1287 2139 1326; x_wconf 83' lang='grc' dir='ltr'><strong>καὶ</strong></span> <span class='ocrx_word' id='word_1_414' title='bbox 2153 1304 2263 1341; x_wconf 83' lang='grc' dir='ltr'>προσ-</span> 
     </span>
     <span class='ocr_line' id='line_1_66' title="bbox 1211 1342 2263 1398; baseline 0.004 -18"><span class='ocrx_word' id='word_1_415' title='bbox 1211 1347 1328 1392; x_wconf 86' lang='grc' dir='ltr'>νεῖμαι</span> <span class='ocrx_word' id='word_1_416' title='bbox 1350 1342 1472 1382; x_wconf 84' lang='grc' dir='ltr'>Θέτιδι</span> <span class='ocrx_word' id='word_1_417' title='bbox 1498 1342 1562 1389; x_wconf 78' lang='grc' dir='ltr'><strong>τὴν</strong></span> <span class='ocrx_word' id='word_1_418' title='bbox 1593 1343 1708 1391; x_wconf 88' lang='grc' dir='ltr'>νίκην.</span> <span class='ocrx_word' id='word_1_419' title='bbox 1730 1344 1892 1391; x_wconf 80' lang='grc' dir='ltr'>Μήδειαν</span> <span class='ocrx_word' id='word_1_420' title='bbox 1921 1347 1952 1383; x_wconf 89' lang='grc' dir='ltr'><strong>δ’</strong></span> <span class='ocrx_word' id='word_1_421' title='bbox 1972 1347 2190 1398; x_wconf 79' lang='grc' dir='ltr'>ὀργισθεῖσαν</span> <span class='ocrx_word' id='word_1_422' title='bbox 2211 1348 2263 1384; x_wconf 83' lang='grc' dir='ltr'><strong>εἷ-</strong></span> 
     </span>
     <span class='ocr_line' id='line_1_67' title="bbox 1210 1401 2263 1458; baseline 0.005 -20"><span class='ocrx_word' id='word_1_423' title='bbox 1210 1406 1299 1439; x_wconf 87' lang='grc' dir='ltr'>πεῖν·</span> <span class='ocrx_word' id='word_1_424' title='bbox 1317 1402 1450 1453; x_wconf 79' lang='grc' dir='ltr'>Κρῆτες</span> <span class='ocrx_word' id='word_1_425' title='bbox 1465 1401 1517 1439; x_wconf 70' lang='grc' dir='ltr'>ἀεὶ</span> <span class='ocrx_word' id='word_1_426' title='bbox 1527 1402 1687 1454; x_wconf 76' lang='grc' dir='ltr'>ψευσταὶ,</span> <span class='ocrx_word' id='word_1_427' title='bbox 1702 1403 1761 1441; x_wconf 81' lang='grc' dir='ltr'><strong>καὶ</strong></span> <span class='ocrx_word' id='word_1_428' title='bbox 1777 1403 2021 1454; x_wconf 80' lang='grc' dir='ltr'>ἐπαράσασθαι</span> <span class='ocrx_word' id='word_1_429' title='bbox 2036 1406 2142 1458; x_wconf 82' lang='grc' dir='ltr'>αὐτῷ,</span> <span class='ocrx_word' id='word_1_430' title='bbox 2156 1404 2263 1455; x_wconf 80' lang='grc' dir='ltr'>μηδέ·</span> 
     </span>
     <span class='ocr_line' id='line_1_68' title="bbox 1209 1460 2262 1514; baseline 0.005 -17"><span class='ocrx_word' id='word_1_431' title='bbox 1209 1474 1293 1498; x_wconf 83' lang='grc' dir='ltr'>ποτε</span> <span class='ocrx_word' id='word_1_432' title='bbox 1313 1460 1478 1506; x_wconf 81' lang='grc' dir='ltr'>ἀλήθειαν</span> <span class='ocrx_word' id='word_1_433' title='bbox 1500 1462 1621 1506; x_wconf 78' lang='grc' dir='ltr'>εἰπεῖν,</span> <span class='ocrx_word' id='word_1_434' title='bbox 1643 1460 1770 1514; x_wconf 82' lang='grc' dir='ltr'>ὥσπερ</span> <span class='ocrx_word' id='word_1_435' title='bbox 1781 1462 1838 1500; x_wconf 82' lang='grc' dir='ltr'><strong>ἐπὶ</strong></span> <span class='ocrx_word' id='word_1_436' title='bbox 1858 1465 1920 1508; x_wconf 75' lang='grc' dir='ltr'><strong>τῆς</strong></span> <span class='ocrx_word' id='word_1_437' title='bbox 1939 1462 2084 1514; x_wconf 89' lang='grc' dir='ltr'>κρίσεως</span> <span class='ocrx_word' id='word_1_438' title='bbox 2106 1463 2262 1510; x_wconf 83' lang='grc' dir='ltr'>ἐποίησε.</span> 
     </span>
     <span class='ocr_line' id='line_1_69' title="bbox 1212 1517 2262 1573; baseline 0.003 -17"><span class='ocrx_word' id='word_1_439' title='bbox 1212 1518 1285 1557; x_wconf 80' lang='grc' dir='ltr'><strong>Καὶ</strong></span> <span class='ocrx_word' id='word_1_440' title='bbox 1303 1519 1343 1556; x_wconf 86' lang='grc' dir='ltr'><strong>ἐκ</strong></span> <span class='ocrx_word' id='word_1_441' title='bbox 1358 1518 1480 1556; x_wconf 85' lang='grc' dir='ltr'>τούτου</span> <span class='ocrx_word' id='word_1_442' title='bbox 1502 1519 1586 1572; x_wconf 83' lang='grc' dir='ltr'>φησὶ</span> <span class='ocrx_word' id='word_1_443' title='bbox 1604 1517 1683 1563; x_wconf 70' lang='grc' dir='ltr'>τοὺς</span> <span class='ocrx_word' id='word_1_444' title='bbox 1703 1522 1846 1571; x_wconf 79' lang='grc' dir='ltr'>Κρῆτας</span> <span class='ocrx_word' id='word_1_445' title='bbox 1865 1520 2017 1573; x_wconf 83' lang='grc' dir='ltr'>ψεύστας</span> <span class='ocrx_word' id='word_1_446' title='bbox 2033 1525 2262 1572; x_wconf 75' lang='grc' dir='ltr'>νομισθῆναι·</span> 
     </span>
     <span class='ocr_line' id='line_1_70' title="bbox 1211 1575 2262 1632; baseline 0.004 -18"><span class='ocrx_word' id='word_1_447' title='bbox 1211 1576 1443 1629; x_wconf 85' lang='grc' dir='ltr'>παρατίθεται</span> <span class='ocrx_word' id='word_1_448' title='bbox 1459 1575 1494 1614; x_wconf 80' lang='grc' dir='ltr'><strong>δὲ</strong></span> <span class='ocrx_word' id='word_1_449' title='bbox 1514 1581 1614 1616; x_wconf 77' lang='grc' dir='ltr'>τοῦτο</span> <span class='ocrx_word' id='word_1_450' title='bbox 1634 1580 1837 1631; x_wconf 78' lang='grc' dir='ltr'>ἱστοροῦντα</span> <span class='ocrx_word' id='word_1_451' title='bbox 1856 1582 1874 1617; x_wconf 82' lang='grc' dir='ltr'>ὁ</span> <span class='ocrx_word' id='word_1_452' title='bbox 1892 1579 2121 1632; x_wconf 84' lang='grc' dir='ltr'>Ἀθηνόδωρος</span> <span class='ocrx_word' id='word_1_453' title='bbox 2134 1579 2262 1618; x_wconf 86' lang='grc' dir='ltr'>Ἀντίο-</span> 
     </span>
     <span class='ocr_line' id='line_1_71' title="bbox 1210 1635 2264 1689; baseline 0.002 -16"><span class='ocrx_word' id='word_1_454' title='bbox 1210 1651 1273 1688; x_wconf 89' lang='grc' dir='ltr'>χον</span> <span class='ocrx_word' id='word_1_455' title='bbox 1291 1638 1326 1674; x_wconf 81' lang='grc' dir='ltr'>ἐν</span> <span class='ocrx_word' id='word_1_456' title='bbox 1340 1635 1490 1689; x_wconf 85' lang='grc' dir='ltr'>δευτέρῳ</span> <span class='ocrx_word' id='word_1_457' title='bbox 1506 1638 1574 1673; x_wconf 83' lang='grc' dir='ltr'><strong>τῶν</strong></span> <span class='ocrx_word' id='word_1_458' title='bbox 1593 1636 1695 1675; x_wconf 86' lang='grc' dir='ltr'>Κατὰ</span> <span class='ocrx_word' id='word_1_459' title='bbox 1714 1637 1816 1675; x_wconf 87' lang='grc' dir='ltr'>πόλιν</span> <span class='ocrx_word' id='word_1_460' title='bbox 1830 1640 1996 1686; x_wconf 82' lang='grc' dir='ltr'>μυθικῶν.</span> <span class='ocrx_word' id='word_1_461' title='bbox 2015 1640 2136 1685; x_wconf 88' lang='lat' dir='ltr'><strong>Idem,</strong></span> <span class='ocrx_word' id='word_1_462' title='bbox 2156 1648 2264 1688; x_wconf 91' lang='lat' dir='ltr'><strong>puto,</strong></span> 
     </span>
     <span class='ocr_line' id='line_1_72' title="bbox 1210 1697 2265 1746; baseline 0.002 -13"><span class='ocrx_word' id='word_1_463' title='bbox 1210 1697 1422 1733; x_wconf 89' lang='lat' dir='ltr'><strong>Antiochus</strong></span> <span class='ocrx_word' id='word_1_464' title='bbox 1453 1697 1463 1746; x_wconf 91' lang='lat'>(</span> <span class='ocrx_word' id='word_1_465' title='bbox 1478 1709 1500 1733; x_wconf 87' lang='lat' dir='ltr'><strong>a</strong></span> <span class='ocrx_word' id='word_1_466' title='bbox 1530 1698 1767 1745; x_wconf 81' lang='lat' dir='ltr'><strong>Syracusano</strong></span> <span class='ocrx_word' id='word_1_467' title='bbox 1799 1699 1978 1734; x_wconf 91' lang='lat' dir='ltr'><strong>historico</strong></span> <span class='ocrx_word' id='word_1_468' title='bbox 2004 1698 2190 1745; x_wconf 64' lang='lat' dir='ltr'><strong>diversus,</strong></span> <span class='ocrx_word' id='word_1_469' title='bbox 2209 1701 2265 1735; x_wconf 92' lang='lat' dir='ltr'><strong>uti</strong></span> 
     </span>
     <span class='ocr_line' id='line_1_73' title="bbox 1209 1756 2266 1807; baseline 0.002 -15"><span class='ocrx_word' id='word_1_470' title='bbox 1209 1756 1385 1807; x_wconf 88' lang='lat' dir='ltr'><strong>videtur)</strong></span> <span class='ocrx_word' id='word_1_471' title='bbox 1401 1756 1448 1793; x_wconf 90' lang='lat' dir='ltr'><strong>de</strong></span> <span class='ocrx_word' id='word_1_472' title='bbox 1467 1757 1638 1792; x_wconf 88' lang='lat' dir='ltr'><strong>Palladio</strong></span> <span class='ocrx_word' id='word_1_473' title='bbox 1658 1757 1837 1793; x_wconf 82' lang='lat' dir='ltr'><strong>laudatur</strong></span> <span class='ocrx_word' id='word_1_474' title='bbox 1852 1771 1928 1794; x_wconf 87' lang='lat' dir='ltr'><strong>una</strong></span> <span class='ocrx_word' id='word_1_475' title='bbox 1946 1771 2033 1794; x_wconf 90' lang='lat' dir='ltr'><strong>cum</strong></span> <span class='ocrx_word' id='word_1_476' title='bbox 2048 1758 2266 1806; x_wconf 83' lang='lat' dir='ltr'><strong>Pherecyde</strong></span> 
     </span>
     <span class='ocr_line' id='line_1_74' title="bbox 1211 1815 2263 1866; baseline 0.002 -15"><span class='ocrx_word' id='word_1_477' title='bbox 1211 1815 1281 1866; x_wconf 85' lang='lat' dir='ltr'><strong>(fr.</strong></span> <span class='ocrx_word' id='word_1_478' title='bbox 1318 1828 1385 1851; x_wconf 88' lang='lat'><strong>101</strong></span> <span class='ocrx_word' id='word_1_479' title='bbox 1402 1842 1413 1860; x_wconf 91' lang='lat'><strong>,</strong></span> <span class='ocrx_word' id='word_1_480' title='bbox 1445 1829 1485 1864; x_wconf 93' lang='lat' dir='ltr'><strong>p.</strong></span> <span class='ocrx_word' id='word_1_481' title='bbox 1525 1815 1596 1865; x_wconf 85' lang='lat'><strong>95)</strong></span> <span class='ocrx_word' id='word_1_482' title='bbox 1631 1816 1734 1864; x_wconf 91' lang='lat' dir='ltr'><strong>apud</strong></span> <span class='ocrx_word' id='word_1_483' title='bbox 1765 1817 1886 1853; x_wconf 91' lang='lat' dir='ltr'><strong>schol.</strong></span> <span class='ocrx_word' id='word_1_484' title='bbox 1924 1818 2078 1854; x_wconf 88' lang='lat' dir='ltr'><strong>Aristid.</strong></span> <span class='ocrx_word' id='word_1_485' title='bbox 2110 1831 2150 1866; x_wconf 90' lang='lat' dir='ltr'><strong>p.</strong></span> <span class='ocrx_word' id='word_1_486' title='bbox 2194 1819 2263 1853; x_wconf 77' lang='lat'><strong>103</strong></span> 
     </span>
    </p>
   </div>
   <div class='ocr_carea' id='block_1_23' title="bbox 1209 1876 1412 1912">
    <p class='ocr_par' dir='ltr' id='par_1_25' title="bbox 1209 1876 1412 1912">
     <span class='ocr_line' id='line_1_75' title="bbox 1209 1876 1412 1912; baseline 0 0"><span class='ocrx_word' id='word_1_487' title='bbox 1209 1876 1412 1912; x_wconf 89' lang='lat' dir='ltr'><strong>Frommel.</strong></span> 
     </span>
    </p>
   </div>
   <div class='ocr_carea' id='block_1_24' title="bbox 1627 1960 1845 1975">
    <p class='ocr_par' dir='ltr' id='par_1_26' title="bbox 1627 1960 1845 1975">
     <span class='ocr_line' id='line_1_76' title="bbox 1627 1960 1845 1975; baseline 0 -3"><span class='ocrx_word' id='word_1_488' title='bbox 1627 1960 1845 1975; x_wconf 49' lang='lat'><strong>*⁴0⁶*—</strong></span> 
     </span>
    </p>
   </div>
   <div class='ocr_carea' id='block_1_25' title="bbox 1210 2020 2262 2130">
    <p class='ocr_par' dir='ltr' id='par_1_27' title="bbox 1210 2020 2262 2130">
     <span class='ocr_line' id='line_1_77' title="bbox 1264 2020 2260 2072; baseline -0.001 -13"><span class='ocrx_word' id='word_1_489' title='bbox 1264 2023 1458 2059; x_wconf 87' lang='lat' dir='ltr'><strong>AUGEAS</strong></span> <span class='ocrx_word' id='word_1_490' title='bbox 1478 2022 1511 2058; x_wconf 81' lang='grc' dir='ltr'>ἐν</span> <span class='ocrx_word' id='word_1_491' title='bbox 1527 2020 1560 2058; x_wconf 87' lang='grc' dir='ltr'><strong>α’</strong></span> <span class='ocrx_word' id='word_1_492' title='bbox 1578 2020 1783 2072; x_wconf 84' lang='grc' dir='ltr'>Ἀργολικῶν</span> <span class='ocrx_word' id='word_1_493' title='bbox 1798 2021 1975 2057; x_wconf 90' lang='lat' dir='ltr'><strong>laudatur</strong></span> <span class='ocrx_word' id='word_1_494' title='bbox 1989 2032 2052 2070; x_wconf 90' lang='lat' dir='ltr'><strong>ap.</strong></span> <span class='ocrx_word' id='word_1_495' title='bbox 2075 2022 2194 2056; x_wconf 87' lang='lat' dir='ltr'><strong>schol.</strong></span> <span class='ocrx_word' id='word_1_496' title='bbox 2216 2022 2260 2058; x_wconf 91' lang='lat'><strong>11.</strong></span> 
     </span>
     <span class='ocr_line' id='line_1_78' title="bbox 1210 2077 2262 2130; baseline -0.003 -13"><span class='ocrx_word' id='word_1_497' title='bbox 1210 2081 1245 2126; x_wconf 85' lang='grc' dir='ltr'><strong>λ,</strong></span> <span class='ocrx_word' id='word_1_498' title='bbox 1269 2081 1358 2130; x_wconf 84' lang='lat'><strong>690.</strong></span> <span class='ocrx_word' id='word_1_499' title='bbox 1379 2081 1493 2128; x_wconf 89' lang='lat' dir='ltr'><strong>Quod</strong></span> <span class='ocrx_word' id='word_1_500' title='bbox 1510 2080 1779 2129; x_wconf 85' lang='lat' dir='ltr'><strong>corrigendum</strong></span> <span class='ocrx_word' id='word_1_501' title='bbox 1799 2093 1876 2116; x_wconf 88' lang='lat' dir='ltr'><strong>esse</strong></span> <span class='ocrx_word' id='word_1_502' title='bbox 1892 2087 1987 2128; x_wconf 90' lang='lat' dir='ltr'><strong>puto</strong></span> <span class='ocrx_word' id='word_1_503' title='bbox 2008 2081 2045 2114; x_wconf 93' lang='lat' dir='ltr'><strong>in</strong></span> <span class='ocrx_word' id='word_1_504' title='bbox 2066 2077 2202 2121; x_wconf 88' lang='grc' dir='ltr'>Δεινίας</span> <span class='ocrx_word' id='word_1_505' title='bbox 2227 2079 2262 2115; x_wconf 83' lang='grc' dir='ltr'>ἐν</span> 
     </span>
    </p>
   </div>
   <div class='ocr_carea' id='block_1_26' title="bbox 1211 2137 2039 2190">
    <p class='ocr_par' dir='ltr' id='par_1_28' title="bbox 1211 2137 2039 2190">
     <span class='ocr_line' id='line_1_79' title="bbox 1211 2137 2039 2190; baseline -0.001 -15"><span class='ocrx_word' id='word_1_506' title='bbox 1211 2137 1243 2175; x_wconf 81' lang='grc' dir='ltr'><strong>α’</strong></span> <span class='ocrx_word' id='word_1_507' title='bbox 1265 2137 1359 2190; x_wconf 83' lang='grc' dir='ltr'>Ἀργ.</span> <span class='ocrx_word' id='word_1_508' title='bbox 1380 2140 1475 2176; x_wconf 93' lang='lat' dir='ltr'><strong>Vide</strong></span> <span class='ocrx_word' id='word_1_509' title='bbox 1491 2141 1620 2176; x_wconf 88' lang='lat' dir='ltr'><strong>locum</strong></span> <span class='ocrx_word' id='word_1_510' title='bbox 1639 2140 1679 2175; x_wconf 89' lang='lat' dir='ltr'><strong>in</strong></span> <span class='ocrx_word' id='word_1_511' title='bbox 1695 2139 1909 2176; x_wconf 85' lang='lat' dir='ltr'><strong>Telesarchi</strong></span> <span class='ocrx_word' id='word_1_512' title='bbox 1929 2139 1975 2175; x_wconf 88' lang='lat' dir='ltr'><strong>fr.</strong></span> <span class='ocrx_word' id='word_1_513' title='bbox 2002 2151 2039 2174; x_wconf 81' lang='lat'><strong>2.</strong></span> 
     </span>
    </p>
   </div>
   <div class='ocr_carea' id='block_1_27' title="bbox 1629 2256 1845 2271">
    <p class='ocr_par' dir='ltr' id='par_1_29' title="bbox 1629 2256 1845 2271">
     <span class='ocr_line' id='line_1_80' title="bbox 1629 2256 1845 2271; baseline 0 1433"><span class='ocrx_word' id='word_1_514' title='bbox 1629 2256 1845 2271; x_wconf 95' lang='lat' dir='ltr'><strong> </strong></span> 
     </span>
    </p>
   </div>
   <div class='ocr_carea' id='block_1_28' title="bbox 1543 2352 1929 2411">
    <p class='ocr_par' dir='ltr' id='par_1_30' title="bbox 1543 2352 1929 2411">
     <span class='ocr_line' id='line_1_81' title="bbox 1543 2352 1929 2411; baseline -0.003 -3"><span class='ocrx_word' id='word_1_515' title='bbox 1543 2352 1929 2411; x_wconf 87' lang='lat' dir='ltr'><strong>AUTESION.</strong></span> 
     </span>
    </p>
   </div>
   <div class='ocr_carea' id='block_1_29' title="bbox 1590 2462 1850 2512">
    <p class='ocr_par' dir='ltr' id='par_1_31' title="bbox 1590 2462 1850 2512">
     <span class='ocr_line' id='line_1_82' title="bbox 1590 2462 1850 2512; baseline -0.004 -13"><span class='ocrx_word' id='word_1_516' title='bbox 1590 2462 1850 2512; x_wconf 62' lang='lat' dir='ltr'><strong>(AXAIKM)</strong></span> 
     </span>
    </p>
   </div>
   <div class='ocr_carea' id='block_1_30' title="bbox 1217 2546 2263 2774">
    <p class='ocr_par' dir='ltr' id='par_1_32' title="bbox 1217 2546 2263 2774">
     <span class='ocr_line' id='line_1_83' title="bbox 1269 2546 2263 2595; baseline -0.002 -12"><span class='ocrx_word' id='word_1_517' title='bbox 1269 2548 1396 2584; x_wconf 92' lang='lat' dir='ltr'><strong>Schol.</strong></span> <span class='ocrx_word' id='word_1_518' title='bbox 1419 2547 1571 2583; x_wconf 85' lang='lat' dir='ltr'><strong>Pindar.</strong></span> <span class='ocrx_word' id='word_1_519' title='bbox 1589 2547 1647 2584; x_wconf 91' lang='lat' dir='ltr'><strong>Ol.</strong></span> <span class='ocrx_word' id='word_1_520' title='bbox 1663 2548 1700 2593; x_wconf 91' lang='lat'><strong>1,</strong></span> <span class='ocrx_word' id='word_1_521' title='bbox 1715 2547 1762 2593; x_wconf 85' lang='lat'><strong>37</strong></span> <span class='ocrx_word' id='word_1_522' title='bbox 1781 2559 1789 2582; x_wconf 90' lang='lat'><strong>:</strong></span> <span class='ocrx_word' id='word_1_523' title='bbox 1809 2547 1990 2595; x_wconf 90' lang='lat' dir='ltr'><strong>Pelopem</strong></span> <span class='ocrx_word' id='word_1_524' title='bbox 2001 2547 2184 2582; x_wconf 89' lang='lat' dir='ltr'><strong>Pindarus</strong></span> <span class='ocrx_word' id='word_1_525' title='bbox 2200 2546 2263 2581; x_wconf 87' lang='lat' dir='ltr'><strong>di-</strong></span> 
     </span>
     <span class='ocr_line' id='line_1_84' title="bbox 1217 2602 2263 2655; baseline -0.004 -13"><span class='ocrx_word' id='word_1_526' title='bbox 1217 2607 1268 2643; x_wconf 90' lang='lat' dir='ltr'><strong>cit</strong></span> <span class='ocrx_word' id='word_1_527' title='bbox 1280 2607 1427 2654; x_wconf 80' lang='lat' dir='ltr'><strong>Lydum</strong></span> <span class='ocrx_word' id='word_1_528' title='bbox 1439 2633 1449 2651; x_wconf 93' lang='lat'><strong><em>‚</em></strong></span> <span class='ocrx_word' id='word_1_529' title='bbox 1469 2608 1564 2642; x_wconf 85' lang='lat' dir='ltr'><strong>Ister</strong></span> <span class='ocrx_word' id='word_1_530' title='bbox 1585 2605 1652 2655; x_wconf 85' lang='lat' dir='ltr'><strong>(fr.</strong></span> <span class='ocrx_word' id='word_1_531' title='bbox 1674 2604 1743 2655; x_wconf 83' lang='lat'><strong>59)</strong></span> <span class='ocrx_word' id='word_1_532' title='bbox 1761 2606 2065 2654; x_wconf 86' lang='lat' dir='ltr'><strong>Paphlagonem,</strong></span> <span class='ocrx_word' id='word_1_533' title='bbox 2086 2602 2263 2642; x_wconf 84' lang='grc' dir='ltr'>Αὖτεσίων</span> 
     </span>
     <span class='ocr_line' id='line_1_85' title="bbox 1217 2656 2260 2715; baseline -0.003 -15"><span class='ocrx_word' id='word_1_534' title='bbox 1217 2662 1356 2715; x_wconf 81' lang='grc' dir='ltr'>Ἀχαιὸν</span> <span class='ocrx_word' id='word_1_535' title='bbox 1378 2662 1437 2701; x_wconf 84' lang='grc' dir='ltr'><strong>ἀπ’</strong></span> <span class='ocrx_word' id='word_1_536' title='bbox 1465 2661 1609 2701; x_wconf 82' lang='grc' dir='ltr'>Ὠλένου</span> <span class='ocrx_word' id='word_1_537' title='bbox 1633 2662 1787 2709; x_wconf 75' lang='grc' dir='ltr'>πόλεως,</span> <span class='ocrx_word' id='word_1_538' title='bbox 1804 2656 1845 2709; x_wconf 73' lang='grc' dir='ltr'><strong>ἧς</strong></span> <span class='ocrx_word' id='word_1_539' title='bbox 1863 2662 1922 2700; x_wconf 87' lang='grc' dir='ltr'><strong>καὶ</strong></span> <span class='ocrx_word' id='word_1_540' title='bbox 1942 2661 2104 2714; x_wconf 62' lang='grc' dir='ltr'>’Όμηρος</span> <span class='ocrx_word' id='word_1_541' title='bbox 2126 2675 2260 2711; x_wconf 84' lang='grc' dir='ltr'>μνημο-</span> 
     </span>
     <span class='ocr_line' id='line_1_86' title="bbox 1219 2721 1590 2774; baseline 0.003 -13"><span class='ocrx_word' id='word_1_542' title='bbox 1219 2722 1308 2761; x_wconf 86' lang='grc' dir='ltr'>νεύει</span> <span class='ocrx_word' id='word_1_543' title='bbox 1332 2725 1399 2774; x_wconf 88' lang='lat' dir='ltr'><strong>(Il.</strong></span> <span class='ocrx_word' id='word_1_544' title='bbox 1423 2725 1455 2774; x_wconf 86' lang='grc' dir='ltr'><strong>β,</strong></span> <span class='ocrx_word' id='word_1_545' title='bbox 1475 2721 1590 2774; x_wconf 80' lang='lat'><strong>639).</strong></span> 
     </span>
    </p>
   </div>
   <div class='ocr_carea' id='block_1_31' title="bbox 1212 2830 2262 3236">
    <p class='ocr_par' dir='ltr' id='par_1_33' title="bbox 1212 2830 2262 3236">
     <span class='ocr_line' id='line_1_87' title="bbox 1212 2830 2262 2874; baseline -0.006 -8"><span class='ocrx_word' id='word_1_546' title='bbox 1212 2834 1292 2874; x_wconf 82' lang='lat' dir='ltr'><strong>l&#39;ert,</strong></span> <span class='ocrx_word' id='word_1_547' title='bbox 1308 2834 1435 2866; x_wconf 87' lang='lat' dir='ltr'><strong>Thetim</strong></span> <span class='ocrx_word' id='word_1_548' title='bbox 1449 2835 1481 2865; x_wconf 88' lang='lat' dir='ltr'><strong>et</strong></span> <span class='ocrx_word' id='word_1_549' title='bbox 1505 2833 1650 2866; x_wconf 84' lang='lat' dir='ltr'><strong>Medeam</strong></span> <span class='ocrx_word' id='word_1_550' title='bbox 1667 2833 1707 2865; x_wconf 87' lang='lat' dir='ltr'><strong>de</strong></span> <span class='ocrx_word' id='word_1_551' title='bbox 1730 2831 1945 2873; x_wconf 82' lang='lat' dir='ltr'><strong>pulcritudine</strong></span> <span class='ocrx_word' id='word_1_552' title='bbox 1964 2831 1998 2863; x_wconf 90' lang='lat' dir='ltr'><strong>in</strong></span> <span class='ocrx_word' id='word_1_553' title='bbox 2015 2830 2177 2863; x_wconf 85' lang='lat' dir='ltr'><strong>Thessalia</strong></span> <span class='ocrx_word' id='word_1_554' title='bbox 2192 2838 2262 2861; x_wconf 88' lang='lat' dir='ltr'><strong>cer-</strong></span> 
     </span>
     <span class='ocr_line' id='line_1_88' title="bbox 1212 2881 2262 2925; baseline -0.007 -7"><span class='ocrx_word' id='word_1_555' title='bbox 1212 2888 1295 2918; x_wconf 87' lang='lat' dir='ltr'><strong>tasse</strong></span> <span class='ocrx_word' id='word_1_556' title='bbox 1308 2910 1316 2925; x_wconf 91' lang='lat'><strong>,</strong></span> <span class='ocrx_word' id='word_1_557' title='bbox 1338 2885 1561 2925; x_wconf 84' lang='lat' dir='ltr'><strong>arbitrumque</strong></span> <span class='ocrx_word' id='word_1_558' title='bbox 1577 2885 1756 2916; x_wconf 87' lang='lat' dir='ltr'><strong>adhibitum</strong></span> <span class='ocrx_word' id='word_1_559' title='bbox 1774 2884 1943 2915; x_wconf 85' lang='lat' dir='ltr'><strong>Idomenea</strong></span> <span class='ocrx_word' id='word_1_560' title='bbox 1956 2881 2082 2914; x_wconf 84' lang='lat' dir='ltr'><strong>Thetidi</strong></span> <span class='ocrx_word' id='word_1_561' title='bbox 2097 2881 2262 2913; x_wconf 88' lang='lat' dir='ltr'><strong>victoriam</strong></span> 
     </span>
     <span class='ocr_line' id='line_1_89' title="bbox 1212 2934 2260 2977; baseline -0.006 -8"><span class='ocrx_word' id='word_1_562' title='bbox 1212 2937 1428 2977; x_wconf 85' lang='lat' dir='ltr'><strong>adjudicasse:</strong></span> <span class='ocrx_word' id='word_1_563' title='bbox 1442 2937 1585 2969; x_wconf 80' lang='lat' dir='ltr'><strong>Medeam</strong></span> <span class='ocrx_word' id='word_1_564' title='bbox 1600 2945 1675 2968; x_wconf 87' lang='lat' dir='ltr'><strong>vero</strong></span> <span class='ocrx_word' id='word_1_565' title='bbox 1689 2934 1958 2976; x_wconf 86' lang='lat' dir='ltr'><strong>indignabundam</strong></span> <span class='ocrx_word' id='word_1_566' title='bbox 1976 2934 2053 2966; x_wconf 85' lang='lat' dir='ltr'><strong>illud</strong></span> <span class='ocrx_word' id='word_1_567' title='bbox 2070 2934 2236 2975; x_wconf 85' lang='lat' dir='ltr'><strong>protulisse</strong></span> <span class='ocrx_word' id='word_1_568' title='bbox 2252 2942 2260 2963; x_wconf 93' lang='lat'>:</span> 
     </span>
     <span class='ocr_line' id='line_1_90' title="bbox 1215 2986 2262 3028; baseline -0.006 -7"><span class='ocrx_word' id='word_1_569' title='bbox 1215 2991 1390 3022; x_wconf 81' lang='lat' dir='ltr'><strong>Cretenses</strong></span> <span class='ocrx_word' id='word_1_570' title='bbox 1402 2997 1534 3028; x_wconf 85' lang='lat' dir='ltr'><strong>semper</strong></span> <span class='ocrx_word' id='word_1_571' title='bbox 1561 2987 1741 3020; x_wconf 84' lang='lat' dir='ltr'><strong>mendaces</strong></span> <span class='ocrx_word' id='word_1_572' title='bbox 1749 2997 1762 3025; x_wconf 83' lang='grc'><strong>,-</strong></span> <span class='ocrx_word' id='word_1_573' title='bbox 1784 2986 1952 3027; x_wconf 87' lang='lat' dir='ltr'><strong>eidemque</strong></span> <span class='ocrx_word' id='word_1_574' title='bbox 1973 2986 2197 3026; x_wconf 87' lang='lat' dir='ltr'><strong>imprecatam,</strong></span> <span class='ocrx_word' id='word_1_575' title='bbox 2222 2993 2262 3015; x_wconf 91' lang='lat' dir='ltr'><strong>ne</strong></span> 
     </span>
     <span class='ocr_line' id='line_1_91' title="bbox 1212 3037 2260 3080; baseline -0.006 -8"><span class='ocrx_word' id='word_1_576' title='bbox 1212 3050 1325 3072; x_wconf 87' lang='lat' dir='ltr'><strong>verum</strong></span> <span class='ocrx_word' id='word_1_577' title='bbox 1339 3049 1481 3080; x_wconf 85' lang='lat' dir='ltr'><strong>unquam</strong></span> <span class='ocrx_word' id='word_1_578' title='bbox 1496 3039 1633 3076; x_wconf 86' lang='lat' dir='ltr'><strong>diceret,</strong></span> <span class='ocrx_word' id='word_1_579' title='bbox 1647 3038 1740 3070; x_wconf 82' lang='lat' dir='ltr'><strong>sicuti</strong></span> <span class='ocrx_word' id='word_1_580' title='bbox 1752 3038 1854 3070; x_wconf 87' lang='lat' dir='ltr'><strong>inhac</strong></span> <span class='ocrx_word' id='word_1_581' title='bbox 1866 3038 2033 3070; x_wconf 84' lang='lat' dir='ltr'><strong>sententia.</strong></span> <span class='ocrx_word' id='word_1_582' title='bbox 2047 3037 2126 3069; x_wconf 83' lang='lat' dir='ltr'><strong>Hinc</strong></span> <span class='ocrx_word' id='word_1_583' title='bbox 2142 3037 2260 3068; x_wconf 80' lang='lat' dir='ltr'><strong>sactum</strong></span> 
     </span>
     <span class='ocr_line' id='line_1_92' title="bbox 1212 3086 2262 3126; baseline -0.006 -2"><span class='ocrx_word' id='word_1_584' title='bbox 1212 3092 1323 3124; x_wconf 83' lang='lat' dir='ltr'><strong>scribit</strong></span> <span class='ocrx_word' id='word_1_585' title='bbox 1346 3094 1381 3124; x_wconf 88' lang='lat' dir='ltr'><strong>ut</strong></span> <span class='ocrx_word' id='word_1_586' title='bbox 1410 3091 1578 3123; x_wconf 89' lang='lat' dir='ltr'><strong>mendaces</strong></span> <span class='ocrx_word' id='word_1_587' title='bbox 1598 3090 1777 3122; x_wconf 85' lang='lat' dir='ltr'><strong>habeantur</strong></span> <span class='ocrx_word' id='word_1_588' title='bbox 1803 3090 1979 3122; x_wconf 77' lang='lat' dir='ltr'><strong>Cretenses.</strong></span> <span class='ocrx_word' id='word_1_589' title='bbox 2009 3090 2134 3121; x_wconf 86' lang='lat' dir='ltr'><strong>Testem</strong></span> <span class='ocrx_word' id='word_1_590' title='bbox 2167 3086 2262 3126; x_wconf 88' lang='lat' dir='ltr'><strong>hujus</strong></span> 
     </span>
     <span class='ocr_line' id='line_1_93' title="bbox 1214 3140 2260 3184; baseline -0.006 -8"><span class='ocrx_word' id='word_1_591' title='bbox 1214 3144 1400 3177; x_wconf 85' lang='lat' dir='ltr'><strong>narrationis</strong></span> <span class='ocrx_word' id='word_1_592' title='bbox 1426 3143 1556 3184; x_wconf 88' lang='lat' dir='ltr'><strong>apponit</strong></span> <span class='ocrx_word' id='word_1_593' title='bbox 1572 3143 1766 3175; x_wconf 89' lang='lat' dir='ltr'><strong>Antiochum</strong></span> <span class='ocrx_word' id='word_1_594' title='bbox 1784 3142 1866 3174; x_wconf 89' lang='lat' dir='ltr'><strong>libro</strong></span> <span class='ocrx_word' id='word_1_595' title='bbox 1886 3142 2024 3174; x_wconf 87' lang='lat' dir='ltr'><strong>secundo</strong></span> <span class='ocrx_word' id='word_1_596' title='bbox 2052 3140 2171 3182; x_wconf 86' lang='lat' dir='ltr'><strong>operis,</strong></span> <span class='ocrx_word' id='word_1_597' title='bbox 2196 3148 2260 3179; x_wconf 89' lang='lat' dir='ltr'><strong>quo</strong></span> 
     </span>
     <span class='ocr_line' id='line_1_94' title="bbox 1213 3194 1875 3236; baseline -0.005 -7"><span class='ocrx_word' id='word_1_598' title='bbox 1213 3196 1408 3236; x_wconf 86' lang='lat' dir='ltr'><strong>singularum</strong></span> <span class='ocrx_word' id='word_1_599' title='bbox 1424 3195 1590 3227; x_wconf 86' lang='lat' dir='ltr'><strong>civitatum</strong></span> <span class='ocrx_word' id='word_1_600' title='bbox 1607 3194 1728 3226; x_wconf 80' lang='lat' dir='ltr'><strong>tabulas</strong></span> <span class='ocrx_word' id='word_1_601' title='bbox 1738 3194 1875 3235; x_wconf 86' lang='lat' dir='ltr'><strong>collegit.</strong></span> 
     </span>
    </p>
   </div>
   <div class='ocr_carea' id='block_1_32' title="bbox 1589 3286 1889 3339">
    <p class='ocr_par' dir='ltr' id='par_1_34' title="bbox 1589 3286 1889 3339">
     <span class='ocr_line' id='line_1_95' title="bbox 1589 3286 1889 3339; baseline -0.007 -12"><span class='ocrx_word' id='word_1_602' title='bbox 1589 3287 1598 3339; x_wconf 88' lang='lat'>(</span> <span class='ocrx_word' id='word_1_603' title='bbox 1614 3287 1837 3327; x_wconf 74' lang='lat' dir='ltr'><strong>AanicA</strong></span> <span class='ocrx_word' id='word_1_604' title='bbox 1849 3288 1865 3325; x_wconf 73' lang='lat'><strong>‘2</strong></span> <span class='ocrx_word' id='word_1_605' title='bbox 1879 3286 1889 3338; x_wconf 88' lang='lat'>)</span> 
     </span>
    </p>
   </div>
   <div class='ocr_carea' id='block_1_33' title="bbox 1217 3370 2258 3473">
    <p class='ocr_par' dir='ltr' id='par_1_35' title="bbox 1217 3370 2258 3473">
     <span class='ocr_line' id='line_1_96' title="bbox 1257 3370 2258 3420; baseline -0.011 -8"><span class='ocrx_word' id='word_1_606' title='bbox 1257 3380 1407 3412; x_wconf 79' lang='lat' dir='ltr'><strong>Autesion</strong></span> <span class='ocrx_word' id='word_1_607' title='bbox 1428 3380 1575 3420; x_wconf 87' lang='lat' dir='ltr'><strong>Pelopem</strong></span> <span class='ocrx_word' id='word_1_608' title='bbox 1601 3379 1756 3411; x_wconf 77' lang='lat' dir='ltr'><strong>Achaeum</strong></span> <span class='ocrx_word' id='word_1_609' title='bbox 1779 3387 1846 3410; x_wconf 80' lang='lat' dir='ltr'><strong>esse</strong></span> <span class='ocrx_word' id='word_1_610' title='bbox 1874 3377 1951 3409; x_wconf 84' lang='lat' dir='ltr'><strong>dicit</strong></span> <span class='ocrx_word' id='word_1_611' title='bbox 1972 3384 2010 3407; x_wconf 84' lang='lat' dir='ltr'><strong>ex</strong></span> <span class='ocrx_word' id='word_1_612' title='bbox 2034 3374 2133 3406; x_wconf 85' lang='lat' dir='ltr'><strong>Oleno</strong></span> <span class='ocrx_word' id='word_1_613' title='bbox 2165 3370 2258 3409; x_wconf 86' lang='lat' dir='ltr'><strong>urbe,</strong></span> 
     </span>
     <span class='ocr_line' id='line_1_97' title="bbox 1217 3430 1791 3473; baseline -0.007 -9"><span class='ocrx_word' id='word_1_614' title='bbox 1217 3433 1309 3473; x_wconf 81' lang='lat' dir='ltr'><strong>eujus</strong></span> <span class='ocrx_word' id='word_1_615' title='bbox 1320 3434 1477 3464; x_wconf 86' lang='lat' dir='ltr'><strong>Homerus</strong></span> <span class='ocrx_word' id='word_1_616' title='bbox 1490 3440 1618 3472; x_wconf 85' lang='lat' dir='ltr'><strong>quoque</strong></span> <span class='ocrx_word' id='word_1_617' title='bbox 1635 3430 1791 3462; x_wconf 86' lang='lat' dir='ltr'><strong>meminit.</strong></span> 
     </span>
    </p>
   </div>
  </div>
 </body>
</html>
