2372 3704
417 220 715 260 PROTARCHI
744 220 1348 268 TRALLIAN1,PTOIEMAE{
1379 224 1625 265 MENDESII
1656 227 1986 267 FRAGMENTA

351 330 614 369 ΚΩΜΙΚΑῙ
644 330 937 369 lerOPIAI

406 434 436 469 E
464 434 614 470 LIBRO
643 432 883 470 SECUNDO.

631 524 664 563 ίι.

158 594 512 644 AthenaeusIII,p.
529 599 624 640 124,
636 596 695 633 1)·
716 592 1030 645 Πρωταγορίδηςδ’
1042 593 1076 631 ἐν
1095 594 1170 631 δευ·

119 667 158 689 τ
142 649 211 704 ἔρῳ
225 653 294 689 τῶν
317 653 495 702 Κωμικῶν
515 653 688 704 ἱστοριῶν,
704 651 763 689 τὸν
784 651 960 703 Ἀντιόχου
979 654 1038 690 τοῦ
1070 655 1170 703 βασι-

120 708 209 754 λέως
231 709 323 748 κατὰ
342 710 399 748 τὸν
422 711 580 760 ποταμὸν
610 710 833 761 διηγούμενος
860 711 989 760 πλοῦν,
1010 709 1108 761 λέγει
1138 727 1171 749 τι

95 767 182 806 ’καὶ
209 767 290 820 περὶ
322 768 577 820 ἐπιτεχνησεως
607 771 751 822 ψυχρῶν
783 768 932 816 ὑδάτων,
967 770 1001 806 ἐν
1022 768 1171 813 τούτοις·

124 844 140 861 e«
159 825 235 874 Τὴν
250 827 317 880 γὰρ
333 827 468 880 ἡμέραν
488 827 727 875 ἀνηλιάζοντες
742 828 827 867 αὗτὸ
838 858 849 878 ,
867 831 928 875 τῆς
943 827 1062 873 νυκτὸς
1079 832 1169 876 ἀπη-

122 888 283 929 θοῦντες
289 885 329 924 τὸ
366 886 582 939 παχύτατον,
612 886 652 925 τὸ
683 886 803 925 λοιπὸν
835 885 1102 940 ἐξαιθριάζουσιν
1139 890 1174 926 ἐν

122 942 254 995 ὑδρίαις
281 959 414 996 κεραμε
405 944 471 988 ἀις
489 945 548 983 ἐπὶ
575 948 644 983 τῶν
672 946 942 999 μετεωροτάτων
970 949 1084 997 μερῶν
1112 963 1174 994 της

122 1001 329 1052 οἰκήσεως,
338 1003 383 1040 δι’
404 1002 486 1051 ὅλης
513 1020 551 1042 τε
570 1007 632 1050 τῆς
650 1003 772 1048 νυκτὸς
792 1005 852 1043 δύο
871 1006 991 1048 παῖδες
1010 1004 1109 1043 ὕδατι
1130 1005 1174 1043 τὰ

122 1059 233 1112 τεύχη
254 1061 559 1114 καταρραίνουσιν.
587 1061 741 1115 Ὄρθρου
763 1062 798 1101 δὲ
825 1066 1090 1132 καθαιροῦντες,
1114 1062 1174 1101 καὶ

122 1117 185 1164 τὴν
194 1118 424 1193 υποστάθμην
436 1120 569 1158 πάλιν
555 1123 791 1168 υποσπῶντες,
801 1120 928 1159 λεπτόν
939 1136 977 1158 τε
991 1124 1173 1164 ποιοῦντες

124 1176 210 1214 αὐτὸ
225 1176 286 1215 καὶ
306 1193 392 1230 προς
408 1178 538 1228 ὑγίειαν
558 1173 628 1217 οἷον
648 1179 804 1231 ἄριστον,
826 1182 859 1218 ἐν
880 1179 1022 1232 ἀχύροις
1041 1178 1174 1217 τιθέασι

123 1233 185 1278 τὰς
204 1235 341 1288 υδρίας,
371 1231 433 1274 εἶθ’
465 1236 572 1281 οὕτως
591 1240 765 1290 χρῶνται,
783 1237 896 1289 χιόνος
921 1238 990 1276 οὐδ’
1017 1240 1174 1284 ἡντινοῦν

123 1292 246 1345 χρείαν
266 1294 456 1347 ἔχοντες.»
480 1299 691 1344 Quemnam
709 1299 940 1335 Antiochum
963 1305 1096 1335 auctor
1114 1298 1175 1333 in-

124 1354 321 1400 tellexerit,
341 1356 535 1403 quaeritur.

180 1412 457 1464 Πρωταγορίδου
490 1412 688 1466 Ἀκροάσεις
721 1413 888 1465 ε’ρωτικάς
919 1415 1018 1452 inter
1048 1417 1177 1452 similis

126 1473 342 1521 argumenti
360 1473 477 1509 libros
498 1481 670 1510 recenset
686 1474 887 1510 Athenaeus
904 1487 944 1523 p.
968 1474 1055 1519 162,
1079 1474 1121 1513 C.

146 1707 634 1768 PROTARCHUS
674 1710 1155 1769 TRALLIANUS.

180 1838 399 1874 Macrobius
425 1839 503 1875 Sat.
533 1840 576 1885 Ι,
611 1853 630 1886 7
669 1841 908 1887 :Regionem
930 1844 1062 1886 istam,
1092 1854 1178 1888 quoe

126 1909 223 1931 nunc
241 1905 399 1932 vocatur
415 1898 553 1941 Italia,
577 1910 693 1945 regno
717 1899 837 1934 Ianus
855 1899 1036 1944 obtitzut't,
1058 1902 1122 1946 qui
1141 1907 1179 1934 ut

127 1955 311 2002 Hyginus,
338 1956 580 1992 Protarchum
603 1957 833 1992 Trallianum
849 1965 1010 2000 secutus,
1043 1958 1175 2003 tradit,

127 2026 208 2049 cum
236 2014 393 2050 Camese
414 2027 522 2062 oeque
542 2016 648 2062 indit,
648 2028 720 2051 ena
740 2024 875 2051 terram
900 2016 998 2051 hanc
1018 2019 1070 2051 ιτα
1086 2029 1177 2064 par-

129 2076 286 2120 ticipata
306 2077 477 2121 potenticz
499 2075 731 2121 possidebat,
766 2083 807 2110 ut
823 2078 927 2122 regio
954 2075 1174 2119 Cameoene,

128 2132 305 2180 oppidum
325 2133 540 2167 Ianiculum
560 2137 711 2168 vocitat
711 2141 803 2168 etur.

183 2190 364 2238 Stephan.
380 2191 498 2238 Byz.:
516 2187 767 2242 Ὑπερὸόρεοι,
787 2188 891 2232 ἔθνος.
911 2189 1129 2242 Πρώταρχος
1144 2189 1179 2228 δὲ

129 2244 192 2289 τὰς
222 2245 363 2291 Ἄλπεις
392 2246 540 2286 Ῥίπαια
571 2247 634 2300 ὅρη
667 2247 758 2286 οὕτω
777 2251 1095 2300 προσηγορεῦσθαι,
1121 2249 1180 2287 καὶ

136 2303 214 2347 τους
230 2303 316 2357 υπὲρ
331 2304 377 2343 τὰ
393 2303 578 2344 mmmm
559 2322 622 2358 ορη
639 2310 886 2350 κατοικοῦντας
902 2307 1035 2351 πάντας
1054 2306 1181 2359 ‘Pit-ep·

133 2361 274 2415 Βορέους
295 2364 538 2414 ὀνομάζεσθαι.
556 2367 613 2403 Cf.
637 2368 786 2413 Muller,
803 2368 892 2403 Dor.
912 2370 951 2413 I,
970 2381 1009 2417 p
1033 2381 1124 2415 277.

184 2425 289 2460 Alios
319 2426 546 2461 Protarehos
566 2438 603 2463 v.
641 2438 704 2474 ap.
741 2425 919 2462 strabon.
946 2428 1051 2472 XIV,
1082 2427 1179 2473 658;

132 2482 341 2528 CelsumV,
369 2483 429 2521 18.
451 2484 512 2520 28.
529 2486 637 2530 VIII,
657 2497 724 2520 20·
716 2486 947 2535 ‚Philopon.
967 2487 1005 2520 in
1025 2487 1180 2524 Aristot.

133 2541 240 2589 Phys.
258 2554 300 2590 p.
321 2541 363 2576 3·
354 2542 558 2591 ,Simplic.
580 2544 629 2579 ad
646 2543 760 2582 eund.
778 2557 815 2592 p.
840 2544 912 2591 783
933 2545 1112 2580 Themist.
1135 2545 1183 2581 ad

174 2720 416 2762 Protagorides‚
427 2721 659 2754 secundoiibro
670 2723 875 2756 Comicarum
887 2724 1110 2764 Historiarum,
1126 2727 1186 2756 An-

133 2771 233 2803 tiochi
258 2773 338 2813 regis
364 2773 397 2804 in
425 2773 557 2806 flumine
579 2775 816 2815 navigationem
841 2786 1012 2816 enarrans,
1039 2777 1183 2810 nonnihil

135 2824 234 2855 etiam
262 2823 303 2856 de
326 2824 500 2858 artificiosa
521 2835 614 2867 aquae
633 2827 872 2867 refrigeratione
896 2829 1015 2869 tradit,
1039 2829 1087 2861 his
1113 2838 1186 2861 ver-

135 2874 205 2907 bis:
221 2887 237 2902 «
252 2876 396 2908 Interdiu
409 2885 526 2918 aquam
541 2878 714 2911 insolantes
725 2902 734 2917 ,
747 2881 780 2912 et
790 2880 850 2912 sul)
863 2883 990 2912 noctem
1008 2881 1095 2922 quod
1106 2890 1187 2913 cras-

135 2927 296 2960 sissimum
312 2930 361 2961 est
374 2929 445 2961 'colo
458 2933 659 2963 secernentes
669 2955 678 2971 ,
692 2932 852 2973 reliquum
868 2934 958 2965 urnis
973 2933 1124 2966 fictilibus
1134 2943 1187 2965 ex-

136 2981 266 3021 ceptum
282 2980 315 3012 in
324 2981 542 3014 excelsissima
560 2983 678 3015 aedium
692 2986 782 3024 parte
796 2985 862 3017 aeri
877 2987 1062 3026 exponunt,
1079 2987 1112 3017 et
1124 2985 1188 3018 duo

136 3032 226 3072 pueri
242 3033 311 3064 tota
323 3035 417 3065 nocte
429 3042 514 3075 aqua
526 3034 658 3076 irrigant
670 3044 756 3068 vasa.
775 3036 925 3069 Diluculo
944 3038 1080 3078 tollunt,
1092 3041 1123 3070 et
1136 3047 1187 3070 se-

137 3083 280 3116 dimento
296 3084 402 3117 denuo
415 3085 561 3118 detracto
579 3087 623 3119 ita
643 3089 775 3120 tenuem
790 3088 929 3121 reddunt
942 3098 1058 3130 aquam
1069 3114 1078 3129 ‚
1096 3091 1133 3121 ut
1148 3090 1189 3121 ad

137 3135 314 3169 bibendum
330 3138 371 3170 sit
392 3139 603 3171 saluberrima
619 3149 706 3181 :quo
725 3141 829 3182 sacto,
843 3142 876 3173 in
898 3142 996 3182 paleis
1011 3142 1189 3174 recondunt

138 3198 236 3222 urnas
245 3201 255 3231 ;
278 3191 368 3224 etsie
381 3191 495 3225 deinde
507 3201 544 3225 ea
561 3201 645 3234 aqua
658 3195 806 3234 utuntur,
834 3195 871 3227 ut
887 3195 960 3227 nive
981 3203 1110 3235 prorsus
1124 3203 1189 3226 non

138 3242 310 3284 indigeant.
324 3258 339 3273 »

554 3298 773 3314 —OQQOQ—

181 3348 374 3382 Protarchus
388 3350 483 3391 Alpes
496 3350 591 3383 fuisse
614 3351 761 3392 Rhipaeos
786 3353 912 3384 montes
938 3352 1138 3392 nominatos,
1159 3352 1191 3384 et

140 3399 230 3432 trans
243 3400 336 3441 Alpes
350 3401 406 3442 qui
421 3402 583 3443 habitent,
597 3412 652 3436 eos
670 3412 782 3437 omnes
792 3404 898 3437 vocari
913 3404 1145 3445 Hyperboreos.

1210 2732 1217 2765 i

2204 237 2278 268 485

1230 306 1342 342 Arist.
1364 319 1404 354 p.
1427 319 1496 352 273
1521 309 1592 342 Eus
1595 307 1653 345 eb.
1676 309 1716 343 P.
1742 310 1783 345 E.
1807 322 1845 356 p.
1866 310 1955 358 629.
1977 324 2063 357 770.
2086 324 2175 358 771,
2206 318 2276 347 etc.

1230 366 1286 400 De
1303 362 1354 399 Pl
1358 365 1515 400 otareho
1530 367 1763 414 geographo,
1780 369 1846 414 qui
1862 368 2075 419 γεωμετρίαν
2093 371 2154 414 τῆς
2166 370 2278 406 οἴκου-

1232 419 1339 470 μένης
1358 422 1464 458 libris
1481 435 1546 459 sex
1566 425 1803 472 composuit,
1821 437 1888 460 suo
1909 426 2077 463 dicemus
2096 428 2198 464 loco.

1651 543 1868 559 *00*-

1291 645 1751 703 PPOLEMAEUS
1789 646 2223 707 MENDESIUS.

1459 770 1789 809 ΑιΓΥΠΤιΑΚΑ.
1822 771 2067 810 XPONIKA.

1749 872 1779 895 1.

1289 930 1465 964 Tatianus
1484 930 1550 965 Or.
1583 929 1634 965 ad
1656 929 1721 967 Gr.
1743 942 1778 967 e.
1813 928 1894 978 59:
1921 929 2119 979 Αἰγυπτίων
2146 930 2177 967 δ’
2201 931 2285 968 εἰσὶν

1237 985 1391 1037 ἀκριὸεἶς
1425 984 1559 1037 χρόνων
1591 985 1806 1038 ἀναγραφαί.
1842 986 1916 1024 Καὶ
1949 989 2018 1024 τῶν
2053 988 2130 1025 κατ’
2163 989 2286 1031 αὐτους

1235 1044 1454 1117 γραμμάτων
1487 1043 1655 1096 ἑρμηνευς
1688 1046 1927 1094 Πτολεμαῖος,
1959 1046 2025 1097 οὐχ
2052 1048 2070 1083 ὃ
2101 1046 2284 1097 βασιλεὺς,

1236 1104 1305 1153 ἱερε
1308 1118 1345 1146 υς
1380 1101 1415 1140 δὲ
1445 1102 1625 1149 Μένδητος
1658 1103 1759 1153 (sic),
1790 1105 1888 1146 οὗτος
1919 1102 1982 1146 τὰς
2012 1105 2080 1141 τῶν
2113 1104 2286 1155 βασιλέων

1237 1160 1378 1212 πράξεις
1394 1160 1630 1209 ἐκτιθέμενος,
1648 1160 1740 1199 κατὰ
1758 1159 1915 1212 Ἄμωσιν
1933 1162 2116 1213 Αἰγύπτου
2138 1162 2286 1214 βασιλέα

1237 1220 1413 1270 γεγονέναι
1434 1219 1615 1262 Ἰουδαίοις
1637 1220 1722 1271 φησὶ
1738 1219 1801 1267 τὴν
1831 1219 1864 1264 ἐξ
1887 1220 2066 1271 Αἰγύπτου
2085 1220 2226 1273 πορείαν
2242 1223 2287 1264 εἷς

1238 1278 1328 1330 ἅπερ
1362 1279 1485 1326 ἤθελον
1517 1278 1650 1332 χωρία,
1686 1278 1797 1318 Μωσε
1782 1294 1844 1322 εως
1875 1278 2083 1329 ἡγουμένου.
2117 1278 2222 1330 Λέγει
2251 1279 2286 1317 δὲ

1238 1340 1349 1381 οὗτος·
1379 1336 1454 1376 ιὉ
1472 1337 1508 1375 δὲ
1534 1336 1690 1387 Ἄμωσις
1716 1337 1851 1388 ἐγένετο
1874 1336 1966 1375 κατὰ
1990 1338 2047 1375 τὸν
2064 1336 2208 1390 Ἴναχον
2227 1338 2285 1376 τὸν

1240 1396 1401 1448 βασιλέα.
1426 1395 1570 1435 >Μετὰ
1587 1396 1622 1433 δὲ
1643 1399 1763 1434 τοῦτον
1783 1395 1943 1435 Ἀπίων.
1952 1396 2087 1448 .φησιν
2108 1395 2160 1434 ὅτι
2186 1397 2287 1435 κατέ·

1238 1456 1351 1507 σκαψε
1368 1454 1430 1501 τὴν
1449 1453 1581 1506 Αὔαριν
1602 1451 1769 1504 Ἄμωσις,
1787 1454 1878 1492 κατὰ
1895 1455 1953 1492 τὸν
1967 1453 2118 1506 Ἀργεῖον
2138 1455 2287 1505 γενόμε-

1237 1528 1291 1555 νος
1310 1512 1468 1565 Ἴναχον,
1486 1515 1533 1556 ὣς
1553 1529 1587 1551 εν
1606 1513 1676 1556 τοῖς
1693 1512 1836 1564 Χρόνοις
1856 1513 2047 1566 ἀνέγραψεν
2062 1517 2080 1551 ὃ
2097 1515 2289 1562 Μενδήσιος

1239 1573 1472 1622 Πτολεμαῖος.
1505 1574 1649 1609 Eadem
1678 1573 1842 1609 afferunt
1870 1587 1913 1610 ex
1933 1575 2092 1609 Tatiano
2122 1575 2290 1611 Clemens

1237 1633 1345 1668 Alex.
1356 1634 1496 1669 Stiom.
1509 1634 1548 1678 I,
1563 1645 1678 1681 21,.p
1697 1633 1786 1680 138,
1804 1632 1969 1681 23Sylb.
1988 1634 2174 1671 etEuseb
2185 1635 2226 1672 P.
2242 1637 2285 1672 E.

1236 1703 1277 1739 p.
1304 1691 1394 1739 493,
1412 1693 1460 1727 D.
1480 1692 1632 1739 497,Α.
1653 1691 1760 1727 Adde
1783 1692 1920 1730 Euseb.
1949 1688 2089 1730 Chron.
2114 1705 2155 1741 p.
2188 1697 2286 1741 [⁸903

1238 1750 1399 1796 Syncell.
1411 1763 1450 1798 p.
1468 1748 1530 1795 65,
1547 1752 1598 1794 Α,
1613 1749 1744 1797 cyrill.
1757 1750 1797 1787 C.
1806 1751 1882 1788 Jul.
1899 1752 1931 1795 I,
1953 1749 2019 1796 15;
2034 1752 2166 1788 Justin
2177 1753 2288 1790 Mart.

1238 1807 1334 1846 Coh.
1350 1807 1398 1843 ad
1413 1808 1523 1843 Gent.
1532 1821 1572 1856 p.
1584 1809 1701 1855 9Par.
1716 1808 1890 1844 Ceterum
1909 1809 2121 1846 Clemensl.
2142 1811 2167 1845 l.
2186 1811 2292 1846 addit

1237 1860 1928 1917 113εοτιΟδὲΠτολεικαῖοςοῦτοςῖερευς
1945 1865 2006 1938 μὲν
2020 1869 2074 1913 ἠν,
2094 1865 2200 1910 τὰςδὲ
2221 1871 2289 1906 τῶν

1242 1923 1445 1974 Αἰγυπτίων
1471 1924 1643 1976 βασιλέων
1662 1923 1834 1976 πράξεις
1820 1940 1854 1962 εν
1872 1939 1982 1975 τρισιν
1998 1924 2124 1968 δ’λαιςε
2112 1926 2291 1975 ἐκθέμενος

1242 1981 1386 2033 βίὸλοις.
1413 1986 1470 2020 De
1490 1985 1627 2032 quibus
1644 1997 1762 2032 quum
1781 1996 1844 2032 ap.
1866 1985 2064 2020 Tatianum
2082 1987 2175 2020 nihil
2196 1987 2293 2034 lega-

1241 2049 1317 2088 tur,
1340 2043 1497 2078 fortasse
1512 2056 1596 2078 cum
1614 2044 1815 2078 Ptolemaeo
1833 2043 2080 2079 confunditur
2095 2045 2289 2089 Maneffio,

1240 2114 1352 2150 quem
1365 2103 1568 2138 nonnullos
1582 2102 1817 2137 Mendesium
1831 2101 1965 2137 dixisse
1982 2114 2096 2150 sup1a
2110 2103 2287 2140 vidimus.

1242 2162 1474 2197 Mentionem
1503 2161 1692 2196 Ptolemaei
1719 2167 1900 2208 tanquam
1920 2161 2121 2208 AEgyptim
2124 2174 2186 2196 um
2202 2164 2291 2198 scri-

1242 2221 1366 2269 ptoris
1388 2219 1512 2267 injicit
1529 2220 1644 2255 etiam
1664 2220 1915 2255 Tertullianus
1930 2220 2236 2270 Apolog.c.19·

1745 2311 1784 2337 2.

1296 2369 1424 2407 Schol.
1457 2368 1506 2404 ad
1538 2368 1772 2416 0dyss.1V‚
1805 2365 2293 2419 228:(1)029520zm..t040t

1245 2425 1277 2478 (
1282 2426 1414 2477 Ελένῃ)
1462 2428 1496 2465 Π
1509 2425 1736 2476 ολύδαμνα
1775 2425 1893 2478 πόρεν,
1931 2427 2053 2469 Θῶνος
2089 2425 2293 2478 παράκοιτις

1243 2484 1460 2535 Αἷγυπτίη]’
1465 2484 1609 2531 Εκείνην
1623 2485 1760 2530 Θοῦμιν
1776 2484 2022 2535 Πτολεμαῒος’
2007 2499 2041 2522 εν
2052 2484 2237 2538 τῶπρώτῳ
2252 2487 2292 2536 (³)

1243 2543 1369 2596 Χρόνῳ
1388 2544 1587 2596 (Χρονικων
1609 2545 1763 2581 Barnes.
1774 2545 1785 2595 )
1805 2543 1903 2596 φησί.

1443 2681 1511 2719 DE
1530 2679 1690 2720 REBUS
1710 2680 2089 2719 AEGYPTIORUM.

1756 2763 1789 2794 1.

1287 2823 1508 2864 AEgyptiorum
1521 2824 1662 2856 accurati
1681 2825 1756 2855 sunt
1772 2825 1954 2864 temporum
1976 2833 2134 2856 recensus.
2154 2824 2292 2864 Scripto-

1246 2885 1394 2916 rumque,
1409 2886 1482 2916 quae
1498 2877 1582 2916 apud
1598 2886 1651 2908 eos
1663 2878 1752 2915 sunt,
1767 2876 1922 2916 interpres
1933 2877 2142 2916 Ptolemaeus,
2157 2886 2220 2908 non
2238 2886 2293 2908 rex

1246 2930 1317 2969 ille,
1333 2929 1389 2961 sed
1406 2930 1552 2961 sacerdos
1568 2929 1766 2969 Mendesius,
1792 2938 1842 2961 res
1855 2930 1959 2969 gestas
1983 2938 2093 2969 regum
2111 2938 2292 2969 exponenS‚

1246 2983 1306 3014 sub
1329 2983 1453 3014 Amosis
1472 2992 1570 3022 regno
1592 2982 1714 3014 Judaeis
1732 2991 1918 3014 concessum
1935 2991 2020 3022 esse,
2038 2983 2075 3014 ut
2091 2984 2224 3022 AEgypto
2244 2991 2292 3013 re-

1247 3035 1341 3075 licta,
1370 3043 1435 3074 quo
1464 3035 1583 3066 velient
1610 3034 1752 3073 abirent,
1781 3034 1919 3065 ducente
1949 3035 2048 3065 Mose.
2081 3034 2166 3065 Dicit
2192 3042 2268 3064 vero
2287 3043 2293 3062 :

1250 3101 1265 3115 τι
1280 3086 1403 3118 Amasis
1414 3086 1464 3117 hic
1476 3086 1735 3127 regnavitlnachi
1745 3086 1953 3126 temporibus.
1972 3099 1987 3114 υ
2002 3087 2076 3117 Post
2085 3086 2291 3117 Ptolemaeum

1247 3138 1386 3178 denique
1405 3138 1483 3178 Apio
1499 3138 1578 3170 dicit
1595 3138 1742 3179 Amasin,
1759 3138 1868 3171 Inachi
1885 3138 1991 3178 Argivi
2008 3137 2165 3176 aequalem
2177 3160 2185 3175 ‚
2199 3145 2292 3167 ever-

1247 3190 1322 3222 tisse
1335 3190 1470 3230 Auarin,
1490 3191 1671 3231 testemque
1692 3189 1762 3230 ejus
1775 3189 1820 3222 rei
1836 3190 1967 3230 apponit
1994 3188 2191 3221 Mendesium
2218 3188 2292 3218 Pto-

1248 3243 1409 3275 lemoeum.

1754 3298 1788 3330 2.

1291 3351 1498 3393 Polydamnae
1506 3351 1673 3392 maritum,
1686 3359 1782 3392 quem
1793 3353 1951 3382 Homerus
1960 3349 2102 3381 Tlionem
2117 3347 2204 3385 dicit,
2223 3347 2291 3377 Pto-

1250 3405 1382 3437 lemaeus
1394 3403 1424 3435 in
1439 3405 1542 3444 primo
1557 3403 1790 3436 Chronicorum
1805 3401 1945 3434 Tiiumin
1962 3399 2109 3440 appellat.
