<?xml version="1.0" encoding="UTF-8"?>
<!DOCTYPE html PUBLIC "-//W3C//DTD XHTML 1.0 Transitional//EN"
    "http://www.w3.org/TR/xhtml1/DTD/xhtml1-transitional.dtd">
<html xmlns="http://www.w3.org/1999/xhtml" xml:lang="en" lang="en">
 <head>
  <title>
</title>
<meta http-equiv="Content-Type" content="text/html;charset=utf-8" />
  <meta name='ocr-system' content='tesseract 3.04.00' />
  <meta name='ocr-capabilities' content='ocr_page ocr_carea ocr_par ocr_line ocrx_word'/>
</head>
<body>
  <div class='ocr_page' id='page_1' title='image "./fragmentahistori04mueluoft/fragmentahistori04mueluoft_0249.png"; bbox 0 0 2326 3724; ppageno 0'>
   <div class='ocr_carea' id='block_1_1' title="bbox 932 215 1267 258">
    <p class='ocr_par' dir='ltr' id='par_1_1' title="bbox 932 215 1267 258">
     <span class='ocr_line' id='line_1_1' title="bbox 932 215 1267 258; baseline -0.009 0"><span class='ocrx_word' id='word_1_1' title='bbox 932 215 1267 258; x_wconf 83' lang='lat' dir='ltr'><strong>FRAGMENTA.</strong></span> 
     </span>
    </p>
   </div>
   <div class='ocr_carea' id='block_1_2' title="bbox 26 303 1077 1007">
    <p class='ocr_par' dir='ltr' id='par_1_2' title="bbox 26 303 1077 1007">
     <span class='ocr_line' id='line_1_2' title="bbox 27 303 1072 359; baseline -0.007 -11"><span class='ocrx_word' id='word_1_2' title='bbox 27 311 172 357; x_wconf 73' lang='grc' dir='ltr'>κινῆσαν</span> <span class='ocrx_word' id='word_1_3' title='bbox 187 308 290 357; x_wconf 89' lang='lat' dir='ltr'>conj.</span> <span class='ocrx_word' id='word_1_4' title='bbox 308 308 435 359; x_wconf 83' lang='lat' dir='ltr'>Nieb.)</span> <span class='ocrx_word' id='word_1_5' title='bbox 447 304 538 345; x_wconf 84' lang='grc' dir='ltr'>κατὰ</span> <span class='ocrx_word' id='word_1_6' title='bbox 556 306 703 359; x_wconf 82' lang='grc' dir='ltr'>Περσῶν</span> <span class='ocrx_word' id='word_1_7' title='bbox 718 305 757 343; x_wconf 78' lang='grc' dir='ltr'>τὸ</span> <span class='ocrx_word' id='word_1_8' title='bbox 771 303 863 348; x_wconf 85' lang='grc' dir='ltr'><strong>ἔθνος</strong></span> <span class='ocrx_word' id='word_1_9' title='bbox 876 304 906 342; x_wconf 84' lang='grc' dir='ltr'>οἱ</span> <span class='ocrx_word' id='word_1_10' title='bbox 920 306 1072 356; x_wconf 87' lang='grc' dir='ltr'>Τοῦρκοι</span> 
     </span>
     <span class='ocr_line' id='line_1_3' title="bbox 27 361 1072 420; baseline -0.007 -14"><span class='ocrx_word' id='word_1_11' title='bbox 27 367 195 420; x_wconf 81' lang='grc' dir='ltr'>ἐγένοντο.</span> <span class='ocrx_word' id='word_1_12' title='bbox 223 366 308 407; x_wconf 83' lang='grc' dir='ltr'>Οἵδε</span> <span class='ocrx_word' id='word_1_13' title='bbox 339 366 406 418; x_wconf 84' lang='grc' dir='ltr'>γὰρ</span> <span class='ocrx_word' id='word_1_14' title='bbox 436 365 666 407; x_wconf 77' lang='grc' dir='ltr'>ἐσὸάλλοντες</span> <span class='ocrx_word' id='word_1_15' title='bbox 686 365 720 408; x_wconf 83' lang='grc' dir='ltr'>ἐς</span> <span class='ocrx_word' id='word_1_16' title='bbox 738 362 802 410; x_wconf 74' lang='grc' dir='ltr'>τὴν</span> <span class='ocrx_word' id='word_1_17' title='bbox 822 361 989 410; x_wconf 80' lang='grc' dir='ltr'>Μηδικὴν</span> <span class='ocrx_word' id='word_1_18' title='bbox 1009 364 1072 409; x_wconf 77' lang='grc' dir='ltr'>τῆς</span> 
     </span>
     <span class='ocr_line' id='line_1_4' title="bbox 26 420 1071 479; baseline -0.007 -14"><span class='ocrx_word' id='word_1_19' title='bbox 26 442 63 465; x_wconf 81' lang='grc' dir='ltr'>τε</span> <span class='ocrx_word' id='word_1_20' title='bbox 79 429 141 479; x_wconf 71' lang='grc' dir='ltr'>γῆς</span> <span class='ocrx_word' id='word_1_21' title='bbox 161 426 293 477; x_wconf 85' lang='grc' dir='ltr'><strong>ἔτεμον,</strong></span> <span class='ocrx_word' id='word_1_22' title='bbox 314 425 472 464; x_wconf 84' lang='grc' dir='ltr'>ἔστειλαν</span> <span class='ocrx_word' id='word_1_23' title='bbox 490 423 525 463; x_wconf 83' lang='grc' dir='ltr'>δὲ</span> <span class='ocrx_word' id='word_1_24' title='bbox 543 424 603 462; x_wconf 82' lang='grc' dir='ltr'>καὶ</span> <span class='ocrx_word' id='word_1_25' title='bbox 620 426 667 467; x_wconf 85' lang='grc' dir='ltr'>ὡς</span> <span class='ocrx_word' id='word_1_26' title='bbox 685 423 868 462; x_wconf 86' lang='grc' dir='ltr'>Ἰουστῖνον</span> <span class='ocrx_word' id='word_1_27' title='bbox 881 420 1071 474; x_wconf 75' lang='grc' dir='ltr'>πρεσὸείαν</span> 
     </span>
     <span class='ocr_line' id='line_1_5' title="bbox 27 479 1073 539; baseline -0.007 -15"><span class='ocrx_word' id='word_1_28' title='bbox 27 481 80 539; x_wconf 68' lang='grc' dir='ltr'>ἔφ’</span> <span class='ocrx_word' id='word_1_29' title='bbox 96 479 124 538; x_wconf 76' lang='grc' dir='ltr'><em>ᾧ</em></span> <span class='ocrx_word' id='word_1_30' title='bbox 141 483 451 535; x_wconf 83' lang='grc' dir='ltr'>συνεκπολεμῶσαί</span> <span class='ocrx_word' id='word_1_31' title='bbox 465 499 504 535; x_wconf 81' lang='grc' dir='ltr'>γε</span> <span class='ocrx_word' id='word_1_32' title='bbox 524 482 626 521; x_wconf 76' lang='grc' dir='ltr'>αὐτὸν</span> <span class='ocrx_word' id='word_1_33' title='bbox 649 481 821 534; x_wconf 78' lang='grc' dir='ltr'>Πέρσαις,</span> <span class='ocrx_word' id='word_1_34' title='bbox 837 484 936 534; x_wconf 82' lang='grc' dir='ltr'>κοινῇ</span> <span class='ocrx_word' id='word_1_35' title='bbox 955 496 992 518; x_wconf 90' lang='grc' dir='ltr'>τε</span> <span class='ocrx_word' id='word_1_36' title='bbox 1009 495 1073 518; x_wconf 80' lang='grc' dir='ltr'>κα-</span> 
     </span>
     <span class='ocr_line' id='line_1_6' title="bbox 27 538 1071 595; baseline -0.005 -13"><span class='ocrx_word' id='word_1_37' title='bbox 27 546 135 582; x_wconf 79' lang='grc' dir='ltr'>θελεῖν</span> <span class='ocrx_word' id='word_1_38' title='bbox 154 543 363 588; x_wconf 80' lang='grc' dir='ltr'>ἐξαιτοῦντες</span> <span class='ocrx_word' id='word_1_39' title='bbox 381 541 584 595; x_wconf 79' lang='grc' dir='ltr'>ἀμφοτέρων</span> <span class='ocrx_word' id='word_1_40' title='bbox 602 542 681 585; x_wconf 78' lang='grc' dir='ltr'>τοὺς</span> <span class='ocrx_word' id='word_1_41' title='bbox 697 542 895 591; x_wconf 78' lang='grc' dir='ltr'>δυσμενεῖς,</span> <span class='ocrx_word' id='word_1_42' title='bbox 918 539 978 578; x_wconf 84' lang='grc' dir='ltr'>καὶ</span> <span class='ocrx_word' id='word_1_43' title='bbox 996 538 1071 591; x_wconf 85' lang='grc' dir='ltr'>[τὰ]</span> 
     </span>
     <span class='ocr_line' id='line_1_7' title="bbox 26 596 1074 654; baseline -0.006 -13"><span class='ocrx_word' id='word_1_44' title='bbox 26 604 95 641; x_wconf 85' lang='grc' dir='ltr'>τῶν</span> <span class='ocrx_word' id='word_1_45' title='bbox 124 602 290 654; x_wconf 82' lang='grc' dir='ltr'>Ἰόύρκων</span> <span class='ocrx_word' id='word_1_46' title='bbox 320 602 452 653; x_wconf 87' lang='grc' dir='ltr'>μᾶλλον</span> <span class='ocrx_word' id='word_1_47' title='bbox 475 597 722 639; x_wconf 75' lang='grc' dir='ltr'>ἀσπάσασθαι·</span> <span class='ocrx_word' id='word_1_48' title='bbox 754 597 844 637; x_wconf 77' lang='grc' dir='ltr'>οὕτω</span> <span class='ocrx_word' id='word_1_49' title='bbox 871 597 938 651; x_wconf 85' lang='grc' dir='ltr'>γὰρ</span> <span class='ocrx_word' id='word_1_50' title='bbox 968 596 1008 636; x_wconf 79' lang='grc' dir='ltr'>ἂν</span> <span class='ocrx_word' id='word_1_51' title='bbox 1030 601 1074 650; x_wconf 78' lang='grc' dir='ltr'>τῇ</span> 
     </span>
     <span class='ocr_line' id='line_1_8' title="bbox 27 655 1075 712; baseline -0.005 -12"><span class='ocrx_word' id='word_1_52' title='bbox 27 660 90 712; x_wconf 86' lang='grc' dir='ltr'>μὲν</span> <span class='ocrx_word' id='word_1_53' title='bbox 112 660 314 711; x_wconf 88' lang='grc' dir='ltr'>Ῥωμαίων,</span> <span class='ocrx_word' id='word_1_54' title='bbox 332 663 374 712; x_wconf 82' lang='grc' dir='ltr'>τῇ</span> <span class='ocrx_word' id='word_1_55' title='bbox 393 659 428 698; x_wconf 83' lang='grc' dir='ltr'>δὲ</span> <span class='ocrx_word' id='word_1_56' title='bbox 447 658 612 711; x_wconf 88' lang='grc' dir='ltr'>Τούρκων</span> <span class='ocrx_word' id='word_1_57' title='bbox 629 656 840 708; x_wconf 84' lang='grc' dir='ltr'>ἐπιθεμένων</span> <span class='ocrx_word' id='word_1_58' title='bbox 861 658 895 695; x_wconf 85' lang='grc' dir='ltr'>ἐν</span> <span class='ocrx_word' id='word_1_59' title='bbox 914 655 1012 710; x_wconf 83' lang='grc' dir='ltr'>μέσῳ</span> <span class='ocrx_word' id='word_1_60' title='bbox 1031 657 1075 695; x_wconf 88' lang='grc' dir='ltr'>τὰ</span> 
     </span>
     <span class='ocr_line' id='line_1_9' title="bbox 29 714 1076 772; baseline -0.006 -13"><span class='ocrx_word' id='word_1_61' title='bbox 29 720 176 772; x_wconf 81' lang='grc' dir='ltr'>Περσῶν</span> <span class='ocrx_word' id='word_1_62' title='bbox 193 720 438 772; x_wconf 77' lang='grc' dir='ltr'>διαφθαρῆναι.</span> <span class='ocrx_word' id='word_1_63' title='bbox 456 717 612 760; x_wconf 85' lang='grc' dir='ltr'>Ταύταις</span> <span class='ocrx_word' id='word_1_64' title='bbox 632 718 708 759; x_wconf 84' lang='grc' dir='ltr'>ταῖς</span> <span class='ocrx_word' id='word_1_65' title='bbox 731 715 866 755; x_wconf 81' lang='grc' dir='ltr'>ἐλπίσιν</span> <span class='ocrx_word' id='word_1_66' title='bbox 885 714 1076 768; x_wconf 73' lang='grc' dir='ltr'>ἐπηρμένος</span> 
     </span>
     <span class='ocr_line' id='line_1_10' title="bbox 29 774 1075 835; baseline -0.004 -19"><span class='ocrx_word' id='word_1_67' title='bbox 29 777 215 822; x_wconf 86' lang='grc' dir='ltr'>Ἰόυστῖνος</span> <span class='ocrx_word' id='word_1_68' title='bbox 241 776 366 830; x_wconf 75' lang='grc' dir='ltr'>ῥᾳδίως</span> <span class='ocrx_word' id='word_1_69' title='bbox 391 775 478 829; x_wconf 87' lang='grc' dir='ltr'>ᾤετο</span> <span class='ocrx_word' id='word_1_70' title='bbox 496 774 560 822; x_wconf 81' lang='grc' dir='ltr'>τὴν</span> <span class='ocrx_word' id='word_1_71' title='bbox 589 777 737 827; x_wconf 88' lang='grc' dir='ltr'>Περσῶν</span> <span class='ocrx_word' id='word_1_72' title='bbox 768 775 1075 835; x_wconf 50' lang='grc' dir='ltr'>καταστρέιέεσθαι</span> 
     </span>
     <span class='ocr_line' id='line_1_11' title="bbox 29 827 1076 886; baseline -0.004 -12"><span class='ocrx_word' id='word_1_73' title='bbox 29 837 174 885; x_wconf 85' lang='grc' dir='ltr'>δύναμιν</span> <span class='ocrx_word' id='word_1_74' title='bbox 199 835 260 874; x_wconf 79' lang='grc' dir='ltr'>καὶ</span> <span class='ocrx_word' id='word_1_75' title='bbox 285 838 318 879; x_wconf 87' lang='grc' dir='ltr'>ἐς</span> <span class='ocrx_word' id='word_1_76' title='bbox 336 835 376 874; x_wconf 82' lang='grc' dir='ltr'>τὸ</span> <span class='ocrx_word' id='word_1_77' title='bbox 397 834 446 886; x_wconf 81' lang='grc' dir='ltr'>μὴ</span> <span class='ocrx_word' id='word_1_78' title='bbox 472 827 560 873; x_wconf 79' lang='grc' dir='ltr'>εἶναι</span> <span class='ocrx_word' id='word_1_79' title='bbox 588 833 799 879; x_wconf 86' lang='grc' dir='ltr'>ξυνελάσειν.</span> <span class='ocrx_word' id='word_1_80' title='bbox 830 833 903 872; x_wconf 82' lang='grc' dir='ltr'>Καὶ</span> <span class='ocrx_word' id='word_1_81' title='bbox 933 836 1004 881; x_wconf 87' lang='grc' dir='ltr'>οὖν,</span> <span class='ocrx_word' id='word_1_82' title='bbox 1031 835 1076 877; x_wconf 79' lang='grc' dir='ltr'>ὡς</span> 
     </span>
     <span class='ocr_line' id='line_1_12' title="bbox 29 888 1077 947; baseline -0.003 -14"><span class='ocrx_word' id='word_1_83' title='bbox 29 888 138 934; x_wconf 82' lang='grc' dir='ltr'>οἷόντε</span> <span class='ocrx_word' id='word_1_84' title='bbox 166 889 223 942; x_wconf 74' lang='grc' dir='ltr'>ἧν,</span> <span class='ocrx_word' id='word_1_85' title='bbox 243 895 278 932; x_wconf 84' lang='grc' dir='ltr'>ἐν</span> <span class='ocrx_word' id='word_1_86' title='bbox 309 893 442 947; x_wconf 76' lang='grc' dir='ltr'>βεὸαίῳ</span> <span class='ocrx_word' id='word_1_87' title='bbox 466 891 551 938; x_wconf 77' lang='grc' dir='ltr'>ἕξειν</span> <span class='ocrx_word' id='word_1_88' title='bbox 577 894 681 931; x_wconf 77' lang='grc' dir='ltr'>αὐτοῦ</span> <span class='ocrx_word' id='word_1_89' title='bbox 700 892 763 940; x_wconf 84' lang='grc' dir='ltr'>τὴν</span> <span class='ocrx_word' id='word_1_90' title='bbox 790 893 875 946; x_wconf 88' lang='grc' dir='ltr'>πρὸς</span> <span class='ocrx_word' id='word_1_91' title='bbox 901 893 1077 945; x_wconf 86' lang='grc' dir='ltr'>Τούρκους</span> 
     </span>
     <span class='ocr_line' id='line_1_13' title="bbox 29 952 618 1007; baseline -0.002 -15"><span class='ocrx_word' id='word_1_92' title='bbox 29 952 145 1007; x_wconf 81' lang='grc' dir='ltr'>φιλίαν</span> <span class='ocrx_word' id='word_1_93' title='bbox 166 952 306 992; x_wconf 85' lang='grc' dir='ltr'>ἅπαντα</span> <span class='ocrx_word' id='word_1_94' title='bbox 326 952 618 1005; x_wconf 84' lang='grc' dir='ltr'>παρεσκευάζετο.</span> 
     </span>
    </p>
   </div>
   <div class='ocr_carea' id='block_1_3' title="bbox 82 1021 1077 1150">
    <p class='ocr_par' dir='ltr' id='par_1_3' title="bbox 82 1021 1077 1150">
     <span class='ocr_line' id='line_1_14' title="bbox 392 1021 714 1073; baseline 0 -13"><span class='ocrx_word' id='word_1_95' title='bbox 392 1023 456 1060; x_wconf 82' lang='lat'>33.</span> <span class='ocrx_word' id='word_1_96' title='bbox 491 1022 575 1073; x_wconf 86' lang='lat' dir='ltr'>(an.</span> <span class='ocrx_word' id='word_1_97' title='bbox 602 1021 714 1072; x_wconf 84' lang='lat'>570.)</span> 
     </span>
     <span class='ocr_line' id='line_1_15' title="bbox 82 1090 1077 1150; baseline -0.003 -13"><span class='ocrx_word' id='word_1_98' title='bbox 82 1100 232 1138; x_wconf 87' lang='lat' dir='ltr'>Ibidem</span> <span class='ocrx_word' id='word_1_99' title='bbox 249 1113 291 1150; x_wconf 91' lang='lat' dir='ltr'>p.</span> <span class='ocrx_word' id='word_1_100' title='bbox 319 1113 334 1136; x_wconf 92' lang='lat'>1</span> <span class='ocrx_word' id='word_1_101' title='bbox 347 1104 406 1142; x_wconf 76' lang='lat'>14.</span> <span class='ocrx_word' id='word_1_102' title='bbox 432 1113 445 1135; x_wconf 86' lang='lat'>1</span> <span class='ocrx_word' id='word_1_103' title='bbox 459 1097 504 1136; x_wconf 84' lang='lat'>15</span> <span class='ocrx_word' id='word_1_104' title='bbox 527 1112 535 1135; x_wconf 90' lang='lat'>:</span> <span class='ocrx_word' id='word_1_105' title='bbox 554 1095 640 1137; x_wconf 71' lang='grc' dir='ltr'>’Ὀτι</span> <span class='ocrx_word' id='word_1_106' title='bbox 658 1090 751 1140; x_wconf 68' lang='grc' dir='ltr'>αὖθις</span> <span class='ocrx_word' id='word_1_107' title='bbox 769 1097 799 1135; x_wconf 81' lang='grc' dir='ltr'>οἱ</span> <span class='ocrx_word' id='word_1_108' title='bbox 822 1094 968 1150; x_wconf 66' lang='grc' dir='ltr'>Ἀὅαροι</span> <span class='ocrx_word' id='word_1_109' title='bbox 988 1111 1077 1149; x_wconf 90' lang='grc' dir='ltr'>πρε-</span> 
     </span>
    </p>
   </div>
   <div class='ocr_carea' id='block_1_4' title="bbox 0 1149 1080 2149">
    <p class='ocr_par' dir='ltr' id='par_1_4' title="bbox 0 1149 1080 2149">
     <span class='ocr_line' id='line_1_16' title="bbox 31 1149 1076 1209; baseline -0.005 -12"><span class='ocrx_word' id='word_1_110' title='bbox 31 1158 153 1198; x_wconf 74' lang='grc' dir='ltr'>σὸείαν</span> <span class='ocrx_word' id='word_1_111' title='bbox 171 1157 328 1196; x_wconf 80' lang='grc' dir='ltr'>ἔστειλαν</span> <span class='ocrx_word' id='word_1_112' title='bbox 346 1160 391 1201; x_wconf 87' lang='grc' dir='ltr'>ὡς</span> <span class='ocrx_word' id='word_1_113' title='bbox 411 1155 630 1207; x_wconf 75' lang='grc' dir='ltr'>Ῥωμαίους,</span> <span class='ocrx_word' id='word_1_114' title='bbox 650 1154 711 1193; x_wconf 79' lang='grc' dir='ltr'>καὶ</span> <span class='ocrx_word' id='word_1_115' title='bbox 730 1155 810 1209; x_wconf 78' lang='grc' dir='ltr'>περὶ</span> <span class='ocrx_word' id='word_1_116' title='bbox 828 1149 876 1193; x_wconf 64' lang='grc' dir='ltr'>ὦν</span> <span class='ocrx_word' id='word_1_117' title='bbox 896 1155 1076 1204; x_wconf 83' lang='grc' dir='ltr'>πολλάκις,</span> 
     </span>
     <span class='ocr_line' id='line_1_17' title="bbox 29 1212 1078 1271; baseline -0.005 -15"><span class='ocrx_word' id='word_1_118' title='bbox 29 1218 109 1271; x_wconf 84' lang='grc' dir='ltr'>περὶ</span> <span class='ocrx_word' id='word_1_119' title='bbox 128 1219 196 1255; x_wconf 84' lang='grc' dir='ltr'>τῶν</span> <span class='ocrx_word' id='word_1_120' title='bbox 217 1217 331 1255; x_wconf 77' lang='grc' dir='ltr'>αὐτῶν</span> <span class='ocrx_word' id='word_1_121' title='bbox 351 1215 614 1269; x_wconf 77' lang='grc' dir='ltr'>ἐπρεσὸεύοντο.</span> <span class='ocrx_word' id='word_1_122' title='bbox 638 1213 700 1257; x_wconf 85' lang='grc' dir='ltr'>Ὡς</span> <span class='ocrx_word' id='word_1_123' title='bbox 721 1212 756 1253; x_wconf 83' lang='grc' dir='ltr'>δὲ</span> <span class='ocrx_word' id='word_1_124' title='bbox 787 1213 884 1252; x_wconf 79' lang='grc' dir='ltr'>οὐδὲν</span> <span class='ocrx_word' id='word_1_125' title='bbox 904 1212 1078 1260; x_wconf 80' lang='grc' dir='ltr'>ὑπήκουον</span> 
     </span>
     <span class='ocr_line' id='line_1_18' title="bbox 29 1271 1078 1327; baseline -0.005 -12"><span class='ocrx_word' id='word_1_126' title='bbox 29 1278 61 1315; x_wconf 84' lang='grc' dir='ltr'>οἳ</span> <span class='ocrx_word' id='word_1_127' title='bbox 100 1275 274 1327; x_wconf 86' lang='grc' dir='ltr'>Ῥωμαῖοι</span> <span class='ocrx_word' id='word_1_128' title='bbox 316 1275 376 1326; x_wconf 81' lang='grc' dir='ltr'>(οὐ</span> <span class='ocrx_word' id='word_1_129' title='bbox 411 1274 478 1327; x_wconf 84' lang='grc' dir='ltr'>γὰρ</span> <span class='ocrx_word' id='word_1_130' title='bbox 512 1274 699 1313; x_wconf 84' lang='grc' dir='ltr'>Ἰουστῖνον</span> <span class='ocrx_word' id='word_1_131' title='bbox 736 1271 794 1311; x_wconf 84' lang='grc' dir='ltr'>τὸν</span> <span class='ocrx_word' id='word_1_132' title='bbox 839 1272 1078 1325; x_wconf 77' lang='grc' dir='ltr'>αὐτοκράτορα</span> 
     </span>
     <span class='ocr_line' id='line_1_19' title="bbox 29 1330 1078 1387; baseline -0.004 -14"><span class='ocrx_word' id='word_1_133' title='bbox 29 1334 193 1387; x_wconf 77' lang='grc' dir='ltr'>ἤρεσκε),</span> <span class='ocrx_word' id='word_1_134' title='bbox 212 1334 252 1372; x_wconf 82' lang='grc' dir='ltr'>τὸ</span> <span class='ocrx_word' id='word_1_135' title='bbox 270 1333 468 1372; x_wconf 84' lang='grc' dir='ltr'>τελευταῖον</span> <span class='ocrx_word' id='word_1_136' title='bbox 487 1336 546 1371; x_wconf 89' lang='grc' dir='ltr'>τοῦ</span> <span class='ocrx_word' id='word_1_137' title='bbox 566 1331 670 1385; x_wconf 74' lang='grc' dir='ltr'>Ἀψὶχ</span> <span class='ocrx_word' id='word_1_138' title='bbox 690 1333 722 1375; x_wconf 84' lang='grc' dir='ltr'>ἔς</span> <span class='ocrx_word' id='word_1_139' title='bbox 741 1330 930 1384; x_wconf 76' lang='grc' dir='ltr'>πρεσὸείαν</span> <span class='ocrx_word' id='word_1_140' title='bbox 949 1332 1078 1378; x_wconf 82' lang='grc' dir='ltr'>ἐληλυ-</span> 
     </span>
     <span class='ocr_line' id='line_1_20' title="bbox 29 1389 1076 1446; baseline -0.005 -14"><span class='ocrx_word' id='word_1_141' title='bbox 29 1393 126 1437; x_wconf 82' lang='grc' dir='ltr'>θότος</span> <span class='ocrx_word' id='word_1_142' title='bbox 137 1424 147 1442; x_wconf 92' lang='grc'>,</span> <span class='ocrx_word' id='word_1_143' title='bbox 165 1393 328 1446; x_wconf 81' lang='grc' dir='ltr'>ξυνήρεσε</span> <span class='ocrx_word' id='word_1_144' title='bbox 348 1391 505 1444; x_wconf 71' lang='grc' dir='ltr'>Τιὸερίῳ</span> <span class='ocrx_word' id='word_1_145' title='bbox 521 1390 580 1429; x_wconf 74' lang='grc' dir='ltr'>καὶ</span> <span class='ocrx_word' id='word_1_146' title='bbox 598 1391 668 1434; x_wconf 81' lang='grc' dir='ltr'>τοῖς</span> <span class='ocrx_word' id='word_1_147' title='bbox 692 1392 771 1441; x_wconf 86' lang='grc' dir='ltr'>περὶ</span> <span class='ocrx_word' id='word_1_148' title='bbox 789 1390 846 1428; x_wconf 84' lang='grc' dir='ltr'>τὸν</span> <span class='ocrx_word' id='word_1_149' title='bbox 877 1389 982 1442; x_wconf 81' lang='grc' dir='ltr'>Ἀψὶχ</span> <span class='ocrx_word' id='word_1_150' title='bbox 1008 1406 1076 1428; x_wconf 90' lang='grc' dir='ltr'>πα-</span> 
     </span>
     <span class='ocr_line' id='line_1_21' title="bbox 31 1448 1078 1506; baseline -0.004 -15"><span class='ocrx_word' id='word_1_151' title='bbox 31 1455 244 1506; x_wconf 78' lang='grc' dir='ltr'>ρασχεθῆναι</span> <span class='ocrx_word' id='word_1_152' title='bbox 281 1454 345 1502; x_wconf 74' lang='grc' dir='ltr'>γῆν</span> <span class='ocrx_word' id='word_1_153' title='bbox 375 1449 453 1494; x_wconf 71' lang='grc' dir='ltr'>τοὺς</span> <span class='ocrx_word' id='word_1_154' title='bbox 481 1450 703 1501; x_wconf 86' lang='grc' dir='ltr'>Ῥωμαίους,</span> <span class='ocrx_word' id='word_1_155' title='bbox 730 1448 788 1487; x_wconf 78' lang='grc' dir='ltr'>ἵνα</span> <span class='ocrx_word' id='word_1_156' title='bbox 821 1449 1078 1494; x_wconf 86' lang='grc' dir='ltr'>κατοικίζεσθαι</span> 
     </span>
     <span class='ocr_line' id='line_1_22' title="bbox 31 1507 1078 1562; baseline -0.005 -12"><span class='ocrx_word' id='word_1_157' title='bbox 31 1511 188 1562; x_wconf 87' lang='grc' dir='ltr'>μέλλοιεν</span> <span class='ocrx_word' id='word_1_158' title='bbox 207 1513 238 1549; x_wconf 81' lang='grc' dir='ltr'>οἱ</span> <span class='ocrx_word' id='word_1_159' title='bbox 256 1507 424 1562; x_wconf 70' lang='grc' dir='ltr'>Ἄδαροι,</span> <span class='ocrx_word' id='word_1_160' title='bbox 444 1508 475 1548; x_wconf 89' lang='grc' dir='ltr'>εἴ</span> <span class='ocrx_word' id='word_1_161' title='bbox 500 1525 539 1560; x_wconf 87' lang='grc' dir='ltr'>γε</span> <span class='ocrx_word' id='word_1_162' title='bbox 561 1511 631 1547; x_wconf 84' lang='grc' dir='ltr'>τῶν</span> <span class='ocrx_word' id='word_1_163' title='bbox 648 1507 746 1560; x_wconf 84' lang='grc' dir='ltr'>παρά</span> <span class='ocrx_word' id='word_1_164' title='bbox 766 1523 880 1560; x_wconf 80' lang='grc' dir='ltr'>σφισιν</span> <span class='ocrx_word' id='word_1_165' title='bbox 899 1507 1078 1561; x_wconf 81' lang='grc' dir='ltr'>ἀρχόντων</span> 
     </span>
     <span class='ocr_line' id='line_1_23' title="bbox 29 1561 1078 1624; baseline -0.005 -15"><span class='ocrx_word' id='word_1_166' title='bbox 29 1570 198 1624; x_wconf 80' lang='grc' dir='ltr'>λήψονται</span> <span class='ocrx_word' id='word_1_167' title='bbox 214 1569 292 1613; x_wconf 81' lang='grc' dir='ltr'>τοὺς</span> <span class='ocrx_word' id='word_1_168' title='bbox 306 1569 434 1611; x_wconf 79' lang='grc' dir='ltr'>παῖδας</span> <span class='ocrx_word' id='word_1_169' title='bbox 450 1567 722 1620; x_wconf 81' lang='grc' dir='ltr'>ὁμηρεύσοντας.</span> <span class='ocrx_word' id='word_1_170' title='bbox 741 1567 813 1606; x_wconf 79' lang='grc' dir='ltr'>Καὶ</span> <span class='ocrx_word' id='word_1_171' title='bbox 827 1561 886 1604; x_wconf 65' lang='grc' dir='ltr'>οῦν</span> <span class='ocrx_word' id='word_1_172' title='bbox 903 1566 947 1604; x_wconf 80' lang='grc' dir='ltr'>τὰ</span> <span class='ocrx_word' id='word_1_173' title='bbox 961 1567 1078 1605; x_wconf 85' lang='grc' dir='ltr'>τοιάδε</span> 
     </span>
     <span class='ocr_line' id='line_1_24' title="bbox 30 1624 1078 1682; baseline -0.007 -13"><span class='ocrx_word' id='word_1_174' title='bbox 30 1627 189 1682; x_wconf 74' lang='grc' dir='ltr'>Τιὸέριος</span> <span class='ocrx_word' id='word_1_175' title='bbox 210 1626 362 1678; x_wconf 80' lang='grc' dir='ltr'>ἐσήμηνε</span> <span class='ocrx_word' id='word_1_176' title='bbox 387 1628 539 1679; x_wconf 85' lang='grc' dir='ltr'>βασιλεῖ.</span> <span class='ocrx_word' id='word_1_177' title='bbox 561 1624 666 1664; x_wconf 82' lang='grc' dir='ltr'>Ἀλλὰ</span> <span class='ocrx_word' id='word_1_178' title='bbox 686 1625 752 1678; x_wconf 84' lang='grc' dir='ltr'>γὰρ</span> <span class='ocrx_word' id='word_1_179' title='bbox 776 1626 824 1678; x_wconf 82' lang='grc' dir='ltr'>τῷ</span> <span class='ocrx_word' id='word_1_180' title='bbox 846 1625 1078 1678; x_wconf 81' lang='grc' dir='ltr'>αὐτοκράτορι</span> 
     </span>
     <span class='ocr_line' id='line_1_25' title="bbox 0 1677 1080 1739; baseline -0.006 -12"><span class='ocrx_word' id='word_1_181' title='bbox 0 1731 2 1734; x_wconf 91' lang='lat'>.</span> <span class='ocrx_word' id='word_1_182' title='bbox 29 1687 118 1727; x_wconf 78' lang='grc' dir='ltr'>οὔτι</span> <span class='ocrx_word' id='word_1_183' title='bbox 142 1687 251 1727; x_wconf 82' lang='grc' dir='ltr'>ἐδόκει</span> <span class='ocrx_word' id='word_1_184' title='bbox 269 1691 338 1730; x_wconf 85' lang='grc' dir='ltr'>τοῖς</span> <span class='ocrx_word' id='word_1_185' title='bbox 357 1686 542 1739; x_wconf 84' lang='grc' dir='ltr'>πράγμασι</span> <span class='ocrx_word' id='word_1_186' title='bbox 563 1687 633 1723; x_wconf 82' lang='grc' dir='ltr'>τῶν</span> <span class='ocrx_word' id='word_1_187' title='bbox 655 1683 847 1734; x_wconf 83' lang='grc' dir='ltr'>Ῥωμαίων</span> <span class='ocrx_word' id='word_1_188' title='bbox 868 1677 957 1722; x_wconf 73' lang='grc' dir='ltr'>εἶναι</span> <span class='ocrx_word' id='word_1_189' title='bbox 979 1685 1080 1722; x_wconf 91' lang='grc' dir='ltr'>λυσι-</span> 
     </span>
     <span class='ocr_line' id='line_1_26' title="bbox 30 1742 1073 1797; baseline -0.006 -11"><span class='ocrx_word' id='word_1_190' title='bbox 30 1748 143 1791; x_wconf 81' lang='grc' dir='ltr'>τελές·</span> <span class='ocrx_word' id='word_1_191' title='bbox 173 1747 235 1784; x_wconf 84' lang='grc' dir='ltr'>οὖκ</span> <span class='ocrx_word' id='word_1_192' title='bbox 261 1745 374 1788; x_wconf 87' lang='grc' dir='ltr'>ἄλλως</span> <span class='ocrx_word' id='word_1_193' title='bbox 404 1745 438 1783; x_wconf 78' lang='grc' dir='ltr'>δὲ</span> <span class='ocrx_word' id='word_1_194' title='bbox 471 1743 679 1797; x_wconf 86' lang='grc' dir='ltr'>εἷρηνεύσειν</span> <span class='ocrx_word' id='word_1_195' title='bbox 713 1742 876 1795; x_wconf 77' lang='grc' dir='ltr'>ἔφασκεν,</span> <span class='ocrx_word' id='word_1_196' title='bbox 899 1743 932 1781; x_wconf 86' lang='grc' dir='ltr'>εἴ</span> <span class='ocrx_word' id='word_1_197' title='bbox 961 1759 1000 1795; x_wconf 91' lang='grc' dir='ltr'>γε</span> <span class='ocrx_word' id='word_1_198' title='bbox 1025 1742 1073 1794; x_wconf 78' lang='grc' dir='ltr'>μὴ</span> 
     </span>
     <span class='ocr_line' id='line_1_27' title="bbox 0 1802 1075 1856; baseline -0.004 -12"><span class='ocrx_word' id='word_1_199' title='bbox 0 1803 136 1851; x_wconf 48' lang='grc' dir='ltr'>[αὐτοῦ</span> <span class='ocrx_word' id='word_1_200' title='bbox 158 1806 246 1853; x_wconf 85' lang='grc' dir='ltr'>δ’ῆτα</span> <span class='ocrx_word' id='word_1_201' title='bbox 266 1808 326 1843; x_wconf 79' lang='grc' dir='ltr'>τοῦ</span> <span class='ocrx_word' id='word_1_202' title='bbox 343 1803 500 1856; x_wconf 73' lang='grc' dir='ltr'>Ἀὅάρων</span> <span class='ocrx_word' id='word_1_203' title='bbox 520 1802 713 1854; x_wconf 83' lang='grc' dir='ltr'>ἡγουμένου</span> <span class='ocrx_word' id='word_1_204' title='bbox 733 1802 835 1841; x_wconf 75' lang='grc' dir='ltr'>λάὸοι</span> <span class='ocrx_word' id='word_1_205' title='bbox 855 1805 923 1841; x_wconf 86' lang='grc' dir='ltr'>τῶν</span> <span class='ocrx_word' id='word_1_206' title='bbox 941 1802 1075 1841; x_wconf 88' lang='grc' dir='ltr'>παίδων</span> 
     </span>
     <span class='ocr_line' id='line_1_28' title="bbox 30 1861 1073 1915; baseline -0.004 -13.112"><span class='ocrx_word' id='word_1_207' title='bbox 30 1863 124 1907; x_wconf 81' lang='grc' dir='ltr'>τινὰς</span> <span class='ocrx_word' id='word_1_208' title='bbox 141 1865 172 1909; x_wconf 81' lang='grc' dir='ltr'>ἐς</span> <span class='ocrx_word' id='word_1_209' title='bbox 190 1862 353 1915; x_wconf 82' lang='grc' dir='ltr'>ὁμήρους.</span> <span class='ocrx_word' id='word_1_210' title='bbox 385 1861 539 1915; x_wconf 73' lang='grc' dir='ltr'>Τιὸερίῳ</span> <span class='ocrx_word' id='word_1_211' title='bbox 563 1861 599 1900; x_wconf 83' lang='grc' dir='ltr'>δὲ</span> <span class='ocrx_word' id='word_1_212' title='bbox 618 1863 656 1900; x_wconf 87' lang='grc' dir='ltr'>οὐ</span> <span class='ocrx_word' id='word_1_213' title='bbox 686 1861 797 1899; x_wconf 79' lang='grc' dir='ltr'>ταύτὰ</span> <span class='ocrx_word' id='word_1_214' title='bbox 819 1861 949 1900; x_wconf 84' lang='grc' dir='ltr'>ἐδόκει·</span> <span class='ocrx_word' id='word_1_215' title='bbox 969 1863 1073 1913; x_wconf 82' lang='grc' dir='ltr'>ἐγνω-</span> 
     </span>
     <span class='ocr_line' id='line_1_29' title="bbox 32 1919 1073 1974; baseline -0.004 -13"><span class='ocrx_word' id='word_1_216' title='bbox 32 1923 160 1974; x_wconf 86' lang='grc' dir='ltr'>μοίτευε</span> <span class='ocrx_word' id='word_1_217' title='bbox 186 1922 276 1974; x_wconf 84' lang='grc' dir='ltr'>γὰρ,</span> <span class='ocrx_word' id='word_1_218' title='bbox 296 1923 363 1971; x_wconf 82' lang='grc' dir='ltr'>ὡς,</span> <span class='ocrx_word' id='word_1_219' title='bbox 385 1921 416 1959; x_wconf 87' lang='grc' dir='ltr'>εἴ</span> <span class='ocrx_word' id='word_1_220' title='bbox 439 1936 478 1972; x_wconf 86' lang='grc' dir='ltr'>γε</span> <span class='ocrx_word' id='word_1_221' title='bbox 498 1924 566 1958; x_wconf 82' lang='grc' dir='ltr'>τῶν</span> <span class='ocrx_word' id='word_1_222' title='bbox 595 1920 692 1972; x_wconf 80' lang='grc' dir='ltr'>παρὰ</span> <span class='ocrx_word' id='word_1_223' title='bbox 721 1920 874 1964; x_wconf 81' lang='grc' dir='ltr'>Σκύθαις</span> <span class='ocrx_word' id='word_1_224' title='bbox 894 1919 1073 1972; x_wconf 86' lang='grc' dir='ltr'>ἀρχόντων</span> 
     </span>
     <span class='ocr_line' id='line_1_30' title="bbox 30 1974 1077 2034; baseline -0.004 -14"><span class='ocrx_word' id='word_1_225' title='bbox 30 1981 199 2034; x_wconf 78' lang='grc' dir='ltr'>λήψονται</span> <span class='ocrx_word' id='word_1_226' title='bbox 223 1980 303 2023; x_wconf 74' lang='grc' dir='ltr'>τοὺς</span> <span class='ocrx_word' id='word_1_227' title='bbox 328 1981 478 2027; x_wconf 83' lang='grc' dir='ltr'>παῖδας,</span> <span class='ocrx_word' id='word_1_228' title='bbox 505 1974 560 2018; x_wconf 69' lang='grc' dir='ltr'>οἶα</span> <span class='ocrx_word' id='word_1_229' title='bbox 591 1979 703 2030; x_wconf 85' lang='grc' dir='ltr'>εἰκὸς,</span> <span class='ocrx_word' id='word_1_230' title='bbox 735 1978 983 2031; x_wconf 84' lang='grc' dir='ltr'>βουλευομένου</span> <span class='ocrx_word' id='word_1_231' title='bbox 1016 1982 1077 2017; x_wconf 86' lang='grc' dir='ltr'>τοῦ</span> 
     </span>
     <span class='ocr_line' id='line_1_31' title="bbox 31 2037 1074 2091; baseline -0.004 -13"><span class='ocrx_word' id='word_1_232' title='bbox 31 2039 198 2091; x_wconf 83' lang='grc' dir='ltr'>Χαγάνου</span> <span class='ocrx_word' id='word_1_233' title='bbox 227 2038 271 2076; x_wconf 82' lang='grc' dir='ltr'>τὰ</span> <span class='ocrx_word' id='word_1_234' title='bbox 291 2038 529 2089; x_wconf 82' lang='grc' dir='ltr'>ξυντεθειμένα</span> <span class='ocrx_word' id='word_1_235' title='bbox 557 2037 808 2090; x_wconf 78' lang='grc' dir='ltr'>παρώσασθαι,</span> <span class='ocrx_word' id='word_1_236' title='bbox 829 2038 867 2075; x_wconf 79' lang='grc' dir='ltr'>οὐ</span> <span class='ocrx_word' id='word_1_237' title='bbox 888 2037 1074 2089; x_wconf 84' lang='grc' dir='ltr'>συγχωρή-</span> 
     </span>
     <span class='ocr_line' id='line_1_32' title="bbox 32 2095 1076 2149; baseline -0.003 -13"><span class='ocrx_word' id='word_1_238' title='bbox 32 2113 104 2136; x_wconf 90' lang='grc' dir='ltr'>σειν</span> <span class='ocrx_word' id='word_1_239' title='bbox 132 2101 200 2136; x_wconf 84' lang='grc' dir='ltr'>τῶν</span> <span class='ocrx_word' id='word_1_240' title='bbox 231 2097 471 2149; x_wconf 84' lang='grc' dir='ltr'>ὁμηρευόντων</span> <span class='ocrx_word' id='word_1_241' title='bbox 500 2096 577 2140; x_wconf 75' lang='grc' dir='ltr'>τοὺς</span> <span class='ocrx_word' id='word_1_242' title='bbox 615 2096 783 2148; x_wconf 80' lang='grc' dir='ltr'>πατέρας.</span> <span class='ocrx_word' id='word_1_243' title='bbox 818 2095 980 2148; x_wconf 72' lang='grc' dir='ltr'>Τιὸέριος</span> <span class='ocrx_word' id='word_1_244' title='bbox 1013 2095 1076 2146; x_wconf 87' lang='grc' dir='ltr'>μὲν</span> 
     </span>
    </p>
   </div>
   <div class='ocr_carea' id='block_1_5' title="bbox 14 2204 1080 3497">
    <p class='ocr_par' dir='ltr' id='par_1_5' title="bbox 31 2204 1080 2599">
     <span class='ocr_line' id='line_1_33' title="bbox 31 2204 1080 2245; baseline -0.002 -9"><span class='ocrx_word' id='word_1_245' title='bbox 31 2205 206 2245; x_wconf 81' lang='lat' dir='ltr'><strong>legatione,</strong></span> <span class='ocrx_word' id='word_1_246' title='bbox 223 2206 260 2237; x_wconf 90' lang='lat' dir='ltr'>ut</span> <span class='ocrx_word' id='word_1_247' title='bbox 279 2205 400 2237; x_wconf 89' lang='lat' dir='ltr'>bellum</span> <span class='ocrx_word' id='word_1_248' title='bbox 425 2204 526 2236; x_wconf 84' lang='lat' dir='ltr'>Persis</span> <span class='ocrx_word' id='word_1_249' title='bbox 546 2213 654 2236; x_wconf 89' lang='lat' dir='ltr'>secum</span> <span class='ocrx_word' id='word_1_250' title='bbox 676 2204 826 2243; x_wconf 88' lang='lat' dir='ltr'>inferret,</span> <span class='ocrx_word' id='word_1_251' title='bbox 844 2213 909 2244; x_wconf 90' lang='lat' dir='ltr'>quo</span> <span class='ocrx_word' id='word_1_252' title='bbox 934 2213 1080 2236; x_wconf 89' lang='lat' dir='ltr'>commu-</span> 
     </span>
     <span class='ocr_line' id='line_1_34' title="bbox 31 2256 1078 2296; baseline -0.001 -8"><span class='ocrx_word' id='word_1_253' title='bbox 31 2257 125 2290; x_wconf 77' lang='lat' dir='ltr'>nibus</span> <span class='ocrx_word' id='word_1_254' title='bbox 138 2257 282 2288; x_wconf 88' lang='lat' dir='ltr'><strong>hostibus</strong></span> <span class='ocrx_word' id='word_1_255' title='bbox 306 2256 405 2288; x_wconf 82' lang='lat' dir='ltr'>exitio</span> <span class='ocrx_word' id='word_1_256' title='bbox 419 2257 536 2296; x_wconf 80' lang='lat' dir='ltr'>essent,</span> <span class='ocrx_word' id='word_1_257' title='bbox 567 2256 793 2287; x_wconf 72' lang='lat' dir='ltr'>sollicitabant.</span> <span class='ocrx_word' id='word_1_258' title='bbox 816 2256 941 2288; x_wconf 78' lang='lat' dir='ltr'><strong>Etenim</strong></span> <span class='ocrx_word' id='word_1_259' title='bbox 958 2265 999 2288; x_wconf 79' lang='lat' dir='ltr'>ex</span> <span class='ocrx_word' id='word_1_260' title='bbox 1012 2264 1078 2287; x_wconf 85' lang='lat' dir='ltr'>una</span> 
     </span>
     <span class='ocr_line' id='line_1_35' title="bbox 32 2306 1077 2349; baseline -0.003 -8"><span class='ocrx_word' id='word_1_261' title='bbox 32 2310 121 2349; x_wconf 87' lang='lat' dir='ltr'>parte</span> <span class='ocrx_word' id='word_1_262' title='bbox 133 2308 302 2348; x_wconf 84' lang='lat' dir='ltr'>Romanis,</span> <span class='ocrx_word' id='word_1_263' title='bbox 317 2317 359 2340; x_wconf 86' lang='lat' dir='ltr'>ex</span> <span class='ocrx_word' id='word_1_264' title='bbox 377 2308 479 2340; x_wconf 88' lang='lat' dir='ltr'>altera</span> <span class='ocrx_word' id='word_1_265' title='bbox 491 2308 603 2340; x_wconf 76' lang='lat' dir='ltr'>&#39;turcis</span> <span class='ocrx_word' id='word_1_266' title='bbox 616 2308 836 2348; x_wconf 77' lang='lat' dir='ltr'><strong>ingruentibus</strong></span> <span class='ocrx_word' id='word_1_267' title='bbox 848 2332 857 2347; x_wconf 93' lang='lat'>,</span> <span class='ocrx_word' id='word_1_268' title='bbox 876 2310 1006 2347; x_wconf 79' lang='lat' dir='ltr'><strong>Persas,</strong></span> <span class='ocrx_word' id='word_1_269' title='bbox 1020 2306 1077 2348; x_wconf 88' lang='lat' dir='ltr'>qui</span> 
     </span>
     <span class='ocr_line' id='line_1_36' title="bbox 33 2359 1077 2400; baseline -0.002 -8"><span class='ocrx_word' id='word_1_270' title='bbox 33 2361 66 2392; x_wconf 88' lang='lat' dir='ltr'>in</span> <span class='ocrx_word' id='word_1_271' title='bbox 87 2360 192 2393; x_wconf 88' lang='lat' dir='ltr'>medio</span> <span class='ocrx_word' id='word_1_272' title='bbox 215 2359 380 2392; x_wconf 87' lang='lat' dir='ltr'>constituti</span> <span class='ocrx_word' id='word_1_273' title='bbox 401 2361 522 2399; x_wconf 73' lang='lat' dir='ltr'>essent,</span> <span class='ocrx_word' id='word_1_274' title='bbox 556 2359 647 2391; x_wconf 77' lang='lat' dir='ltr'>facile</span> <span class='ocrx_word' id='word_1_275' title='bbox 669 2359 805 2400; x_wconf 82' lang='lat' dir='ltr'>opprimi</span> <span class='ocrx_word' id='word_1_276' title='bbox 833 2369 934 2400; x_wconf 88' lang='lat' dir='ltr'>posse.</span> <span class='ocrx_word' id='word_1_277' title='bbox 957 2362 1077 2392; x_wconf 81' lang='lat' dir='ltr'>Harum</span> 
     </span>
     <span class='ocr_line' id='line_1_37' title="bbox 32 2411 1078 2450; baseline -0.001 -6"><span class='ocrx_word' id='word_1_278' title='bbox 32 2420 139 2444; x_wconf 87' lang='lat' dir='ltr'>rerum</span> <span class='ocrx_word' id='word_1_279' title='bbox 159 2412 276 2444; x_wconf 87' lang='lat' dir='ltr'>fiducia</span> <span class='ocrx_word' id='word_1_280' title='bbox 291 2412 394 2444; x_wconf 87' lang='lat' dir='ltr'>elatus</span> <span class='ocrx_word' id='word_1_281' title='bbox 409 2412 571 2449; x_wconf 86' lang='lat' dir='ltr'>Justinus‚</span> <span class='ocrx_word' id='word_1_282' title='bbox 591 2411 683 2442; x_wconf 85' lang='lat' dir='ltr'>facile</span> <span class='ocrx_word' id='word_1_283' title='bbox 703 2412 770 2443; x_wconf 83' lang='lat' dir='ltr'>sore</span> <span class='ocrx_word' id='word_1_284' title='bbox 791 2411 1015 2450; x_wconf 83' lang='lat' dir='ltr'>existimabat,</span> <span class='ocrx_word' id='word_1_285' title='bbox 1041 2413 1078 2443; x_wconf 87' lang='lat' dir='ltr'>ut</span> 
     </span>
     <span class='ocr_line' id='line_1_38' title="bbox 34 2452 1077 2504; baseline -0.003 -8"><span class='ocrx_word' id='word_1_286' title='bbox 34 2452 200 2496; x_wconf 79' lang='lat' dir='ltr'>Per‘sarum</span> <span class='ocrx_word' id='word_1_287' title='bbox 220 2463 397 2504; x_wconf 87' lang='lat' dir='ltr'>potentiam</span> <span class='ocrx_word' id='word_1_288' title='bbox 418 2463 574 2495; x_wconf 87' lang='lat' dir='ltr'>everteret</span> <span class='ocrx_word' id='word_1_289' title='bbox 591 2464 621 2494; x_wconf 86' lang='lat' dir='ltr'>et</span> <span class='ocrx_word' id='word_1_290' title='bbox 645 2462 685 2494; x_wconf 91' lang='lat' dir='ltr'>ad</span> <span class='ocrx_word' id='word_1_291' title='bbox 707 2463 871 2494; x_wconf 89' lang='lat' dir='ltr'>interitum</span> <span class='ocrx_word' id='word_1_292' title='bbox 896 2463 1077 2495; x_wconf 86' lang='lat' dir='ltr'>adduceret.</span> 
     </span>
     <span class='ocr_line' id='line_1_39' title="bbox 34 2514 1079 2557; baseline -0.001 -10"><span class='ocrx_word' id='word_1_293' title='bbox 34 2516 143 2557; x_wconf 83' lang='lat' dir='ltr'>ltaque</span> <span class='ocrx_word' id='word_1_294' title='bbox 152 2516 309 2556; x_wconf 84' lang='lat' dir='ltr'>quantum</span> <span class='ocrx_word' id='word_1_295' title='bbox 331 2514 364 2546; x_wconf 90' lang='lat' dir='ltr'>in</span> <span class='ocrx_word' id='word_1_296' title='bbox 378 2515 431 2546; x_wconf 91' lang='lat' dir='ltr'>illo</span> <span class='ocrx_word' id='word_1_297' title='bbox 450 2515 535 2554; x_wconf 86' lang='lat' dir='ltr'>erat,</span> <span class='ocrx_word' id='word_1_298' title='bbox 553 2514 660 2545; x_wconf 85' lang='lat' dir='ltr'>omnia</span> <span class='ocrx_word' id='word_1_299' title='bbox 676 2514 828 2554; x_wconf 80' lang='lat' dir='ltr'>curabat,</span> <span class='ocrx_word' id='word_1_300' title='bbox 846 2523 911 2555; x_wconf 90' lang='lat' dir='ltr'>quo</span> <span class='ocrx_word' id='word_1_301' title='bbox 927 2514 987 2547; x_wconf 92' lang='lat' dir='ltr'>sibi</span> <span class='ocrx_word' id='word_1_302' title='bbox 1001 2517 1079 2547; x_wconf 88' lang='lat' dir='ltr'>Tur-</span> 
     </span>
     <span class='ocr_line' id='line_1_40' title="bbox 35 2565 848 2599; baseline -0.001 0"><span class='ocrx_word' id='word_1_303' title='bbox 35 2574 146 2599; x_wconf 86' lang='lat' dir='ltr'>corum</span> <span class='ocrx_word' id='word_1_304' title='bbox 163 2566 337 2599; x_wconf 80' lang='lat' dir='ltr'>amicitiam</span> <span class='ocrx_word' id='word_1_305' title='bbox 354 2565 452 2598; x_wconf 83' lang='lat' dir='ltr'>fidam</span> <span class='ocrx_word' id='word_1_306' title='bbox 468 2568 500 2598; x_wconf 89' lang='lat' dir='ltr'>et</span> <span class='ocrx_word' id='word_1_307' title='bbox 509 2567 614 2597; x_wconf 89' lang='lat' dir='ltr'>tutam</span> <span class='ocrx_word' id='word_1_308' title='bbox 634 2566 848 2598; x_wconf 81' lang='lat' dir='ltr'><strong>conservaret.</strong></span> 
     </span>
    </p>

    <p class='ocr_par' dir='ltr' id='par_1_6' title="bbox 23 2676 1079 2928">
     <span class='ocr_line' id='line_1_41' title="bbox 75 2676 1079 2719; baseline 0.001 -11"><span class='ocrx_word' id='word_1_309' title='bbox 75 2679 195 2709; x_wconf 82' lang='lat' dir='ltr'>Avares</span> <span class='ocrx_word' id='word_1_310' title='bbox 215 2676 406 2717; x_wconf 81' lang='lat' dir='ltr'>legationem</span> <span class='ocrx_word' id='word_1_311' title='bbox 431 2676 472 2708; x_wconf 92' lang='lat' dir='ltr'>de</span> <span class='ocrx_word' id='word_1_312' title='bbox 488 2676 600 2708; x_wconf 91' lang='lat' dir='ltr'>iisdem</span> <span class='ocrx_word' id='word_1_313' title='bbox 619 2676 733 2717; x_wconf 87' lang='lat' dir='ltr'>rebus,</span> <span class='ocrx_word' id='word_1_314' title='bbox 751 2676 792 2709; x_wconf 88' lang='lat' dir='ltr'>de</span> <span class='ocrx_word' id='word_1_315' title='bbox 818 2677 936 2718; x_wconf 88' lang='lat' dir='ltr'>quibus</span> <span class='ocrx_word' id='word_1_316' title='bbox 963 2677 1079 2719; x_wconf 78' lang='lat' dir='ltr'>saepius</span> 
     </span>
     <span class='ocr_line' id='line_1_42' title="bbox 36 2729 1078 2771; baseline 0.001 -9"><span class='ocrx_word' id='word_1_317' title='bbox 36 2730 146 2770; x_wconf 73' lang='lat' dir='ltr'>antea,</span> <span class='ocrx_word' id='word_1_318' title='bbox 159 2730 200 2761; x_wconf 93' lang='lat' dir='ltr'>ad</span> <span class='ocrx_word' id='word_1_319' title='bbox 222 2732 383 2762; x_wconf 84' lang='lat' dir='ltr'>Romanos</span> <span class='ocrx_word' id='word_1_320' title='bbox 403 2729 576 2767; x_wconf 89' lang='lat' dir='ltr'>miserunt,</span> <span class='ocrx_word' id='word_1_321' title='bbox 592 2730 641 2761; x_wconf 92' lang='lat' dir='ltr'>cui</span> <span class='ocrx_word' id='word_1_322' title='bbox 659 2730 804 2770; x_wconf 82' lang='lat' dir='ltr'>legationi</span> <span class='ocrx_word' id='word_1_323' title='bbox 819 2739 920 2771; x_wconf 91' lang='lat' dir='ltr'>quum</span> <span class='ocrx_word' id='word_1_324' title='bbox 942 2732 1078 2763; x_wconf 87' lang='lat' dir='ltr'>Romani</span> 
     </span>
     <span class='ocr_line' id='line_1_43' title="bbox 23 2778 1079 2823; baseline 0.002 -10"><span class='ocrx_word' id='word_1_325' title='bbox 23 2778 165 2814; x_wconf 52' lang='lat' dir='ltr'>‘minime</span> <span class='ocrx_word' id='word_1_326' title='bbox 184 2790 277 2813; x_wconf 88' lang='lat' dir='ltr'>aures</span> <span class='ocrx_word' id='word_1_327' title='bbox 298 2781 478 2822; x_wconf 84' lang='lat' dir='ltr'>praeberent</span> <span class='ocrx_word' id='word_1_328' title='bbox 495 2780 507 2822; x_wconf 85' lang='lat'><strong>(</strong></span> <span class='ocrx_word' id='word_1_329' title='bbox 524 2781 665 2812; x_wconf 88' lang='lat' dir='ltr'>nondum</span> <span class='ocrx_word' id='word_1_330' title='bbox 693 2784 777 2813; x_wconf 87' lang='lat' dir='ltr'>enim</span> <span class='ocrx_word' id='word_1_331' title='bbox 803 2782 930 2814; x_wconf 83' lang='lat' dir='ltr'>Justino</span> <span class='ocrx_word' id='word_1_332' title='bbox 953 2783 1079 2823; x_wconf 84' lang='lat' dir='ltr'>placue-</span> 
     </span>
     <span class='ocr_line' id='line_1_44' title="bbox 37 2833 1079 2874; baseline 0.001 -8"><span class='ocrx_word' id='word_1_333' title='bbox 37 2834 111 2874; x_wconf 79' lang='lat' dir='ltr'>rat)</span> <span class='ocrx_word' id='word_1_334' title='bbox 128 2857 137 2874; x_wconf 92' lang='lat'>,</span> <span class='ocrx_word' id='word_1_335' title='bbox 162 2834 293 2866; x_wconf 89' lang='lat' dir='ltr'>tandem</span> <span class='ocrx_word' id='word_1_336' title='bbox 322 2833 458 2874; x_wconf 83' lang='lat' dir='ltr'>Apsicho</span> <span class='ocrx_word' id='word_1_337' title='bbox 481 2833 668 2874; x_wconf 83' lang='lat' dir='ltr'>legationem</span> <span class='ocrx_word' id='word_1_338' title='bbox 693 2834 850 2873; x_wconf 89' lang='lat' dir='ltr'>obeunte,</span> <span class='ocrx_word' id='word_1_339' title='bbox 876 2835 1022 2867; x_wconf 86' lang='lat' dir='ltr'>Tiberius</span> <span class='ocrx_word' id='word_1_340' title='bbox 1047 2838 1079 2868; x_wconf 92' lang='lat' dir='ltr'>et</span> 
     </span>
     <span class='ocr_line' id='line_1_45' title="bbox 35 2886 1078 2928; baseline 0 -8"><span class='ocrx_word' id='word_1_341' title='bbox 35 2886 150 2928; x_wconf 73' lang='lat' dir='ltr'>Apsich</span> <span class='ocrx_word' id='word_1_342' title='bbox 172 2887 204 2919; x_wconf 89' lang='lat' dir='ltr'>in</span> <span class='ocrx_word' id='word_1_343' title='bbox 221 2896 259 2920; x_wconf 87' lang='lat' dir='ltr'>ea</span> <span class='ocrx_word' id='word_1_344' title='bbox 275 2887 432 2919; x_wconf 88' lang='lat' dir='ltr'>sententia</span> <span class='ocrx_word' id='word_1_345' title='bbox 451 2887 681 2926; x_wconf 88' lang='lat' dir='ltr'>constiterunt,</span> <span class='ocrx_word' id='word_1_346' title='bbox 698 2889 734 2918; x_wconf 92' lang='lat' dir='ltr'>ut</span> <span class='ocrx_word' id='word_1_347' title='bbox 759 2887 916 2920; x_wconf 82' lang='lat' dir='ltr'>Avarihus</span> <span class='ocrx_word' id='word_1_348' title='bbox 944 2889 1078 2920; x_wconf 87' lang='lat' dir='ltr'>Romani</span> 
     </span>
    </p>

    <p class='ocr_par' dir='ltr' id='par_1_7' title="bbox 14 2938 1080 3497">
     <span class='ocr_line' id='line_1_46' title="bbox 14 2938 1077 2981; baseline 0.001 -10"><span class='ocrx_word' id='word_1_349' title='bbox 14 2963 16 2966; x_wconf 32' lang='lat' dir='ltr'>v</span> <span class='ocrx_word' id='word_1_350' title='bbox 33 2938 172 2979; x_wconf 65' lang='lat' dir='ltr'>terram,</span> <span class='ocrx_word' id='word_1_351' title='bbox 183 2938 215 2971; x_wconf 91' lang='lat' dir='ltr'>in</span> <span class='ocrx_word' id='word_1_352' title='bbox 229 2948 293 2980; x_wconf 89' lang='lat' dir='ltr'>qua</span> <span class='ocrx_word' id='word_1_353' title='bbox 308 2939 506 2978; x_wconf 85' lang='lat' dir='ltr'>habitarent,</span> <span class='ocrx_word' id='word_1_354' title='bbox 523 2938 656 2979; x_wconf 89' lang='lat' dir='ltr'>darent,</span> <span class='ocrx_word' id='word_1_355' title='bbox 676 2939 702 2970; x_wconf 92' lang='lat' dir='ltr'>si</span> <span class='ocrx_word' id='word_1_356' title='bbox 715 2939 840 2971; x_wconf 87' lang='lat' dir='ltr'>obsides</span> <span class='ocrx_word' id='word_1_357' title='bbox 857 2939 939 2971; x_wconf 84' lang='lat' dir='ltr'>filios</span> <span class='ocrx_word' id='word_1_358' title='bbox 951 2949 1077 2981; x_wconf 84' lang='lat' dir='ltr'>eorum,</span> 
     </span>
     <span class='ocr_line' id='line_1_47' title="bbox 35 2991 1079 3032; baseline 0.003 -10"><span class='ocrx_word' id='word_1_359' title='bbox 35 2991 91 3032; x_wconf 84' lang='lat' dir='ltr'>qui</span> <span class='ocrx_word' id='word_1_360' title='bbox 107 2991 192 3032; x_wconf 89' lang='lat' dir='ltr'>apud</span> <span class='ocrx_word' id='word_1_361' title='bbox 205 2992 288 3032; x_wconf 88' lang='lat' dir='ltr'>ipsos</span> <span class='ocrx_word' id='word_1_362' title='bbox 298 2992 430 3032; x_wconf 88' lang='lat' dir='ltr'>imperia</span> <span class='ocrx_word' id='word_1_363' title='bbox 446 2991 615 3032; x_wconf 84' lang='lat' dir='ltr'>gerebant,</span> <span class='ocrx_word' id='word_1_364' title='bbox 632 2991 824 3031; x_wconf 81' lang='lat' dir='ltr'>acciperent.</span> <span class='ocrx_word' id='word_1_365' title='bbox 841 2995 920 3030; x_wconf 79' lang='lat' dir='ltr'>Quoe</span> <span class='ocrx_word' id='word_1_366' title='bbox 934 2992 1079 3025; x_wconf 80' lang='lat' dir='ltr'>Tiberius</span> 
     </span>
     <span class='ocr_line' id='line_1_48' title="bbox 36 3041 1079 3083; baseline 0.002 -9"><span class='ocrx_word' id='word_1_367' title='bbox 36 3041 220 3083; x_wconf 85' lang='lat' dir='ltr'>imperatori</span> <span class='ocrx_word' id='word_1_368' title='bbox 239 3043 436 3083; x_wconf 84' lang='lat' dir='ltr'>significavit.</span> <span class='ocrx_word' id='word_1_369' title='bbox 453 3042 547 3080; x_wconf 90' lang='lat' dir='ltr'>Quod</span> <span class='ocrx_word' id='word_1_370' title='bbox 558 3043 664 3075; x_wconf 87' lang='lat' dir='ltr'>tamen</span> <span class='ocrx_word' id='word_1_371' title='bbox 681 3043 811 3075; x_wconf 87' lang='lat' dir='ltr'>minime</span> <span class='ocrx_word' id='word_1_372' title='bbox 826 3043 1003 3075; x_wconf 84' lang='lat' dir='ltr'>rationibus</span> <span class='ocrx_word' id='word_1_373' title='bbox 1016 3047 1079 3077; x_wconf 85' lang='lat' dir='ltr'>Ro-</span> 
     </span>
     <span class='ocr_line' id='line_1_49' title="bbox 35 3094 1080 3135; baseline 0.001 -9"><span class='ocrx_word' id='word_1_374' title='bbox 35 3101 205 3126; x_wconf 84' lang='lat' dir='ltr'>manorum</span> <span class='ocrx_word' id='word_1_375' title='bbox 229 3094 408 3128; x_wconf 80' lang='lat' dir='ltr'>conducere</span> <span class='ocrx_word' id='word_1_376' title='bbox 431 3095 603 3135; x_wconf 87' lang='lat' dir='ltr'>imperator</span> <span class='ocrx_word' id='word_1_377' title='bbox 625 3095 769 3133; x_wconf 89' lang='lat' dir='ltr'>censuit,</span> <span class='ocrx_word' id='word_1_378' title='bbox 796 3104 901 3135; x_wconf 88' lang='lat' dir='ltr'>neque</span> <span class='ocrx_word' id='word_1_379' title='bbox 929 3096 1022 3127; x_wconf 87' lang='lat' dir='ltr'>aliter</span> <span class='ocrx_word' id='word_1_380' title='bbox 1046 3105 1080 3128; x_wconf 88' lang='lat' dir='ltr'>se</span> 
     </span>
     <span class='ocr_line' id='line_1_50' title="bbox 37 3140 1080 3190; baseline 0.002 -13"><span class='ocrx_word' id='word_1_381' title='bbox 37 3153 147 3190; x_wconf 60' lang='lat' dir='ltr'>vacem</span> <span class='ocrx_word' id='word_1_382' title='bbox 172 3146 329 3178; x_wconf 84' lang='lat' dir='ltr'>facturum</span> <span class='ocrx_word' id='word_1_383' title='bbox 346 3146 439 3185; x_wconf 81' lang='lat' dir='ltr'>dixit,</span> <span class='ocrx_word' id='word_1_384' title='bbox 458 3146 518 3178; x_wconf 90' lang='lat' dir='ltr'>nisi</span> <span class='ocrx_word' id='word_1_385' title='bbox 539 3147 664 3187; x_wconf 90' lang='lat' dir='ltr'>aliquos</span> <span class='ocrx_word' id='word_1_386' title='bbox 678 3155 719 3177; x_wconf 85' lang='lat' dir='ltr'>ex</span> <span class='ocrx_word' id='word_1_387' title='bbox 743 3140 850 3178; x_wconf 74' lang='lat' dir='ltr'>liberis</span> <span class='ocrx_word' id='word_1_388' title='bbox 874 3146 973 3187; x_wconf 90' lang='lat' dir='ltr'>ipsius</span> <span class='ocrx_word' id='word_1_389' title='bbox 989 3147 1080 3179; x_wconf 88' lang='lat' dir='ltr'>ducis</span> 
     </span>
     <span class='ocr_line' id='line_1_51' title="bbox 37 3197 1077 3238; baseline 0.002 -10"><span class='ocrx_word' id='word_1_390' title='bbox 37 3198 176 3229; x_wconf 75' lang='lat' dir='ltr'>Avarum</span> <span class='ocrx_word' id='word_1_391' title='bbox 200 3197 325 3229; x_wconf 85' lang='lat' dir='ltr'>obsides</span> <span class='ocrx_word' id='word_1_392' title='bbox 349 3197 518 3238; x_wconf 87' lang='lat' dir='ltr'>acciperet.</span> <span class='ocrx_word' id='word_1_393' title='bbox 542 3197 669 3230; x_wconf 82' lang='lat' dir='ltr'>Tiberio</span> <span class='ocrx_word' id='word_1_394' title='bbox 692 3206 767 3229; x_wconf 86' lang='lat' dir='ltr'>vero</span> <span class='ocrx_word' id='word_1_395' title='bbox 789 3206 853 3229; x_wconf 92' lang='lat' dir='ltr'>non</span> <span class='ocrx_word' id='word_1_396' title='bbox 875 3198 932 3230; x_wconf 90' lang='lat' dir='ltr'>ista</span> <span class='ocrx_word' id='word_1_397' title='bbox 962 3198 1077 3238; x_wconf 89' lang='lat' dir='ltr'>proba-</span> 
     </span>
     <span class='ocr_line' id='line_1_52' title="bbox 41 3248 1079 3292; baseline 0.001 -11"><span class='ocrx_word' id='word_1_398' title='bbox 41 3248 168 3281; x_wconf 86' lang='lat' dir='ltr'>bantur.</span> <span class='ocrx_word' id='word_1_399' title='bbox 190 3250 243 3282; x_wconf 89' lang='lat' dir='ltr'>Sic</span> <span class='ocrx_word' id='word_1_400' title='bbox 255 3250 339 3282; x_wconf 88' lang='lat' dir='ltr'>enim</span> <span class='ocrx_word' id='word_1_401' title='bbox 354 3250 535 3290; x_wconf 82' lang='lat' dir='ltr'>judicabat,</span> <span class='ocrx_word' id='word_1_402' title='bbox 558 3250 584 3282; x_wconf 90' lang='lat' dir='ltr'>si</span> <span class='ocrx_word' id='word_1_403' title='bbox 606 3251 730 3290; x_wconf 91' lang='lat' dir='ltr'>aliquos</span> <span class='ocrx_word' id='word_1_404' title='bbox 744 3250 859 3282; x_wconf 88' lang='lat' dir='ltr'>liberos</span> <span class='ocrx_word' id='word_1_405' title='bbox 881 3251 1079 3292; x_wconf 84' lang='lat' dir='ltr'>eorum,qui</span> 
     </span>
     <span class='ocr_line' id='line_1_53' title="bbox 36 3300 1079 3342; baseline 0.002 -10"><span class='ocrx_word' id='word_1_406' title='bbox 36 3300 120 3340; x_wconf 71' lang='lat' dir='ltr'>apud</span> <span class='ocrx_word' id='word_1_407' title='bbox 144 3301 277 3342; x_wconf 84' lang='lat' dir='ltr'>Scythas</span> <span class='ocrx_word' id='word_1_408' title='bbox 296 3301 539 3342; x_wconf 89' lang='lat' dir='ltr'>imperitabant,</span> <span class='ocrx_word' id='word_1_409' title='bbox 562 3301 686 3334; x_wconf 86' lang='lat' dir='ltr'>obsides</span> <span class='ocrx_word' id='word_1_410' title='bbox 711 3301 862 3341; x_wconf 89' lang='lat' dir='ltr'>haberet,</span> <span class='ocrx_word' id='word_1_411' title='bbox 880 3302 947 3333; x_wconf 87' lang='lat' dir='ltr'>sore</span> <span class='ocrx_word' id='word_1_412' title='bbox 974 3304 1028 3342; x_wconf 89' lang='lat' dir='ltr'>ut,</span> <span class='ocrx_word' id='word_1_413' title='bbox 1054 3304 1079 3334; x_wconf 80' lang='lat' dir='ltr'>si</span> 
     </span>
     <span class='ocr_line' id='line_1_54' title="bbox 36 3351 1080 3394; baseline -0.001 -9"><span class='ocrx_word' id='word_1_414' title='bbox 36 3351 204 3393; x_wconf 75' lang='lat' dir='ltr'>chaganus</span> <span class='ocrx_word' id='word_1_415' title='bbox 217 3361 236 3384; x_wconf 86' lang='lat' dir='ltr'>a</span> <span class='ocrx_word' id='word_1_416' title='bbox 249 3361 327 3393; x_wconf 88' lang='lat' dir='ltr'>pace</span> <span class='ocrx_word' id='word_1_417' title='bbox 345 3353 493 3385; x_wconf 86' lang='lat' dir='ltr'>recedere</span> <span class='ocrx_word' id='word_1_418' title='bbox 508 3353 621 3391; x_wconf 86' lang='lat' dir='ltr'>vellet,</span> <span class='ocrx_word' id='word_1_419' title='bbox 637 3355 742 3393; x_wconf 86' lang='lat' dir='ltr'>patres</span> <span class='ocrx_word' id='word_1_420' title='bbox 758 3362 871 3385; x_wconf 89' lang='lat' dir='ltr'>eorum</span> <span class='ocrx_word' id='word_1_421' title='bbox 881 3377 890 3392; x_wconf 92' lang='lat'>‚</span> <span class='ocrx_word' id='word_1_422' title='bbox 912 3353 967 3393; x_wconf 87' lang='lat' dir='ltr'>qui</span> <span class='ocrx_word' id='word_1_423' title='bbox 995 3354 1080 3394; x_wconf 84' lang='lat' dir='ltr'>apud</span> 
     </span>
     <span class='ocr_line' id='line_1_55' title="bbox 39 3403 1080 3445; baseline 0.002 -10"><span class='ocrx_word' id='word_1_424' title='bbox 39 3403 197 3436; x_wconf 77' lang='lat' dir='ltr'>Romanos</span> <span class='ocrx_word' id='word_1_425' title='bbox 207 3403 332 3437; x_wconf 87' lang='lat' dir='ltr'>obsides</span> <span class='ocrx_word' id='word_1_426' title='bbox 341 3406 462 3444; x_wconf 67' lang='lat' dir='ltr'>essent,</span> <span class='ocrx_word' id='word_1_427' title='bbox 480 3404 511 3436; x_wconf 90' lang='lat' dir='ltr'>id</span> <span class='ocrx_word' id='word_1_428' title='bbox 523 3413 586 3436; x_wconf 92' lang='lat' dir='ltr'>non</span> <span class='ocrx_word' id='word_1_429' title='bbox 604 3405 835 3445; x_wconf 84' lang='lat' dir='ltr'>permitterent.</span> <span class='ocrx_word' id='word_1_430' title='bbox 851 3404 970 3436; x_wconf 87' lang='lat' dir='ltr'>Tiberii</span> <span class='ocrx_word' id='word_1_431' title='bbox 986 3405 1080 3445; x_wconf 85' lang='lat' dir='ltr'>igitur</span> 
     </span>
     <span class='ocr_line' id='line_1_56' title="bbox 38 3452 1080 3497; baseline 0.003 -10"><span class='ocrx_word' id='word_1_432' title='bbox 38 3452 108 3488; x_wconf 65' lang='lat' dir='ltr'>haec</span> <span class='ocrx_word' id='word_1_433' title='bbox 126 3456 194 3488; x_wconf 89' lang='lat' dir='ltr'>erat</span> <span class='ocrx_word' id='word_1_434' title='bbox 209 3455 376 3489; x_wconf 78' lang='lat' dir='ltr'>sententia.</span> <span class='ocrx_word' id='word_1_435' title='bbox 393 3456 454 3489; x_wconf 85' lang='lat' dir='ltr'>Sed</span> <span class='ocrx_word' id='word_1_436' title='bbox 474 3456 655 3497; x_wconf 86' lang='lat' dir='ltr'>imperatori</span> <span class='ocrx_word' id='word_1_437' title='bbox 680 3464 789 3497; x_wconf 86' lang='lat' dir='ltr'>pacem</span> <span class='ocrx_word' id='word_1_438' title='bbox 805 3456 937 3488; x_wconf 89' lang='lat' dir='ltr'>omnino</span> <span class='ocrx_word' id='word_1_439' title='bbox 949 3456 1080 3490; x_wconf 87' lang='lat' dir='ltr'>minime</span> 
     </span>
    </p>
   </div>
   <div class='ocr_carea' id='block_1_6' title="bbox 2101 222 2175 256">
    <p class='ocr_par' dir='ltr' id='par_1_8' title="bbox 2101 222 2175 256">
     <span class='ocr_line' id='line_1_57' title="bbox 2101 222 2175 256; baseline 0 0"><span class='ocrx_word' id='word_1_440' title='bbox 2101 222 2175 256; x_wconf 81' lang='lat'>23⁷</span> 
     </span>
    </p>
   </div>
   <div class='ocr_carea' id='block_1_7' title="bbox 1133 301 2183 827">
    <p class='ocr_par' dir='ltr' id='par_1_9' title="bbox 1133 301 2183 827">
     <span class='ocr_line' id='line_1_58' title="bbox 1133 301 2177 356; baseline 0.002 -16"><span class='ocrx_word' id='word_1_441' title='bbox 1133 303 1273 340; x_wconf 78' lang='grc' dir='ltr'>τοιᾶσδε</span> <span class='ocrx_word' id='word_1_442' title='bbox 1294 303 1430 354; x_wconf 73' lang='grc' dir='ltr'>ὑπῆρχε</span> <span class='ocrx_word' id='word_1_443' title='bbox 1450 301 1614 356; x_wconf 76' lang='grc' dir='ltr'>γνώμης,</span> <span class='ocrx_word' id='word_1_444' title='bbox 1638 301 1776 353; x_wconf 78' lang='grc' dir='ltr'>βασιλεῖ</span> <span class='ocrx_word' id='word_1_445' title='bbox 1792 302 1826 340; x_wconf 85' lang='grc' dir='ltr'>δὲ</span> <span class='ocrx_word' id='word_1_446' title='bbox 1846 303 1910 354; x_wconf 77' lang='grc' dir='ltr'>οὐχ</span> <span class='ocrx_word' id='word_1_447' title='bbox 1925 301 2033 348; x_wconf 79' lang='grc' dir='ltr'>οὕτως</span> <span class='ocrx_word' id='word_1_448' title='bbox 2049 303 2177 342; x_wconf 83' lang='grc' dir='ltr'>ἐδόκει·</span> 
     </span>
     <span class='ocr_line' id='line_1_59' title="bbox 1136 359 2176 415; baseline 0.001 -16"><span class='ocrx_word' id='word_1_449' title='bbox 1136 360 1224 399; x_wconf 85' lang='grc' dir='ltr'>ἀλλὰ</span> <span class='ocrx_word' id='word_1_450' title='bbox 1244 359 1312 412; x_wconf 84' lang='grc' dir='ltr'>γὰρ</span> <span class='ocrx_word' id='word_1_451' title='bbox 1330 360 1371 408; x_wconf 85' lang='grc' dir='ltr'>δή</span> <span class='ocrx_word' id='word_1_452' title='bbox 1392 376 1459 398; x_wconf 91' lang='grc' dir='ltr'>που</span> <span class='ocrx_word' id='word_1_453' title='bbox 1482 360 1542 398; x_wconf 77' lang='grc' dir='ltr'>καὶ</span> <span class='ocrx_word' id='word_1_454' title='bbox 1572 359 1746 411; x_wconf 83' lang='grc' dir='ltr'>ἐνεμέσιζε</span> <span class='ocrx_word' id='word_1_455' title='bbox 1765 365 1836 404; x_wconf 87' lang='grc' dir='ltr'>τοῖς</span> <span class='ocrx_word' id='word_1_456' title='bbox 1855 360 2044 411; x_wconf 83' lang='grc' dir='ltr'>Ῥωμαίων</span> <span class='ocrx_word' id='word_1_457' title='bbox 2071 377 2176 415; x_wconf 78' lang='grc' dir='ltr'>στρα-</span> 
     </span>
     <span class='ocr_line' id='line_1_60' title="bbox 1134 418 2178 472; baseline 0.003 -16"><span class='ocrx_word' id='word_1_458' title='bbox 1134 418 1294 472; x_wconf 82' lang='grc' dir='ltr'>τιάρχαις</span> <span class='ocrx_word' id='word_1_459' title='bbox 1317 418 1375 457; x_wconf 84' lang='grc' dir='ltr'>τὸν</span> <span class='ocrx_word' id='word_1_460' title='bbox 1403 418 1555 469; x_wconf 85' lang='grc' dir='ltr'>πόλεμον</span> <span class='ocrx_word' id='word_1_461' title='bbox 1586 418 1902 469; x_wconf 75' lang='grc' dir='ltr'>ἀναὸαλλομένοις,</span> <span class='ocrx_word' id='word_1_462' title='bbox 1927 420 2120 463; x_wconf 76' lang='grc' dir='ltr'>συλλαὸαῖς</span> <span class='ocrx_word' id='word_1_463' title='bbox 2140 436 2178 459; x_wconf 89' lang='grc' dir='ltr'>τε</span> 
     </span>
     <span class='ocr_line' id='line_1_61' title="bbox 1136 476 2180 531; baseline 0 -15"><span class='ocrx_word' id='word_1_464' title='bbox 1136 479 1264 531; x_wconf 78' lang='grc' dir='ltr'>ἐχρῆτο</span> <span class='ocrx_word' id='word_1_465' title='bbox 1287 480 1333 521; x_wconf 85' lang='grc' dir='ltr'>ὡς</span> <span class='ocrx_word' id='word_1_466' title='bbox 1359 477 1480 522; x_wconf 75' lang='grc' dir='ltr'>αὐτοὺς</span> <span class='ocrx_word' id='word_1_467' title='bbox 1506 476 1802 529; x_wconf 86' lang='grc' dir='ltr'>διαγορευούσαις,</span> <span class='ocrx_word' id='word_1_468' title='bbox 1829 479 1876 521; x_wconf 85' lang='grc' dir='ltr'>ὡς</span> <span class='ocrx_word' id='word_1_469' title='bbox 1903 477 1973 516; x_wconf 87' lang='grc' dir='ltr'>δέοι</span> <span class='ocrx_word' id='word_1_470' title='bbox 1999 483 2070 522; x_wconf 85' lang='grc' dir='ltr'>τοῖς</span> <span class='ocrx_word' id='word_1_471' title='bbox 2093 482 2180 530; x_wconf 87' lang='grc' dir='ltr'>βαρ-</span> 
     </span>
     <span class='ocr_line' id='line_1_62' title="bbox 1136 534 2181 589; baseline 0 -14"><span class='ocrx_word' id='word_1_472' title='bbox 1136 536 1255 589; x_wconf 76' lang='grc' dir='ltr'>ὅάροις</span> <span class='ocrx_word' id='word_1_473' title='bbox 1273 536 1529 583; x_wconf 86' lang='grc' dir='ltr'>ἐνδείκνυσθαι,</span> <span class='ocrx_word' id='word_1_474' title='bbox 1549 534 1602 574; x_wconf 79' lang='grc' dir='ltr'>ὅτι</span> <span class='ocrx_word' id='word_1_475' title='bbox 1621 551 1660 588; x_wconf 89' lang='grc' dir='ltr'>γε</span> <span class='ocrx_word' id='word_1_476' title='bbox 1680 535 1723 583; x_wconf 84' lang='grc' dir='ltr'>δή</span> <span class='ocrx_word' id='word_1_477' title='bbox 1743 552 1809 574; x_wconf 90' lang='grc' dir='ltr'>που</span> <span class='ocrx_word' id='word_1_478' title='bbox 1830 535 2021 586; x_wconf 89' lang='grc' dir='ltr'>Ῥωμαίοις</span> <span class='ocrx_word' id='word_1_479' title='bbox 2042 536 2120 588; x_wconf 83' lang='grc' dir='ltr'>οὐχὶ</span> <span class='ocrx_word' id='word_1_480' title='bbox 2147 539 2181 580; x_wconf 83' lang='grc' dir='ltr'>ἐς</span> 
     </span>
     <span class='ocr_line' id='line_1_63' title="bbox 1135 594 2182 650; baseline -0.001 -15"><span class='ocrx_word' id='word_1_481' title='bbox 1135 596 1174 635; x_wconf 81' lang='grc' dir='ltr'>τὸ</span> <span class='ocrx_word' id='word_1_482' title='bbox 1191 596 1410 650; x_wconf 72' lang='grc' dir='ltr'>ἀὸροδίαιτον</span> <span class='ocrx_word' id='word_1_483' title='bbox 1429 598 1448 634; x_wconf 81' lang='grc' dir='ltr'>ὁ</span> <span class='ocrx_word' id='word_1_484' title='bbox 1467 595 1539 648; x_wconf 88' lang='grc' dir='ltr'>βίος</span> <span class='ocrx_word' id='word_1_485' title='bbox 1612 625 1622 643; x_wconf 88' lang='grc'>,</span> <span class='ocrx_word' id='word_1_486' title='bbox 1644 595 1757 639; x_wconf 83' lang='grc' dir='ltr'>ἄλλως</span> <span class='ocrx_word' id='word_1_487' title='bbox 1773 594 1809 633; x_wconf 82' lang='grc' dir='ltr'>δὲ</span> <span class='ocrx_word' id='word_1_488' title='bbox 1827 597 1873 639; x_wconf 88' lang='grc' dir='ltr'>ὡς</span> <span class='ocrx_word' id='word_1_489' title='bbox 1892 595 2119 648; x_wconf 82' lang='grc' dir='ltr'>φιλοπόλεμοί</span> <span class='ocrx_word' id='word_1_490' title='bbox 2143 595 2182 634; x_wconf 83' lang='grc' dir='ltr'>τέ</span> 
     </span>
     <span class='ocr_line' id='line_1_64' title="bbox 1136 652 2183 708; baseline -0.002 -14"><span class='ocrx_word' id='word_1_491' title='bbox 1136 657 1202 694; x_wconf 84' lang='grc' dir='ltr'>εἷσι</span> <span class='ocrx_word' id='word_1_492' title='bbox 1230 655 1291 694; x_wconf 82' lang='grc' dir='ltr'>καὶ</span> <span class='ocrx_word' id='word_1_493' title='bbox 1320 654 1515 708; x_wconf 78' lang='grc' dir='ltr'>φερέπονοι.</span> <span class='ocrx_word' id='word_1_494' title='bbox 1548 654 1653 693; x_wconf 74' lang='grc' dir='ltr'>Ἐπεὶ</span> <span class='ocrx_word' id='word_1_495' title='bbox 1681 654 1717 692; x_wconf 85' lang='grc' dir='ltr'>δὲ</span> <span class='ocrx_word' id='word_1_496' title='bbox 1738 652 1782 692; x_wconf 82' lang='grc' dir='ltr'>τὰ</span> <span class='ocrx_word' id='word_1_497' title='bbox 1803 657 1865 701; x_wconf 75' lang='grc' dir='ltr'>τῆς</span> <span class='ocrx_word' id='word_1_498' title='bbox 1881 653 1988 706; x_wconf 83' lang='grc' dir='ltr'>ἔριδος</span> <span class='ocrx_word' id='word_1_499' title='bbox 2006 653 2102 692; x_wconf 85' lang='grc' dir='ltr'>ἐνίκα</span> <span class='ocrx_word' id='word_1_500' title='bbox 2122 654 2183 692; x_wconf 82' lang='grc' dir='ltr'>καὶ</span> 
     </span>
     <span class='ocr_line' id='line_1_65' title="bbox 1138 711 2182 766; baseline -0.001 -14"><span class='ocrx_word' id='word_1_501' title='bbox 1138 717 1155 752; x_wconf 87' lang='grc' dir='ltr'>ὁ</span> <span class='ocrx_word' id='word_1_502' title='bbox 1175 714 1326 766; x_wconf 83' lang='grc' dir='ltr'>πόλεμος</span> <span class='ocrx_word' id='word_1_503' title='bbox 1345 714 1521 761; x_wconf 81' lang='grc' dir='ltr'>ἠπειλεῒτο</span> <span class='ocrx_word' id='word_1_504' title='bbox 1533 743 1542 761; x_wconf 88' lang='grc'>,</span> <span class='ocrx_word' id='word_1_505' title='bbox 1555 712 1713 764; x_wconf 74' lang='grc' dir='ltr'>Τιὸέριος</span> <span class='ocrx_word' id='word_1_506' title='bbox 1727 712 1880 760; x_wconf 84' lang='grc' dir='ltr'>ἐσήμηνε</span> <span class='ocrx_word' id='word_1_507' title='bbox 1894 711 2004 765; x_wconf 84' lang='grc' dir='ltr'>Βώνῳ</span> <span class='ocrx_word' id='word_1_508' title='bbox 2021 714 2056 751; x_wconf 85' lang='grc' dir='ltr'>ἐν</span> <span class='ocrx_word' id='word_1_509' title='bbox 2071 712 2182 766; x_wconf 79' lang='grc' dir='ltr'>γράμ-</span> 
     </span>
     <span class='ocr_line' id='line_1_66' title="bbox 1138 771 2002 827; baseline -0.003 -14"><span class='ocrx_word' id='word_1_510' title='bbox 1138 789 1225 825; x_wconf 88' lang='grc' dir='ltr'>μασι</span> <span class='ocrx_word' id='word_1_511' title='bbox 1244 772 1462 827; x_wconf 85' lang='grc' dir='ltr'>φυλάξασθαι</span> <span class='ocrx_word' id='word_1_512' title='bbox 1479 771 1540 817; x_wconf 82' lang='grc' dir='ltr'>τὰς</span> <span class='ocrx_word' id='word_1_513' title='bbox 1559 771 1739 816; x_wconf 72' lang='grc' dir='ltr'>διαδάσεις</span> <span class='ocrx_word' id='word_1_514' title='bbox 1755 775 1815 811; x_wconf 83' lang='grc' dir='ltr'>τοῦ</span> <span class='ocrx_word' id='word_1_515' title='bbox 1830 775 2002 822; x_wconf 78' lang='grc' dir='ltr'>ποταμοῦ.</span> 
     </span>
    </p>
   </div>
   <div class='ocr_carea' id='block_1_8' title="bbox 1485 863 1822 914">
    <p class='ocr_par' dir='ltr' id='par_1_10' title="bbox 1485 863 1822 914">
     <span class='ocr_line' id='line_1_67' title="bbox 1485 863 1822 914; baseline -0.003 -13"><span class='ocrx_word' id='word_1_516' title='bbox 1485 864 1549 908; x_wconf 80' lang='lat'>34.</span> <span class='ocrx_word' id='word_1_517' title='bbox 1583 863 1671 913; x_wconf 87' lang='lat' dir='ltr'>(an.</span> <span class='ocrx_word' id='word_1_518' title='bbox 1708 863 1822 914; x_wconf 84' lang='lat'>570.)</span> 
     </span>
    </p>
   </div>
   <div class='ocr_carea' id='block_1_9' title="bbox 1137 948 2185 1356">
    <p class='ocr_par' dir='ltr' id='par_1_11' title="bbox 1137 948 2185 1356">
     <span class='ocr_line' id='line_1_68' title="bbox 1191 948 2183 1002; baseline -0.001 -13"><span class='ocrx_word' id='word_1_519' title='bbox 1191 952 1341 990; x_wconf 85' lang='lat' dir='ltr'>Ibidem</span> <span class='ocrx_word' id='word_1_520' title='bbox 1358 965 1399 1001; x_wconf 90' lang='lat' dir='ltr'>p.</span> <span class='ocrx_word' id='word_1_521' title='bbox 1423 963 1439 987; x_wconf 93' lang='lat'>1</span> <span class='ocrx_word' id='word_1_522' title='bbox 1451 949 1496 988; x_wconf 86' lang='lat'>15</span> <span class='ocrx_word' id='word_1_523' title='bbox 1517 964 1526 987; x_wconf 92' lang='lat'>:</span> <span class='ocrx_word' id='word_1_524' title='bbox 1542 948 1629 989; x_wconf 67' lang='lat' dir='ltr'>“Ort</span> <span class='ocrx_word' id='word_1_525' title='bbox 1646 948 1736 1001; x_wconf 79' lang='grc' dir='ltr'>μετὰ</span> <span class='ocrx_word' id='word_1_526' title='bbox 1749 948 1812 997; x_wconf 84' lang='grc' dir='ltr'>τὴν</span> <span class='ocrx_word' id='word_1_527' title='bbox 1826 949 1924 996; x_wconf 88' lang='grc' dir='ltr'>νίκην</span> <span class='ocrx_word' id='word_1_528' title='bbox 1935 951 2003 988; x_wconf 84' lang='grc' dir='ltr'>τῶν</span> <span class='ocrx_word' id='word_1_529' title='bbox 2014 949 2183 1002; x_wconf 73' lang='grc' dir='ltr'>Ἄὸἄρων,</span> 
     </span>
     <span class='ocr_line' id='line_1_69' title="bbox 1137 1007 2185 1061; baseline -0.002 -13"><span class='ocrx_word' id='word_1_530' title='bbox 1137 1009 1341 1057; x_wconf 83' lang='grc' dir='ltr'>ἡττηθέντος</span> <span class='ocrx_word' id='word_1_531' title='bbox 1370 1008 1535 1061; x_wconf 72' lang='grc' dir='ltr'>Τιὸερίου</span> <span class='ocrx_word' id='word_1_532' title='bbox 1569 1012 1630 1047; x_wconf 84' lang='grc' dir='ltr'>τοῦ</span> <span class='ocrx_word' id='word_1_533' title='bbox 1663 1012 1884 1060; x_wconf 86' lang='grc' dir='ltr'>στρατηγοῦ,</span> <span class='ocrx_word' id='word_1_534' title='bbox 1908 1007 1997 1058; x_wconf 82' lang='grc' dir='ltr'>μετὰ</span> <span class='ocrx_word' id='word_1_535' title='bbox 2017 1009 2078 1053; x_wconf 88' lang='grc' dir='ltr'>τὰς</span> <span class='ocrx_word' id='word_1_536' title='bbox 2110 1008 2185 1053; x_wconf 80' lang='grc' dir='ltr'>Ξυν-</span> 
     </span>
     <span class='ocr_line' id='line_1_70' title="bbox 1139 1066 2184 1121; baseline -0.002 -14"><span class='ocrx_word' id='word_1_537' title='bbox 1139 1069 1246 1116; x_wconf 82' lang='grc' dir='ltr'>θήκας</span> <span class='ocrx_word' id='word_1_538' title='bbox 1262 1067 1430 1121; x_wconf 81' lang='grc' dir='ltr'>συνήρεσε</span> <span class='ocrx_word' id='word_1_539' title='bbox 1450 1066 1733 1120; x_wconf 73' lang='grc' dir='ltr'>πρεσὸεύσασθαι</span> <span class='ocrx_word' id='word_1_540' title='bbox 1751 1070 1798 1112; x_wconf 81' lang='grc' dir='ltr'>ὡς</span> <span class='ocrx_word' id='word_1_541' title='bbox 1825 1067 1883 1106; x_wconf 85' lang='grc' dir='ltr'>τὸν</span> <span class='ocrx_word' id='word_1_542' title='bbox 1907 1067 2098 1118; x_wconf 87' lang='grc' dir='ltr'>Ῥωμαίων</span> <span class='ocrx_word' id='word_1_543' title='bbox 2118 1069 2184 1106; x_wconf 82' lang='grc' dir='ltr'>αὖ·</span> 
     </span>
     <span class='ocr_line' id='line_1_71' title="bbox 1139 1125 2185 1180; baseline -0.001 -14"><span class='ocrx_word' id='word_1_544' title='bbox 1139 1127 1346 1180; x_wconf 81' lang='grc' dir='ltr'>τοκράτορα.</span> <span class='ocrx_word' id='word_1_545' title='bbox 1369 1125 1441 1165; x_wconf 84' lang='grc' dir='ltr'>Καὶ</span> <span class='ocrx_word' id='word_1_546' title='bbox 1456 1126 1498 1173; x_wconf 82' lang='grc' dir='ltr'>δὴ</span> <span class='ocrx_word' id='word_1_547' title='bbox 1515 1125 1675 1179; x_wconf 72' lang='grc' dir='ltr'>Τιὸέριος</span> <span class='ocrx_word' id='word_1_548' title='bbox 1694 1125 1937 1170; x_wconf 83' lang='grc' dir='ltr'>ξυναπέστειλε</span> <span class='ocrx_word' id='word_1_549' title='bbox 1956 1129 1999 1179; x_wconf 81' lang='grc' dir='ltr'>τῇ</span> <span class='ocrx_word' id='word_1_550' title='bbox 2016 1126 2185 1179; x_wconf 75' lang='grc' dir='ltr'>πρεσὸείᾳ</span> 
     </span>
     <span class='ocr_line' id='line_1_72' title="bbox 1140 1183 2185 1237; baseline -0.003 -12"><span class='ocrx_word' id='word_1_551' title='bbox 1140 1185 1319 1236; x_wconf 83' lang='grc' dir='ltr'>Δαμιανὸν</span> <span class='ocrx_word' id='word_1_552' title='bbox 1338 1184 1540 1237; x_wconf 80' lang='grc' dir='ltr'>ταξίαρχον,</span> <span class='ocrx_word' id='word_1_553' title='bbox 1564 1183 1718 1234; x_wconf 77' lang='grc' dir='ltr'>ἐσήμηνέ</span> <span class='ocrx_word' id='word_1_554' title='bbox 1742 1200 1780 1222; x_wconf 90' lang='grc' dir='ltr'>τε</span> <span class='ocrx_word' id='word_1_555' title='bbox 1800 1186 1849 1237; x_wconf 84' lang='grc' dir='ltr'>τῷ</span> <span class='ocrx_word' id='word_1_556' title='bbox 1877 1186 2015 1236; x_wconf 87' lang='grc' dir='ltr'>βασιλεῖ</span> <span class='ocrx_word' id='word_1_557' title='bbox 2044 1183 2185 1223; x_wconf 84' lang='grc' dir='ltr'>ἅπαντα</span> 
     </span>
     <span class='ocr_line' id='line_1_73' title="bbox 1141 1238 2180 1296; baseline 0 -13"><span class='ocrx_word' id='word_1_558' title='bbox 1141 1245 1182 1283; x_wconf 86' lang='grc' dir='ltr'>τὰ</span> <span class='ocrx_word' id='word_1_559' title='bbox 1205 1245 1466 1296; x_wconf 85' lang='grc' dir='ltr'>ξυνενεχθέντα,</span> <span class='ocrx_word' id='word_1_560' title='bbox 1486 1243 1546 1281; x_wconf 86' lang='grc' dir='ltr'>καὶ</span> <span class='ocrx_word' id='word_1_561' title='bbox 1567 1243 1646 1295; x_wconf 81' lang='grc' dir='ltr'>περὶ</span> <span class='ocrx_word' id='word_1_562' title='bbox 1667 1238 1714 1280; x_wconf 68' lang='grc' dir='ltr'>ὧν</span> <span class='ocrx_word' id='word_1_563' title='bbox 1733 1243 1895 1295; x_wconf 84' lang='grc' dir='ltr'>βούλεται</span> <span class='ocrx_word' id='word_1_564' title='bbox 1919 1242 1958 1281; x_wconf 86' lang='grc' dir='ltr'>τὸ</span> <span class='ocrx_word' id='word_1_565' title='bbox 1984 1242 2180 1296; x_wconf 75' lang='grc' dir='ltr'>Ἀὸαρικόν.</span> 
     </span>
     <span class='ocr_line' id='line_1_74' title="bbox 1141 1299 2070 1356; baseline -0.001 -14"><span class='ocrx_word' id='word_1_566' title='bbox 1141 1306 1172 1343; x_wconf 86' lang='grc' dir='ltr'><strong>Κ</strong></span> <span class='ocrx_word' id='word_1_567' title='bbox 1179 1304 1214 1341; x_wconf 76' lang='grc' dir='ltr'>αὶ</span> <span class='ocrx_word' id='word_1_568' title='bbox 1231 1303 1437 1342; x_wconf 82' lang='grc' dir='ltr'>ἐσπείσαντο</span> <span class='ocrx_word' id='word_1_569' title='bbox 1453 1301 1579 1346; x_wconf 86' lang='grc' dir='ltr'>τελέως</span> <span class='ocrx_word' id='word_1_570' title='bbox 1596 1301 1771 1353; x_wconf 84' lang='grc' dir='ltr'>Ῥωμαῖοί</span> <span class='ocrx_word' id='word_1_571' title='bbox 1785 1317 1823 1341; x_wconf 91' lang='grc' dir='ltr'>τε</span> <span class='ocrx_word' id='word_1_572' title='bbox 1837 1302 1896 1341; x_wconf 83' lang='grc' dir='ltr'>καὶ</span> <span class='ocrx_word' id='word_1_573' title='bbox 1912 1299 2070 1356; x_wconf 73' lang='grc' dir='ltr'>Ἄδαροι.</span> 
     </span>
    </p>
   </div>
   <div class='ocr_carea' id='block_1_10' title="bbox 1633 1384 1694 1422">
    <p class='ocr_par' dir='ltr' id='par_1_12' title="bbox 1633 1384 1694 1422">
     <span class='ocr_line' id='line_1_75' title="bbox 1633 1384 1694 1422; baseline 0.016 -1"><span class='ocrx_word' id='word_1_574' title='bbox 1633 1384 1694 1422; x_wconf 83' lang='lat'>35.</span> 
     </span>
    </p>
   </div>
   <div class='ocr_carea' id='block_1_11' title="bbox 1140 1469 2191 1993">
    <p class='ocr_par' dir='ltr' id='par_1_13' title="bbox 1140 1469 2191 1993">
     <span class='ocr_line' id='line_1_76' title="bbox 1193 1469 2187 1523; baseline -0.001 -14"><span class='ocrx_word' id='word_1_575' title='bbox 1193 1473 1342 1509; x_wconf 84' lang='lat' dir='ltr'>Ibidem</span> <span class='ocrx_word' id='word_1_576' title='bbox 1360 1486 1400 1522; x_wconf 88' lang='lat' dir='ltr'>p.</span> <span class='ocrx_word' id='word_1_577' title='bbox 1429 1471 1500 1509; x_wconf 86' lang='lat'>115</span> <span class='ocrx_word' id='word_1_578' title='bbox 1530 1486 1537 1508; x_wconf 92' lang='lat'>:</span> <span class='ocrx_word' id='word_1_579' title='bbox 1562 1469 1645 1510; x_wconf 65' lang='grc' dir='ltr'>’Ότι</span> <span class='ocrx_word' id='word_1_580' title='bbox 1664 1472 1731 1508; x_wconf 80' lang='grc' dir='ltr'>τῶν</span> <span class='ocrx_word' id='word_1_581' title='bbox 1760 1470 1916 1523; x_wconf 72' lang='grc' dir='ltr'>Ἀὃοίρων</span> <span class='ocrx_word' id='word_1_582' title='bbox 1944 1470 2187 1521; x_wconf 82' lang='grc' dir='ltr'>σπεισαμένων</span> 
     </span>
     <span class='ocr_line' id='line_1_77' title="bbox 1140 1529 2189 1583; baseline 0 -15"><span class='ocrx_word' id='word_1_583' title='bbox 1140 1531 1200 1569; x_wconf 76' lang='grc' dir='ltr'>καὶ</span> <span class='ocrx_word' id='word_1_584' title='bbox 1220 1533 1253 1574; x_wconf 82' lang='grc' dir='ltr'>ἐς</span> <span class='ocrx_word' id='word_1_585' title='bbox 1268 1531 1313 1569; x_wconf 86' lang='grc' dir='ltr'>τὰ</span> <span class='ocrx_word' id='word_1_586' title='bbox 1329 1531 1438 1570; x_wconf 80' lang='grc' dir='ltr'>οἰκεῖα</span> <span class='ocrx_word' id='word_1_587' title='bbox 1453 1529 1717 1582; x_wconf 85' lang='grc' dir='ltr'>ἀπερχομένων,</span> <span class='ocrx_word' id='word_1_588' title='bbox 1737 1530 1768 1567; x_wconf 82' lang='grc' dir='ltr'>οἱ</span> <span class='ocrx_word' id='word_1_589' title='bbox 1788 1529 1990 1582; x_wconf 81' lang='grc' dir='ltr'>Σκαμάρεις</span> <span class='ocrx_word' id='word_1_590' title='bbox 2012 1529 2189 1583; x_wconf 83' lang='grc' dir='ltr'>ἐγχωρίως</span> 
     </span>
     <span class='ocr_line' id='line_1_78' title="bbox 1141 1588 2188 1642; baseline 0 -15"><span class='ocrx_word' id='word_1_591' title='bbox 1141 1589 1389 1640; x_wconf 84' lang='grc' dir='ltr'>ὀνομαζόμενοι</span> <span class='ocrx_word' id='word_1_592' title='bbox 1417 1588 1677 1642; x_wconf 85' lang='grc' dir='ltr'>ἐνεδρεύσαντες</span> <span class='ocrx_word' id='word_1_593' title='bbox 1702 1588 1883 1641; x_wconf 85' lang='grc' dir='ltr'>ἀφείλοντο</span> <span class='ocrx_word' id='word_1_594' title='bbox 1912 1588 2038 1633; x_wconf 78' lang='grc' dir='ltr'>ἵππους</span> <span class='ocrx_word' id='word_1_595' title='bbox 2063 1605 2100 1627; x_wconf 87' lang='grc' dir='ltr'>τε</span> <span class='ocrx_word' id='word_1_596' title='bbox 2128 1589 2188 1631; x_wconf 79' lang='grc' dir='ltr'>καὶ</span> 
     </span>
     <span class='ocr_line' id='line_1_79' title="bbox 1142 1646 2189 1700; baseline 0 -14"><span class='ocrx_word' id='word_1_597' title='bbox 1142 1647 1289 1700; x_wconf 85' lang='grc' dir='ltr'>ἄργυρον</span> <span class='ocrx_word' id='word_1_598' title='bbox 1304 1648 1364 1686; x_wconf 86' lang='grc' dir='ltr'>καὶ</span> <span class='ocrx_word' id='word_1_599' title='bbox 1379 1647 1500 1700; x_wconf 81' lang='grc' dir='ltr'>ἑτέραν</span> <span class='ocrx_word' id='word_1_600' title='bbox 1515 1646 1726 1694; x_wconf 78' lang='grc' dir='ltr'>ἀποσκευήν.</span> <span class='ocrx_word' id='word_1_601' title='bbox 1738 1647 1879 1686; x_wconf 86' lang='grc' dir='ltr'>Τούτων</span> <span class='ocrx_word' id='word_1_602' title='bbox 1889 1647 1989 1686; x_wconf 80' lang='grc' dir='ltr'>ἕνεκα</span> <span class='ocrx_word' id='word_1_603' title='bbox 2000 1647 2189 1699; x_wconf 77' lang='grc' dir='ltr'>πρεσὸείαν</span> 
     </span>
     <span class='ocr_line' id='line_1_80' title="bbox 1140 1700 2191 1759; baseline 0 -15"><span class='ocrx_word' id='word_1_604' title='bbox 1140 1705 1298 1744; x_wconf 86' lang='grc' dir='ltr'>ἔστειλαν</span> <span class='ocrx_word' id='word_1_605' title='bbox 1317 1700 1412 1749; x_wconf 63' lang='grc' dir='ltr'>αὖθις</span> <span class='ocrx_word' id='word_1_606' title='bbox 1433 1708 1480 1750; x_wconf 85' lang='grc' dir='ltr'>ὡς</span> <span class='ocrx_word' id='word_1_607' title='bbox 1493 1705 1666 1757; x_wconf 66' lang='grc' dir='ltr'>Τιὲέριον,</span> <span class='ocrx_word' id='word_1_608' title='bbox 1683 1708 1751 1743; x_wconf 81' lang='grc' dir='ltr'>τῶν</span> <span class='ocrx_word' id='word_1_609' title='bbox 1772 1705 1989 1759; x_wconf 87' lang='grc' dir='ltr'>κεκλοφότων</span> <span class='ocrx_word' id='word_1_610' title='bbox 2014 1706 2094 1758; x_wconf 86' lang='grc' dir='ltr'>πέρι</span> <span class='ocrx_word' id='word_1_611' title='bbox 2114 1708 2191 1744; x_wconf 86' lang='grc' dir='ltr'>ἐπι-</span> 
     </span>
     <span class='ocr_line' id='line_1_81' title="bbox 1142 1762 2190 1817; baseline 0.001 -15"><span class='ocrx_word' id='word_1_612' title='bbox 1142 1763 1380 1817; x_wconf 78' lang='grc' dir='ltr'>μεμφόμενοι,</span> <span class='ocrx_word' id='word_1_613' title='bbox 1409 1764 1460 1803; x_wconf 87' lang='grc' dir='ltr'>ἔτι</span> <span class='ocrx_word' id='word_1_614' title='bbox 1492 1763 1553 1802; x_wconf 90' lang='grc' dir='ltr'>καὶ</span> <span class='ocrx_word' id='word_1_615' title='bbox 1581 1762 1625 1801; x_wconf 84' lang='grc' dir='ltr'>τὰ</span> <span class='ocrx_word' id='word_1_616' title='bbox 1653 1763 1882 1817; x_wconf 80' lang='grc' dir='ltr'>ἀφαιρεθέντα</span> <span class='ocrx_word' id='word_1_617' title='bbox 1910 1764 2190 1815; x_wconf 78' lang='grc' dir='ltr'>ἀνακομίσασθαι</span> 
     </span>
     <span class='ocr_line' id='line_1_82' title="bbox 1143 1822 2188 1875; baseline 0.002 -15"><span class='ocrx_word' id='word_1_618' title='bbox 1143 1823 1361 1875; x_wconf 83' lang='grc' dir='ltr'>βουλόμενοι.</span> <span class='ocrx_word' id='word_1_619' title='bbox 1385 1822 1456 1862; x_wconf 77' lang='grc' dir='ltr'>Καὶ</span> <span class='ocrx_word' id='word_1_620' title='bbox 1476 1822 1518 1870; x_wconf 81' lang='grc' dir='ltr'>δὴ</span> <span class='ocrx_word' id='word_1_621' title='bbox 1536 1824 1816 1875; x_wconf 84' lang='grc' dir='ltr'>ἀνερευνηθέντες</span> <span class='ocrx_word' id='word_1_622' title='bbox 1832 1826 1863 1861; x_wconf 81' lang='grc' dir='ltr'>οἱ</span> <span class='ocrx_word' id='word_1_623' title='bbox 1888 1823 1951 1871; x_wconf 88' lang='grc' dir='ltr'>τὴν</span> <span class='ocrx_word' id='word_1_624' title='bbox 1969 1823 2102 1870; x_wconf 86' lang='grc' dir='ltr'>κλοπὴν</span> <span class='ocrx_word' id='word_1_625' title='bbox 2119 1826 2188 1875; x_wconf 84' lang='grc' dir='ltr'>εἷρ-</span> 
     </span>
     <span class='ocr_line' id='line_1_83' title="bbox 1140 1881 2190 1935; baseline 0.002 -15"><span class='ocrx_word' id='word_1_626' title='bbox 1140 1882 1309 1934; x_wconf 83' lang='grc' dir='ltr'>γασμένοι</span> <span class='ocrx_word' id='word_1_627' title='bbox 1334 1885 1369 1921; x_wconf 81' lang='grc' dir='ltr'>ἓν</span> <span class='ocrx_word' id='word_1_628' title='bbox 1386 1885 1523 1934; x_wconf 83' lang='grc' dir='ltr'>φανερῷ</span> <span class='ocrx_word' id='word_1_629' title='bbox 1542 1896 1580 1920; x_wconf 90' lang='grc' dir='ltr'>τε</span> <span class='ocrx_word' id='word_1_630' title='bbox 1600 1881 1799 1934; x_wconf 86' lang='grc' dir='ltr'>γενόμενοι,</span> <span class='ocrx_word' id='word_1_631' title='bbox 1817 1882 1941 1935; x_wconf 79' lang='grc' dir='ltr'>μοῖράν</span> <span class='ocrx_word' id='word_1_632' title='bbox 1961 1899 2035 1922; x_wconf 87' lang='grc' dir='ltr'>τινα</span> <span class='ocrx_word' id='word_1_633' title='bbox 2058 1885 2190 1922; x_wconf 84' lang='grc' dir='ltr'>ἀπεκα-</span> 
     </span>
     <span class='ocr_line' id='line_1_84' title="bbox 1140 1941 1563 1993; baseline 0 -13"><span class='ocrx_word' id='word_1_634' title='bbox 1140 1941 1288 1989; x_wconf 85' lang='grc' dir='ltr'>τέστησε</span> <span class='ocrx_word' id='word_1_635' title='bbox 1308 1946 1378 1984; x_wconf 84' lang='grc' dir='ltr'>τοῖς</span> <span class='ocrx_word' id='word_1_636' title='bbox 1392 1941 1563 1993; x_wconf 73' lang='grc' dir='ltr'>Ἀὅοίροις.</span> 
     </span>
    </p>
   </div>
   <div class='ocr_carea' id='block_1_12' title="bbox 1195 2011 2194 2146">
    <p class='ocr_par' dir='ltr' id='par_1_14' title="bbox 1195 2011 2194 2146">
     <span class='ocr_line' id='line_1_85' title="bbox 1610 2011 1724 2049; baseline -0.009 -1"><span class='ocrx_word' id='word_1_637' title='bbox 1610 2011 1666 2049; x_wconf 70' lang='grc'>35</span> <span class='ocrx_word' id='word_1_638' title='bbox 1690 2025 1724 2049; x_wconf 89' lang='lat' dir='ltr'>a.</span> 
     </span>
     <span class='ocr_line' id='line_1_86' title="bbox 1195 2090 2194 2146; baseline 0.001 -15"><span class='ocrx_word' id='word_1_639' title='bbox 1195 2097 1287 2131; x_wconf 87' lang='lat' dir='ltr'>Exc.</span> <span class='ocrx_word' id='word_1_640' title='bbox 1312 2096 1368 2130; x_wconf 92' lang='lat' dir='ltr'>De</span> <span class='ocrx_word' id='word_1_641' title='bbox 1386 2100 1479 2130; x_wconf 86' lang='lat' dir='ltr'>sent.</span> <span class='ocrx_word' id='word_1_642' title='bbox 1498 2106 1538 2142; x_wconf 89' lang='lat' dir='ltr'>p.</span> <span class='ocrx_word' id='word_1_643' title='bbox 1562 2092 1766 2142; x_wconf 84' lang='lat'>359—361</span> <span class='ocrx_word' id='word_1_644' title='bbox 1789 2090 1898 2131; x_wconf 65' lang='lat' dir='ltr'>:⁶0ri</span> <span class='ocrx_word' id='word_1_645' title='bbox 1926 2095 1968 2144; x_wconf 85' lang='grc' dir='ltr'>τῇ</span> <span class='ocrx_word' id='word_1_646' title='bbox 1998 2093 2194 2146; x_wconf 75' lang='grc' dir='ltr'>κακηγορίᾳ</span> 
     </span>
    </p>
   </div>
   <div class='ocr_carea' id='block_1_13' title="bbox 1140 2200 2195 3499">
    <p class='ocr_par' dir='ltr' id='par_1_15' title="bbox 1141 2200 2195 2554">
     <span class='ocr_line' id='line_1_87' title="bbox 1141 2200 2195 2240; baseline 0.001 -8"><span class='ocrx_word' id='word_1_647' title='bbox 1141 2201 1317 2233; x_wconf 84' lang='lat' dir='ltr'>faciendam</span> <span class='ocrx_word' id='word_1_648' title='bbox 1346 2200 1526 2233; x_wconf 87' lang='lat' dir='ltr'>videbatur.</span> <span class='ocrx_word' id='word_1_649' title='bbox 1557 2200 1710 2237; x_wconf 89' lang='lat' dir='ltr'>Quinimo</span> <span class='ocrx_word' id='word_1_650' title='bbox 1729 2200 1803 2240; x_wconf 89' lang='lat' dir='ltr'>ipsis</span> <span class='ocrx_word' id='word_1_651' title='bbox 1828 2200 2030 2232; x_wconf 86' lang='lat' dir='ltr'>exercituum</span> <span class='ocrx_word' id='word_1_652' title='bbox 2057 2201 2195 2233; x_wconf 86' lang='lat' dir='ltr'>ducibus</span> 
     </span>
     <span class='ocr_line' id='line_1_88' title="bbox 1144 2253 2193 2295; baseline 0.001 -10"><span class='ocrx_word' id='word_1_653' title='bbox 1144 2253 1342 2293; x_wconf 86' lang='lat' dir='ltr'>succensuit,</span> <span class='ocrx_word' id='word_1_654' title='bbox 1360 2253 1447 2294; x_wconf 83' lang='lat' dir='ltr'>quod</span> <span class='ocrx_word' id='word_1_655' title='bbox 1467 2253 1589 2284; x_wconf 88' lang='lat' dir='ltr'>bellum</span> <span class='ocrx_word' id='word_1_656' title='bbox 1605 2261 1715 2293; x_wconf 85' lang='lat' dir='ltr'>gerere</span> <span class='ocrx_word' id='word_1_657' title='bbox 1731 2254 1972 2291; x_wconf 83' lang='lat' dir='ltr'>cunctarentur,</span> <span class='ocrx_word' id='word_1_658' title='bbox 1995 2253 2095 2286; x_wconf 85' lang='lat' dir='ltr'>literis</span> <span class='ocrx_word' id='word_1_659' title='bbox 2112 2263 2193 2295; x_wconf 86' lang='lat' dir='ltr'>quo·</span> 
     </span>
     <span class='ocr_line' id='line_1_89' title="bbox 1143 2304 2194 2346; baseline 0.003 -10"><span class='ocrx_word' id='word_1_660' title='bbox 1143 2315 1207 2346; x_wconf 88' lang='lat' dir='ltr'>que</span> <span class='ocrx_word' id='word_1_661' title='bbox 1232 2314 1286 2337; x_wconf 90' lang='lat' dir='ltr'>eos</span> <span class='ocrx_word' id='word_1_662' title='bbox 1303 2304 1492 2344; x_wconf 86' lang='lat' dir='ltr'>admonuit,</span> <span class='ocrx_word' id='word_1_663' title='bbox 1512 2305 1660 2345; x_wconf 88' lang='lat' dir='ltr'>oportere</span> <span class='ocrx_word' id='word_1_664' title='bbox 1677 2306 1713 2336; x_wconf 88' lang='lat' dir='ltr'>ut</span> <span class='ocrx_word' id='word_1_665' title='bbox 1728 2305 1871 2336; x_wconf 87' lang='lat' dir='ltr'>barbaris</span> <span class='ocrx_word' id='word_1_666' title='bbox 1888 2305 2111 2345; x_wconf 88' lang='lat' dir='ltr'>ostenderent,</span> <span class='ocrx_word' id='word_1_667' title='bbox 2128 2308 2194 2339; x_wconf 87' lang='lat' dir='ltr'>Ro-</span> 
     </span>
     <span class='ocr_line' id='line_1_90' title="bbox 1144 2356 2193 2398; baseline 0.001 -9"><span class='ocrx_word' id='word_1_668' title='bbox 1144 2366 1312 2389; x_wconf 84' lang='lat' dir='ltr'>manorum</span> <span class='ocrx_word' id='word_1_669' title='bbox 1334 2365 1439 2388; x_wconf 75' lang='lat' dir='ltr'>[nores</span> <span class='ocrx_word' id='word_1_670' title='bbox 1455 2365 1519 2387; x_wconf 90' lang='lat' dir='ltr'>non</span> <span class='ocrx_word' id='word_1_671' title='bbox 1533 2356 1565 2388; x_wconf 91' lang='lat' dir='ltr'>in</span> <span class='ocrx_word' id='word_1_672' title='bbox 1582 2356 1748 2388; x_wconf 85' lang='lat' dir='ltr'>mollitiem</span> <span class='ocrx_word' id='word_1_673' title='bbox 1766 2358 1798 2388; x_wconf 89' lang='lat' dir='ltr'>et</span> <span class='ocrx_word' id='word_1_674' title='bbox 1811 2357 1959 2389; x_wconf 87' lang='lat' dir='ltr'>inertiam</span> <span class='ocrx_word' id='word_1_675' title='bbox 1976 2356 2193 2398; x_wconf 85' lang='lat' dir='ltr'>degenerasse,</span> 
     </span>
     <span class='ocr_line' id='line_1_91' title="bbox 1141 2409 2194 2454; baseline 0 -11"><span class='ocrx_word' id='word_1_676' title='bbox 1141 2411 1194 2443; x_wconf 86' lang='lat' dir='ltr'>sed</span> <span class='ocrx_word' id='word_1_677' title='bbox 1209 2420 1242 2443; x_wconf 93' lang='lat' dir='ltr'>se</span> <span class='ocrx_word' id='word_1_678' title='bbox 1256 2410 1403 2442; x_wconf 89' lang='lat' dir='ltr'>laborum</span> <span class='ocrx_word' id='word_1_679' title='bbox 1417 2410 1573 2450; x_wconf 83' lang='lat' dir='ltr'>patientes</span> <span class='ocrx_word' id='word_1_680' title='bbox 1583 2411 1614 2441; x_wconf 90' lang='lat' dir='ltr'>et</span> <span class='ocrx_word' id='word_1_681' title='bbox 1631 2409 1850 2454; x_wconf 65' lang='lat' dir='ltr'>bellicupidos</span> <span class='ocrx_word' id='word_1_682' title='bbox 1867 2419 1944 2442; x_wconf 88' lang='lat' dir='ltr'>esse.</span> <span class='ocrx_word' id='word_1_683' title='bbox 1961 2410 2022 2442; x_wconf 92' lang='lat' dir='ltr'>Ubi</span> <span class='ocrx_word' id='word_1_684' title='bbox 2037 2418 2112 2442; x_wconf 90' lang='lat' dir='ltr'>vero</span> <span class='ocrx_word' id='word_1_685' title='bbox 2127 2410 2194 2443; x_wconf 88' lang='lat' dir='ltr'>dis-</span> 
     </span>
     <span class='ocr_line' id='line_1_92' title="bbox 1141 2461 2195 2504; baseline 0 -9"><span class='ocrx_word' id='word_1_686' title='bbox 1141 2463 1250 2495; x_wconf 88' lang='lat' dir='ltr'>cordia</span> <span class='ocrx_word' id='word_1_687' title='bbox 1266 2463 1434 2504; x_wconf 84' lang='lat' dir='ltr'>praevaluit</span> <span class='ocrx_word' id='word_1_688' title='bbox 1463 2464 1495 2494; x_wconf 90' lang='lat' dir='ltr'>et</span> <span class='ocrx_word' id='word_1_689' title='bbox 1512 2462 1630 2494; x_wconf 86' lang='lat' dir='ltr'>bellum</span> <span class='ocrx_word' id='word_1_690' title='bbox 1656 2461 1722 2502; x_wconf 83' lang='lat' dir='ltr'>jam</span> <span class='ocrx_word' id='word_1_691' title='bbox 1746 2462 1908 2502; x_wconf 85' lang='lat' dir='ltr'>instabat,</span> <span class='ocrx_word' id='word_1_692' title='bbox 1931 2463 2076 2494; x_wconf 90' lang='lat' dir='ltr'>Tiberius</span> <span class='ocrx_word' id='word_1_693' title='bbox 2098 2463 2195 2496; x_wconf 84' lang='lat' dir='ltr'>literis</span> 
     </span>
     <span class='ocr_line' id='line_1_93' title="bbox 1142 2512 2150 2554; baseline 0 -7"><span class='ocrx_word' id='word_1_694' title='bbox 1142 2517 1267 2547; x_wconf 89' lang='lat' dir='ltr'>Bonum</span> <span class='ocrx_word' id='word_1_695' title='bbox 1279 2514 1445 2547; x_wconf 87' lang='lat' dir='ltr'>admonuit</span> <span class='ocrx_word' id='word_1_696' title='bbox 1458 2539 1466 2554; x_wconf 94' lang='lat'>,</span> <span class='ocrx_word' id='word_1_697' title='bbox 1479 2515 1514 2546; x_wconf 95' lang='lat' dir='ltr'>ut</span> <span class='ocrx_word' id='word_1_698' title='bbox 1528 2513 1712 2554; x_wconf 82' lang='lat' dir='ltr'>diligentem</span> <span class='ocrx_word' id='word_1_699' title='bbox 1724 2512 1813 2545; x_wconf 82' lang='lat' dir='ltr'>ssu&#39;vii</span> <span class='ocrx_word' id='word_1_700' title='bbox 1828 2514 2010 2547; x_wconf 83' lang='lat' dir='ltr'>custodiam</span> <span class='ocrx_word' id='word_1_701' title='bbox 2020 2515 2150 2548; x_wconf 79' lang='lat' dir='ltr'>faceret.</span> 
     </span>
    </p>

    <p class='ocr_par' dir='ltr' id='par_1_16' title="bbox 1140 2624 2194 2918">
     <span class='ocr_line' id='line_1_94' title="bbox 1183 2624 2191 2666; baseline 0 -9"><span class='ocrx_word' id='word_1_702' title='bbox 1183 2625 1310 2658; x_wconf 82' lang='lat' dir='ltr'>Tiberio</span> <span class='ocrx_word' id='word_1_703' title='bbox 1333 2625 1439 2665; x_wconf 89' lang='lat' dir='ltr'>victo,</span> <span class='ocrx_word' id='word_1_704' title='bbox 1457 2626 1490 2657; x_wconf 89' lang='lat' dir='ltr'>et</span> <span class='ocrx_word' id='word_1_705' title='bbox 1517 2624 1651 2657; x_wconf 88' lang='lat' dir='ltr'>victoria</span> <span class='ocrx_word' id='word_1_706' title='bbox 1675 2625 1785 2666; x_wconf 82' lang='lat' dir='ltr'>potitis</span> <span class='ocrx_word' id='word_1_707' title='bbox 1802 2625 1976 2665; x_wconf 59' lang='lat' dir='ltr'>maribus,</span> <span class='ocrx_word' id='word_1_708' title='bbox 1996 2626 2191 2657; x_wconf 89' lang='lat' dir='ltr'>conventum</span> 
     </span>
     <span class='ocr_line' id='line_1_95' title="bbox 1141 2677 2192 2718; baseline 0.001 -8"><span class='ocrx_word' id='word_1_709' title='bbox 1141 2679 1189 2710; x_wconf 89' lang='lat' dir='ltr'>est</span> <span class='ocrx_word' id='word_1_710' title='bbox 1219 2678 1408 2718; x_wconf 86' lang='lat' dir='ltr'>legationem</span> <span class='ocrx_word' id='word_1_711' title='bbox 1436 2686 1492 2718; x_wconf 91' lang='lat' dir='ltr'>per</span> <span class='ocrx_word' id='word_1_712' title='bbox 1512 2677 1657 2709; x_wconf 83' lang='lat' dir='ltr'>inducias</span> <span class='ocrx_word' id='word_1_713' title='bbox 1692 2677 1731 2708; x_wconf 90' lang='lat' dir='ltr'>ad</span> <span class='ocrx_word' id='word_1_714' title='bbox 1755 2678 1980 2718; x_wconf 86' lang='lat' dir='ltr'>imperatorem</span> <span class='ocrx_word' id='word_1_715' title='bbox 2016 2678 2111 2710; x_wconf 84' lang='lat' dir='ltr'>mitti.</span> <span class='ocrx_word' id='word_1_716' title='bbox 2145 2678 2192 2711; x_wconf 80' lang='lat' dir='ltr'>Ad</span> 
     </span>
     <span class='ocr_line' id='line_1_96' title="bbox 1142 2728 2193 2770; baseline 0.001 -9"><span class='ocrx_word' id='word_1_717' title='bbox 1142 2738 1239 2770; x_wconf 88' lang='lat' dir='ltr'>quam</span> <span class='ocrx_word' id='word_1_718' title='bbox 1263 2730 1410 2761; x_wconf 87' lang='lat' dir='ltr'>Tiberius</span> <span class='ocrx_word' id='word_1_719' title='bbox 1425 2729 1637 2767; x_wconf 83' lang='lat' dir='ltr'>Damianum‚</span> <span class='ocrx_word' id='word_1_720' title='bbox 1655 2728 1774 2760; x_wconf 86' lang='lat' dir='ltr'>ordinis</span> <span class='ocrx_word' id='word_1_721' title='bbox 1793 2729 1960 2761; x_wconf 84' lang='lat' dir='ltr'>ductorem</span> <span class='ocrx_word' id='word_1_722' title='bbox 1973 2754 1981 2769; x_wconf 97' lang='lat'>,</span> <span class='ocrx_word' id='word_1_723' title='bbox 2003 2729 2110 2770; x_wconf 87' lang='lat' dir='ltr'>misit,</span> <span class='ocrx_word' id='word_1_724' title='bbox 2138 2732 2193 2770; x_wconf 88' lang='lat' dir='ltr'>qui</span> 
     </span>
     <span class='ocr_line' id='line_1_97' title="bbox 1141 2780 2194 2823; baseline 0.001 -10"><span class='ocrx_word' id='word_1_725' title='bbox 1141 2782 1230 2813; x_wconf 89' lang='lat' dir='ltr'>illum</span> <span class='ocrx_word' id='word_1_726' title='bbox 1248 2791 1359 2814; x_wconf 91' lang='lat' dir='ltr'>eorum</span> <span class='ocrx_word' id='word_1_727' title='bbox 1374 2806 1382 2822; x_wconf 92' lang='lat'>,</span> <span class='ocrx_word' id='word_1_728' title='bbox 1400 2790 1474 2823; x_wconf 83' lang='lat' dir='ltr'>quae</span> <span class='ocrx_word' id='word_1_729' title='bbox 1487 2780 1687 2820; x_wconf 86' lang='lat' dir='ltr'>contigerant</span> <span class='ocrx_word' id='word_1_730' title='bbox 1700 2782 1730 2812; x_wconf 84' lang='lat' dir='ltr'>et</span> <span class='ocrx_word' id='word_1_731' title='bbox 1748 2789 1820 2820; x_wconf 84' lang='lat' dir='ltr'>quae</span> <span class='ocrx_word' id='word_1_732' title='bbox 1838 2784 1956 2813; x_wconf 87' lang='lat' dir='ltr'>Avares</span> <span class='ocrx_word' id='word_1_733' title='bbox 1970 2782 2106 2822; x_wconf 88' lang='lat' dir='ltr'>vellent,</span> <span class='ocrx_word' id='word_1_734' title='bbox 2124 2791 2194 2814; x_wconf 87' lang='lat' dir='ltr'>cer-</span> 
     </span>
     <span class='ocr_line' id='line_1_98' title="bbox 1140 2831 2194 2867; baseline 0.003 -3"><span class='ocrx_word' id='word_1_735' title='bbox 1140 2834 1256 2865; x_wconf 88' lang='lat' dir='ltr'>tiorem</span> <span class='ocrx_word' id='word_1_736' title='bbox 1271 2834 1400 2866; x_wconf 84' lang='lat' dir='ltr'>faceret.</span> <span class='ocrx_word' id='word_1_737' title='bbox 1416 2832 1558 2865; x_wconf 89' lang='lat' dir='ltr'>Tandem</span> <span class='ocrx_word' id='word_1_738' title='bbox 1571 2832 1676 2863; x_wconf 75' lang='lat' dir='ltr'>t&#39;oedus</span> <span class='ocrx_word' id='word_1_739' title='bbox 1690 2831 1772 2864; x_wconf 89' lang='lat' dir='ltr'>inter</span> <span class='ocrx_word' id='word_1_740' title='bbox 1786 2834 1949 2865; x_wconf 90' lang='lat' dir='ltr'>Romanos</span> <span class='ocrx_word' id='word_1_741' title='bbox 1966 2834 1999 2866; x_wconf 88' lang='lat' dir='ltr'>et</span> <span class='ocrx_word' id='word_1_742' title='bbox 2016 2837 2134 2867; x_wconf 84' lang='lat' dir='ltr'>Avares</span> <span class='ocrx_word' id='word_1_743' title='bbox 2146 2836 2194 2867; x_wconf 88' lang='lat' dir='ltr'>est</span> 
     </span>
     <span class='ocr_line' id='line_1_99' title="bbox 1141 2886 1273 2918; baseline 0.008 -1"><span class='ocrx_word' id='word_1_744' title='bbox 1141 2886 1273 2918; x_wconf 80' lang='lat' dir='ltr'>sactum.</span> 
     </span>
    </p>

    <p class='ocr_par' dir='ltr' id='par_1_17' title="bbox 1635 2935 1692 2967">
     <span class='ocr_line' id='line_1_100' title="bbox 1635 2935 1692 2967; baseline 0 -1"><span class='ocrx_word' id='word_1_745' title='bbox 1635 2935 1692 2967; x_wconf 86' lang='lat'>35.</span> 
     </span>
    </p>

    <p class='ocr_par' dir='ltr' id='par_1_18' title="bbox 1140 2989 2192 3333">
     <span class='ocr_line' id='line_1_101' title="bbox 1183 2989 2192 3032; baseline 0.002 -11"><span class='ocrx_word' id='word_1_746' title='bbox 1183 2989 1319 3022; x_wconf 89' lang='lat' dir='ltr'>Foedere</span> <span class='ocrx_word' id='word_1_747' title='bbox 1332 2989 1424 3029; x_wconf 87' lang='lat' dir='ltr'>inito,</span> <span class='ocrx_word' id='word_1_748' title='bbox 1436 2998 1536 3030; x_wconf 90' lang='lat' dir='ltr'>quum</span> <span class='ocrx_word' id='word_1_749' title='bbox 1551 2992 1671 3021; x_wconf 84' lang='lat' dir='ltr'>Avares</span> <span class='ocrx_word' id='word_1_750' title='bbox 1681 2989 1720 3021; x_wconf 90' lang='lat' dir='ltr'>ad</span> <span class='ocrx_word' id='word_1_751' title='bbox 1730 2998 1787 3021; x_wconf 87' lang='lat' dir='ltr'>sua</span> <span class='ocrx_word' id='word_1_752' title='bbox 1795 2990 1945 3030; x_wconf 87' lang='lat' dir='ltr'>redirent,</span> <span class='ocrx_word' id='word_1_753' title='bbox 1960 2993 2125 3023; x_wconf 88' lang='lat' dir='ltr'>Scamares</span> <span class='ocrx_word' id='word_1_754' title='bbox 2138 3000 2192 3032; x_wconf 90' lang='lat' dir='ltr'>pa-</span> 
     </span>
     <span class='ocr_line' id='line_1_102' title="bbox 1141 3041 2189 3083; baseline 0.001 -10"><span class='ocrx_word' id='word_1_755' title='bbox 1141 3042 1202 3073; x_wconf 90' lang='lat' dir='ltr'>trio</span> <span class='ocrx_word' id='word_1_756' title='bbox 1212 3042 1341 3073; x_wconf 89' lang='lat' dir='ltr'>nomine</span> <span class='ocrx_word' id='word_1_757' title='bbox 1359 3042 1434 3073; x_wconf 88' lang='lat' dir='ltr'>dicti</span> <span class='ocrx_word' id='word_1_758' title='bbox 1445 3066 1453 3081; x_wconf 94' lang='lat'>,</span> <span class='ocrx_word' id='word_1_759' title='bbox 1470 3050 1509 3073; x_wconf 87' lang='lat' dir='ltr'>ex</span> <span class='ocrx_word' id='word_1_760' title='bbox 1526 3041 1646 3073; x_wconf 85' lang='lat' dir='ltr'>insidiis</span> <span class='ocrx_word' id='word_1_761' title='bbox 1668 3042 1728 3074; x_wconf 90' lang='lat' dir='ltr'>illis</span> <span class='ocrx_word' id='word_1_762' title='bbox 1744 3043 1811 3074; x_wconf 93' lang='lat' dir='ltr'>vim</span> <span class='ocrx_word' id='word_1_763' title='bbox 1838 3042 2002 3082; x_wconf 78' lang='lat' dir='ltr'>recerunt,</span> <span class='ocrx_word' id='word_1_764' title='bbox 2020 3044 2053 3074; x_wconf 87' lang='lat' dir='ltr'>et</span> <span class='ocrx_word' id='word_1_765' title='bbox 2068 3051 2168 3083; x_wconf 83' lang='lat' dir='ltr'>equos</span> <span class='ocrx_word' id='word_1_766' title='bbox 2180 3066 2189 3082; x_wconf 85' lang='lat'>,</span> 
     </span>
     <span class='ocr_line' id='line_1_103' title="bbox 1140 3094 2191 3135; baseline 0.001 -10"><span class='ocrx_word' id='word_1_767' title='bbox 1140 3095 1307 3134; x_wconf 84' lang='lat' dir='ltr'>argentum</span> <span class='ocrx_word' id='word_1_768' title='bbox 1316 3095 1347 3125; x_wconf 92' lang='lat' dir='ltr'>et</span> <span class='ocrx_word' id='word_1_769' title='bbox 1358 3094 1515 3133; x_wconf 87' lang='lat' dir='ltr'>reliquam</span> <span class='ocrx_word' id='word_1_770' title='bbox 1524 3094 1775 3133; x_wconf 86' lang='lat' dir='ltr'>suppellectilem</span> <span class='ocrx_word' id='word_1_771' title='bbox 1784 3094 1978 3135; x_wconf 88' lang='lat' dir='ltr'>eripuerunt.</span> <span class='ocrx_word' id='word_1_772' title='bbox 1989 3096 2191 3135; x_wconf 88' lang='lat' dir='ltr'>Quapropter</span> 
     </span>
     <span class='ocr_line' id='line_1_104' title="bbox 1141 3144 2190 3186; baseline 0.001 -10"><span class='ocrx_word' id='word_1_773' title='bbox 1141 3146 1331 3186; x_wconf 82' lang='lat' dir='ltr'>legationem</span> <span class='ocrx_word' id='word_1_774' title='bbox 1353 3144 1394 3176; x_wconf 87' lang='lat' dir='ltr'>ad</span> <span class='ocrx_word' id='word_1_775' title='bbox 1421 3145 1584 3177; x_wconf 83' lang='lat' dir='ltr'>Tiberium</span> <span class='ocrx_word' id='word_1_776' title='bbox 1602 3145 1776 3184; x_wconf 89' lang='lat' dir='ltr'>miserunt,</span> <span class='ocrx_word' id='word_1_777' title='bbox 1804 3155 1877 3186; x_wconf 84' lang='lat' dir='ltr'>quae</span> <span class='ocrx_word' id='word_1_778' title='bbox 1893 3146 1933 3177; x_wconf 89' lang='lat' dir='ltr'>de</span> <span class='ocrx_word' id='word_1_779' title='bbox 1954 3146 2051 3177; x_wconf 88' lang='lat' dir='ltr'>rebus</span> <span class='ocrx_word' id='word_1_780' title='bbox 2077 3146 2190 3177; x_wconf 85' lang='lat' dir='ltr'>ablatis</span> 
     </span>
     <span class='ocr_line' id='line_1_105' title="bbox 1142 3198 2189 3239; baseline 0 -10"><span class='ocrx_word' id='word_1_781' title='bbox 1142 3199 1330 3238; x_wconf 88' lang='lat' dir='ltr'>quereretur</span> <span class='ocrx_word' id='word_1_782' title='bbox 1355 3199 1387 3229; x_wconf 90' lang='lat' dir='ltr'>et</span> <span class='ocrx_word' id='word_1_783' title='bbox 1409 3199 1500 3238; x_wconf 82' lang='lat' dir='ltr'>rapta</span> <span class='ocrx_word' id='word_1_784' title='bbox 1524 3199 1691 3238; x_wconf 85' lang='lat' dir='ltr'>repeteret.</span> <span class='ocrx_word' id='word_1_785' title='bbox 1709 3200 1748 3230; x_wconf 85' lang='lat' dir='ltr'>Et</span> <span class='ocrx_word' id='word_1_786' title='bbox 1765 3198 1967 3239; x_wconf 86' lang='lat' dir='ltr'>deprehensis</span> <span class='ocrx_word' id='word_1_787' title='bbox 1989 3199 2043 3239; x_wconf 89' lang='lat' dir='ltr'>qui</span> <span class='ocrx_word' id='word_1_788' title='bbox 2066 3198 2189 3230; x_wconf 88' lang='lat' dir='ltr'>latroci-</span> 
     </span>
     <span class='ocr_line' id='line_1_106' title="bbox 1141 3249 2188 3290; baseline 0 -10"><span class='ocrx_word' id='word_1_789' title='bbox 1141 3250 1233 3281; x_wconf 91' lang='lat' dir='ltr'>nium</span> <span class='ocrx_word' id='word_1_790' title='bbox 1253 3250 1413 3290; x_wconf 77' lang='lat' dir='ltr'>secerant,</span> <span class='ocrx_word' id='word_1_791' title='bbox 1431 3250 1463 3281; x_wconf 87' lang='lat' dir='ltr'>et</span> <span class='ocrx_word' id='word_1_792' title='bbox 1483 3249 1516 3280; x_wconf 90' lang='lat' dir='ltr'>in</span> <span class='ocrx_word' id='word_1_793' title='bbox 1535 3251 1683 3290; x_wconf 87' lang='lat' dir='ltr'>apertum</span> <span class='ocrx_word' id='word_1_794' title='bbox 1706 3250 1869 3289; x_wconf 86' lang='lat' dir='ltr'>adductis,</span> <span class='ocrx_word' id='word_1_795' title='bbox 1899 3250 2023 3290; x_wconf 89' lang='lat' dir='ltr'>partem</span> <span class='ocrx_word' id='word_1_796' title='bbox 2049 3249 2188 3290; x_wconf 88' lang='lat' dir='ltr'>aliquam</span> 
     </span>
     <span class='ocr_line' id='line_1_107' title="bbox 1141 3300 1463 3333; baseline -0.003 0"><span class='ocrx_word' id='word_1_797' title='bbox 1141 3300 1300 3333; x_wconf 83' lang='lat' dir='ltr'>Avaribus</span> <span class='ocrx_word' id='word_1_798' title='bbox 1313 3300 1463 3332; x_wconf 86' lang='lat' dir='ltr'>restituit.</span> 
     </span>
    </p>

    <p class='ocr_par' dir='ltr' id='par_1_19' title="bbox 1623 3351 1728 3383">
     <span class='ocr_line' id='line_1_108' title="bbox 1623 3351 1728 3383; baseline -0.01 0"><span class='ocrx_word' id='word_1_799' title='bbox 1623 3351 1667 3383; x_wconf 84' lang='lat'>35</span> <span class='ocrx_word' id='word_1_800' title='bbox 1694 3358 1728 3383; x_wconf 89' lang='lat' dir='ltr'>a.</span> 
     </span>
    </p>

    <p class='ocr_par' dir='ltr' id='par_1_20' title="bbox 1184 3404 2185 3446">
     <span class='ocr_line' id='line_1_109' title="bbox 1184 3404 2185 3446; baseline -0.002 -9"><span class='ocrx_word' id='word_1_801' title='bbox 1184 3406 1406 3438; x_wconf 85' lang='lat' dir='ltr'>Maledicentia</span> <span class='ocrx_word' id='word_1_802' title='bbox 1420 3430 1428 3445; x_wconf 96' lang='lat'>,</span> <span class='ocrx_word' id='word_1_803' title='bbox 1440 3414 1514 3446; x_wconf 87' lang='lat' dir='ltr'>quae</span> <span class='ocrx_word' id='word_1_804' title='bbox 1530 3406 1666 3439; x_wconf 89' lang='lat' dir='ltr'>aliorum</span> <span class='ocrx_word' id='word_1_805' title='bbox 1683 3405 1816 3438; x_wconf 86' lang='lat' dir='ltr'>miseriis</span> <span class='ocrx_word' id='word_1_806' title='bbox 1826 3405 1963 3446; x_wconf 86' lang='lat' dir='ltr'>gaudere</span> <span class='ocrx_word' id='word_1_807' title='bbox 1978 3405 2077 3442; x_wconf 89' lang='lat' dir='ltr'>solet,</span> <span class='ocrx_word' id='word_1_808' title='bbox 2091 3404 2185 3444; x_wconf 86' lang='lat' dir='ltr'>impi-</span> 
     </span>
    </p>

    <p class='ocr_par' dir='ltr' id='par_1_21' title="bbox 1142 3455 2186 3499">
     <span class='ocr_line' id='line_1_110' title="bbox 1142 3455 2186 3499; baseline -0.004 -9"><span class='ocrx_word' id='word_1_809' title='bbox 1142 3466 1197 3498; x_wconf 86' lang='lat' dir='ltr'>gre</span> <span class='ocrx_word' id='word_1_810' title='bbox 1214 3459 1375 3499; x_wconf 85' lang='lat' dir='ltr'>grassatur</span> <span class='ocrx_word' id='word_1_811' title='bbox 1391 3458 1423 3490; x_wconf 86' lang='lat' dir='ltr'>et</span> <span class='ocrx_word' id='word_1_812' title='bbox 1440 3459 1672 3498; x_wconf 85' lang='lat' dir='ltr'>perscrutatur.</span> <span class='ocrx_word' id='word_1_813' title='bbox 1694 3457 1746 3490; x_wconf 88' lang='lat' dir='ltr'>Sic</span> <span class='ocrx_word' id='word_1_814' title='bbox 1770 3457 1866 3489; x_wconf 84' lang='lat' dir='ltr'>etiam</span> <span class='ocrx_word' id='word_1_815' title='bbox 1893 3456 1924 3488; x_wconf 90' lang='lat' dir='ltr'>in</span> <span class='ocrx_word' id='word_1_816' title='bbox 1943 3456 2029 3488; x_wconf 82' lang='lat' dir='ltr'>hunc</span> <span class='ocrx_word' id='word_1_817' title='bbox 2043 3455 2186 3487; x_wconf 84' lang='lat' dir='ltr'>officium</span> 
     </span>
    </p>
   </div>
  </div>
 </body>
</html>
