2372 3704
126 251 201 284 600

123 332 227 385 φόὸον
255 330 314 371 τὸν
347 331 492 385 βασιλέα
521 331 729 380 κατέστησε.
759 333 943 373 Τεκόντων
973 334 1008 373 δὲ
1033 333 1163 373 τούτων

124 395 242 440 μῖσος,
268 389 307 428 τὸ
335 388 538 439 λειπόμενον
569 391 617 435 εἷς
644 390 831 437 ἐπιὸουλὴν
860 392 1095 440 ἐτελεύττρεν,
1125 388 1166 440 ἧς

121 447 302 492 κοινωνοὺς
336 447 567 499 ποιησάμενοι
597 448 675 493 τοὺς
715 450 930 502 Αὐρηλιανὸν
961 451 1163 499 ἀνελόντας,

122 507 217 559 αὐτῷ
241 505 303 557 μὲν
324 506 518 557 ἐπιθέμενοι
543 509 592 560 τῷ
609 506 796 560 Μαξιμίνῳ
815 508 1036 561 κατέσφαξαν
1053 523 1059 532 ·
1081 508 1164 547 διώ-

119 563 235 608 ξαντες
269 564 306 603 δὲ
335 565 586 616 ἀναζευγνύντα
619 565 676 604 ἐπὶ
710 564 772 612 τὴν
803 566 978 619 Εὐρώπην
1009 566 1162 606 Τάκιτον

119 626 331 677 ἀναιροῦσιν,
351 623 385 669 ἓξ
406 625 492 675 μησὶ
509 629 576 668 τοῖς
592 624 682 669 ὅλοις
703 625 973 676 βασιλεύσαντα.

599 731 683 767 158.

525 829 741 869 IIPOBOE.

169 915 268 953 lbid.
292 929 334 964 p.
355 915 405 963 59
435 929 443 951 ε
467 913 553 952 ‘'Ou
574 914 711 966 Πρόὸος
739 913 799 952 καὶ
823 912 1030 965 Φλωριανὸς
1048 915 1078 951 οἱ
1100 913 1160 951 δύο

116 971 190 1021 ἅμα
210 972 522 1011 συνεὸασίλευσαν.
556 973 624 1011 Καὶ
644 975 662 1010 ὁ
694 972 828 1025 Πρόὸος
847 973 885 1010 οὖ
905 972 996 1010 κατὰ
1015 971 1077 1018 τὴν
1099 974 1158 1010 αὐ-

113 1034 174 1068 τοῦ
195 1031 395 1083 προαίρεσιν
422 1031 535 1068 ἀνεῖλε
563 1031 620 1068 τὸν
642 1030 867 1083 Φλωριανὸν,
887 1030 998 1080 μήνας
1020 1031 1052 1082 β’
1074 1029 1159 1084 πρὸς

113 1088 245 1142 ἡμέρας
264 1089 295 1127 κ’
313 1088 562 1127 ἀπολαύσαντα
583 1093 644 1136 τῆς
662 1089 829 1134 ἐξουσίας.

164 1161 195 1187 2.
225 1147 311 1186 ΕΌτι
331 1147 470 1200 Πρόὸου
490 1148 758 1199 βασιλεύσαντος
775 1147 980 1198 Ῥωμαίων,
999 1148 1156 1200 Σατουρ-

110 1208 199 1249 νῖνος
217 1208 267 1258 τῷ
283 1204 373 1257 γε’νει
394 1205 630 1256 Μαυρούσιος,
656 1204 704 1243 ὢν
721 1207 767 1249 εἷς
782 1204 826 1243 τὰ
844 1205 998 1255 μάλιστα
1015 1207 1064 1256 τῷ
1083 1208 1156 1256 βα-

109 1265 199 1302 σιλεῖ
217 1262 426 1317 προσφιλὴς,
443 1262 500 1301 διὰ
516 1263 616 1302 τοῦτό
635 1279 671 1301 τε
691 1263 751 1302 καὶ
779 1262 841 1310 τὴν
859 1266 920 1309 τῆς
943 1262 1073 1315 Συρίας
1090 1265 1154 1316 ἀρ-

107 1321 175 1373 χὴν
196 1320 508 1374 ἐπιτετραμμένος,
528 1324 589 1368 τ’ἧς
619 1322 789 1373 βασιλέως
809 1321 965 1365 ἀποστὰς
984 1321 1154 1371 πίστεως,

108 1382 156 1422 εἷς
171 1381 441 1424 ἐπαναστάσεως
468 1380 600 1418 ἔννοιαν
620 1375 738 1428 ἦλθεν.
760 1379 881 1433 ’Ὀπερ
900 1380 1087 1418 ἀκούσαντι
1105 1383 1153 1434 τῷ

109 1439 241 1491 Πρόὸῳ
257 1439 316 1477 καὶ
331 1440 563 1492 διανοουμένῳ
579 1439 617 1477 τὸ
633 1440 826 1492 ἐγχείρημα
845 1440 1033 1491 μετελθεῖν,
1049 1438 1154 1491 ἔφθη-

106 1512 171 1534 σαν
193 1499 223 1535 οἱ
243 1497 334 1535 κατὰ
355 1497 418 1544 τὴν
439 1496 527 1550 ἑῴαν
557 1500 788 1550 στρατιῶται,
809 1496 1155 1547 συγκατασὸέσαντες

105 1558 147 1606 τῇ
164 1556 337 1608 τυραννίδι
350 1555 406 1594 τὸν
422 1555 614 1609 ἄνθρωπον.
632 1555 796 1595 'limnas
811 1555 846 1593 δὲ
863 1555 923 1593 καὶ
938 1555 1048 1601 ἄλλην
1067 1557 1150 1592 ἐπα-

105 1613 271 1652 νάστασιν
289 1615 323 1651 ἐν
339 1617 381 1665 τῇ
400 1614 593 1667 Βρεττανίᾳ
605 1643 614 1661 ,
637 1615 886 1664 μελετηθεῒσαν
904 1613 959 1652 διὰ
982 1613 1150 1666 Βικτωρί-

103 1687 162 1710 νου
185 1672 409 1724 Μαυρουσίου
439 1672 477 1710 τὸ
506 1672 613 1723 γένος.
643 1666 758 1727 ’ᾯπερ
787 1671 938 1716 πεισθεὶς
958 1672 1060 1724 ἔτυχε
1094 1672 1151 1710 τὸν

104 1731 349 1768 ἐπαναστάντα
369 1734 428 1777 τῆς
448 1730 656 1782 Βρεταννίας
676 1730 828 1782 ἄρχοντα
848 1730 1147 1783 προστησάμενος.

105 1789 269 1832 Καλέσας
289 1789 324 1827 δὲ
353 1789 411 1827 τὸν
433 1791 644 1841 Βικτωρῒνον
672 1789 754 1841 πρὸς
775 1789 909 1837 ἑαυτὸν,
938 1789 998 1827 καὶ
1027 1789 1084 1827 ἐπὶ
1104 1792 1147 1841 τῇ

102 1846 284 1899 συμὸουλῇ
317 1847 544 1900 μεμψάμενος
557 1877 566 1894 ,
601 1847 640 1885 τὸ
670 1850 834 1897 πταῖσμα
863 1847 1149 1899 ἐπανορθώσοντα

101 1904 245 1955 πέμπει.
263 1905 307 1944 Ὁ
322 1905 357 1943 δὲ
373 1906 429 1943 ἐπὶ
446 1905 508 1952 τὴν
523 1906 735 1958 Βρεττανίαν
755 1905 852 1950 εὐθὺς
869 1905 1074 1958 ἐξορμήσας,
1090 1922 1150 1944 πε-

103 1963 212 2016 ρινοίᾳ
229 1965 291 2002 οὐκ
308 1964 430 2017 ἄφρονι
446 1964 504 2003 τὸν
521 1965 686 2018 τύραννον
705 1967 852 2018 ἀναιρεῖ.

918 248 940 286 J
945 247 1081 287 OANN
1089 246 1132 287 IS
1160 247 1474 289 ANTIOCHENI

1705 338 1788 388 159.

1278 408 1367 443 Exc.
1387 406 1499 446 Salm.
1519 420 1559 456 p.
1584 406 1659 456 398
1681 421 1688 444 :
1709 406 1848 459 Πρόὸου
1863 407 2064 460 ἄρχθέντος,
2084 409 2194 462 βροχὴ
2211 409 2269 462 γί-

1224 478 1300 513 γονε
1321 470 1422 502 σῖτον
1435 463 1658 515 κατάγουσα,
1679 465 1716 503 ὃν
1737 467 1987 518 συναγαγόντες
2006 469 2135 521 σωροὺς
2155 469 2285 522 μεγά·,

1222 522 1301 564 λους
1317 521 1501 568 ἐποίησαν.
1525 521 1610 561 Ἐπὶ
1630 524 1854 577 Αὖρηλιανοῒρ
1870 526 2016 578 ψεκάδες
2036 528 2184 580 ἀργυραῖ
2199 543 2266 566 κα·-

1222 578 1438 631 τηνέχθησαν
1447 608 1457 619 .

1704 635 1790 674 160.

1275 703 1366 737 Exc.
1388 702 1445 738 De
1465 702 1533 740 ins.
1557 715 1598 751 p.
1621 701 1670 739 60
1693 714 1703 741 :
1732 701 1957 742 “Oti-teon&
1984 705 2267 758 διαπραξαμένου

1220 760 1279 794 τοῦ
1318 757 1477 808 Πρόὸου,
1505 759 1621 802 καλῶς
1647 774 1684 797 τε
1713 760 1774 798 καὶ
1805 760 1946 804 δικαίως
1975 763 2266 813 οἷκονομήσαντος

1221 815 1283 863 τὴν
1305 816 1433 870 ἀρχὴν,
1455 817 1688 863 ἐπανάστασις
1710 821 1749 858 ἐκ
1773 823 1836 867 τῆς
1866 820 2014 873 ἑσπέρας
2040 822 2266 874 ἀγγέλλεται,

1220 878 1288 913 τῶν
1305 877 1338 913 ἐν
1360 876 1499 928 Ῥαιτίᾳ
1518 877 1578 915 καὶ
1601 879 1754 931 Νωρικῷ
1784 879 1964 929 δυνάμεων
1985 881 2093 932 Κάρῳ
2109 881 2266 934 περιθέν·-

1220 950 1288 971 των
1310 933 1373 981 τὴν
1395 935 1600 987 ἁλουργίδα.
1648 939 1682 976 T
1683 941 1723 975 οῦ
1744 936 1780 975 δὲ
1801 937 1945 988 δύναμιν
1969 939 2265 990 ἐναντιωσομένην

1220 993 1314 1044 αὐτῷ
1334 993 1549 1041 στείλαντος,
1566 995 1596 1032 οἱ
1615 993 1677 1045 μὲν
1697 995 1910 1048 πεμφθέντες
1924 996 2009 1049 πρὸς
2030 997 2146 1050 Κάρον
2164 998 2266 1048 μετέ-

1219 1066 1350 1098 στησαν
1364 1066 1372 1074 ·
1390 1051 1489 1089 αὐτοὶ
1511 1053 1539 1090 δ’
1559 1052 1618 1090 ἐπὶ
1639 1052 1771 1097 πάντας
1788 1053 1909 1106 ἐρήμῳ
1926 1054 2086 1106 βοηθείας
2100 1057 2149 1108 τῷ
2170 1056 2264 1110 Πρό-

1219 1108 1292 1161 6ῳ,
1324 1109 1518 1154 κωλύοντος
1560 1111 1714 1160 οὐδενὸς,
1747 1112 1977 1165 διεχρήσαντο
2009 1113 2265 1166 βασιλεύσαντα

1217 1167 1392 1211 ἐνιαυτοὺς
1408 1166 1443 1213 ἓξ
1455 1197 1465 1215 ,
1485 1167 1597 1217 μήνας
1616 1169 1660 1207 δ’.

1645 1251 1830 1290 ΚΑΡΟΣ.

1699 1322 1784 1358 161.

1267 1395 1358 1431 Exc.
1383 1396 1496 1433 Salm.
1527 1409 1567 1445 p.
1600 1396 1675 1445 398
1702 1410 1710 1433 ε
1743 1395 1981 1450 Νουμεριανὸς
2007 1396 2196 1449 τυφλωθεὶς
2227 1397 2264 1436 ἐν

1213 1451 1468 1504 κεκαλυμμένῳ
1502 1453 1629 1506 φορείῳ
1667 1453 1737 1491 ἀπὸ
1769 1454 1936 1506 Περσίδος
1963 1453 2188 1500 ἐὸαστάζετο·
2225 1455 2263 1494 ὃν

1212 1509 1325 1562 λάθρα
1345 1511 1478 1548 ἀνεῖλεν
1509 1513 1526 1549 ὃ
1554 1512 1735 1564 πενθερὸς,
1756 1512 1814 1550 καὶ
1835 1513 1954 1551 ἔλαθεν
1973 1513 2091 1564 νεκρὸς
2114 1514 2261 1566 φερόμε-

1213 1582 1268 1611 νος
1294 1567 1358 1612 ἕως
1377 1570 1416 1606 ἐκ
1434 1572 1496 1615 τῆς
1516 1570 1686 1614 δυσωδίας
1711 1570 1884 1618 ἐδηλώθη.
1908 1574 2059 1624 Καρῖνος
2083 1572 2263 1622 ὠμότατος

1211 1620 1264 1673 ἦν·
1281 1626 1317 1670 ὃς
1337 1626 1397 1664 καὶ
1418 1626 1498 1671 τούς
1518 1643 1601 1666 ποτε
1617 1629 1651 1666 ἓν
1671 1630 1719 1681 τῷ
1740 1629 1975 1682 παιδευτηρίῳ
1994 1629 2203 1682 σκώψαντας
2216 1633 2263 1676 εἷς

1217 1684 1320 1723 αὐτὸν
1339 1683 1509 1735 ἠμύνατο.

1694 1741 1780 1780 162.

1262 1811 1354 1846 Exc.
1371 1812 1427 1846 De
1445 1812 1532 1849 virt.
1552 1822 1592 1859 p.
1622 1810 1697 1854 834
1721 1823 1730 1849 :
1750 1807 1834 1849 εὈτι
1851 1811 2002 1861 Καρῒνος
2021 1812 2039 1849 ὁ
2054 1813 2114 1849 τοῦ
2136 1811 2259 1864 Κάρου

1209 1866 1280 1911 υἱὸς
1309 1867 1519 1919 βασιλεύσας
1547 1875 1695 1922 πρᾶγμα
1716 1868 1777 1919 μὲν
1799 1871 1846 1912 εἷς
1867 1869 1979 1907 κοινὸν
2011 1870 2131 1923 ὄφελος
2157 1871 2259 1923 φέρον

1211 1924 1307 1963 οὐδὲν
1327 1926 1537 1978 εἰργάσατο,
1558 1930 1669 1980 τρυφῇ
1687 1927 1722 1965 δὲ
1750 1927 1811 1965 καὶ
1832 1928 2111 1981 ἐκδεδιῃτημένῳ
2130 1929 2195 1981 βίῳ
2214 1929 2260 1968 τὰ

1212 1984 1421 2022 καθ’ἑαυτὸν
1436 1985 1610 2036 παραδοὺς
1621 1985 1884 2038 ,παρανάλωμα
1897 1989 1957 2033 τῆς
1973 1990 2102 2040 τρυφῆς
2112 1988 2259 2026 ἐποιεῖτο

1210 2041 1332 2094 φόνους
1350 2042 1447 2080 οὐδὲν
1466 2043 1683 2090 ἠδικηκότων
1705 2044 1894 2097 ἀνθρώπων
1906 2074 1917 2092 ,
1939 2045 2032 2083 κατά
2051 2061 2085 2083 τι
2106 2060 2259 2099 προσκε-

98 2150 240 2183 tionibus
257 2152 371 2184 Zosimi
392 2152 552 2192 leguntur.
575 2170 617 2176 —
634 2153 842 2195 Μαξιμίνῳ
858 2153 985 2194 γένει]
1005 2153 1138 2194 Μαξίμῳ
1160 2165 1189 2194 γ.
1218 2153 1290 2185 cod.
1316 2174 1357 2180 —
1372 2156 1437 2187 τὸν
1458 2155 1649 2197 βασιλέα]
1664 2165 1729 2188 om.
1752 2158 1823 2189 Zos.
1838 2176 1879 2183 —
1892 2157 2183 2200 Αὐρηλιανὸν]
2198 2159 2255 2191 Αὐ·

99 2198 202 2237 ρήλιον
222 2198 292 2229 cod.
314 2198 418 2230 Verba
431 2199 480 2230 ἐπὶ
494 2200 548 2237 τήν
567 2199 718 2240 Εὐρώπην
733 2201 847 2231 desunt
860 2199 892 2231 in
909 2199 998 2231 editt.
1017 2202 1151 2240 Zosimi,
1168 2202 1316 2242 leguntur
1326 2212 1402 2234 vero
1417 2203 1447 2234 in
1464 2203 1574 2235 codice
1591 2204 1744 2238 Parisino,

142 2246 194 2276 Fr.
224 2248 291 2276 158.
315 2244 334 2285 §
358 2249 383 2277 1.
400 2245 599 2285 Negligenter
615 2246 684 2277 haec
701 2248 852 2286 excerpta
869 2248 956 2278 sunt.
975 2248 1115 2279 Joannes
1128 2256 1185 2279 sua
1198 2250 1396 2289 transcripsit
1409 2258 1426 2281 e
1438 2250 1554 2281 Zosim.
1571 2250 1624 2290 (1,
1639 2252 1697 2289 64,
1714 2256 1731 2282 5
1743 2275 1751 2289 ,
1767 2259 1864 2290 quem
1878 2251 1985 2291 vide).
2005 2253 2051 2283 Dc
2068 2250 2154 2292 Pegni
2169 2253 2253 2284 tem-

98 2299 195 2331 pore,
210 2291 298 2332 quod
311 2291 343 2322 in
357 2293 483 2323 Zosimo
497 2294 606 2324 nostro
620 2301 684 2324 non
698 2295 839 2333 notatur,
861 2302 936 2324 cum
956 2295 1089 2325 Joanne
1099 2294 1174 2326 facit
1191 2296 1374 2335 Eutropius.
1391 2315 1431 2323 —
1449 2295 1468 2336 §
1486 2301 1516 2327 2.
1535 2296 1642 2328 Verba
1661 2298 1736 2328 sunt
1749 2297 1865 2328 Zosimi
1880 2299 1910 2337 1,
1926 2302 1978 2329 66.
1995 2316 2034 2323 -
2049 2309 2253 2339 συγκατα-

97 2337 336 2379 σὸέσαντες]
356 2340 440 2378 Zos.,
455 2339 748 2378 συγκαταδήσαντες
762 2339 831 2371 cod.
848 2359 887 2366 —-
902 2340 1049 2371 ἔπαυσε
1068 2339 1127 2382 δὲ]
1142 2343 1223 2381 part.
1241 2342 1272 2373 δὲ
1286 2343 1412 2374 zosimo
1426 2343 1632 2375 restituenda.
1647 2360 1689 2367 —
1708 2342 1833 2385 ᾧπερ]
1852 2346 1922 2375 Zos.
1932 2368 1941 2383 ‚
1959 2344 2034 2386 ὅπερ
2050 2345 2126 2376 cod.
2139 2362 2182 2368 —
2193 2357 2254 2377 κα-

97 2385 189 2422 λέσας
208 2386 262 2427 δὲ]
280 2387 340 2418 hoc
355 2396 473 2427 repone
485 2396 535 2426 ap.
553 2388 670 2419 Zosim.
685 2411 695 2426 ,
708 2388 763 2419 ubi
779 2397 838 2428 vgo
850 2388 919 2419 καλ,
938 2389 1007 2428 γὰρ.
1023 2408 1062 2414 -
1077 2388 1258 2430 συμὸουλῄ]
1276 2390 1416 2430 συμὸολῇ
1432 2389 1504 2421 cod.

138 2434 190 2465 Fr.
216 2436 283 2465 159.
308 2433 540 2474 ἂρχθέντος]
564 2434 615 2466 Sic
631 2434 746 2466 codex.
762 2436 858 2466 Forte
885 2448 892 2466 :
907 2438 960 2472 τῆς
977 2436 1142 2476 ἐπαγωγῆς
1158 2439 1219 2466 τῶν
1242 2436 1422 2474 ἐπιτηδείων
1437 2437 1606 2478 εἱρχθέντας
1619 2461 1628 2478 ,
1645 2436 1696 2468 vei
1716 2436 1779 2468 tale
1795 2436 1958 2477 quid3nisi
1967 2438 2135 2478 excerptor
2150 2439 2254 2472 voiuit

97 2480 235 2511 scribere
253 2479 408 2519 ἄρξαντος.
431 2480 575 2512 Zosimus
594 2483 624 2519 1,
643 2485 680 2514 67
692 2506 700 2520 ,
720 2485 728 2512 1
751 2494 758 2512 :
777 2481 996 2521 Ἐνισταμένου
1013 2483 1045 2513 δὲ
1061 2486 1116 2513 τοῦ
1132 2483 1270 2523 πολέμου
1284 2485 1336 2515 καὶ
1351 2485 1442 2524 λιμοῦ
1459 2487 1537 2515 πᾶσι
1554 2487 1617 2520 τοῖς
1635 2484 1739 2515 αὐτόθι
1753 2483 1858 2520 τόποις
1873 2484 2104 2524 ἐνσκήψαντος,
2121 2485 2253 2522 ἄπλετος

98 2528 210 2570 ὄμὸρος
227 2530 430 2570 καταρραγεὶς
443 2529 664 2569 συγκατήγαγε
685 2529 881 2569 ταῖς“ψεκάσι
901 2531 954 2561 καὶ
974 2533 1059 2562 σῖτον
1071 2554 1081 2570 ,
1105 2531 1187 2562 ὥστε
1203 2531 1256 2562 καὶ
1274 2530 1393 2571 σωροὺς
1407 2530 1591 2571 αὐτομάτως
1609 2531 1639 2562 ἐν
1653 2531 1758 2566 τόποις
1771 2531 1832 2562 τισὶ
1851 2532 2044 2569 συντεθῆναι.
2067 2531 2119 2564 ef.
2136 2532 2250 2564 Zouar.

97 2577 176 2614 xii,
196 2578 245 2607 29.
441 2576 444 2578 ·

139 2625 193 2654 Fr.
222 2626 289 2654 160.
311 2623 359 2653 Ex
376 2622 425 2653 his
442 2621 602 2653 zosimum
626 2622 773 2661 supplere
789 2621 872 2653 licet.
892 2623 1017 2654 Etenim
1037 2625 1106 2664 post
1122 2625 1220 2656 verba
1237 2625 1495 2666 οἰκονομήσαντες
1515 2625 1569 2662 τὴν
1586 2625 1683 2665 ἀρχὴν
1701 2625 1733 2656 in
1754 2623 1870 2656 Zosimi
1887 2623 1981 2656 codd.
1999 2624 2110 2666 ingens
2133 2625 2254 2657 lacuna

97 2671 163 2708 est,
180 2677 253 2709 quae
268 2669 362 2699 tinem
378 2669 470 2709 primi
486 2668 557 2699 libri
573 2669 605 2700 et
625 2668 748 2700 initium
767 2669 896 2700 secundi
911 2670 1098 2710 absumpsit.
1113 2688 1154 2693 —
1167 2672 1254 2705 αὐτοὶ
1274 2671 1300 2702 δ’
1320 2672 1370 2702 ἐπὶ
1387 2670 1524 2711 πάντας]
1545 2671 1630 2711 αὐτῷ
1650 2671 1676 2702 δ’
1695 2670 1896 2706 ἐπιστάντεςῗ

138 2717 189 2747 Fr.
214 2718 280 2746 161.
299 2717 432 2755 Eutrop.
458 2717 516 2753 lx,
537 2719 570 2747 12
591 2727 598 2746 :
622 2717 856 2747 Numerianus
871 2725 1024 2757 quoque,
1033 2717 1132 2759 filius
1145 2719 1218 2758 eJ'us
1234 2717 1366 2757 (Gari),
1391 2725 1492 2759 quem
1513 2726 1627 2749 secum
1643 2717 1690 2749 ad
1713 2719 1839 2748 Persas
1857 2716 2030 2757 duxerat,
2053 2716 2251 2750 adolescens

96 2763 238 2800 eqreqiae
253 2760 378 2792 indolis
388 2784 397 2800 ‚
415 2769 521 2802 quum
534 2761 710 2794 oculorum
725 2761 840 2793 dolore
856 2766 1030 2803 correptus
1044 2767 1080 2796 in
1095 2764 1256 2796 lecticula
1269 2764 1463 2803 veheretur,
1480 2765 1666 2804 impulsore
1681 2765 1787 2803 Αριό,
1802 2765 1862 2804 qui
1877 2772 1972 2795 socer
1986 2764 2060 2801 ejus
2074 2765 2153 2796 erat
2164 2788 2174 2804 ,
2186 2772 2251 2804 per

98 2806 246 2840 insidias
268 2810 397 2840 occisus
413 2810 462 2839 esc
479 2819 489 2840 .·
507 2811 539 2840 et
553 2817 660 2850 quum
685 2808 760 2840 dolo
775 2810 1011 2842 occultaretur
1033 2813 1141 2850 ipsius
1156 2819 1264 2850 mors,
1279 2819 1455 2851 quousque
1473 2813 1559 2851 Aper
1576 2810 1740 2842 invadere
1766 2811 1878 2850 posset
1895 2810 2247 2850 imperium,foetore

95 2855 276 2888 cadaveris
291 2855 431 2895 prodita
447 2858 506 2887 est.
522 2856 651 2887 Milites
662 2857 752 2886 enim
762 2880 770 2895 ,
786 2858 846 2896 qui
858 2865 936 2888 eum
946 2856 1322 2898 sequebantur,soetore
1331 2859 1487 2888 commoti
1499 2881 1508 2896 ,
1522 2856 1674 2888 diductis
1687 2856 1853 2888 lecticulae
1866 2856 2006 2896 palliis,
2020 2858 2099 2895 post
2111 2857 2248 2897 aliquot

97 2903 171 2934 dies
185 2904 328 2934 mortem
339 2902 409 2941 ejus
425 2905 539 2934 nolam
555 2903 679 2934 habere
688 2905 892 2943 potuerunt.
907 2906 1041 2935 Interea
1060 2905 1210 2934 Carinus
1221 2926 1230 2942 ‚
1246 2911 1346 2943 quem
1365 2905 1534 2934 (ἕαται-εφη
1545 2905 1581 2934 in
1598 2902 1746 2934 Parthos
1756 2901 1969 2941 proficiscens
1982 2904 2094 2933 Carus
2111 2904 2146 2933 in
2167 2902 2247 2941 llly-

97 2951 167 2980 rico
177 2973 186 2988 ‚
213 2949 348 2988 Gallia,
364 2950 477 2980 Italia
500 2950 710 2991 reliquerat,
725 2949 881 2981 omnibus
895 2959 930 2982 se
942 2951 1128 2982 sceler-ibus
1142 2952 1407 2991 coinquinavit:
1423 2951 1592 2989 plurimos
1607 2949 1869 2988 innoxiosficcis
1883 2949 2085 2981 criminibus
2096 2949 2246 2982 occidit:

97 2997 322 3027 matrimonia
343 2995 473 3026 nobilia
488 2998 643 3036 corrupit
658 3007 668 3028 :
683 2996 927 3037 condiscipulis
951 3006 1107 3038 quoque,
1123 3000 1183 3038 qui
1200 3006 1277 3029 eum
1292 2999 1327 3028 in
1342 2996 1520 3028 auditorio
1535 2997 1589 3029 vel
1605 2997 1672 3028 levi
1687 2996 1903 3036 saciqatione
1917 2997 2147 3035 taxaverant,
2166 3005 2246 3036 per·

96 3041 338 3081 niciosusfuit.
359 3042 405 3072 Ob
421 3050 496 3081 quat
509 3043 663 3081 ommibus
679 3043 773 3074 bonis
790 3045 921 3074 invisus
934 3067 942 3082 ‚
958 3051 1023 3074 non
1039 3045 1146 3075 mulio
1161 3047 1238 3084 posi
1250 3052 1369 3084 poenas
1387 3042 1494 3076 dedii.

137 3090 191 3120 Fr.
213 3092 282 3120 162.
301 3087 420 3119 Eadem
439 3089 551 3119 Suidas
567 3098 598 3119 V.
616 3090 744 3129 Καρῖνος
756 3112 764 3126 ,
778 3091 861 3120 etex
883 3091 973 3129 parte
998 3090 1115 3121 iteruin
1135 3099 1165 3121 v.
1185 3090 1417 3130 παρανάλωμα,
1435 3089 1489 3120 ubi
1506 3097 1564 3129 pro
1588 3091 1718 3129 Καρῖνος
1740 3088 1771 3119 in
1785 3087 1879 3119 codd.
1895 3096 2061 3128 perperam
2082 3087 2239 3128 scriptum

94 3137 142 3167 est
158 3137 321 3175 Μακρῖνος.
348 3135 498 3165 Ceterum
525 3136 561 3165 ut
578 3134 607 3165 in
628 3135 890 3167 antecedentibus
914 3136 1030 3176 saepius
1045 3138 1111 3177 jam
1130 3138 1268 3169 vidimus
1289 3140 1447 3169 Joannem
1466 3138 1612 3168 nostrum
1633 3137 1746 3176 praeter
1766 3135 1956 3175 Eutropium
1973 3135 2014 3166 ad
2031 3135 2166 3167 verbum
2185 3145 2244 3169 ex·

93 3182 254 3222 scripsisse
276 3180 390 3212 Zosimi
410 3181 573 3220 historias,
592 3182 637 3213 sic
661 3184 767 3213 noster
784 3191 914 3222 quoque
930 3183 1018 3214 locus
1042 3193 1105 3216 una
1123 3193 1196 3216 cum
1220 3186 1373 3223 sequente
1396 3183 1436 3214 ad
1459 3182 1648 3223 explendam
1665 3190 1728 3222 qua
1745 3181 1865 3213 hiulcat
1881 3182 2023 3214 Zosirnea
2039 3182 2180 3214 narratio
2196 3183 2243 3214 la-

94 3237 212 3260 cunam
230 3227 372 3258 adhiberi
386 3227 490 3258 dehet.
509 3228 651 3259 Zosimus
667 3229 696 3259 in
715 3229 772 3259 hac
787 3229 989 3260 historiarum
1007 3233 1096 3269 parte
1109 3234 1236 3263 secutus
1249 3232 1296 3261 est
1310 3230 1489 3270 Eunapium
1501 3254 1508 3266 ,
1524 3229 1569 3265 uti
1587 3230 1721 3259 constat.
1745 3228 1888 3259 Eundem
1912 3237 1987 3260 vero
2007 3229 2126 3260 sontem
2146 3229 2243 3262 etiam

94 3285 136 3306 ex
156 3275 265 3306 nostro
282 3274 353 3305 loco
375 3274 447 3304 licet
469 3273 677 3311 inter-videre,
698 3275 820 3306 collatis
835 3276 916 3306 inter
932 3284 965 3306 se
981 3277 1085 3307 verbis
1100 3276 1315 3318 παρανάλωμα
1331 3281 1384 3314 τῆς
1397 3279 1508 3318 τρυφῆς
1532 3276 1665 3306 ἐποιεῖτο
1682 3274 1790 3315 φόνους
1804 3275 1890 3306 οὐδὲν
1903 3275 2097 3312 ἠδικηκότων
2121 3276 2152 3306 et
2178 3277 2243 3306 Eu-

94 3321 238 3361 napianis
252 3320 320 3351 istis
336 3321 345 3359 (
360 3322 439 3351 Eun.
458 3320 495 3351 fr.
513 3323 530 3351 4
541 3344 549 3358 ‚
565 3329 594 3359 p.
614 3323 647 3351 14
661 3323 670 3360 )
688 3331 694 3350 :
717 3322 733 3351 ὁ
750 3322 782 3352 δὲ
797 3322 977 3361 ἐγκλήματά
991 3333 1023 3353 τε
1045 3324 1213 3356 ἀνέπλαττε
1229 3325 1281 3355 καὶ
1296 3324 1416 3360 ἐδίκαζε
1431 3326 1495 3359 τοῖς
1517 3322 1727 3362 ἀδικουμένοις
1739 3344 1748 3358 ,
1771 3323 1824 3353 καὶ
1848 3325 1909 3353 τῶν
1923 3323 2130 3362 δικαζομένων
2147 3323 2246 3359 οὐδεὶς

94 3369 246 3405 ἐσώζετο·
263 3368 342 3399 ὅπου
356 3377 390 3407 ΥΞ
405 3367 516 3404 πολλῆς
531 3368 624 3404 Οὔσης
641 3369 693 3398 καὶ
712 3368 878 3407 ἀδιηγήτου
892 3373 944 3406 τῆς
967 3370 1096 3410 φθορᾶς,
1113 3364 1381 3412 παρανὴλίσκοντὸ
1397 3380 1474 3406 τινες
1498 3373 1558 3401 τῶν
1573 3368 1781 3409 εὐδαιμόνων,
1796 3369 1902 3410 ὥσπερ
1925 3369 1955 3400 ἐν
1975 3371 2090 3405 κοινοῖς
2111 3369 2244 3405 δείπνοις

94 3415 302 3457 ἀλεκτορίδες,
317 3415 346 3451 ἐς
370 3415 424 3452 τήν
446 3414 579 3455 Καρίνου
595 3416 717 3455 τρυφήν.
