2372 3704
874 225 885 230 ‘
947 219 1000 258 IN
1032 219 1306 259 VOLUMINE
1329 222 1360 260 Ι.

122 308 502 347 APOLLODORUS.
537 309 630 357 Pag.
663 306 738 352 428
753 334 764 353 ,
800 307 846 344 fr.
880 312 901 351 4
931 308 986 343 ita
1017 308 1120 343 exhi-

67 367 237 405 bendum
255 374 336 404 erat
365 379 374 403 :
412 364 459 404 ‘H
482 366 560 418 δρῦς
591 364 668 418 ἱερὰ
692 367 753 412 τῆς
779 363 907 416 Ῥέας,
938 363 985 408 ὥς
1016 379 1121 417 φησιν

68 423 326 476 Ἀπολλόδωρος
345 425 379 462 ἐν
407 423 513 477 τρίτῳ
534 423 623 477 Περὶ
640 425 740 461 θεῶν.
761 419 918 475 Δρυΐνοις
943 422 980 461 δὲ
1000 423 1122 466 αὐτούς

69 497 155 536 φησι
183 483 369 536 στέφεσθαι
393 482 450 521 διὰ
470 482 509 521 τὸ
530 482 739 536 μεμερίσθαι
765 485 808 535 τῇ
833 484 900 535 θεῷ
919 482 959 520 τὸ
985 481 1121 534 δένδρον

67 544 182 589 τοῦτο,
203 541 261 579 διὰ
280 541 319 580 τὸ
335 540 396 579 καὶ
414 539 501 594 πρὸς
517 541 642 593 στέγας
660 541 722 580 καὶ
740 540 824 594 πρὸς
838 539 971 593 τροφὴν
984 542 1122 594 πρῶτον

66 602 319 653 χρησιμεῦσαι.

123 658 214 709 Pag.
239 660 331 707 431,
350 659 484 710 fragm.
505 659 550 697 13
571 673 611 700 α.
629 681 684 689 -
702 661 792 697 Joh.
810 659 909 708 Lyd.
928 661 985 696 De
1003 671 1121 698 mens.

67 718 135 764 IV,
167 731 216 765 27
243 731 286 768 p.
315 719 413 769 286,
433 719 495 759 ed.
514 720 642 758 Roeth.
665 731 675 757 ε
696 715 790 757 Οὐδὲ
810 717 878 770 γὰρ
898 715 940 754 ἄν
956 731 1007 760 τις
1027 715 1121 768 εὕροι

69 774 192 828 κυρίαν
220 779 296 814 θεοῦ
318 775 493 829 (Martis)
521 775 778 829 προσηγορίαν,
802 774 894 814 κατὰ
910 775 968 813 τὸν
996 775 1119 817 Ἀπολ-

67 834 246 887 λόδωρον,
280 836 359 874 ἀλλ’
388 833 467 874 οὐδὲ
495 835 630 888 φύσεως
657 836 841 888 γνώριμα,
873 834 952 872 ἐπεὶ
971 836 1030 872 νῦν
1059 833 1123 885 μὲν

70 892 218 947 ἄρρενας
225 923 236 943 ,
267 897 326 933 νῦν
346 893 382 932 δὲ
412 893 552 942 θηλείας
567 892 630 937 τὰς
646 892 738 936 ἰδέας
758 892 957 943 εἰσάγουσιν
974 893 1004 931 οἳ
1022 893 1121 945 φιλο-

69 956 264 1006 σοφοῦντες·
285 953 363 992 ἀλλ’
383 954 423 992 ἐκ
442 955 510 991 τῶν
531 951 827 1003 ἀποτελεσμάτων
847 951 1036 1002 ὀνομασίας
1056 952 1121 988 αὐ-

27 1036 39 1047 .
68 1018 146 1056 ταῖς
164 1011 296 1060 ἔθεντο,
314 1011 461 1064 ἄρρενας
479 1011 542 1060 μὲν
558 1010 654 1055 θεοὺς
666 1010 729 1054 τὰς
750 1009 998 1063 δημιουργικὰς
1016 1010 1123 1049 δυνά-

73 1085 163 1122 μεις,
181 1071 321 1119 θηλείας
340 1070 454 1114 δὲτὰς
473 1069 659 1121 ζωογόνους
679 1069 887 1120 εἰσάγοντες.

124 1130 216 1181 Pag.
235 1131 323 1179 431,
339 1131 385 1167 fr.
403 1143 463 1180 19.
477 1114 738 1168 APlutarch.
754 1131 827 1176 Qu.
844 1141 957 1168 conv
972 1131 1018 1175 V,
1033 1128 1070 1174 3,
1089 1141 1121 1175 1,

68 1203 110 1240 p.
134 1190 232 1237 676,
249 1192 315 1228 A:
345 1190 399 1227 Οὐ
421 1187 490 1239 μὴν
511 1187 603 1226 ἀλλὰ
633 1188 711 1225 κατ’
738 1186 828 1224 ἰδίαν
859 1202 908 1238 τῳ
929 1187 1123 1224 Ποσειδωνι

70 1249 177 1321 φαίην
176 1264 228 1293 τις
257 1247 299 1287 ἂν
318 1248 381 1295 τὴν
398 1248 500 1286 πίτυν
531 1246 739 1307 προσήκειν,
759 1247 825 1298 οὐχ
841 1248 886 1289 ὡς
902 1245 1123 1284 Ἀπολλόδω-

72 1322 127 1360 ρος
142 1306 273 1358 οἴεται,
288 1307 461 1360 παράλιον
479 1305 585 1359 φυτὸν
600 1307 706 1343 οὖσαν
720 1335 731 1356 ,
756 1302 880 1343 οὐδὲ
859 1319 912 1342 οτι
932 1302 1123 1357 φιληνεμός

70 1368 163 1404 ἐστιν
174 1365 322 1419 ὥ,σπερ
340 1369 363 1413 ἡ
382 1365 543 1405 θάλασσα
561 1365 573 1415 <
589 1365 649 1402 καὶ
675 1362 742 1416 γὰρ
759 1363 861 1402 τουτό
882 1378 971 1407 τινες
994 1362 1034 1401 λε’
1019 1378 1123 1414 εγου-

69 1424 171 1476 σιν),
191 1425 284 1463 ἀλλὰ
304 1423 362 1463 διὰ
376 1440 438 1471 της
451 1422 647 1474 ναυπηγίας
667 1423 838 1472 μάλιστα.

123 1485 216 1535 Pag.
240 1484 332 1532 435,
351 1485 400 1522 sr.
419 1489 468 1529 44
491 1498 530 1520 a.
550 1505 603 1511 —
619 1484 748 1520 Schol.
768 1485 902 1521 Venet.
927 1483 968 1518 in
991 1483 1122 1531 Eurip.

69 1545 166 1581 Hec.
191 1544 266 1589 462
300 1545 420 1586 εΤᾶς
447 1539 745 1593 καλλιδίφρου
774 1539 931 1578 Ἀθανα
945 1539 986 1577 ία
1000 1540 1122 1591 ς]οὐ

70 1601 175 1654 μόνον
192 1602 260 1655 γὰρ
285 1601 452 1655 παρθένοι
482 1599 624 1654 ὕφαινον
638 1629 649 1647 ,
669 1598 714 1643 ὥς
738 1614 842 1651 φησιν
864 1598 1124 1651 Ἀπολλόδωρος

69 1663 105 1701 ἐν
124 1664 168 1714 τῇ
191 1661 280 1714 Περὶ
300 1664 386 1699 θεῶν
403 1661 512 1707 αὐλῆς
533 1660 590 1711 (⁰1²),
613 1656 705 1696 ἀλλὰ
721 1657 782 1696 καὶ
795 1657 926 1705 τέλειαι
944 1663 1123 1709 γυναῖκες,

69 1723 116 1765 ὥς
132 1721 362 1774 Φερεκράτης
381 1721 416 1758 ἐν
436 1716 768 1770 Δουλοδιδασκάλῳ.

128 1797 145 1814 α
161 1781 278 1827 Αὐλῆς
301 1781 456 1817 sortasse
482 1778 687 1816 delendum
701 1794 716 1810 »
737 1779 877 1815 Comz'r.
907 1778 1063 1814 Latebit
1084 1778 1126 1813 li-

68 1840 131 1877 bri
146 1853 338 1878 numeruS.

122 1899 218 1949 Pag.
244 1899 333 1946 435,
350 1899 396 1935 fr.
419 1902 467 1942 44
489 1898 523 1935 b.
540 1917 590 1924 -—
608 1896 763 1932 Servius
783 1895 831 1931 ad
858 1896 959 1944 Virg.
982 1895 1121 1944 Georg

69 1960 110 2005 1,
136 1959 181 1995 16
214 1958 279 2010 (p.
307 1961 379 2004 174
404 1957 467 1994 ed.
490 1956 600 1992 Lion.
620 1952 647 2004 ),
668 1954 714 1990 de
735 1955 835 1989 Pane
856 1954 1127 2002 :Apollodorus

68 2022 151 2054 sine
178 2018 397 2066 parenthus
430 2027 513 2051 eam
547 2017 656 2059 sinit,
688 2016 865 2061 quoniam
897 2015 1117 2057 universum,

71 2082 99 2115 ι’.
121 2091 156 2117 e.
177 2077 216 2115 τὸ
235 2081 322 2126 πᾶν,
341 2076 428 2112 huic
447 2076 515 2110 deo
533 2077 581 2109 sit
598 2074 826 2110 attributum.
851 2072 1020 2117 Cornua,
1042 2086 1127 2120 quoe

69 2140 160 2175 solis
189 2139 361 2184 lanceque
390 2137 636 2181 designantur
644 2145 659 2176 ;
679 2133 797 2180 pellis
818 2133 975 2166 maculis
991 2133 1126 2167 distm—

71 2205 146 2242 cta,
167 2209 254 2246 quat
269 2198 418 2232 variam
437 2195 612 2239 designat
639 2194 841 2238 imagittem
861 2191 1033 2227 siderum.
1055 2192 1126 2226 Ilz-

61 2251 190 2300 serior
199 2268 292 2304 pars
310 2254 469 2296 hirsuta,
491 2260 532 2287 uc
549 2254 642 2286 situs
659 2258 782 2285 tert-ce.
809 2249 897 2285 Cum
908 2249 1038 2294 fistula
1050 2257 1119 2293 est,

71 2319 247 2364 quoniam
273 2315 396 2361 status
428 2320 624 2348 ventorum
662 2313 839 2344 oriuntur.
877 2310 1000 2344 Metus
1038 2322 1127 2345 vero

71 2376 127 2411 ad
142 2378 358 2423 repentinas
373 2371 498 2421 fitgas
521 2371 701 2413 PanicuS,
733 2381 804 2417 pro
822 2367 1011 2403 subitaria
1029 2371 1128 2404 aeris

72 2435 325 2468 commotione.

126 2490 220 2540 Pag.
249 2490 345 2536 437,
379 2488 426 2526 fr.
449 2486 498 2524 58
521 2500 558 2524 a.
578 2485 780 2533 —Steph.
803 2484 872 2522 Β..
896 2482 1128 2531 Ζάκανθα,

71 2547 172 2592 πόλις
185 2546 359 2599 ’16ηρίας,
379 2546 424 2592 ἣν
445 2539 534 2584 εἶλεν
554 2542 767 2594 Ἀννίὸας,(
750 2558 794 2586 ως
814 2541 1107 2594 Ἀπολλόδωρος’
1093 2558 1127 2580 εν

73 2609 252 2660 Χρονικῶν
272 2605 387 2657 τρίτῃ.

127 2669 263 2706 Idem:
282 2664 438 2716 Μέσμα,
451 2662 550 2707 πόλις
566 2661 736 2706 Ἰταλίας.
756 2660 837 2700 'Arc
858 2661 892 2699 ἐν
911 2659 1017 2714 τρίτῳ
1033 2662 1126 2714 Χρο-

72 2729 192 2765 νικῶν.

133 2786 227 2836 Pag.
249 2789 324 2830 440
338 2812 349 2830 ,
375 2784 423 2820 fr.
459 2796 523 2831 70.
545 2803 599 2811 —
621 2781 866 2818 Laterculum
888 2793 1020 2830 regum
1040 2782 1124 2830 AEg.

73 2859 175 2883 nunc
189 2846 277 2882 vide
303 2846 344 2880 in
361 2843 495 2892 fragm.
510 2842 766 2886 Manethonis,
784 2848 874 2877 tom.
888 2842 939 2877 ΙΙ.
954 2842 1128 2877 Ceterum

74 2918 199 2954 neque
232 2904 488 2941 Eratosthenis
518 2914 644 2950 neque
671 2900 902 2950 Apollodori
936 2900 1029 2945 haec,
1061 2900 1127 2936 sed

76 2965 279 3004 Christiani
292 2963 457 2999 hominis
474 2962 604 2998 foetum
620 2972 696 2996 esse
708 2986 718 3005 ,
734 2971 848 3007 quam
864 2965 1000 2994 auctor
1018 2959 1127 2994 claris

77 3024 284 3072 superioris
308 3023 377 3058 aevi
398 3022 643 3070 chronologis
665 3018 826 3068 affinxit,
852 3018 947 3054 mihi
975 3029 1127 3066 persua-

76 3097 160 3121 sum
175 3089 243 3122 est.

129 3142 223 3191 Pag.
247 3141 322 3186 443
336 3168 346 3187 ‚
368 3140 414 3176 fr.
437 3143 484 3186 74
501 3146 584 3178 not.
610 3151 625 3175 1
640 3167 651 3188 ,
679 3138 763 3186 lege
790 3137 963 3173 Cratetis.
986 3135 1127 3171 Eadem

77 3204 226 3239 Tzetzes
249 3201 297 3237 de
327 3201 484 3237 Homeri
512 3205 618 3234 aetate
650 3210 696 3234 ex
718 3195 960 3245 Apollodoro
991 3195 1128 3242 repetit

78 3262 174 3301 Chil.
188 3262 296 3306 XIII,
311 3260 401 3306 647.
418 3259 529 3295 Adde
540 3259 614 3295 Vit.
624 3259 739 3294 Hom.
752 3255 814 3291 ed.
828 3256 956 3290 Iriart.
973 3266 1013 3302 p.
1033 3253 1123 3298 233,

77 3321 144 3357 ubi
167 3332 176 3356 :
199 3316 450 3370 Ἐρατοσθένης
470 3314 506 3353 δὲ
527 3314 616 3366 μετὰ
634 3314 663 3367 ρ’
693 3316 754 3359 τῆς
781 3328 847 3350 των
869 3310 998 3350 Ἰώνων
1020 3311 1124 3347 ἀποι-

78 3380 171 3422 κίας.
190 3374 497 3427 Ἀπολλόδωροςὸὲ
517 3372 605 3424 μετὰ
621 3373 658 3410 π’
678 3373 752 3423 (sc.
771 3370 931 3422 “Ομηρον
949 3368 1125 3420 γεγονέναι

2152 231 2227 264 649

1183 321 1229 355 27
1252 323 1261 346 2
1279 307 1323 348 Ὁ
1346 308 1604 362 Ἀπολλόδωρός
1623 325 1660 348 τε
1681 302 1741 348 καὶ
1760 313 1778 349 ὁ
1806 311 1978 365 Ἀγυρῖνος
2004 312 2223 365 Διόδωρος...

1182 367 1417 419 παραδιδόασι
1432 368 1591 417 μαθητὴν
1604 369 1826 420 Προναπίδου
1839 371 1997 421 γενέσθαι
2009 371 2082 421 (τὸν
2097 371 2226 423 ςὈμη--

1184 427 1270 478 ρον).
1279 427 1393 464 —Ad
1405 429 1591 465 Chronica
1602 429 1829 477 Apollodori
1840 431 1938 466 refer
1949 433 2060 467 etiam
2072 432 2118 471 fr.
2138 433 2224 469 180.

1237 484 1330 535 Pag.
1356 487 1447 535 446,
1467 487 1515 524 fr.
1531 487 1575 523 δι
1599 500 1635 524 α.
1654 508 1703 515 -
1723 489 1967 535 Quinctilian.
1990 491 2046 526 XI
2061 518 2071 538 ,
2094 504 2135 535 2,
2167 491 2229 537 16,

1183 545 1231 581 de
1240 545 1432 582 Simonide
1440 546 1714 582 Dioscurorum
1723 559 1795 595 ope
1805 559 1884 582 serv
1890 555 1965 585 ato.
1975 550 2018 587 V.
2030 548 2227 598 fragment.

1185 617 1204 651 7
1224 605 1370 652 Apollae
1389 605 1562 650 Pontici,
1578 611 1672 642 tom.
1691 606 1742 642 IV
1756 632 1766 650 ‚
1786 618 1828 653 p.
1850 605 1937 652 307.

1235 661 1329 711 Pag.
1358 666 1447 710 447,
1475 662 1528 703 fr.
1546 663 1595 711 89
1612 676 1650 699 a.
1673 684 1726 690 —-
1751 663 1876 700 Schol.
1897 665 2044 700 Platon.
2065 678 2106 713 p.
2126 664 2197 701 331
2219 677 2228 704 ε

1182 721 1453 770 Aristophanes
1471 735 1570 758 com.
1598 729 1674 758 tres
1693 721 1791 757 filios
1814 722 1967 768 habuit,
1988 723 2124 758 horum
2152 731 2231 759 ter-

1183 781 1277 816 tium
1297 779 1556 832 Ἀπολλόδωρος
1576 777 1639 830 μὲν
1655 778 1895 832 Νικόστρατον
1911 782 2028 827 καλεῖ,
2049 782 2079 818 οἱ
2100 780 2135 818 δὲ
2151 780 2230 833 περὶ

1183 837 1400 891 Δικαίαρχον
1415 838 1641 892 Φιλέταιρον.
1658 838 1811 876 Plenius
1827 840 1955 876 locum
1969 841 2232 889 exscripsimus

1184 900 1222 935 in
1245 900 1451 937 Dicaearch.
1471 898 1518 936 fr.
1540 904 1584 942 41
1600 926 1611 944 ,
1630 905 1722 937 tom.
1740 899 1777 934 II
1790 925 1800 944 ,
1817 911 1860 947 p.
1884 898 1974 941 248.

1235 955 1328 1006 Pag.
1353 956 1450 1003 450,
1481 957 1528 995 fr.
1558 969 1630 1006 109
1664 970 1703 995 α.
1733 977 1786 985 -
1813 958 1947 1006 Steph.
1986 958 2075 1004 Byz.
2107 968 2117 995 ε
2155 957 2234 995 Αὖ-

1183 1019 1356 1066 σχῖται,
1387 1014 1480 1058 ἔθνος
1513 1013 1647 1061 Λιὸύης
1675 1013 1761 1067 ὑπὲρ
1792 1014 1947 1066 Βάρκης.
1978 1013 2235 1066 Ἀπολλόδωρος

1183 1072 1326 1125 δευτέρᾳ
1382 1072 1632 1126 Περιηγήσεως
1681 1072 1741 1111 καὶ
1779 1072 1964 1125 Ἡρόδοτος
2015 1073 2050 1110 ἐν
2085 1073 2233 1126 τετάρτῃ

1185 1135 1239 1185 (c.
1266 1134 1338 1170 180
1356 1133 1384 1184 ).

1236 1192 1328 1242 Pag.
1353 1192 1450 1239 450,
1469 1193 1517 1228 fr.
1547 1205 1562 1228 1
1575 1191 1634 1230 15.
1656 1214 1708 1220 —-
1724 1194 1798 1229 Pro
1823 1189 1884 1229 καὶ
1909 1191 2082 1242 Νούμιδες
2101 1193 2233 1243 legen-

1185 1252 1275 1288 dum
1291 1252 1444 1288 videtur
1466 1249 1527 1287 καὶ
1546 1248 1741 1293 Νουὸάδες.

1236 1310 1327 1360 Pag.
1347 1311 1436 1358 457,
1454 1310 1501 1346 fr.
1523 1310 1593 1353 164
1609 1323 1646 1345 a.
1678 1331 1729 1337 ——
1747 1310 1801 1346 St.
1831 1311 1916 1358 Byz.
1937 1323 1946 1346 :
1970 1308 2138 1362 Κορώνη,
2165 1308 2235 1347 πό-

1183 1369 1235 1411 λις
1255 1367 1466 1416 Μεσσήνης,
1493 1369 1540 1411 ὡς
1565 1366 1820 1419 Ἀπολλόδωρος
1854 1366 1992 1420 ἑὸδόμῳ
2025 1371 2083 1407 τοῦ
2111 1370 2236 1407 Κατα-

1183 1426 1302 1477 λόγου.

1238 1486 1334 1535 Pag.
1355 1485 1447 1534 459,
1466 1485 1512 1523 fr.
1532 1484 1603 1531 175
1622 1498 1658 1522 a.
1676 1490 1728 1512 -”-
1741 1484 1901 1521 Bekker.
1916 1487 1988 1521 An.
2010 1498 2051 1534 p.
2068 1485 2164 1534 783,
2182 1485 2232 1523 6:

1185 1543 1390 1594 Πυθόδωρος
1407 1544 1441 1580 ἐν
1464 1544 1514 1595 τῷ
1533 1541 1621 1594 Περὶ
1647 1541 1828 1594 στοιχείων
1849 1540 1910 1579 καὶ
1930 1540 2056 1584 Φίλλις
2076 1543 2093 1579 6
2110 1542 2236 1587 Δήλιος

1187 1603 1220 1639 ἐν
1240 1604 1290 1654 τῷ
1310 1601 1402 1654 Περὶ
1426 1601 1559 1653 χρόνων
1579 1599 1648 1652 πρὸ
1670 1599 1819 1650 Κάδμου
1840 1598 1977 1638 Δαναὸν
1998 1599 2235 1649 μετακομίσαι

1186 1660 1276 1698 αὐτά
1297 1661 1374 1711 (sc.
1396 1660 1440 1697 τὰ
1456 1659 1651 1712 γράμματα
1668 1660 1679 1710 )
1701 1674 1818 1712 φασιν.
1836 1658 2139 1708 Ἐπιμαρτυροῧσι
2154 1656 2237 1694 τού-

1187 1734 1258 1763 τοις
1286 1718 1348 1757 καὶ
1367 1720 1398 1757 οἳ
1420 1718 1639 1765 Μιλησιακοὶ
1662 1722 1873 1770 συγγραφεῖς
1895 1715 2158 1769 Ἀναξίμανδρος
2178 1715 2237 1753 καὶ

1186 1778 1364 1822 Διονύσιος
1379 1777 1465 1817 καὶε
1471 1778 1661 1826 Εκαταῗος,
1680 1777 1737 1821 οὓς
1750 1776 1809 1815 καὶ
1825 1775 2079 1826 Ἀπολλόδωρος
2091 1776 2124 1812 ἐν
2140 1777 2238 1814 Νεῶν

1186 1837 1374 1890 καταλόγῳ
1392 1836 1636 1889 παρατίθεται.

1239 1900 1302 1936 Fr.
1327 1897 1398 1944 175
1417 1899 1454 1935 b.
1477 1919 1529 1924 —
1550 1897 1721 1935 Cramer.
1743 1897 1818 1933 An.
1841 1896 1878 1940 1,
1905 1907 1945 1943 p.
1969 1906 2039 1941 79,
2067 1893 2118 1930 6:
2138 1889 2238 1935 Ἄλος

1189 1955 1260 2007 (11.
1282 1958 1315 2007 β,
1330 1956 1447 2005 682),
1462 1954 1561 1996 πόλις
1574 1953 1790 1996 Θεσσαλίας.
1813 1949 2117 2003 Ἀπολλόδωροςδὲ
2134 1953 2238 2003 ἀρσε-

1188 2031 1290 2058 νικως
1305 2013 1466 2065 λέγεσθαι
1479 2010 1542 2059 την
1560 2013 1675 2050 πόλιν.

1239 2074 1329 2123 Pag.
1343 2073 1435 2119 465,
1451 2073 1498 2111 fr.
1512 2085 1555 2108 21
1569 2086 1583 2107 1
1594 2100 1602 2108 .
1619 2070 1821 2107 —Eadem
1837 2069 1999 2107 inBekk.
2011 2070 2084 2105 An.
2096 2082 2135 2118 p.
2147 2069 2236 2115 374,

1189 2138 1253 2177 24.
1277 2133 1388 2170 Adde
1415 2132 1532 2169 Bekk.
1555 2132 1626 2169 An.
1656 2144 1696 2180 p.
1722 2134 1795 2178 94,
1817 2129 1867 2166 5.
1859 2142 1867 2150 ·
1888 2127 2236 2179 Ἐργοδοτῶν,ὡς

1188 2193 1251 2229 κάν
1273 2207 1315 2242 τῃ
1352 2188 1528 2241 συνηθεία.
1563 2187 1829 2239 Απολλόδωρος.
1862 2187 1921 2223 ld.
1951 2200 1992 2236 p.
2026 2191 2116 2235 471,
2156 2199 2202 2234 ¹9
2225 2199 2233 2222 :

1187 2248 1429 2302 ”,Αφλαστα
1447 2247 1490 2286 τὰ
1510 2246 1731 2300 ἀκροστόλια.
1750 2242 2021 2296 Ἀπολλόδωρος.

1241 2310 1335 2359 Pag.
1353 2309 1443 2356 467.
1458 2309 1609 2344 —Post
1623 2307 1667 2343 fr.
1681 2306 1754 2352 237
1771 2305 1899 2341 adde·
1918 2303 2126 2341 Herodian.
2146 2300 2237 2354 Περὶ

1190 2384 1266 2419 μον.
1289 2366 1358 2411 λέξ.
1375 2381 1415 2416 p.
1440 2372 1509 2413 40,
1527 2379 1572 2402 21
1601 2362 1812 2416 εΚριτής.
1831 2359 1943 2401 Οὐδὲν
1965 2363 2011 2404 εἷς
2030 2376 2102 2407 της
2128 2361 2235 2411 ληγον

1189 2426 1397 2467 δισύλλαὸον
1439 2423 1616 2476 ἀρσενικὸν
1649 2422 1827 2466 ὀξύνεσθαι
1856 2424 1890 2458 θ
1877 2419 1966 2466 ε,’λει
2001 2418 2092 2457 ἀλλὰ
2133 2418 2236 2468 μόνον

1189 2487 1227 2525 τὸ
1255 2484 1427 2539 κριτής·
1449 2482 1488 2521 τὸ
1509 2482 1575 2553 γὰρ
1596 2480 1759 2553 ληὶρτὴ
1775 2497 1790 2524 ς
1820 2478 2090 2530 τρισύλλαὸόν’
2076 2493 2160 2516 εστι·
2186 2478 2238 2515 διὸ

1189 2545 1261 2598 ἔχει
1286 2542 1513 2597 προκείμενον
1538 2540 1577 2578 τὸ
1606 2555 1634 2578 ι·
1660 2539 1698 2578 τὸ
1728 2537 1764 2577 δὲ
1790 2536 1963 2591 ψαλτὴς
1991 2535 2143 2575 Ἀττικόν
2164 2537 2238 2574 ἐστι

1188 2603 1402 2654 ὀξυνόμενον,
1414 2604 1458 2644 ως
1469 2600 1600 2652 ῖστορει
1609 2598 1876 2649 Ἀπολλόδωρος.
1888 2598 2065 2647 Apollon.
2075 2609 2234 2646 gramm.

1188 2668 1245 2702 De
1267 2675 1446 2713 pronom.
1483 2674 1525 2709 p.
1566 2664 1586 2702 4
1616 2660 1677 2696 ed.
1708 2658 1824 2696 Bekk.
1859 2655 1963 2695 .Και
1983 2654 2239 2705 Ἀπολλόδωρος

1189 2726 1206 2761 6
1224 2722 1399 2768 Ἀθηναῖος
1420 2735 1480 2757 και
1499 2721 1517 2755 ὃ
1544 2716 1643 2770 Θρᾲξ
1669 2714 1846 2758 Διονύσιος
1865 2713 1925 2752 καὶ
1943 2713 2053 2766 ἄρθρα
2084 2711 2238 2750 δεικτικὰ

1189 2781 1249 2825 τὰς
1274 2776 1526 2828 ἀντωνυμίαςε
1511 2775 1697 2814 ἐκάλεσαν.

1168 2837 1172 2839 .
1242 2841 1409 2877 Cramer.
1433 2835 1578 2873 Anecd.
1603 2836 1724 2871 Oxon.
1722 2834 1863 2905 3ΙΝ.ΙΙ,Ῑ)
1883 2831 1991 2875 446:
2012 2828 2142 2879 Θεός,
2168 2827 2238 2866 ἀπὸ

1188 2901 1248 2936 τοῦ
1267 2897 1349 2935 θεῖν·
1366 2894 1435 2932 τινε
1440 2910 1454 2938 ς
1475 2893 1510 2931 δὲ
1528 2891 1597 2930 ἀπο
1616 2907 1675 2929 του
1698 2889 1806 2928 αἴτιον
1828 2892 1915 2926 εἶναι
1937 2892 1998 2927 τοῦ
2020 2891 2160 2926 θεᾶσθαι
2178 2887 2235 2925 διὰ

1187 2956 1249 3004 τὴν
1267 2955 1376 3007 αὐγὴν
1395 2957 1456 2992 τοῦ
1473 2952 1572 2999 ἡλίου
1592 2950 1652 2989 καὶ
1665 2966 1726 2996 της
1746 2947 1906 2995 σελήνης.

1240 3017 1346 3053 Idem
1364 3016 1435 3051 An.
1467 3014 1539 3050 Ox.
1567 3013 1606 3056 Ι,
1634 3009 1777 3060 Ρ.48,
1802 3008 1847 3045 18
1866 3008 2054 3058 (Epimer.
2075 3007 2182 3043 Hom.
2192 3005 2232 3056 ):

1188 3074 1387 3122 Ἀνέμοιο
1408 3072 1477 3122 (11.
1496 3072 1535 3117 ζ,
1559 3070 1673 3118 346)·
1692 3066 1802 3117 ὄνομα
1816 3064 2069 3118 προσηγορικὸν
2087 3063 2155 3101 ἀπὸ
2177 3062 2233 3115 ῥή-

1188 3148 1309 3184 ματος.
1324 3128 1579 3181 Ἀπολλόδωρος
1592 3125 1689 3179 παρὰ
1700 3126 1739 3164 τὸ
1750 3124 1877 3164 ἀνύειν·
1891 3127 1909 3163 6
1923 3123 1958 3162 δὲ
1975 3122 2122 3170 ποιητὴς
2136 3120 2233 3174 παρὰ

1185 3192 1224 3230 τὸ
1246 3193 1330 3228 ἀεῖν.

1239 3251 1344 3287 Idem
1368 3249 1541 3296 ib.1‚.p
1570 3250 1669 3292 420,
1697 3245 1747 3281 8:
1768 3240 1967 3292 Ὑπόδρα
1998 3240 2060 3289 (Il.
2081 3252 2114 3284 α,
2137 3235 2230 3286 143)

1186 3308 1364 3360 ἐπίρρημα
1391 3305 1494 3344 πόθεν
1526 3303 1677 3356 γίνεται;
1707 3302 1751 3341 Ὁ
1786 3299 1847 3351 μὲν
1884 3296 2138 3346 Ἀπολλόδωρος
2170 3292 2231 3330 δύο

1184 3367 1278 3418 λέγει
1297 3364 1531 3418 παραγωγὰς,
1562 3366 1580 3401 6
1599 3362 1635 3400 δὲ
1667 3358 1881 3413 Ἡρωδιανὸς
1901 3372 1940 3407 μ’.
1932 3371 1983 3393 ,αν
2010 3353 2079 3391 ἀπὸ
2113 3365 2231 3401 παρα-

79 3438 226 3491 φησίν).
242 3438 443 3475 Tzctzesin
454 3438 566 3484 Exeg.
584 3433 696 3470 Iliad.
711 3445 753 3482 p.
776 3431 846 3480 18,
864 3429 908 3467 15
920 3438 1039 3479 ,.etp
1058 3442 1122 3476 21,
1189 3425 1347 3477 κειμένου
1363 3423 1421 3463 ούτ
1425 3439 1480 3467 ως·
1497 3422 1614 3474 ὥσπερ
1631 3420 1699 3459 ἀπὸ
1714 3422 1772 3457 τοῦ
1793 3418 1913 3470 ἠρεμω
1938 3413 2067 3465 γίνεται
2089 3409 2228 3461 ἠρέμα,
