2372 3704
682 242 934 282 DEMETRH
964 240 1247 281 ERYTHRAEI
1290 238 1625 279 FRAGMENTA.

2160 246 2232 280 381

86 328 255 382 ,ρόμενος
275 328 342 365 τῶν
363 341 400 364 τε
423 324 589 377 Λιχάδων
610 323 724 370 νήσων
745 324 803 361 καὶ
831 326 888 361 τοῦ
908 322 1066 370 Κηναίου
1087 321 1131 360 τὰ
1195 325 1372 359 Nostrum
1397 324 1603 371 pertinent.
1633 323 1723 370 Quae
1744 335 1834 358 vero
1862 324 1948 371 sint,
1974 325 2059 360 sciri
2082 326 2239 360 omnino

87 386 203 427 πολλὰ
233 384 426 424 autumat
457 399 562 437 φησι,
590 382 634 421 τά
663 399 699 421 τε
719 382 831 435 θερμὰ
863 382 907 420 τὰ
928 384 962 420 ἐν
983 382 1132 434 Αἰδηψῷ

87 445 148 484 καὶ
169 443 421 496 Θερμοπύλαις
440 442 498 481 ἐπὶ
515 447 606 494 τρεῖς
629 441 764 494 ἡμέρας
784 440 1010 494 ἐπισχεθέντα
1027 440 1132 478 πάλιν

88 507 232 558 ῥυῆναι,
251 502 295 540 τὰ
313 501 342 540 δ’
362 504 397 541 ἐν
417 503 566 554 Αἰδηψῷ
586 500 646 539 καὶ
665 501 742 539 καθ’
760 499 879 553 ἑτέρας
895 501 1134 552 ἀναρραγῆναι

86 561 202 614 πηγάς
211 578 220 586 ·
234 561 360 613 Ὠρεοῦ
376 559 412 599 δὲ
423 561 462 599 τὸ
475 560 560 614 πρὸς
574 561 730 610 θαλάττῃ
742 561 854 611 τεῖχος
866 558 925 596 καὶ
936 561 1003 595 τῶν
1017 559 1133 595 οἰκιῶν

87 621 167 674 περὶ
186 619 396 664 ἑπτακοσίας
410 620 619 670 συμπεσεῖν,
647 618 790 670 Ἔχίνου
810 633 848 656 τε
870 616 930 655 καὶ
953 615 1134 668 Φαλάρων

87 678 149 718 καὶ
180 678 394 731 Ἡρακλείας
420 681 481 723 τ’ἧς
505 680 698 730 Τραχῖνος,
724 679 791 715 τῶν
816 675 879 727 μὲν
912 675 1002 714 πολὺ
1034 674 1135 727 μέρος

87 743 220 785 πεσεῖν,
239 736 419 789 Φαλάρων
450 736 487 775 δὲ
511 736 572 775 καὶ
591 737 626 781 ἐξ
643 736 787 789 ἐδάφους
812 737 1079 787 ἀναστραφῆναι
1097 733 1135 772 τὸ

87 796 236 847 κτίσμα.
260 795 504 849 Παραπλήσια
525 794 561 834 δὲ
582 795 761 846 συμὸἧναι
777 794 837 832 καὶ
867 796 1044 844 Ααμιεῦσι
1074 791 1135 830 καὶ

88 854 310 908 Λαρισαίοις·
328 853 387 893 καὶ
408 854 609 907 Σκάρφειαν
640 854 671 892 δ’
693 855 731 891 ἐκ
749 852 917 904 θεμελίων
938 854 1135 904 ἀναρριφῆ-

89 930 169 962 ναι,
192 914 253 952 καὶ
284 913 477 951 καταδῦναι
499 912 647 962 σώματα
672 911 796 965 χιλίων
825 911 885 950 καὶ
918 910 1135 949 ἑπτακοσίων

89 975 152 1012 οὐκ
173 973 327 1019 ἐλάττω,
348 971 514 1024 Θρονίους
531 972 560 1010 δ’
580 971 666 1024 ὑπὲρ
684 971 793 1021 ἥμισυ
820 971 964 1009 τούτων·
984 970 1081 1021 κῦμά
1099 986 1136 1008 τε

89 1031 228 1085 ἐξαρθὲν
255 1034 379 1084 τριχῆ,
405 1029 444 1068 τὸ
472 1030 535 1081 μὲν
561 1030 646 1082 πρὸς
664 1030 835 1083 Σκάρφην
866 1032 1048 1082 ἐνεχθῆναι
1077 1029 1136 1068 καὶ

89 1090 251 1143 Θρόνιον,
271 1090 310 1128 τὸ
326 1089 360 1127 δὲ
375 1089 461 1141 πρὸς
480 1088 735 1142 Θερμοπύλας,
757 1088 843 1126 ἄλλο
862 1087 896 1126 δὲ
909 1089 955 1131 εἷς
967 1087 1006 1125 τὸ
1020 1087 1136 1126 πεδίον

90 1148 153 1192 ἕως
172 1152 233 1187 τοῦ
254 1150 423 1188 Φωκικοῦ
437 1150 668 1200 Δαφνοῦντος.
694 1147 818 1198 Πηγάς
832 1162 869 1184 τε
883 1148 1054 1197 ποταμῶν
1076 1145 1134 1193 ξη-

91 1211 257 1262 ρανθῆναι
276 1207 360 1260 πρὸς
376 1206 510 1259 ἡμέρας
535 1206 649 1255 τινὰς,
672 1206 730 1244 τὸν
753 1206 788 1244 δὲ
809 1205 1004 1258 Σπερχειὸν
1023 1205 1136 1243 ἀλλά-

90 1266 146 1312 ξαι
166 1268 205 1306 τὸ
236 1270 366 1320 ῥεῖθρον
395 1266 456 1305 καὶ
473 1269 619 1313 ποιῆσαι
640 1265 783 1309 πλωτὰς
800 1264 862 1309 τὰς
880 1264 997 1311 ὁδοὺς,
1022 1264 1080 1302 τὸν
1102 1264 1137 1302 δὲ

91 1325 263 1379 Βοάγριον
280 1328 361 1364 κατ’
378 1325 486 1372 ἄλλης
506 1324 893 1377 ἐνεχθῆναιφάραγγος,
912 1324 972 1362 καὶ
988 1323 1138 1371 Ἀλόπης

94 1384 130 1423 δὲ
161 1385 223 1423 καὶ
259 1384 375 1424 Κύνου
407 1384 467 1423 καὶ
504 1383 697 1426 Ὀποῦντος
726 1382 842 1421 πολλὰ
866 1382 1137 1429 καταὸλαὸἧναι

93 1443 185 1498 μέρη
199 1474 209 1493 ,
228 1438 313 1483 Οἷον
332 1443 368 1482 δὲ
388 1443 427 1482 τὸ
447 1442 691 1495 ὑπερκείμενον
714 1442 874 1494 φρούριον
895 1447 964 1479 πᾶν
982 1443 1136 1493 ἀνατρα-

91 1506 218 1551 πῆναι,
238 1502 426 1545 Ἐλατείας
447 1500 483 1540 δὲ
499 1505 559 1540 τοῦ
577 1501 712 1552 τείχους
733 1503 998 1552 καταρραγῆναι
1020 1501 1136 1552 μέρος,

90 1561 170 1614 περὶ
188 1560 224 1599 δὲ
245 1559 426 1600 Ἀλπωνον
447 1558 685 1613 θεσμοφορίων
706 1557 813 1596 ὄντων
830 1558 934 1596 πέντε
948 1559 1009 1596 καὶ
1029 1557 1138 1596 εἴκοσι

90 1620 279 1674 παρθένους
307 1618 575 1671 ἀναδραμούσας
599 1619 647 1661 εἷς
675 1616 808 1670 πύργον
837 1619 905 1655 τῶν
931 1617 1137 1668 ἐλλιμενίων

91 1678 182 1719 κατὰ
196 1678 296 1726 θέαν,
321 1677 485 1721 πεσόντος
507 1680 566 1715 τοῦ
582 1676 736 1727 πύργου,
754 1678 873 1714 πεσεῖν
892 1675 952 1713 καὶ
972 1675 1079 1719 αὐτὰς
1093 1677 1139 1719 εἷς

93 1736 154 1784 τὴν
174 1737 366 1776 θάλατταν.
385 1734 536 1785 Λέγουσι
552 1734 588 1772 δὲ
604 1734 665 1773 καὶ
678 1737 738 1781 τῆς
753 1733 966 1782 Ἀταλάντης
976 1737 1038 1782 τῆς
1055 1733 1140 1787 πρὸς

91 1795 228 1850 Εὖὸοίᾳ
246 1795 291 1834 τὰ
319 1794 410 1846 μέσα
422 1824 433 1845 ,
454 1794 634 1847 ρήγματος
653 1792 863 1845 γενομένου,
898 1792 1065 1832 διάπλουν
1083 1793 1140 1832 δέ·

93 1855 234 1903 ξασθαι,
255 1853 383 1906 μεταξὺ
401 1856 461 1892 καὶ
484 1856 553 1891 τῶν
579 1851 707 1891 πεδίων
725 1852 798 1891 ἔνια
823 1852 883 1891 καὶ
903 1853 1010 1905 μέχρι
1030 1852 1139 1891 εἴκοσι

92 1914 241 1954 σταδίων
265 1914 540 1962 ἐπικλυσθῆναι,
571 1911 632 1950 καὶ
662 1911 787 1964 τριήρη
807 1911 884 1949 τινὰ
902 1913 941 1950 ἐκ
965 1914 1034 1950 τῶν
1051 1927 1138 1950 νεω-

93 1974 174 2028 ρίων
195 1973 427 2026 ἐξαιρεθεῖσαν
442 1974 648 2024 ὑπερπεσεῖν
665 1974 726 2009 τοῦ
745 1970 895 2023 τείχους.

594 2062 631 2099 3.

145 2157 324 2205 Stephan.
342 2158 427 2204 Byz.
451 2169 460 2192 ε
477 2153 675 2205 Ἀντικύρα,
696 2152 812 2197 πόλεις
829 2152 889 2191 δύο
903 2155 946 2199 ·ἡ
963 2152 1026 2202 μία
1048 2155 1140 2192 Φω-

92 2214 202 2262 κίδος,
217 2216 263 2258 ὡς
282 2213 482 2267 Δημήτριος
500 2215 518 2251 ὃ
535 2211 799 2260 Καλλατιανὸς,
820 2214 842 2258 ἡ
861 2210 897 2250 δὲ
921 2212 957 2249 ἐν
978 2213 1140 2250 Μαλιεῦ-

94 2288 163 2320 σιν,
181 2275 228 2317 ὡς
244 2272 516 2325 Ἀπολλόδωρος.

145 2335 316 2370 Fortasse
345 2334 416 2369 alia
444 2332 630 2368 nonnulla
656 2344 811 2380 eorum,
839 2331 907 2367 ubi
925 2331 1141 2367 Demetrius

92 2394 171 2429 sine
198 2393 330 2442 patriae
360 2399 452 2428 nota
482 2391 585 2440 apud
611 2391 843 2439 Stephanum
873 2390 1063 2434 laudatur,
1093 2390 1143 2426 ad

92 2503 290 2543 temporibus
314 2511 370 2543 per
398 2502 554 2534 Graeciam
577 2502 679 2533 totam
702 2500 901 2540 acciderunt,
927 2509 1137 2540 enumerans,

93 2554 271 2586 Lichadum
289 2554 465 2585 insularum
481 2555 513 2585 et
525 2553 632 2585 Cenaei
647 2553 764 2584 multas
777 2553 882 2593 partes
896 2552 1057 2584 demersas
1071 2561 1142 2583 nar-

94 2608 164 2646 rat,
183 2608 215 2637 et
238 2606 378 2637 thermas
404 2614 477 2646 quae
504 2606 579 2636 sunt
594 2604 722 2645 :Edepsi
744 2606 842 2644 atque
855 2604 887 2635 in
906 2604 1142 2645 Thermopylis,

94 2666 151 2699 per
162 2657 307 2689 triduum
321 2659 471 2694 retentas,
487 2665 614 2687 rursum
628 2655 769 2695 fluxisse,
784 2656 826 2687 ita
840 2655 982 2696 quidem,
994 2658 1031 2688 ut
1046 2656 1143 2688 AEde-

94 2717 201 2749 psanae
213 2709 283 2740 aliis
299 2709 463 2748 eruperint
481 2707 631 2739 sontibus.
653 2708 693 2739 Et
710 2707 782 2739 Orei
801 2716 930 2739 murum
943 2708 1142 2739 maritimum

94 2762 127 2792 et
139 2760 252 2792 domos
264 2760 305 2792 ad
318 2760 533 2800 septingentas
557 2759 731 2799 corruisse;
749 2759 872 2799 Echini,
889 2759 1097 2792 Phalarorum
1111 2761 1144 2792 et

94 2812 258 2844 Heracleae
277 2811 455 2843 'trachiniae
474 2820 622 2851 magnam
644 2811 821 2843 concidisse
843 2812 988 2851 partem,
1009 2812 1144 2843 Phalara

95 2863 238 2895 funditus
263 2872 331 2895 esse
346 2872 467 2895 eversa.
492 2863 613 2895 Similia
638 2863 780 2894 evenisse
797 2863 1016 2895 Lamiensibus
1032 2866 1063 2895 et
1083 2866 1143 2895 La-

95 2914 212 2955 risaeis3
226 2916 259 2947 et
269 2915 456 2956 Scarphiam
473 2923 490 2946 e
505 2914 721 2946 fundamentis
735 2914 902 2947 subrutam
912 2939 920 2955 ‚
939 2916 970 2947 et
983 2915 1144 2947 demerso3

97 2965 242 2999 homines
257 2967 344 2999 mille
356 2967 561 3007 septingentis
578 2975 642 2998 non
656 2967 840 3007 pauciores,
858 2967 1073 2999 Throniorum
1093 2968 1142 2999 di·

97 3019 226 3051 midiam
244 3022 366 3061 partem
385 3020 502 3052 horum
522 3021 555 3052 et
577 3020 713 3060 amplius
730 3030 737 3051 :
757 3028 795 3051 ac
813 3020 949 3052 fluctum
969 3022 1144 3053 excitatum

96 3071 269 3112 trifariam,
285 3073 377 3113 cujus
393 3082 455 3105 una
472 3082 544 3113 pars
560 3073 598 3104 ad
614 3073 777 3114 Scarphen
792 3075 825 3105 et
837 3074 1012 3106 Thronium
1026 3075 1143 3114 delata,

97 3122 197 3155 altera
218 3124 259 3155 ad
282 3125 530 3165 Thermopylas,
554 3125 647 3157 tertia
670 3125 701 3156 in
726 3134 874 3165 campum
899 3135 1000 3167 usque
1023 3127 1062 3158 ad
1081 3129 1143 3158 Da-

99 3175 275 3215 phnuntem
297 3178 455 3210 Phocidis.
473 3180 590 3210 Fontes
605 3187 734 3218 quoque
756 3178 925 3210 fluminum
942 3188 998 3219 per
1023 3180 1146 3220 aliquot

99 3226 166 3259 dies
174 3227 268 3260 fuisse
281 3229 415 3261 siccatos
425 3241 434 3270 ;
446 3230 640 3270 Spercheum
652 3230 743 3261 alveo
758 3232 882 3262 mutato
894 3231 962 3262 vias
973 3231 1146 3263 reddidisse

101 3277 308 3321 navigabiles3
337 3282 504 3322 Boagrium
538 3290 593 3322 per
617 3282 714 3313 aliam
743 3281 921 3314 decurrisse
947 3283 1145 3323 convallem3

103 3329 231 3371 Alopoe,
245 3333 325 3373 Cyni
341 3335 373 3365 et
391 3335 529 3374 opuntis
542 3335 660 3366 multas
673 3335 779 3374 partes
792 3334 903 3366 laesas:
924 3337 1024 3367 OEum
1037 3337 1146 3367 autem

102 3382 286 3424 castellum,
300 3385 384 3426 quod
402 3394 497 3427 supra
519 3386 630 3418 urbem
647 3387 743 3418 situm
759 3387 837 3427 suit,
851 3388 957 3419 totum
979 3397 1124 3420 eversum
1137 3412 1146 3428 ,

103 3434 225 3473 partem
238 3437 321 3469 muri
338 3438 456 3470 Elateae
471 3438 647 3470 concidisse
670 3452 676 3470 :
693 3439 724 3471 et
738 3439 822 3479 apud
848 3440 1006 3480 Alponum
1018 3464 1027 3481 ,
1045 3450 1145 3481 quum

1195 382 1343 430 nequit.

1699 438 1735 476 4.

1251 506 1378 542 Schol.
1412 505 1602 542 Theocrit.
1618 505 1656 550 Ι,
1683 505 1732 547 64
1753 516 1761 542 :
1781 502 1980 554 Δημήτριος
2000 502 2036 541 δὲ
2056 506 2075 542 ὁ
2096 506 2241 543 Καλλα·

1195 562 1327 610 τιανὸς,
1364 566 1424 601 τοῦ
1457 562 1617 615 Βριάρεω
1630 592 1640 612 ,
1673 560 1745 605 ἑνὸς
1774 563 1843 600 τῶν
1880 561 2096 610 Κυκλώπων,
2115 565 2242 608 παῖδας

1197 619 1356 670 γενέσθαι
1388 621 1539 660 Σικανὸν
1570 621 1629 659 καὶ
1655 619 1799 668 Αἴτνην,
1827 621 1885 673 ἀφ’
1905 615 1946 667 ἧς
1967 619 2006 658 τὸ
2029 620 2138 670 ὄνομα
2158 624 2236 672 (sc.

1196 681 1315 716 AEtnae
1335 681 1500 731 monti).
1530 683 1706 718 Ceterum
1726 681 1853 717 nescio
1875 694 1923 717 an
1941 681 2020 717 haec
2039 684 2168 729 potius
2184 696 2256 719 re-

1197 739 1352 776 ferenda
1369 741 1443 776 sint
1459 740 1507 776 ad
1524 741 1825 777 Commentarios
1848 741 1888 776 in
1906 741 2170 786 Theocritum,
2189 742 2247 776 si—

1198 800 1276 834 cuti
1293 811 1337 835 ea
1366 812 1448 847 quae
1472 800 1651 849 leguntur
1669 789 1854 836 in⁸schol.
1880 799 1928 836 ad
1944 799 2002 838 Id.
2023 801 2114 845 VII,
2141 799 2208 836 151
2236 814 2245 837 z

1197 855 1255 893 τὸν
1279 856 1516 910 Πολύφαμον,
1537 856 1573 901 ὃς
1592 856 1697 910 ὤρεσι
1715 863 1799 900 νᾶας
1819 856 1980 895 ἔὸαλλεν.
2001 857 2016 909 ]
2038 856 2109 895 Τὸν
2130 858 2249 896 Πολύ-

1198 930 1312 968 φημον
1329 915 1387 954 τὸν
1413 916 1594 955 Κύκλωπα
1608 917 1721 967 λέγει,
1740 915 1775 960 ὃς
1792 915 1869 954 ἀντὶ
1882 916 1986 953 λίθων
2007 914 2071 969 ὅρη
2090 914 2248 964 ἔόαλλεν,

1198 971 1219 1019 ἢ
1237 972 1314 1016 τοὺς
1331 975 1365 1012 ἐν
1379 977 1450 1018 τοῖς
1466 974 1560 1028 ὄρεσι
1575 975 1689 1018 λίθους
1700 1006 1710 1023 ,
1730 977 1777 1018 ὥς
1790 974 1990 1028 Δημήτριός
2005 989 2102 1028 φησι.
2119 998 2169 1003 --
2186 977 2244 1015 Id.

1199 1033 1249 1068 ad
1262 1033 1318 1069 Id.
1339 1035 1383 1079 V,
1404 1035 1452 1071 83
1475 1048 1482 1071 :
1506 1033 1708 1086 Δημήτριος
1722 1032 1757 1071 δὲ
1775 1033 1947 1084 Κάρνειον
1967 1033 2025 1070 τὸν
2047 1031 2248 1070 Ἀπόλλωνα

1198 1091 1519 1143 προσαγορευθῆναί
1539 1108 1641 1143 φησιν
1661 1091 1729 1130 ἀπὸ
1747 1095 1806 1130 τοῦ
1835 1096 1982 1143 κρᾶναι,
2013 1089 2034 1128 ὅ
2051 1092 2124 1129 ’ἐστι
2149 1092 2249 1129 τελέ-

1200 1163 1272 1186 σαι.
1293 1149 1392 1195 Φησὶ
1411 1149 1501 1204 γὰρ,
1521 1154 1567 1195 ὡς
1587 1154 1604 1188 ὃ
1621 1150 1803 1194 Μενέλαος
1823 1148 2035 1202 στρατεύσας
2055 1151 2104 1194 εἰς
2119 1147 2249 1198 Ἴλιον,

1199 1206 1330 1254 ηὔξατο
1343 1212 1491 1258 τιμῆσαι
1514 1210 1616 1248 αὐτὸν
1630 1240 1639 1258 ,
1658 1209 1716 1247 ἐὰν
1732 1210 1873 1262 κραίνῃ.

1702 1274 1739 1314 5.

1253 1351 1408 1387 Lucian.
1424 1347 1595 1384 Macrob.
1616 1359 1650 1382 c.
1679 1358 1725 1381 10
1746 1345 1806 1394 (p.
1824 1347 1896 1388 641
1919 1345 2052 1384 Didot.
2071 1345 2082 1395 )
2102 1357 2111 1383 ξ
2129 1342 2250 1396 Ἱέρων

1200 1422 1238 1444 τε
1255 1409 1272 1444 ὃ
1293 1404 1520 1458 Συρακοσίων
1535 1402 1699 1456 τύραννος
1716 1402 1776 1440 δύο
1789 1402 1848 1440 καὶ
1869 1402 2074 1445 ἐνενήκοντα
2092 1403 2178 1440 ἐτῶν
2192 1417 2250 1452 γε-

1202 1465 1344 1515 νόμενος
1359 1463 1523 1502 ἐτελεύτα
1542 1464 1665 1508 νοσῶν,
1686 1460 1896 1513 βασιλεύσας
1913 1461 2157 1510 ἑὸδομήκοντα
2175 1461 2251 1509 ἔτη,
2272 1492 2275 1493 ⁷

1204 1521 1324 1575 ὥσπερ
1341 1521 1541 1573 Δημήτριός
1568 1536 1605 1558 τε
1630 1522 1648 1558 ὁ
1668 1518 1911 1563 Καλλατιανὸς
1931 1519 1990 1558 καὶ
2012 1519 2112 1558 ἄλλοι
2129 1518 2249 1571 λέγου·

1204 1598 1268 1620 σιν.
1287 1584 1406 1620 Hiero
1425 1583 1590 1622 moritur
1604 1593 1639 1618 a.
1662 1581 1738 1617 216
1757 1593 1791 1619 a.
1812 1581 1851 1617 C.

1618 1677 1832 1692 “ouo—-

1250 1761 1674 1842 DEMETRIUS
1713 1760 2196 1818 ERYTHRAEUS.

1256 1870 1446 1918 Diogenes
1459 1870 1504 1904 L.
1521 1869 1567 1912 V,
1584 1865 1646 1913 85,
1661 1867 1875 1903 Demetrios
1889 1872 2227 1915 poetasrecensens
2242 1878 2251 1904 ε

1203 1920 1351 1967 Ἕκτος,
1391 1919 1614 1972 Ἐρυθραῖος,
1649 1918 1918 1970 ποικιλογράφος
1953 1916 2146 1969 ἄνθρωπος·
2188 1917 2247 1956 καὶ

1203 1978 1407 2030 ἱστορικὰ
1424 1978 1483 2017 καὶ
1505 1977 1672 2031 ῥητορικὰ
1691 1977 1862 2022 πεποίηκε
1884 1975 2017 2028 βιὸλία.

1258 2040 1418 2075 AEtatem
1445 2039 1610 2074 hominis
1631 2037 1772 2073 indicat
1799 2036 1932 2072 Suidas
1961 2048 1969 2074 :
1991 2034 2244 2087 Τυραννίων...

1206 2095 1422 2146 Ἀμισηνός..
1451 2094 1601 2146 γεγονὼς
1630 2094 1687 2133 ἐπὶ
1707 2092 1897 2143 Πομπηίου
1915 2097 1974 2132 τοῦ
1998 2094 2166 2144 Μεγάλου
2194 2094 2255 2131 καὶ

1207 2155 1420 2207 πρότερον...
1457 2154 1747 2206 ἀντεσοφίστευσε
1774 2151 1808 2190 δὲ
1840 2152 2034 2205 Δημητρίῳ
2065 2155 2115 2206 τῷ
2145 2152 2255 2205 Ἐρυ-

1202 2212 1324 2265 θραίῳ.
1339 2235 1392 2242 -
1405 2215 1532 2250 Alium
1546 2214 1782 2250 Demetrium
1803 2213 2043 2260 Erythraeum
2062 2220 2250 2248 memorat

1202 2274 1312 2322 Diog.
1333 2275 1374 2309 L.
1392 2273 1419 2308 l.
1448 2274 1475 2310 l.
1499 2273 1545 2316 84
1571 2285 1580 2310 t
1607 2270 1812 2313 Δωδέκατος
1843 2274 1851 2320 (
1871 2269 2113 2322 Δημήτριος),
2135 2286 2252 2322 γραμ-

1206 2330 1369 2382 ματικὸς,
1387 2330 1591 2380 Ἐρυθραῖος
1605 2360 1615 2379 ,
1631 2329 1943 2380 πολιτογραφηθεὶς
1963 2331 1996 2366 ἐν
2015 2328 2165 2382 Τήμνῳ.

1255 2391 1542 2427 DEMETRIUS
1579 2390 1787 2426 ILIENSIS
1820 2397 2014 2437 tamquam
2048 2388 2256 2439 Τρωικῶν

1204 2500 1453 2540 Thesmophoria
1463 2501 1644 2540 agerentur,
1657 2500 1768 2539 viginti
1782 2500 1924 2540 quinque
1939 2499 2075 2539 virgines
2092 2499 2124 2530 in
2140 2500 2256 2531 turrim

1204 2551 1237 2583 in
1252 2553 1347 2592 portu
1361 2552 1454 2583 sitam
1474 2551 1637 2592 spectandi
1653 2560 1749 2583 causa
1762 2551 1937 2583 accurrisse
1950 2560 1987 2582 ac
2011 2552 2101 2582 ruina
2114 2550 2212 2584 turris
2226 2551 2257 2582 in

1204 2612 1293 2635 mare
1316 2603 1482 2636 decidisse.
1508 2605 1631 2636 Ferunt
1652 2605 1685 2635 et
1707 2594 1903 2642 Atalantam,
1924 2612 1996 2642 quae
2011 2605 2060 2634 est
2084 2603 2178 2642 Juxta
2200 2605 2257 2634 Eu-

1205 2654 1328 2693 hoeam,
1353 2656 1489 2695 ruptura
1507 2655 1671 2686 accidente
1692 2654 1830 2686 mediam
1850 2655 1987 2685 navibus
2008 2655 2149 2694 perviam
2171 2655 2257 2687 reda-

1205 2709 1308 2748 ctam,
1321 2716 1451 2748 campos
1461 2708 1558 2740 etiam
1573 2707 1728 2748 quosdam
1745 2707 1784 2739 ad
1803 2707 1913 2746 viginti
1930 2707 2031 2738 stadia
2050 2716 2150 2748 usque
2168 2708 2259 2739 inun-

1205 2758 1314 2799 datos,
1331 2761 1363 2790 et
1373 2760 1536 2792 triremem
1547 2759 1710 2800 quandam
1725 2767 1743 2790 e
1758 2758 1867 2790 navali
1885 2759 2024 2790 ablatam
2039 2767 2135 2799 supra
2148 2768 2259 2791 muros

1206 2810 1369 2842 decidisse.

1718 2861 1752 2892 3.

1248 2916 1398 2955 Anticyra
1420 2915 1520 2946 altera
1539 2916 1586 2946 est
1602 2914 1751 2946 Phocidis
1768 2914 1844 2946 urbs
1856 2939 1866 2954 ,
1893 2917 1930 2947 ut
1958 2915 2139 2946 Demetrius
2155 2914 2258 2946 Calla-

1206 2967 1311 2999 tianus
1326 2968 1388 3007 ait,
1406 2968 1506 2999 altera
1529 2968 1614 3008 apud
1632 2968 1798 3000 Malienses
1817 2969 1882 3008 est,
1908 2970 1945 3000 ut
1973 2969 2187 3009 Apollodorus
2208 2968 2257 2999 te·

1206 3020 1319 3051 statur.

1715 3071 1749 3103 4.

1248 3124 1431 3156 Demetrius
1446 3124 1641 3157 Callatianus
1657 3125 1795 3165 Briarei,
1817 3125 1911 3157 unius
1926 3134 1966 3157 ex
1984 3124 2192 3165 Cyclopibus,
2218 3124 2257 3155 li-

1207 3175 1299 3207 beros
1319 3184 1386 3207 esse
1405 3176 1450 3207 ait
1469 3176 1619 3208 Sicanum
1633 3178 1665 3209 et
1681 3178 1809 3209 AEtnam
1820 3201 1829 3217 ,
1850 3177 1890 3209 de
1909 3185 1974 3217 qua
1987 3178 2081 3208 AEtna
2098 3184 2189 3207 mons
2201 3183 2256 3207 vo·

1208 3228 1299 3258 catus
1317 3229 1376 3258 est.

1715 3286 1750 3318 5.

1250 3338 1347 3369 Hiero
1375 3341 1606 3385 Syracusarum
1631 3341 1785 3381 tyrannus
1809 3340 1875 3372 duo
1898 3341 1929 3371 et
1957 3339 2128 3378 nonaginta
2156 3344 2257 3368 annos

1209 3393 1304 3422 natus
1324 3391 1436 3424 morbo
1453 3392 1551 3424 vitam
1564 3393 1685 3434 finivit,
1698 3395 1734 3425 ut
1751 3393 1931 3426 Demetrius
1948 3391 2143 3424 Callatianus
2156 3390 2187 3421 et
2202 3388 2255 3420 alii

1209 3443 1350 3477 tradunt.
