2326 3724
950 191 1287 232 FRAGMENTA.

52 269 152 324 εὑρὼν
182 269 261 322 περὶ
293 271 405 316 Τῆνον
435 269 648 323 τὴν-νῆσον,
677 270 699 316 ἣ
727 270 936 322 παράκειται
964 272 1091 324 Δήλῳ,

0 376 3 382 Ι
45 328 165 375 ἐπειδὴ
180 327 361 381 Ἡρακλῆς
375 328 603 379 ἐμνησικάκει
615 331 664 381 τῷ
680 329 818 382 Βορέα..
829 360 837 368 .
853 331 1089 380 Αἷνησίδημος

0 401 2 426 ὲ
44 389 80 427 δὲ
97 390 132 427 ἐν
148 391 338 436 Τηνιακοῖς
362 390 438 436 (sic
457 390 542 426 cod,
562 391 668 434 Par.;
685 391 800 438 vulgo
823 403 831 425 :
853 388 1090 439 Αἷνησίδαμος

0 454 3 493 ξ
49 447 85 486 δὲ
105 449 140 486 ἐν
165 449 390 499 Ταινιακοῖς)
407 476 416 494 ,
442 446 562 494 ἐπειδὴ
590 446 648 484 τὸν
683 446 863 499 Ἡρακλέα
895 446 1086 492 ξενίσαντες

0 538 6 555 ÷>
45 505 253 558 ἐνήδρευσαν
275 504 400 556 αὐτὸν,
417 509 580 558 φονεῦσαι
599 504 816 557 βουλόμενοι.
850 507 908 545 Cf.
938 509 1079 556 Hygin.

0 563 4 590 i
42 565 212 611 fab.14,
231 567 337 602 Poet.
356 573 443 602 astr.
468 571 540 615 49,
556 567 687 604 Senec.
708 567 808 603 Med.
828 567 919 609 634.
940 569 996 603 De
1014 569 1088 604 He·

0 613 11 666 {⁸
39 624 292 660 raclidarum'
282 638 321 659 in
334 626 458 660 Teno'
450 637 519 660 ms.
540 625 641 660 tribu
651 625 740 661 vide
755 627 902 661 Miiller
925 627 1010 664 Dor.
1026 628 1086 672 ΙΙ,

39 695 81 732 Ρ.
95 696 150 735 77
175 696 230 732 sq.
255 684 362 720 Alius
388 683 646 719 AEnesidemus
674 692 729 719 est
758 685 933 720 Cnossius
962 685 1087 733 philo-

0 739 4 777 }
39 732 180 790 sophus
194 743 399 791 scepticus‚
422 743 488 791 qui
506 744 662 791 Augusti
683 750 788 779 aetate
802 744 907 780 vixit.
930 745 974 779 V.
992 746 1084 780 Exc.

39 801 79 836 in
95 800 204 838 Phot.
221 801 318 836 Bibl.
337 801 425 838 cod.
447 813 544 846 ²123
563 802 642 839 Cic.
657 803 712 838 De
733 809 830 837 orat.
847 804 925 846 ΙΙΙ,
953 815 1012 848 17,
1031 805 1088 839 De

0 855 6 891 ’ἕ
38 857 104 897 fin.
123 860 181 905 ΙΙ,
204 872 244 895 11
261 873 270 905 ;
287 861 387 897 Sext.
410 861 552 908 Empir.
570 860 666 896 Adv.
685 862 802 898 math.
822 863 932 907 VIII,
952 861 994 907 83
1015 863 1086 897 Eu-

0 919 3 948 ?
39 917 165 954 sebius
185 917 228 954 P.
249 919 292 957 E.
315 917 429 964 XIV,
450 918 510 955 18.

443 1063 659 1078 —-⁴m›—

209 1156 578 1214 AETHLIUS
618 1156 905 1214 SAMIUS.

0 1324 2 1326 .
89 1280 432 1329 Scripsit-Aethlius
452 1279 615 1316 dialecto
635 1280 761 1315 ionica
782 1278 795 1329 (
809 1279 855 1318 fr.
877 1284 897 1323 4
911 1279 940 1328 ).
959 1282 1084 1327 Quare

0 1379 7 1386 ,.
36 1340 290 1388 probabiliter
313 1339 592 1386 antiquioribus
617 1338 808 1374 historicis
829 1340 1083 1375 accensendus

0 1412 5 1424 ²
34 1406 100 1435 est.
117 1400 167 1435 At
180 1397 503 1446 quemadmodum
517 1409 560 1433 ea
577 1409 659 1444 quae
675 1398 839 1432 Hecataei
853 1423 863 1442 ,
880 1398 1082 1444 Hellanici‚

0 1453 2 1492 ᾗ
34 1458 200 1494 Acusilai
218 1457 437 1492 nominibus
464 1456 679 1504 posteriore
698 1463 806 1491 aetate
833 1456 1080 1492 circumfere-

0 1535 2 1537 ·
33 1515 186 1561 bantur,
206 1522 271 1551 aut
291 1522 371 1550 tota
390 1522 456 1550 aut
475 1527 520 1550 ex
538 1521 648 1563 parte
667 1515 795 1562 spuria
814 1521 851 1549 et
870 1514 1083 1551 adulterata

0 1563 2 1621 .
33 1585 111 1610 esse
124 1575 246 1610 critici
259 1574 486 1618 statuebant,
500 1574 551 1608 sic
566 1574 680 1609 etiam
694 1573 833 1608 Aethlii
845 1569 954 1623 ὥρους
971 1575 1082 1610 Athe-

0 1668 2 1670 ,
33 1645 132 1668 naeus
149 1631 219 1683 (fr.
241 1632 288 1682 3)
311 1632 520 1668 introducit
542 1631 668 1667 verbis
695 1643 703 1668 :
725 1631 755 1667 εἰ
782 1629 909 1681 γνήσια
929 1630 973 1668 τὰ
993 1646 1079 1681 συγ-

0 1678 6 1745 f
33 1689 241 1741 γράμματα.

365 1787 497 1827 ὩΡΟῙ
528 1787 744 1827 ΣΑΜΙΩΝ.

538 1911 571 1933 1.

85 1997 252 2034 Clemens
272 1995 377 2031 Alex.
404 1996 527 2030 Protr.
561 2006 594 2031 c.
630 1998 668 2038 4,
699 2007 739 2042 Ρ.
771 1994 814 2030 13
844 1995 948 2043 Sylb.
980 1993 1074 2032 t'Ev

31 2053 159 2106 Ἰκάρῳ
174 2056 235 2099 τῆς
251 2050 447 2104 Ἀρτέμιδος
468 2051 508 2090 τὸ
526 2050 670 2101 ἄγαλμα
688 2050 786 2095 ξύλον
813 2045 855 2098 ἧν
885 2053 947 2089 οὐκ
964 2053 1080 2104 εἴργα-

32 2112 175 2164 σμένον·
209 2111 270 2150 καὶ
297 2110 337 2149 τὸ
369 2113 431 2157 τῆς
465 2109 693 2162 Κιθαιρωνίας
724 2108 881 2162 ἽΙρας’
866 2126 900 2147 εν
937 2111 1078 2149 Θεσπία

31 2170 219 2224 πρέμνον’
204 2185 398 2219 εκκεκομμε
389 2168 475 2207 ’·νον
493 2167 554 2206 καὶ
572 2168 612 2206 τὸ
630 2171 691 2214 τῆς
709 2168 849 2218 Σαμίας
869 2167 986 2221 “Hpozg
999 2198 1008 2215 ‚
1030 2169 1075 2212 ὥς

32 2246 138 2285 φησιν
167 2229 333 2276 Ἀέθλιος,
365 2227 535 2280 πρότερον
566 2243 608 2276 με
611 2243 627 2264 ν
658 2230 699 2273 ἠν
730 2226 845 2274 σανὶς,
873 2227 1014 2280 ὕστερον
1042 2227 1077 2266 δὲ

32 2289 90 2327 ἐπὶ
107 2286 340 2341 mouit-{002⁹
317 2301 484 2340 αρχοντος
498 2285 749 2338 ἄνδριαντοειδὲ
753 2302 767 2328 ς
786 2285 933 2337 ἐγένετο.
954 2291 1078 2324 Arno-

30 2349 115 2385 bius
133 2349 204 2393 VI,
227 2360 268 2396 p.
302 2346 374 2395 196
405 2345 490 2396 (ed.
511 2346 636 2394 Lugd.
668 2344 792 2394 1651)
822 2358 830 2380 ε
852 2347 927 2381 Pro
951 2347 1079 2382 Marte

30 2409 189 2443 Romani
222 2406 390 2449 hastam,
430 2406 464 2439 V
464 2408 609 2441 arronis
647 2413 689 2439 ut
720 2405 893 2439 indicant
926 2403 1067 2449 ffilusoe,

31 2473 148 2514 atque,
174 2464 394 2500 utAethh'us
408 2462 523 2514 (olim
541 2463 743 2506 Ethedius,
763 2463 867 2510 quod
883 2475 955 2500 em.
980 2463 1077 2499 Can-

16 2576 131 2608 “sulam
145 2576 321 2616 reperiens,
333 2584 406 2616 quae
419 2584 482 2607 non
497 2575 588 2613 longe
601 2583 619 2605 a
633 2574 713 2606 Delo
728 2573 836 2606 distat.
853 2573 977 2605 Etenim
995 2575 1075 2605 ller-

31 2627 120 2660 cules
135 2626 282 2667 injuriam
307 2636 326 2658 a
345 2628 445 2659 Borea
467 2627 588 2658 illatam
614 2634 651 2657 eo
667 2625 763 2656 modo
780 2625 868 2657 ultus
881 2626 939 2657 est.
957 2625 1077 2657 AEnesi-

30 2670 142 2711 demus
162 2687 238 2710 vero
257 2678 288 2709 in
312 2678 392 2710 Teni
417 2678 528 2709 insulae
546 2677 675 2708 historia
701 2678 867 2717 propterea
894 2677 1078 2708 interfectos

30 2731 123 2772 dicit,
141 2731 227 2772 quod
253 2732 422 2763 Herculem
447 2730 583 2770 hospitio
605 2730 646 2762 ab
669 2730 744 2770 ipsis
762 2731 932 2770 exceptum
959 2729 1075 2762 interfi-

29 2791 101 2817 cere
111 2793 152 2817 ex
163 2784 283 2816 insidiis
292 2785 457 2816 tentarint.

277 2856 555 2896 SAMIORUM
573 2856 820 2895 ANNALES.

538 2929 554 2960 1
564 2952 573 2961 .

71 2982 186 3015 Samiae
198 2982 335 3015 sunonis
356 2982 582 3022 simulacrum,
601 2982 727 3014 Aethlio
752 2982 853 3021 teste,
872 2980 965 3022 prius
987 2981 1076 3013 trabs

31 3032 131 3074 lignea
143 3037 230 3075 erat,
243 3036 353 3075 postea
365 3036 473 3067 autem
490 3034 550 3067 sub
565 3034 674 3066 Procle
690 3034 842 3066 archonte
855 3035 970 3065 statuae
986 3034 1074 3066 simi-

31 3083 194 3118 litudinem
210 3087 344 3127 accepit.
528 3131 550 3162 2

70 3183 200 3217 Athenis
222 3186 374 3225 perpetuo
399 3194 494 3217 omne
519 3193 618 3225 genus
645 3183 880 3215 autumnalium
910 3184 1073 3215 fructuum

28 3240 144 3278 praesto
167 3238 279 3277 fuisse,
296 3238 385 3270 testis
404 3240 451 3270 est
472 3238 698 3278 Aristophanes
713 3238 745 3268 in
763 3238 866 3268 Horis.
882 3237 965 3274 Quid
981 3237 1074 3276 igitur

18 3290 145 3329 ¹“practer
155 3290 336 3330 opinionem
350 3290 475 3322 tradere
495 3290 642 3321 videatur
655 3289 800 3320 Aethh'us
814 3289 949 3328 Samius,
962 3289 1074 3329 quinto

30 3340 200 3373 Annalium
212 3342 390 3373 Samiorum
402 3341 510 3373 dicens
523 3352 530 3372 :
544 3354 558 3368 «ι
573 3341 666 3373 Ficus
676 3341 708 3371 et
721 3349 784 3372 uva
797 3342 829 3372 et
842 3341 1030 3373 homomelis
1042 3342 1074 3373 et

28 3391 113 3424 mala
126 3394 158 3425 et
171 3402 249 3426 rosae
268 3394 316 3426 bis
341 3394 510 3434 quotannis
523 3394 745 3434 gignebantur.
765 3406 780 3421 ν

2120 216 2193 250 287

1160 275 1279 324 telus)
1300 285 1498 321 memorat,
1519 285 1608 313 ante
1627 291 1729 314 usum
1755 281 2066 331 disciplinamque
2080 285 2198 333 ficto-

1154 346 1234 368 rum
1246 335 2026 392 ‚'pluteum§amiiprolunone(coluere).
2043 342 2099 380 Cf
2117 343 2199 380 Cal-

1155 391 1340 428 limachus
1352 404 1414 440 ap.
1429 393 1566 430 Euseb.
1581 395 1623 431 P.
1641 395 1682 430 E.
1699 396 1776 439 111,
1790 395 1827 431 8.
1846 398 1992 435 Miiller.
2008 400 2195 436 Arclaoeol.

1153 448 1255 497 566.
1273 449 1444 486 Panofka
1462 452 1519 487 De
1534 451 1617 487 reb.
1637 452 1740 492 Sam.
1760 465 1801 501 p.
1827 451 1889 489 58.

1454 569 1485 604 Ε
1512 569 1663 605 LIBRO
1691 570 1895 616 QUINTO.

1659 695 1695 721 2.

1202 784 1402 820 Athenaeus
1420 785 1522 830 XIV,
1544 799 1585 834 p.
1609 785 1710 831 653,
1729 788 1786 825 F:
1807 785 1945 826 ‘'01283
1930 788 2078 831 εένταῗς
2096 788 2198 836 Ἀθή-

1150 856 1223 883 ναις
1251 842 1417 888 διηνεκεῖς
1449 837 1538 889 ἠσαν
1565 844 1602 880 αἱ
1623 845 1886 904 &typumi-&coti
1911 850 2080 898 μαρτυρεῖ
2106 847 2199 900 Ἀρι-

1149 899 1322 952 στοφάνης
1341 902 1376 938 ἐν
1395 900 1537 953 ’Ὠραιφ
1562 901 1610 940 'li
1639 905 1696 940 οὐν
1717 903 1910 953 παράδοξον
1939 906 2087 956 ἷστορειν
2107 907 2199 944 δοκεῖ

1148 956 1296 1002 Ἀέθλιος
1325 961 1343 996 ὁ
1373 959 1508 1009 Σάμιος
1532 961 1567 997 ἐν
1593 959 1746 1014 πέμπτῳ
1767 962 1914 1012 Σαμίων
1942 960 2067 1016 ”Ωρων
2088 964 2198 1016 λέγων

1148 1017 1296 1054 αΣῦκον
1316 1017 1375 1055 καὶ
1396 1016 1559 1070 σταφυλὴ
1578 1018 1638 1055 καὶ
1659 1019 1831 1069 ὁμομηλις
1850 1019 1909 1058 καὶ
1927 1023 2023 1072 μηλα
2041 1022 2100 1060 καὶ
2116 1023 2198 1076 ῥόδα

1148 1074 1198 1118 δὶς
1216 1079 1276 1113 τοῦ
1300 1076 1458 1114 ἐνιαυτοῦ
1479 1076 1670 1127 ἐγένετο.»

1201 1137 1289 1171 Haec
1316 1147 1362 1171 ex
1378 1136 1558 1172 Athenaeo
1574 1138 1713 1185 repetit
1737 1139 1905 1176 Eustath.
1925 1139 1973 1176 ad
1993 1140 2124 1189 Odyss.
2147 1139 2196 1187 η’,

1151 1204 1237 1230 120.
1263 1206 1303 1241 p.
1330 1193 1443 1240 1573.
1465 1196 1522 1231 De
1543 1207 1585 1231 re
1604 1195 1690 1232 vide
1710 1197 1880 1234 Panofka
1906 1199 1963 1234 De
1981 1199 2059 1234 reb.
2084 1199 2191 1236 Sam.

1144 1263 1184 1299 p.
1213 1251 1235 1286 6
1257 1264 1315 1300 sq.

1653 1336 1689 1372 3.

1197 1424 1304 1460 Idem
1317 1426 1423 1470 XIV,
1442 1438 1483 1474 p.
1504 1425 1580 1462 650
1600 1428 1634 1463 D
1655 1440 1663 1463 :
1680 1427 1728 1465 Αἱ
1747 1426 1777 1464 δ’
1792 1426 2014 1477 ἁμαμηλίδες
2031 1430 2092 1467 οὐκ
2110 1429 2194 1468 εἰσὶν

1144 1480 1262 1530 ἄπιοι,
1289 1480 1335 1524 ὥς
1354 1496 1443 1525 τινες
1468 1481 1619 1531 οἴονται,
1650 1485 1728 1523 ἀλλ’
1749 1484 1863 1536 ἕτερόν
1882 1501 1916 1523 τι
1933 1486 1994 1525 καὶ
2013 1486 2109 1534 ἥδιον
2137 1489 2196 1526 καὶ

1147 1539 1333 1591 ἅπύρηνον.
1355 1539 1600 1590 Ἀριστομένης
1620 1543 1654 1580 ε’ν
1671 1542 1830 1596 Διονύσῳ
1849 1544 1955 1596 φησίν
1971 1560 1980 1568 ·

1235 1599 1270 1628 Ὁ
1284 1599 1359 1634 Χῖος
1372 1598 1429 1629 οὐκ
1442 1598 1520 1630 οἷσθ’
1541 1602 1583 1636 ὡς
1595 1601 1794 1641 ἁμαμηλίδας
1807 1606 1906 1641 ποιεῖς

1141 1642 1228 1684 ‘'Ott
1252 1646 1283 1682 8'
1308 1644 1401 1682 ἐστὶν
1432 1645 1547 1697 ἕτερον
1574 1650 1636 1694 τῆς
1656 1647 1759 1686 ἀπίου
1779 1648 1839 1686 καὶ
1858 1650 1954 1696 ἥδιον
1982 1651 2196 1702 Αἰσχυλίδης

1142 1703 1358 1755 παρίστησιν
1382 1706 1416 1742 ἐν
1435 1704 1543 1757 τρίτῳ
1564 1707 1784 1758 Γεωργικῶν.
1810 1707 1899 1760 Περὶ
1930 1707 1981 1747 Κέ
1983 1724 2010 1746 ω
2027 1724 2106 1760 γουν
2134 1713 2196 1757 τῆς
2249 1729 2252 1732 >

1143 1762 1249 1809 νήσου
1270 1761 1381 1814 λέγων
1400 1762 1524 1815 γράφει
1551 1763 1682 1808 οὕτως·
1763 1765 1903 1810 Ἀπίους
1929 1769 1951 1813 ἡ
1979 1782 2081 1813 νησος
2100 1767 2193 1820 φέρει

1142 1819 1350 1872 κρατίστας,
1371 1820 1462 1858 κατὰ
1482 1820 1544 1864 τὰς
1572 1823 1606 1859 ἐν
1627 1821 1743 1861 Ἰωνία
1766 1823 1983 1874 καλουμένας
2006 1825 2192 1875 ἆμαμηλίτ

1142 1879 1218 1922 δας·
1246 1878 1311 1916 εἶσὶ
1330 1877 1397 1931 γὰρ
1417 1879 1588 1931 ἀπύρηνοί
1606 1897 1644 1919 τε
1668 1881 1728 1919 καὶ
1748 1883 1864 1927 ἡδεῖαι
1887 1898 1946 1920 και
1963 1884 2187 1934 γλυκεῖαι.»

1142 1936 1288 1980 Ἀέθλιος
1304 1937 1333 1974 δ’
1354 1939 1389 1975 ἐν
1406 1937 1558 1990 πέμπτῳ
1575 1938 1696 1990 τΏρων
1720 1938 1880 1987 Σαμίων,
1902 1941 1937 1977 εἷ
1959 1940 2118 1990 γνήσια
2139 1939 2190 1978 τὰ

1143 1995 1307 2048 συγγρά
1320 2011 1381 2045 μμ
1393 2011 1473 2033 ατα
1486 2025 1496 2043 ,
1514 1997 1730 2046 ὁμομηλίδας
1748 1996 1854 2040 αὐτὰς
1873 1998 1985 2037 καλεῖ.
2008 1998 2192 2051 Πάμφιλος

1140 2054 1169 2090 δ’
1192 2055 1225 2091 ἐν
1247 2054 1318 2097 τοῖς
1339 2054 1426 2106 Περὶ
1447 2055 1616 2103 γλωσσῶν
1636 2055 1695 2093 καὶ
1716 2055 1896 2106 ὀνομάτων
1910 2072 1917 2080 ·
1949 2075 1964 2091 «
1998 2056 2190 2108 Ἐπιμηλὶς

1142 2112 1291 2164 (φησὶν)
1313 2112 1416 2150 ἀπίου
1433 2112 1539 2163 γένος.
1559 2131 1574 2146 »

1646 2197 1684 2236 ι..

1191 2289 1316 2336 Etym.
1333 2289 1386 2324 M.
1405 2302 1443 2337 p.
1459 2289 1551 2334 601,
1570 2288 1617 2325 25
1634 2302 1642 2325 :
1659 2286 1795 2325 νένωτ
1807 2303 1828 2326 α
1841 2303 1900 2328 ι...
1914 2290 1931 2325 ὃ
1944 2287 2077 2332 Ἄθλιος
2093 2289 2186 2338 (scr.

1138 2344 1304 2396 Ἀέθλιος)
1324 2347 1356 2383 ἐν
1374 2347 1443 2389 τοῖς
1460 2345 1606 2397 Σαμίων
1622 2344 1748 2398 ΩὨροις
1763 2346 1874 2398 (ng.
1896 2345 2009 2398 ὅροις)
2022 2363 2029 2370 ·
2049 2365 2066 2381 α
2080 2346 2184 2386 Ἀλλὰ

1137 2402 1302 2447 λέξασθαι
1324 2403 1503 2444 νένωνται.
1529 2423 1544 2437 »ι

1192 2465 1248 2501 Ex
1257 2465 1406 2500 Aethlio
1417 2466 1477 2500 vel
1487 2465 1561 2500 alio
1572 2465 1785 2500 Samiorum
1794 2465 1993 2500 Annalium
2004 2466 2188 2514 scriptore

1645 2590 1679 2621 3.

1197 2647 1461 2680 Hamamelides
1489 2656 1553 2679 non
1570 2649 1645 2679 sunt
1670 2647 1789 2680 eaedem
1815 2657 1888 2680 cum
1911 2648 2007 2689 piris,
2022 2650 2059 2680 ut
2074 2650 2187 2688 putant

1134 2699 1298 2738 nonnulli3
1329 2699 1383 2730 sed
1402 2699 1564 2731 diversum
1589 2699 1742 2739 quiddam
1753 2723 1761 2738 ‚
1778 2702 1811 2732 ct
1832 2700 1980 2740 suavius,
2007 2702 2040 2732 et
2065 2701 2186 2741 absque

1135 2751 1264 2782 nucleis.
1280 2751 1494 2782 Aristomenes
1509 2751 1541 2782 in
1553 2751 1675 2782 Baccho
1694 2751 1759 2782 ait:

1176 2802 1294 2834 Chium
1315 2811 1356 2833 an
1370 2803 1472 2833 nescis
1486 2803 1723 2834 Hamamelidas
1734 2803 1861 2834 faeere?

1135 2858 1210 2886 Esse
1220 2857 1328 2887 autem
1343 2855 1504 2886 diversum
1517 2855 1656 2886 fructum
1668 2863 1686 2886 a
1700 2855 1781 2895 piro,
1796 2858 1827 2887 et
1840 2855 2021 2887 suaviorem
2031 2880 2040 2894 ,
2056 2856 2180 2896 AEschy-

1133 2906 1210 2938 lides
1223 2906 1316 2938 docet
1329 2906 1422 2937 terlio
1437 2906 1517 2937 libro
1530 2906 1756 2945 Georgicorum
1768 2917 1777 2943 ;
1793 2906 1845 2936 ubi
1861 2906 1901 2938 de
1914 2908 1978 2938 Ceo
1992 2906 2126 2946 loquens
2139 2907 2182 2938 ita

1132 2958 1242 2989 scribit
1261 2970 1267 2989 :
1289 2970 1303 2984 «
1320 2959 1394 2989 Fert
1408 2957 1558 2988 eainsula
1570 2957 1637 2996 pira
1651 2957 1929 2997 praestantissima;
1944 2967 2018 2998 quae
2028 2967 2102 2988 cuin
2117 2958 2179 2990 Ιια-

1132 3008 1388 3044 τηαφηεῑὶἀὶῦιιε,
1402 3017 1482 3048 quas
1491 3009 1609 3039 vocant
1619 3008 1651 3039 in
1664 3009 1761 3046 ionia,
1774 3009 1908 3040 conferri
1919 3009 2039 3049 possint
2050 3022 2056 3039 ι
2067 3009 2180 3040 nucleo

1133 3060 1217 3092 enim
1241 3062 1368 3099 carent,
1385 3061 1417 3091 et
1433 3061 1543 3091 suavia
1556 3061 1631 3091 sunt
1652 3061 1748 3100 atque
1763 3060 1880 3091 dulcia.
1902 3074 1917 3088 υ
1934 3061 2084 3096 ,Αθῐωίιιε
2105 3070 2179 3092 vero

1133 3112 1246 3152 quinto
1257 3112 1338 3142 libro
1354 3112 1523 3143 Annalium
1537 3112 1718 3143 Samiorum
1729 3135 1738 3150 ,
1753 3113 1778 3143 si
1795 3112 1922 3152 genuini
1934 3112 1978 3143 illi
1996 3112 2065 3142 libri
2082 3114 2175 3150 sunt,

1132 3164 1376 3196 homomelidas
1390 3164 1519 3195 easdem
1535 3166 1641 3196 vocat.
1661 3165 1845 3204 Pamphilus
1858 3173 1951 3203 vero,
1971 3165 2001 3195 in
2022 3164 2109 3195 libris
2132 3166 2178 3195 De

1131 3216 1240 3255 glossis
1255 3217 1286 3246 et
1299 3215 1483 3247 nominibus
1497 3225 1505 3247 t
1526 3228 1540 3240 ·
1556 3216 1742 3256 Epimelis,
1758 3216 1819 3254 ait,
1836 3216 1894 3256 piri
1908 3224 2017 3256 genus.
2036 3228 2051 3242 n

1634 3283 1669 3316 4.

1172 3342 1318 3374 Aethlius
1334 3343 1366 3374 in
1383 3342 1566 3375 Samiorum
1583 3342 1787 3375 Annalibus:
1811 3354 1825 3369 «
1848 3341 1939 3373 Ἀλλὰ
1962 3340 2100 3376 λέξασθαι
2123 3339 2172 3369 νέ-

1136 3405 1260 3425 νωνται.
1275 3393 1344 3426 Sed
1356 3394 1516 3434 colliyere
1530 3394 1603 3435 (vel
1617 3394 1771 3426 cubitum
1789 3393 1862 3431 ire)
1879 3391 2089 3423 statuerunt.
2112 3402 2127 3415 n
