2326 3724
93 227 170 260 218

91 307 356 359 ἀναγέγραπται
378 308 411 351 ἐς
427 305 467 345 τὸ
487 306 628 359 ἀκριὸὲς
645 306 757 345 ὁπόσα
777 306 938 360 Χοσρόης
963 307 1023 346 καὶ
1049 306 1136 360 πρέ-

91 366 186 409 σὸεις
213 365 402 416 Ῥωμαίων
421 365 481 404 καὶ
497 367 658 435 ..Περσῶν
679 365 797 411 ἔλεξάν
817 382 854 404 τε
881 366 940 404 καὶ
959 366 1132 413 ἥκουσαν,

91 425 207 467 αὐτοῖς
235 430 306 468 τοῖς
333 424 446 475 λόγοις
472 426 541 462 τῶν
575 420 815 476 φθεγξαμένων
845 425 1034 478 εἰρημένα,
1065 424 1134 462 εἴτε

89 482 182 520 κατὰ
205 483 356 521 θωπείαν
374 482 452 521 τινὰ
475 482 510 528 ἐξ
531 484 659 535 ἀμφοῖν
679 486 751 521 τοῖν
774 489 892 536 μεροῖν
919 483 1143 535 τυγχάνουσι·

88 541 279 592 λεγόμενα,
307 540 369 580 εἴτ’
402 557 461 580 ουν
487 542 852 595 κατασοὸαρευόμενοι
888 544 983 595 σφῶν
1013 541 1132 586 ἔλεξαν

89 598 178 637 ἄττα
199 600 222 646 ἢ
244 600 500 651 εἰρωνευόμενοι
517 599 540 647 ἢ
556 600 615 638 καὶ
632 601 900 646 ἐπιτωθάζοντες
921 599 944 648 ἢ
961 600 1022 639 καὶ
1040 604 1130 638 ἀπο-

89 658 348 711 φλαυρίζοντες·
375 659 435 698 καὶ
455 659 573 703 ἅπλῶς
596 658 660 697 ὅσα
681 661 760 707 ἐνῆν
781 659 842 698 καὶ
862 658 954 703 ὅπως
972 659 1052 712 περὶ
1074 659 1131 698 τό·

90 731 152 755 σου
182 717 386 769 πράγματος
414 717 676 768 διαλεγομένους
704 734 783 762 τους
808 717 1006 771 ἀμφοτέρας
1025 719 1130 758 πολι-

88 775 182 819 τείας
202 775 328 828 ἄνδρας
345 778 470 823 εἰπεῖν,
498 776 630 814 ἐνθένδε
657 776 879 816 ἀναλεκτέον.
901 778 1037 837 Τευχος
1063 776 1132 828 γὰρ

90 833 253 884 μέγιστον
283 834 376 873 ἐσότι
404 838 472 873 τῶν
491 836 634 873 τοιῶνδε
654 835 905 887 πεπλήρωται,
927 838 1048 885 οἶμαι,
1076 834 1133 879 ξυν

76 892 235 945 ἀληθεία
252 893 388 944 λόγων,
414 895 443 931 εἰ
462 892 510 943 μὴ
535 892 662 945 Πέτρῳ
681 892 918 945 κεκόμψευταί
939 909 972 930 τι
989 896 1052 939 τῆς
1071 895 1134 931 αι’)-

88 954 148 989 τοῦ
169 950 272 1004 χάριν
298 951 474 1002 εὐκλείας,
496 953 542 995 ὡς
563 950 603 989 ἂν
621 956 690 994 τοῖς
712 950 900 1000 μετέπειτα
918 951 1069 1002 δειχθείη
1089 954 1135 996 ὡς

90 1009 186 1057 μάλα
201 1009 368 1062 ἒμὸριθὴς
382 1010 441 1048 καὶ
455 1009 660 1053 ἀνάλωτος’
644 1025 679 1047 εν
694 1011 743 1047 τῶ
759 1009 955 1061 ῥητορεύειν
965 1025 1015 1062 τῳ
1029 1025 1134 1047 κατα-

89 1068 244 1116 μαλάξαι
261 1068 469 1128 φρονήματα
486 1067 684 1120 βαρὸαρικὰ
703 1068 838 1119 σκληρά
852 1083 889 1106 τε
906 1068 966 1106 καὶ
983 1068 1132 1120 ὀγκώδη.

87 1124 247 1164 Ἅπαντα
270 1126 311 1172 δὴ
328 1129 385 1164 οὖν
405 1128 438 1164 ἐν
459 1130 501 1178 τῇ
521 1126 644 1164 τούτου
663 1126 828 1179 βιὸλῳ<τ
830 1128 860 1178 ’)
880 1127 1135 1178 ἀναλεγόμενος

87 1187 246 1223 ὁστισουν
267 1187 422 1237 ευρησει·
447 1186 486 1222 οὐ
512 1183 580 1237 γὰρ
604 1185 683 1235 ἐμοί
701 1200 741 1235 γε
759 1188 915 1238 ὓπηρχεν
945 1187 1134 1237 ἀναγκαῖον

88 1243 166 1282 οὐδὲ
187 1244 301 1287 ἄλλως
322 1243 488 1296 ἁρμόδιον
511 1245 546 1281 ἓν
575 1243 752 1297 ξυγγραφῇ
778 1245 1023 1298 περιττολογίᾳ
1041 1248 1135 1298 χρῆ-

87 1306 167 1341 σθαι
186 1302 224 1340 τὸ
247 1304 316 1356 (τῷ
331 1306 391 1340 vel
404 1306 465 1341 τοῦ
485 1304 623 1354 Bekk.)
645 1303 697 1356 ἐφ’
717 1303 768 1341 ἑνὶ
788 1303 970 1357 κεφαλαίῳ
991 1306 1135 1356 ἐμφιλο-

86 1366 213 1413 χωρεῖν
224 1377 239 1395 ·.
252 1363 317 1409 ὡς,
338 1361 370 1399 εἴ
396 1377 435 1413 γε
462 1361 605 1400 ἅπαντα
625 1362 877 1414 ἀνεγραψάμην
900 1361 945 1401 τὰ
969 1360 1034 1401 ὅσα
1057 1363 1135 1401 κατ’

87 1419 222 1467 ἐκείνην
241 1436 281 1471 γε
301 1419 412 1466 δήπου
434 1420 576 1473 φέρεται
590 1420 654 1467 τὴν
674 1420 858 1474 διφθέραν,
876 1421 1059 1474 ἀπέχρησέ
1075 1437 1135 1472 μοι

87 1477 128 1516 ἂν
144 1481 166 1524 ἡ
187 1481 256 1516 τῶν
276 1479 434 1516 σπονδῶν
454 1479 614 1532 ῥαψῳδία
635 1480 669 1522 ἐς
686 1479 854 1530 μεγίστης
870 1481 1025 1532 ἱστορίας
1045 1480 1135 1518 ὑπό,

86 1543 193 1576 θεσιν.
217 1536 312 1587 Ἐγὼ
336 1536 372 1575 δὲ
400 1539 527 1576 ἐκεῖθεν
554 1538 770 1591 ἀρυσάμενος
799 1537 820 1576 δ’
847 1554 881 1576 τι
908 1540 1074 1592 χρειῶδες
1099 1541 1134 1577 ἐν

85 1595 192 1649 ὀλίγῳ
209 1595 321 1641 ἔλεξα.
346 1615 361 1630 n

582 1674 643 1711 13.

144 1771 230 1807 Exc.
251 1772 322 1807 De·
328 1771 402 1819 leg.
433 1772 547 1807 Rom.
569 1784 610 1820 p.
639 1775 749 1818 147.
773 1770 858 1808 ’Ὀτι
877 1768 974 1807 οὐδὲν
994 1768 1130 1821 προέὸη

85 1826 165 1879 περὶ
182 1830 242 1873 τῆς
261 1827 450 1874 Σουανίας,
465 1829 543 1865 ἀλλ’
560 1830 578 1865 ὃ
595 1828 764 1901 Πέτρος
742 1840 920 1881 απρακτος
933 1827 1135 1879 ἀνεχώρησε

85 1887 153 1923 τῶν
169 1887 337 1933 Μηδικῶν
354 1885 470 1938 ὁρίων.
492 1885 620 1936 “Ομως
637 1887 667 1924 δ’
683 1902 742 1924 ουν
760 1886 948 1924 ἐσπείσατο
963 1885 1131 1937 Πέρσαις,

86 1943 147 1982 καὶ
170 1943 352 1982 κατέθεντο
368 1944 426 1982 τὸν
445 1945 598 1995 πόλεμον
627 1945 824 1998 ἀμφότεραι
849 1946 1034 1983 πολιτεῖαι.
1059 1943 1132 1982 Καὶ

85 2004 116 2040 οἱ
134 2001 196 2053 μὲν
216 2004 333 2049 Μῆδοι
348 2005 388 2041 ε’κ.
402 2006 464 2049 τῆς
479 2006 546 2041 τῶν
565 2003 714 2056 Κόλχων
731 2007 794 2055 γῆς
813 2005 869 2042 ἐπ’
884 1998 978 2042 οἶκον
997 2001 1130 2054 ἀνεχώ-

85 2135 225 2166 cumque
235 2127 393 2159 Chosroes
403 2127 562 2168 legatique
572 2131 641 2160 tum
652 2130 869 2160 Romanorum
880 2129 950 2159 tum
963 2129 1132 2159 Persarum

85 2177 183 2210 locuti
209 2180 285 2210 sunt
300 2179 351 2211 vei
370 2179 558 2220 audierunt,
575 2180 740 2220 conceptis
754 2180 829 2220 ipsis
845 2179 1046 2220 loquentium
1059 2187 1133 2210 ver-

85 2231 132 2263 bis
151 2244 158 2263 :
172 2231 238 2263 sive
249 2231 317 2263 haec
327 2231 546 2265 adsentatione
558 2233 698 2273 quadam
712 2233 875 2273 utrimque
888 2232 975 2264 dicta
991 2232 1132 2271 suerunt,

85 2283 152 2315 sive
175 2284 276 2323 serio,
294 2285 361 2317 sive
385 2285 525 2326 ironice,
545 2286 613 2318 sive
638 2286 733 2318 etiam
754 2286 923 2318 irridenter
945 2288 977 2317 et
992 2286 1133 2317 contem·

84 2334 162 2374 tim;
182 2337 280 2375 atque
303 2337 435 2368 omnino
450 2346 525 2378 quac
541 2337 581 2369 de
600 2346 635 2369 re
650 2339 741 2369 tanta
762 2339 794 2369 et
818 2337 981 2378 quomodo
999 2337 1132 2369 dicenda

85 2386 256 2418 habuerint
270 2388 436 2428 utriusque
447 2389 573 2429 imperii
589 2389 666 2429 viri,
677 2398 713 2421 ea
726 2389 866 2421 indidem
880 2391 1023 2430 repetere
1043 2397 1134 2429 opor-

84 2439 132 2470 tet
150 2448 158 2469 :
176 2439 225 2470 est
251 2439 336 2470 enim
356 2440 507 2471 volumen
524 2441 702 2472 maximum
714 2465 723 2481 ,
752 2441 883 2481 plenum
899 2441 1132 2480 veridicorum,

85 2491 212 2531 utputo
222 2515 231 2531 ,
246 2500 448 2531 sermonum3
474 2493 533 2524 nisi
548 2493 629 2525 forte
644 2495 755 2525 Petrus
770 2494 1006 2534 aliquantulum
1025 2494 1133 2525 osten-

84 2543 134 2574 tat
149 2551 203 2582 se,
227 2543 320 2575 samae
336 2552 402 2575 suae
420 2545 620 2585 gratificans,
647 2546 684 2577 ut
706 2546 859 2576 nimirum
880 2545 1057 2585 posteritati
1075 2545 1133 2577 de-

85 2598 262 2637 monstret,
282 2606 317 2629 se
344 2597 439 2630 fuisse
466 2599 676 2639 praevalidum
701 2601 799 2639 atque
827 2599 984 2631 invictum
1011 2600 1043 2631 in
1066 2601 1135 2631 arte

87 2648 245 2680 rhetorica
269 2648 310 2680 ad
326 2649 521 2682 emoliendos
545 2650 643 2682 duros
671 2652 767 2690 atque
796 2651 896 2682 elatos
924 2651 1133 2682 barbarorum

85 2700 224 2740 spiritus.
254 2701 370 2732 Lector
394 2701 490 2741 igitur
515 2702 625 2734 onmia
641 2711 678 2734 eo
695 2702 727 2734 in
745 2702 827 2734 libro
853 2703 1004 2734 inveniet.
1023 2705 1135 2743 Neque

86 2751 170 2783 enim
188 2751 266 2783 mihi
279 2753 495 2784 necessarium
506 2778 514 2794 ,
529 2754 628 2785 immo
647 2763 752 2795 neque
765 2754 958 2786 concinnum
972 2754 1037 2794 est,
1054 2754 1133 2786 scri·

86 2804 172 2836 henti
187 2805 351 2837 historiam
367 2806 469 2846 longis
481 2807 680 2839 sermonibus
702 2807 771 2846 uti,
789 2809 886 2848 atque
898 2807 932 2839 in
944 2815 1010 2839 uno
1026 2816 1134 2839 rerum

86 2857 191 2897 capite
201 2857 325 2889 tamdiu
345 2859 474 2890 versari.
493 2861 574 2892 Nam
589 2859 613 2891 si
627 2859 736 2891 omnia
754 2860 904 2891 referrem
915 2883 924 2898 ,
941 2868 1015 2900 quae
1029 2868 1132 2891 mem-

86 2907 193 2940 branis
214 2909 278 2941 illis
302 2911 519 2952 continentur,
539 2912 701 2944 sufficeret
727 2912 854 2944 foederis
879 2912 963 2944 illius
978 2913 1135 2945 tractatus

86 2958 127 2990 nd
153 2960 379 3000 copiosissimae
410 2962 549 2995 historiae
576 2966 813 3004 argumentum.
837 2966 904 3004 Ego
927 2964 1022 3005 igitur
1048 2964 1135 2997 illinc

89 3010 227 3053 haustis,
238 3022 312 3054 quae
323 3014 450 3047 utiliora
463 3024 530 3048 esse
539 3015 699 3057 videntur,
711 3016 852 3050 breviter
865 3026 933 3049 rem
946 3017 1103 3058 expedivi.
1118 3032 1133 3047 »ι

579 3083 636 3118 13.

131 3143 204 3174 Nini
251 3145 422 3188 quicquam
454 3148 566 3180 Petrus
591 3149 632 3181 de
664 3151 780 3182 Suania
809 3151 968 3192 obtinuit,
1002 3152 1058 3184 sed
1082 3151 1133 3184 in-

90 3193 174 3225 secto
197 3195 324 3235 negotio
350 3205 368 3228 a
392 3197 506 3230 tinibus
526 3200 693 3232 Medorum
714 3204 860 3242 recessit;
888 3212 1002 3244 pacem
1025 3206 1134 3236 tamen

90 3253 166 3276 cum
180 3246 282 3278 Persis
298 3249 494 3290 composuit,
510 3252 541 3282 et
566 3253 704 3292 utraque
729 3263 824 3294 regna
838 3254 960 3286 belium
981 3255 1135 3296 deposue-

92 3298 186 3336 runt,
202 3300 234 3330 et
250 3299 333 3331 Medi
350 3301 480 3340 quidem
494 3311 512 3333 a
529 3304 724 3337 Colchorum
742 3306 858 3339 finibus
873 3308 1005 3340 domum
1030 3318 1135 3342 rever-

91 3350 210 3382 terunt.
227 3351 292 3382 Nec
308 3352 410 3384 multo
426 3355 495 3393 post
512 3356 639 3395 Petrus,
653 3365 752 3396 quum
768 3359 955 3397 Byzantium
973 3360 1134 3401 rediisset,

91 3403 239 3433 mortuus
251 3404 308 3434 est.

818 202 1096 261 MENANnm
1123 221 1479 262 Pnorncroms

1199 323 1328 360 ρησαν·
1347 308 1435 362 ἀτὰρ
1453 310 1486 353 ἐς
1509 309 1548 347 τὸ
1571 309 1759 355 Βυζάντιον
1779 310 1986 364 ἀφικόμενος
2008 313 2026 350 ὃ
2051 312 2180 365 Πέτρος
2204 314 2244 352 οὗ

1196 368 1315 420 πολλῷ
1336 366 1477 420 ὕστερον
1494 368 1664 407 κατέλυσε
1684 368 1741 406 τὸν
1761 368 1850 421 βίον.

1459 483 1519 523 14.
1546 477 1656 527 (565.
1679 480 1816 515 Justini
1830 491 1892 515 an.
1918 476 1973 529 1.)

1251 593 1341 628 Exc.
1357 594 1414 628 De
1433 593 1507 641 leg.
1526 600 1626 642 gent.
1642 606 1681 644 p.
1705 594 1870 632 ποι-103
1894 607 1902 632 :
1918 592 2005 633 “On
2023 593 2079 632 ἐπὶ
2096 593 2248 633 Ἰουστί-

1195 669 1252 692 νου
1271 656 1330 691 τοῦ
1351 653 1426 691 νέου
1452 655 1483 692 οἵ
1502 656 1571 692 τῶν
1590 653 1745 708 Ἀὅοίρων
1773 655 1935 708 πρέσὸεις
1959 656 2194 708 παρεγένοντο
2213 660 2248 697 ἐν

1196 712 1392 765 Βυζαντίῳ,
1410 711 1456 751 τὰ
1477 712 1606 760 συνήθη
1624 714 1719 766 δωρα
1738 714 1950 767 ληψόμενοι,
1975 714 2066 767 ἅπερ
2088 718 2139 768 τῷ
2163 717 2242 754 κατ’

1196 770 1319 814 αὐτους
1339 770 1427 808 ἔθνει
1452 771 1698 816 Ἰουστινιανὸς
1716 774 1734 810 ὁ
1753 773 1820 825 πρὸ
1839 777 1901 811 τοῦ
1929 773 2092 825 βασιλευς
2113 754 2243 813 ἐδίδου·

1196 832 1284 875 ἦσαν
1306 827 1342 866 δὲ
1373 829 1532 867 καλώδιά
1557 845 1595 867 τε
1623 832 1745 882 χρυσῶ
1774 830 2107 882 διαπεποικιλμένα,
2140 834 2174 876 ἐς
2204 832 2249 871 τὸ

1197 887 1320 939 εἴργειν
1347 902 1381 925 τι
1409 890 1478 925 τῶν
1511 889 1837 940 ἀποδιδρασκόντων
1883 890 2155 940 ἐπινενοημένα,
2188 890 2250 929 καὶ

1200 947 1314 984 κλῖναι
1331 945 1458 996 ὁμοίως
1473 946 1533 984 καὶ
1553 947 1643 984 ἄλλα
1661 947 1773 985 ‘tutat’
1757 963 1791 991 ες
1807 947 1845 985 τὸ
1866 948 2089 1001 ἁὸρότερον’
2069 949 2248 1000 ανειμένα.

1200 1004 1291 1042 Τότε
1310 1003 1351 1051 δὴ
1375 1008 1433 1043 οὖν
1462 1006 1492 1042 οἳ
1512 1004 1675 1057 πρέσὸεις
1693 1008 1762 1045 τῶν
1790 1005 1978 1058 Ἀδάρων’
1964 1023 1996 1051 ες
2016 1008 2139 1060 πεῖραν
2161 1008 2249 1047 ἰέναι

1196 1067 1256 1102 τοῦ
1271 1064 1441 1116 βασιλέως
1452 1063 1646 1111 ἐδούλοντο,
1658 1063 1729 1116 εἴγε
1738 1066 1799 1103 οὐκ
1814 1065 1928 1109 ἄλλως
1944 1065 2027 1118 [εἴη]
2040 1067 2134 1118 δῶρα
2150 1068 2249 1117 λαμ-

1197 1122 1315 1160 ὅανειν
1332 1125 1464 1170 αὐτοῖς,
1483 1138 1542 1161 και
1567 1126 1610 1176 τῇ
1631 1123 1820 1174 Ῥωμαίων
1835 1124 1988 1177 ῥαθυμία
2016 1126 2247 1179 ἐπεντρυφαν,

1197 1181 1315 1219 καὶτὸ
1342 1180 1469 1232 ἀμελὲς
1496 1183 1610 1220 αὐτῶν
1631 1184 1756 1220 οἰκεῖον
1775 1182 1928 1221 τίθεσθαι
1953 1182 2084 1236 κέρδος.
2109 1185 2182 1224 Καὶ
2205 1183 2248 1231 δὴ

1198 1241 1322 1292 παρὰ
1317 1240 1464 1278 Βασιλέα
1483 1247 1603 1293 φοιτᾶν
1625 1239 1753 1287 ἠξίουν.
1779 1241 1852 1280 Καὶ
1874 1245 1933 1280 οὖν
1949 1246 2052 1281 τοῦτο
2070 1243 2250 1295 ἐφειμένον

1199 1299 1331 1345 αὐτοῖς,
1347 1298 1397 1336 ἔτι
1418 1314 1456 1349 γε
1473 1299 1541 1349 μὴν
1558 1315 1619 1337 και
1636 1298 1694 1337 διὰ
1707 1302 1776 1338 τῶν
1790 1299 1970 1352 ἑρμηνέων
1983 1301 2004 1338 ὅ
2017 1302 2250 1362 ttfofflovtoet

1197 1356 1326 1408 λεγειν,
1339 1357 1511 1395 τοιοῖσδε
1497 1357 1695 1411 εχρήσαντο
1707 1358 1837 1409 λόγοις·
1853 1377 1869 1393 τι
1889 1359 2032 1412 Χρεὼν,
2046 1363 2075 1399 ὠ
2088 1362 2249 1413 βασιλεῦ,

1198 1414 1481 1467 κληρονομουντά
1507 1431 1545 1453 σε
1572 1432 1634 1462 της
1658 1415 1826 1469 πατρώας
1844 1419 1957 1470 ἀρχῆς
1983 1418 2143 1463 καὶτοὺς
2170 1434 2243 1457 πα-

1198 1473 1331 1527 τρῴους
1360 1474 1480 1527 φίλους
1505 1476 1567 1512 οὐκ
1593 1474 1727 1523 ἄλλως,
1753 1475 1845 1528 ἤπερ
1867 1479 1885 1515 ὃ
1913 1477 2030 1531 πατὴρ
2053 1480 2071 1516 ὁ
2099 1477 2178 1526 σὸς,
2211 1471 2250 1516 ευ

1199 1539 1329 1580 ποιεῖν,
1345 1533 1406 1571 καὶ
1425 1532 1536 1585 ταύτῃ
1552 1534 1734 1586 φαίνεσθαι
1751 1536 1885 1584 μᾶλλον
1903 1536 2070 1595 διάδοχον
2084 1540 2174 1575 εἰναι
2191 1553 2247 1575 τε·

1196 1591 1441 1638 τελευτηκότος
1457 1594 1511 1630 τῦ
1528 1608 1578 1641 μη
1585 1592 1672 1630 δὲν’
1658 1608 1692 1630 εν
1699 1592 1919 1632 αλλαττειν
1899 1610 1947 1632 ων
1962 1596 2088 1639 ἐκεῖνος
2099 1596 2249 1648 ἔπραττε

1197 1649 1340 1703 περιών.
1372 1649 1478 1689 Οὕτω
1507 1650 1574 1703 γὰρ
1603 1651 1663 1690 καὶ
1691 1654 1792 1702 ἡμεῖς
1811 1655 1872 1699 τῆς
1902 1654 2009 1701 αὖτης
2038 1653 2247 1704 ἀνθεξόμεθα

1195 1709 1356 1760 γνώμης,
1372 1709 1431 1746 καὶ
1451 1710 1516 1761 οὐχ
1533 1713 1638 1756 ἦττον
1656 1708 1695 1747 τὸ
1710 1726 1772 1756 της
1789 1711 1990 1762 εὐεργεσίας
2008 1710 2118 1762 ὄνομα
2138 1728 2250 1762 μετα-

1197 1767 1366 1818 θήσομεν,
1395 1769 1425 1805 εἷ
1454 1767 1492 1805 σὲ
1514 1767 1573 1805 καὶ
1599 1767 1675 1818 μετ’
1696 1769 1831 1806 ἐκεῖνον
1863 1768 2044 1822 εὐεργέτην
2070 1772 2250 1809 ἀποκαλέ-

1198 1841 1338 1875 σοιμεν·
1362 1825 1446 1879 πρός
1471 1841 1509 1876 γε
1535 1826 1595 1864 καὶ
1625 1827 1934 1878 αἷσχυνθησόμεθα
1954 1831 2004 1880 τῷ
2035 1832 2248 1868 πεπονθέναι

1199 1886 1313 1927 καλῶς
1331 1883 1379 1934 μὴ
1396 1890 1466 1928 τοῖς
1487 1884 1618 1935 ὁμοίοις
1638 1885 1847 1935 ἀμείὸεσθαι
1865 1886 1923 1925 τὸν
1947 1888 2155 1940 δεδρακότα.
2179 1889 2248 1928 Καὶ

1197 1941 1263 1994 γὰρ
1281 1942 1416 1995 πατέρα
1434 1942 1491 1981 τὸν
1513 1943 1572 1981 σὸν
1592 1943 1718 1995 δώροις
1742 1947 1835 1995 ἡμᾶς
1854 1946 2166 1998 φιλοφρονούμενον
2185 1949 2245 1985 ἀν·

1197 2000 1441 2053 τεδωρούμεθα
1461 2003 1511 2053 τῷ
1541 2001 1603 2039 καὶ
1634 2001 1821 2051 δυνάμενοι
1844 2002 1893 2054 μὴ
1922 2006 2154 2058 κατατρέχειν
2183 2006 2247 2052 τὴν

1697 2140 1754 2174 14.

1237 2219 1365 2251 Justino
1381 2221 1400 2252 J
1405 2220 1515 2252 uniore
1533 2220 1710 2261 imperante
1725 2223 1870 2254 Avarum
1883 2222 1975 2263 legati
1991 2223 2182 2263 Byzantium
2195 2232 2248 2256 ve-

1195 2272 1333 2311 nerunt,
1348 2274 1384 2303 ut
1395 2273 1551 2304 consueta
1566 2281 1703 2304 munera
1719 2274 1919 2314 acciperent,
1937 2283 2012 2315 quae
2027 2275 2227 2307 Justinianus
2237 2299 2247 2315 ‚

1195 2322 1249 2362 qui
1266 2324 1340 2355 ante
1370 2332 1446 2355 eum
1464 2323 1636 2364 imperium
1661 2325 1830 2364 tenuerat,
1855 2327 2000 2358 conferre
2025 2329 2095 2359 erat
2115 2327 2247 2367 solitus;

1195 2375 1286 2406 erant
1298 2376 1406 2407 autem
1426 2375 1550 2407 catellae
1575 2384 1655 2408 auro
1674 2377 1843 2417 variegatae
1856 2401 1865 2417 ,
1884 2378 1974 2418 quasi
1998 2378 2036 2410 ad
2062 2378 2248 2411 vinciendos

1196 2426 1350 2465 fugientes
1362 2429 1574 2468 comparatae,
1586 2429 1661 2461 lecti
1678 2432 1711 2461 et
1723 2430 1784 2462 alia
1802 2430 1950 2471 quaedam
1973 2431 2014 2462 ad
2027 2430 2247 2464 delicatiorem

1198 2478 1322 2509 cultum
1335 2480 1522 2519 spectantia.
1533 2482 1625 2512 Tunc
1633 2483 1752 2513 Avares
1767 2481 2149 2523 voluntatisimperatoris
2162 2484 2247 2524 peri·

1195 2530 1305 2561 culum
1319 2530 1423 2563 facere
1433 2533 1628 2571 statuerunt,
1637 2542 1678 2565 an
1691 2534 1772 2566 sorte
1787 2534 1828 2566 ab
1837 2535 1898 2566 hoc
1905 2543 2035 2576 quoque
2048 2544 2182 2568 munera
2195 2545 2248 2569 ca-

1196 2591 1269 2622 pere
1285 2584 1335 2622 et,
1352 2584 1466 2615 inertia
1483 2586 1705 2618 Romanorum
1735 2586 1887 2627 decepta,
1913 2596 1971 2619 sua
1994 2587 2054 2619 sibi
2076 2589 2247 2621 commoda

1196 2633 1269 2665 inde
1291 2643 1478 2674 comparare
1502 2638 1641 2676 possent.
1666 2639 1779 2679 ltaque
1803 2639 2004 2679 imperatoris
2022 2640 2160 2673 adeundi
2184 2641 2246 2674 sibi

1195 2688 1384 2727 potestatem
1407 2688 1476 2720 fieri
1492 2689 1671 2729 petierunt;
1687 2690 1774 2730 quod
1791 2692 1853 2723 iilis
1874 2694 1923 2724 est
1941 2693 2150 2734 permissum,
2167 2694 2246 2735 quin

1196 2741 1227 2771 et
1240 2749 1296 2780 per
1311 2740 1518 2781 interpretem
1529 2765 1537 2780 ,
1551 2742 1705 2782 quicquid
1722 2743 1849 2775 libitum
1865 2746 1959 2785 esset,
1975 2754 2162 2787 proponere.
2179 2749 2246 2779 Hac

1195 2800 1273 2823 vero
1292 2792 1339 2823 usi
1353 2793 1428 2823 sunt
1443 2793 1590 2825 oratione
1605 2806 1612 2825 ε
1628 2807 1643 2821 α
1659 2796 1807 2834 Oportet,
1821 2804 1841 2827 o
1860 2797 2045 2838 imperator,
2059 2799 2110 2838 te,
2123 2798 2179 2839 qui
2191 2798 2247 2830 im·

1196 2843 1319 2884 perium
1339 2846 1509 2884 paternum
1536 2845 1711 2878 hereditate
1737 2848 1901 2888 suscepisti
1911 2873 1920 2888 ,
1947 2852 2097 2890 paternos
2114 2860 2246 2892 quoque

1196 2895 1315 2927 amicos
1327 2904 1437 2937 aeque,
1447 2906 1486 2928 ac
1496 2897 1549 2929 iile
1559 2921 1568 2936 ,
1581 2898 1743 2930 beneficiis
1756 2908 1870 2940 augere
1878 2923 1888 2940 ,
1902 2903 1999 2941 teque
2011 2902 2044 2934 in
2053 2910 2092 2935 eo
2105 2903 2246 2935 maxime

1195 2947 1295 2987 patris
1325 2956 1541 2980 successorem
1569 2950 1730 2990 praebere,
1750 2950 1777 2982 si
1801 2951 1882 2982 nihii
1897 2961 2028 2992 eorum,
2055 2962 2130 2994 quae
2152 2955 2245 2987 vivus

1196 2999 1327 3038 statuit,
1345 3007 1383 3030 eo
1404 3001 1531 3032 mortuo
1548 3000 1709 3034 immutes.
1731 3003 1779 3034 lta
1793 3002 1847 3034 fiet
1871 3005 1907 3035 ut
1931 3012 1990 3035 nos
2005 3005 2139 3037 eandem
2171 3015 2244 3047 erga

1195 3052 1228 3083 te
1241 3051 1440 3084 voluntatem
1451 3061 1677 3086 conservemus
1686 3078 1695 3094 ,
1710 3063 1816 3096 neque
1822 3056 1928 3088 minus
1939 3056 1972 3088 in
1984 3058 2016 3089 te
2026 3057 2244 3092 beneficentiae

1195 3111 1314 3134 nomen
1333 3104 1580 3145 transferamus,
1602 3107 1635 3138 te
1653 3107 1725 3146 post
1741 3107 1845 3148 ipsum
1868 3110 2032 3140 auctorem
2058 3111 2241 3143 nostrarum

1197 3154 1397 3186 fortunarum
1412 3159 1649 3197 nuncupantes.
1677 3159 1716 3191 Et
1740 3167 1816 3191 sane
1837 3160 2110 3202 erubesceremus,
2138 3162 2164 3195 si
2179 3163 2245 3195 ate

1196 3205 1373 3237 commodis
1391 3207 1495 3239 ornati
1514 3216 1578 3239 non
1590 3208 1702 3241 eadem
1721 3210 1778 3242 tibi
1794 3211 2053 3244 retribueremus.
2078 3214 2132 3245 Sic
2155 3214 2241 3246 enim

1196 3259 1319 3298 patrem
1338 3261 1451 3300 tuum,
1469 3261 1524 3301 qui
1540 3261 1573 3292 in
1591 3256 1801 3295 nos‘iiberalis
1818 3265 1850 3295 et
1865 3265 2039 3298 munificus
2053 3266 2173 3305 suerat,
2189 3275 2241 3298 re-

1196 3311 1354 3344 munerati
1371 3321 1494 3344 sumus.
1508 3315 1634 3346 Etenim
1650 3324 1749 3356 quum
1763 3316 1831 3356 ejus
1844 3317 1987 3358 regiones
1996 3320 2121 3351 vastare
2134 3327 2240 3359 posse-

1197 3371 1287 3403 mus,
1307 3372 1371 3395 non
1385 3364 1480 3396 modo
1493 3365 1724 3407 abstinuimus,
1739 3377 1852 3401 verum
1865 3371 1961 3402 etiam
1971 3395 1980 3410 ‚
2009 3380 2075 3412 quo
2089 3380 2148 3403 nos
2169 3380 2238 3412 pro·

1197 3415 1357 3454 pensiores
1390 3425 1463 3458 erga
1500 3418 1602 3458 ipsum
1640 3419 1878 3454 ostenderemus
1892 3446 1899 3461 ‚
1934 3423 2054 3455 vicinos
2087 3423 2242 3455 barbaros
