2372 3704
182 241 255 273 318

227 322 465 358 Archetimus
500 322 655 369 quidam
689 323 944 372 Syracusanus
982 331 1215 360 memoratur

173 382 338 429 Diogeni
352 382 398 419 L.
413 381 446 427 Ι,
463 383 512 423 4ο
535 394 543 416 ;
566 378 800 432 Ἀρχέτιμιςὸ
820 380 1055 433 Συρακούσιος
1074 380 1214 432 ὁμιλίαν

174 439 287 476 αὐτῶν
307 439 471 489 (septem
489 439 738 490 sapientium)
760 439 913 492 γέγραφε
933 438 1031 492 παρὰ
1049 438 1217 492 Κυψέλῳ,

172 490 196 546 ἧ
218 495 277 535 καὶ
294 497 395 541 αὖτός
406 511 490 550 φησι
506 497 720 550 περιτυχεῖν,

612 632 786 646 ——00-—

282 743 676 802 ARIAETHUS
718 744 1084 801 TEGEATA.

558 873 827 911 ΑΡΚΑΔΙΚΑ.

678 980 691 1002 Ι
704 995 710 1001 .

227 1063 368 1111 Hygin.
390 1063 496 1101 Poet.
519 1070 606 1099 astr.
625 1064 662 1099 ΙΙ
675 1091 685 1111 ,
709 1077 742 1099 1.
761 1065 899 1100 Arctos
917 1065 1042 1100 minor
1063 1078 1071 1100 ε
1094 1067 1216 1101 Arioe-

173 1121 257 1157 thas
282 1123 482 1170 Tegeates,
504 1122 741 1158 historiarum
759 1126 924 1172 scriptor,
948 1136 1021 1159 non
1041 1125 1215 1171 Callisto,

170 1181 239 1216 sed
255 1181 420 1227 MegIsto
447 1181 539 1215 dicit
556 1182 805 1228 appellatam,
843 1190 882 1217 et
907 1195 981 1217 non
1006 1184 1210 1230 LycaoniS,

171 1239 240 1273 sed
258 1239 360 1274 Celes
368 1238 515 1286 filicun,
537 1240 721 1285 Lycaonis
742 1247 900 1287 neptem.
924 1240 1117 1276 Praeterea
1143 1241 1214 1278 Ce-

172 1305 233 1332 tea
256 1300 373 1345 ipsum
393 1298 609 1344 Engonasin
641 1301 843 1335 nominari.
864 1300 1023 1347 Reliqua
1043 1313 1135 1336 vero
1157 1314 1217 1335 su·

164 1356 376 1403 periorIbu.s·
402 1359 630 1392 conveniant.
652 1357 746 1402 Quoe
768 1369 826 1391 res
848 1361 886 1391 1'n
901 1358 1071 1393 Nonacri
1098 1367 1218 1394 monte

171 1415 349 1450 Arcadioe
381 1422 487 1462 gesta
520 1423 708 1452 narratur.
745 1415 888 1451 Eadem
926 1417 1066 1452 iterum
1101 1419 1220 1466 tangit

173 1473 227 1518 ΙΙ,
251 1472 286 1509 6.

681 1550 702 1573 2

226 1611 352 1648 Schol.
366 1613 497 1647 Venet.
517 1610 628 1649 Iliad.
647 1609 691 1656 δ’,
713 1611 788 1659 319
805 1624 815 1647 τ
835 1610 962 1649 Πύλιοι
977 1611 1036 1649 καὶ
1054 1612 1217 1664 Ἀρκάδες

173 1666 252 1718 περὶ
268 1669 331 1718 γῆς
350 1666 438 1718 ὅρων
461 1666 653 1716 ἐπολέμουν
670 1667 750 1719 περὶ
766 1667 805 1705 τὸ
826 1668 1039 1719 καλούμενον
1061 1670 1219 1722 Ἀγκαῖον

175 1724 394 1778 (Admovi)
413 1724 504 1776 ὄρος.
523 1724 668 1776 Νέστωρ
686 1724 722 1763 δὲ
741 1726 994 1778 μονομαχήσας
1010 1730 1050 1766 ἐκ
1069 1728 1221 1781 προκλή-

174 1799 260 1827 σεως
274 1782 533 1836 Ἐρευθαλίωνα
546 1782 602 1821 τὸν
615 1783 882 1834 Ἱππομέδοντος
896 1785 932 1833 ἢ,
943 1788 988 1829 ὡς
1002 1786 1096 1835 ἔνιοι,
1113 1787 1221 1840 Ἀφεί-

175 1844 293 1885 δαντος
329 1843 460 1890 ἀνεῖλε,
486 1842 546 1880 καὶ
571 1842 637 1880 ὑπὸ
655 1849 768 1895 χαρᾶς
797 1843 837 1881 τὸ
863 1845 1076 1897 περιορισθὲν
1092 1846 1220 1899 χωρίον

174 1900 401 1953 παρεξῆλθεν,
416 1904 446 1939 οἱ
459 1900 494 1939 δὲ
510 1901 692 1954 Ἀρκάδες,
713 1900 762 1939 ἔτι
777 1903 996 1956 σκαρίζοντος
1013 1908 1072 1943 τοῦ
1093 1905 1221 1958 Ἐρευ-

174 1958 360 2008 θαλίωνος,
382 1958 641 2012 ἐφορμήσαντες
663 1961 734 2003 τοῖς
761 1960 905 2003 Πυλίοις
934 1961 1139 2013 συνέὸαλον,
1161 1963 1221 2001 καὶ

174 2016 282 2061 οὕτως
314 2016 493 2063 ἐνίκησαν.
530 2017 718 2070 Θάψαντες
737 2017 771 2056 δὲ
798 2018 856 2056 τὸν
882 2019 1142 2071 Ἐρευθαλίωνα
1162 2022 1222 2060 καὶ

174 2075 252 2120 τοὺς
269 2075 388 2129 φίλους
408 2076 610 2128 ἐπέγραψαν
630 2078 680 2129 τῷ
699 2077 798 2130 τάφῳ
824 2077 904 2116 τόδε
926 2078 965 2116 τὸ
991 2079 1219 2131 ἐπίγραμμα·

258 2186 378 2219 Ἐνθάδ’
393 2187 607 2228 Ἐρευθαλίωνι
621 2189 716 2229 φίλοις
729 2189 755 2219 τ’
773 2190 821 2220 ἐπὶ
839 2190 955 2230 τύμὸον
973 2190 1087 2228 ἔθηκαν

256 2233 412 2274 Ἀρκαδίης
427 2235 554 2275 βασιλῆς
565 2259 574 2274 ,
589 2235 675 2274 γένος
694 2235 799 2277 ἔξοχον
810 2235 1044 2276 Ἱππομέδοντος
1059 2238 1222 2277 (Ἱπποδά-

860 2282 994 2324 [μαντος
1011 2284 1081 2317 cod.
1095 2285 1182 2325 Lips.
1200 2286 1222 2325 )‚

258 2328 288 2359 οἵ
298 2338 374 2359 ποτε
386 2328 527 2369 Νέστορα
551 2329 603 2360 καὶ
617 2329 710 2365 λαοὺς
723 2330 850 2371 πολέμῳ
863 2331 1055 2371 δαμάσαντο.

230 2414 378 2468 Ἱστορεῖ
408 2416 575 2469 Ἀρίαιθος
611 2417 781 2470 (Ἀρίηθος
807 2422 974 2459 Cramer.
1013 2423 1054 2458 in
1079 2424 1223 2459 Anecd.

174 2477 289 2514 Paris.
308 2478 377 2523 111,
393 2490 434 2526 p.
457 2490 530 2512 202
544 2475 571 2528 ).
597 2479 722 2514 Schol.
743 2481 884 2516 Victor.
909 2481 936 2518 l.
953 2481 976 2516 l.
1001 2483 1054 2517 sic
1073 2482 1192 2518 habet
1211 2494 1220 2520 ;

175 2531 303 2572 Πύλιοι
316 2533 379 2584 μὲν
387 2528 445 2572 οῧν
462 2535 547 2587 πρὸς
556 2535 586 2573 Ἀ
595 2536 722 2587 ρκάδας
736 2537 926 2587 ἐπολέμουν
941 2538 1020 2590 περὶ
1035 2538 1124 2591 ὅρων
1137 2543 1218 2589 γῆς.

562 2693 834 2734 ARCADICA.

218 2838 298 2879 Pylii
320 2840 351 2872 et
371 2839 509 2872 Arcades
529 2840 570 2872 de
585 2840 714 2872 ditionis
738 2840 856 2873 tinibus
884 2835 1114 2881 belligerabant
1141 2842 1224 2872 circa

178 2893 331 2922 Ancaeum
354 2893 498 2923 montem
525 2891 749 2932 (Acidantem
761 2892 805 2934 fl.
819 2893 844 2933 ).
862 2894 975 2926 Nestor
1000 2892 1041 2924 ad
1069 2893 1225 2933 singulare

178 2942 341 2974 certamen
355 2943 636 2984 Ereuthalionem‚
659 2944 925 2985 Hippomedontis
942 2945 1012 2985 vel,
1031 2945 1066 2976 ut
1079 2944 1225 2975 nonnulli

178 2993 301 3033 dicunt,
327 2994 515 3033 Aphidantis
533 2995 653 3035 finum,
677 2996 865 3036 provocavit
880 3005 1019 3037 eumque
1040 2996 1168 3036 occidit,
1194 2997 1226 3027 et

179 3053 246 3085 prae
262 3044 377 3084 gaudio
391 3045 501 3077 locum
521 3056 616 3087 quem
633 3056 692 3088 pro
713 3048 899 3080 certaminis
915 3057 1010 3080 arena
1026 3048 1226 3080 circumscri-

181 3096 326 3135 pserant‚
344 3098 556 3136 transgressus
585 3099 641 3130 est.
670 3102 752 3131 Tum
774 3108 849 3131 vero
871 3099 1029 3140 Arcades,
1049 3099 1226 3140 palpitante

179 3147 287 3179 adhuc
305 3149 550 3189 Ereuthalione,
572 3151 730 3183 irruentes
746 3152 778 3183 in
804 3153 911 3192 Pylios
933 3160 1130 3192 manumque
1154 3160 1226 3183 con·

180 3201 320 3232 serentes
344 3202 481 3233 victoria
505 3203 596 3243 potiti
613 3208 696 3235 sunt.
717 3205 840 3236 Deinde
857 3205 1051 3245 sepelierunt
1069 3204 1225 3236 Ereutha-

181 3251 298 3283 lionem
313 3251 356 3293 [et
371 3253 502 3295 amicos]
513 3278 521 3294 ‚
538 3255 728 3296 tumuloque
744 3258 972 3297 inscripserunt
987 3257 1094 3289 haecce
1114 3266 1120 3287 :

252 3325 310 3355 Hic
321 3327 524 3357 Ereuthalioni
538 3330 698 3366 amicisque
713 3331 862 3360 tumulum
874 3331 1011 3361 fecerunt

252 3374 385 3403 Arcadiae
402 3375 564 3413 principes,
580 3377 694 3406 clarum
713 3386 806 3414 genus
819 3379 1084 3415 Hippomedontis,

254 3421 304 3456 qui
318 3423 472 3452 Nestorem
485 3425 608 3460 eiusque
621 3426 765 3462 populum
776 3426 960 3456 domuerunt
973 3427 1063 3456 bello.

986 235 1218 274 ARIAETHI
1253 234 1504 274 TEGEATAE
1515 263 1525 281 ‚

1279 321 1418 361 Γίνεται
1435 323 1465 359 δ’
1485 321 1600 365 αὐτοῖς
1619 320 1778 372 συμὸολὴ
1791 320 1870 372 περὶ
1886 319 1944 358 τὸν
1959 319 2142 359 Ἀκίδαντα
2159 322 2318 373 ποταμόν

1283 382 1416 430 (Φειᾶς
1434 379 1505 432 πὰρ
1526 379 1712 431 τείχεσσιν,
1734 378 1914 431 Ἰαρδάνου
1935 377 2024 430 ἀμφὶ
2045 378 2184 432 ῥέεθρα,
2202 382 2317 422 Hom.

1281 441 1327 478 Il.
1359 438 1407 486 ηί,
1429 435 1539 488 135).
1563 437 1831 489 Ἐρευθαλίωνος
1851 435 1887 475 δὲ
1918 440 1978 475 τοῦ
1999 437 2212 476 Ξανθίππου
2233 453 2322 490 προ-

1280 496 1491 548 τρεπομένου
1501 495 1559 534 τὸν
1573 496 1796 548 βουλόμενον,
1809 495 1956 548 Νέστωρ
1972 495 2133 539 ἀντιστὰς
2148 495 2318 544 ἐνίκησεν.

1282 554 1372 594 Ὑπὸ
1392 555 1428 592 δὲ
1447 557 1508 601 τῆς
1526 555 1652 601 ἡδονῆς
1668 553 1857 605 ἁλλόμενος
1882 553 2106 601 ἐκπεπήδηκε
2125 557 2184 592 τοῦ
2204 569 2324 607 περιο-

1283 612 1450 664 ρισθέντος
1467 613 1616 665 χωρίου·
1637 610 1711 650 ὅθεν
1726 612 1888 664 Ἀρκάδες
1901 611 2162 663 Ἐρευθαλίωνα
2187 614 2322 662 μᾶλλον

1282 670 1414 723 ἔφασαν
1428 673 1568 717 νικῆσαι
1589 671 1647 709 τὸν
1667 670 1715 721 μὴ
1733 670 1911 715 ἐξελθόντα
1931 675 1992 710 τοῦ
2005 670 2112 709 τόπου
2128 701 2139 721 ,
2154 671 2215 710 καὶ
2233 687 2324 722 συμ-

1282 728 1445 772 ὅαλόντες
1470 730 1510 767 ἐκ
1541 728 1702 780 δευτέρου
1714 759 1725 779 ,
1743 723 1817 767 εἶτα
1837 731 1935 780 κοινῇ
1954 729 2231 782 περιγράψαντες
2246 728 2325 775 τοὺς

1281 787 1432 839 χώρους,
1454 787 1586 840 ἔθαψαν
1614 787 1892 839 Ἐρευθαλίωνα,
1927 787 1987 826 καὶ
2010 790 2060 840 τῷ
2089 787 2222 839 σήματι
2244 787 2325 826 ἕπε’-

1281 848 1418 899 γραψαν
1429 861 1437 869 ·
1462 864 1479 880 »ι

1364 937 1483 968 Ἐνθάδ’
1498 937 1724 978 Ἐρευθαλίωνα
1733 938 1813 978 φίλοι
1823 938 1891 979 περὶ
1905 938 2021 979 voprem
2031 938 2157 978 ἔθηκαν,

1364 983 1520 1024 Ἀρκαδίης
1537 984 1649 1024 βασιλῆ
1666 1008 1675 1023 ,
1692 985 1778 1023 γένος
1789 985 1894 1025 ἔξοχον
1905 985 2163 1026 Ἀμφιδάμαντος,

1364 1032 1393 1063 οἵ
1403 1042 1479 1063 ποτε
1491 1032 1634 1072 Νέστορα
1655 1032 1708 1063 καὶ
1722 1032 1814 1068 λαοὺς
1829 1033 1957 1074 πολέμῳ
1967 1032 2159 1073 δαμάσαντο.
2237 1074 2260 1092 .

1282 1105 1429 1159 Ἱστορεῖ
1449 1106 1630 1160 Ἀρίαιθος.
1645 1109 1699 1147 Cf.
1716 1110 1762 1145 Il.
1780 1123 1822 1156 η,
1842 1110 1913 1147 132
1934 1122 2019 1159 sqq.

1787 1222 1821 1257 3.

1334 1316 1540 1363 Dionysius
1565 1316 1653 1351 Hal.
1678 1318 1722 1351 A.
1739 1316 1787 1354 R.
1812 1316 1851 1361 I,
1876 1319 1938 1364 49,
1954 1328 1993 1364 p.
2018 1315 2089 1352 123
2114 1316 2164 1352 R.
2194 1304 2330 1352 AEneas

1281 1375 1487 1410 secundum
1505 1375 1761 1423 Cephalonem
1775 1382 1812 1410 et
1823 1375 2083 1423 Hegesippum
2097 1372 2211 1421 Troja
2227 1379 2330 1411 venit

1284 1433 1321 1468 in
1345 1434 1546 1468 Thraciam
1568 1433 1698 1480 ibique
1718 1434 1896 1469 moritur.
1910 1428 2053 1485 ςΈτεροι
2072 1430 2108 1469 δὲ
2127 1431 2167 1469 ἐκ
2184 1430 2330 1484 Θρᾴκης
2363 1442 2367 1446 ’

1289 1489 1544 1536 ἀναστήσαντες
1576 1490 1677 1528 αὐτὸν
1701 1490 1765 1534 ἕως
1800 1490 1983 1542 Ἀρκαδίας
2007 1488 2322 1541 παρακομίζουσιν.

1286 1549 1442 1594 Οἷκῆσαι
1459 1546 1495 1585 δὲ
1520 1547 1678 1598 λέγουσιν
1707 1550 1742 1586 ἐν
1771 1548 1981 1601 Ὀρχομενῷ
2005 1563 2044 1586 τε
2065 1542 2329 1601 τῷἏρκαδικῷ

1284 1608 1343 1645 καὶ
1363 1610 1406 1658 τῇ
1435 1608 1548 1659 Νήσῳ
1567 1607 1738 1659 λεγομένῃ
1760 1607 1888 1660 καίπερ
1912 1607 1997 1658 οὔσῃ
2019 1607 2227 1658 μεσόχθονι,
2259 1608 2327 1646 ὑπὸ

1282 1667 1463 1716 τελμάτων
1491 1665 1551 1704 καὶ
1579 1671 1756 1717 ποταμοῦ·
1775 1666 1837 1710 τὰς
1864 1666 1900 1704 δὲ
1930 1665 2148 1716 καλουμένας
2175 1665 2329 1711 Καπύας

1288 1723 1428 1763 Αἷνείου
1448 1740 1485 1761 τε
1501 1723 1562 1762 καὶ
1581 1723 1714 1776 Τρώων
1735 1723 1917 1763 ἀπόκτισιν
1946 1718 2049 1771 εἶναι,
2082 1722 2232 1766 Καπύας
2251 1725 2330 1762 ὀνο-

1285 1782 1475 1833 μασθείσας
1505 1782 1574 1820 ἀπὸ
1608 1786 1666 1821 τοῦ
1700 1784 1880 1836 Τρωικοῦ·
1919 1782 2065 1826 κάπυος.
2106 1781 2259 1834 Λέγεται
2294 1782 2329 1821 δὲ

1283 1845 1396 1879 ταῦτα
1413 1840 1530 1888 ἄλλοις
1550 1856 1587 1878 τε
1608 1840 1668 1879 καὶ
1687 1841 1848 1893 Ἀριαίθῳ
1869 1841 1942 1891 (sic
1963 1842 2051 1880 cod.
2071 1845 2169 1887 Vat.,
2185 1839 2331 1892 Ἀρίσθῳ

1282 1898 1384 1951 rell.)
1407 1899 1581 1952 γράψαντι
1597 1898 1642 1937 τὰ
1665 1899 1868 1951 Ἀρκαδικά.
1886 1901 1942 1939 Cf.
1961 1913 2043 1949 quae
2059 1908 2269 1949 sequuntur
2283 1914 2331 1937 ex

1286 1959 1487 2008 Agathyllo
1506 1966 1623 2008 poeta
1646 1959 1852 1997 Arcadico.

1342 2016 1512 2067 Καπυάς]
1537 2035 1553 2050 «
1581 2017 1729 2069 Καφύας
1743 2031 1809 2054 seu
1825 2015 1972 2068 Καφυὰς
1988 2018 2213 2065 Dionysium
2232 2019 2331 2054 scri-

1285 2078 1400 2126 psisse
1415 2078 1571 2126 opinor-3
1587 2085 1627 2112 ut
1636 2089 1763 2113 sensus
1774 2076 1823 2113 sit
1833 2077 2004 2113 Arcadiae
2016 2076 2214 2125 oppidum,
2227 2076 2332 2124 quod

1285 2137 1563 2185 posterioribus
1579 2137 1720 2172 saeculis
1733 2134 1880 2187 Καφυὰς
1890 2136 2152 2180 nominarunt,
2168 2147 2188 2171 a
2201 2136 2332 2183 primis

1287 2195 1573 2241 conditoribus,
1610 2195 1726 2231 AEnea
1756 2202 1795 2230 et
1824 2194 2019 2242 Trojanis‚
2051 2194 2194 2230 dictum
2221 2193 2331 2229 fuisse

1290 2251 1458 2299 Καπυὰς,
1477 2267 1573 2290 voce
1593 2255 1732 2302 aCapy
1752 2252 1918 2300 Trojano
1943 2251 2099 2288 deflexa.
2125 2253 2206 2288 Nisi
2233 2252 2330 2288 forte

1288 2313 1478 2348 Arcadico
1496 2320 1534 2348 et
1558 2313 1702 2348 Dorico
1726 2324 1833 2347 more
1846 2311 1886 2347 id
1907 2311 2092 2359 oppidum
2113 2307 2255 2360 Καφύαι
2277 2311 2332 2346 di-

1287 2372 1402 2416 citur3
1416 2372 1551 2407 lonico
1566 2378 1693 2407 autem
1707 2378 1744 2406 et
1755 2371 1948 2406 communi
1961 2366 2119 2406 Καπύαι.
2134 2370 2179 2406 V.
2196 2369 2332 2404 Strabo

1286 2432 1363 2476 III,
1379 2443 1420 2479 p.
1437 2434 1527 2476 704.
1551 2430 1681 2478 Steph.
1703 2431 1745 2467 B.
1759 2442 1796 2467 v.
1817 2426 1973 2479 Καφύαι.
1993 2444 2007 2459 ι»
2029 2428 2216 2464 ὃηηυιιο.
2233 2427 2332 2463 Cete-

1286 2501 1371 2524 rum
1389 2487 1438 2526 cf.
1458 2489 1639 2526 Klausen.
1663 2490 1803 2524 AEneas
1821 2494 1916 2524 tom.
1934 2487 1965 2532 1,
1977 2499 2018 2535 p.
2039 2485 2128 2521 366.

1295 2669 1348 2700 Vel
1359 2671 1473 2709 potius
1487 2679 1498 2700 .-

1357 2758 1413 2786 Hic
1427 2759 1667 2787 Ereuthalionem
1678 2759 1764 2787 amici
1778 2759 1894 2787 tumulo
1908 2758 2110 2787 condiderunt

1355 2806 1490 2834 Arcadiae
1499 2814 1608 2841 regem,
1617 2807 1731 2835 ciarum
1739 2814 1831 2842 genus
1841 2805 2093 2841 Amphidamantis
2105 2803 2297 2840 (Aphidantis
2306 2803 2328 2839 )‚

1355 2853 1405 2888 qui
1415 2852 1567 2888 quondam
1582 2855 1735 2881 Nestorem
1749 2853 1872 2888 ejusque
1882 2851 2027 2888 populum
2040 2851 2184 2878 domuere
2195 2849 2285 2878 beno.
2309 2850 2315 2855 '

1286 2928 1401 2958 Narrat
1420 2926 1487 2957 haec
1506 2926 1676 2958 Arioethus.

1790 2991 1823 3022 3.

1327 3055 1388 3087 Alii
1411 3058 1543 3088 AEneam
1562 3064 1603 3086 ex
1630 3054 1765 3086 Thracia
1782 3053 1997 3086 discedentem
2025 3053 2145 3085 faciunt
2166 3053 2198 3085 et
2215 3053 2250 3085 in
2272 3057 2331 3086 Ar-

1286 3106 1411 3138 cadiam
1427 3115 1528 3147 usque
1550 3106 1733 3145 deducunt,
1750 3114 1889 3145 eumque
1911 3105 2022 3136 dicunt
2038 3104 2196 3136 habitasse
2212 3104 2244 3136 in
2267 3107 2330 3137 Or-

1287 3158 1444 3190 chomeno
1467 3157 1641 3196 Arcadico,
1664 3157 1742 3189 etin
1764 3165 1801 3188 ea
1824 3165 1898 3197 quae
1919 3156 2016 3196 (iicet
2028 3156 2069 3188 sit
2082 3155 2331 3196 mediterranea)

1287 3210 1329 3242 ob
1344 3210 1415 3241 loca
1437 3217 1564 3240 coenosa
1577 3210 1610 3240 et
1626 3208 1747 3240 flumen
1770 3210 1875 3246 Νῆσος
1900 3209 2047 3239 vocatur.
2064 3209 2168 3247 Atque
2185 3208 2330 3247 Cumas,

1288 3272 1366 3304 quas
1395 3262 1524 3303 dicunt,
1557 3262 1598 3294 ab
1628 3264 1727 3294 AEnea
1753 3261 1930 3302 ceterisque
1956 3260 2102 3300 Troianis
2126 3259 2269 3291 conditas
2300 3263 2332 3291 et

1287 3324 1306 3346 a
1327 3317 1414 3356 Capy
1433 3315 1571 3355 Trojano
1598 3315 1724 3354 Capyas
1739 3313 1913 3354 appellatas
1929 3321 2006 3345 esse.
2032 3314 2109 3344 Haec
2133 3313 2240 3343 autem
2258 3312 2329 3342 tum

1287 3368 1328 3399 ab
1347 3367 1416 3400 aliis
1435 3368 1507 3400 tum
1521 3367 1561 3400 ab
1572 3366 1711 3401 Ariaetho
1725 3375 1833 3399 rerum
1847 3365 2074 3399 Arcadicarum
2085 3364 2240 3405 scriptore
2251 3373 2326 3405 pro·

1289 3420 1425 3453 duntur.
