2326 3724
1025 185 1361 225 FRAGMENTA.

127 274 187 313 καὶ
204 273 324 327 εὑρέθη
343 275 365 320 ἡ
382 271 512 323 καρδία
529 272 633 309 αὐτοῦ
651 270 902 323 τετριχωμένη,
919 270 979 308 καὶ
994 272 1044 324 τῷ
1063 270 1167 323 μεγέ-

128 337 178 372 θει
194 332 283 371 πολὺ
304 335 365 379 τῆς
384 329 602 383 ἀνθρωπείας
624 329 759 382 φύσεως
773 328 1056 382 ὑπερὸάλλουσα.

180 405 228 430 25.
259 390 302 430 'E
314 406 332 443 ρ
342 405 414 428 ατο
425 390 496 427 σθέ
506 404 522 425 ν
532 403 554 434 η
567 404 582 431 ς
604 387 661 426 διὰ
676 386 715 426 τὸ
743 386 951 439 δευτερεύειν
971 388 1075 426 παντὶ
1089 387 1170 426 εἴδει

127 448 285 492 παιδείας
303 448 372 492 τοῖς
392 446 507 499 ἄκροις
527 445 683 497 ἐγγίζων,
728 448 796 492 ἧτα
813 444 956 493 ἐκλήθη.

180 522 229 548 26.
264 506 519 559 Εὐριπίδης
545 504 637 543 κατὰ
667 504 730 552 τὴν
770 503 926 557 ἡμέραν,
967 504 1010 552 ἢν
1050 504 1169 543 ἐνίκων

127 564 299 614 ’Έλληνες
318 566 456 618 Πέρσας
479 565 513 602 ἐν
533 566 576 615 τῇ
596 562 687 601 κατὰ
715 561 846 614 Ξέρξου
866 562 1047 615 ναυμαχίᾳ
1061 592 1073 614 ,
1093 578 1172 615 γεν-

128 632 230 665 νᾶται
243 656 254 677 ,
272 624 433 678 εὐτυχίαν
447 622 698 674 προσημαίνων
715 621 918 670 Ἀθηναίοις.

184 699 232 725 27.
264 686 324 724 Εὐ
336 688 389 722 κλ
401 699 415 722 ε
427 683 520 730 ίδης
545 684 564 719 ὁ
582 680 781 734 Μεγαρικὸς
801 680 889 731 μετὰ
911 680 975 728 τὴν
1001 684 1061 720 τοῦ
1092 683 1172 720 Σω-

128 743 275 797 κράτους
287 741 449 789 τελευτὴν
461 740 638 780 Πλάτωνα
654 740 714 778 καὶ
726 739 802 783 τοὺς
818 739 956 784 λοιποὺς
970 741 1174 792 φιλοσόφους

131 801 269 846 ἐδέξατο
281 831 292 852 ,
309 801 489 844 δείσαντας
507 798 570 846 τὴν
588 797 756 849 ὠμότητα
770 801 837 836 τῶν
851 797 1039 852 τυράννων.
1062 793 1175 842 Οἷτος

129 860 165 899 ἓν
183 861 222 899 τὸ
239 859 367 912 ἀγαθὸν
389 858 600 912 ἀπεφαίνετο
615 858 756 900 πολλοῖς
775 857 921 907 ὀνόμασι
940 856 1173 907 καλούμενον,

130 918 187 958 ὁτὲ
202 918 264 970 μὲν
281 918 348 971 γὰρ
369 917 552 972 φρόνησιν,
569 915 624 955 ὁτὲ
637 911 679 954 Αδὲ
698 915 792 964 θεὸν,
808 915 868 955 καὶ
885 915 1008 954 ἄλλοτε
1023 919 1103 953 νοῦν
1116 915 1175 954 καὶ

131 977 176 1016 τὰ
211 977 332 1016 λοιπά.
390 974 449 1016 Τὰ
482 976 510 1014 δ’
538 973 758 1024 ἀντικείμενα
792 975 843 1026 τῷ
880 975 1000 1027 ἀγαθῷ
1030 974 1174 1027 ἀνῄρει,

133 1036 278 1090 φάσκων
300 1034 349 1086 μὴ
376 1029 475 1074 εἶναι.
531 1036 621 1076 Ταῖς
645 1031 681 1070 δὲ
701 1032 912 1077 ὑποδείξεσιν
940 1032 1116 1080 ἐνίστατο,
1136 1032 1174 1070 οὖ

132 1095 224 1134 κατὰ
236 1093 407 1144 λήμματα
418 1122 428 1142 ,
449 1091 540 1131 ἀλλὰ
557 1090 634 1130 κατ’
651 1090 829 1144 ἐπιφοράν.

186 1168 232 1193 38.
253 1153 330 1193 Ἐπ
340 1152 431 1191 ίκου
445 1152 492 1205 ρό
502 1167 519 1189 ν
534 1166 621 1194 τινες
636 1149 880 1207 διαὸάλλοντες
903 1149 987 1202 φασὶ
1002 1148 1086 1202 πρὸς
1100 1150 1177 1188 Πυ-

133 1211 260 1251 θοκλέα
276 1213 403 1263 ὡραῖον
419 1210 502 1249 ὅντα
517 1208 647 1262 γράψαι
661 1208 765 1246 αὐτόν
776 1224 784 1232 ·
799 1227 815 1243 α
831 1208 1056 1256 Καθεδοῦμαι
1068 1223 1175 1260 προσ-

133 1271 242 1308 δοκῶν
258 1268 321 1316 τὴν
336 1269 482 1322 ἱμερτὴν
502 1267 562 1307 καὶ
575 1266 705 1306 ἰσόθεόν
717 1282 778 1305 σου
793 1265 939 1304 εἴσοδον.
957 1283 973 1299 u
989 1265 1062 1304 Καὶ
1078 1267 1112 1303 ἐν
1128 1267 1178 1317 τῷ

133 1327 225 1379 Περὶ
241 1326 359 1370 τέλους
370 1326 460 1364 οὕτω
470 1325 625 1378 γράφειν·
640 1343 655 1359 ιι
669 1325 722 1364 Οὐ
732 1322 799 1376 γὰρ
811 1324 919 1374 ἔγωγε
931 1323 1001 1376 ἔχω
1017 1323 1051 1361 τί
1063 1323 1178 1370 νοήσω

133 1385 305 1436 τάγαθὸν,
328 1386 484 1437 ἀφαιρῶν
503 1383 564 1434 μὲν
583 1382 645 1426 τὰς
660 1383 706 1421 δι’
722 1382 949 1434 ἀφροδισίων,
970 1383 1126 1434 ἀφαιρῶν
1143 1381 1178 1419 δὲ

132 1443 194 1487 τὰς
218 1444 275 1481 διὰ
291 1444 407 1495 χυλῶν
427 1441 572 1492 ἡδονὰς,
592 1441 653 1480 καὶ
676 1440 737 1485 τὰς
767 1441 810 1479 δι’
827 1440 1061 1493 ἀκροαμάτων
1095 1439 1180 1491 [καὶ

131 1501 195 1545 τὰς
210 1502 267 1540 διὰ
286 1502 426 1554 μορφῶν
444 1502 532 1538 add.
546 1502 662 1550 Diog.
675 1499 704 1550 ].
720 1516 736 1533 ν
754 1498 855 1538 Φασὶ
872 1498 1022 1551 καὶπερὶ
1042 1500 1180 1537 Ναυσι-

133 1560 257 1613 φάνους
279 1563 337 1598 τοῦ
356 1563 510 1609 μαθητοῦ
530 1558 717 1611 Πύρρωνος
730 1556 873 1610 γράφειν
889 1557 1001 1595 αὐτόν·
1023 1575 1039 1590 «
1056 1559 1179 1596 Ταῦτα

132 1618 263 1670 ἤγαγεν
279 1617 381 1656 αὐτὸν
402 1619 448 1662 εἷς
468 1617 632 1656 ἔκστασιν
642 1617 805 1663 τοιαύτην
817 1646 828 1666 ,
843 1615 932 1654 ὥστε
943 1631 1001 1666 μοι
1021 1616 1181 1667 λοιδορεῖ-

135 1680 236 1727 σθαι,
255 1675 316 1714 καὶ
334 1678 523 1714 ἀποκαλεῖν
544 1676 766 1715 διδάσκαλον.
785 1692 800 1710 1·
817 1674 1003 1725 Πνεύμονά
1017 1690 1055 1717 τε
1073 1673 1176 1712 αὐτὸν

134 1735 264 1781 ἐκάλει,
276 1734 336 1773 καὶ
347 1735 578 1787 ἀγράμματον
594 1734 654 1773 καὶ
665 1735 853 1772 ἀπατεῶνα
865 1733 925 1772 καὶ
935 1733 1075 1786 πόρνον.
1088 1734 1180 1777 Τούς

133 1809 171 1832 τε
183 1792 263 1846 περὶ
282 1794 459 1833 Πλάτωνα
473 1794 772 1836 Διονυσοκόλακας
783 1823 792 1840 ,
806 1792 866 1831 καὶ
881 1792 982 1831 αὐτὸν
1001 1792 1180 1832 Πλάτωνα

136 1855 305 1904 χρυσοῦν,
337 1851 398 1891 καὶ
419 1850 639 1904 Ἀριστοτέλη
661 1850 806 1889 ἄσωτον·
836 1852 991 1903 φαγόντα
1020 1849 1086 1903 γὰρ
1117 1850 1181 1896 τὴν

136 1909 304 1964 πατρῴαν
337 1910 456 1949 οὐσίαν
491 1909 740 1962 στρατεύεσθαι
774 1909 834 1948 καὶ
869 1910 1179 1962 φαρμακοπωλεῖν·

137 1969 354 2022 φορμοφόρον
372 1985 411 2008 τε
429 1968 684 2021 Πρωταγόραν,
702 1968 762 2006 καὶ
786 1969 923 2022 γραφέα
943 1968 1183 2021 Δημοκρίτου,

141 2027 202 2067 καὶ
223 2029 257 2065 ἐν
291 2026 428 2077 κώμαις
457 2027 651 2080 γράμματα
681 2026 869 2066 διδάσκειν.
898 2026 1126 2079 Ἡράκλειτόν
1145 2042 1183 2064 τε

138 2084 294 2138 μιμητὴν
315 2086 368 2139 (l.
390 2085 545 2133 κυκητὴν
566 2100 611 2124 ex
626 2086 699 2136 D.)
715 2115 725 2132 ‚
747 2085 808 2124 καὶ
827 2085 1051 2137 Δημόκριτον
1066 2085 1182 2137 Ληρό-

137 2159 253 2198 κριτον
265 2174 276 2194 ,
298 2143 358 2182 καὶ
383 2143 587 2198 Ἀντίδωρον
614 2143 826 2197 Σαινίδωρον
839 2173 851 2195 ,
870 2144 949 2188 τούς
966 2159 1004 2183 τε
1025 2145 1184 2190 Κυζικη-

137 2201 214 2245 vob:
245 2201 437 2252 (Κυνικοὺς
462 2216 537 2241 em.
564 2203 739 2254 Reines.)
757 2201 897 2255 ἐχθροὺς
913 2205 974 2248 τῆς
999 2201 1183 2249 Ἑλλάδος,

137 2260 199 2298 καὶ
229 2259 308 2303 τοὺς
339 2260 575 2304 διαλεκτικοὺς
611 2260 902 2313 πολυφθονεροὺς,
935 2258 1111 2312 Πύρρωνά
1145 2275 1184 2298 τε

138 2319 258 2368 ἀμαθῆ
282 2317 342 2356 καὶ
361 2318 582 2357 ἀπαίδευτον.
641 2318 848 2370 Χρύσιππος
881 2318 916 2358 δὲ
936 2318 1055 2365 ἐζήλου
1080 2317 1184 2356 αὐτὸν

137 2378 172 2415 ἐν
187 2376 420 2429 πολυγραφίᾳ·
445 2377 519 2415 ὅθεν
544 2376 647 2415 αὐτὸν
669 2377 875 2429 Καρνεάδης
902 2377 1095 2430 παράσιτον
1116 2379 1184 2415 τῶν

137 2434 267 2474 ἐκείνου
287 2435 430 2487 βιὸλίων
452 2437 632 2474 ἀποκαλεῖ·
647 2438 676 2474 εἷ
694 2436 762 2490 γάρ
779 2453 812 2475 τι
829 2435 961 2489 γράψαι
978 2439 995 2474 ὁ
1011 2435 1181 2475 Ἐπίκου-

139 2509 211 2546 ρος,
228 2493 428 2546 ἐφιλονείκει
445 2498 606 2532 τοσοῦτον
625 2494 759 2548 γράψαι
779 2497 796 2532 ὃ
809 2494 1016 2547 Χρύσιππος
1027 2523 1037 2541 ,
1053 2493 1112 2531 κα’ὶ
1129 2492 1185 2530 διὰ

2195 193 2269 226 ¹68

1229 286 1292 318 que
1315 286 1371 309 cor
1393 278 1560 310 inventum
1582 279 1653 318 pilis
1675 279 1833 319 obsitum,
1857 280 2022 320 multoque
2045 280 2148 319 maJus
2176 289 2273 320 quam

1231 336 1368 369 hominis
1382 338 1498 369 natura
1515 337 1664 377 patiatur.

1274 399 1325 427 25.
1346 395 1593 427 Eratosthenes
1607 395 1684 426 Beta
1699 394 1941 437 cognominatus
1957 397 2022 435 est,
2037 396 2123 436 quod
2141 396 2275 428 summis

1231 453 1415 495 proximus,
1433 452 1466 484 in
1480 453 1568 484 omni
1584 452 1758 493 disciplinae
1774 461 1888 493 genere
1900 453 2056 485 secundas
2071 455 2206 486 teneret.

1276 516 1326 544 26.
1347 511 1529 552 Euripi-des
1553 511 1658 550 diem,
1677 520 1744 551 quo
1770 511 1875 543 Groeci
1901 513 2009 543 Persas
2030 511 2144 551 proelio
2168 513 2274 544 navali

1232 581 1307 604 cum
1326 573 1430 603 Xerxe
1447 570 1618 602 commisso
1631 569 1858 611 profligarunt,
1873 570 2013 601 natalem
2028 570 2159 610 hahuit,
2178 571 2276 603 Athe-

1233 630 1397 663 niensibus
1410 638 1594 670 prosperam
1608 630 1768 661 fortunam
1784 629 1987 669 portendens.

1276 694 1327 722 25.
1354 688 1518 722 Euclides
1539 689 1732 728 Megarensis
1756 697 1775 719 a
1800 688 1940 720 Socratis
1955 696 2034 719 nece
2054 688 2219 720 Platonem
2246 690 2279 720 et

1235 741 1390 782 reliquam
1408 740 1669 781 philosophorum
1685 739 1835 779 turbam,
1849 739 1905 780 qui
1928 741 2143 780 tyrannorum
2162 739 2278 772 crude-

1234 794 1356 825 litatem
1370 792 1575 831 metuebant,
1589 792 1622 823 in
1634 792 1765 823 domum
1781 801 1872 823 suam
1887 791 2073 833 receptavit.
2087 792 2147 824 Hic
2157 792 2279 823 honum

1235 854 1302 877 esse
1328 853 1428 876 unum
1453 844 1598 876 definivit
1628 844 1738 875 multis
1762 843 1946 875 nominibus
1971 843 2187 884 appellatum:
2224 844 2280 876 ali-

1237 899 1363 941 quando
1379 899 1463 931 enim
1478 899 1540 931 hoc
1553 899 1616 930 dici
1629 899 1830 939 prudentiam
1843 923 1851 939 ,
1867 898 2063 939 quandoque
2075 898 2188 937 deum,
2204 898 2283 931 alias

1236 954 1377 984 mentem
1394 952 1502 984 vocari
1527 953 1560 984 et
1584 951 1765 992 hujusmodi
1789 953 1906 983 cetera.
1932 953 2014 988 Quae
2037 950 2122 983 bono
2148 951 2282 982 adversa

1236 1004 1421 1036 viderentur
1445 1003 1593 1042 sustulit,
1618 1012 1655 1036 ea
1676 1012 1718 1035 ne
1742 1012 1810 1035 esse
1831 1002 1963 1044 quidem
1985 1002 2106 1035 dicens.
2126 1003 2283 1035 utebatur

1238 1053 1478 1094 probationibus
1487 1077 1496 1092 ,
1508 1062 1571 1085 non
1586 1053 1635 1084 his
1648 1062 1721 1093 quae
1744 1061 1800 1093 per
1812 1053 2042 1094 assumptiones
2051 1076 2060 1092 ,
2074 1052 2128 1085 sed
2142 1061 2215 1093 quae
2228 1061 2284 1093 per

1238 1102 1457 1135 conclusiones
1473 1101 1558 1134 fiunt
1575 1102 1585 1140 (
1602 1104 1692 1142 Dioy.
1715 1104 1744 1134 ll
1756 1127 1764 1141 ,
1785 1102 1876 1139 106).

1281 1154 1330 1184 28.
1354 1153 1548 1192 Epicurum
1563 1150 1620 1192 qui
1643 1151 1751 1191 probri
1769 1151 1974 1190 insimulant,
1996 1158 2070 1182 eum
2096 1149 2136 1182 ad
2163 1151 2284 1191 Pytho—

1239 1212 1320 1244 clem
1346 1212 1524 1244 sormosum
1540 1211 1775 1243 adolescentem
1799 1211 1831 1242 in
1848 1211 1918 1242 haec
1940 1210 2039 1243 verba
2055 1211 2215 1252 scripsisse
2234 1221 2284 1244 re-

1240 1274 1346 1306 ferunt
1370 1285 1377 1305 z
1399 1272 1592 1305 Amabilem
1616 1274 1715 1304 tuum
1737 1274 1770 1304 et
1796 1271 1956 1304 divinum
1981 1271 2102 1304 sedebo
2127 1275 2284 1313 operiens

1240 1336 1433 1374 inyressum
1449 1334 1510 1374 (D.
1522 1334 1548 1365 X
1559 1356 1568 1371 ‚
1586 1334 1624 1373 5)
1642 1346 1648 1365 :
1664 1333 1741 1365 item
1754 1333 1787 1364 in
1804 1333 1886 1365 libro
1900 1335 1947 1365 De
1963 1333 2024 1365 tine
2037 1333 2082 1365 sic
2097 1334 2259 1374 scripsisse
2275 1343 2283 1365 :

1245 1395 1411 1436 Equidem
1425 1391 1560 1435 iqnoro,
1577 1394 1664 1435 quid
1677 1394 1718 1426 de
1731 1402 1863 1426 summo
1881 1394 1966 1426 bono
1978 1396 2156 1434 statuam,
2171 1396 2202 1426 si
2221 1395 2286 1427 tol·

1241 1456 1315 1488 lam
1338 1455 1553 1496 voluptates,
1584 1464 1671 1496 quas
1697 1464 1802 1496 sapor
1827 1457 2026 1495 ministrat,
2053 1458 2119 1488 aut
2149 1458 2286 1488 Veneris

1241 1525 1324 1549 usus
1342 1516 1470 1556 affert,
1498 1517 1562 1548 aut
1587 1516 1713 1558 quibus
1736 1524 1841 1548 aures
1868 1517 2132 1557 permulcentur
2149 1517 2195 1557 (X
2208 1541 2216 1556 ‚
2235 1518 2286 1557 6).

1241 1578 1363 1610 Ferunt
1382 1577 1520 1610 eundem
1547 1577 1588 1609 de
1609 1577 1812 1618 Nausiphane
1837 1578 2008 1618 Pyrrhonis
2031 1578 2187 1619 discipulo
2209 1579 2287 1611 scri-

1241 1640 1317 1672 bere
1334 1648 1342 1670 :
1362 1642 1441 1672 Haec
1455 1638 1684 1671 adduxerunt
1697 1639 1799 1671 ilium
1812 1640 1850 1671 in
1866 1641 2002 1671 tantam
2015 1641 2124 1671 animi
2140 1640 2287 1672 insolen-

1244 1703 1348 1740 tiam,
1369 1701 1411 1732 ut
1428 1708 1482 1732 me
1497 1700 1694 1732 maledictis
1711 1700 1900 1740 suqillaret
1917 1702 2151 1742 vocitaretque
2166 1710 2200 1733 se
2216 1710 2287 1733 ma·

1241 1763 1394 1803 qistrum
1412 1769 1537 1793 viteam.
1556 1762 1746 1793 Pulmonem
1763 1770 1892 1802 quoque
1916 1762 2021 1802 ipsum
2058 1764 2092 1795 et
2119 1763 2286 1795 indoctum

1242 1824 1274 1855 et
1291 1823 1495 1864 deceptorem
1509 1823 1540 1855 et
1550 1824 1694 1854 scortum
1709 1823 1863 1864 vocabat;
1877 1823 2018 1855 Platonis
2031 1824 2107 1856 item
2118 1826 2290 1857 sectatores

1243 1884 1386 1925 Dionysii
1409 1885 1640 1924 assentatores,
1666 1884 1834 1916 Platonem
1852 1893 1983 1925 quoqne
2007 1885 2112 1926 ipsum
2134 1895 2288 1928 aureum3

1244 1946 1447 1979 Aristotelem
1464 1945 1631 1986 prodigum
1643 1970 1651 1985 ,
1670 1945 1725 1985 qui
1745 1946 1937 1986 patrimonio
1953 1949 2143 1987 consumpto
2160 1948 2291 1980 militas-

1245 2008 1292 2039 set
1313 2007 1345 2038 et
1369 2006 1602 2038 medicamenta
1625 2006 1838 2046 vendidisset;
1862 2007 2004 2047 bajulum
2028 2010 2232 2048 Protagoram
2257 2011 2289 2041 et

1244 2068 1382 2100 scribam
1398 2067 1587 2106 Democriti,
1603 2067 1659 2108 qui
1673 2069 1707 2099 in
1720 2068 1799 2099 vicis
1815 2067 1922 2100 literas
1941 2068 2120 2108 docuisset;
2145 2070 2269 2102 Heracli
2280 2088 2290 2094 -

1245 2130 1315 2160 tum
1339 2137 1469 2169 quoque
1491 2128 1710 2168 turbatorem,
1736 2129 1958 2160 Democritum
1981 2130 2181 2162 Lerocritum
2203 2131 2291 2171 (sive

1245 2189 1464 2230 Nugatorem)
1491 2189 1524 2220 et
1546 2188 1736 2220 Antidorum
1753 2189 1956 2221 Saenidorum
1982 2190 2070 2230 (sive
2097 2191 2290 2223 Donisblan·

1246 2250 1429 2291 dientem);
1462 2250 1600 2290 Cynicos
1629 2249 1775 2282 inimicos
1805 2252 1940 2283 Graeciae
1969 2253 2002 2284 et
2030 2252 2214 2285 dialecticos
2240 2253 2290 2285 ni-

1247 2313 1349 2344 mium
1365 2311 1507 2350 invidos;
1527 2310 1724 2350 Pyrrhonem
1738 2319 1867 2351 quoque
1880 2311 2045 2343 indoctum
2061 2313 2093 2344 et
2106 2311 2291 2353 imperitum

1246 2375 1424 2415 appellabat
1445 2375 1511 2415 (X,
1529 2375 1578 2415 8).
1603 2375 1786 2407 AEmulatus
1798 2375 1846 2407 est
1869 2375 1958 2406 illum
1983 2375 2181 2416 Chrysippus
2200 2375 2232 2407 in
2252 2376 2291 2407 li-

1247 2436 1379 2467 brorum
1390 2435 1596 2468 multitudine
1606 2447 1615 2476 ;
1629 2444 1728 2476 quare
1739 2445 1813 2467 eum
1825 2436 2008 2468 carneades
2018 2437 2194 2477 parasitum
2208 2437 2292 2469 illius

1249 2496 1407 2528 librorum
1422 2496 1498 2528 dicit
1513 2508 1521 2527 :
1534 2504 1608 2527 nam
1619 2495 1645 2527 si
1659 2495 1736 2536 quid
1750 2495 1907 2536 Epicurus
1917 2496 2088 2537 scriberet,
2102 2497 2291 2529 tantundem

138 2631 225 2658 νησις
238 2622 410 2662 ὑπερεῖχεν,
425 2621 489 2653 ἀλλ’
502 2621 560 2653 οὐκ
572 2622 614 2658 εἰς
631 2622 748 2663 μακρὸν
761 2621 873 2659 ταύτης
887 2621 1061 2658 ἁπήλαυσε·
1076 2619 1239 2661 γενόμενος
1254 2619 1313 2660 γὰρ
1332 2619 1401 2659 περὶ
1414 2618 1453 2650 τὰ
1470 2618 1517 2649 κδ’
1530 2617 1582 2655 ἔτη
1600 2618 1705 2655 ἐξέστη
1717 2622 1779 2650 τῶν
1790 2623 1916 2659 φρενῶν,
1933 2619 1986 2650 καὶ
1999 2618 2035 2658 ἧν
2050 2619 2169 2655 ἀλλοῖος
2183 2621 2289 2654 αὑτοῦ.

139 2667 288 2708 μηδεμιᾶς
306 2667 442 2708 ἀφορμῆς
458 2668 620 2709 γενομένης
640 2669 659 2705 ἢ
676 2667 847 2709 ἀρρωστίας
866 2670 922 2698 τοῦ
938 2667 1085 2707 σώματος
1096 2675 1103 2682 ·
1122 2667 1203 2697 ὥστε
1220 2666 1273 2698 καί
1301 2677 1385 2702 τινας
1402 2666 1623 2697 ἀποσκώπτειν
1647 2667 1688 2701 εἰς
1703 2668 1822 2698 τουτονὶ
1838 2667 1890 2698 τὸν
1913 2667 2085 2708 τρισάθλιον
2107 2667 2174 2698 τόδε
2191 2668 2226 2698 τὸ
2242 2667 2291 2698 λό-

139 2724 205 2754 γιον
218 2723 226 2730 ·
243 2713 427 2755 Ἑρμογένης
452 2715 470 2745 ὁ
485 2714 516 2745 ἐν
541 2715 631 2745 παισὶ
653 2714 761 2755 γέρων,
784 2714 814 2745 ἐν
831 2714 863 2745 δὲ
876 2714 999 2755 γέρουσι
1024 2714 1108 2748 παῖς.
1120 2713 1210 2749 ’Πλὴν
1229 2713 1296 2754 περὶ
1313 2714 1366 2744 τὸν
1389 2713 1429 2750 ιη’
1450 2714 1469 2751 ἢ
1485 2713 1514 2744 κ’
1532 2713 1642 2753 χρόνον
1665 2713 1824 2753 γενόμενος
1839 2713 1944 2754 γράφει
1965 2717 2063 2745 ταῦτα
2076 2714 2115 2745 τὰ
2135 2715 2237 2755 βιῧλία
2253 2716 2291 2746 τα

138 2761 274 2801 γέμοντα
289 2760 598 2802 θαυμάτων,’1’έχνην
614 2761 788 2802 ῥητορικὴν,
802 2761 840 2798 ἢν
856 2761 933 2801 μετὰ
949 2763 1052 2802 χεῖρας
1069 2759 1193 2800 ἔχουσιν
1210 2759 1340 2795 ἅπαντες
1350 2784 1359 2799 ,
1374 2761 1450 2800 Περὶ
1467 2759 1608 2791 στάσεων
1628 2759 1746 2800 βιὸλίον
1760 2761 1804 2800 ἓν,
1819 2762 1893 2801 Περὶ
1908 2762 1997 2792 ἰδεῶν
2016 2760 2109 2800 λόγου
2127 2761 2230 2802 βιῧλία
2249 2762 2289 2801 β’,

139 2808 215 2847 Περὶ
230 2807 343 2845 Κοίλης
356 2807 466 2849 Συρίας
480 2806 519 2849 β’.
533 2808 743 2849 Φιλόστρατος
754 2807 786 2839 δὲ
799 2808 816 2838 ὁ
829 2808 965 2848 Λήμνιος
976 2807 1006 2838 ἐν
1022 2809 1087 2843 ταῖς
1107 2807 1180 2846 Περὶ
1193 2810 1255 2838 τῶν
1269 2810 1425 2847 σοφιστῶν
1443 2807 1630 2847 ἀναγραφαῖς
1648 2807 1747 2838 ταῦτά
1759 2819 1849 2848 φησιν
1867 2809 1940 2848 Περὶ
1954 2808 2064 2839 αὐτοῦ·
2077 2820 2092 2834 «
2107 2808 2290 2848 Ἑρμογένης

139 2854 170 2885 δὲ
187 2855 254 2886 κτλ.
273 2853 374 2892 (Vide
388 2855 456 2888 Vit.
473 2854 611 2895 Sopllist.
631 2863 662 2895 p.
680 2855 772 2894 575).
790 2867 806 2882 n
822 2855 953 2895 Λέγεται
973 2854 1005 2885 δὲ
1021 2857 1112 2885 τοῦτο
1134 2852 1195 2884 ὑπό
1213 2864 1316 2892 τινων,
1337 2854 1382 2884 ὅτι
1402 2854 1639 2891 τελευτήσαντος
1657 2854 1752 2885 αὐτοῦ
1776 2855 1931 2896 ἀνετμήθη
1947 2856 2000 2886 καὶ
2022 2855 2126 2895 εὑρέθη
2145 2856 2164 2891 ἡ
2181 2855 2290 2896 καρδία

139 2902 234 2933 αὐτοῦ
249 2902 457 2942 τετριχωμένη
468 2925 476 2939 ,
494 2902 548 2932 καὶ
561 2905 607 2942 τῷ
619 2902 738 2942 μεγέθει
753 2902 832 2933 πολὺ
845 2905 898 2939 τῆς
915 2901 1103 2943 ἀνθρωπείας
1116 2900 1237 2941 φύσεως
1249 2901 1496 2942 ὑπερὸάλλουσα.
1512 2902 1573 2932 Καὶ
1588 2904 1687 2932 ταῦτα
1701 2902 1755 2941 μὲν
1770 2902 1810 2933 τὰ
1826 2903 1893 2943 περὶ
1908 2902 2003 2933 αὐτοῦ
2021 2902 2165 2943 ᾀδόμενα.

181 2947 200 2988 §
214 2953 263 2980 25.
282 2949 397 2980 suidas
417 2962 424 2981 :
443 2948 749 2989 Ἐρατοσθένης,
763 2949 888 2989 Ἀγλαοῦ
901 2956 908 2964 ·
924 2950 953 2979 οἱ
967 2949 999 2979 δὲ
1017 2947 1199 2989 Ἀμὸροσίου
1211 2957 1218 2964 ·
1234 2949 1417 2988 Κυρηναῖος,
1434 2949 1572 2989 μαθητὴς
1587 2948 1755 2988 φιλοσόφου
1770 2949 1947 2991 Ἀρίστωνος
1962 2949 2038 2981 Χίου
2049 2973 2057 2988 ,
2073 2953 2289 2990 γραμματικοῦ

141 2993 173 3024 δὲ
193 2993 352 3025 Λυσανίου
370 2996 425 3024 τοῦ
440 2994 616 3034 Κυρηναίου
629 2994 681 3025 καὶ
706 2994 910 3035 Καλλιμάχου
928 2998 984 3026 τοῦ
1002 2996 1146 3031 ποιητοῦ.
1169 2995 1372 3035 Μετεπέμρθη
1389 2995 1422 3026 δὲ
1442 2995 1471 3031 ἐξ
1494 2995 1625 3032 Ἀθηνῶν
1639 2995 1700 3026 ὑπὸ
1722 2998 1778 3027 τοῦ
1800 2996 1904 3036 τρίτου
1922 2996 2136 3036 Πτολεμαίου,
2152 2997 2204 3026 καὶ
2228 2997 2288 3026 διέ-

140 3041 227 3080 τριψε
241 3040 328 3081 μέχρι
341 3042 397 3071 τοῦ
415 3041 570 3080 πέμπτου.
589 3040 648 3071 Διὰ
667 3040 700 3071 δὲ
720 3041 756 3072 τὸ
771 3041 956 3081 δευτερεύειν
979 3040 1009 3071 ἐν
1023 3040 1114 3071 παντὶ
1129 3039 1201 3070 εἴδει
1214 3042 1355 3078 παιδείας
1370 3045 1434 3078 τοῖς
1453 3042 1558 3083 ἄκροις
1575 3043 1744 3083 ἐγγίσαντα
1764 3045 1849 3081 Βῆτα
1866 3044 1923 3083 (τὰ
1939 3045 2064 3085 βήματα
2081 3044 2173 3075 codd.
2190 3045 2198 3081 )
2217 3044 2287 3075 ἐπε-

142 3087 251 3125 κλήθη.
271 3089 311 3118 Οἱ
327 3087 360 3118 δὲ
378 3087 431 3118 καὶ
448 3086 586 3127 δεύτερον
600 3088 620 3125 ἢ
633 3087 700 3119 νέον
717 3088 890 3126 Πλάτωνα,
907 3088 994 3119 ἄλλοι
1013 3087 1185 3119 Πένταθλον
1202 3088 1363 3120 ἐκάλεσαν.
1381 3089 1510 3130 Ἐτέχθη
1532 3089 1564 3120 δὲ
1578 3095 1646 3131 ρκς’
1668 3089 1873 3131 Ὀλυμπιάδι,
1887 3092 1940 3122 καὶ
1962 3091 2155 3128 ἐτελεύτησεν
2169 3089 2198 3122 π’
2211 3091 2287 3121 ἐτῶν

142 3134 275 3173 γεγονὼς
287 3156 296 3172 ,
312 3132 527 3173 ἀποσχόμενος
542 3137 652 3173 τροφῆς
677 3134 728 3165 διὰ
739 3134 775 3165 τὸ
798 3134 1026 3174 ἆμὸλυώττειν,
1040 3134 1178 3173 μαθητὴν
1196 3134 1348 3176 ἐπίσημον
1362 3138 1541 3167 καταλιπὼν
1556 3137 1772 3178 Ἀριστοφάνην
1785 3139 1837 3170 τὸν
1850 3139 2013 3176 Βυζάντιον
2023 3148 2030 3155 ’
2050 3138 2086 3170 οὗ
2100 3136 2191 3169 πάλιν
2210 3138 2287 3177 'Api-

143 3190 287 3220 σταρχος.
308 3180 452 3216 Μαθηταὶ
472 3180 504 3211 δὲ
524 3179 619 3211 αὐτοῦ
641 3181 787 3218 Μνασέας
803 3182 856 3212 καὶ
875 3181 1048 3221 Μένανδρος
1061 3181 1114 3211 καὶ
1135 3179 1275 3221 Ἄριστις.
1296 3182 1434 3224 Ἔγραψε
1450 3184 1482 3215 δὲ
1500 3184 1651 3225 φιλόσοφα
1676 3187 1728 3217 καὶ
1749 3186 1909 3226 ποιήματα
1925 3187 1978 3217 καὶ
1991 3185 2140 3225 ἱστορίας,
2164 3184 2286 3223 Ἀστρο-

143 3226 252 3268 νομίαν
265 3227 285 3264 ἢ
301 3227 576 3267 Καταστερισμοὺς
591 3226 892 3269 (Καταστηρίγμους
907 3227 1040 3267 codd.)‚
1058 3227 1129 3268 Περὶ
1148 3230 1210 3259 τῶν
1231 3230 1312 3261 κατὰ
1334 3231 1514 3272 φιλοσοφίαν
1529 3232 1691 3272 αἱρέσεων,
1709 3234 1784 3273 Περὶ
1807 3233 1957 3272 ἀλυπίας,
1973 3233 2140 3271 Διαλόγους
2157 3231 2285 3266 πολλοὺς

143 3273 195 3303 καὶ
208 3273 410 3314 γραμματικοὶ
423 3273 535 3313 συχνά.

186 3316 206 3357 §
228 3321 278 3348 26.
301 3317 350 3348 Gi'.
371 3319 487 3357 praeter
509 3319 631 3350 ceteros
647 3319 760 3351 Suidas
776 3329 807 3352 v.
825 3323 850 3353 E
863 3321 1041 3362 ὐριπίδης
1063 3336 1069 3354 :
1086 3323 1137 3354 Ἐν
1153 3324 1185 3355 δὲ
1198 3327 1235 3364 τῇ
1252 3323 1391 3356 διαὸάσει
1407 3324 1520 3365 Ξέρξου
1534 3325 1730 3366 ἐκυοφορεῖτο
1743 3326 1803 3356 ὑπὸ
1814 3329 1866 3363 τῆς
1881 3326 2008 3366 μητρὸς,
2028 3324 2080 3355 καὶ
2097 3324 2203 3364 ἐτέχθη
2218 3325 2286 3354 καθ’

145 3364 183 3401 ἣν
197 3365 312 3405 ἡμέραν
325 3364 469 3402 ’Έλληνες
483 3365 648 3407 ἐτρέψαντο
662 3367 732 3403 τοὺς
747 3366 880 3408 Πέρσας.
905 3371 986 3406 Quae
999 3378 1073 3401 cum
1090 3371 1194 3403 verbis
1212 3371 1316 3403 Nostri
1334 3371 1437 3403 minus
1452 3380 1548 3411 quam
1568 3373 1599 3403 in
1610 3373 1729 3404 ceteris
1745 3373 1822 3404 locis
1839 3373 1898 3403 alia
1917 3372 2100 3403 concinunt.

2082 3432 2123 3456 Η.
