2372 3704
136 242 212 276 494

1063 229 1184 269 SEM1
1213 228 1351 268 DELII

133 324 192 363 καὶ
221 322 371 362 ἀνελθὼν
399 322 462 361 οὒκ
483 321 532 360 ἔτι
551 323 656 374 γελᾶν
683 321 838 360 ἐδύνατο.
861 319 932 360 Καὶ
950 334 1172 373 χρηστηρῑα-
1235 323 1358 367 ὕδατος
1371 324 1466 376 ἰχθῦς
1477 321 1654 374 κατέχεεν.
1674 323 1795 360 Εἶπεῖν
1813 313 1870 358 οῧν
1887 320 2001 364 αὐτοῖς
2020 318 2097 363 τοὺς
2117 320 2184 357 τῶν
2198 319 2272 366 Δη-

133 383 264 435 ζομένῳ
284 381 364 435 περὶ
375 380 516 429 τούτου,
532 384 554 427 ἡ
578 379 690 420 Πυθία
708 379 792 433 ἔφη·

214 499 292 540 Ε’ίρῃ
307 497 339 539 μ’
352 498 427 539 ἀμφὶ
444 498 590 538 γέλωτος,
605 495 758 537 ἀμείλιχε,
779 495 944 537 μειλιχίοιο
953 505 963 535 ;

215 546 318 578 Δώσει
332 556 381 578 σοι
399 545 497 587 μήτηρ
506 545 597 586 οἴκῳ,
614 544 669 582 τὴν
683 544 775 584 ἔξοχα
787 547 844 574 τῖε.

134 646 308 692 Ἐλπίζων
330 647 371 692 δ’,
390 645 431 684 ἂν
454 644 625 696 ἐπανέλθῃ
649 645 696 687 εἷς
717 643 779 691 τὴν
799 642 950 695 πατρίδα
963 673 973 689 ,
1000 640 1174 691 γελάσειν,

134 709 180 750 ὡς
196 705 292 744 οὐδὲν
305 700 344 752 ἦν
357 704 475 754 πλέον,
490 704 642 754 οἰόμενος
657 703 917 750 ἐξηπατῆσθαι,
936 700 1075 752 ἔρχεταί
1093 715 1176 738 ποτε

134 765 226 803 κατὰ
246 765 353 816 τύχην
372 765 417 808 εἷς
434 765 567 809 Δηλον·
590 762 650 800 καὶ
669 761 785 799 πάντα
802 760 846 798 τὰ
870 759 962 798 κατὰ
989 759 1053 805 τὴν
1071 761 1174 804 νῆσον

135 823 320 878 θαυμάζων
338 824 420 868 ἠλθε
436 838 495 860 και
513 823 559 864 εἷς
569 820 608 858 τὸ
631 822 790 872 Λητῶον,
814 819 959 867 νομίζων
974 821 1033 864 τῆς
1050 817 1178 855 Ἀπόλ-

134 884 242 925 λωνος
270 881 399 934 μητρὸς
433 881 533 932 ἄγαλ
529 879 578 918 αά
603 895 636 917 τι
667 878 852 929 θεωρήσειν
874 877 1068 926 ἀξιόλογον·
1096 876 1176 913 ἶδων

134 942 166 978 δ’
186 941 269 978 αὐτὸ
287 940 416 984 ξύλινον
435 939 590 991 ἄμορφον
609 935 810 988 παραδόξως
833 935 1011 986 εγέλασεν.
1035 933 1104 973 Καὶ
1120 933 1176 971 τὸν

135 1015 195 1038 του
238 1003 313 1037 θεου
353 997 513 1050 χρησμὸν
548 993 755 1046 ξυμὸαλὼν,
791 994 850 1032 καὶ
888 1009 949 1040 της
984 991 1178 1045 ἀρρωστίας

136 1056 370 1108 ἀπαλλαγεὶς,
389 1054 588 1106 μεγαλωστὶ
607 1052 669 1100 τὴν
682 1052 755 1090 θεὸν
773 1051 950 1103 ἐτίμησεν.

640 1164 678 1200 9.

187 1238 325 1274 Athen.
344 1238 421 1282 XI,
443 1248 483 1286 p.
505 1237 602 1286 469,
623 1238 683 1274 C.
702 1236 864 1286 Σῆμοςδ’
883 1237 918 1273 ἓν
924 1234 1082 1286 πέμπτῃ
1099 1237 1175 1280 Δη-

135 1295 252 1339 λιάδος
279 1294 482 1333 ἀνακεῖσθαί
506 1310 610 1347 φησιν
627 1297 662 1333 ἐν
683 1295 790 1344 Δήλῳ
821 1309 954 1346 χρυσην
986 1293 1178 1340 ἡδυποτίδα

135 1354 358 1406 Ἐχενίκης’
343 1353 534 1406 επιχωρίας
552 1353 730 1405 γυναικὸς,
754 1357 796 1400 ἡς
824 1351 1032 1404 μνημονεύει
1054 1352 1114 1390 καὶ
1142 1354 1178 1391 ἐν

135 1416 179 1466 τῇ
199 1413 316 1465 ὀγδόῃ.

625 1491 687 1514 10.

188 1567 295 1603 Idem
313 1567 415 1611 XIV,
435 1579 475 1614 p.
502 1565 594 1610 618,
613 1567 646 1602 A
664 1578 672 1601 z
695 1556 771 1605 Τὴν
790 1562 827 1601 δὲ
844 1562 1030 1601 συναυλίαν
1050 1562 1085 1600 τί
1100 1563 1177 1600 ποτ’

137 1624 241 1670 ἐστὶν,
258 1623 435 1676 ἐμφανίζει
458 1625 579 1673 Σῆμος
598 1625 615 1660 ὁ
632 1621 759 1668 Δήλιος
773 1623 806 1659 ἐν
826 1622 978 1673 πέμπτῳ
991 1620 1177 1671 Δηλιάδος,

136 1682 280 1734 γράφων
307 1680 432 1724 οὕτως·
463 1679 747 1731 «Ἀγνοουμένης
770 1679 805 1718 δὲ
831 1679 928 1732 παρὰ
946 1680 1086 1722 πολλοῖς
1118 1683 1180 1727 τῆς

137 1740 339 1786 συναυλίας,
357 1739 508 1778 λεκτέον.
529 1733 598 1778 Ἤν
613 1755 663 1782 τις
674 1738 768 1790 ἀγὼν
782 1738 982 1791 συμφωνίας
999 1737 1180 1788 ἀμοιὸαῖος

137 1799 243 1836 αὐλοῦ
264 1798 324 1836 καὶ
351 1801 502 1850 ῥυθμοῦ,
530 1797 638 1850 χωρὶς
665 1797 768 1849 λόγου
790 1801 851 1835 τοῦ
881 1797 1179 1850 προσμελῳδοῦν-

136 1871 205 1900 τος.
222 1874 236 1890 »

452 1927 482 1962 Ε
511 1926 662 1963 LIBRO
691 1926 861 1963 SEXTO.

629 2042 689 2067 11.

191 2118 298 2153 Idem
316 2118 479 2166 VIII,p.
504 2117 598 2162 331,
620 2118 682 2154 F:
701 2117 821 2164 Σῆμος
843 2117 871 2154 δ’
893 2117 927 2154 ἐν
948 2114 1036 2169 ἕκτῳ
1053 2116 1181 2164 Δηλιά-

137 2176 238 2218 soem
237 2174 459 2220 «Ἀθηναίοις
481 2175 601 2227 (φησι)
623 2174 796 2224 θυομένοις
819 2176 853 2212 ἐν
876 2176 982 2227 Δήλῳ
1009 2174 1070 2222 τὴν
1097 2176 1181 2227 χέρ-

137 2233 215 2270 νιὸα
238 2232 351 2284 βάψας
365 2235 382 2270 ὃ
396 2233 477 2276 παῖς
491 2232 706 2283 προσήνεγκε
717 2263 727 2280 ,
741 2234 806 2270 κᾶν
825 2236 868 2285 τῇ
887 2234 993 2286 φιάλῃ
1013 2234 1101 2284 μετὰ
1122 2239 1179 2272 τοῦ

136 2344 218 2376 libro
236 2345 393 2384 Deliadis)
409 2345 457 2376 vir
474 2346 506 2376 et
526 2354 639 2385 genere
662 2347 693 2376 et
708 2345 821 2385 opibus
833 2346 1010 2384 excellens,
1027 2355 1128 2386 quum
1149 2347 1180 2378 in

137 2397 445 2437 Trophoniiantruin
459 2397 688 2436 descendisset,
700 2406 740 2428 ex
753 2407 790 2429 eo
802 2397 924 2430 rediens
934 2398 1037 2431 ridere
1050 2399 1182 2439 posthac

137 2458 202 2480 non
221 2444 348 2489 potuit)
363 2450 422 2482 Cui
445 2450 485 2481 de
500 2458 537 2481 ea
563 2458 597 2481 re
621 2450 787 2481 oraculum
803 2450 980 2483 consulenti
1003 2451 1116 2492 Pythia
1130 2460 1181 2484 re-

136 2500 265 2540 spondit
282 2509 290 2531 :

210 2581 251 2607 De
266 2578 400 2613 jucundo
414 2578 474 2607 risu
485 2585 532 2606 me
545 2585 644 2613 rogas,
659 2577 757 2606 ridere
774 2579 890 2607 nescius
903 2579 994 2608 homo
1003 2580 1018 2607 Ρ

208 2624 291 2653 dabit
301 2624 353 2652 tihi
368 2626 462 2652 mater
475 2623 555 2652 domi
566 2634 574 2656 ς
587 2631 652 2652 eam
665 2630 727 2660 prae
740 2624 846 2652 ceteris
860 2627 893 2653 tu
904 2632 1056 2655 venerare.

138 2704 195 2737 llle
217 2704 312 2744 igitur
335 2711 465 2743 sperans
483 2711 516 2734 se
537 2703 570 2734 in
586 2702 722 2743 patriam
751 2711 914 2735 reversum
936 2704 1073 2736 risurum
1093 2714 1179 2745 esse,

138 2757 307 2796 postquam
329 2754 406 2786 nihil
424 2754 577 2794 profecit,
599 2754 769 2794 deceptum
785 2763 818 2786 se
839 2758 946 2795 ratus,
964 2756 1079 2788 Delum
1101 2757 1181 2789 sorte

141 2806 240 2838 venit.
261 2806 306 2837 lbi
324 2815 425 2846 quum
450 2806 557 2837 omnia
582 2815 655 2846 quae
674 2806 706 2837 in
730 2806 783 2837 illa
800 2806 904 2838 insula
920 2807 1078 2847 visuntur,
1101 2811 1181 2841 esset

139 2857 315 2888 admiratus
326 2881 335 2896 ,
355 2857 486 2889 intravit
498 2858 594 2888 etiam
613 2859 741 2889 Latonae
761 2858 936 2898 templum,
953 2859 1136 2891 existimans
1148 2869 1182 2892 se

139 2910 250 2941 matris
265 2910 415 2949 Apollinis
428 2911 566 2941 statuam
579 2907 718 2950 aliquam
732 2910 886 2950 insignem
900 2911 1044 2944 visurum
1062 2922 1069 2943 :
1083 2921 1181 2952 quam

139 2961 192 2992 ubi
210 2963 241 2992 et
253 2961 388 3000 ligneam
405 2963 436 2992 et
446 2961 619 2993 deformem
636 2963 683 2993 est
694 2962 912 3002 conspicatus,
926 2965 1043 3003 praeter
1058 2964 1181 3004 opinio-

139 3020 214 3043 nem
229 3012 260 3042 in
285 3012 383 3043 risum
405 3013 525 3044 effusus
537 3014 594 3044 est.
614 3014 653 3044 Et
669 3012 846 3053 intelligens
863 3014 1030 3046 oraculum
1045 3015 1113 3047 deoe
1124 3039 1134 3055 ,
1150 3017 1183 3048 et

139 3061 324 3096 infirmitate
338 3064 392 3097 illa
408 3064 558 3096 liberatus
567 3088 576 3104 ,
589 3065 753 3104 magnifice
766 3065 858 3097 deam
873 3065 983 3098 coluit.

645 3132 678 3163 9.

183 3187 298 3217 semus
309 3184 421 3225 quinto
434 3175 515 3216 libro
535 3187 653 3217 Rerum
671 3186 873 3218 Deliacarum
886 3187 1013 3227 scribit,
1029 3189 1097 3221 Deli
1111 3198 1183 3222 con·

142 3239 298 3270 sacratam
316 3238 437 3270 servari
453 3247 582 3270 auream
596 3238 822 3279 liedypotidem
837 3240 1010 3273 Echenices
1020 3264 1030 3281 ,
1043 3243 1185 3276 mulieris

141 3290 297 3331 indigenae
306 3301 316 3330 ;
326 3290 419 3330 cujus
431 3299 540 3322 rursus
550 3291 694 3323 meminit
704 3291 787 3322 idem
799 3291 880 3324 libro
893 3294 1017 3326 octavo.

635 3358 691 3390 10.

191 3411 364 3444 Tibiarum
388 3414 567 3444 concentus
599 3415 639 3453 μὴ
651 3412 823 3452 συναυλία)
847 3414 926 3454 quid
958 3415 1020 3454 sit,
1043 3415 1182 3448 declarat

1235 381 1318 420 λίων
1338 381 1495 433 μάντεις,
1509 382 1554 424 ὡς
1572 379 1791 433 κυριεύσουσι
1807 382 1868 426 τῆς
1887 378 2076 426 θαλάσσης.
2098 397 2114 414 υ

1727 469 1787 494 12.

1289 533 1410 580 Etym.
1420 532 1474 568 M.
1489 544 1530 580 p.
1549 530 1723 598 1973-38:
1732 522 2005 572 Βίὸλινοςοινος.
2015 526 2180 578 Σίμος(1.
2199 529 2278 575 Ση-

1238 590 1316 639 μος)
1339 588 1404 626 δὲ’
1390 603 1424 625 εν
1446 590 1489 639 τῇ
1503 587 1586 638 ἕκτῃ
1606 590 1666 633 τ’ῆς
1676 586 1823 630 Ἰλιάδος
1839 587 1883 638 (l.
1897 585 2104 636 Δηλιάδος),
2123 587 2158 624 ἐν
2170 585 2277 638 Νάξῳ

1238 661 1322 700 φησι
1333 644 1489 695 ποταμὸν
1503 644 1682 690 Βιὸλίνην,
1696 645 1754 695 ἀφ’
1771 647 1808 681 οὗ
1825 644 1989 681 καλοῦσιν
1999 637 2088 682 οἶνον
2103 643 2277 691 Βίὸλινον,

1238 704 1294 742 διὰ
1311 702 1371 746 τὰς
1393 702 1584 754 πεφυκυίας
1605 701 1791 751 ἀμπέλους
1813 700 1880 740 Διὰ
1915 701 1950 738 δὲ
1970 705 2029 739 τοῦ
2060 716 2086 751 μ
2108 701 2279 755 γράφουσι

1238 762 1294 800 τὸν
1310 761 1480 811 ποταμὸν,
1502 760 1713 811 Βιμῆλίνηψ
1737 775 1797 797 και
1807 774 1864 797 τον
1882 757 2011 804 Νάξιον
2031 752 2119 798 οἶνον
2146 759 2204 798 διὰ
2218 774 2278 799 του

1239 837 1284 871 μ,
1303 819 1507 869 Βίμὸλινον.

1286 879 1461 927 Stephan.
1484 878 1549 914 ss.:
1571 875 1738 924 Βιὸλίνη,
1757 874 1856 926 χώρα
1878 873 2039 928 Θρᾴκης·
2061 874 2130 913 ἀπὸ
2153 873 2282 924 ταύτης

1239 937 1256 973 ὃ
1275 935 1435 978 Βίὸλινος
1455 928 1561 978 οἶνος·
1588 935 1619 972 οἱ
1640 934 1676 972 δὲ
1697 933 1766 971 ἀπὸ
1793 932 1936 976 Βιὸλίας
1967 932 2138 983 ἀμπέλου.
2161 936 2280 984 Δῆμος

1241 995 1286 1043 (ΔΙ.
1309 994 1448 1044 Σῆμος)
1475 994 1504 1030 δ’
1524 995 1541 1030 ὁ
1562 992 1688 1039 Δήλιος
1707 992 1765 1030 τὸν
1787 991 1911 1036 Νάξιόν
1933 1007 2050 1045 φησιν,
2064 991 2183 1039 ἐπειδὴ
2202 991 2282 1032 Νά-

1239 1050 1295 1096 ξου
1316 1050 1470 1101 ποταμὸς
1492 1050 1631 1095 Βίὸλος.
1669 1053 1725 1089 Cf.
1755 1053 1994 1100 Moschopul.
2015 1053 2056 1087 in
2085 1052 2204 1089 schol.
2232 1052 2282 1089 ad

1239 1112 1396 1150 Hesiod.
1418 1112 1490 1160 Op.
1514 1110 1589 1160 589
1620 1124 1628 1147 :
1652 1104 1756 1149 Οἶνον
1785 1109 1958 1157 Βίὸλινον,
1993 1108 2029 1147 ὃν
2056 1108 2180 1153 Νάξιοι
2199 1108 2286 1162 παρ’,

1241 1172 1355 1213 αὑτοῖς
1373 1168 1602 1220 γεωργεῖσθαί
1622 1183 1706 1220 φασι
1726 1167 1827 1220 [περὶ
1840 1168 1853 1219 ]
1868 1166 2026 1217 ποταμὸν
2042 1165 2133 1205 οὕτω
2151 1164 2282 1206 καλού-

1241 1243 1355 1278 μενον.
1384 1230 1555 1265 Aliorum
1586 1229 1784 1276 opiniones
1810 1234 1980 1264 recenset
2009 1226 2208 1263 Athenaeus
2241 1227 2298 1273 I,⁴

1238 1301 1277 1337 p.
1295 1288 1358 1326 31.
1377 1287 1430 1324 Cf.
1449 1288 1513 1336 qui
1533 1287 1738 1323 laudantur
1754 1287 1793 1322 in
1802 1286 1937 1335 Steph.
1950 1284 2059 1323 Thes.
2079 1297 2112 1324 S.
2136 1297 2174 1323 v.

1542 1379 1573 1414 E
1601 1378 1750 1414 LIBRO
1779 1377 1984 1414 OCTAVO.

1730 1462 1791 1501 13.

1292 1538 1490 1574 Athenaeus
1509 1538 1566 1573 III
1578 1565 1588 1582 ,
1605 1550 1646 1586 p.
1676 1550 1748 1586 109
1763 1565 1772 1583 ‚
1789 1539 1818 1574 F
1843 1548 1852 1575 :
1875 1534 2050 1588 Ἀχαΐνας.
2072 1533 2207 1575 Τούτου
2223 1538 2290 1584 τοῦν

1243 1594 1348 1646 ἄρτου
1375 1594 1584 1645 μνημονεύει
1608 1596 1729 1645 Σῆμος
1762 1596 1796 1632 ἐν
1818 1594 1928 1646 ὀγδόῳ
1948 1594 2140 1641 Δηλιάδος,
2170 1592 2282 1646 λέγων

1242 1658 1317 1696 ταῖς
1337 1652 1560 1705 θεσμοφόροις
1582 1651 1748 1702 γίνεσθαι.
1770 1652 1851 1692 Εἰσὶ
1869 1652 1903 1690 δὲ
1924 1652 2022 1705 ἄρτοι
2039 1652 2204 1703 μεγάλοι,
2223 1651 2284 1691 καὶ

1240 1710 1340 1764 ἑορτὴ
1366 1712 1526 1749 καλεῖται
1547 1711 1799 1763 Μεγαλάρτια,
1823 1710 2050 1762 ἐπιλεγόντων
2074 1713 2142 1749 τῶν
2162 1710 2285 1763 φερόν-

1239 1782 1329 1807 των·
1363 1787 1378 1804 a
1412 1766 1576 1821 Ἀχαίνην
1599 1769 1741 1812 στέατος
1769 1768 1928 1818 ἔμπλεων
1958 1769 2098 1821 τράγον,
2134 1786 2149 1803 »
2171 1771 2211 1808 h.
2246 1783 2282 1808 e.

1240 1830 1448 1866 Achai'nam
1472 1837 1674 1878 gestamus,
1694 1836 1842 1877 tragum
1862 1828 2000 1878 (genus
2015 1830 2131 1877 pultis
2146 1841 2192 1865 ex
2214 1829 2283 1864 tri-

1242 1889 1306 1924 tici
1341 1889 1482 1923 semine
1511 1894 1547 1923 et
1578 1887 1831 1936 leguminibus
1851 1888 1965 1923 variis
1990 1887 2155 1931 factum,
2187 1888 2282 1926 Plin.

1242 1947 1290 1983 H.
1311 1947 1359 1982 N.
1382 1946 1532 1990 XVIII,
1570 1958 1608 1991 7,
1641 1944 1699 1980 16.
1737 1957 1807 1990 10,
1832 1958 1902 1989 20,
1941 1943 1983 1993 Ι.)
2004 1945 2281 1982 fermentatum.

1240 2004 1348 2040 Idem
1376 2004 1509 2039 festum
1528 2015 1605 2039 esse
1625 2003 1776 2040 videtur
1797 2003 1904 2050 quod
1924 2004 2009 2039 aliis
2035 2003 2286 2052 grammaticis

1242 2062 1347 2098 audit
1366 2059 1580 2112 Ἀρτοφόρια.
1606 2063 1646 2098 V.
1668 2061 1876 2097 Herodian.
1896 2073 1958 2109 ap.
1988 2061 2114 2097 Cram.
2141 2059 2282 2098 Anecd.

1241 2123 1311 2165 III,
1326 2133 1366 2168 p.
1390 2133 1487 2166 277,
1512 2133 1582 2166 273
1603 2120 1790 2156 Theodos.
1816 2120 1882 2158 Gr.
1899 2132 1940 2168 p.
1964 2119 2035 2168 69,
2055 2132 2099 2165 17
2121 2119 2251 2156 Goettl.
2268 2134 2285 2150 υ

1244 2181 1402 2217 Preller.
1429 2179 1477 2214 ad
1502 2179 1699 2216 Polemon.
1734 2191 1773 2227 p.
1804 2191 1867 2224 7²-
1905 2178 2019 2214 Aliud
2046 2177 2134 2213 libri
2162 2177 2287 2213 octavi

1243 2237 1377 2285 fragm.
1398 2237 1479 2273 vid.
1496 2237 1565 2272 sub
1585 2249 1645 2273 nr.
1672 2249 1710 2284 9.

1244 2349 1356 2380 semus
1367 2347 1474 2379 Delius
1485 2347 1597 2388 quinto
1607 2347 1688 2379 libro
1700 2346 1850 2385 Deliadis,
1865 2346 1920 2377 ubi
1936 2346 1981 2378 sic
1993 2345 2103 2378 scribit
2120 2354 2128 2377 :
2141 2357 2157 2372 α
2175 2347 2286 2383 Quum

1243 2409 1318 2431 vero
1335 2400 1478 2444 ignorent
1493 2400 1587 2432 multi
1602 2399 1753 2431 συναυλία
1766 2398 1842 2445 quid
1861 2398 1919 2438 sit,
1933 2398 2104 2430 dicendum
2120 2399 2168 2430 est
2180 2397 2284 2429 nobis.

1243 2454 1318 2485 Erat
1344 2452 1471 2493 aliquod
1501 2454 1665 2484 certamen
1688 2452 1886 2492 symphoniae
1906 2451 2057 2483 tibiarum
2085 2450 2222 2483 vicissim
2253 2451 2286 2482 et

1243 2505 1402 2546 rhythmi,
1419 2505 1508 2537 nullo
1523 2513 1671 2538 sermone
1682 2504 1795 2537 modos
1806 2504 1894 2536 tibiae
1904 2504 2088 2536 comitante.
2102 2515 2118 2531 n

1283 2626 1396 2656 semus
1405 2625 1495 2656 sexto
1511 2623 1649 2656 Deliadis
1660 2624 1770 2656 scribit
1786 2636 1793 2655 :
1813 2622 2085 2655 «Atheniensibus
2099 2621 2180 2655 Delii
2195 2630 2286 2654 sacra

1243 2675 1429 2708 facientibus
1442 2684 1531 2716 puer,
1543 2684 1659 2716 aquam
1668 2674 1812 2706 lavandis
1825 2675 1973 2706 manibus
1983 2682 2082 2714 quum
2091 2673 2255 2712 hausisset,
2267 2681 2286 2704 e

1242 2728 1346 2767 phiala
1359 2727 1452 2759 simul
1466 2736 1540 2758 cum
1556 2736 1640 2767 aqna
1653 2727 1752 2767 pisces
1764 2726 1890 2758 inludit.
1905 2725 2177 2766 Respondisseque
2191 2733 2286 2764 super

1242 2787 1279 2810 ea
1292 2787 1325 2810 re
1337 2780 1425 2810 vates
1442 2778 1603 2810 Deliorum
1614 2802 1623 2818 ,
1637 2778 1734 2810 maris
1748 2778 1815 2809 fore
1829 2777 1900 2808 illos
1911 2777 2068 2808 dominos.
2081 2789 2097 2804 »ι

1286 2897 1458 2929 Biblinum
1475 2898 1606 2928 vinum.
1624 2897 1736 2928 semus
1753 2897 1844 2927 sexto
1862 2893 2000 2926 Deliadis
2024 2893 2056 2925 in
2074 2894 2164 2926 Naxo
2180 2893 2285 2924 insula

1243 2956 1310 2980 esse
1322 2947 1365 2979 ait
1375 2947 1508 2978 ssuvium
1519 2947 1663 2978 Biblinen
1676 2970 1684 2985 ,
1696 2955 1715 2977 a
1725 2955 1791 2986 quo
1804 2945 1915 2976 vinum
1929 2944 2085 2976 Biblinum
2099 2952 2140 2975 ex
2155 2952 2285 2975 nascen-

1243 2999 1328 3030 tibus
1340 2998 1381 3030 ihi
1394 2998 1512 3030 vitibus
1522 2998 1708 3038 proveniens
1715 2997 1858 3028 vocetur.
1868 2998 2019 3029 Ceterum
2033 2995 2175 3027 scribunt
2187 2996 2284 3027 etiam

1243 3059 1300 3091 per
1320 3058 1355 3082 m
1369 3050 1491 3081 literam
1511 3049 1709 3081 Bimblinen
1723 3047 1875 3087 nuvium,
1889 3048 1922 3079 et
1943 3047 2158 3079 Bimblinum
2172 3046 2285 3078 vinum

1243 3101 1322 3133 illud
1334 3100 1482 3133 Naxium.

1285 3207 1468 3242 Achainas.
1495 3207 1598 3247 Hujus
1612 3207 1701 3248 panis
1716 3206 1860 3238 meminit
1873 3207 1984 3238 Semus
1998 3206 2112 3237 octavo
2125 3205 2207 3237 libro
2226 3207 2285 3238 De-

1246 3260 1353 3300 liadis,
1378 3268 1517 3300 eumque
1533 3258 1660 3298 (Cereri
1681 3259 1713 3290 et
1734 3257 1953 3298 Proserpinae)
1981 3257 2131 3297 Legiseris
2155 3264 2282 3287 sacrum

1247 3313 1353 3344 fuisse.
1368 3313 1450 3344 Sunt
1461 3312 1570 3342 autem
1586 3318 1683 3351 panes
1705 3309 1832 3349 magni3
1849 3310 1879 3340 et
1894 3308 1964 3340 festi
1985 3307 2053 3339 dies
2071 3307 2284 3347 Meqalartia

1249 3363 1456 3402 vocabantur,
1479 3361 1596 3402 quibus
1608 3361 1788 3393 clamabant
1808 3360 1863 3400 qui
1886 3359 1955 3391 illos
1971 3359 2114 3391 serebant
2129 3370 2136 3390 ε
2152 3357 2282 3391 Achai-

1250 3425 1330 3449 nam
1347 3415 1548 3456 (gestamus)
1568 3413 1669 3455 adipe
1676 3414 1820 3456 plenam
1838 3415 1988 3453 crayum.
2023 3416 2026 3418 ’
