2326 3724
135 275 208 308 252

130 356 221 400 ἔθνος
241 355 346 409 μέχρι
377 371 443 395 που
463 349 632 409 χιλιάδων
665 356 788 396 ἑκατὸν
818 357 965 412 Θρᾴκην
995 359 1055 398 καὶ
1084 359 1178 398 ἄλλα

128 414 244 454 πολλὰ
259 416 464 463 ληΐσασθαι.

549 498 611 542 48.
629 497 763 549 (578.)

182 594 273 630 Exc.
287 595 345 630 De
358 595 555 643 leg.Rom.
567 607 608 642 p.
627 593 712 636 164.
733 592 806 630 165
820 590 1183 644 εὍτικεραϊζομένης

131 652 194 697 τῆς
203 649 373 694 Ἑλλάδος
383 650 451 689 ὑπὸ
461 650 682 698 Σκλαὸηνῶν
693 650 753 689 καὶ
765 649 992 702 ἁπανταχόσε
1004 651 1182 688 ἀλλεπαλ-

126 709 244 756 λήλων
259 711 348 762 αὐτῇ
367 709 618 762 ἐπηρτημένων
629 711 698 747 τῶν
710 709 888 757 κινδύνων,
906 712 924 747 ὁ
943 711 976 748 Τ
981 708 1106 762 ιὸέριος
1126 710 1182 747 οὗ·

129 770 248 819 δαμῶς
274 768 420 818 δύναμιν
438 768 632 820 ἀξιόμαχον
649 767 740 821 ἔχων
754 767 831 806 οὐδὲ
847 767 933 820 πρὸς
956 768 1040 818 μίαν
1059 772 1184 820 μοῖραν

133 829 204 865 τῶν
217 827 432 875 ἀντιπάλων,
452 827 500 878 μή
516 827 549 865 τί
564 842 602 878 γε
618 827 678 865 καὶ
695 827 780 880 πρὸς
795 833 912 865 πᾶσαν
926 826 1080 878 (πάντας
1092 827 1158 877 Β.)
1172 855 1182 873 ,

127 885 207 924 οὔτε
221 884 290 938 μὴν
305 880 418 925 οἶόστε
438 885 484 923 ὢν
499 885 665 937 πολέμοις
677 885 793 938 σφισὶν
813 885 1036 930 ὑπαντιάζειν
1051 887 1101 938 τῷ
1117 884 1184 923 ἀνὰ

126 943 205 988 τοὺς
219 944 323 996 ἑῴους
336 944 510 995 πολέμους
522 943 584 988 τὰς
596 944 788 994 Ῥωμαίων
798 944 990 998 τετράφθαι
1008 943 1183 994 δυνάμεις,

127 1002 361 1055 πρεσὸεύεται
389 1006 436 1047 ὡς
466 1002 618 1042 Βαῖανὸν
645 1002 703 1041 τὸν
731 1002 890 1054 ἡγεμόνα
917 1005 987 1040 τῶν
1008 1001 1184 1054 Ἀὅάρων,

128 1066 322 1109 τηνικαῦτα
342 1063 379 1100 οὐ
397 1063 575 1112 δυσμενῶς
593 1060 718 1114 ἔχοντα
731 1061 814 1114 πρὸς
829 1060 1049 1112 Ῥωμαίους,
1068 1060 1184 1104 ἄλλως

131 1119 167 1158 δὲ
189 1123 232 1174 τῇ
252 1120 329 1158 καθ’
345 1123 439 1171 ἡμᾶς
453 1119 613 1172 πολιτείᾳ
631 1120 767 1172 χαίρειν
786 1119 947 1158 ἐθέλοντα
964 1120 1065 1167 δῆθεν
1084 1113 1181 1163 εὐθὺς

127 1181 167 1217 ἐκ
187 1178 380 1233 προοιμίων
397 1182 458 1226 τῆς
484 1180 589 1217 αὐτοῦ
611 1178 779 1232 Τιὸερίου
806 1177 998 1231 βασιλείας.
1057 1178 1183 1231 Ταύτῃ

126 1253 180 1276 τοι
199 1237 259 1276 καὶ
275 1236 386 1276 πείθει
406 1253 445 1288 γε
465 1237 568 1276 αὐτὸν
590 1237 683 1276 κατὰ
703 1237 924 1285 Σκλαὸηνῶν
947 1237 1098 1290 ἅρασθαι
1118 1237 1183 1275 πό-

126 1298 244 1347 λεμον,
263 1299 308 1339 ὡς
326 1295 368 1334 ἂν
384 1296 505 1335 ὁπόσοι
522 1296 585 1344 τὴν
601 1296 791 1347 Ῥωμαίων
808 1298 948 1348 δῃοῦσι,
965 1301 1034 1340 τοῖς
1048 1296 1185 1341 οἰκείοις

128 1354 378 1404 ἀνθελκόμενοι
403 1357 543 1403 κακοῖς,
562 1355 755 1407 ἐπαρκέσαι
774 1371 811 1394 τε
834 1355 1039 1408 βουλόμενοι
1058 1358 1102 1407 τῇ
1122 1371 1186 1393 πα-

126 1413 222 1466 τρῴᾳ
235 1412 326 1451 κατὰ
337 1413 375 1451 τὸ
391 1415 542 1464 μᾶλλον,
552 1412 748 1452 παύσαιντο
759 1413 821 1465 μὲν
832 1417 891 1452 τοῦ
904 1413 967 1460 τὴν
977 1412 1185 1463 Ῥωμαϊκὴν

127 1473 326 1522 λεηλατεῖν,
345 1475 376 1511 οῖ
395 1473 430 1511 δὲ
447 1472 526 1525 περὶ
539 1476 599 1520 τῆς
615 1472 743 1517 οἰκείας
760 1473 816 1511 τὸν
831 1474 986 1512 κίνδυνον
1003 1472 1185 1517 ἀναδέξον-

128 1546 200 1568 ται.
259 1532 331 1570 Τοῦ
352 1530 530 1583 Καίσαρος
548 1532 659 1569 τοίνυν
673 1531 735 1578 τὴν
754 1531 890 1570 τοιάνδε
907 1534 952 1575 ὡς
966 1530 1069 1569 αὐτὸν
1089 1531 1182 1569 στεί-

129 1591 253 1634 λαντος
272 1590 478 1652 πρεσὸείαν,
500 1589 574 1628 οὔτι
600 1591 785 1638 ἠπείθησεν
806 1594 823 1629 ὃ
841 1590 1001 1634 Βαῖανός.
1020 1590 1186 1641 Ἐκπέμ-

129 1665 232 1688 πεται
245 1651 334 1688 δὀὖν
348 1650 405 1688 ἐπὶ
421 1649 533 1703 τούτῳ
548 1649 727 1700 Ἰωάννης,
744 1650 779 1694 ὃς
796 1650 837 1697 δὴ
854 1652 923 1689 τῶν
940 1650 1053 1697 νήσων
1070 1650 1186 1696 διήνυε

129 1708 192 1754 τὴν
211 1708 324 1760 ἀρχὴν
341 1712 534 1756 τηνικαῦτα
553 1708 614 1752 καὶ
632 1707 694 1752 τὰς
716 1709 912 1760 Ἰλλυρίδας
932 1707 1056 1746 ἰθύνειν
1078 1707 1186 1761 ἔλαχε

128 1767 257 1811 πόλεις.
273 1762 385 1810 Οὗτος
402 1767 684 1821 παραγενόμενος
696 1769 730 1805 ἐν
746 1767 899 1820 Παιονίᾳ
919 1770 962 1819 τῆ
983 1766 1083 1820 χώρᾳ
1095 1797 1104 1814 ,
1124 1783 1183 1818 με-

129 1827 278 1878 τήγαγεν
297 1829 329 1870 ἐς
346 1826 409 1873 τὴν
429 1826 621 1877 Ῥωμαίων
637 1825 741 1864 αὐτόν
757 1842 793 1864 τε
808 1826 865 1864 τὸν
882 1826 1034 1864 Βαϊανὸν
1048 1825 1110 1864 καὶ
1124 1826 1185 1870 τὰς

128 1888 197 1924 τῶν
218 1885 378 1937 Ἀὃάρων
400 1884 585 1936 δυνάμεις,
608 1887 642 1923 ἐν
663 1891 738 1929 ταῖς
765 1884 806 1932 δὴ
827 1884 1032 1936 λεγομέναις
1059 1885 1184 1923 ὁλκάσι

130 1945 282 1996 μακραῖς
298 1944 342 1982 τὰ
359 1943 562 1996 βαρὸαρικὰ
578 1944 789 1988 διαὸιὸάσας
808 1945 941 1992 πλήθη.
957 1943 1030 1983 Καὶ
1044 1945 1184 1996 λέγεται

129 2004 219 2057 ἀμφὶ
237 2003 298 2047 τὰς
321 2003 347 2047 ξ’
363 2004 524 2055 χιλιάδας
542 2003 677 2041 ἱππέων
697 2003 951 2056 θωρακοφόρων
966 2005 999 2046 ἐς
1017 2003 1080 2050 τὴν
1096 2002 1185 2042 ‘Pm-

131 2062 247 2113 μαίων
270 2063 604 2115 διαπορθμευθῆναι.
627 2062 806 2101 Ἐνθένδεν
829 2057 923 2105 αὖθις
952 2061 1008 2099 διὰ
1032 2065 1093 2108 τῆς
1110 2062 1185 2101 Ἰλ-

128 2123 255 2174 λυριῶν
293 2120 483 2172 διαγαγὼν,
516 2115 591 2158 εἶτα
621 2123 653 2165 ἐς
688 2121 750 2167 τὴν
780 2123 927 2160 Σκυθῶν
961 2120 1184 2174 ἀφικόμενος,
1215 2146 1222 2152 -

128 2230 313 2270 intereaque
323 2229 442 2260 bellum
454 2229 486 2259 in
499 2229 629 2261 Oriente
640 2229 671 2260 in
682 2238 835 2269 suspenso
848 2229 920 2270 suit,
933 2229 1018 2260 circa
1030 2231 1181 2270 quartum

129 2281 253 2321 imperii
282 2280 417 2313 Caesaris
442 2280 560 2312 Tiberii
588 2281 787 2312 Constantini
816 2290 937 2312 annum
962 2283 1091 2313 centum
1119 2281 1184 2313 sere

129 2333 228 2364 millia
245 2333 431 2364 Sclavorum
445 2332 478 2362 in
492 2332 661 2363 Thraciam
676 2333 861 2373 irruperunt
875 2335 973 2374 atque
995 2333 1081 2364 hanc
1098 2333 1179 2364 mul-

128 2386 241 2425 tasque
255 2384 331 2416 alias
343 2385 487 2424 regiones
503 2384 637 2425 praedati
655 2386 741 2417 sunt.

628 2440 687 2472 48.

171 2495 283 2531 Quum
303 2502 323 2525 a
339 2493 497 2525 sclavinis
510 2494 637 2526 Graecia
650 2495 844 2534 vastaretur,
859 2495 891 2526 et
905 2495 1047 2535 undique
1063 2494 1124 2527 alia
1143 2503 1183 2526 ex

131 2545 200 2577 aliis
213 2545 355 2586 pericula
383 2545 609 2583 imminerent,
633 2554 738 2585 neque
754 2546 900 2578 Tiberius
923 2547 1000 2578 satis
1016 2547 1181 2587 copiarum

130 2597 261 2629 baberet
272 2620 281 2636 ,
295 2597 414 2637 quibus
429 2605 470 2628 ne
483 2605 580 2628 unam
598 2597 729 2637 quidem
746 2599 871 2637 partem
889 2598 1043 2638 hostium,
1062 2598 1182 2629 nedum

130 2649 318 2688 conjunctas
335 2657 448 2680 eorum
470 2648 554 2680 vires
570 2648 756 2688 sustineret,
777 2658 882 2689 neque
907 2650 972 2681 ullo
997 2650 1093 2681 modo
1120 2650 1180 2681 bo-

131 2701 233 2732 stibus
247 2700 376 2732 obviam
391 2701 437 2732 ire
449 2701 568 2741 posset,
582 2702 749 2740 propterea
761 2701 847 2740 quod
859 2702 1080 2733 Romanorum
1094 2701 1178 2733 vires

130 2754 171 2785 ad
185 2753 323 2786 Orientis
337 2753 458 2785 bellum
472 2761 636 2784 conversae
652 2755 744 2785 crant
755 2776 764 2790 ‚
778 2754 919 2794 legatum
934 2753 1070 2785 misitad
1087 2753 1181 2785 Baia-

132 2815 211 2838 num
222 2829 231 2845 ‚
246 2809 388 2838 Avarum
406 2805 534 2838 ducem.
553 2806 584 2837 ls
600 2806 678 2837 tunc
694 2805 849 2846 temporis
864 2814 928 2836 non
946 2806 1014 2836 erat
1031 2814 1103 2845 erga
1121 2807 1183 2837 Ro-

132 2867 245 2890 manos
263 2858 344 2889 male
360 2857 540 2898 animatus,
558 2857 624 2888 imo
637 2865 703 2897 quo
720 2858 865 2898 tempore
881 2857 1021 2898 primum
1039 2857 1184 2889 Tiberius

131 2909 301 2950 imperium
317 2909 475 2949 suscepit,
493 2909 564 2948 iure
583 2909 626 2941 rei
644 2909 781 2949 publicae
797 2910 915 2941 nostroe
942 2908 1003 2940 frui
1021 2909 1181 2949 cupiebat.

134 2963 216 2995 Huic
229 2962 325 3001 igitur
341 2962 517 3002 persuasit,
529 2963 566 2994 ut
583 2971 658 2994 cum
672 2962 827 2994 Sclavinis
845 2962 966 2994 bellum
990 2961 1181 3002 susciperet,

133 3023 198 3054 quo
211 3014 268 3052 illi,
282 3014 337 3054 qui
352 3015 573 3046 Romanorum
591 3016 694 3047 terras
715 3016 917 3054 invaserant,
937 3014 978 3047 ad
1000 3023 1057 3047 sua
1070 3014 1180 3046 desen-

133 3065 237 3097 denda
247 3065 383 3106 propriis
395 3066 487 3098 malis
498 3068 739 3106 revocarentur,
753 3068 786 3099 et
799 3075 900 3107 quum
911 3066 1024 3107 patriae
1038 3075 1105 3098 suae
1118 3066 1182 3107 opi·

132 3117 230 3149 tutari
250 3117 358 3157 potius
373 3116 548 3157 ducerent,
571 3117 697 3158 rapinas
710 3126 803 3158 agere
820 3127 860 3150 ex
878 3120 1032 3150 Romanae
1055 3117 1184 3152 ditionis

134 3170 228 3203 terris
236 3170 429 3202 desinerent.
446 3172 514 3203 Hac
527 3171 623 3210 igitur
633 3171 789 3212 legatione
801 3171 840 3203 ad
856 3172 1014 3204 Baianum
1026 3180 1046 3203 a
1057 3172 1184 3204 Caesare

138 3222 264 3254 decreta
272 3246 281 3262 ‚
295 3222 323 3253 ei
334 3230 537 3262 nequaquam
546 3231 611 3254 nou
621 3223 866 3263 obtemperavit.
877 3223 923 3255 Ad
934 3231 971 3255 ea
982 3223 1183 3264 procuranda

135 3275 273 3306 Joannes
289 3274 438 3305 mittitur.
457 3274 538 3305 Huic
553 3275 631 3305 tunc
654 3275 850 3314 insularum,
873 3283 948 3314 quae
973 3274 1006 3306 in
1022 3283 1060 3306 eo
1077 3276 1183 3306 tractu

135 3327 244 3365 erant,
261 3326 452 3366 praefectura
467 3329 500 3358 et
512 3327 713 3366 lllyricarum
727 3327 856 3358 urbium
871 3327 1105 3359 administratio
1115 3328 1185 3359 erat

136 3377 340 3410 demandata.
369 3379 399 3410 is
424 3387 526 3419 quum
555 3379 716 3410 Paeoniam
747 3379 947 3418 accessisset,
977 3379 1133 3412 Baianum
1152 3379 1185 3411 et

138 3433 279 3462 Avarum
294 3430 418 3470 copias,
436 3430 537 3470 longis
546 3430 680 3470 navigiis
699 3429 829 3462 flumine
844 3430 997 3470 trajecto,
1015 3431 1048 3462 in
1068 3432 1185 3463 Roma-

881 248 1154 310 MIJJNANDRI
1183 270 1529 312 Pnorac‘roms

2320 302 2326 335 ς

2318 340 2326 367 i

1247 359 1398 411 ἔμπαλιν
1414 360 1559 398 διελθεῖν
1580 359 1822 413 παρεσκεύασε
1841 359 1898 399 τὸν
1918 359 2057 412 Ἴστρον
2072 361 2107 399 ἐν
2131 366 2204 405 ταῖς
2219 376 2286 400 κα·-
2318 371 2326 411 ,ξ

1244 418 1428 469 λουμέναις
1449 418 1708 471 ἀμφιπρύμνοις
1727 421 1794 458 τῶν
1815 421 1914 460 νεῶν.

1248 478 1378 529 ραιώθη
1399 478 1431 521 ἐς
1443 476 1480 515 τὸ
1500 475 1709 531 καταντικρὺ
1731 482 1789 516 τοῦ
1816 478 1967 532 ῥείθρου,
1985 481 2207 532 παραχρῆμα
2223 478 2287 523 τάς

1245 551 1281 573 τε
1298 534 1421 586 κώμας
1441 535 1639 588 ἐνεπίμπρα
1658 538 1727 574 τῶν
1743 536 1962 583 Σκλαὸηνῶν
1978 537 2038 575 καὶ
2060 536 2190 576 ἐσίνετο
2210 535 2289 582 τοὺς

1246 593 1388 646 ἀγροὺς,
1409 589 1473 645 ἦγέ
1492 609 1529 632 τε
1548 594 1607 632 καὶ
1637 594 1755 647 ἔφερεν
1786 594 1928 633 ἅπαντα
1942 626 1952 646 ,
1987 594 2119 640 οὐδενός
2142 610 2198 634 πω
2219 610 2288 634 των

1246 655 1361 691 ἐκεῖσε
1383 651 1572 705 βαρὸάρων
1593 653 1832 706 θαρρήσαντός
1853 656 1883 692 οἱ
1903 655 1936 698 ἐς
1967 655 2088 707 χεῖρας
2112 654 2236 702 ἐλθεῖν,
2255 654 2290 698 ἔς

1246 709 1289 748 τὰ
1311 710 1420 749 λάσια
1443 710 1556 748 δὲκαὶ
1580 714 1761 764 κατηρεφῆ
1781 715 1842 758 τῆς
1861 712 1945 758 ὕλης
1958 710 2286 764 καταπεφευγότων.

1247 767 1292 808 Ἥ
1312 768 1347 806 δὲ
1359 771 1428 807 τῶν
1444 768 1601 821 Ἀδάρων
1616 768 1750 815 κίνησις
1763 768 1854 807 κατὰ
1876 769 2094 816 Σκλαὸηνῶν
2114 767 2289 822 [ἐγίνετο]

1245 824 1320 864 οὔτι
1335 842 1374 878 γε
1390 826 1492 877 μόνον
1507 829 1570 873 τῆς
1581 830 1642 866 τοῦ
1657 826 1836 879 Καίσαρος
1849 826 1951 866 ἕνεκα
1969 826 2158 880 πρεσὸείας
2168 825 2292 880 καὶτῷ

1249 883 1434 936 βούλεσθαι
1449 885 1508 924 τὸν
1518 884 1672 925 Βαῖανὸν
1685 883 1880 937 Ῥωμαίοις
1891 887 2025 924 ἐκτῖσαι
2035 885 2138 938 χάριν
2156 884 2229 924 ἀνθ’
2241 879 2291 924 ὧν

1972 419 2120 467 Ἐπειδὴ
2145 419 2180 458 δὲ
2200 422 2287 458 ἐπε·
2314 412 2326 454 2²

2310 455 2326 530 ί

2316 531 2326 571 t

2315 575 2326 650 ἐ

2318 650 2326 698 ξ

2319 718 2326 763 Ξ

2315 764 2326 803 3

2316 806 2326 882 l

2318 883 2326 911 i

1247 945 1280 987 ἐς
1289 943 1334 982 τὰ
1342 944 1497 995 μάλιστα
1514 945 1636 996 ἐφιλοφ
1642 943 1773 997 ρονεῗτό
1783 960 1823 997 γε
1836 944 1939 983 αὖτὸν
1951 947 1968 983 ὃ
1978 947 2134 994 Καῖσαρ,
2149 945 2226 983 ἀλλ’
2238 943 2292 983 ὅτι
2314 923 2326 987 ,ί

1247 1017 1286 1052 γε
1307 1003 1403 1056 αὐτῷ
1420 1002 1479 1042 καὶ
1495 1001 1648 1055 ἔχθιστοι
1665 1004 1825 1055 ὑπῆρχον
1846 1003 1935 1047 ἰδίας
1954 1001 2052 1042 ἕκατι
2073 1002 2292 1054 δυσμενείας.
2311 1030 2314 1031 ⁷

1246 1059 1411 1100 Ἔστειλε
1426 1060 1494 1114 γὰρ
1513 1063 1559 1105 ὡς
1580 1061 1684 1100 αὐτὸν
1697 1061 1905 1114 Δαυρέντιον
1921 1060 1983 1100 καὶ
2001 1060 2082 1105 τοὺς
2097 1060 2172 1099 ὅσοι
2191 1062 2226 1099 ἐν
2241 1059 2295 1100 τέ-

1246 1121 1298 1158 λει
1315 1123 1374 1158 τοῦ
1385 1120 1500 1164 ἔθνους
1514 1122 1531 1158 ὃ
1545 1122 1612 1158 τῶν
1630 1119 1663 1159 Ἀ
1671 1119 1787 1173 δάρων
1805 1119 2017 1171 ἡγούμενος,
2037 1125 2126 1173 σφᾶς
2139 1134 2176 1158 τε
2196 1122 2291 1158 ὓπα-

1247 1179 1361 1216 κούειν
1377 1179 1529 1217 κελεύων
1551 1178 1731 1232 Ἀὅάροις,
1755 1178 1816 1217 καὶ
1831 1180 1864 1223 ἐς
1883 1178 1988 1232 φόρου
2010 1178 2203 1230 ἀπαγωγὴν
2217 1177 2293 1218 ἔσε-
2318 1217 2326 1235 ἶ

1250 1241 1332 1275 σθαι
1364 1238 1619 1290 ἀναγράπτους.
1648 1238 1822 1291 Δαυρίτας
1856 1238 1892 1276 δὲ
1924 1237 1986 1276 καὶ
2006 1235 2088 1289 οἵγε
2111 1236 2168 1282 ξὺν
2197 1238 2294 1291 αὐτῷ
2320 1244 2326 1278 ἐ

1246 1296 1433 1348 ἡγεμόνες,
1458 1315 1474 1331 «
1500 1297 1573 1336 Καὶ
1588 1297 1638 1341 τίς
1670 1297 1761 1350 ἄρα,
1781 1296 1926 1350 ἔφασαν,
1951 1291 2046 1341 οὗτος
2064 1295 2215 1349 πέφυκεν
2232 1299 2293 1335 ἄν·
2324 1321 2326 1326 -

2317 989 2326 1035 t

2315 1038 2326 1096 i

2319 1125 2326 1148 t

2320 1168 2326 1182 ἃ

2318 1284 2326 1309 l

1248 1355 1410 1408 θρώπων,
1431 1355 1493 1394 καὶ
1514 1361 1590 1399 ταῖς
1623 1359 1685 1394 τοῦ
1704 1355 1806 1403 ἡλίου
1836 1357 1971 1408 θέρεται
1999 1357 2152 1407 ἀκτῖσιν,
2179 1355 2215 1400 ὃς
2230 1355 2294 1405 τὴν
2321 1372 2326 1409 j

1249 1415 1328 1452 καθ’
1357 1417 1451 1465 ἡμᾶς
1478 1413 1630 1461 ὑπήκοον
1651 1414 1836 1462 ποιήσεται
1867 1414 2035 1464 δύναμιν;
2063 1419 2203 1467 κρατεῖν
2226 1413 2294 1468 γὰρ
2319 1412 2326 1458 3

1247 1476 1350 1524 ἡμεῖς
1367 1476 1428 1520 τῆς
1445 1473 1630 1525 ἀλλοτρίας
1646 1473 1830 1524 εἰώθαμεν,
1844 1472 1905 1511 καὶ
1925 1474 1992 1525 οὐχ
2010 1471 2121 1525 ἕτεροι
2138 1475 2201 1520 τῆς
2213 1475 2296 1524 ἡμε-

1248 1533 1374 1578 δαπῆς.
1432 1531 1506 1570 Καὶ
1525 1536 1636 1570 ταῦτα
1661 1535 1746 1582 ἡμῖν
1777 1533 1812 1569 ἐν
1839 1531 1990 1584 paeonia,
2015 1531 2120 1584 μέχρι
2147 1530 2296 1582 πόλεμοί

1249 1606 1285 1628 τε
1303 1583 1369 1628 ῶσι
1383 1590 1446 1628 καὶ
1463 1590 1556 1642 ξίφη.
1573 1609 1588 1624 »
1609 1589 1733 1633 Οὕτως
1745 1589 2085 1640 ἀπαυθαδισαμένων
2094 1591 2163 1627 τῶν
2179 1590 2297 1628 Σκλα·
2325 1639 2326 1642 ¹

1252 1649 1382 1698 ὅηνῶν,
1403 1650 1467 1686 οὐκ
1488 1649 1604 1693 ἄλλως
1620 1649 1680 1686 καὶ
1694 1651 1725 1686 οἱ
1746 1647 1892 1700 Ἀὂαροι
1921 1648 2097 1686 διετέλουν
2117 1646 2295 1701 χρώμενοι

1251 1708 1536 1760 μεγαληγορίαις.
1597 1703 1688 1747 Εἶτα
1719 1709 1759 1746 ἐκ
1775 1706 1898 1746 τούτου
1923 1706 2210 1758 προπηλακισμοὶ
2235 1706 2296 1745 καὶ

1249 1767 1380 1819 ὕὸρεις.
1408 1768 1481 1806 Καὶ
1506 1767 1565 1805 ἅτε
1582 1766 1771 1820 βάρὸαροτ,
1786 1769 1836 1819 τῷ
1854 1766 1991 1819 σκληρά
2019 1782 2055 1804 τε
2073 1766 2132 1804 καὶ
2153 1765 2291 1818 ὀγκώδη

1251 1827 1459 1880 φρονήματα
1486 1824 1593 1877 ἔχειν,
1614 1826 1677 1873 τὴν
1709 1829 1755 1870 ὡς
1777 1825 1946 1871 ἀλλήλους
1963 1825 2179 1872 ἀνεσόὸησαν
2206 1824 2297 1877 ἔριν.’

1254 1885 1324 1925 Καὶ
1347 1888 1378 1923 οἱ
1403 1885 1605 1932 Σκλαὸηνοὶ
1635 1885 1674 1923 τὸ
1694 1888 1789 1938 σφῶν
1811 1886 1923 1923 αὐτῶν
1944 1883 2081 1937 ὀργίλον
2101 1886 2167 1936 οὐχ
2191 1878 2296 1922 οἷοίτε
2325 1931 2326 1934 ¹

1251 1943 1343 1987 ὄντες
1377 1946 1614 1996 ἐγχαλινῶσαι
1642 1944 1719 1987 τοὺς
1755 1944 1867 1982 ἐκεῖσε
1893 1942 2104 1996 ἀφιγμένους
2131 1941 2295 1995 πρέσῧεις

1252 2004 1466 2055 ἀναιροῦσιν,
1477 2005 1523 2045 ὡς
1533 2001 1697 2054 ἑτέρωθεν
1710 2001 1833 2052 ἀμέλει
1847 2001 2002 2039 ἔκπυστα
2011 2000 2170 2052 γενέσθαι
2182 2003 2295 2038 ταῦτα

1252 2064 1406 2113 Βαῖανῷ.
1425 2064 1537 2100 Τοῦτο
1557 2064 1739 2114 τοιγαροῦν
1762 2061 1853 2098 κατὰ
1874 2059 2094 2107 Σκλαὸηνῶν
2116 2058 2296 2110 ἐπίκλημα

1252 2120 1458 2170 ποιούμενος
1474 2122 1512 2158 ἐκ
1528 2121 1657 2158 πολλοῦ
1673 2122 1691 2158 ὃ
1709 2119 1880 2168 Βαϊανὸς,
1899 2118 1959 2156 καὶ
1979 2117 2189 2171 ὑποκρύφιον
2205 2117 2295 2170 ἔχων
2324 2166 2326 2170 Ι

1247 2229 1347 2260 millia
1368 2228 1525 2260 transiisse
1543 2228 1697 2260 dicuutur
1727 2239 1734 2259 :
1755 2236 1829 2268 quae
1851 2226 1907 2258 ubi
1932 2226 1996 2257 buc
2020 2225 2237 2266 perduxerat,
2259 2233 2297 2257 ea
2320 2213 2326 2251 s

1249 2291 1358 2314 rursus
1370 2290 1426 2322 per
1444 2281 1605 2322 illyricum
1622 2281 1787 2321 Scythiam
1803 2289 1914 2312 versus
1929 2279 1989 2311 iter
2003 2279 2123 2318 facere,
2136 2277 2295 2310 etiterum
2317 2298 2326 2330 ‚j

1248 2337 1365 2366 Istrum
1383 2334 1534 2374 navigiis,
1552 2343 1625 2374 quae
1643 2335 1806 2374 utrimque
1822 2332 1962 2374 'puppim
1981 2332 2140 2363 habebant
2153 2355 2162 2370 ,
2190 2332 2295 2364 trans·

1248 2387 1319 2418 vehi
1331 2387 1434 2426 jussit.
1450 2387 1596 2426 Baianus,
1612 2386 1644 2417 in
1655 2386 1840 2417 ulteriorem
1855 2384 1997 2416 fluminis
2010 2385 2111 2424 ripam
2123 2385 2296 2424 transgres-

1245 2447 1316 2478 sus,
1343 2438 1511 2470 confestim
1527 2438 1614 2470 vicos
1630 2438 1662 2469 et
1692 2446 1788 2478 pagos
1815 2436 2040 2469 sclavinorum
2058 2435 2121 2476 igni
2147 2435 2296 2476 ferroque

1245 2489 1395 2529 vastavit,
1412 2491 1444 2521 et
1457 2498 1558 2530 quum
1571 2497 1668 2520 nemo
1690 2488 1901 2520 bant-urorum
1926 2486 2059 2519 auderet
2071 2495 2147 2520 cum
2159 2487 2215 2518 illo
2229 2494 2295 2518 ma·

1245 2551 1304 2573 nus
1320 2551 1487 2574 conserere
1509 2544 1519 2581 (
1533 2542 1651 2574 etenim
1670 2541 1704 2572 in
1726 2541 1822 2573 silvas
1838 2541 1870 2572 et
1887 2548 2040 2572 cavernas
2057 2538 2294 2580 aufugerant),

1246 2594 1370 2632 omnia,
1389 2603 1461 2634 quae
1478 2594 1602 2634 potuit,
1632 2593 1748 2633 rapuit.
1774 2595 1880 2633 Atque
1901 2592 1976 2623 huic
1993 2596 2135 2624 Avarum
2151 2593 2186 2623 ln
2209 2591 2296 2624 Scla—
2322 2610 2326 2640 ζ

1246 2648 1336 2678 vinos
1349 2646 1509 2686 eruptioni
1532 2655 1597 2678 non
1613 2647 1719 2678 solum
1743 2645 1880 2678 Caesaris
1903 2645 2020 2685 legatio
2038 2653 2167 2676 causam
2189 2643 2295 2683 dedit,

1245 2700 1301 2730 aut
1317 2699 1402 2738 quod
1417 2698 1556 2730 Baianus
1568 2698 1719 2730 Romanis
1728 2699 1861 2739 gratiam
1876 2698 1993 2729 referre
2003 2697 2110 2738 vellet,
2122 2696 2209 2738 quod
2220 2704 2295 2728 eum

1245 2752 1354 2782 Caesar
1367 2751 1559 2782 liberalitate
1566 2753 1755 2791 prosecutus
1766 2751 1869 2781 tuerat
1878 2774 1887 2790 ‚
1902 2749 1958 2781 sed
1967 2749 2063 2781 etiam
2073 2758 2148 2781 eum
2161 2748 2296 2790 privatae
2307 2746 2326 2792 „i

1245 2803 1418 2835 inimicitiae
1438 2803 1629 2842 movebant,
1652 2803 1728 2843 quia
1752 2803 1889 2834 Baianus
1915 2802 2072 2835 sclavinis
2087 2801 2295 2834 vehementer
2319 2799 2326 2818 ³

1243 2858 1313 2888 erat
1332 2856 1485 2888 intensus.
1506 2856 1636 2888 Miserat
1651 2856 1736 2887 enim
1754 2858 1896 2887 Avarum
1912 2855 1981 2886 dux
1996 2854 2037 2886 ad
2062 2849 2297 2894 Daurentium,‘

1245 2908 1469 2940 sclavinorum
1487 2907 1603 2940 ducem
1613 2932 1622 2947 ‚
1637 2909 1671 2939 et
1685 2916 1740 2939 eos
1753 2909 1807 2947 qui
1824 2906 1910 2947 apud
1927 2906 2053 2946 gentem
2069 2906 2295 2938 auctoritatem

1246 2959 1425 2999 habebant,
1450 2961 1489 2992 ut
1508 2959 1667 2992 Avaribus
1685 2959 1772 2991 dicto
1797 2958 1966 2990 audientes
1977 2959 2100 2998 essent,
2123 2959 2156 2990 et
2180 2966 2294 2990 eorum
2317 2978 2326 2999 Ξ

1243 3021 1378 3045 numero
1394 3021 1428 3044 se
1443 3011 1582 3045 adscribi
1598 3013 1759 3051 sinerent,
1784 3011 1840 3052 qui
1863 3011 1986 3042 tributa
2014 3010 2076 3042 illis
2094 3010 2291 3051 pendebant.
2323 3018 2326 3035 ἐ

1244 3066 1286 3097 At
1298 3064 1448 3096 Dauritas
1460 3065 1492 3096 et
1504 3064 1605 3105 gentis
1617 3063 1795 3104 principes:
1814 3075 1829 3090 α
1842 3063 1922 3100 Quis
1935 3061 2117 3102 hominum,
2128 3062 2291 3103 inquiunt,

1244 3119 1313 3149 ast?
1330 3126 1409 3149 num
1422 3117 1494 3158 quis
1506 3116 1582 3149 solis
1596 3116 1694 3148 radiis
1708 3115 1861 3156 tepescit,
1881 3114 1937 3156 qui
1955 3115 2099 3146 nostram
2115 3114 2291 3155 potentiam
2321 3123 2326 3131 ¹·

1245 3170 1343 3210 possit
1357 3168 1418 3202 sibi
1429 3169 1574 3209 subigere
1589 3170 1622 3200 et
1642 3168 1795 3200 domare?
1812 3167 1958 3199 Aliorum
1976 3166 2062 3198 enim
2083 3165 2220 3206 regionis
2231 3165 2290 3198 do-

1245 3220 1403 3253 minatum
1431 3220 1598 3261 acquirere
1621 3219 1778 3258 solemus,
1795 3227 1860 3250 non
1881 3218 1934 3250 alii
1957 3219 2095 3258 nostroe;
2125 3217 2186 3249 boc
2200 3209 2326 3255 nobis-:T

1245 3274 1370 3306 certum
1386 3274 1514 3313 manet,
1539 3272 1640 3304 donec
1653 3273 1748 3303 erunt
1763 3271 1846 3303 bella
1858 3272 1890 3303 et
1909 3279 2010 3303 enses.
2024 3283 2040 3299 υ
2055 3269 2104 3302 Ad
2118 3269 2206 3301 hunc
2218 3277 2289 3302 mo·

1245 3325 1324 3357 dum
1341 3325 1479 3367 superbe
1491 3327 1524 3358 et
1539 3326 1723 3365 arroganter
1738 3324 1944 3365 loquentibus
1957 3323 2130 3364 sclavinis,
2149 3331 2215 3354 non
2227 3322 2288 3355 mi-
2324 3321 2326 3333 ²

1245 3378 1315 3410 nori
1327 3378 1476 3420 superbia
1486 3378 1518 3410 et
1531 3378 1711 3418 arrogantia
1721 3386 1794 3418 erga
1807 3386 1861 3409 eos
1873 3379 1994 3409 Avares
2005 3377 2080 3408 sunt
2092 3375 2153 3408 usi.
2166 3376 2247 3408 Hinc
2256 3375 2288 3408 in
2323 3390 2326 3391 ⁷

1245 3430 1361 3471 probra
1373 3432 1405 3462 et
1417 3430 1562 3462 convicia
1574 3429 1657 3462 itum
1667 3453 1676 3469 ‚
1695 3430 1728 3461 et
1741 3431 1777 3461 ut
1791 3428 2003 3461 barbarorum
2016 3428 2064 3460 est
2076 3428 2167 3460 ferox
2181 3428 2214 3459 et
2225 3427 2290 3459 im·
2320 3462 2326 3474 .·

138 3490 254 3513 norum
274 3481 352 3513 fines
366 3481 520 3514 traduxit.
545 3482 715 3523 sexaginta
731 3481 797 3514 sere
813 3482 959 3523 equitum
985 3483 1182 3516 armatorum
1245 3482 1356 3523 potens
1367 3481 1551 3523 ingenium,
1570 3481 1601 3513 in
1620 3481 1706 3513 rixas
1718 3481 1754 3514 et
1765 3480 1984 3513 contentiones
1998 3479 2081 3512 inter
2093 3487 2126 3512 se
2142 3477 2287 3520 praecipi·
2323 3499 2326 3502 ·
