2326 3724
1016 217 1346 258 FRAGMENTA.

106 309 129 355 ἡ
148 306 286 362 πρᾶξις,
304 307 390 362 ἄρας
409 307 522 362 ᾤχετο
546 306 602 353 ξὺν
623 313 692 352 τοῖς
711 307 787 346 κατ’
803 306 906 345 αὐτὸν
928 307 1088 353 ὀπαδοῖς,
1105 305 1156 344 ἔτι

109 382 149 418 γε
170 366 240 419 μὴν
256 367 316 406 καὶ
341 367 510 419 Τούρκοις
534 366 657 405 ἑκατὸν
678 366 764 420 πρὸς
779 371 849 409 τοῖς
872 365 918 410 ἕξ.
941 364 1155 414 Ἐνεδήμουν

105 423 173 478 γὰρ
204 430 395 472 τηνικαῦτα
424 428 577 477 Τοῧρκοι
605 425 697 464 κατὰ
727 425 765 463 τὸ
793 425 983 469 Βυζάντιον
1015 423 1084 471 ἤδη
1117 425 1156 462 ἐκ

105 485 237 523 πολλοῦ
258 484 326 522 ὑπὸ
354 488 416 524 τοῦ
442 484 607 538 σφετέρου
634 485 759 523 ἄλλοτε
779 483 878 522 ἄλλοι
903 482 1156 536 ἐκπεμφθέντες

105 542 233 588 ἔθνους.
264 542 397 587 Ἐνίους
422 542 485 594 μὲν
505 543 573 596 γὰρ
607 544 720 581 αὐτῶν
742 541 980 595 Ἀναγκάστης
1005 543 1154 580 ἐνταῦθα

106 601 326 652 ἐπεκόμισεν,
349 603 383 646 ἐς
412 602 602 655 πρεσὸείαν
627 604 739 641 ἐκεῖσε
765 601 993 656 ἀφικόμενος·
1010 600 1098 645 τινὲς
1118 600 1153 639 δὲ

106 659 182 711 ἅμα
211 661 376 715 Εὐτυχίῳ
397 661 460 708 τὴν
481 661 594 714 ἄφιξιν
621 661 831 709 ἐποιήσαντο
853 661 945 700 κατὰ
961 660 1024 707 τὴν
1052 664 1156 713 βασι-

103 719 184 759 λίδα
211 719 332 760 πόλιν·
361 720 466 759 ἄλλοι
498 721 533 760 δὲ
563 721 752 774 ἐτύγχανον
782 721 874 760 κατὰ
899 721 938 759 τὸ
966 721 1154 765 Βυζάντιον

104 779 340 832 διατρίὸοντες
368 779 445 830 μετ’
474 781 580 818 αὐτοῦ
609 781 698 828 δῆτα
725 779 959 820 Οὐαλεντίνου
985 778 1154 832 πρότερον

104 837 286 891 ἀφιγμένοι
322 838 332 891 (
354 838 404 883 δὶς
436 837 503 892 γὰρ
542 840 773 883 Οὖαλεντῗνος
814 838 1074 891 ἐπρεσὸεύσατο
1108 840 1154 882 ὡς

103 896 310 949 Τούρκους),
329 896 429 936 ἄλλοι
445 898 481 936 δὲ
497 897 558 936 σὺν
575 897 799 952 ἹΙρωδιανῷ,
813 898 939 949 ὁμοίως
950 897 986 936 δὲ
1000 898 1060 936 καὶ
1078 897 1153 947 ἅμα

104 955 241 1008 Παύλῳ
254 958 304 1009 τῷ
320 955 460 1004 Κίλικι,
477 959 524 1000 ὡς
534 956 568 1002 ἐξ
583 957 747 996 ἁπάντων
760 958 892 997 τούτων
910 957 1154 1010 ξυναθροισθῆ-

102 1029 159 1052 ναι
192 1013 332 1058 Σκύθας
353 1014 480 1068 ἄνδρας
511 1017 551 1054 ἐκ
574 1020 634 1055 τοῦ
665 1016 773 1069 φύλου
801 1019 870 1055 τῶν
896 1014 1153 1067 ἐπιλεγομένων

103 1073 270 1126 Τούρκων
297 1073 333 1119 ἓξ
353 1074 436 1127 πρὸς
458 1075 527 1119 τοῖς
555 1076 600 1128 ρ’.
629 1075 703 1120 Οὓς
722 1075 763 1123 δὴ
783 1075 1153 1119 ἅπαντας-ἀναλαόὼν

103 1133 338 1178 Οὐαλεντίνος
353 1135 468 1186 ἀπῆρε
487 1138 547 1173 τοῦ
566 1135 743 1186 βασιλείου
759 1134 895 1179 ἄστεος.
916 1134 1154 1188 Χρησοίμενος

103 1191 139 1229 δὲ
154 1192 230 1236 ταῖς
250 1193 462 1245 ταχυπλόοις
480 1195 549 1231 τῶν
576 1193 748 1242 ὁλκάδων,
771 1194 827 1232 διά
849 1209 887 1232 τε
908 1193 1074 1240 Σινώπης
1092 1193 1153 1232 καὶ

101 1252 286 1303 Χερσῶνος
302 1251 344 1302 (ἥ
358 1253 450 1290 ἐστιν
465 1251 606 1305 ἄντικρυ
620 1257 641 1301 ἡ
655 1252 703 1291 ἷὸν
716 1254 773 1304 (Ἴ,
787 1256 846 1291 τοῦ
861 1250 960 1300 ἡλίου
975 1254 1153 1291 ἀνατολῶν

101 1309 255 1363 πέφυκεν
269 1309 472 1363 ἱδρυμένη),
497 1312 536 1349 οὗ
556 1310 624 1362 μὴν
652 1311 744 1350 ἀλλὰ
764 1311 824 1350 καὶ
845 1311 1079 1364 Ἀπατούρας,
1101 1311 1153 1350 ἔτι

101 1385 138 1407 τε
157 1369 217 1413 καὶ
237 1368 293 1407 διὰ
314 1368 444 1423 φύλων.
480 1371 584 1410 Κατὰ
604 1369 646 1417 δὴ
667 1373 730 1417 τῆς
749 1371 959 1424 ψαμαθῶδες
979 1373 1039 1417 τῆς
1056 1400 1149 1411 ......

101 1426 243 1479 παρέθει
262 1427 306 1465 τὰ
337 1427 402 1481 ὅρη
421 1430 482 1474 τῆς
503 1430 682 1482 Ταυρικῆς
697 1428 742 1467 τὰ
761 1429 902 1468 νεύοντα
929 1429 987 1467 ἐπὶ
1008 1445 1151 1480 μεσημ-

102 1485 219 1539 6ρίαν.
239 1485 378 1525 Ἐκεῖνα
398 1486 440 1534 δὴ
455 1481 512 1526 οῧν
529 1487 574 1526 τὰ
593 1489 633 1526 ἐκ
651 1490 721 1526 τῶν
738 1489 910 1539 λιμναίων
928 1489 1064 1527 ὑδάτων
1082 1505 1151 1527 πε-

101 1544 281 1598 ριθεόμενα
300 1545 401 1584 πεδία
421 1545 456 1584 οῗ
470 1562 508 1598 γε
523 1546 613 1599 ἀμφὶ
631 1548 863 1586 Οὗαλεντῖνον
881 1547 1148 1598 ἱππασάμενοι,

101 1604 161 1642 καὶ
180 1606 314 1657 ἑτέρους
331 1604 367 1643 δὲ
383 1604 568 1650 πλείστους
585 1605 790 1650 δονακώδεις
809 1622 845 1644 τε
861 1606 921 1645 καὶ
937 1606 1148 1660 λοχμώδεις,

101 1663 152 1701 ἔτι
167 1678 204 1701 τε
218 1662 279 1702 καὶ
291 1663 478 1711 ζιδατώδεις
493 1664 732 1712 διεληλυθότες
745 1663 895 1717 χώρους,
915 1665 954 1702 οὐ
973 1664 1042 1716 μὴν
1057 1665 1149 1703 ἀλλὰ

142 1752 185 1792 (*)
207 1764 222 1779 «
239 1753 361 1784 Locum
376 1751 514 1784 fractum
529 1752 561 1784 et
575 1751 746 1784 soedissime
762 1752 1042 1793 depravatum,ita
1060 1754 1097 1786 ut
1111 1754 1152 1786 ab

99 1799 279 1831 Hoeschelio
305 1800 410 1831 editus
431 1801 497 1838 est,
524 1800 706 1840 relinquere
732 1809 829 1840 cogor
857 1812 865 1831 ε
893 1800 972 1832 nihil
998 1800 1083 1832 enim
1112 1801 1152 1833 de

98 1849 242 1887 Apatura
258 1848 290 1878 et
306 1847 431 1887 Phylis,
446 1846 583 1886 locisve,
601 1857 740 1888 quorum
763 1847 895 1879 nomina
911 1848 942 1879 in
960 1848 1016 1879 has
1033 1849 1153 1880 formas

98 1895 217 1925 mutari
237 1893 434 1934 potuissent,
452 1894 601 1934 equidem
618 1895 757 1926 invenio.
785 1897 833 1926 De
855 1895 1020 1927 Chersone
1044 1897 1153 1927 tamen

98 1940 241 1980 suspicor
264 1941 419 1981 scriptum
431 1941 548 1973 fuisse:
566 1942 585 1979 ἥ
611 1942 694 1973 ἐστιν
709 1942 834 1983 ἀντικρὺ
850 1942 991 1979 Σινώπης
1004 1941 1076 1983 [καὶ
1092 1946 1153 1974 τῶν

97 1991 153 2020 τοῦ
164 1988 288 2030 Ἴστρου
298 1990 463 2030 στομάτων
473 1990 548 2030 πρὸς
558 1993 620 2022 τῶν
634 1991 820 2031 ἷσημερινῶν
828 1991 840 2031 ]
848 1993 903 2021 τοῦ
914 1990 1003 2027 ἡλίου
1015 2001 1045 2020 κ.
1057 2001 1084 2021 τ.
1096 1991 1124 2021 λ.
1137 2003 1151 2018 »

98 2037 259 2068 NIEBUHR.
278 2038 396 2069 Lenius
411 2038 550 2078 corrigas
566 2050 573 2068 :
589 2037 625 2076 ἧς
639 2038 721 2069 ἐστιν
736 2038 861 2078 ἀντικρὺ
879 2037 987 2074 'Ht'c‘ovy
1005 2036 1088 2078 [ἥτις
1103 2037 1152 2068 ἐπὶ

97 2083 178 2124 τῶν]
192 2087 246 2115 τοῦ
263 2085 350 2122 ἡλίου
373 2084 419 2116 ἀν.
432 2086 500 2117 κτλ.
519 2087 566 2116 De
581 2084 680 2116 Eione
694 2084 817 2124 penius.
835 2093 853 2115 e
869 2084 996 2124 regione
1012 2085 1152 2116 Cherso-

98 2130 164 2161 nesi
182 2131 333 2162 Traclieae
350 2131 411 2163 sita
427 2140 459 2163 v.
490 2132 570 2163 Plin.
601 2139 646 2170 vi,
665 2135 696 2162 6.
716 2133 875 2171 Apatura
892 2131 953 2162 sita
978 2133 1026 2162 est
1055 2140 1153 2171 prope

98 2177 388 2217 Plianagoriam;V.
408 2180 577 2210 Hecataeus
591 2179 630 2209 sr.
648 2182 724 2218 1653
741 2178 857 2210 Strabo
870 2180 932 2217 ΧΙ,
951 2186 980 2218 p.
1000 2181 1079 2217 757;
1094 2178 1154 2210 Pli-

97 2227 169 2256 nius
184 2228 241 2265 Vl,
259 2230 292 2265 6,
308 2230 338 2258 6.
357 2225 479 2258 Deinde
495 2225 674 2266 scripserim
693 2238 700 2258 ι
717 2226 759 2257 ἔτι
776 2236 810 2257 τε
825 2227 878 2256 καὶ
894 2225 946 2257 διὰ
962 2226 1090 2257 Σινδῶν.

96 2321 192 2353 Turci
206 2320 292 2352 enim
308 2320 451 2361 Byzantii
477 2319 670 2360 jamdudum
687 2320 917 2361 consederant,
933 2329 953 2352 a
980 2330 1039 2352 sua
1055 2322 1148 2361 gente

95 2374 149 2406 alii
162 2374 223 2405 alia
237 2373 277 2406 de
296 2382 394 2406 causa
409 2373 507 2406 missi.
531 2374 935 2413 Nonnullos‘Anancastes,
953 2383 1056 2414 quum
1072 2374 1149 2405 illuc

96 2426 136 2458 ad
149 2426 339 2466 legationem
359 2426 521 2466 profectus
535 2426 638 2465 esset,
656 2434 763 2457 secum
778 2425 970 2457 adduxerat.
999 2425 1059 2457 Alii
1073 2434 1148 2457 cum

98 2478 256 2519 Eutychio
272 2478 313 2510 ad
329 2478 567 2519 imperatoriam
593 2478 708 2509 urbem
738 2480 960 2518 accesserant;
987 2478 1042 2510 alii
1064 2477 1149 2510 circa

96 2531 285 2572 Byzantium
304 2531 603 2571 commorabantur,
621 2531 677 2572 qui
697 2540 772 2563 cum
788 2532 857 2572 ipso
873 2531 1046 2563 Valentino
1060 2531 1149 2572 prius

95 2584 261 2615 venerant.
282 2583 334 2615 Bis
350 2583 435 2615 enim
460 2583 650 2615 Valentinus
669 2583 793 2623 legatus
817 2582 858 2615 ad
876 2585 999 2615 Turcos
1010 2584 1058 2615 est
1073 2592 1147 2623 pro-

95 2635 210 2667 fectus.
231 2636 332 2666 Erant
350 2636 383 2666 et
395 2634 467 2675 alii,
484 2635 540 2676 qui
555 2643 629 2666 cum
648 2635 828 2667 Herodiano
842 2635 960 2667 etcum
977 2635 1076 2666 Paulo
1093 2635 1147 2667 Ci-

95 2687 157 2719 lice
169 2687 246 2718 illuc
261 2686 468 2718 devenerant.
484 2689 528 2718 Ex
546 2687 595 2718 his
607 2686 758 2718 omnibus
770 2686 866 2727 igitur
877 2686 1006 2727 collegit
1018 2688 1147 2719 centum

95 2747 152 2771 sex
165 2741 304 2778 Turcos,
325 2739 358 2770 et
375 2747 394 2769 a
408 2738 493 2779 regia
507 2738 587 2770 urbe
603 2738 674 2770 citis
690 2738 828 2770 navibus
845 2738 1009 2779 profectus
1024 2739 1072 2770 est
1093 2747 1149 2779 per

95 2790 233 2831 Sinopen
244 2791 275 2822 et
286 2784 483 2822 chersonem
496 2790 506 2831 (
517 2789 609 2830 cujus
618 2799 636 2822 e
648 2789 774 2830 regione
789 2790 944 2822 orientem
963 2799 1075 2822 versus
1087 2791 1148 2823 sita

95 2845 144 2875 est
173 2843 270 2884 Eion)
289 2843 323 2875 et
349 2844 525 2883 Apaturam
541 2844 575 2875 et
602 2842 776 2875 sindieam.
804 2843 897 2875 Hinc.
912 2866 922 2875 .
941 2866 949 2875 .
966 2867 974 2875 .
1002 2843 1148 2876 Tauricae

96 2897 239 2936 montes,
266 2895 323 2936 qui
349 2895 391 2927 ad
427 2895 593 2927 meridiem
626 2896 782 2936 vergunt,
826 2897 1057 2936 praetervectus
1087 2899 1145 2929 est.

96 2949 175 2981 lnde
201 2948 391 2981 Valentinus
421 2957 570 2990 campos,
601 2949 688 2981 circa
721 2958 803 2990 quos
840 2951 1023 2990 stagnantes
1053 2958 1147 2991 aquae

95 3000 328 3040 decurrebant,
345 3001 435 3042 equis
452 3000 683 3042 perequitavst,
700 3002 733 3033 et
749 3001 828 3033 alios
843 3001 954 3042 plures
971 3001 1146 3033 arundine*

95 3059 168 3091 εοε,
201 3051 370 3084 fruticosos
397 3051 610 3093 et'palustres
636 3052 725 3084 locos
752 3052 928 3093 superavit.
970 3053 1146 3093 Regionem

94 3111 238 3144 quoque,
267 3112 342 3144 quae
365 3103 485 3136 dicitur
506 3107 644 3145 Accagas
662 3105 842 3146 peragravit
877 3105 947 3146 (est
963 3107 1070 3137 autem
1086 3114 1146 3137 no-

95 3163 170 3187 men
185 3155 328 3187 mulieris
337 3164 411 3196 quae
423 3155 509 3188 illius
521 3156 620 3197 partis
633 3157 759 3197 Scythis
780 3157 978 3198 imperabat,
995 3157 1146 3198 suffragio

95 3206 224 3246 Anagaei
234 3230 243 3245 ,
261 3207 315 3247 qui
329 3207 470 3247 Utiguris
486 3209 640 3248 praeerat,
657 3216 791 3248 regnum
806 3208 921 3249 adepta
937 3209 967 3248 ),
981 3209 1014 3240 et
1030 3210 1066 3241 ut
1076 3208 1144 3240 bre-

94 3257 177 3290 viter
190 3257 313 3297 dicam,
339 3258 441 3290 multa
454 3260 487 3291 et
501 3259 645 3291 difficilia
670 3259 786 3292 itinera
810 3259 949 3300 emensi,
967 3260 1007 3292 ad
1022 3269 1060 3292 ea
1074 3261 1145 3292 loca

95 3309 326 3349 pervenerunt,
347 3309 403 3341 ubi
426 3311 606 3342 Turxantbi
627 3311 748 3343 bellicae
770 3312 924 3343 stationes
947 3312 1049 3343 erant.
1069 3313 1145 3343 Erat

96 3360 148 3392 liic
159 3369 245 3394 unus
259 3369 300 3394 ex
315 3364 495 3394 Turcorum
514 3363 671 3395 ducibus:
691 3363 811 3396 etenim
827 3363 861 3395 in
877 3364 951 3395 octo
975 3365 1081 3404 partes
1093 3372 1143 3395 re·

96 3421 193 3453 gnum
218 3412 391 3447 diviserant
405 3414 462 3455 qui
477 3415 663 3447 Turcorum.
675 3415 891 3456 principatum
907 3415 1060 3447 tenebant
1092 3423 1142 3447 se-

2192 226 2267 260 2⁴5

1218 303 1279 342 καὶ
1300 304 1356 342 διὰ
1385 306 1446 351 τ’ἥς
1466 304 1656 356 λεγομένης
1682 305 1854 356 Ἀκκάγας
1887 307 2015 357 (ὄνομα
2043 307 2078 345 δὲ
2106 308 2270 359 γυναικὸς

1217 364 1474 415 ἀρχούσηςιτῶν
1493 362 1559 401 ἀνὰ
1585 363 1629 401 τὰ
1650 364 1762 414 ἐκείνῃ
1786 366 1945 412 Σκυθῶν,
1965 366 2270 419 χειροτονηθείσης

1215 426 1408 468 τηνικαῦτα
1423 423 1456 466 ἐς
1469 426 1570 460 τοῦτο
1585 422 1651 459 ὑπὸ
1665 421 1868 473 Ἀναγαίου,
1887 422 1922 466 ὃς
1937 424 2074 475 ἐκράτει
2088 429 2146 462 τοῦ
2162 425 2269 477 φύλου

1214 483 1283 519 τῶν
1301 480 1562 534 Οὖτιγούρων),
1584 483 1630 524 ὡς
1647 480 1682 518 δὲ
1701 480 1839 531 ξύμπαν
1859 482 1982 528 εἰπεῖν,
2001 484 2145 526 πολλαῖς
2163 486 2269 535 ἀτρα-

1217 542 1295 583 ποῖς
1324 539 1556 591 ὁμιλήσανπες
1575 539 1636 577 καὶ
1665 538 1898 591 δυσχωρίαις,
1931 540 2162 592 παρεγένοντο
2191 541 2270 581 ἔνθα

1215 599 1258 636 τὰ
1272 599 1448 649 πολεμικὰ
1466 598 1628 648 σύμὸολα
1645 602 1704 636 τοῦ
1720 598 1940 650 Τουρξάνθου
1962 599 2150 651 ἐτύγχανεν
2167 600 2269 638 ὄντα·

1216 652 1317 702 οὗτος
1339 657 1375 696 δὲ
1396 652 1443 702 εἷς
1465 661 1534 696 τῶν
1562 657 1661 710 παρὰ
1682 660 1714 697 Τ
1717 658 1850 709 ούρκοις
1878 657 2072 708 ἡγεμόνων.
2097 659 2157 697 Ἔν
2178 659 2271 698 ὀκτὼ

1214 716 1281 768 γὰρ
1302 716 1438 770 μοίραις
1458 716 1663 755 διεδάσαντο
1683 716 1726 754 τὰ
1754 716 1868 768 ἐκείνῃ
1887 715 2027 754 ἅπαντα
2040 747 2051 767 ,
2080 711 2128 760 οἷς
2152 733 2191 768 γε
2211 723 2270 756 τοῦ

1215 774 1324 827 φύλου
1355 777 1423 813 τῶν
1454 775 1622 827 Τούρκων
1650 775 1758 827 ἔλαχε
1784 775 2012 828 προεστάναι.
2042 775 2205 828 Ἀρσίλας
2234 777 2269 815 δὲ

1214 833 1325 884 ὄνομα
1340 836 1390 886 τῷ
1403 834 1608 886 παλαιτέρῳ
1627 834 1794 886 μονάρχῳ
1810 833 1993 886 Τούρκων.
2013 834 2057 873 Ὁ
2072 839 2154 886 γοῦν
2171 837 2270 874 Οὐα-

1214 894 1366 937 λεντῖνος
1385 891 1482 946 παρὰ
1502 893 1559 931 τὸν
1576 892 1796 945 Τούρξανθον
1815 893 2042 946 ἀφικόμενος,
2060 892 2095 937 ὃς
2115 894 2183 947 πρὸ
2200 898 2269 933 τῶν

1215 952 1330 990 ἄλλων
1346 952 1530 1004 ἡγεμόνων
1548 952 1767 997 ὑπαντιάζων
1787 952 1958 1004 ἐτύγχανε
1980 958 2051 997 τοῖς
2071 955 2184 991 ἐκεῖσε
2201 970 2271 992 πα-

1215 1011 1479 1064 ραγενομένοις,
1512 1005 1587 1049 εἶτα
1619 1014 1834 1058 συνησθῆναι
1865 1011 2000 1066 φράσας
2031 1013 2082 1064 τῷ
2113 1012 2270 1063 Καίσαρι

1214 1069 1417 1121 Ῥωμαίων.
1441 1070 1501 1114 Ἐς
1518 1074 1618 1108 τοῦτο
1638 1070 1708 1122 γὰρ
1729 1071 1855 1122 ἀφῖκτο
1874 1072 2006 1116 ἐκεῖσε,
2029 1070 2269 1123 προσφθεγξό-

1214 1143 1315 1179 μενος
1334 1128 1413 1173 τοὺς
1429 1132 1652 1182 προεστῶτας
1670 1133 1728 1168 τοῦ
1749 1129 1859 1183 φύλου
1877 1132 1948 1167 τῶν
1962 1128 2143 1182 Τούρκων,
2161 1130 2268 1169 Ti&—

1215 1187 1287 1239 ρίου
1303 1188 1372 1235 ἤδη
1388 1191 1421 1232 ἐς
1434 1189 1473 1226 τὸ
1482 1191 1549 1227 τῶν
1563 1190 1753 1240 Καισάρων
1765 1187 2023 1236 ἀναὲεὸηκότος
2039 1188 2176 1241 κράτος·
2185 1190 2271 1242 πρὸς

1212 1249 1282 1290 τοῖς
1291 1247 1351 1285 καὶ
1368 1250 1416 1291 ὡς
1429 1246 1469 1285 ἂν
1480 1250 1502 1294 ἡ
1518 1246 1752 1300 φιλοφροσύνη
1765 1249 1830 1299 οὐχ
1841 1243 1944 1294 ἧττον
1961 1249 1995 1285 ἐν
2009 1247 2141 1300 βεὸαίῳ
2157 1247 2271 1286 ἔσοιτο

1213 1304 1273 1342 καὶ
1296 1307 1331 1342 αἱ
1354 1304 1485 1355 μεταξὺ
1506 1305 1697 1355 Ῥωμαίων
1719 1321 1756 1343 τε
1774 1305 2018 1358 καὶ·Τούρκων
2035 1307 2268 1358 προελθοῦσαι

1213 1363 1381 1414 σπονδαὶ,
1406 1364 1445 1408 ἃς
1462 1364 1558 1402 ἔθετο
1575 1364 1799 1409 Διλζίὸουλός
1817 1380 1855 1402 τε
1879 1364 1937 1403 καὶ
1956 1365 2142 1409 Ἰουστῖνος
2159 1368 2178 1403 ὁ
2199 1368 2268 1417 βα-

1213 1422 1346 1471 σιλεὺς,
1374 1423 1573 1476 Ζημάρχου
1605 1423 1746 1476 πρώτου
1763 1426 1874 1462 ἐκεῖσε
1900 1424 2145 1476 φοιτήσαντος,
2166 1424 2269 1471 ἡνίκα

1212 1481 1388 1532 ἐσήμανεν
1413 1479 1504 1533 (*)'6
1528 1482 1774 1531 Διλζίὸουλος,
1794 1485 1841 1527 ὡς
1868 1482 2056 1533 Ῥωμαίων
2083 1483 2179 1534 φίλος
2205 1486 2270 1535 οὐχ

1211 1536 1314 1588 ἧττον
1334 1541 1395 1579 καὶ
1426 1543 1523 1594 αὐτῷ
1543 1541 1737 1588 ἐπιτήδειος
1768 1541 1827 1579 καὶ
1848 1542 2021 1591 δυσμενὴς
2040 1541 2186 1592 ὁμοίως,
2209 1542 2270 1580 καὶ

1213 1600 1308 1643 ὅπως
1323 1600 1367 1638 τὰ
1382 1600 1498 1639 τοιάδε
1517 1600 1658 1654 ἄτρωτοί
1676 1617 1712 1639 τε
1729 1601 1789 1638 καὶ
1807 1601 2056 1653 ἀπερίσπαστα
2073 1601 2183 1651 μένοι.
2206 1603 2268 1654 Τῷ

1211 1674 1264 1697 τοι
1279 1659 1347 1711 ἄρα
1367 1659 1486 1707 ἐπειδὴ
1501 1664 1695 1707 τηνικαῦτα
1710 1659 1886 1710 Ῥωμαῖοι
1903 1660 2044 1712 Πέρσας
2061 1659 2267 1711 ἐπολέμουν,

1211 1718 1269 1757 ἐπὶ
1290 1721 1333 1771 τῇ
1347 1719 1539 1771 προσρήσει
1556 1719 1620 1773 ἔφη
1634 1720 1885 1766 Οὐαλεντῖνος,
1901 1719 1976 1758 δέον
1998 1713 2087 1757 εἶναι
2104 1721 2138 1757 ἐν
2154 1722 2267 1773 καιρῷ

1212 1777 1272 1816 καὶ
1305 1778 1408 1816 αὐτὸν
1441 1777 1621 1817 ἐπιθέσθαι
1656 1777 1825 1830 Πέρσαις.
1857 1781 1981 1817 Ταῦτα
2017 1778 2268 1832 πρεσὸεύοντος

1214 1836 1341 1875 αὐτίκα
1362 1840 1379 1875 ὃ
1405 1837 1640 1890 Τούρξανθος,
1657 1857 1673 1872 «ι
1699 1832 1789 1890 Ἆρα
1818 1832 1876 1876 οῧν
1899 1838 1977 1890 οὐχὶ
2007 1839 2121 1889 ὑμεῖς,
2144 1856 2160 1873 2>
2189 1839 2267 1892 ἔφη,

1213 1914 1229 1930 α
1261 1891 1353 1934 οὗτοι
1378 1898 1503 1934 ἐκεῖνοί
1532 1899 1609 1935 ἐστε
1642 1896 1837 1947 Ῥωμαῖοι,
1865 1897 1949 1934 δέκα
1977 1895 2040 1947 μὲν
2069 1897 2264 1948 γλώσσαις,

1215 1961 1280 2008 μιᾷ
1301 1956 1336 1993 δὲ
1365 1954 1541 2008 χρώμενοι
1569 1955 1708 2007 ἀπάτῃ;
1740 1974 1755 1991 ι)
1774 1956 1850 1996 Καὶ
1870 1956 1946 2006 ἅμα
1976 1956 2085 2007 λέγων
2117 1956 2267 1995 ἐπέὸυσε

1213 2017 1285 2058 τοῖς
1301 2014 1385 2052 δέκα
1407 2014 1589 2058 δακτύλοις
1613 2014 1651 2052 τὸ
1678 2014 1792 2066 στόμα
1816 2014 1855 2053 τὸ
1873 2018 2012 2054 ἑαυτοῦ.
2038 2011 2125 2054 Εἶτα
2148 2015 2262 2060 ἔλεξεν

1215 2070 1320 2116 αὖθις·
1339 2072 1512 2125 <<”Ωσπερ
1535 2077 1593 2111 ν’ὕν
1619 2073 1675 2111 ἐπὶ
1697 2077 1746 2126 τῷ
1769 2074 1847 2112 κατ’
1877 2074 1938 2124 ἐμὲ
1967 2073 2117 2125 στόματι
2138 2074 2262 2112 δάκτυ-

1258 2178 1299 2219 (¹¹)
1326 2179 1498 2220 Ἐσήμηνεν
1510 2179 1622 2211 Suidas
1642 2188 1671 2210 v.
1687 2180 1881 2221 Προσρήσεσι
1907 2181 1939 2212 et
1955 2180 2148 2217 Σιλζίὸου).ος
2176 2181 2267 2222 (sie),

1216 2227 1273 2267 qui
1287 2235 1328 2258 ex
1345 2227 1407 2258 hoc
1423 2227 1495 2258 loco
1508 2227 1664 2258 nonnulla
1677 2227 1782 2258 affert.

1211 2321 1293 2353 niori
1310 2325 1419 2354 autem
1439 2325 1620 2354 Turcorum
1636 2322 1712 2354 duci
1734 2331 1859 2356 nomen-
1879 2325 1948 2355 erat
1967 2323 2134 2356 Arcesilas.
2154 2325 2266 2363 ltaque

1210 2376 1402 2408 Valentinus
1417 2375 1457 2407 ad
1474 2375 1703 2408 Turxanthum
1719 2375 1870 2416 accessit,
1885 2375 1940 2416 qui
1951 2376 2074 2416 primus
2087 2377 2264 2408 Turcorum

1210 2425 1330 2458 ducum
1354 2427 1470 2458 obvius
1497 2428 1601 2458 tactus
1624 2428 1692 2458 erat
1714 2426 1934 2467 venientibus,
1961 2436 2101 2468 eumque
2126 2428 2266 2467 gaudere

1207 2477 1302 2518 jussit
1323 2487 1408 2510 novo
1424 2481 1644 2510 Romanorum
1664 2481 1792 2511 Caesare
1811 2480 1920 2511 creato
1936 2492 1943 2511 :
1962 2479 2082 2511 idcirco
2101 2480 2186 2512 enim
2212 2488 2264 2512 ve-

1209 2531 1319 2570 nerat,
1334 2531 1372 2562 ut
1396 2533 1578 2563 Turcorum
1598 2530 1697 2562 duces
1711 2531 1879 2571 salutaret,
1901 2531 2029 2562 Tiberio
2048 2531 2087 2562 ad
2101 2533 2264 2564 Caesarum

1209 2582 1386 2621 potentiam
1402 2584 1534 2623 evecto;
1551 2582 1592 2614 ad
1606 2583 1694 2623 baec,
1708 2584 1747 2614 ut
1761 2592 1826 2614 non
1840 2583 1945 2615 minor
1962 2584 2044 2615 inter
2060 2593 2114 2616 eos
2133 2585 2265 2617 benevo-

1209 2634 1307 2666 lentia
1321 2635 1421 2675 esset,
1436 2636 1469 2666 et
1491 2635 1611 2666 soedera
1624 2635 1737 2667 eadem
1753 2635 1917 2675 valerent,
1929 2644 2002 2675 quae
2018 2636 2100 2668 inter
2126 2637 2264 2669 Dilzibu-

1209 2686 1276 2717 lum
1294 2687 1334 2726 (i.
1352 2696 1385 2728 q.
1409 2687 1647 2727 Dizabulum)
1666 2689 1698 2719 et
1711 2688 1878 2720 sustinum
1892 2697 1947 2728 per
1965 2689 2196 2728 Zemarchum,
2208 2690 2264 2730 qui

1208 2737 1333 2778 primus
1354 2738 1394 2770 ad
1408 2747 1463 2770 eos
1479 2741 1623 2779 venerat,
1647 2741 1738 2780 pacta
1761 2741 1987 2780 conventaque
2007 2741 2147 2773 fuerant.
2162 2742 2262 2773 Dilzi-

1209 2789 1306 2822 bulus
1321 2790 1407 2822 enim
1428 2792 1654 2822 Romanorum
1677 2791 1797 2823 amicos
1812 2791 1872 2823 sibi
1897 2801 2028 2833 quoque
2041 2794 2161 2825 amicos
2177 2795 2262 2831 fore,

1208 2844 1240 2874 et
1253 2843 1360 2876 hostes
1373 2843 1503 2884 itidem,
1519 2844 1617 2884 idque
1627 2844 1836 2876 immutatum
1850 2845 1881 2876 et
1898 2844 2025 2876 firmum
2040 2854 2107 2877 esse
2124 2855 2262 2886 pronun-

1208 2894 1355 2927 tiaverat.
1368 2898 1476 2934 Quare
1487 2895 1741 2936 quumRomani
1754 2905 1792 2927 eo
1809 2895 1877 2936 ipso
1890 2897 2034 2937 tempore
2050 2897 2170 2929 bellum
2187 2907 2262 2929 cum

1209 2947 1313 2978 Persis
1334 2947 1481 2987 gererent
1489 2947 1709 2987 „valentinus
1719 2947 1864 2980 oratione
1876 2957 1934 2981 sua
1947 2949 2098 2987 ostendit,
2115 2952 2262 2989 oportere

1207 2998 1299 3030 illum
1313 3007 1456 3039 quoque,
1469 3007 1573 3038 quum
1599 3000 1728 3039 tempus
1750 3002 1966 3040 opportunum
1982 3001 2123 3040 venerit,
2150 3003 2261 3033 Persas

1207 3049 1292 3082 bello
1303 3050 1444 3091 aggredi.
1463 3051 1542 3082 Haec
1567 3050 1672 3091 legata
1685 3050 1812 3084 dicente
1821 3075 1837 3092 ,
1849 3052 2018 3084 confestim
2035 3053 2240 3084 Turxanthus
2249 3077 2258 3092 ,

1210 3114 1226 3129 a
1243 3103 1347 3140 Num,
1363 3101 1484 3142 inquit,
1517 3110 1576 3134 vos
1590 3102 1730 3135 estis-illi
1751 3103 1905 3144 Romani,
1922 3104 1978 3144 qui
1995 3103 2104 3135 decem
2130 3104 2258 3144 quidem

1206 3152 1321 3193 linguis
1332 3176 1342 3193 ‚
1358 3152 1414 3185 sed
1431 3161 1496 3185 una
1512 3153 1624 3186 fraude
1637 3154 1786 3186 utimini?
1805 3167 1821 3183 »
1839 3157 1916 3187 Haec
1928 3155 2024 3187 simul
2041 3157 2077 3187 ut
2092 3155 2192 3195 dixit,
2206 3156 2258 3188 de-

1205 3215 1276 3238 cem
1289 3206 1404 3247 digitos
1427 3205 1460 3238 in
1473 3215 1510 3238 os
1527 3208 1797 3248 suumconJecst,
1812 3208 1927 3240 deinde
1949 3217 2059 3240 rursus
2082 3208 2127 3239 sic
2150 3210 2198 3240 est
2214 3209 2258 3239 lo-

1205 3262 1299 3291 cutus
1314 3272 1322 3292 ι
1336 3272 1351 3287 «‹
1364 3261 1407 3292 Ut
1416 3268 1488 3292 meo
1495 3261 1542 3292 ori
1550 3260 1662 3293 decem
1673 3270 1762 3293 meos
1777 3261 1890 3302 digitos
1898 3270 1983 3293 nunc
1991 3261 2159 3299 admoveo,
2175 3260 2217 3291 ita
2225 3262 2260 3291 et

1207 3320 1263 3343 vos
1274 3311 1408 3343 Romani
1424 3311 1570 3352 pluribus
1581 3314 1613 3345 et
1631 3312 1727 3345 variis
1742 3313 1869 3344 utimini
1890 3313 2021 3353 linguis,
2034 3311 2151 3352 quibus
2160 3310 2265 3342 modi»

1206 3373 1268 3403 me,
1284 3363 1380 3395 modo
1396 3373 1450 3396 eos
1462 3388 1470 3403 ‚
1491 3364 1547 3405 qui
1571 3373 1642 3397 mea
1658 3364 1818 3405 mancipia
1836 3366 1929 3403 sunt,
1947 3364 2160 3396 Uarclionitas
2172 3385 2181 3401 ,
2198 3362 2254 3394 de—

1179 3439 1189 3457 „
1206 3414 1320 3454 cipitis.
1343 3416 1381 3447 Et
1391 3424 1468 3448 sane
1476 3416 1610 3448 omnino
1622 3424 1734 3448 omnes
1747 3417 1856 3456 gentes
1867 3415 2037 3447 verborum
2058 3413 2212 3446 illecebris
2223 3415 2259 3445 et.
