2326 3724
2 300 5 308 -
0 179 10 260 aru-w·-
0 39 13 172 *ruamus-pq
0 0 8 25 -ιη

993 178 1324 219 FRAGMENTA.

92 267 203 307 πάλαι
219 269 237 305 ὃ
255 264 373 319 πατὴρ
392 281 475 318 προς
493 263 691 315 Ῥωμαίους
710 262 907 303 ὁπωσοῧν”
889 279 989 316 εσχεν
1015 263 1127 302 αἰτίαν
1158 267 1164 274 ”

92 325 155 372 τήν
182 341 219 364 τε
239 324 377 378 εἰρήνην
402 323 494 376 ἔχειν
515 323 624 370 ἀξιοίη
644 323 801 375 βεὸαίαν,
824 322 884 361 καὶ
914 322 1021 373 μηδὲν
1042 316 1128 360 εἶναι

92 383 210 422 λοιπὸν
224 385 292 428 τοῖς
309 381 530 433 Ῥωμαίοις“
513 397 664 425 υποπτος
678 397 726 419 τι)
743 381 792 431 μὴ
809 380 886 432 οὐχὶ
904 380 1051 430 γνησίως
1069 380 1129 423 τὰς

93 438 243 483 σπονδὰς
254 440 477 490 ἐμπεδώσειν,
488 439 548 478 καὶ
561 437 624 477 ὅσα
633 439 700 487 ἤδη
713 438 897 478 συνέκειτο.
914 437 1052 477 Εἷδέναι
1062 438 1129 489 γὰρ

91 496 272 549 χάριν,ὁ’τι
288 498 350 545 τὴν
368 497 554 571 Ὀλυὸρίου
570 498 748 548 τετιμήκοι
762 498 930 548 γυναῖκα·
940 497 999 534 καὶ
1016 501 1125 535 ταῦτα

92 555 281 606 πυθόμενος
300 556 416 594 πάντα
436 557 570 606 ἕτοιμος
589 551 630 603 ἠν
662 557 800 608 βασιλεῖ
817 555 979 608 πράττειν
1006 555 1028 592 ἃ
1049 555 1128 606 ‚806-

92 614 196 652 λοιτο.
211 607 280 653 Ην
298 614 333 652 δὲ
349 630 448 653 τουτο
464 614 654 668 πρόσχημα
673 612 840 666 εὐπρεπὲς
859 616 908 651 τῶ
928 613 1038 666 λόγῳ,
1055 613 1130 652 ἐπεὶ

91 670 131 709 τό
151 687 190 723 γε
212 673 332 719 ἀληθὲς
349 679 465 711 πᾶσαν
482 673 696 711 εδεδοίκεσαν
714 671 864 724 υποψίαν
884 671 1053 721 πολέμου,
1070 673 1128 709 καὶ

93 729 182 779 μετὰ
202 730 259 768 τὸν
280 731 424 769 θάνατον
443 731 636 782 Γινζιρίχου
653 730 814 773 πεσόντες
830 732 862 773 ἐς
878 736 995 767 πᾶσαν
1014 731 1125 779 μαλα-

92 786 171 828 κίαν
193 787 271 826 οὔτε
295 787 356 835 τὴν
374 788 480 835 αὐτὴν
507 788 627 840 ῥώμην
647 790 680 832 ἐς
698 788 890 840 πράγματα
914 788 1030 839 ἔσχον,
1052 787 1128 826 οὔτε

92 845 153 889 τὰς
176 838 282 890 αὐτὰς
314 846 363 884 ἔτι
384 848 540 899 συνεῖχον
561 846 806 898 παρασκευὰς,
828 846 867 891 ἃς
896 848 1023 890 ἐκεῖνος
1047 847 1130 899 πρὸς

91 909 208 941 πᾶσαν
225 905 346 956 πρᾶξιν
364 899 457 957 εἶχεν
478 905 664 958 ἐφόρμους,
681 907 726 948 ὡς
743 908 864 943 θᾶττον
887 904 939 942 ἀεὶ
955 903 1129 956 πράττειν,

92 961 114 1007 ἢ
133 964 178 1005 ὡς
196 961 238 999 ἂν
255 964 356 1007 ἄλλος
375 964 611 1015 βουλεύσαιτο.
635 963 826 1012 Δεξάμενος
843 962 877 1000 δὲ
895 962 1015 1006 αὐτοὺς
1031 964 1129 1015 φιλο-

93 1018 224 1071 φρόνως
243 1022 261 1057 ὃ
279 1020 399 1066 Ζήνων
418 1025 521 1071 τιμῆς
542 1021 603 1072 μὲν
628 1022 754 1069 ἠξίωσε
775 1021 917 1068 δεούσης
944 1020 1021 1064 τοὺς
1044 1019 1129 1072 πρέ-

93 1076 209 1125 σὸεις,
226 1078 286 1117 καὶ
306 1079 426 1131 δώροις
442 1081 627 1133 ἀπέπεμψε
647 1086 715 1124 τοῖς
734 1080 903 1132 πρέπουσι
928 1078 1129 1130 κοσμήσας,

93 1134 312 1188 Ἀλέξανδρον
334 1137 367 1174 δὲ
385 1141 478 1175 ποιεῖ
493 1140 561 1176 τῶν
580 1138 758 1190 πριὸοίτων
779 1137 932 1188 κόμητα.

147 1193 190 1232 Ὁ
218 1197 279 1241 τῆς
308 1195 481 1248 Ολυὸρίου
509 1196 668 1247 γυναικὸς
698 1198 837 1249 ἐπιτρ.]
870 1199 922 1233 sic
940 1210 1012 1246 pro
1032 1198 1050 1233 ὁ
1069 1199 1129 1243 τῆς

93 1249 273 1302 Ἀλυαρίου
302 1254 359 1291 ε’π.
389 1257 576 1302 Valesius,
596 1258 768 1294 addens:
798 1272 814 1289 «
846 1258 933 1292 Haec
962 1256 1130 1292 Placidia

91 1310 332 1349 Nobilissima
354 1313 567 1350 dicebatur.
602 1317 707 1351 Hanc
727 1315 976 1351 Genserichus
994 1321 1131 1362 rogatu

91 1369 226 1405 Leonis
245 1371 402 1419 Augusti
424 1383 502 1407 una
516 1384 602 1407 cum
618 1372 791 1408 Eudoxia
808 1379 947 1416 matre,
970 1372 1130 1408 Valenti·

90 1427 194 1463 niani
212 1429 356 1465 Placidi
373 1429 508 1475 vidua,
530 1430 899 1479 Constantinopolim
920 1431 1128 1474 remiserat,

91 1492 134 1520 ut
164 1487 296 1522 scribit
323 1489 534 1537 Procopius
563 1490 604 1524 in
632 1490 700 1525 lib.
731 1491 750 1525 I
778 1489 1075 1525 Vandalicorum
1095 1496 1132 1523 et

91 1544 252 1583 Priscus.
286 1548 343 1582 De
374 1548 591 1583 Alexandro
620 1556 746 1584 autem
767 1555 1018 1597 procuratore
1045 1548 1130 1582 Pla-

92 1603 199 1639 cidiae
230 1602 401 1652 loquitur
430 1608 562 1643 Victor
591 1609 777 1644 Uticensis
808 1610 847 1643 in
878 1609 977 1643 libro
1007 1609 1044 1643 II
1074 1609 1130 1643 De

90 1664 352 1710 persecutione
384 1665 661 1713 vandalorum,
696 1668 762 1716 qui
802 1668 897 1702 hanc
935 1667 1130 1703 historiam

90 1720 200 1757 valde
219 1722 392 1762 illustrat.
414 1739 430 1757 »

583 1782 643 1821 14.

147 1836 237 1874 Exc.
261 1840 318 1875 De
334 1840 406 1889 leg.
428 1842 542 1877 Rom.
558 1854 598 1890 p.
620 1841 684 1878 88.
705 1841 754 1890 89
774 1855 782 1878 :
801 1839 886 1880 “Ort
905 1841 940 1878 ἐν
964 1842 1014 1893 τῷ
1035 1841 1130 1891 αὐτῷ

90 1895 204 1947 χρόνῳ
235 1898 253 1933 ὃ
281 1896 401 1943 Ζήνων
433 1898 654 1949 αἰσθόμενος,
678 1902 723 1943 ὡς
754 1898 800 1938 τὰ
832 1898 909 1950 μὲν-
906 1898 1129 1972 -Θευδερίχου

90 1957 149 1991 τοῦ
174 1954 296 1998 παιδὸς
313 1957 528 2008 Βαλαμήρου
554 1957 608 1995 ἀει
629 1957 853 2011 ἀσθενέστερα
881 1957 941 1996 καὶ
962 1957 1130 1996 ἐλάττονα

91 2010 278 2063 γίγνοιντο,
301 2016 319 2051 ὁ
348 2013 383 2052 δὲ
402 2019 461 2052 τοῦ
481 2015 649 2067 Τριαρίου
670 2015 748 2062 ἔθνη
769 2032 805 2054 τε
834 2016 1046 2068 συναθροίζει
1073 2031 1131 2053 και

92 2069 274 2124 συστρέφει
314 2071 493 2123 δυνάμεις,
524 2074 662 2124 ἐνόμισε
706 2074 839 2126 βέλτιον
883 2074 941 2112 ε’πὶ
982 2074 1132 2125 μετρίοις

89 2180 139 2212 nis
155 2181 307 2214 Romanis
325 2183 504 2223 relinquere
522 2184 688 2224 statuisse,
701 2185 875 2224 quominus
899 2194 959 2225 pax
975 2186 1007 2217 et
1028 2184 1132 2216 foedus

89 2232 156 2263 sine
168 2233 279 2265 fraude
292 2236 539 2275 componeretur
555 2236 711 2267 :multam
722 2244 852 2276 quoque
864 2236 998 2276 gratiam
1013 2235 1131 2267 habere

91 2282 278 2323 imperatori
288 2308 298 2324 ‚
315 2285 401 2325 quod
424 2286 546 2326 Olybrii
566 2295 700 2318 uxorem
729 2287 849 2319 honore
865 2287 1006 2319 affecerit
1013 2298 1022 2327 ;
1042 2286 1130 2328 quod

88 2334 163 2374 quia
183 2335 396 2377 intellexerit,
413 2337 529 2369 adduci
550 2339 586 2370 ut
607 2338 732 2378 omnia,
748 2348 820 2379 quae
835 2339 1006 2379 imperator
1022 2339 1128 2370 volue-

89 2385 149 2425 rit,
162 2387 265 2419 facere
279 2389 408 2428 paratus
420 2389 470 2420 sit.
484 2390 548 2420 Ista
559 2398 636 2421 vero
650 2390 690 2421 ad
705 2390 840 2431 speciem
852 2392 979 2422 tantum
993 2391 1130 2422 conficta

89 2439 182 2470 erant
205 2451 214 2469 :
231 2447 343 2471 revera
358 2440 443 2471 enim
466 2441 612 2480 quamvis
639 2441 714 2473 belli
733 2443 932 2474 occasionem
958 2442 1128 2474 timebant.

90 2490 216 2521 Etenim
237 2496 308 2531 post
330 2494 468 2523 mortem
485 2493 645 2525 Genserici
658 2494 689 2524 in
705 2503 831 2526 omnem
849 2495 1015 2526 mollitiem
1032 2494 1129 2526 ‹leve-

89 2543 223 2580 nerant;
245 2551 348 2582 neque
370 2543 503 2583 pristina
524 2545 710 2576 fortitudine
731 2545 771 2576 ad
784 2545 868 2577 bella
882 2546 1019 2586 gerenda
1039 2546 1128 2586 vige-

88 2590 185 2630 bant,
203 2601 307 2634 neque
328 2595 459 2626 eosdem
481 2596 640 2627 exercitus
667 2596 812 2637 alebant,
841 2606 921 2638 quos
940 2598 1130 2630 Gensericus

87 2642 128 2674 ad
145 2652 257 2676 omnes
270 2646 452 2678 occasiones
464 2647 636 2679 instructos
649 2647 803 2687 habebat,
821 2651 858 2680 ut
877 2658 1001 2690 semper
1015 2650 1127 2681 celeri-

87 2696 154 2727 tate
170 2696 365 2736 exsequendi
387 2697 524 2729 aliorum
541 2699 671 2730 consilia
689 2700 880 2740 praeveniret
898 2702 930 2732 et
946 2702 1128 2733 anteverte-

87 2748 147 2778 ret.
167 2749 300 2787 Legatos
315 2750 400 2780 Zeno
423 2748 596 2792 liberaliter
615 2751 739 2790 excepit
762 2753 796 2783 et
816 2752 935 2784 honore
957 2752 1065 2784 debito
1081 2754 1128 2784 est

87 2801 293 2838 prosecutus,
307 2801 340 2831 et
365 2800 554 2832 muneribus
571 2810 629 2846 pro
644 2803 759 2834 merito
781 2805 911 2835 ornatos
932 2803 1070 2844 dimisit,
1097 2806 1129 2836 ct

87 2848 304 2882 Alexandrum
319 2851 468 2883 comitem
484 2852 677 2892 privatarum
690 2862 798 2885 rerum
813 2854 897 2886 fecit.

129 2958 247 2991 Eodem
255 2961 398 3000 tempore
407 2970 506 3001 quum
518 2964 603 2995 Zeno
620 2964 792 3005 imperator
799 2967 1008 3006 praesentiret,
1024 2967 1128 2998 Theu-

87 3007 270 3050 dertonam,
287 3013 440 3044 valamiri
457 3013 576 3054 filium,
596 3016 709 3055 opibus
727 3019 760 3048 et
776 3018 917 3057 potentia
937 3018 1000 3049 labi
1018 3020 1050 3050 et
1068 3019 1126 3050 mi-

87 3061 162 3100 nui,
182 3064 294 3093 contra
309 3064 567 3096 Theuderichum
594 3066 694 3098 triarii
716 3068 819 3099 varias
843 3070 951 3108 gentes
971 3069 1030 3101 sibi
1048 3078 1124 3101 con-

89 3111 195 3143 ciliare
211 3114 243 3144 et
259 3114 366 3154 copias
384 3124 456 3147 suas
471 3116 635 3157 colligere,
653 3118 836 3151 inimicitias
850 3121 952 3160 aequis
973 3121 1126 3152 conditio·

88 3162 194 3203 nibus,
205 3163 230 3195 si
244 3166 413 3199 convenire
423 3168 531 3208 vellet,
541 3169 700 3209 deponere
707 3170 820 3203 melius
827 3180 906 3210 esse,
920 3172 1124 3204 existimavit.

89 3212 201 3252 ltaque
221 3222 276 3254 per
292 3215 428 3256 legatos,
442 3226 523 3257 qnos
538 3219 645 3258 misit,
663 3219 754 3259 petiit
769 3221 806 3251 ut
825 3220 945 3260 filium,
962 3221 1048 3262 quod
1060 3222 1127 3261 J’am

89 3262 210 3302 pridem
225 3269 430 3307 poposcerat,
445 3268 589 3301 obsidem
605 3270 713 3310 daret,
731 3272 767 3302 ut
778 3272 938 3311 privatam
949 3273 1047 3304 vitam
1058 3282 1126 3314 age-

90 3315 148 3353 ret,
159 3317 191 3347 et
200 3316 267 3348 sine
278 3317 344 3349 11113
356 3318 499 3352 molestia
510 3320 543 3352 in
555 3329 612 3352 sua
622 3323 778 3361 potestate
791 3325 945 3364 maneret;
957 3325 992 3355 ut
1005 3325 1125 3365 omnia,

89 3373 163 3404 quae
177 3369 342 3409 rapuerat,
354 3369 413 3401 sibi
430 3370 576 3411 haberet,
590 3373 732 3404 ceterum
746 3373 941 3415 quiesceret,
958 3383 976 3406 3
998 3376 1127 3409 nemine

2155 191 2220 224 121

1191 267 1305 319 αὐτῷ,
1329 268 1358 304 εἷ
1378 267 1554 317 συμὸῆναι
1578 268 1754 320 βούλοιτο,
1781 270 1975 308 καταλῦσαι
2001 268 2061 318 τὴν
2083 271 2225 324 ἔχθραν.

1191 324 1263 361 Καὶ
1280 324 1440 377 πρέσὸεις
1460 326 1668 370 ἀποστείλας
1684 326 1777 373 ἠξίου
1795 326 1853 365 τόν
1871 343 1905 365 τε
1926 327 1998 366 υἱὸν
2013 331 2228 381 παραδοῦναι

1191 381 1333 434 ὅμηρον,
1364 386 1409 427 ὡς
1436 383 1547 421 πάλαι
1573 386 1820 435 προύκαλεῖτο,
1840 385 1900 423 καὶ
1920 385 2058 433 ἰδιώτην
2089 387 2171 425 ὄντα
2193 389 2227 425 ἐν

1189 446 1259 483 τοῖς
1279 443 1400 479 ἑαυτοῦ
1422 441 1547 493 μένειν,
1569 441 1675 492 μηδὲν
1697 442 1955 493 ἐνοχλούμενον,
1981 443 2099 495 ὥσπερ
2117 445 2226 495 ᾔτησε

1191 499 1286 546 τότε,
1300 499 1424 538 λαὸεῒν
1441 516 1476 538 τε
1495 500 1558 547 τὴν
1575 500 1693 538 οὐσίαν
1710 501 1837 547 ὁπόσης
1855 501 2030 553 ἀφήρητο,
2047 502 2106 539 καὶ
2118 497 2229 540 τᾶλλα

1192 557 1390 609 ἡσυχάζειν,
1408 558 1504 596 οὐδὲν
1524 558 1649 610 ἔχοντα
1669 558 1776 596 κακὸν
1795 557 1871 596 οὐδὲ
1893 559 1999 611 ἑτέρῳ
2018 559 2228 611 παρέχοντα.

1191 614 1234 654 Ὁ
1252 615 1286 653 δὲ
1302 616 1510 668 ἀπεκρίνατο
1521 646 1531 666 ,
1546 614 1598 653 ὅτι
1616 615 1727 667 [οὔτε]
1743 616 1799 654 τὸν
1814 616 1884 654 υἱὸν
1901 616 1950 654 ἔτι
1967 616 2096 669 ὅμηρον
2114 616 2229 663 δώσοι,

1191 673 1267 711 οὔτε
1289 674 1454 713 δύνασθαι
1475 675 1524 713 ἔτι
1542 677 1580 713 ἐκ
1599 674 1704 724 μόνης
1718 677 1779 720 τῆς
1799 675 1916 718 οὐσίας
1934 675 2071 722 ἰδιώτης
2084 676 2226 726 διάγειν.

1189 730 1286 775 ‘'Emc
1319 732 1381 782 μὲν
1412 732 1479 803 γὰρ
1499 727 1542 780 ἦν
1574 732 1691 782 μόνος,
1724 732 1831 782 μήπω
1861 732 1938 779 ἔθνη
1967 737 2118 771 τοσαῦτα
2152 734 2230 784 περὶ

1191 790 1293 828 αυτὸν
1312 807 1325 827 ε
1329 806 1413 842 χων,
1429 791 1536 842 μόνην
1552 791 1593 829 ἂν
1607 790 1668 837 τὴν
1683 789 1802 828 οὐσίαν
1820 790 1952 843 σφόδρα
1970 792 2232 842 συστελλομένῳ

1190 847 1273 892 ἴσως
1294 848 1334 886 ἂν
1357 850 1568 909 ἐπαρκεσαι·
1586 865 1643 886 νυν
1664 847 1752 896 δὲ,’
1737 849 1878 902 επείπερ
1902 849 2005 887 αὐτὸν
2024 852 2056 893 ἐς
2077 851 2230 900 ἀνάγκην

1190 923 1249 945 του
1268 906 1346 955 ἔθνη
1375 908 1535 952 συλλέξαι
1563 907 1795 954 κατέστησαν,
1818 909 1857 945 ἐκ
1886 910 1946 953 τ’ἧς
1966 906 2116 957 ἀνάγκης
2145 912 2232 945 εἶναι

1173 964 1212 1018 ,ἢ
1244 965 1377 1017 τρέφειν
1405 982 1483 1009 τους
1505 966 1663 1009 ἐλθόντας
1682 965 1704 1012 ἢ
1729 981 1789 1003 συν
1816 967 1930 1009 αὐτοῖς
1956 967 2137 1016 πολεμεῖν,
2170 965 2232 1009 ἕως

1190 1023 1309 1061 παθὼν
1329 1023 1350 1070 ἢ
1374 1023 1501 1075 δράσας
1529 1023 1564 1061 ἓν
1591 1023 1899 1076 ἀναμφισὸήτητον
1927 1026 1976 1076 τῷ
1995 1023 2101 1061 παντὶ
2126 1023 2233 1076 πέρας

1191 1081 1364 1126 ἐξοίσειεν.
1383 1085 1507 1121 Ταῦτα
1525 1084 1570 1125 ὡς
1588 1082 1808 1136 ἀπηγγέλθη,
1826 1081 1937 1126 ἔδοξεν
1957 1083 2003 1125 εἷς
2025 1082 2151 1134 ἀκριῧῆ
2169 1098 2233 1119 κα-

1190 1142 1463 1186 τασκευάζεσθαι
1480 1142 1646 1190 πόλεμον.
1666 1140 1736 1179 Καὶ
1752 1140 1917 1191 τάγματα
1938 1139 1999 1191 μὲν
2019 1141 2153 1189 πάντα,
2168 1139 2233 1178 ὅσα

1190 1215 1227 1237 τε
1245 1199 1329 1252 πρὸς
1345 1202 1394 1251 τῷ
1416 1199 1540 1251 Πόντῳ
1550 1198 1617 1236 ’καὶ
1643 1198 1734 1236 κατὰ
1752 1197 1814 1244 τὴν
1833 1198 1964 1249 Ἀσίαν,
1986 1199 2045 1236 καὶ
2074 1198 2137 1236 ὅσα
2165 1201 2234 1242 τοῖς

1192 1256 1287 1311 ἑῴοις
1305 1258 1459 1310 ἐνίδρυτο
1476 1257 1616 1310 με’ρεσι,
1634 1257 1725 1295 κατὰ
1741 1257 1846 1309 τάχος
1865 1256 1994 1295 ἐκάλει.
2023 1258 2093 1296 Καὶ
2117 1261 2233 1310 παρῆν

1191 1311 1407 1368 πανταχόθεν
1429 1318 1491 1354 οὐκ
1515 1316 1629 1367 ὀλίγον
1649 1331 1682 1353 τι
1709 1317 1851 1362 πλῆθος.
1875 1316 2179 1360 Κατεσκευάζοντο
2198 1315 2233 1354 δὲ

1191 1374 1325 1423 ἅμαξαι
1343 1374 1566 1427 σκευοφόροι,
1578 1373 1636 1412 καὶ
1653 1373 1728 1426 βόες
1745 1375 1910 1412 ἐωνοῦντο
1922 1404 1933 1423 ,
1946 1373 2006 1412 καὶ
2019 1374 2110 1418 σῖτός
2125 1389 2160 1412 τε
2175 1374 2234 1412 καὶ

1190 1430 1255 1469 ὅσα
1274 1431 1434 1483 χρήσιμα
1466 1432 1691 1484 στρατοπέδῳ
1722 1431 1838 1469 πάντα
1867 1431 1997 1484 ἐγίνετο
2020 1432 2161 1483 ἕτοιμα,
2189 1434 2234 1476 ὡς

1191 1491 1295 1528 αὐτοῦ
1315 1505 1353 1541 γε
1371 1490 1554 1541 μέλλοντος
1572 1489 1684 1528 Ἰλλοῧ
1702 1488 1836 1534 ἐξιέναι.

1682 1577 1741 1617 15.

1243 1667 1393 1703 Ibidem
1419 1679 1460 1715 p.
1493 1666 1557 1714 89.
1586 1679 1636 1715 90
1668 1677 1677 1703 :
1705 1662 1791 1703 “Ort
1820 1667 1838 1703 ὃ
1858 1664 1979 1712 Ζήνων
2001 1664 2234 1717 Μαρτινιανὸν

1190 1724 1455 1775 προὸαλόμενος
1470 1723 1679 1775 στρατηγὸν,
1701 1723 1761 1761 καὶ
1786 1727 1845 1762 τοῦ
1873 1727 2021 1775 στρατοῦ
2042 1726 2075 1767 ἐς
2091 1723 2234 1768 ἀταξίαν

1192 1783 1347 1824 ἐλθόντος
1359 1811 1369 1829 ,
1384 1784 1430 1825 ὥς
1448 1785 1560 1819 ταῦτα
1578 1783 1693 1825 καλῶς
1708 1781 1799 1833 ἔχειν
1817 1783 1947 1828 ἐδόκει,
1962 1780 2095 1831 πέμπει
2109 1781 2234 1834 ἄνδρας

1193 1840 1317 1879 αὐτίκα
1336 1840 1433 1893 παρὰ
1452 1840 1510 1878 τὸν
1531 1840 1746 1893 Βαλαμήρου
1766 1839 1985 1891 λε’γοντας,
1965 1856 2017 1878 οτι
2033 1842 2071 1877 οὐ
2092 1841 2142 1877 δεῖ
2162 1840 2234 1893 τρί·

1193 1898 1300 1936 ὅειν”
1282 1915 1332 1937 ετι
1346 1898 1407 1945 τὴν
1426 1898 1558 1958 μάχην,
1574 1898 1650 1936 ἀλλ’
1667 1900 1766 1949 ἔργου
1782 1914 1839 1936 νυν
1854 1897 1994 1949 ἔχεσθαι
2009 1913 2069 1935 και
2082 1899 2235 1949 πληρουν

1191 1956 1253 2000 τὰς
1267 1957 1430 2003 ἐλπίδας,
1445 1955 1497 2008 ἐφ’
1512 1959 1565 1999 αις
1581 1972 1642 2002 της
1660 1956 1872 2008 στρατηγίας
1888 1955 2015 2003 ἠξιώθη
2034 1955 2233 2006 Ῥωμαίων.

1193 2014 1235 2053 Ὁ
1268 2015 1305 2052 δὲ
1336 2013 1488 2058 ἀκούσας
1520 2014 1732 2065 ἀντιπέμπει
1761 2015 1822 2052 καὶ
1853 2014 1953 2057 αὐτὸς
1985 2017 2018 2058 ἐς
2051 2015 2235 2059 Βυζάντιον

1194 2072 1379 2125 πρέσὸεις,
1401 2074 1512 2123 λέγων
1533 2075 1578 2116 ὡς
1594 2074 1632 2111 οὔ
1654 2072 1818 2125 πρότερον
1840 2071 2036 2125 ἐγχειρήσοι
2055 2076 2104 2126 τῷ
2124 2072 2235 2126 ἔργῳ,

1191 2183 1274 2214 111313
1302 2191 1472 2223 passurus,
1486 2183 1606 2214 nemini
1620 2192 1749 2224 quoque
1767 2183 1908 2215 inferret.
1925 2185 1967 2216 At
1992 2184 2063 2224 ille,
2081 2193 2115 2216 se
2131 2193 2236 2225 neque

1192 2234 1293 2266 filium
1308 2233 1449 2266 obsidem
1464 2234 1631 2273 daturum,
1648 2235 1831 2275 respondit,
1845 2244 1951 2276 neque
1963 2235 2119 2276 privatam
2134 2237 2233 2268 vitam

1191 2288 1349 2326 agentem,
1357 2287 1432 2318 solis
1441 2287 1506 2318 suis
1513 2287 1626 2326 opibus
1636 2296 1727 2319 casus
1739 2296 1814 2319 suos
1826 2290 2016 2320 sustentare.
2028 2290 2136 2326 Quum
2149 2290 2235 2321 enirn

1191 2338 1280 2370 solus
1292 2348 1397 2379 neque
1411 2340 1501 2370 tanta
1529 2339 1736 2371 multitudine
1761 2340 1993 2380 circumseptus
2019 2341 2125 2380 suerit,
2151 2341 2236 2373 bona

1191 2390 1320 2430 quidem
1330 2414 1339 2429 ‚
1357 2399 1431 2430 quae
1441 2391 1519 2421 tunc
1533 2390 1731 2431 possidebat,
1743 2391 1767 2422 si
1785 2401 1821 2423 ea
1833 2391 1976 2431 diligenti
1993 2392 2116 2424 ratione
2129 2393 2235 2424 11111111-Ἴ

1190 2441 1373 2480 nistrasset,
1394 2442 1519 2482 privato
1543 2442 1677 2474 fortasse
1691 2443 1900 2476 suffecissent.
1922 2446 2015 2476 Nunc
2033 2445 2187 2484 quoniam
2202 2446 2235 2477 in

1194 2501 1230 2524 ea
1254 2502 1288 2525 se
1312 2493 1500 2525 necessitate
1516 2494 1757 2534 constituerint,
1777 2497 1813 2527 ut
1838 2495 1956 2527 milites
1978 2496 2159 2536 colligeret,
2177 2506 2233 2528 ne-

1190 2553 1276 2577 cesse
1300 2553 1367 2576 esse
1385 2547 1422 2576 ut
1440 2547 1496 2576 aut
1516 2554 1646 2583 omnes,
1663 2547 1720 2586 qui
1746 2546 1785 2577 ad
1804 2556 1838 2578 se
1855 2546 2017 2587 venerint,
2040 2548 2156 2586 aleret,
2179 2550 2236 2580 aut

1193 2605 1257 2627 una
1270 2605 1343 2628 cum
1364 2596 1438 2637 ipsis
1467 2597 1588 2628 bellum
1604 2599 1749 2637 gereret,
1764 2598 1843 2629 dum
1858 2599 1962 2630 victus
1977 2600 2034 2630 aut
2047 2599 2149 2630 victor
2165 2608 2234 2631 cer·

1190 2648 1262 2679 tum
1278 2648 1415 2689 denique
1431 2648 1476 2679 rei
1490 2648 1587 2679 finem
1603 2648 1790 2688 imponeret.
1818 2650 1895 2680 Haec
1910 2649 1964 2680 11111
1984 2650 2130 2681 nuntiata
2141 2652 2234 2689 sunt,

1189 2699 1311 2731 censuit
1327 2699 1498 2740 imperator
1513 2699 1633 2731 bellum
1648 2700 1734 2731 omni
1752 2709 1829 2731 cura
1851 2701 1883 2732 et
1899 2700 2062 2740 diligentia
2077 2709 2233 2741 apparan-

1188 2750 1280 2782 dum.
1297 2752 1408 2791 ltaque
1421 2751 1594 2790 omnesleg„
1583 2751 1701 2790 iones,
1722 2760 1794 2791 quae
1818 2753 1910 2783 erant
1928 2753 2013 2783 circa
2040 2754 2179 2784 Pontum
2202 2754 2234 2785 et

1192 2811 1272 2842 quas
1287 2802 1326 2834 ad
1343 2803 1448 2834 Asiam
1465 2804 1497 2834 et
1511 2802 1651 2834 Orientis
1666 2805 1771 2843 partes
1788 2804 1980 2843 collocarat,
1995 2807 2115 2844 quanta
2129 2806 2246 2845 potuit-

1191 2854 1355 2886 celeritate
1372 2854 1537 2893 evocavit,
1553 2856 1584 2885 et
1599 2854 1741 2894 undique
1756 2857 1873 2895 praesto
1889 2855 1950 2887 fuit
1965 2865 2027 2887 non
2043 2865 2140 2896 parva
2154 2857 2234 2888 rnul-

1188 2906 1303 2937 titudo.
1324 2907 1605 2946 comparabantur
1627 2915 1762 2946 currus,
1779 2907 1832 2946 qui
1853 2907 2007 2939 veherent
2022 2907 2169 2939 utensilia
2181 2932 2190 2947 ‚
2202 2909 2234 2940 et

1188 2958 1284 2990 boves
1297 2958 1485 2990 emebantur
1497 2959 1529 2989 et
1544 2959 1737 2990 frumentum
1750 2982 1760 2998 ,
1778 2960 1811 2990 et
1829 2968 2045 2999 quaecumque
2058 2960 2234 2991 necessaria

1189 3011 1279 3041 erant
1294 3009 1409 3041 alendo
1422 3010 1589 3049 exercitui,
1604 3018 1641 3041 ea
1654 3009 1762 3041 omnia
1777 3011 2042 3050 praeparabantur
2052 3011 2230 3051 diligenter,

1187 3060 1340 3101 quoniam
1352 3060 1426 3092 lllus
1436 3060 1502 3100 ipse
1514 3060 1598 3092 intra
1607 3060 1703 3092 breve
1713 3062 1840 3101 tempus
1852 3061 1958 3102 copias
1968 3061 2144 3094 educturus
2154 3063 2231 3094 erat.

1228 3175 1337 3211 Quum
1353 3175 1525 3214 exercitus,
1538 3174 1727 3206 Martiniano
1747 3174 1828 3208 duce
1843 3176 1962 3213 creato,
1980 3174 2012 3207 in
2029 3183 2175 3215 magnam
2194 3173 2230 3205 li·

1188 3226 1325 3257 centiam
1339 3226 1512 3264 incidisset,
1526 3228 1611 3258 Zeno
1621 3226 1662 3257 ad
1672 3226 1939 3265 Theuderichum,
1951 3226 2103 3258 Valamiri
2115 3226 2226 3264 lilium,

1187 3277 1287 3309 mittit
1313 3278 1369 3318 qui
1394 3277 1555 3318 dicerent,
1582 3286 1647 3309 non
1672 3278 1738 3318 Jam
1765 3278 1902 3319 amplius
1931 3280 2077 3318 oportere
2103 3278 2230 3308 differre

1188 3337 1346 3370 pugnam,
1369 3329 1426 3361 sed
1448 3330 1576 3370 tempus
1591 3338 1660 3361 esse
1676 3329 1790 3370 proelio
1806 3329 1989 3362 decertandi
2014 3331 2047 3361 et
2066 3332 2228 3368 exspecta-

1187 3379 1320 3421 tionem,
1328 3389 1427 3421 quam
1437 3380 1619 3421 excitasset,
1635 3389 1735 3421 quum
1745 3380 1836 3413 ducis
1849 3383 2068 3413 Romanorum
2076 3380 2229 3420 dignitate
