2326 3724
994 206 1330 249 FRAGMENTA.

73 298 123 350 τῷ
142 298 214 351 Ζὶχ
233 298 289 337 διὰ
309 298 495 338 συλλαὸῶν
516 296 700 348 Ἰωάννου,
717 298 764 341 ὣς
782 297 823 335 τὸ
841 291 1012 348 παράπαν
1028 296 1126 334 οῦδὲν

71 358 142 394 τῶν
161 357 372 405 δοκηθέντων
388 356 619 409 προσεδέξατο
639 359 658 395 ὁ
680 354 855 408 βασιλεύς.
875 354 1007 394 Τούτου
1027 369 1125 406 γενο-

73 413 199 464 μένου,
233 416 273 454 τὸ
307 415 458 469 γράμμα
494 418 543 454 ἐν
532 414 706 468 εχειρίσθη
743 416 777 454 Γ
781 415 908 467 ιμοθεω
944 415 1013 452 τῶν
1049 412 1125 463 ἅμα

72 472 219 526 Ἰωάννῃ
241 474 434 527 γενομένων
452 475 503 514 ἑνὶ
521 473 613 514 κατὰ
633 473 676 521 δὴ
701 489 766 521 την
789 475 939 527 Περσῶν
957 472 1026 526 πρὸ
1047 488 1120 512 του.

72 532 147 572 Καὶ
167 536 227 572 οὖν
259 532 424 587 Τιμοθέῳ
445 532 691 572 ἐνεκελεύσατο
711 532 876 586 βασιλευς
896 531 1038 586 ῥήματα
1061 531 1124 582 μὲν

72 591 174 637 δηθεν
190 594 253 639 τ’ἧς
269 593 302 635 ἐς
319 590 519 643 Ῥωμαίους
534 592 686 645 φιλίας’
666 591 882 643 αποκομίσαι
901 592 1041 643 βασιλεῖ
1054 592 1123 629 τῶν

71 650 236 702 Περσῶν,
258 650 503 696 ὑπαντιάζοντι
523 650 581 699 δὲ,
601 649 721 704 ὥσπερ
737 651 846 698 εἰκὸς,
862 653 912 689 τῶ
925 649 1123 702 πρεσὸευτῇ

71 707 242 753 ἐπιδεῖξαι
260 708 326 755 τὴν
342 708 505 749 Ἰωάννου
531 708 762 758 ἐπιστολὴν,ε
745 725 791 753 ως
812 708 854 747 ἂν
875 709 988 748 ἔσοιτο
1013 708 1123 754 ἐξεπι·

69 765 239 818 στάμενος
256 770 275 806 ὅ
294 767 364 821 Ζιχ
380 768 442 807 καὶ
461 768 665 831 σαφέστατα
684 767 934 821 προγινώσκων
962 768 1026 815 τὴν
1055 771 1134 820 βα-,

68 824 192 870 σιλέως
219 825 363 879 βουλήν.
391 827 563 879 Τιμόθεος
593 831 665 876 οὖν,
690 843 792 866 τουτο
823 827 1122 880 ἐπιτετραμμένον

67 885 186 937 αὐτῶ,
206 885 416 938 παρεγένετο
443 888 479 925 ἐν
499 889 571 931 τοῖς
591 886 708 940 ὁρίοις.
727 885 835 931 Γνους
865 885 922 933 δὲ,
951 889 997 931 ὡς
1025 885 1122 925 οὔπω

68 943 236 996 πάρεστιν
253 947 272 983 ὃ
287 947 434 999 Περσῶν
449 943 689 998 πρεσὸευτὴς,
707 945 891 998 ἐπορεύετο
906 945 928 984 δ’
940 961 978 997 γε
995 945 1121 985 αὐτίκα

67 1002 154 1055 πρὸς
173 1004 350 1058 Χοσρόην.
381 1005 534 1055 Ξυμὸὰν
555 1005 591 1044 δὲ
610 1005 718 1054 οὕτω,
747 1009 808 1044 τοῦ
836 1005 908 1058 Ζὶχ
934 1006 978 1044 δι’
1003 1005 1122 1058 ἑτέρας

68 1063 227 1115 ἀτραποῦ
258 1067 292 1109 ἐς
322 1064 385 1112 τὴν
417 1065 559 1106 Νίσιὸιν
587 1065 820 1119 ἀφικομένου,
837 1066 909 1104 ἐκεῖ
928 1081 966 1104 τε
986 1066 1120 1118 διατρί-

65 1124 194 1173 ψαντος
213 1125 262 1175 τῷ
282 1124 482 1172 διατεθῆναι
500 1125 540 1164 τὸ
559 1128 664 1176 σῶμα
685 1124 890 1178 ἀρρώστως,
907 1127 943 1164 ἐν
965 1124 1120 1178 τοσούτῳ

64 1181 234 1232 Τιμόθεος
266 1183 351 1237 πρὸς
384 1188 445 1223 τοῦ
473 1186 623 1237 Περσῶν
657 1184 830 1238 βασιλέως
860 1184 1017 1238 ἀφεθεὶς,
1044 1185 1119 1224 ἐπεὶ

65 1240 243 1280 κατέλαὸε
259 1242 317 1281 τὸν
336 1242 407 1295 Ζὶχ
427 1243 703 1296 ἐπανερχόμενος
721 1243 814 1283 κατὰ
833 1243 875 1291 δὴ
891 1243 955 1291 τὴν
976 1246 1007 1284 N
1014 1243 1119 1282 ίσιὸιν

65 1297 116 1336 ἔτι
135 1300 293 1349 νοσώδη,
320 1301 366 1340 τά
385 1317 422 1340 τε
441 1301 616 1355 γραφέντα
636 1303 668 1340 οἱ
694 1302 780 1354 πρὸς
803 1301 968 1340 Ἰωάννου
989 1301 1118 1354 ἐνεχεί-

65 1371 159 1409 ρισεν
177 1359 210 1398 ⁴².
231 1357 275 1398 ‘0
300 1359 336 1398 δὲ
354 1359 570 1411 καταμαθὼν
588 1362 635 1404 ὣς
653 1362 687 1405 ἐς
714 1360 913 1399 τούναντίον
930 1362 1025 1413 αὐτῷ
1047 1363 1118 1399 τῶν

65 1416 296 1457 ἐλπισθέντων
322 1415 357 1467 ἡ’ι
371 1419 448 1463 ὁδὸς
462 1419 595 1470 γίνεται
614 1419 674 1458 καὶ
693 1421 740 1463 ὡς
759 1421 822 1458 οὐκ
840 1419 962 1463 αἰσίως
980 1421 1012 1458 οἱ
1031 1435 1119 1473 προ-

64 1473 214 1522 ὅήσεται
241 1477 286 1515 τὰ
305 1479 367 1524 τῆς
386 1476 600 1529 πρεσὸείας,
630 1477 802 1530 δυσθυμία
830 1476 1029 1532 περιπεσὼν
1057 1478 1117 1517 καὶ

61 1536 107 1585 τῇ
123 1534 215 1588 νόσῳ
231 1534 380 1588 κάτοχος
395 1535 443 1575 ὢν
468 1536 683 1591 κατέστρεψε
707 1536 766 1575 τὸν
789 1536 877 1589 βίον.
898 1536 973 1577 Καὶ
990 1536 1054 1588 μὲν
1073 1537 1115 1585 δὴ

64 1592 124 1630 καὶ
154 1593 320 1642 Ἰωάννην
352 1594 480 1634 αὐτίκα
515 1595 644 1643 συνέὸη
675 1596 852 1636 τεθνάναι.
875 1595 980 1636 Μετὰ
1003 1599 1114 1636 ταῦτα

63 1650 270 1703 ἀγγέλλεται
297 1654 333 1692 ἐν
353 1654 558 1707 Βυζαντίῳ,
587 1657 634 1700 ὡς
663 1654 777 1708 ἔτερος
803 1654 878 1703 ἥξει
898 1655 1116 1709 πρεσὸευτὴς

63 1712 83 1748 ὁ
99 1712 442 1764 προσαγορευόμενος
458 1713 648 1762 Μεὸώδης.
672 1709 784 1758 Οὗτος
808 1717 842 1758 ἐς
859 1713 922 1762 τὴν
951 1714 1115 1766 βασιλίδα

63 1769 247 1822 ἐπορεύετο
273 1770 516 1823 ἐξογκούμενος
548 1772 610 1811 καὶ
640 1773 736 1824 μάλα
767 1772 1034 1827 βρενθυόμενος,
1054 1773 1114 1812 καὶ

62 1827 187 1867 ἐλπίδα
218 1828 324 1881 ἔχων,
355 1833 401 1875 ὡς
428 1830 509 1883 περὶ
539 1831 713 1877 Σουανίας
741 1834 838 1886 αὐτῷ
866 1831 1114 1879 κινηθήσονται

62 1886 159 1939 λόγοι
173 1888 234 1927 καὶ
247 1888 299 1927 ὅτι
319 1889 460 1943 Πέρσας
480 1890 691 1942 ἀρέσκουσαι
710 1891 916 1942 γενήσονται
932 1891 1111 1938 ξυνθῆκαι.

61 1946 218 1998 Τοιαύτῃ
236 1948 372 2002 διανοίᾳ
398 1949 593 2002 ἐπηρμένος
612 1951 647 1989 ἐν
664 1950 845 2005 Βυζαντίῳ
872 1950 950 2003 ᾔει,
970 1950 1115 1988 αὐθαδέ-

59 2018 180 2058 στερον
197 2005 220 2053 ἢ
236 2006 328 2045 κατὰ
348 2008 567 2060 πρεσὸευτὴν
584 2008 723 2060 θέμενος
741 2015 813 2054 τοῖς
831 2009 925 2049 κατὰ
941 2009 1004 2057 τὴν
1019 2011 1111 2048 ὁδοι-

2164 217 2237 251 223

1187 296 1326 349 πορίαν.
1353 296 1648 349 Παραγενομένου
1677 298 1714 336 δέ
1744 298 1929 350 (βασιλεὺς
1962 299 2029 352 γὰρ
2057 299 2125 347 ἤδη
2153 299 2238 338 ἐπέ-

1187 370 1300 394 πυστο
1320 355 1498 395 Μεὸώδου
1522 358 1584 402 τῆς
1610 357 1812 400 ἀλαζονείας
1831 357 1930 410 πέρι,
1948 358 2006 396 καὶ
2024 361 2127 396 ὁποῖα
2148 358 2237 396 ἅττα

1188 413 1338 459 ἐλπίζων
1355 413 1420 461 τὴν
1439 413 1553 467 ἄφιξιν
1573 414 1802 464 ἐποιήσατο),
1821 414 1885 458 τὰς
1904 415 1967 465 μὲν
1999 417 2039 453 ἐκ
2067 415 2239 467 βασιλέως

1188 474 1339 524 Περσῶν
1360 472 1454 518 ἔδοξε
1480 472 1643 524 δέχεσθαι
1669 472 1879 526 προσρήσεις
1896 472 1987 511 κατὰ
2007 474 2066 511 τὸν
2094 473 2237 512 εἰωθότα

1187 532 1329 582 θεσμὸν,
1349 530 1600 585 περιεφρόνησε
1618 530 1654 569 δὲ
1671 530 1765 583 ὅμως
1791 532 1849 570 τὸν
1873 532 2030 580 Μεὸώδη
2062 533 2121 571 καὶ
2151 535 2237 571 ἀπε-’-

1186 591 1353 644 φλαύριζε
1373 590 1463 641 μηδὲ
1483 590 1548 638 τὴν
1570 591 1707 629 οἷανοῧν
1725 590 1909 629 συνουσίαν
1929 593 1975 635 ὡς
1995 591 2099 629 αὐτὸν
2117 591 2239 630 ποιού-

1186 665 1298 699 μενος.
1329 649 1391 694 Ὡς
1422 649 1457 688 δὲ
1488 650 1522 694 ἐς
1552 649 1750 688 τούναντίον
1781 649 1873 703 ἤπερ
1906 649 2068 688 ἐδούλετο
2101 648 2147 688 τὰ
2176 653 2238 697 τῆς

1184 708 1374 761 πρεσὸείας
1388 710 1420 748 οἵ
1436 707 1584 762 ἐχώρει,
1599 708 1661 747 καὶ
1676 707 1716 746 τὸ
1732 708 1903 761 παράπαν
1920 708 2016 747 οὐδὲν
2033 710 2128 760 αὐτῷ
2145 708 2238 753 ἔλεξε

1184 768 1264 821 περὶ
1279 766 1452 811 Σουανίας
1464 770 1483 806 ὃ
1498 766 1676 819 βασιλεὺς,
1693 766 1814 805 ἔπειτα
1826 766 2022 819 ἐξελιπάρει
2036 770 2054 806 ὁ
2065 766 2239 814 Μεὸώδης

1184 826 1262 870 τοὺς
1282 825 1358 876 ἅμα
1384 828 1415 865 οἷ
1442 825 1670 879 Σαρακηνοὺς
1687 827 1720 870 ἐς
1736 825 1860 877 λόγους
1878 825 1967 865 ἰέναι
1996 828 2046 880 τῷ
2066 826 2239 879 αὐτοκρά-

1183 901 1271 939 τορι.
1295 880 1449 925 Εῗποντο
1467 884 1535 939 γὰρ
1553 885 1643 938 ἀμφὶ
1658 884 1736 929 τοὺς
1751 885 2017 938 τεσσαράκοντα
2034 885 2151 939 οἰκείῳ
2170 885 2235 924 τινὶ

1183 945 1381 999 πρεσὸευτῇ
1392 945 1611 996 ταττόμενοι.
1623 944 1669 985 Ὁ
1678 961 1746 998 γαρ
1754 947 1822 983 τῶν
1831 947 2049 999 Σαρακηνῶν
2063 945 2238 998 φύλαρχος

1182 1001 1336 1057 Ἄμὸρος
1368 1003 1552 1057 ἐκπέμψας
1585 1006 1723 1057 υπῆρχε
1744 1003 1804 1043 καὶ
1824 1003 1845 1042 δ’
1861 1019 1900 1054 γε
1921 1003 1977 1049 ξυν
1999 1005 2049 1058 τῶ
2078 1003 2236 1055 Μεὸώδῃ

1182 1079 1247 1117 πρε
1234 1063 1371 1102 ςσὸείαν
1392 1062 1731 1116 διαλεχθησομένους
1756 1062 1836 1116 περὶ
1865 1066 1913 1101 ὡν
1938 1078 2037 1115 χρημ
2042 1061 2133 1101 άτων
2137 1062 2237 1133 ωπρὸς

1183 1121 1430 1162 Ἰουστινιανοῧ
1451 1121 1665 1172 ἐκομίζοντο.
1685 1121 1860 1169 Μεὸώδης
1876 1124 1935 1160 οὖν
1951 1125 2012 1160 τοῦ
2028 1124 2159 1160 σκοποῦ
2174 1125 2236 1159 τοῦ

1182 1181 1264 1235 περὶ
1294 1181 1465 1225 Σουανίας
1493 1181 1679 1233 ἁμαρτών,
1700 1183 1747 1225 ὡς
1768 1181 1809 1220 ἂν
1830 1180 1879 1232 μὴ
1911 1180 2026 1233 πάντῃ
2060 1180 2236 1232 ἄπρακτος

1181 1241 1430 1294 ἀναχωρήσοι,
1453 1240 1712 1291 ἐπιμελέστατα
1731 1257 1805 1286 πως
1825 1241 2001 1288 ἠντιῧόλει
2023 1242 2085 1287 τῆς
2104 1242 2151 1284 ὡς
2172 1243 2236 1293 βα-

1182 1300 1282 1338 σιλέα
1308 1299 1426 1351 τυχεῖν
1456 1299 1590 1337 εἰσόδου
1622 1298 1700 1345 τοὺς
1733 1299 1976 1353 Σαρακηνούς.
2013 1299 2086 1339 Καὶ
2119 1299 2234 1338 τοίνυν

1180 1358 1367 1397 ὑπολαὸὼν
1407 1360 1426 1396 ὁ
1459 1358 1712 1412 αὐτοκράτωρ,
1745 1377 1760 1394 α
1795 1359 1842 1398 Τί
1861 1358 1927 1413 γὰρ
1957 1360 2066 1407 δῆτα,
2094 1377 2112 1393 ³»
2146 1357 2234 1412 ἔφη,

1171 1430 1196 1453 ’κ
1221 1417 1404 1470 βούλονται
1424 1418 1456 1456 οἱ
1476 1418 1553 1455 καθ’
1572 1420 1663 1468 ὑμᾶς
1689 1418 1909 1470 Σαρακηνοί;
1930 1436 1946 1454 »
1972 1417 2036 1462 Ὡς
2055 1417 2092 1456 δὲ
2121 1419 2235 1470 ἐγκεί-

1181 1492 1283 1527 μενον
1317 1476 1435 1528 ἑώρα,
1470 1475 1658 1514 κατένευσε
1691 1476 1787 1530 μόνῳ
1824 1477 1967 1515 εἰσιέναι
2003 1480 2053 1529 τῷ
2095 1476 2235 1515 ἐκείνων

1178 1535 1391 1589 πρεσὸευτῇ.
1414 1534 1613 1574 Ἢπίστατο
1628 1534 1716 1589 γὰρ,
1736 1539 1782 1580 ὡς
1802 1534 2148 1586 ἀπαυθαδιαζόμενος
2171 1537 2235 1574 οὐκ

1179 1593 1221 1633 ἂν
1248 1593 1363 1633 ἕλοιτο
1395 1593 1478 1632 ἄνευ
1497 1597 1566 1632 τῶν
1590 1594 1771 1646 ἑπομένων
1791 1597 1838 1639 ὡς
1871 1594 2022 1647 βασιλέα
2047 1597 2232 1647 φοιτῆσαι,

1179 1655 1256 1692 ἀλλ’
1276 1652 1396 1705 ὥσπερ
1415 1653 1519 1701 ἡνίκα
1543 1654 1640 1706 παρὰ
1668 1653 1915 1693 Ἰουστινιανὸν
1939 1653 1997 1699 ξὺν
2025 1653 2139 1692 ἅπασι
2163 1657 2235 1698 τοῖς

1178 1712 1253 1763 ἅμα
1275 1714 1391 1757 αὐτοῖς
1410 1715 1478 1751 τῶν
1498 1714 1718 1766 Σαρακηνῶν
1739 1715 1770 1752 οἱ
1790 1713 1952 1766 πρέσὸεις
1972 1713 2146 1764 ἐγίνοντο,
2172 1714 2234 1752 καὶ

1177 1772 1236 1811 τὸν
1254 1771 1346 1811 οὕτω
1369 1771 1554 1824 βούλεσθαι
1584 1772 1624 1810 τὸ
1644 1770 1787 1819 σύνηθες
1815 1772 2029 1817 διασώζοντα
2057 1771 2230 1818 ποιήσειν.

1177 1830 1359 1871 Ἐντεῧθέν
1377 1846 1416 1869 τε
1432 1830 1660 1883 εὐπρόσωπον
1688 1830 1776 1884 ᾤετο
1804 1831 1890 1877 ἕξειν
1911 1831 2040 1878 αἰτίαν,
2062 1833 2108 1874 ὡς
2131 1831 2234 1875 αὐτὸς

1179 1890 1242 1941 μὲν
1261 1888 1307 1928 τὰ
1326 1889 1478 1941 ἁρμόδια
1507 1890 1646 1941 βασιλεῖ
1674 1890 1904 1942 διεπράξατο,
1924 1893 1942 1928 ὁ
1960 1889 1995 1928 δὲ
2026 1889 2234 1941 Σαρακηνὸς

1177 1949 1307 1996 ἥκιστα
1336 1948 1424 2000 ἔγνω
1453 1948 1499 1987 τὰ
1526 1947 1665 1986 δέοντα·
1693 1943 1767 1986 εἶτα
1787 1948 1878 1986 κατὰ
1899 1947 1940 1994 δὴ
1962 1951 2022 1987 τοῦ
2052 1947 2232 2001 βαρὸάρου

1177 2008 1500 2060 ἀντιστραφήσεται
1528 2007 1569 2045 τὸ
1599 2007 1794 2058 ἐπίκλημα.
1831 2006 1903 2047 Καὶ
1933 2008 1996 2045 οὐκ
2017 2006 2087 2058 (ἂν)
2119 2005 2233 2051 ἄλλως

57 2112 152 2143 antea
167 2120 242 2144 cum
257 2113 381 2145 Joanne
398 2113 433 2145 in
455 2114 582 2146 Perside
596 2115 725 2147 fuerant
735 2138 745 2155 ,
763 2115 865 2148 literae
879 2115 1007 2148 traditae
1023 2115 1109 2147 sunt.

57 2164 77 2195 J
81 2165 204 2196 usserat
219 2164 392 2205 imperator
416 2165 604 2207 Timotheo,
617 2167 655 2198 ut
673 2167 738 2207 regi
752 2169 923 2200 Persarum
935 2167 979 2199 ob
990 2166 1111 2208 signifi·

57 2215 217 2248 cationem
241 2215 321 2249 inse
344 2216 579 2250 benevolentiae
608 2219 725 2259 gratias
749 2220 875 2260 ageret,
901 2219 1012 2252 literas
1034 2227 1112 2251 vero

56 2267 191 2300 Joannis
203 2268 327 2308 legato,
342 2277 441 2309 quem
454 2269 588 2302 obvium
601 2270 636 2302 in
648 2270 774 2312 itinere,
791 2271 874 2303 sicut
889 2271 1012 2304 itineris
1029 2271 1111 2303 ratio

58 2317 197 2358 ferebat,
218 2320 390 2354 habiturus
404 2323 505 2363 esset,
527 2322 689 2363 traderet,
710 2328 748 2356 ut
770 2324 888 2356 Zichus
910 2324 1110 2365 exploratam

58 2374 321 2414 perspectamque
339 2373 541 2415 imperatoris
562 2376 764 2408 voluntatem
788 2376 933 2409 haberet.
956 2377 1033 2409 Haec
1054 2375 1110 2408 ubi

61 2423 232 2457 Timotheo
253 2427 329 2458 sunt
343 2426 498 2468 imperata
511 2451 521 2468 ,
538 2427 579 2460 ad
595 2429 712 2462 limites
728 2430 905 2462 contendit.
923 2429 994 2462 lllic
1008 2438 1110 2471 quum

57 2477 258 2517 cognovisset
281 2478 428 2511 nondum
450 2479 618 2513 advenisse
633 2483 803 2514 Persarum
822 2483 963 2523 legatum
975 2506 985 2522 ,
1001 2482 1110 2514 conse·

55 2527 130 2560 stim
144 2528 185 2560 ad
201 2529 376 2562 Chosroem
390 2532 439 2564 est
460 2532 635 2572 profectus.
654 2534 752 2567 Forte
766 2534 852 2567 enim
877 2535 1054 2575 contigerat
1074 2535 1111 2567 ut

57 2579 173 2613 zichus
185 2581 249 2613 alia
266 2582 319 2614 via
331 2584 357 2615 N
362 2582 466 2615 isibim
479 2582 665 2626 diverteret,
682 2585 791 2627 ibique
806 2586 999 2620 valetudinis
1015 2595 1111 2619 causa

55 2631 263 2667 detineretur.
282 2636 410 2668 Interea
424 2636 613 2670 Timotheus
630 2646 650 2670 a
673 2639 843 2672 Persarum
871 2649 945 2680 rege
959 2639 1111 2672 dimissus

55 2684 180 2718 rediens
187 2686 289 2718 Nisibi
300 2686 433 2720 Zichum
444 2687 551 2721 adhuc
563 2690 772 2730 aegrotantem
780 2695 946 2725 assecutus
955 2716 966 2733 ,
974 2692 1002 2724 ei
1014 2693 1110 2724 Joan·

55 2736 104 2768 nis
122 2737 231 2770 literas
247 2738 387 2773 tradidit.
402 2741 433 2772 Is
448 2749 550 2781 quum
577 2741 804 2783 intellexisset,
827 2743 888 2776 iter
909 2752 1005 2776 suum
1022 2744 1109 2776 haud

55 2796 204 2829 prospere
217 2790 348 2830 cedere,
374 2800 481 2832 neque
495 2801 537 2825 ex
549 2794 626 2826 voto
647 2794 837 2836 legationem
866 2797 1034 2837 peractum
1051 2796 1107 2837 iri,

54 2840 162 2872 animo
178 2842 312 2882 cecidit,
329 2843 362 2875 et
373 2851 411 2875 ex
429 2843 563 2885 morbo,
577 2855 644 2886 quo
655 2844 870 2887 detinebatur,
887 2848 987 2880 vitam
1004 2850 1109 2881 morte

55 2894 279 2926 commutavit.
302 2896 368 2927 Nec
380 2895 483 2928 multo
499 2898 572 2936 post
590 2899 731 2932 Joannes
743 2908 875 2940 quoque
885 2901 1033 2933 mortuus
1046 2902 1105 2934 est.

54 2945 130 2977 Post
150 2945 220 2978 haec
239 2947 429 2987 Byzantium
445 2948 625 2989 nuntiatur,
651 2950 801 2983 advenire
817 2952 917 2985 alium
942 2953 1083 2993 legatum
1096 2976 1106 2993 ,

55 2998 222 3031 Mebodem
244 3000 386 3033 nomine.
416 3003 450 3034 Is
470 3010 555 3034 vana
577 3003 772 3036 confidentia
789 3004 919 3038 inflatus
942 3006 975 3038 in
988 3007 1105 3047 regiam

55 3051 201 3090 pervenit
222 3059 371 3092 magnam
387 3061 477 3094 spem
495 3054 635 3094 habens,
655 3063 836 3089 sermonem
858 3058 984 3090 motum
1006 3058 1044 3090 iri
1066 3058 1107 3090 de

56 3104 192 3141 Suania,
204 3112 302 3144 seque
322 3105 424 3138 foedus
436 3115 477 3138 ex
487 3109 657 3140 Persarum
668 3110 826 3142 sententia
844 3110 1019 3143 facturum.
1038 3113 1106 3143 llac

56 3154 248 3194 cogitatione
274 3155 397 3196 elatus,
414 3157 494 3190 dum
519 3159 709 3199 Byzantium
728 3161 789 3193 iter
811 3161 927 3202 habet,
951 3171 1104 3203 arrogan-

55 3202 137 3243 tius,
157 3213 256 3245 quam
276 3206 419 3246 legatum
436 3207 588 3247 decebat,
605 3216 679 3248 erga
692 3218 816 3249 omnes,
830 3210 1026 3250 quibuscum
1040 3219 1114 3242 con-

51 3255 156 3295 venit,
177 3265 211 3288 se
236 3257 344 3297 gessit.
362 3260 406 3290 Ut
421 3259 531 3298 venit,
558 3259 746 3301 imperator,
772 3262 829 3302 qui
855 3262 994 3295 hominis
1021 3271 1113 3296 arro-

55 3307 194 3346 gantiam
209 3308 243 3339 et
263 3307 560 3352 importunitatem,
575 3314 609 3345 et
620 3321 761 3354 quorum
778 3316 1028 3349 obtinendorum
1049 3326 1105 3358 spe

56 3356 117 3389 iter
132 3357 338 3400 instituisset,
367 3361 433 3400 jam
449 3361 624 3404 didicerat,
650 3366 913 3406 gratulationesa
934 3370 1104 3401 Persarum

59 3413 130 3448 rege
143 3408 296 3452 benigne,
310 3411 347 3445 ut
358 3420 429 3445 mos
440 3415 526 3456 erat,
540 3416 678 3457 excepit.
699 3417 762 3451 Sed
783 3418 953 3452 Mebodem
969 3419 1103 3462 impera-

1173 2114 1224 2145 tor
1231 2112 1432 2152 contemptui
1444 2112 1556 2144 habuit
1565 2137 1574 2152 ,
1586 2121 1692 2153 neque
1701 2112 1746 2144 illi
1754 2112 1859 2144 ullum
1869 2111 2093 2144 familiaritatis
2105 2112 2231 2151 signum

1174 2164 1332 2197 exhibuit.
1349 2165 1401 2197 Sic
1415 2164 1460 2196 illi
1482 2165 1602 2205 praeter
1626 2173 1716 2205 spem
1741 2164 1859 2205 legatio
1878 2164 1990 2203 cessit,
2007 2172 2111 2204 neque
2126 2165 2231 2196 ullum

1173 2216 1306 2248 omnino
1322 2216 1458 2248 verbum
1480 2217 1656 2257 imperator
1674 2216 1715 2248 dc
1738 2216 1857 2249 Suania
1873 2216 1957 2249 fecit.
1981 2216 2103 2248 Deinde
2121 2217 2231 2249 Mebo-

1171 2269 1229 2302 des
1243 2277 1435 2310 magnopere
1446 2269 1558 2310 petiit,
1575 2270 1613 2301 ut
1627 2269 1809 2310 Saracenis,
1826 2269 1883 2310 qui
1900 2278 1976 2302 cum
1992 2278 2030 2302 eo
2043 2270 2152 2310 erant,
2167 2270 2229 2302 im-

1172 2322 1354 2361 peratorem
1367 2320 1506 2353 adeundi
1518 2322 1660 2362 potestas
1671 2322 1765 2354 esset.
1781 2322 1882 2354 Erant
1891 2321 1977 2353 enim
1994 2321 2027 2352 in
2044 2322 2112 2362 ejus
2125 2322 2226 2354 comi-

1171 2373 1241 2405 tatu
1254 2373 1382 2405 circiter
1403 2373 1616 2414 quadraginta
1639 2373 1769 2414 proprio
1794 2373 1899 2414 legato
1917 2374 2076 2414 parentes.
2099 2374 2228 2406 Miserat

1170 2425 1294 2457 scilicet
1307 2433 1381 2457 cum
1395 2424 1531 2457 Mebode
1547 2425 1706 2465 Ambrus,
1724 2427 1955 2458 Saracenorum
1969 2425 2176 2467 phylarchus,
2194 2429 2228 2459 et

1170 2478 1238 2519 ipse
1253 2478 1387 2519 legatos,
1403 2478 1461 2520 qui
1477 2478 1518 2511 de
1533 2479 1694 2520 pecuniis,
1710 2487 1792 2520 quas
1810 2487 1829 2511 a
1841 2478 2022 2512 Justiniano
2037 2480 2228 2520 impetrave-

1171 2531 1262 2571 rant,
1276 2531 1418 2571 agerent.
1432 2532 1546 2571 ltaque
1559 2539 1661 2572 quum
1677 2530 1838 2569 Mebcdes,
1855 2532 2013 2572 quantum
2022 2531 2062 2563 ad
2074 2531 2226 2563 suaniam

1170 2582 1347 2622 attinebat,
1369 2591 1427 2623 spe
1451 2590 1511 2615 sua
1528 2582 1715 2623 excidisset,
1733 2591 1774 2615 ne
1786 2583 1874 2614 nulla
1887 2591 1922 2616 re
1934 2582 2066 2615 obtenta
2082 2583 2225 2616 discede·

1169 2637 1237 2675 ret,
1257 2643 1334 2667 cura
1355 2635 1445 2667 omni
1461 2634 1645 2674 contendit,
1665 2636 1702 2667 ut
1728 2636 1960 2667 Saracenorum
1978 2635 2073 2676 legati
2099 2635 2224 2668 aditum

1168 2686 1211 2719 ad
1225 2687 1452 2728 imperatorem
1477 2687 1747 2719 nanciscerentur.
1777 2688 1825 2719 De
1839 2695 1878 2719 ea
1896 2695 1932 2720 re
1956 2696 2059 2728 quum
2081 2687 2226 2720 Mebodis

1168 2741 1346 2773 orationem
1364 2740 1539 2780 imperator
1556 2740 1750 2781 excepisset,
1771 2753 1787 2768 α
1805 2739 1890 2779 Quid
1907 2740 2001 2773 nobis
2022 2741 2154 2781 volunt,
2171 2741 2222 2773 in-

1168 2793 1258 2833 quit,
1275 2792 1447 2825 Saraceni?
1460 2804 1476 2820 »
1492 2793 1530 2824 ut
1546 2792 1719 2824 instantem
1742 2792 1839 2832 vidit,
1867 2792 2024 2825 concessit
2050 2801 2163 2825 eorum
2179 2794 2220 2825 le·

1167 2846 1258 2886 gato,
1272 2847 1310 2878 ut
1325 2846 1412 2878 solus
1433 2845 1475 2877 ad
1490 2853 1524 2877 se
1542 2845 1722 2877 accederet.
1740 2847 1851 2886 Neque
1875 2846 1959 2878 enim
1988 2846 2148 2886 legatum,
2163 2846 2221 2887 qui

1166 2897 1334 2938 superbior
1343 2898 1432 2937 erat,
1449 2897 1662 2929 toleraturum
1679 2897 1901 2936 existimabat,
1919 2898 1957 2929 ut
1975 2899 2104 2930 remotis
2117 2899 2218 2929 comi·

1165 2949 1253 2982 tibus
1269 2950 1300 2981 in
1317 2949 1518 2989 imperatoris
1542 2949 1750 2989 conspectum
1768 2949 1892 2981 veniret
1906 2948 1984 2982 :sed
2008 2950 2218 2990 quemadmo-

1166 3001 1246 3033 dum
1261 3001 1422 3041 quondam
1437 3000 1664 3040 imperatorem
1681 3001 1898 3032 Justinianum
1911 3009 2024 3033 eorum
2038 3001 2130 3041 legati
2144 3011 2218 3034 cum

1165 3053 1316 3085 omnibus
1326 3051 1498 3084 comitibus
1515 3052 1580 3084 suis
1588 3052 1757 3093 adiissent,
1774 3053 1862 3084 hunc
1878 3061 2008 3093 quoque
2027 3053 2219 3093 pertinacius

1166 3107 1198 3138 in
1215 3115 1254 3138 eo
1271 3106 1481 3146 perstiturum
1498 3114 1568 3138 esse
1580 3130 1589 3145 ‚
1607 3106 1644 3137 ut
1660 3114 1730 3137 mos
1751 3106 1865 3138 solitus
1888 3105 2126 3138 observaretur.
2143 3108 2217 3143 Qua

1165 3158 1199 3190 in
1216 3166 1251 3189 re
1261 3158 1435 3198 imperator
1450 3165 1484 3189 se
1495 3157 1608 3198 optimi
1619 3157 1700 3197 juris
1711 3159 1849 3198 speciem
1863 3166 1928 3198 prae
1941 3166 1975 3190 se
1991 3157 2132 3189 laturum
2148 3165 2217 3189 esse

1165 3210 1324 3251 speravit,
1340 3208 1427 3250 quod
1447 3209 1515 3250 ipse
1540 3218 1615 3250 quae
1634 3210 1861 3251 imperatorem
1878 3209 2049 3249 decerent,
2073 3209 2214 3248 fecisset,

1165 3265 1344 3296 Saracenus
1354 3263 1464 3295 antem
1477 3261 1622 3302 minime,
1634 3271 1708 3303 quae
1721 3262 1790 3294 fieri
1804 3262 2029 3303 oportuissent,
2042 3261 2212 3293 intellexis-

1164 3316 1214 3348 set
1232 3328 1240 3348 :
1265 3323 1299 3348 se
1314 3315 1410 3356 igitur
1425 3324 1554 3348 omnem
1580 3316 1709 3356 culpam
1729 3315 1761 3347 in
1783 3315 1954 3348 barbarum
1978 3315 2210 3353 conjecturum.

1163 3370 1274 3409 Neque
1285 3368 1378 3401 aliter
1390 3377 1441 3402 res
1460 3368 1575 3401 cecidit
1588 3377 1686 3409 quam
1702 3368 1882 3409 suspicatus
1906 3367 2008 3399 fuerat
2022 3366 2206 3406 imperator.

1163 3421 1291 3455 Etenim
1308 3423 1485 3455 saracenus
1500 3421 1588 3454 haud
1609 3422 1762 3455 decorum
1782 3421 1841 3454 sibi
1857 3429 1926 3454 esse
1941 3419 2142 3458 existimans,
2155 3425 2207 3450 so-
