2326 3724
645 226 902 267 EUSTATHI
929 210 1322 265 EPlPHANlENSIS
1357 225 1691 266 FRAGMENTA.

89 319 224 356 simum
250 318 533 355 Tillemontium
554 317 649 352 Hise.
671 317 737 352 des·
764 329 860 365 emp.
892 316 941 356 VI
955 342 965 360 ,
996 328 1036 364 p.
1063 317 1126 359 44.

91 376 154 422 45.
177 377 269 414 610.
289 377 437 413 Etenim
455 375 694 424 Isdigerdum
713 376 730 410 1
752 371 770 423 (
783 373 991 423 398-419
1005 373 1015 422 )
1031 402 1041 419 ,
1060 385 1131 423 pa-

91 442 184 472 trem
202 435 404 472 Vararanis
417 461 428 479 ,
451 434 606 470 omnino
625 433 772 468 nullum
789 439 922 468 contra
937 433 1133 468 Romanos

88 495 292 542 suscepisse
306 494 448 529 bellum
463 492 600 528 diserte
617 498 775 527 testatur
786 491 965 540 Agathias
978 492 1043 536 IV,
1063 502 1128 536 27.

89 550 210 592 Filius
225 564 316 588 vero
338 549 420 598 ejus
430 552 639 587 Vararanes
654 552 685 586 V
703 549 714 599 (
729 549 937 598 419-439
953 549 1013 584 vel
1033 548 1128 598 440)

87 609 231 647 bellum
254 610 382 646 intulit
399 609 615 645 Theodosio
634 609 671 644 ΙΙ
682 635 693 653 ,
715 609 782 656 qui
801 608 870 646 etsi
889 610 1001 643 armis
1020 620 1130 656 supe-

87 669 170 706 rior
199 676 316 713 esset‚
349 669 428 717 ipse
458 674 582 703 tamen
612 668 756 715 primus
789 668 932 715 legatos
964 667 1010 702 de
1038 678 1132 715 pace

19 755 22 759 f
88 725 254 763 ineunda
280 725 329 762 ad
349 726 479 761 Persas
496 726 598 761 misit
619 725 812 774 (Socrates
832 738 864 762 c.
890 725 951 770 18,
971 737 1013 773 p.
1038 723 1129 771 357,

89 782 557 832 C.Theophanesp.134
581 783 640 821 ed.
662 785 783 819 Bonn.
794 782 822 831 ).
846 784 925 819 Pax
944 784 1007 819 illa
1035 782 1133 818 facta

89 848 145 879 est
161 853 223 878 an.
244 847 318 885 422
342 842 384 876 in
411 853 530 878 annos
556 849 707 878 centum
731 841 900 891 (Sozom.
925 843 997 887 IX,
1030 846 1068 889 4,
1088 854 1129 890 p.

94 899 187 946 805,
209 898 278 948 A).
299 902 349 936 At
378 899 643 949 duodeviginti
659 900 736 936 fere
759 901 865 936 annis
883 908 971 949 post
990 899 1133 935 foedeia

89 965 222 1007 rupta,
240 958 460 1006 bellumque
475 960 748 1003 instauratum,
765 959 842 994 sive
859 959 994 996 eodem
1008 958 1132 994 adhue

87 1023 270 1065 regnante
288 1015 478 1053 Vararane
515 1017 578 1067 (ut
604 1018 818 1066 Procopius
837 1019 894 1054 De
918 1017 1007 1054 bell.
1029 1018 1130 1052 Pers.

89 1075 133 1120 Ι,
153 1087 191 1120 2,
208 1082 246 1111 et
263 1075 442 1124 Agathias
456 1077 521 1121 IV,
541 1089 589 1123 27
608 1075 814 1124 uadunt),
833 1077 910 1112 sive
927 1076 996 1113 sub
1022 1076 1132 1112 initio

88 1134 195 1182 regni
221 1133 423 1182 Isdigerdis
449 1133 543 1181 filii,
571 1142 615 1171 ut
645 1135 862 1171 Eustathius
880 1142 1010 1171 noster
1038 1134 1133 1170 dicit

93 1189 355 1239 (probabilius
380 1193 537 1240 utique,
554 1206 592 1232 v.
619 1194 835 1232 Tillemont.
863 1206 905 1241 p.
933 1193 1004 1229 611
1023 1191 1059 1242 ),
1090 1204 1133 1228 ac

88 1250 259 1287 statuisse
269 1251 422 1287 videtur
435 1251 578 1290 Chron.
593 1253 818 1298 Marcellini,
830 1253 897 1288 ubi
909 1264 969 1288 res
977 1252 1135 1300 ponitur

88 1309 130 1344 in
163 1319 224 1347 an.
258 1313 351 1353 441.
383 1311 482 1346 Hinc
507 1310 685 1359 deinceps
714 1323 835 1358 usque
869 1310 919 1346 ad
949 1310 1134 1346 Anastasii

88 1376 230 1402 annum
246 1365 518 1403 duodecimum
534 1367 582 1403 de
594 1367 704 1403 bellis
717 1369 816 1404 inter
834 1369 1029 1405 Romanos
1043 1369 1133 1403 Per-

89 1436 224 1472 sasque
253 1425 366 1473 gestis
400 1425 496 1460 nihil
524 1426 711 1470 innotuit,
739 1438 783 1462 ac
807 1437 940 1462 revera
967 1438 1134 1473 eousque

87 1494 222 1532 pacem
240 1481 353 1519 fuisse
365 1490 524 1519 testatur
539 1484 767 1522 Eustathius.
782 1486 890 1520 Patet
902 1485 1019 1532 igitur
1031 1484 1135 1532 apud

87 1540 294 1588 Euagrium
319 1553 400 1576 non
425 1541 472 1577 de
497 1541 601 1578 bello
633 1543 722 1578 anni
753 1547 849 1589 422,
868 1542 935 1578 sed
960 1542 1007 1578 de
1031 1542 1134 1578 bello

88 1598 178 1633 anni
210 1602 282 1642 441
316 1599 563 1647 cogitandum
589 1612 687 1646 esse;
717 1600 834 1647 idque
864 1601 924 1636 vel
946 1600 1035 1636 inde
1061 1601 1135 1636 col-

88 1654 202 1703 ligas,
236 1656 344 1705 quod
371 1657 413 1692 in
446 1657 689 1694 antecedente
725 1659 849 1706 capite
880 1660 1062 1707 Euagrius
1087 1659 1134 1695 de

88 1715 206 1751 Attila
230 1717 455 1751 Hunnorum
474 1729 563 1765 rege
592 1716 660 1766 (ab
685 1729 744 1754 an.
763 1717 858 1766 433)
886 1719 1004 1754 verba
1029 1718 1130 1757 facit.

2 1773 22 1819 ζ
43 1828 49 1830 .‚
90 1770 344 1822 Consequitur
375 1787 449 1839 pro
485 1773 696 1840 Ἰσδιγέρὸου
739 1774 906 1826 πατρὸς
946 1778 1017 1826 leg.
1057 1790 1135 1814 esse

89 1825 211 1880 Ἶ.σδιγ
232 1830 328 1876 υῖου,
350 1832 423 1867 nisi
442 1831 569 1868 forte
559 1833 676 1880 ipsius
696 1835 851 1882 Euagiii
873 1847 1041 1871 errorem
1057 1848 1135 1872 esse

88 1889 253 1924 mavelis.
267 1890 441 1938 Denique
460 1902 533 1939 pro
548 1904 574 1926 π
586 1904 664 1942 αρο
677 1904 747 1937 ινη
760 1890 841 1928 σάν
855 1906 935 1929 των
954 1894 1028 1942 leg.
1045 1905 1134 1943 pro-

87 1957 193 1994 pono
208 1947 593 1999 παρασπονδησάντων.

595 2043 617 2067 2
622 2039 638 2068 .“

141 2115 326 2164 Euagrius
352 2117 412 2162 ΙΙ,
441 2116 526 2154 15:
556 2115 656 2156 Λέων
675 2116 711 2155 δὲ
730 2118 889 2171 γαμὸρὸν
909 2120 967 2158 ἐπὶ
993 2120 1135 2193 θυγατρὶ

90 2169 248 2224 Ἀριάδνῃ
267 2173 578 2226 προσλαμὸάνεται
599 2174 762 2225 Ζήνωνα,
780 2178 989 2250 Ἀρικμησον
1008 2178 1070 2229 μὲν
1097 2181 1135 2217 ἐκ

22 2237 30 2243 ·
90 2231 302 2282 σπαργάνων
330 2232 559 2285 καλούμενον,
579 2234 668 2284 μετὰ
698 2236 734 2274 83
760 2240 820 2275 τοῦ
842 2238 957 2288 γάμου
985 2238 1044 2276 καὶ
1071 2237 1134 2285 τὴν

89 2289 323 2342 προσηγορίαν
341 2293 650 2343 προσκτησάμενον
665 2293 704 2332 ἔκ
719 2310 808 2339 τινος
823 2295 920 2349 παρὰ
933 2297 1002 2341 τοῖς
1017 2296 1133 2336 'load-

90 2361 159 2398 ροις
173 2348 208 2391 ἐς
224 2348 316 2399 μέγα
331 2348 428 2393 κλέος
444 2351 657 2400 ἐληλυθότος,
667 2352 758 2391 οὕτω
774 2356 1132 2408 προσαγορευομένου.

87 2403 196 2444 Ὅθεν
225 2405 261 2445 δὲ
288 2408 471 2459 προσήχθη
504 2413 600 2454 οὗτος
630 2414 648 2449 ὃ
679 2412 816 2460 Ζήνων,
850 2413 940 2457 τίνος
965 2430 1002 2452 τε
1030 2414 1133 2467 χάριν

82 2461 228 2502 ’πάντων
257 2465 353 2516 παρὰ
380 2470 442 2505 τοῦ
468 2467 614 2512 Λεοντος
637 2470 865 2524 προύκρίθη,
873 2472 1092 2527 Εὐσταθίῳ’
1077 2489 1136 2511 εκ-

88 2519 237 2560 τέθειται
253 2524 303 2576 τῷ
320 2524 438 2578 Συρω.

585 2641 621 2673 2.

2165 238 2236 272 139

1245 313 1429 365 Ἀρικμῆ
1441 315 1531 366 σον]
1556 313 1777 367 Ἆρικμήσιον
1800 317 1886 355 cod.
1906 319 2060 355 Florent
2090 322 2238 358 Nomen

1192 381 1426 423 corruptum.
1442 375 1555 423 Apud
1571 375 1786 412 Candidum
1802 377 1974 412 Isaurum
1993 377 2111 426 (cujus
2124 393 2160 417 v.
2176 380 2233 429 fr.)

1191 440 1351 468 vocatur
1369 431 1688 483 Ταρασικοδίσσας.
1717 433 1832 482 Apud
1850 435 2051 481 Agathiam
2069 437 2133 480 IV,
2154 449 2203 485 ²9
2225 450 2235 473 :

1191 488 1341 535 Ζήνων..
1362 488 1398 532 ὃς
1411 489 1452 536 δὴ
1471 489 1592 542 πρώην
1610 490 1957 541 Ταρασισκιυδίσεος,
1976 493 2028 528 sic
2045 494 2239 541 legebatur

1192 557 1278 585 ante
1310 549 1582 594 Niebuhrium‚
1617 551 1684 598 qui
1716 551 1866 599 scripsit
1897 550 2185 600 Ταρακωδισαῖος
2218 567 2239 590 e

1192 608 1280 647 cod.
1306 609 1488 660 Rhedig„
1512 609 1581 644 uhi
1600 607 1758 659 Τάρασις
1789 608 1979 655 Κωδιαῖος;
2003 610 2175 646 similiter
2200 613 2240 648 in

1193 667 1384 705 Chronico
1405 668 1536 704 Pasch.
1561 680 1600 716 p.
1633 666 1725 716 599,
1752 680 1810 714 12,
1828 668 1887 706 ed.
1917 669 2038 705 Bonn.
2067 669 2204 716 legitur
2228 684 2236 706 ι

1191 723 1313 771 Ζήνων
1332 726 1350 762 ὁ
1370 723 1572 766 Κωδισσευς
1596 721 1882 776 ὁ”1σαυρος.111
1910 726 2069 774 epistola
2095 728 2240 764 Verinae

1192 785 1288 832 Aug.
1313 796 1374 833 ap.
1395 785 1668 851 Theophanem
1700 797 1739 833 p.
1765 796 1862 829 200,
1889 797 1929 819 11
1956 785 2242 837 Βοη11.;Τρα-

1193 841 1396 878 σκαλισαῖον
1416 840 1472 878 τὸν
1499 840 1760 890 μετακληθέντα
1787 840 1947 887 Ζήνωνα.
1966 865 2020 870 -
2037 841 2082 880 ἔκ
2109 844 2239 895 τινος]

1193 898 1363 948 intellige
1373 901 1544 936 Flavium
1560 902 1776 946 Zenonem,
1795 901 1987 937 consulem
2006 913 2068 937 an.
2090 902 2188 948 448,
2205 911 2238 939 et

1191 959 1816 1007 magistrummilituminOriente.
1827 961 1872 996 V.
1887 960 2036 996 Priscus
2048 960 2093 998 fr.
2109 960 2238 997 Sextr.

1198 1017 1423 1062 12.14.15.
1447 1019 1664 1057 Tillemont.
1688 1019 1714 1054 l.
1737 1019 1762 1054 l.
1779 1019 1844 1065 VI,
1862 1032 1903 1069 p.
1933 1032 2018 1069 109.
2042 1025 2128 1063 114.
2147 1032 2238 1069 229.

1698 1106 1736 1144 3.

1245 1185 1352 1222 Idem
1378 1185 1459 1230 ΙΙΙ,
1490 1185 1581 1223 25:
1610 1183 1868 1223 Ἐπανίσταται
1889 1182 1924 1222 δὲ
1950 1187 1999 1223 τῶ
2025 1185 2162 1233 Ζήνωνι
2180 1187 2241 1225 καὶ

1193 1242 1404 1316 Θευδέριχος
1423 1241 1599 1289 Σκύθης*
1578 1260 1624 1281 ων
1641 1242 1752 1294 γένος,
1770 1259 1829 1282 και
1847 1243 1909 1287 τὰς
1928 1244 2055 1289 οἰκείας
2080 1246 2242 1295 δυνάμεις

1195 1299 1261 1338 ἀνὰ
1279 1300 1342 1347 τὴν
1363 1302 1516 1354 Θρακῶν
1543 1301 1738 1353 ἀθροίσας’
1723 1301 1962 1354 επιστρατεύει
1977 1303 2069 1341 κατὰ
2089 1320 2149 1342 του
2168 1305 2242 1352 Ζή-

1195 1374 1316 1431 νωνρς,
1333 1358 1393 1396 καὶ
1424 1359 1528 1411 μέχρι
1548 1358 1721 1409 στόματος
1739 1363 1799 1397 τοῦ
1825 1359 1960 1399 Πόντου
1980 1360 2118 1413 δῃώσας
2136 1362 2180 1400 τὰ
2205 1364 2240 1401 ἐν

1193 1432 1276 1454 ποσι
1302 1416 1417 1469 χωρία
1441 1433 1565 1469 μικρου
1586 1417 1648 1464 τὴν
1668 1418 1842 1469 βασίλειον
1860 1421 1929 1457 εἱλε
1946 1420 2058 1467 πόλιν,
2076 1421 2108 1459 εἴ
2125 1436 2163 1472 γε
2190 1421 2241 1472 μή

1194 1490 1282 1518 τινες
1305 1491 1372 1515 των
1394 1476 1427 1519 ἐς
1443 1475 1486 1513 τὰ
1508 1476 1662 1526 μάλιστα
1681 1478 1776 1530 αὐτῷ
1805 1478 2042 1525 ἐπιτηδείων(
2030 1479 2241 1532 υπαχθέντες

1195 1533 1448 1572 ἐδουλεύσαντο
1465 1534 1568 1572 αὐτὸν
1597 1534 1835 1580 ἀνελεῖν.ος
1855 1538 2146 1583 ἐθελοκακοῧντας
2165 1555 2243 1584 τους

1194 1591 1337 1636 οἰκείους
1355 1592 1525 1643 ἐγνωκυς,
1547 1595 1580 1637 ἐς
1596 1594 1752 1633 τούπίσω
1771 1595 1834 1646 μὲν
1853 1597 2050 1649 ἀποχωρεῖ·
2066 1599 2105 1636 οὐ
2122 1600 2242 1636 πολλι1

1196 1650 1230 1688 83
1248 1649 1389 1703 ὕστερον
1408 1656 1483 1694 τοῖς
1495 1653 1680 1691 ἁπελθουσι
1682 1656 1976 1713 συναριθμεῖται.
1996 1656 2095 1701 Λέξω
2119 1657 2154 1695 δὲ
2181 1637 2243 1696 κοίὶ

1194 1710 1252 1748 τὸν
1267 1726 1327 1757 της
1341 1711 1502 1757 τελευτης
1520 1711 1659 1764 τρόπον,
1676 1706 1743 1750 ὧδε
1758 1712 1956 1764 γενόμενον.
1981 1715 2073 1766 Δόρυ
2099 1716 2241 1764 διηγκυ-

1193 1768 1343 1819 λημένον
1361 1768 1428 1822 πρὸ
1448 1785 1510 1815 της
1527 1784 1656 1816 σκηνης
1673 1771 1768 1823 αὐτῳ
1789 1771 1996 1823 μετῃώρητο
2010 1788 2134 1824 σχημα
2157 1777 2242 1826 βαρ-

1195 1827 1352 1880 6αρικόν.
1379 1830 1468 1866 Εἶτα
1494 1829 1693 1876 διακινῆσαι
1716 1829 1754 1868 τὸ
1775 1833 1879 1879 σῶμα
1907 1832 2143 1883 βουληθεὶς,
2135 1831 2241 1871 ίππον

1195 1885 1607 1961 &AenvoetnpoorsswAsv‘
1627 1888 1793 1927 ἀναὸολεῒ
1805 1868 1842 1927 83.
1857 1891 1918 1927 οὐκ
1933 1906 1958 1927 3
1951 1890 2060 1934 ’.ωθὼς
2075 1894 2241 1943 χρησθαι,

1194 1950 1244 1985 τῶ
1275 1945 1375 1984 ἵππω
1410 1946 1626 1998 προσήλατο.
1662 1946 1708 1986 ‘O
1747 1947 1800 1994 83,
1833 1950 1893 1996 ἀγε
1896 1949 1992 1993 λαῖός
2022 1965 2071 1993 τις
2106 1965 2154 1987 ων
2182 1950 2242 1988 καὶ

1196 2004 1376 2056 υὸριστὴς,
1411 2004 1507 2042 οὔπω
1542 2004 1736 2057 περιὸάδην
1771 2007 1822 2045 Θε
1827 2008 1903 2044 υδε
1870 2006 1985 2059 ερίγου
2014 2007 2241 2056 καθίσαντος,

1196 2063 1394 2115 μετεωρίζει
1412 2079 1461 2100 τι1
1477 2063 1606 2115 πρόσθε
1622 2064 1705 2101 πόδε
1718 2081 1792 2117 ,τῳ
1810 2066 1955 2118 ὀπισθίῳ
1974 2065 2069 2118 μόνῳ
2086 2067 2241 2118 ἀκροὸα-

1194 2123 1275 2170 τῶν,
1292 2124 1337 2165 ὡς
1357 2122 1672 2174 διαφιλονεικοῦντα
1688 2122 1745 2160 τὸν
1763 2104 1875 2162 ὐευδὲ
1860 2140 1989 2176 .ριχον,
2010 2126 2068 2162 καὶ
2086 2125 2174 2175 μήτε
2190 2141 2241 2163 τω

1193 2182 1328 2252 γαλινῳ
1355 2181 1593 2232 ἅνασειράζειν
1620 2197 1678 2219 τον
1699 2181 1804 2220 ἵππον
1826 2184 2030 2233 τολμῶντα,
2048 2186 2094 2227 ὡς
2122 2184 2163 2221 ἂν
2190 2184 2238 2234 μὴ

1195 2240 1284 2288 ἔμπε
1287 2254 1340 2276 σοι
1350 2255 1389 2290 γε
1401 2241 1516 2292 αὐτῶ,
1534 2256 1622 2290 μητε
1639 2243 1698 2287 τῆς
1713 2240 1812 2293 ἔδρας
1829 2242 2014 2294 βεὸαίως
1995 2242 2239 2294 αντεχόμενον,

1197 2298 1248 2349 [ἐν
1264 2299 1330 2351 τῷ]
1360 2300 1443 2350 τῇδε
1464 2300 1605 2337 κάκεῖσε
1626 2302 1878 2353 περιδονεῖσθαι
1907 2302 2080 2340 διασεῖσαι
2102 2302 2164 2349 τὴν
2185 2303 2241 2340 αἷ-

1193 2357 1303 2408 χμὴν,
1321 2356 1451 2404 ταύτην
1469 2373 1506 2395 τε
1524 2360 1578 2395 ἐπ’
1597 2358 1698 2396 αὐτὸν
1719 2360 1899 2410 ἐνεχθηναι
1918 2359 2084 2411 πλαγίαν,
2102 2359 2160 2398 καὶ
2178 2359 2240 2407 τὴν

1193 2415 1346 2467 πλευρὰν
1363 2431 1605 2468 κατατρωσαι·
1623 2416 1715 2455 ἔνθεν
1742 2433 1779 2455 τε
1798 2418 1944 2471 κλινήρη
1974 2418 2158 2471 γενόμενον
2179 2418 2239 2457 καὶ

1196 2474 1350 2545 βραχέας
1382 2474 1516 2526 ἡμέρας
1541 2475 1760 2527 ἀρκέσαντα,
1792 2475 1848 2514 τὸν
1881 2477 1954 2529 βίον
1988 2478 2027 2515 ἐκ
2054 2478 2153 2515 τουδε
2181 2481 2240 2515 τοῦ

1194 2533 1393 2585 τραύματος
1424 2533 1679 2588 καταστρέψαι.
1702 2536 1756 2574 Cf.
1783 2537 1991 2574 Marcellin.
2018 2537 2158 2575 Chron.
2192 2537 2242 2572 ad

1197 2663 1270 2685 rum
1284 2654 1522 2694 malevolentia,
1541 2657 1627 2687 retro
1637 2654 1800 2687 abscessit.
1819 2658 1931 2697 Neque
1942 2657 2044 2688 multo
2061 2659 2131 2698 post
2142 2657 2240 2689 vitam

129 2690 194 2722 Leo
222 2693 381 2725 Zessffllem
397 2693 457 2725 Sibi
478 2703 630 2734 generum
646 2696 798 2738 adscivit,
818 2697 893 2730 data
920 2699 947 2732 el
967 2699 1000 2731 in
1022 2699 1134 2740 conju·
1190 2715 1265 2738 cum
1279 2708 1383 2739 morte
1396 2709 1620 2740 commutavit.
1642 2710 1754 2740 Mortis
1769 2710 1877 2740 autem
1888 2718 1988 2749 genus
2009 2711 2105 2750 quale
2125 2711 2238 2750 suerit,

87 2739 176 2780 glum
191 2742 328 2775 Ariadna
357 2744 635 2788 filia-QU1qUUffl
650 2747 691 2779 ab
715 2721 916 2783 lnculfflbulls
940 2751 1133 2783 As¹01¹¹eS¹¹¹S
1191 2767 1362 2799 exponam.
1407 2761 1504 2791 Hasta
1523 2762 1685 2792 amentata
1707 2762 1781 2792 ante
1797 2761 1880 2794 illius
1902 2762 2147 2793 tabernaculum
2168 2771 2239 2794 sus·

86 2792 191 2826 dictus
208 2797 311 2836 esset,
329 2796 424 2830 simul
443 2807 517 2830 cum
529 2800 648 2840 nuptiis
661 2809 779 2833 nomen
797 2803 933 2835 Zenonis
949 2804 1131 2844 assumpsit,

86 2852 126 2876 ex
139 2846 280 2885 quodam
293 2847 362 2880 viro
378 2849 422 2880 ita
434 2851 606 2891 appellato,
618 2853 674 2892 qui
685 2853 769 2893 apud
782 2855 910 2886 Isauros
922 2855 961 2886 ad
973 2858 1132 2887 summam

86 2896 219 2935 gloriam
245 2902 444 2940 pervenerat.
474 2903 642 2936 Undenam
660 2914 736 2936 vero
758 2905 810 2938 liic
833 2909 918 2939 Zeno
941 2907 982 2938 ad
1001 2909 1128 2940 tantum

87 2947 244 2989 fastigium
270 2953 479 2994 processerit,
496 2955 529 2986 et
552 2963 618 2995 qua
642 2955 682 2988 de
697 2964 795 2989 causa
818 2960 882 2990 Leo
906 2959 1031 2992 cunctis
1057 2968 1131 2992 eum

86 3002 281 3043 praetulerit,
294 3003 335 3036 ab
344 3006 513 3038 Eustatliio
531 3009 611 3048 Syro
627 3009 763 3041 relatum
780 3011 839 3042 est.

129 3110 309 3145 insurrexit
322 3113 475 3147 adversus
485 3117 644 3149 Zenonem
655 3117 832 3151 Theuderic
836 3119 895 3152 11115
908 3121 918 3161 (
931 3122 986 3153 Tr
977 3130 1033 3154 zar
1035 3122 1095 3161 iis.
1105 3123 1130 3162 )‚

86 3161 215 3194 natione
228 3164 369 3196 Gothus·
360 3166 609 3208 ,collectisque'
599 3178 632 3200 111
645 3169 780 3205 Thracia
789 3171 854 3203 suis
869 3173 985 3213 copiis,
1003 3174 1131 3213 expedi·

87 3212 208 3246 tionem
231 3218 370 3258 suscepIt
385 3219 539 3252 adversus
562 3223 733 3255 Zenonem.
750 3225 790 3255 Et
806 3234 907 3265 quum
924 3227 1040 3258 cuncta
1057 3236 1131 3267 quae

88 3263 182 3296 obvia
194 3269 305 3308 erant,
323 3277 426 3310 usque
443 3270 484 3302 ad
498 3271 605 3304 fauces
619 3274 712 3306 Ponti
738 3275 802 3307 late
826 3278 1002 3318 vastasset,
1016 3286 1130 3318 parum

88 3315 190 3348 abfuit
221 3319 298 3357 quin
320 3321 422 3361 ipsam
439 3323 552 3356 urbem
581 3326 699 3365 regiam
729 3329 868 3367 caperet.
924 3329 1131 3370 cepissetque

88 3368 236 3407 omnino,
253 3370 311 3402 nisi
326 3373 456 3412 quidam
470 3383 511 3406 ex
526 3375 595 3415 ejus
611 3377 839 3417 familiaribus,
857 3379 949 3412 donis
970 3381 1129 3421 corrupti,

92 3415 193 3455 ipsum
209 3419 387 3455 interficere
405 3425 504 3457 moliti
520 3428 635 3459 essent.
681 3430 793 3469 ltaque
817 3430 886 3470 ille,
912 3432 1037 3472 cognita
1053 3441 1127 3464 suo-

1191 2820 1287 2852 pensa
1303 2813 1371 2844 erat
1390 2822 1479 2844 more
1492 2813 1670 2845 barbarico.
1687 2813 1813 2845 Forte
1795 2823 1813 2844 1
1807 2814 1892 2854 tgitur
1905 2824 2007 2855 quum
2022 2824 2137 2856 corpus
2147 2825 2238 2847 exer-

1191 2871 1262 2895 cere
1276 2864 1374 2895 vellet
1388 2887 1396 2902 ‚
1413 2873 1533 2904 equum
1560 2865 1620 2896 sibi
1641 2864 1764 2896 *adduci
1780 2866 1885 2905 jussit.
1904 2869 2076 2907 Quumque
2093 2867 2239 2898 stratoris

1190 2914 1312 2946 auxilio
1332 2916 1581 2956 haudquaquam
1598 2916 1644 2948 uti
1669 2917 1810 2955 soleret,-
1828 2917 1894 2957 ipse
1916 2918 1947 2949 in
1970 2927 2089 2958 equum
2115 2918 2235 2951 insiliit.

1190 2968 1302 3007 Equus
1317 2976 1394 2998 vero
1407 2991 1415 3007 ‚
1435 2969 1547 3008 utpote
1573 2968 1749 3000 indomitus
1771 2977 1809 3000 ac
1825 2970 1914 3001 ferox
1925 2994 1935 3009 ‚
1956 2979 2055 3010 quum
2069 2970 2237 3002 Theoderi-

1190 3018 1270 3049 clius
1286 3018 1390 3058 ipsum
1404 3019 1562 3051 ambabus
1583 3019 1670 3051 tibiis
1689 3019 1832 3051 nondum
1853 3022 2022 3061 amplexus
2032 3023 2125 3061 esset,
2144 3024 2236 3053 ante-

1190 3069 1327 3101 rioribus
1350 3070 1484 3110 pedibus
1497 3071 1529 3102 in
1545 3071 1683 3103 sublime
1696 3071 1806 3111 elatis,
1825 3073 2052 3113 posterioribus
2077 3073 2237 3105 duntairat

1189 3122 1334 3154 insistere
1360 3124 1458 3164 atque
1476 3124 1597 3164 ingredi
1613 3125 1720 3165 coepit.
1750 3125 1837 3157 Adeo
1851 3128 1888 3158 ut
1904 3126 2142 3157 ‘rheuderictms
2161 3133 2234 3156 cum

1189 3183 1271 3214 equo
1290 3183 1349 3206 suo
1365 3177 1510 3215 certans,
1523 3185 1562 3207 ac
1574 3185 1679 3217 neque
1691 3177 1784 3208 illum
1797 3177 1887 3209 freno
1904 3177 2065 3209 retrahere
2074 3185 2181 3216 ausus,
2195 3185 2236 3207 ne

1191 3227 1347 3258 retractus
1363 3235 1460 3267 supra
1475 3227 1580 3268 ipsum
1607 3228 1737 3260 caderet
1749 3252 1758 3269 ‚
1775 3237 1880 3269 neque
1898 3228 1929 3260 in
1943 3229 2019 3260 sella
2033 3228 2167 3259 tirmiter
2182 3228 2233 3258 in-

1190 3279 1332 3318 haerens,
1352 3279 1411 3311 hac
1426 3282 1459 3312 et
1476 3281 1550 3313 illac
1565 3282 1847 3322 circumageretur,
1868 3282 2034 3321 hastaeque
2069 3280 2231 3320 cuspidem

1189 3330 1367 3371 impelleret
1382 3343 1390 3363 ε
1408 3341 1483 3372 quae
1503 3332 1536 3364 in
1549 3342 1622 3364 eum
1639 3333 1769 3373 oblique
1783 3334 1919 3374 impacta
1938 3334 2021 3364 latus
2036 3333 2103 3371 ejus
2121 3332 2231 3362 vulne-

1190 3382 1283 3414 ravit.
1305 3383 1379 3415 lnde
1396 3383 1534 3423 igiturin
1548 3384 1668 3415 lectum
1684 3384 1827 3424 delatus,
1842 3393 1944 3425 quum
1964 3392 2082 3423 paucos
2094 3382 2161 3414 dies
2182 3390 2231 3414 su-

1189 3434 1396 3474 pervixisset,
1412 3443 1453 3467 ex
1469 3444 1507 3480 eo
1524 3435 1656 3467 vulnere
1666 3435 1819 3467 discessit.
