2326 3724
963 153 1300 220 FRAGMIQNTA.
2145 195 2215 228 1⁸⁵

53 265 132 310 λεὺς
154 264 374 318 ἐνεωτέρισε,
396 264 455 304 καὶ
481 264 762 318 παρεσκευάζετο
781 267 828 309 εἷς
842 265 900 304 τὸν
916 266 1010 305 κατὰ
1032 268 1101 305 τῶν

54 323 244 376 Ῥωμαίων
267 323 435 375 πόλεμον.
460 325 536 371 Τῆς
561 323 598 362 δὲ
618 324 748 377 μητρὸς
770 324 1016 378 ἀντιλεγούσης
1042 325 1103 363 καὶ

52 383 185 436 φυγεῖν,
199 381 319 430 ἐπειδὴ
336 381 386 433 μὴ
401 382 530 422 πείθειν
549 382 652 422 αὐτὸν
668 382 839 432 ἠδύνατο,
862 383 1101 437 βουληθείσης,

53 441 264 495 βουλόμενος
283 441 499 496 ἐπικαλύψαι
531 441 569 480 τὸ
597 441 893 492 σπουδαζόμενον,
914 441 1016 485 αὐτὸς
1037 441 1101 492 μὲν

50 501 351 554 παρεσκευάζετο,
371 500 505 552 πέμπει
525 502 561 540 δὲ
581 501 696 541 Κότυν
711 501 770 540 τὸν
788 500 936 555 ἀδελφὸν
953 502 1001 546 εἷς
1016 516 1103 554 πρε-

51 558 187 609 σὸείαν,
206 561 338 613 φιλίους
356 560 481 612 λόγους
507 563 556 614 τῷ
578 559 746 614 Κλαυδίῳ
775 559 973 612 κομίζοντα.
1000 559 1046 600 Ὁ
1066 559 1102 598 δὲ

50 618 373 671 παραπρεσὸεύσας
391 618 508 657 πάντα
529 619 625 672 αὐτῷ
650 618 890 670 κατεμήνυσε,
913 618 973 658 καὶ
995 622 1103 672 βασι-

50 677 127 723 λεὺς
146 677 305 731 Ἰὅηρίας
321 677 398 717 ἀντὶ
414 678 630 731 Μιθριδάτου
650 678 798 730 γίνεται.

102 739 364 777 Mithridatem
381 739 483 776 hunc
501 752 523 776 a
539 739 701 777 Claudio
721 752 741 776 e
768 739 943 776 custodia
962 740 1102 776 libera-

50 807 145 845 tum,
163 806 200 836 et
208 800 248 835 in
255 800 381 836 Asiam
394 797 481 850 πρὸς
490 797 552 844 τὴν
565 797 739 851 ἀνάληψιν
750 800 813 844 τῆς
825 799 935 850 ἀρχῆς
946 800 1102 835 missum

49 871 128 896 esse
139 866 268 895 narrat
287 859 362 896 Dio
386 858 487 898 Cass.
504 859 575 895 LX
587 886 598 904 ,
616 871 650 895 c.
674 858 712 896 8.
734 861 791 895 De
807 859 853 895 iis
871 871 954 906 quae
969 866 1102 895 nostro

48 918 136 954 loco
150 919 341 967 leguntur,
360 918 464 967 apud
476 919 640 955 Dionem
652 918 749 954 nihil
763 918 945 956 occurrit.
962 919 1103 954 Verum

49 985 168 1026 quum
199 978 245 1016 fr.
271 978 499 1014 antecedens
520 990 590 1014 nec
610 991 691 1014 non
721 977 768 1014 fr.
802 977 823 1014 5
853 990 874 1014 e
893 978 1017 1014 Dione
1038 990 1104 1014 ex-

49 1037 192 1087 scripta
207 1038 302 1083 sint,
325 1045 440 1085 atque
457 1044 604 1073 constet
623 1038 817 1086 permulta
846 1049 892 1072 ex
909 1044 1103 1085 postrema

48 1096 120 1132 hac
153 1097 321 1132 historiae
354 1103 465 1145 parte
499 1097 539 1131 in
572 1097 712 1132 nostris
737 1096 872 1133 Dionis
906 1096 1104 1132 codicibus

50 1155 258 1192 desiderari
285 1169 295 1192 ι
318 1156 421 1192 hunc
448 1167 604 1204 quoque
628 1156 731 1192 Petri
752 1156 880 1192 locum
909 1156 1022 1192 sicuti
1040 1168 1103 1192 se-

49 1222 230 1262 quentem
264 1227 310 1252 ex
346 1215 554 1264 integriore
590 1215 719 1252 Cassio
758 1227 836 1251 esse
871 1214 1101 1263 descriptum

50 1284 200 1312 censeO.

238 1371 273 1411 4.
305 1365 534 1418 (Domitian.
562 1379 625 1405 an.
648 1367 696 1414 6;
723 1366 772 1404 86
794 1381 831 1418 p.
852 1367 908 1418 C.)

101 1461 202 1499 Ibid.
221 1473 263 1510 p.
291 1466 374 1506 24.
404 1459 488 1499 “Ort
514 1459 713 1504 Δεκέὸαλος
737 1462 756 1499 6
782 1462 910 1500 Δακῶν
939 1460 1102 1513 βασιλεὺς

49 1517 323 1579 ἐπεκηρυκεύετο
351 1517 437 1571 πρὸς
453 1518 681 1569 Δομετιανὸν,
702 1519 842 1572 εἰρήνην
860 1519 1101 1572 ὑπισχνούμε-

49 1593 124 1621 νος·
140 1578 194 1630 ἐφ’
213 1580 253 1616 οὑ
275 1578 410 1631 ἔπεμψε
436 1579 651 1628 Δομετιανὸς
669 1580 835 1618 Φοῧσκον
856 1579 944 1630 μετὰ
969 1581 1104 1627 πολλης

54 1635 246 1688 δυνάμεως.
279 1635 400 1690 Ὅπερ
430 1639 549 1686 μαθων
581 1641 600 1677 6
625 1637 823 1682 Δεκέὸαλος
851 1639 988 1693 ἔπεμψε
1018 1639 1103 1693 πρὸς

53 1695 155 1734 αὐτὸν
186 1695 376 1749 πρεσὸείαν
402 1690 498 1740 αὖθις
527 1699 562 1736 ἐν
587 1698 802 1750 χλευασμι),
832 1697 944 1750 λέγων
972 1701 1040 1745 ὡς,
1073 1700 1103 1738 εἰ

53 1754 167 1793 ἕλοιτο
186 1755 331 1799 ἕκαστος
351 1755 582 1806 Ῥωμαίων
564 1755 624 1794 ούο
643 1755 786 1800 ὀὸολους
802 1756 995 1796 Δεκεὸάλω
1014 1758 1103 1796 ἑκά-

39 1828 132 1852 ’στου
159 1812 254 1858 ἔτους
281 1815 405 1863 τελεῖν,
434 1814 573 1867 εἰρήνην
589 1814 674 1867 πρὸς
694 1815 798 1854 αὐτὸν
819 1814 994 1855 τίθεσθαι·
1015 1818 1044 1855 εἷ
1065 1816 1102 1855 δὲ

50 1871 100 1922 μὴ
117 1876 220 1911 τοῦτο
240 1872 372 1922 ἕλοιτο,
385 1874 600 1923 πολεμήσειν
617 1875 677 1912 καὶ
700 1874 838 1925 μεγάλα
860 1877 976 1920 αὐτοῖς
994 1892 1104 1930 προσ-

47 1931 229 1985 τρίψεσθαι
248 1932 356 1973 κακά.
378 1937 420 1974 V.
446 1936 605 1972 Sueton.
625 1935 836 1972 Domitian.
857 1948 891 1972 c.
912 1935 951 1974 6.

262 2045 299 2082 5.
327 2045 501 2096 (Trajani
521 2058 580 2083 an.
597 2046 645 2092 63
676 2046 803 2096 1031).
822 2046 887 2098 C.)

101 2144 204 2183 Ibid.
220 2157 262 2195 p.
285 2149 369 2188 24:
387 2142 473 2183 ςὈτι
493 2143 693 2188 Δεκέὸαλος
712 2144 798 2217 πρὸς
812 2144 993 2197 Τραϊανὸν
1012 2146 1103 2199 πρέ-

50 2201 145 2246 σὸεις
170 2201 306 2254 ἔπεμψε
332 2201 558 2255 πιλοφόρους·
586 2206 680 2242 οὗτοι
704 2203 772 2257 γάρ
792 2205 858 2242 εἰσι
878 2207 963 2258 παρ’
984 2206 1102 2250 αὐτοῖς

47 2263 78 2299 οἱ
95 2260 311 2313 τιμιώτεροι.
333 2263 512 2314 Πρότερον
534 2260 602 2315 γὰρ
621 2262 780 2312 κομήτας
799 2262 978 2313 ἔπεμπεν,
1004 2266 1100 2303 εὐτε-

47 2320 229 2374 λεστέρους
257 2320 443 2364 δοκουντας
470 2323 557 2374 παρ’
590 2322 707 2365 αὐτοῖς
735 2325 837 2360 εἶναι.
873 2322 1027 2362 Ἐκεῖνοι
1064 2323 1100 2362 δὲ

48 2378 242 2422 ἐλθόντες’
227 2378 284 2417 επὶ
312 2382 371 2417 τοῦ
399 2381 578 2430 Τραϊανου
606 2379 750 2432 ἔρριψαν
770 2380 830 2418 καὶ
862 2381 947 2432 (τεὶ)
965 2381 1032 2434 Β.)
1055 2381 1100 2420 τὰ

49 2436 159 2487 ὅπλα,
179 2438 239 2477 καὶ
263 2437 326 2483 τὰς
350 2439 471 2492 χεῖρας
495 2439 636 2479 ὄπισθεν
658 2440 826 2488 δήσαντες
855 2443 891 2480 ἐν
913 2442 1099 2494 αἰχμαλώ-

1163 283 1231 306 των
1246 266 1341 313 τάξει
1358 267 1493 308 ἐδέοντο
1509 273 1568 308 τοῦ
1587 271 1766 322 Τραϊανοῦ
1788 273 1834 316 εἰς
1850 272 1971 323 λόγους
1988 275 2097 313 ἐλθεῖν
2114 278 2218 314 Δεκε-

1165 325 1264 379 &Oxou
1283 326 1430 377 (suppl.
1449 328 1713 380 ἐπιτραπῆναι).

1217 382 1304 424 ςὈτι
1333 385 1440 423 πάλιν
1465 388 1484 424 6
1516 385 1714 431 Δεκέὸαλος
1744 388 1931 440 πρεσὸείαν
1965 389 2055 440 ἕπευ.
2058 393 2101 444 ἔμε
2132 392 2218 444 πρὸς

1167 442 1359 495 Τραϊανὸν,
1372 459 1440 481 των
1453 444 1635 497 παρόντων
1644 446 1834 498 ἀνακωχὴν
1849 447 2072 498 κομιζόμενος
2088 452 2217 500 (κομισ,

1165 503 1212 542 N.
1226 502 1255 553 )·
1273 501 1502 555 εΥπισχνεῖτο
1518 503 1554 541 δὲ
1571 503 1616 542 τά
1630 520 1668 542 τε
1684 503 1777 542 ὅπλα
1791 505 1907 543 πάντα
1924 506 1983 543 καὶ
1999 506 2040 545 τὰ
2060 509 2219 560 μηχανή-

1165 575 1262 611 ματα
1280 561 1511 614 παραδιδόναι
1530 564 1580 615 τῷ
1597 564 1766 615 Τραϊανῷ
1780 563 1840 601 καὶ
1860 563 1937 607 τοὺς
1958 567 2219 616 μηχανοποιοὺς

1165 619 1245 662 τοὺς
1263 618 1465 671 ςΡωμαίους
1492 620 1571 665 τοὺς
1598 622 1681 675 παρ’
1703 623 1798 675 αὐτῷ
1819 621 1940 673 ὄντας,
1966 623 2025 661 καὶ
2049 623 2127 666 τοὺς
2157 626 2218 662 αὖ·

1165 678 1352 730 τομόλους,
1384 679 1444 718 καὶ
1467 678 1511 717 τὰ
1544 680 1703 732 ἐρύματα
1726 680 1844 718 πάντα
1870 679 1936 719 ὅσα
1962 682 2219 721 κατεσκεύασεν

1167 742 1360 791 καθαιρεῖν,
1388 742 1616 791 παραχωρεῖν
1639 738 1675 777 δὲ
1702 739 1839 786 καὶτῆς
1864 742 1947 791 γῆς,
1970 740 2011 787 ἣν
2033 741 2220 794 ἐκράτησεν

1164 798 1182 835 6
1208 796 1402 850 Τραϊανὸς,
1434 799 1494 836 καὶ
1522 798 1601 842 τοὺς
1629 797 1771 851 ἐχθροὺς
1801 801 1906 837 αὐτοῦ
1937 799 1997 837 καὶ
2029 802 2097 838 τῶν
2128 799 2220 839 Ῥω-

1165 856 1280 904 μαίων
1304 857 1450 901 οἰκείους
1476 857 1617 910 ἐχθροὺς
1645 857 1809 907 νομίζειν,
1839 857 1899 896 καὶ
1932 859 2145 909 αὐτομόλους
2169 858 2217 909 μὴ

1164 914 1413 967 ὑποδέχεσθαι,
1433 916 1522 966 μηδὲ
1544 916 1763 969 στρατιώτην
1781 915 1972 967 Ῥωμαίων
1999 917 2091 969 ἔχειν
2118 933 2157 969 εγ
2160 933 2219 968 (υς

1164 976 1303 1015 ἑαυτοῦ.
1338 974 1580 1028 Προσεδέξατο
1606 979 1662 1014 οὖν
1689 975 1752 1023 τὴν
1775 976 1965 1027 πρεσδείαν
1996 979 2013 1015 6
2044 977 2219 1030 Τραίανὸς

1165 1033 1222 1071 ἐπὶ
1237 1033 1380 1078 ταύταις
1396 1035 1473 1078 ταῖς
1488 1034 1690 1082 συνθήκαις.
1718 1035 1764 1075 O
1783 1035 1818 1074 δὲ
1844 1035 2043 1080 Δεκέὸαλος
2061 1035 2105 1074 τὰ
2125 1036 2218 1074 ὅπλα

1164 1091 1302 1146 ἔρριψεν
1318 1093 1374 1132 ἐπὶ
1394 1094 1513 1142 αὐτοῦ,
1531 1094 1591 1132 καὶ
1606 1096 1653 1138 εἷς
1666 1093 1729 1141 τὴν
1746 1097 1811 1146 γῆν
1826 1095 1942 1133 πεσὼν
1959 1094 2218 1147 προσεκύνησε,

1164 1151 1225 1189 καὶ
1252 1153 1300 1196 εἷς
1327 1151 1474 1201 Ῥώμην
1502 1152 1667 1206 πρέσὸεις
1692 1153 1847 1206 ἔπεμψε,
1875 1153 1936 1192 καὶ
1967 1154 2064 1193 αὐτοὶ
2093 1153 2221 1205 ὁμοίως

1165 1209 1227 1254 τὰς
1242 1211 1364 1263 χεῖρας
1381 1211 1510 1259 ἔδησαν
1527 1214 1574 1257 ὣς
1590 1214 1624 1250 ἓν
1639 1212 1879 1264 αἰχμαλώτων
1898 1213 2005 1258 τάξει.

1218 1271 1361 1307 Eadem
1379 1272 1560 1320 leguntur
1589 1274 1630 1308 in
1649 1275 1738 1310 Exc.
1768 1275 1884 1323 Legg.
1913 1286 1960 1310 ex
1978 1275 2066 1311 hist.
2086 1275 2222 1310 Dionis

1164 1329 1280 1366 Cassii
1300 1330 1501 1381 (LXVIII,
1527 1331 1593 1380 14)
1607 1359 1617 1378 ,
1639 1340 1820 1369 monente
1835 1333 1984 1370 Valesio
2010 1346 2017 1368 :
2037 1331 2219 1380 Ἐπεπόμ-

1165 1401 1220 1439 φει
1241 1386 1305 1437 μὲν
1323 1387 1385 1426 καὶ
1405 1388 1472 1441 πρὸ
1491 1391 1552 1434 τῆς
1571 1389 1680 1437 ἥττης
1702 1389 1888 1441 πρέσὸεις,
1918 1392 1980 1428 οὐκ
1998 1390 2048 1428 ἔτι
2064 1393 2132 1428 τῶν
2158 1407 2218 1429 κο·

1166 1448 1299 1496 μητῶν,
1327 1446 1447 1499 ὥσπερ
1478 1447 1658 1501 πρότερον,
1690 1449 1782 1487 ἀλλὰ
1816 1451 1883 1487 τῶν
1913 1448 2110 1502 πιλοφόρων
2142 1449 2221 1492 τοὺς

1165 1503 1338 1556 ἀρίστους.
1357 1505 1431 1543 Καὶ
1449 1507 1575 1544 ἐκεῖνοι
1591 1506 1636 1544 τοί
1655 1523 1692 1545 τε
1713 1506 1805 1545 ὅπλα
1822 1507 1981 1561 ῥίψαντες
1998 1508 2059 1546 καὶ
2077 1507 2221 1552 ἑαυτοὺς

1165 1564 1199 1606 ἐς
1219 1561 1282 1610 τὴν
1302 1566 1366 1614 γῆν
1384 1564 1643 1610 καταὸαλόντες
1658 1566 1850 1614 ἐδεήθησαν
1870 1570 1930 1604 τοῦ
1951 1568 2130 1618 Τραϊανοῦ
2151 1567 2220 1616 μά-

1167 1622 1270 1660 λιστα
1303 1621 1367 1672 μὲν
1392 1624 1487 1675 αὐτῷ
1512 1623 1705 1677 Δεκεὸάλῳ
1726 1624 1785 1663 καὶ
1814 1626 1845 1668 ἐς
1865 1624 1943 1677 ὄψιν
1964 1624 2024 1662 καὶ
2045 1626 2078 1668 ἐς
2102 1624 2222 1675 λόγους

1167 1681 1273 1719 αὐτοῦ
1292 1682 1417 1732 ἐλθεῖν,
1437 1684 1484 1725 ὡς
1504 1682 1565 1720 καὶ
1585 1683 1702 1721 πάντα
1722 1683 1768 1721 τὰ
1790 1683 2098 1734 κελευσθησόμενα
2115 1683 2222 1730 ποιή-
2254 1698 2259 1705 ’

1167 1755 1280 1788 σοντι,
1309 1741 1564 1793 ἐπιτραπῆναι·
1585 1744 1614 1780 εἷ
1642 1742 1678 1780 δὲ
1700 1741 1771 1794 μὴ,
1799 1742 1972 1789 σταληναί
1993 1742 2034 1794 γέ
2063 1758 2140 1781 τινα
2162 1743 2219 1781 τὸν

1165 1797 1434 1849 συμὸησόμενον
1450 1801 1559 1853 αὖτῳ.
1579 1801 1650 1840 Καὶ
1667 1802 1828 1854 ἐπέμφθη
1845 1803 1908 1841 ὁΣ
1879 1805 2014 1854 οῧρας
2028 1801 2087 1840 καὶ
2102 1801 2225 1841 Κλαύ-

1168 1858 1236 1901 διος
1254 1857 1420 1902 Λιὸιανὸς
1444 1858 1497 1897 δ”
1479 1875 1644 1912 επαρχος.
1674 1860 1863 1914 Ἐπραχθη
1890 1861 1926 1899 δὲ
1947 1860 2061 1900 οὐδέν.
2089 1860 2135 1900 ‘O
2154 1861 2221 1913 γὰρ

1166 1915 1364 1960 Δεκέὸαλος
1380 1916 1458 1955 οὐδὲ
1480 1917 1627 1962 ἐκείνοις
1644 1918 1816 1970 ἐτόλμησε
1845 1919 2029 1970 συμμῖξαι.
2054 1916 2224 1972 Ἔπεμψε

1168 1973 1204 2012 δὲ
1224 1973 1284 2012 καὶ
1318 1974 1396 2013 τότε
1421 1975 1530 2019 τινάς.
1554 1976 1599 2016 Ὁ
1619 1976 1655 2014 δὲ
1683 1976 1857 2030 Τραϊανὸς
1879 1977 1942 2030 ὅρη
1972 1993 2009 2016 τε
2039 1979 2224 2030 ἐντετειχι-

1171 2032 1281 2082 σμένα
1299 2032 1422 2081 ἔλαὸε,
1438 2035 1498 2072 καὶ
1518 2036 1552 2073 ἐν
1575 2035 1691 2079 αὐτοῖς
1710 2035 1755 2074 τά
1774 2052 1811 2074 τε
1831 2035 1923 2074 δ’πλα
1941 2036 1986 2074 τά
2004 2052 2041 2074 τε
2062 2036 2225 2088 μηχανή-

1174 2106 1269 2141 ματα
1292 2092 1352 2130 καὶ
1384 2093 1428 2130 τὰ
1455 2092 1690 2144 αἰχμάλωτα,
1715 2093 1756 2132 τό
1782 2110 1820 2132 τε
1848 2097 1993 2146 σημεῖον
2012 2094 2051 2132 τὸ
2080 2095 2138 2133 ἐπὶ
2163 2099 2224 2134 τοῦ

1169 2148 1336 2189 Φούσκου
1365 2150 1449 2189 ἇλὸν
1480 2146 1571 2205 εῧρε.
1600 2154 1654 2191 Δι’
1686 2146 1744 2191 οὗν
1772 2156 1883 2190 ταῦτα
1914 2156 1932 2192 ὁ
1960 2152 2224 2201 Δεκέὸαλος,...

1166 2207 1263 2247 οὐδὲν
1298 2209 1320 2247 6'
1348 2226 1381 2248 τι
1413 2212 1478 2263 οὐχ
1518 2210 1664 2262 ἑτοίμως
1705 2214 1774 2250 τῶν
1811 2212 2100 2264 προσταχθέντων
2135 2212 2219 2264 ἔσχε

1164 2266 1348 2306 συνθέσθαι
1361 2285 1369 2293 ·
1393 2271 1459 2322 οὐχ
1478 2267 1530 2308 ὅτι
1549 2269 1609 2308 καὶ
1638 2269 1801 2321 ἐμμένειν
1823 2271 1940 2314 αὐτοῖς
1954 2270 2110 2322 ἔμελλεν,
2138 2273 2217 2310 ἀλλ’

1162 2325 1204 2363 ἵν’
1225 2327 1265 2365 ἐκ
1280 2329 1348 2365 τῶν
1363 2328 1547 2381 παρόντων
1567 2329 1781 2382 ἀνα-πνεύσῃ.
1799 2332 1890 2378 Quae
1907 2331 2044 2367 deinde
2058 2344 2224 2379 sequun-

1164 2394 1226 2423 tur
1246 2388 1349 2436 apud
1370 2390 1522 2425 Petrum
1536 2418 1546 2435 ,
1575 2391 1708 2426 eadem
1727 2391 1844 2426 habes
1866 2391 1998 2439 paullo
2017 2391 2167 2440 plenius
2185 2392 2225 2427 in

1164 2447 1303 2483 Dionis
1324 2449 1523 2485 codicibus
1540 2450 1694 2486 nostris.

48 2552 192 2592 tradixit,
220 2557 252 2584 et
275 2552 432 2593 quoniam
447 2562 511 2585 non
533 2553 762 2594 persuadebat,
789 2555 899 2595 sugere
926 2556 1044 2589 voluit.
1062 2558 1104 2589 At

48 2605 119 2645 ille,
130 2606 278 2646 quamvis
290 2605 323 2636 in
339 2607 495 2646 apparatu
511 2607 593 2638 esset
604 2629 612 2645 ,
627 2606 758 2639 volebat
782 2609 888 2647 tegere
899 2631 908 2647 ‚
927 2608 1015 2648 quod
1037 2617 1104 2641 sus-

49 2658 189 2698 ceperat.
204 2658 320 2697 ltaque
334 2658 440 2697 Cotyn
454 2657 586 2689 fratrem
598 2658 698 2690 mittit
710 2659 851 2699 legatum
862 2659 903 2691 ad
917 2660 1102 2701 Claudium,

48 2709 103 2749 qui
117 2708 346 2750 gratulationes
358 2709 496 2741 deferret
504 2720 514 2749 ;
528 2709 583 2741 sed
607 2710 661 2741 ille
677 2719 744 2742 non
769 2720 809 2742 ex
833 2711 893 2742 lide
914 2712 1102 2752 legationem

48 2762 145 2802 obiit,
163 2763 195 2794 et
222 2761 349 2801 omnia,
371 2771 445 2803 quae
470 2762 567 2794 frater
590 2763 697 2795 animo
714 2763 878 2802 volverat,
901 2765 1101 2806 enuntiavit,

48 2817 80 2848 et
98 2824 155 2848 rex
174 2815 286 2848 lberiae
299 2815 491 2848 Mithridatis
503 2816 576 2848 loco
592 2817 807 2849 constituitur.

90 2927 271 2959 Decebalus
281 2951 289 2966 ,
302 2930 464 2959 Dacorum
479 2936 549 2967 rex,
563 2928 756 2969 legationem
773 2929 860 2969 pacis
876 2938 971 2961 causa
985 2931 1024 2962 ad
1039 2932 1101 2962 Do·

49 2979 215 3012 mitianum
235 2980 331 3013 misit.
347 2982 420 3018 Quo
439 2981 522 3012 sacto
538 2982 739 3014 Domitianus
761 2984 898 3014 Fuscum
925 2983 1012 3015 misit
1028 2992 1101 3015 cum

49 3041 163 3073 magna
176 3041 284 3064 manu.
300 3035 369 3065 Hoc
383 3033 436 3064 ubi
458 3033 635 3065 Decebalus
648 3033 771 3073 didicit,
789 3034 829 3065 ad
844 3043 918 3066 eum
933 3043 1044 3067 rursus
1059 3035 1100 3067 le·

48 3086 158 3125 gatum
175 3085 279 3124 misit,
305 3085 359 3125 qui
384 3093 458 3116 cum
478 3085 622 3117 irrisione
642 3085 687 3117 illi
704 3086 836 3124 diceret,
853 3095 887 3118 se
909 3095 1022 3127 pacem
1051 3087 1100 3118 sa-

49 3138 176 3169 cturum
189 3160 198 3175 ,
223 3137 248 3168 si
265 3137 487 3177 unnsquisque
502 3140 722 3169 Romanorum
741 3138 840 3170 vellet
866 3139 910 3169 illi
930 3139 1101 3178 quotannis

24 3189 26 3191 '
50 3186 186 3227 pendere
195 3187 277 3220 duos
288 3187 418 3228 obolos;
435 3188 484 3221 sin
503 3188 627 3227 minus,
643 3189 764 3221 bellum
784 3191 816 3221 et
836 3198 948 3230 magna
965 3190 1050 3222 mala
1065 3199 1099 3222 se

50 3240 112 3272 illis
126 3240 305 3273 illaturum.
556 3288 577 3319 5

92 3338 267 3371 Decebalus
279 3338 364 3371 misit
383 3340 424 3371 ad
443 3341 617 3380 TraJanum
644 3341 764 3381 legatos
777 3350 818 3373 ex
835 3342 902 3380 his,
919 3342 975 3381 qui
1002 3342 1100 3382 pileos

53 3390 157 3424 lerunt
172 3404 180 3424 ι
194 3391 227 3424 1ιί
244 3393 327 3425 enim
339 3393 423 3434 apud
437 3395 542 3426 Dacos
551 3395 627 3426 sunt
640 3394 869 3427 honoratiores
888 3394 980 3427 Prius
990 3396 1098 3427 autem

1165 2560 1311 2592 comatos
1326 2560 1475 2601 miserat,
1487 2561 1542 2602 qui
1554 2561 1641 2602 apud
1660 2570 1714 2594 eos
1726 2561 1856 2594 viliores
1872 2562 2043 2593 habentur.
2061 2562 2099 2593 Hi
2119 2571 2223 2602 quum

1164 2611 1204 2642 ad
1222 2612 1397 2651 Trajanum
1411 2613 1592 2653 venissent,
1608 2614 1795 2654 abJ'ecerunt
1811 2623 1902 2646 arma
1915 2615 1965 2652 et,
1986 2613 2134 2645 manibus
2147 2615 2220 2654 post

1164 2663 1253 2703 terga
1268 2664 1395 2703 vinctis,
1419 2666 1622 2706 captivorum
1641 2666 1752 2707 instar,
1772 2666 1946 2706 TraJanum
1960 2667 2095 2698 orarunt
2108 2668 2144 2698 ut
2161 2668 2222 2698 De-

1165 2715 1276 2747 cebalo
1293 2718 1325 2748 in
1348 2717 1548 2758 colloquium
1568 2719 1679 2750 venire
1695 2718 1907 2759 permitteret.

1206 2769 1329 2800 Rursus
1347 2769 1527 2801 Decebalus
1548 2770 1740 2810 legationem
1761 2769 1800 2801 ad
1816 2770 1990 2810 TraJ'anum
2007 2770 2111 2809 misit,
2126 2771 2162 2802 ut
2181 2779 2219 2802 ex

1164 2820 1377 2859 praesentibus
1385 2821 1478 2853 malis
1490 2830 1546 2861 per
1562 2821 1708 2853 inducias
1719 2821 1806 2853 vires
1821 2822 2004 2862 recolligere
2013 2822 2129 2862 posset.
2146 2822 2216 2853 Pol·

1165 2871 1322 2903 licebatur
1351 2881 1385 2904 se
1409 2874 1517 2904 omnia
1537 2882 1628 2905 arma
1657 2874 1688 2905 et
1714 2873 1827 2905 bellica
1847 2874 2059 2905 instrumenta
2084 2874 2220 2912 TraJano

1163 2923 1371 2964 traditurum,
1386 2925 1418 2955 et
1431 2926 1592 2956 Romanos
1606 2925 1828 2956 machinarum
1850 2924 2056 2956 fabricatores
2068 2926 2100 2956 et
2112 2926 2217 2956 trans—

1164 2976 1251 3015 fugas
1262 3000 1271 3015 ,
1286 2975 1341 3016 qui
1354 2975 1439 3016 apud
1450 2976 1554 3016 ipsum
1565 2978 1670 3008 essent
1679 3001 1688 3016 ,
1700 2978 1733 3008 et
1746 2976 1855 3008 omnia
1870 2976 2019 3016 praesidia
2032 2977 2064 3007 et
2077 2976 2218 3015 castella,

1163 3037 1236 3068 quae
1249 3028 1470 3068 exstruxisset,
1486 3028 1684 3061 diruturum.
1695 3032 1868 3062 cessurum
1883 3038 2012 3069 quoque
2022 3029 2109 3060 omni
2121 3031 2217 3067 terra,

1163 3090 1228 3121 qua
1244 3080 1401 3120 Traianus
1420 3082 1541 3121 potitus
1559 3084 1660 3121 esset,
1677 3084 1710 3114 et
1726 3083 1796 3123 ejus
1814 3084 1846 3114 et
1864 3084 2086 3114 Romanorum
2113 3082 2218 3113 hostes

1163 3143 1221 3174 pro
1239 3134 1305 3166 suis
1323 3134 1468 3166 hostibus
1485 3134 1671 3166 habiturum
1682 3158 1691 3174 ,
1711 3143 1817 3175 neque
1834 3135 1965 3175 posthac
1979 3135 2061 3166 ullos
2078 3133 2216 3165 transsu-

1161 3197 1216 3228 gas
1228 3187 1444 3218 admissurum
1458 3212 1466 3227 ‚
1484 3196 1590 3228 neque
1605 3188 1709 3220 ullum
1723 3189 1860 3220 militem
1875 3190 2092 3220 Romanorum
2107 3194 2215 3217 secum

1162 3239 1360 3271 habiturum.
1389 3241 1447 3272 His
1472 3241 1710 3273 conditionibus
1729 3241 1812 3272 hanc
1838 3241 2028 3281 legationem
2061 3240 2216 3278 Trajanus

1161 3292 1294 3332 accepit.
1314 3292 1490 3324 Decebalus
1506 3293 1539 3324 iu
1565 3294 1738 3333 conspectu
1759 3293 1888 3332 TraJani
1914 3300 2002 3323 arma
2022 3290 2158 3330 abJecit‚
2182 3291 2214 3321 et

1161 3343 1193 3374 in
1204 3344 1322 3375 terram
1336 3344 1452 3375 cadens
1469 3353 1542 3375 eum
1558 3345 1721 3382 salutavit.
1741 3346 1876 3384 LQatos
1889 3343 1985 3374 etiam
1999 3343 2138 3374 Romam
2148 3341 2211 3373 mi-

1161 3396 1219 3436 sit,
1235 3395 1290 3436 qui
1309 3396 1512 3437 captivorum
1527 3405 1616 3429 inore
1634 3405 1748 3428 manus
1759 3395 1945 3436 jungebant.
