2372 3704
169 231 245 264 6⁴0

222 311 314 361 Pag.
341 310 433 360 189.
455 333 506 339 -—
527 311 616 346 Post
643 311 688 349 fr.
713 310 761 354 45
779 311 899 346 insere
918 312 1035 348 schol.
1057 310 1208 347 Pindar.

169 371 228 407 Ol.
259 372 332 418 VI,
364 370 459 415 158,
496 382 608 418 quem
633 371 762 405 locum
797 371 975 418 exscripsi
1011 371 1051 405 in
1082 370 1210 405 Timaei

168 431 214 467 fr.
231 442 297 478 91,
319 443 358 478 p.
380 427 468 466 215.

219 489 262 525 P.
296 500 387 535 190,
420 487 465 523 fr.
502 487 550 530 46
584 487 636 522 ita
668 486 946 523 emendandum
974 499 1051 522 esse
1086 493 1210 522 censet

168 547 404 582 doctissimus
432 547 596 581 chcoro
621 557 629 582 :
662 542 886 592 Δημοσθένην
924 542 959 579 δὲ
989 542 1048 580 καὶ
1084 542 1208 580 Νικίαν

167 605 351 642 ἀποθανεῖν
371 602 519 652 Τίμαιος
537 601 574 640 οὔ
594 617 696 655 φησιν
712 601 779 639 ὑπὸ
797 604 864 638 τῶν
884 599 1131 651 Συρακουσίων
1146 615 1209 636 κα-

167 660 418 702 ταλευσθέντας
435 661 494 711 (v.
510 663 533 698 l.
552 659 794 702 κελευσθέντας
809 660 820 708 )
834 689 874 705 ,..
911 659 988 695 ἀλλ’
1009 657 1209 708 Ἑρμοκρά-

166 735 244 763 τους
260 719 482 772 πέμψαντος,
503 718 553 756 ἔτι
573 721 633 764 τῆς
653 717 840 763 ἐκκλησίας
870 718 1108 763 συνεστώσης,
1135 731 1209 764 μα-

166 777 409 830 χαιρίδας,
435 778 512 829 ἀφ’
529 776 600 819 ἑνὸς
620 774 1107 825 κελεύσματοςμᾞοε...
1126 789 1207 829 συν-

171 836 350 884 εστώσης,
378 834 438 873 καὶ
469 834 515 872 δι’
536 834 608 878 ἑνὸς
632 836 699 871 τῶν
720 833 882 884 φυλάκων
911 834 986 870 κτλ.
1003 834 1034 882 ),
1055 834 1122 869 τῶν
1143 847 1210 884 φυ-

165 894 283 932 λάκων
296 893 489 946 παρέντων,
500 892 622 935 αὐτοὺς
632 893 674 929 δι’
690 893 821 929 ἑαυτῶν
834 893 1034 930 ἀποθανεῖν.
1048 891 1210 927 Sintenis

167 954 273 990 dedit
369 950 610 998 συνεστώσης,
632 949 776 1001 μηδενὸς
801 952 868 986 τῶν
889 948 1050 1001 φυλάκων
1075 947 1208 998 παρόν-

166 1026 241 1059 τος,
262 1010 384 1054 αὐτοὺς
401 1011 479 1048 κτλ.

219 1121 432 1159 TIMAEUS.
451 1124 538 1170 Pag
562 1119 648 1169 195,
665 1121 708 1156 fr.
729 1121 788 1164 13,
798 1119 862 1155 lin.
882 1119 917 1156 3.
937 1140 989 1146 —
1006 1120 1078 1154 Ρ1·0
1090 1116 1209 1162 ἔὸαλε,

166 1183 248 1230 lege
265 1170 1213 1227 §nticula—1124).196a,1in.5‚lecre:‹bvgve'eake

166 1239 244 1276 τότε
261 1240 368 1276 κτλ...
387 1236 561 1287 Ἵστερον
579 1236 614 1273 δὲ
645 1234 774 1272 ἀνελων
802 1236 895 1273 κτλ..
902 1237 1039 1272 ,Οὗτοι
1071 1234 1106 1270 δὲ
1136 1234 1213 1270 ἀνε-

166 1296 308 1348 χόμενοι
325 1297 402 1334 κτλ.
424 1296 472 1332 Cf
498 1298 631 1332 Comes
646 1296 767 1330 Natal.
791 1296 860 1330 VII
871 1307 937 1342 ,.p
962 1306 1051 1339 727.

220 1358 308 1405 Pag.
323 1369 410 1404 197,
428 1355 473 1391 fr.
484 1367 504 1390 2
514 1367 527 1390 1
537 1383 546 1392 .
559 1375 607 1381 —
620 1354 732 1402 Apud
749 1353 962 1400 Syncellum
976 1354 1054 1400 lege
1064 1350 1214 1398 Τίμαιος

168 1413 230 1463 μὲν
250 1412 318 1464 πρὸ
337 1412 370 1459 η’
386 1413 444 1449 καὶ
463 1410 494 1449 λ’
512 1414 573 1457 τῆς
588 1410 734 1462 ’πρώτης
750 1409 993 1459 Ὀλυμπιάδος
1015 1423 1101 1445 cum
1116 1411 1213 1445 Din—

168 1472 309 1510 dorfio.

222 1533 311 1579 Pag.
349 1542 422 1577 199
448 1542 492 1574 a,
524 1529 591 1566 lin.
625 1528 694 1563 ult.
725 1527 772 1564 sr.
806 1540 870 1576 29.
894 1548 946 1553 -
970 1527 1062 1563 Dele
1086 1543 1093 1562 :
1119 1530 1210 1570 (scr.

168 1587 354 1624 ἐπιτιθέναι
373 1587 398 1636 ).
429 1609 477 1614 ——
513 1586 659 1623 Deinde
699 1585 798 1621 adde
831 1585 948 1622 schol.
985 1585 1031 1620 ad
1066 1586 1211 1621 Platon.

168 1649 304 1695 Remp.
326 1660 364 1695 p.
389 1646 481 1692 347,
514 1647 579 1693 qui
604 1646 758 1692 reliquis
790 1645 1002 1680 accuratius
1018 1657 1098 1679 rem
1126 1656 1211 1679 nar-

167 1714 228 1742 rat
243 1719 252 1742 2
269 1707 316 1742 Οἱ
330 1704 420 1776 yma?
411 1703 472 1749 τὴν
485 1701 613 1754 Σαρδὼ
625 1705 864 1745 κατοικοῦντες
877 1732 886 1748 ,
898 1701 943 1744 ὥς
957 1717 1039 1754 φησι
1053 1701 1213 1773 Τίμαιος,

169 1762 308 1800 ἐπειδὰν
321 1763 435 1805 αὐτοῖς
448 1777 537 1799 κατα
541 1760 760 1812 γηράσκωσιν
781 1761 812 1798 οἱ
826 1762 919 1810 γονεῖ
909 1777 935 1803 ,ς
952 1760 1012 1797 καὶ
1027 1760 1213 1809 νομίσωσιν

168 1820 287 1858 ἱκανὸν
310 1819 514 1871 βεὸιωκέναι
540 1818 683 1871 χρόνον,
701 1818 841 1869 ἄγουσιν
863 1817 984 1859 αυτους
1003 1817 1059 1854 ἐπὶ
1083 1817 1138 1854 τὸν
1157 1817 1213 1855 τό-

169 1895 254 1926 πον,
275 1880 311 1916 ἐν
340 1881 369 1930 ᾡ
397 1878 563 1927 μέλλουσι
583 1877 711 1929 θάψαι,
739 1879 838 1914 κάκεῖ
856 1876 1005 1919 λάκκους
1037 1875 1214 1928 ὀρύξαντες

169 1938 223 1976 επ’
246 1938 361 1989 ἄκρων
381 1938 507 1989 χειλῶν
528 1952 606 1980 τους
641 1937 829 1985 μέλλοντας
857 1934 1084 1980 ἀποθνήσκειν
1111 1934 1214 1971 καθί-

169 1999 295 2041 ζουσιν·
317 1996 436 2034 ἔπειτα
456 1995 598 2038 ἕκαστος
616 1996 728 2032 αὐτῶν
755 1993 877 2044 σχίζαν
898 1992 989 2044 ἔχων
1015 1991 1136 2030 τύπτει
1155 1992 1212 2030 τὸν

170 2058 292 2093 ἑαυτοῦ
310 2054 447 2106 πατέρα
471 2053 532 2091 καὶ
555 2055 602 2096 εἷς
619 2050 695 2095 τοὺς
721 2051 866 2094 λάκκους
894 2053 1065 2102 περιωθεῖ·
1082 2050 1158 2094 τοὺς
1179 2051 1213 2088 δὲ

170 2113 373 2165 πρεσὸύτας
385 2112 571 2164 χαίροντας
589 2111 647 2148 ἐπὶ
665 2110 723 2148 τὸν
744 2110 889 2147 θάνατον
903 2108 1154 2160 παραγίνεσθαι
1171 2112 1215 2152 ὡς

171 2172 377 2221 εὐδαίμονας
393 2171 452 2208 καὶ
471 2170 558 2220 μετὰ
573 2170 720 2220 γέλωτος
733 2169 794 2206 καὶ
805 2167 967 2217 εὐθυμίας
986 2167 1214 2206 ἀπόλλυσθαι.

171 2229 277 2268 Ἐπεὶ
301 2223 358 2266 οὖν
378 2230 481 2279 γελᾶν
505 2227 567 2277 μὲν
593 2226 809 2272 συνέὸαινεν,
832 2227 870 2263 οὐ
891 2225 983 2263 πάνυ
1013 2225 1047 2262 δὲ
1072 2228 1089 2263 ὁ
1106 2226 1214 2276 γέλως

172 2287 228 2325 ἐπ’
244 2289 363 2339 ἀγαθῷ
377 2301 443 2324 τινι
460 2286 602 2337 ἐγίνετο,
622 2283 718 2336 παρὰ
733 2289 801 2326 τοῖς
819 2281 973 2329 (Ἕλλησι
993 2285 1055 2329 τὴν
1074 2299 1212 2335 προκει-

173 2345 283 2395 μένην
309 2347 457 2397 ῥηθῆναι
476 2343 678 2396 παροιμίαν.
704 2346 822 2380 Multa
845 2345 892 2380 de
914 2345 987 2379 hoc
1008 2345 1214 2391 proverbio

172 2406 356 2453 congessit
372 2405 544 2440 Leutsch.
566 2404 615 2439 ad
635 2404 780 2439 Zenob.
796 2404 825 2435 V
842 2429 852 2446 ,
876 2402 939 2438 85.

225 2465 318 2511 Pag.
336 2475 424 2507 200,
438 2462 484 2497 fr.
500 2463 563 2508 37.
578 2483 619 2488 ‡-
635 2463 712 2497 Prae
727 2462 860 2496 ceteris
874 2461 1123 2496 conferendus
1136 2474 1175 2496 e1
1178 2469 1215 2495 at

172 2522 368 2570 Appianus
387 2522 492 2568 Illyr.
514 2534 548 2557 c.
570 2533 591 2555 2
614 2533 621 2555 2
646 2517 823 2569 Πολυφημ
826 2533 852 2569 ῳ
879 2516 944 2567 γὰρ
965 2533 1014 2568 τῳ
1045 2518 1214 2555 Κύκλωπι

171 2577 233 2615 καὶ
254 2577 429 2629 Γαλατείᾳ
451 2576 580 2615 Κελτὸν
603 2592 662 2614 και
680 2575 848 2626 Ἰλλυριὸν
869 2590 928 2612 και
951 2558 1067 2613 Ιάλαν
1088 2577 1215 2619 παῖδας

173 2635 287 2682 ὄντας,
304 2635 491 2687 ἐξορμῆσαι
511 2634 632 2686 (φασὶ)
649 2635 825 2680 Σικελίας,
841 2633 900 2670 καὶ
913 2632 1011 2683 ἄρξαι
1024 2633 1144 2686 nef-3588
1155 2635 1214 2670 αὖ·

171 2695 252 2738 τοὺς
282 2696 446 2741 Κελτῶν,
486 2694 664 2744 Ἰλλυριῶν
700 2692 760 2729 καὶ
795 2693 963 2730 Γαλατῶν
1001 2692 1210 2741 λεγομένων.

173 2755 230 2794 Cf.
243 2755 288 2792 G.
305 2757 349 2791 A.
365 2754 533 2790 Schmidt
551 2755 604 2788 De
610 2751 785 2798 sontibus
799 2760 1162 2787 vetermnauctormn
1177 2756 1214 2786 in

172 2814 393 2849 enan-andis
415 2810 710 2861 expeditiotzIbus
722 2824 746 2845 a
764 2812 884 2846 Gallis
896 2813 933 2844 in
948 2811 1212 2846 Macedoniam

171 2881 282 2920 atque
304 2873 489 2907 Groeciam
510 2874 686 2918 susceptis
703 2870 898 2918 (Berolini‚
920 2869 1015 2912 1834
1035 2868 1059 2914 )
1078 2871 1162 2915 Quo
1175 2872 1213 2905 in

172 2931 272 2966 libro
292 2937 427 2965 auctor
443 2930 608 2978 probare
636 2929 762 2964 studet
781 2928 996 2963 Diodorum
1014 2955 1024 2972 ‚
1043 2929 1212 2975 Trogum

174 2990 399 3037 Pompeium
422 2990 498 3023 sive
525 2989 712 3023 Justinum
736 2994 772 3022 et
800 2987 1013 3022 Pausaniam
1035 2987 1073 3021 in
1091 2999 1207 3034 expo-

173 3047 306 3083 nendis
335 3047 527 3083 Gallorum
554 3046 860 3093 expeditionibus
884 3046 960 3080 istis
982 3045 1113 3080 eodeni
1137 3058 1213 3080 csse

172 3118 260 3142 usos
269 3106 386 3150 sonte,
401 3106 500 3140 hunc
515 3117 605 3139 vero
623 3117 699 3140 esse
713 3106 906 3147 Timaeum,
925 3106 986 3150 qui
1003 3104 1150 3139 inlibris
1168 3104 1214 3139 de

173 3165 318 3212 Pyrrho
335 3164 493 3212 Epirota
509 3175 568 3198 res
590 3164 668 3198 illas
685 3163 901 3198 Galatarum
924 3175 992 3210 pcr
1017 3176 1214 3198 excursum

172 3235 341 3259 narrasse
359 3223 564 3258 videretur.
587 3222 698 3267 Quod
719 3223 772 3256 uti
797 3223 1019 3269 pernegari,
1040 3223 1092 3257 sic
1111 3221 1212 3257 affir-

172 3283 269 3318 mari
288 3282 441 3328 nequit,
464 3293 580 3327 quum
595 3280 819 3315 certioribus
832 3282 1059 3327 argumentis
1074 3281 1206 3328 proba·

174 3341 228 3376 tio
243 3351 398 3388 prorsus
418 3345 553 3374 careat.
571 3339 631 3374 Sic
651 3351 686 3375 v,
707 3351 741 3374 c.
768 3339 860 3372 nihil
878 3339 1000 3374 obstat
1026 3340 1116 3386 quin
1135 3339 1214 3374 sons

174 3400 242 3436 iste
259 3397 604 3434 sueritMenodotus
615 3398 828 3432 Perinthius
838 3398 914 3432 sive
929 3399 1084 3443 Samius,
1097 3399 1159 3445 qui
1177 3399 1213 3433 in

878 219 1121 261 ADDENDA
1150 222 1214 260 ET
1243 219 1431 260 CORRIG
1441 221 1574 260 ENDA

1270 311 1472 346 Hellenicis
1487 310 1561 345 suis
1577 316 1748 356 tempora
1766 310 1835 344 ista
1848 310 2023 345 tractavit
2036 337 2046 355 ‚
2067 317 2104 346 et
2124 322 2238 358 quem
2256 312 2314 353 ἰ.-

1271 374 1327 403 ter
1340 367 1462 403 sontes
1477 366 1637 402 Diodori
1655 367 1768 402 fuisse
1787 375 1889 402 certo
1905 369 2056 412 scimus,
2070 369 2134 415 qui
2149 368 2315 419 deniq'u

1271 438 1387 473 quum
1413 438 1458 461 ex
1486 426 1604 460 altero
1625 427 1680 460 De
1707 426 1821 460 Samii
1840 427 1969 473 templi
2001 426 2169 462 donariis
2197 436 2315 476 op.-

1269 485 1380 519 etiam
1401 490 1578 530 tanquam
1610 483 1800 530 periegeta
1831 491 1942 518 notus
1971 485 2039 528 sit,
2073 497 2153 532 prae
2181 482 2316 526 cet-³-

1271 549 1379 589 aptus
1408 554 1485 576 esse
1518 541 1699 586 videatur,
1729 542 1790 576 cui
1817 542 2016 577 Pausanias
2049 555 2086 578 se
2115 544 2312 585 addixeuss

1270 600 1498 646 Droysenius
1515 600 1730 634 Helle-nism.
1752 600 1768 633 Ι
1782 629 1790 643 ,
1809 612 1845 647 p.
1870 599 1962 644 650,
1979 602 2091 636 etiam
2108 602 2152 638 de
2171 604 2315 638 Demo-

1271 657 1383 692 chare
1403 657 1562 703 cogitari
1578 668 1688 703 posse
1706 656 1810 691 dicit.
1829 658 1907 692 Nec
1920 659 2043 693 minus
2061 660 2314 707 Agatharchi-

1272 715 1336 750 des
1361 715 1399 748 in
1418 721 1552 762 praesto
1574 721 1640 749 est.

1324 771 1418 819 Pag.
1442 783 1533 816 202,
1552 772 1618 808 Τι’.
1654 771 1717 813 48.
1738 791 1789 798 --
1816 773 1941 808 Verba
1968 771 2026 808 καὶ
2055 773 2314 823 τεσσαράκοντα

1271 831 1512 865 exterminari
1536 831 1617 864 vult
1636 831 1829 866 Clintonus
1851 831 1893 868 F.
1917 831 1962 867 H.
1979 833 2037 879 ΙΙ,
2057 845 2095 880 p.
2118 833 2192 874 423
2209 842 2290 872 not.

1323 889 1412 936 Pag.
1438 887 1528 932 203,
1551 888 1595 925 fr.
1620 887 1684 923 53.
1707 908 1759 915 —
1774 890 1831 924 De
1846 889 1919 924 hoc
1941 898 2122 939 computo
2137 892 2265 928 Timaei
2277 905 2312 931 v,

1273 947 1446 994 Prolegg.
1466 959 1506 995 p.
1526 958 1603 982 Lv1.

1324 1007 1415 1054 Pag.
1432 1009 1524 1053 204,
1543 1006 1591 1042 fr.
1612 1005 1659 1051 57
1676 1018 1715 1043 α.
1729 1006 1983 1041 ——Zenobius
1999 1005 2314 1059 Ι,311Ἀρπαγὰ

1272 1079 1291 1099 τ
1303 1062 1324 1101 ὰ
1350 1065 1379 1101 Κ
1394 1063 1485 1100 ιννά
1499 1078 1541 1114 ρο
1552 1079 1583 1101 υ.
1601 1063 1740 1108 Ταύτης
1761 1061 1822 1112 μὲν
1840 1062 2015 1111 μέμνηται
2038 1063 2264 1116 Καλλίμαχος
2279 1067 2314 1104 ἐν

1272 1121 1430 1171 Ἰάμὸοις
1444 1137 1452 1144 ·
1470 1120 1619 1170 Τίμαιος
1634 1120 1669 1158 δὲ
1687 1119 1752 1172 ἔφη
1773 1119 1825 1158 ὅτι
1843 1120 2012 1172 Κίνναρος
2032 1121 2166 1172 ἐγένετο
2186 1138 2315 1174 πορνο-

1274 1179 1396 1223 ὅοσκὸς
1413 1178 1643 1222 Σελινούσιος.
1669 1178 1934 1221 Πλουσιώτατος
1959 1182 2041 1229 γοῦν
2070 1181 2110 1217 ἐκ
2128 1183 2189 1226 τῆς
2209 1182 2314 1232 ἔργα·

1273 1237 1348 1281 σίας
1367 1238 1567 1287 γενόμενος,
1588 1239 1654 1280 ζῶν
1675 1236 1738 1286 μὲν
1758 1236 1992 1287 ἐπηγγέλλετο
2005 1235 2066 1283 τὴν
2081 1237 2198 1276 οὐσίαν
2218 1238 2314 1290 ἱερὰν

1276 1299 1317 1348 τῇ
1339 1296 1520 1350 Ἀφροδίτῃ
1541 1297 1770 1347 καταλεῖψαι,
1789 1297 1958 1333 τελευτῶν
1982 1295 2079 1334 δὲτὰ
2098 1296 2182 1334 ὄντα
2204 1298 2315 1349 προῦ-

1278 1358 1380 1401 θηκεν
1397 1357 1441 1397 εἷς
1458 1354 1636 1405 ἁρπαγήν.
1662 1371 1677 1387 υ
1698 1356 1894 1391 Proverbii
1911 1357 2093 1403 originem
2103 1357 2316 1394 Lobeckius

1274 1416 1459 1464 Aglaoph.
1482 1417 1592 1462 11‚,p.
1614 1415 1708 1450 1031
1725 1415 1922 1450 enucleare
1932 1415 2069 1452 studet.
2094 1432 2109 1447 »
2127 1417 2312 1453 Lssu'rscn.

1326 1477 1414 1523 Pag.
1441 1487 1530 1520 207,
1549 1473 1594 1509 fr.
1621 1474 1668 1516 64
1686 1480 1781 1510 extr.
1798 1494 1851 1500 -—
1867 1474 1941 1508 Pro
1962 1470 2107 1515 ἐπιπνὰς
2137 1474 2217 1522 lege
2241 1474 2316 1510 ἐπι-

1273 1532 1372 1574 πτοίς.
1397 1533 1540 1568 Deinde
1556 1545 1628 1580 pro
1650 1529 1827 1567 ἐκέλευσεν
1853 1531 1910 1566 ἐᾶν
1936 1543 2070 1567 censor
2088 1532 2318 1568 Beckmanni

1273 1592 1443 1639 Gotting.
1485 1590 1587 1636 conj.
1621 1587 1779 1625 ἐκέλευσε
1811 1593 1910 1624 νικᾶν
1922 1616 1932 1634 ,
1963 1597 2120 1626 notante
2148 1591 2316 1627 Wester*

1274 1662 1410 1684 manno
1434 1650 1473 1683 in
1493 1647 1751 1695 Paradoxogr.
1777 1660 1815 1695 p.
1832 1648 1893 1682 61.

1331 1709 1420 1755 Pag.
1462 1720 1552 1751 211,
1581 1706 1713 1753 fragm.
1743 1705 1791 1741 80
1821 1718 1856 1742 a.
1878 1726 1931 1733 -—
1953 1705 2078 1742 Schol.
2106 1707 2238 1743 Venet.
2266 1706 2316 1743 ad

1277 1767 1406 1813 Eurip.
1427 1765 1574 1800 Hecub.
1598 1777 1670 1811 129
1688 1764 1748 1800 ed.
1770 1764 1902 1800 Cobet.
1924 1775 1933 1801 ε
1957 1762 2109 1806 Κοπίδας
2125 1778 2160 1800 τε
2177 1762 2237 1806 τὰς
2247 1765 2315 1801 τῶν

1274 1822 1386 1872 λόγων
1397 1821 1520 1872 τέχνας
1538 1823 1605 1870 (sc.
1627 1822 1764 1870 ἔλεγον)
1784 1821 1882 1858 ἄλλοι
1901 1836 1939 1858 τε
1955 1820 2014 1858 καὶ
2037 1820 2206 1869 Τίμαιος,
2226 1819 2314 1875 [ὃς]

1276 1880 1382 1923 οὕτως
1393 1880 1536 1932 γράφει·
1554 1898 1569 1914 ιι
1589 1878 1700 1917 “ssave
1721 1878 1780 1915 καὶ
1796 1878 1976 1931 φαίνεσθαι
2001 1878 2050 1928 μὴ
2071 1878 2128 1916 τὸν
2153 1880 2316 1930 Πυθαγό-

1277 1954 1341 2013 ραν
1371 1938 1553 1990 ευρόμενον
1576 1937 1665 1988 [τὰ]
1682 1940 1750 1974 τῶν
1774 1938 1942 1983 ἀληθινων
1968 1937 2131 1984 κοπίδων,
2149 1937 2236 1987 μηδὲ
2257 1938 2315 1976 τὸν

1275 1997 1331 2048 ὑφ’
1367 1996 1599 2057 Ἡρακλείτου
1626 1995 1940 2046 κατηγορούμενον,
1971 1995 2048 2032 ἀλλ’
2069 1994 2171 2038 αὐτὸν
2200 1995 2315 2048 ζΗροί-

1277 2057 1410 2093 κλειτον
1445 2059 1532 2092 εἰναι
1551 2055 1608 2092 τὸν
1629 2054 1932 2104 ἀλαζονευόμενον.
1962 2070 1978 2086 ι»
2011 2055 2070 2093 Cf.
2101 2057 2226 2102 Etym.
2259 2057 2311 2095 M.

1276 2129 1316 2164 p.
1341 2115 1432 2164 529,
1456 2127 1527 2161 27:
1549 2113 1620 2152 Και
1640 2112 1700 2155 τὰς
1719 2129 1787 2150 των
1803 2112 1914 2161 λόγων
1934 2111 2059 2163 τέχνας
2075 2112 2219 2156 κοπίδας
2240 2113 2314 2152 Oe-

1277 2188 1356 2223 γον·
1378 2192 1393 2205 «ι
1415 2172 1464 2222 μὴ
1489 2172 1546 2210 τὸν
1566 2170 1775 2222 Πυθαγόραν
1798 2170 1940 2223 εὕρομεν
1958 2170 2040 2208 ὄντα
2069 2170 2197 2219 (ὄντων
2225 2173 2312 2211 cod.

1277 2235 1411 2278 Havn.;
1436 2232 1461 2268 1.
1479 2231 1660 2281 εὑρόμενον
1681 2229 1725 2267 τὰ
1742 2230 1833 2278 τῶν)
1854 2230 2024 2275 ἀληθινῶν
2041 2228 2207 2268 κοπίδων.
2226 2232 2315 2267 Post

1274 2290 1423 2328 κοπίδων
1445 2290 1626 2326 excidisse
1639 2302 1714 2325 vox
1733 2289 1898 2324 videtur.

1327 2352 1416 2397 Pag.
1432 2361 1522 2392 212,
1541 2348 1586 2384 fr.
1606 2347 1669 2384 81.
1694 2349 1799 2384 -V.
1813 2353 1894 2384 not.
1914 2346 1962 2382 ad
1980 2346 2159 2382 Neanthis
2173 2346 2220 2383 sr.
2245 2359 2311 2392 20,

1275 2417 1367 2444 tom.
1388 2410 1458 2451 ΙΙΙ,
1473 2420 1512 2454 p.
1535 2406 1573 2444 δ’.

1327 2468 1415 2513 Pag.
1434 2478 1455 2500 2
1467 2464 1526 2508 13,
1537 2470 1623 2512 post
1643 2463 1689 2498 fr.
1714 2463 1760 2508 87
1774 2463 1833 2498 vel
1853 2463 1926 2498 alio
1941 2463 2074 2510 quovis
2087 2462 2174 2498 loco
2190 2461 2310 2498 adde}

1275 2525 1409 2563 Cicero
1427 2525 1479 2559 De
1504 2535 1585 2570 rep.
1604 2523 1681 2566 ΙΙΙ,
1702 2522 1746 2557 31
1770 2533 1779 2558 :
1804 2522 1899 2558 Urbs
1915 2523 1983 2556 illa
2002 2522 2193 2568 proeclara
2224 2521 2314 2568 (Sy-

1273 2596 1410 2619 racusae
1421 2582 1448 2630 ),
1473 2594 1585 2629 quam
1599 2584 1655 2615 ait
1673 2581 1835 2615 Timaeus
1855 2581 2067 2614 Groecarum
2085 2582 2309 2621 maoeimam,

1273 2647 1436 2683 omnium
1453 2648 1575 2675 autem
1596 2651 1673 2674 esse
1690 2639 2008 2687 pulcherrimam,
2037 2650 2109 2672 am:
2132 2638 2304 2680 vivenda,

1266 2709 1398 2749 portas
1416 2710 1527 2746 usque
1541 2701 1577 2732 in
1592 2701 1694 2731 sinus
1706 2697 1855 2744 oppidis
1873 2704 1909 2731 et
1922 2697 1978 2731 ad
1996 2697 2093 2731 urbis
2109 2697 2313 2743 crepe'dine.s·

1275 2757 1403 2803 infusi,
1424 2761 1504 2793 vioe
1530 2757 1639 2798 latre,
1660 2759 1839 2802 portI'cuS,
1869 2756 2024 2802 templa,
2059 2757 2168 2797 muri,
2195 2754 2313 2790 nilu'lo

1274 2820 1395 2864 magis
1411 2814 1625 2863 efficiebant
1637 2839 1649 2856 ,
1673 2814 1850 2859 Dionysio
1871 2820 2037 2856 tenente,
2061 2820 2103 2847 uc
2125 2820 2220 2848 esset
2243 2814 2313 2848 illa

1273 2888 1330 2909 res
1339 2875 1490 2922 publica
1499 2884 1510 2916 ‚·
1534 2872 1629 2906 m'lu‘l
1644 2874 1740 2906 enim
1756 2872 1888 2918 populi
1900 2897 1909 2914 ‚
1926 2878 1964 2905 ec
1979 2874 2086 2918 toz-ius
2098 2878 2178 2905 erat
2186 2883 2311 2918 popu-

1275 2934 1329 2967 lus
1350 2936 1438 2979 ipse.

1325 2990 1472 3026 Deinde
1480 3001 1652 3036 memoro
1662 2989 1789 3023 locum
1798 2987 1950 3030 amiani,
1964 2997 2073 3032 quem
2085 2987 2224 3022 Timaeo
2234 2988 2313 3022 vin-

1274 3048 1450 3083 dicarunt
1462 3049 1532 3082 viri
1546 3047 1662 3082 docti.
1686 3045 1854 3082 AElianus
1873 3046 1916 3081 V.
1940 3045 1988 3079 H.
2010 3045 2070 3088 IV,
2090 3057 2108 3089 7
2134 3056 2142 3079 1
2171 3044 2248 3082 Οὔκ
2270 3038 2311 3090 ἦν

1275 3105 1342 3156 ἄρα
1362 3107 1430 3146 τοῖς
1449 3106 1566 3146 κακοῖς
1587 3101 1662 3139 οὐδὲ
1682 3101 1721 3139 τὸ
1742 3103 1924 3138 ἀποθανεῖν
1935 3099 2074 3151 κέρδος,
2089 3099 2207 3147 ἐπειδὴ
2222 3102 2311 3150 μηὲ.

1275 3163 1350 3200 τότε
1363 3162 1619 3199 ἀναπαύονται·
1635 3161 1712 3197 ἀλλ’
1730 3158 1752 3204 ἢ
1775 3160 1952 3200 παντελῶς
1981 3160 2163 3208 ἀμοιροῦσι
2182 3163 2311 3211 ταφῆς,

1273 3219 1294 3266 ἢ
1313 3219 1391 3265 καὶ,
1408 3219 1466 3256 ἐὰν
1485 3219 1642 3272 φθάσωσι
1661 3216 1842 3269 ταφέντες,
1871 3215 1963 3266 ὅμως
1986 3216 2045 3253 καὶ
2059 3218 2096 3254 ἐκ
2113 3219 2173 3262 τῆς
2193 3220 2310 3255 τελευ-

1274 3278 1373 3320 ταίας
1392 3281 1494 3327 τιμῆς
1522 3277 1580 3315 καὶ
1600 3280 1658 3314 τοῦ
1679 3279 1791 3313 κοινοῦ
1813 3275 1952 3312 πάντων
1980 3273 2152 3323 σωμάτων
2181 3272 2310 3324 ὅρμου,

1275 3337 1335 3376 καὶ
1351 3337 1477 3374 ἐκεῖθεν
1493 3335 1713 3373 ἐκπίπτουσι.
1731 3333 1999 3383 Λακεδαιμόνιοι
2010 3335 2089 3383 γοῦν
2107 3330 2309 3369 Παυσανίαν

1260 3395 1472 3447 -μηδίσαντα
1485 3423 1495 3441 ,
1514 3395 1552 3431 οὗ
1574 3392 1676 3443 μόνον
1698 3394 1791 3444 λιμῷ
1813 3391 2032 3440 ἀπέκτειναν,
2056 3390 2144 3427 ἀλλὰ
2164 3388 2232 3440 γὰρ
2251 3387 2312 3426 καὶ
