2372 3704
978 235 1311 276 FRAGMENTA.
2153 252 2173 284 5
2183 252 2200 284 3
2209 253 2227 284 7

87 323 185 364 nuit,
225 329 348 357 tamen
370 322 609 357 Antiochiam
641 333 717 357 esse
750 329 852 358 recte
885 323 987 358 haud
1015 323 1132 360 dubie

87 381 251 416 Valesius
269 379 357 415 inde
378 379 547 428 collegit,
567 379 674 427 quod
702 391 787 428 quae
815 393 860 416 ex
885 371 1032 417 Joanne
1060 382 1131 416 isto

87 438 239 474 rhetore
265 437 491 487 afferuntur,
511 439 637 474 omnia
663 438 712 474 ad
734 438 812 486 ejus
828 440 932 476 urbis
949 440 1025 476 fata
1044 452 1132 488 spe-

87 505 201 537 ctant.
240 498 408 534 Deduxit
435 506 570 534 auctor
602 499 778 535 historias
813 512 897 535 suas
933 512 1054 548 usque
1085 500 1133 535 ad

85 558 223 596 Justini
237 558 255 594 I
274 569 415 593 annum
432 558 636 606 septimum
659 557 755 607 (525
768 558 799 607 ),’
823 571 900 606 quo
930 559 1133 595 Antiochia

86 624 195 654 terrae
210 614 318 652 motu
336 616 550 652 vehementi
570 624 820 664 conquassata
841 624 907 652 est.
929 617 1042 653 Unde
1056 618 1133 652 ini-

85 730 149 756 τιος
163 720 180 751 ὁ
196 720 356 755 θεσπέσιος
366 744 374 759 ,
390 722 432 756 ὡς
446 719 573 760 Ἰωάννῃ
585 723 629 760 τῷ
641 720 743 760 ῥήτορι
761 720 816 752 σὺν
830 720 941 760 ἑτέροις
955 720 1114 761 ἱστόρηται
1125 744 1132 757 ,

87 767 193 805 ἐπειδή
207 777 254 806 γε,
274 769 315 804 ὡς
332 767 489 806 ἐὸούλετο,
506 767 600 808 τάφον
614 767 668 803 τὰς
685 771 746 798 τῶν
763 767 875 804 θηρίων
891 767 1008 807 ἔσχηκε
1021 768 1132 805 γαστέ-

87 824 141 855 ρας
157 814 188 845 ἐν
204 817 249 856 τῷ
269 817 322 852 τῆς
338 814 462 854 Ῥώμης
487 813 701 855 ἀμφιθεάτρῳ,
724 814 776 844 καὶ
799 814 850 846 διὰ
863 817 924 845 τῶν
939 815 1133 854 ὑπολειφθέν-

89 871 150 892 των
169 861 340 902 ἁδροτέρων
358 860 458 892 ὀστῶν
480 861 555 901 πρὸς
568 861 623 898 τὴν
642 860 798 901 Ἀντιόχου
817 860 1012 902 ἀπεκομίσθη
1035 862 1065 892 ἐν
1089 866 1133 903 τῷ

88 908 270 949 καλουμένῳ
289 908 479 948 κοιμητηρίῳ
496 908 610 947 (extra
626 910 750 948 portam
768 908 1022 948 Daphniticam)‘
1044 920 1132 948 μετα-

87 954 201 985 τίθεται
218 955 342 990 πολλοῖς
364 955 490 995 ὕστερον
508 954 628 995 χρόνοις
640 977 648 992 ,
663 955 852 994 ὑποθεμένου
873 957 929 986 τοῦ
952 956 1134 994 παναγαθοῦ

88 1001 159 1031 θεοῦ
175 1000 335 1041 Θεοδοσίῳ
349 1001 400 1032 τὸν
421 1000 564 1042 θεοφόρον
581 1001 700 1041 μείζοσι
717 1005 846 1041 τιμῆσαι
867 1004 989 1042 τιμαῖς,
1006 1002 1087 1043 ἱερόν
1102 1013 1135 1034 τε

88 1046 185 1078 πάλαι
201 1050 264 1083 τοῖς
281 1047 424 1086 δαίμοσιν
439 1048 596 1088 ἀνειμένον
615 1049 625 1087 (
634 1050 771 1088 Τυχαῖον
783 1051 846 1085 τοῖς
860 1049 1037 1090 ἐπιχωρίοις
1054 1050 1133 1081 ὠνό-

89 1093 210 1135 μαστο)
225 1097 270 1135 τῷ
285 1094 443 1135 ἀθλοφόρῳ
457 1095 510 1125 καὶ
525 1094 652 1137 μάρτυρι
664 1095 834 1127 ἀναθεῖναι·
848 1097 901 1127 καὶ
915 1098 1010 1134 σηκὸς
1023 1098 1135 1138 εὐαγὴς

88 1141 141 1172 καὶ
154 1141 278 1181 τέμενος
292 1141 380 1180 ὀίγιον
402 1144 447 1182 τῷ
462 1141 603 1182 Ἰγνατίῳ
616 1143 651 1173 τὸ
665 1143 759 1173 πάλαι
774 1144 910 1183 Τυχαῖον
932 1144 1056 1183 γέγονε,
1074 1148 1135 1175 τῶν

88 1189 178 1229 ἱερῶν
205 1188 300 1219 αὐτοῦ
331 1188 484 1227 λειψάνων
511 1189 588 1229 μετὰ
613 1193 739 1230 πομπῆς
774 1191 854 1230 ἱερᾶς
882 1189 940 1221 ἀνὰ
965 1191 1019 1228 τὴν
1047 1191 1135 1222 πόλιν

89 1235 137 1267 ἐπ’
152 1235 311 1276 ὀχήματος
328 1236 516 1276 ἐνεχθέντων
527 1260 536 1276 ,
553 1237 606 1268 καὶ
622 1237 704 1267 ’κατὰ
721 1237 756 1268 τὸ
774 1238 898 1277 τέμενος
913 1238 1070 1270 τεθέντων.

124 1284 179 1313 Ex
203 1281 315 1314 eodem
334 1282 421 1314 fonte
444 1282 595 1314 fluxerint
619 1292 694 1323 quae
721 1292 798 1314 mox
819 1292 889 1324 cap.
918 1288 954 1315 18
982 1284 1136 1323 Euagrius

89 1327 184 1359 affert
197 1327 236 1359 de
249 1327 400 1368 operibus
419 1329 572 1369 publicis,
587 1338 662 1370 quae
686 1329 864 1361 Antiochiae
885 1331 946 1362 sub
961 1331 1136 1363 Theodosio

88 1373 301 1406 condiderunt
314 1375 456 1415 praefecti
469 1375 558 1407 urbis
569 1376 788 1420 Memnonius,
802 1373 909 1412 zoilus
922 1379 954 1409 et
967 1378 1134 1417 Callistus3

89 1421 123 1452 et
148 1429 180 1461 p.
202 1424 238 1452 19
258 1420 298 1452 de
328 1421 470 1453 Eudocia
495 1425 575 1462 Aug.
604 1422 808 1454 Antiochiam
833 1423 1000 1463 veniente,
1029 1423 1134 1464 deque

88 1467 195 1500 statua
206 1467 235 1499 ei
250 1467 352 1508 posita
361 1492 370 1508 ‚
384 1468 489 1509 deque
501 1469 663 1501 moenibus
675 1469 764 1501 urbis
777 1478 879 1510 usque
891 1469 932 1501 ad
948 1471 1137 1511 Daphnense

89 1514 311 1547 suburbanum
327 1515 502 1555 productis.

131 1561 220 1594 Idem
241 1563 266 1593 ll
278 1586 288 1601 ,
310 1566 345 1593 12
365 1575 373 1594 ι
393 1562 463 1595 Ἀνὰ
480 1563 511 1594 δὲ
528 1563 563 1594 τὸ
579 1563 719 1604 δεύτερον
742 1563 808 1600 ἔτος
824 1564 956 1600 Λέοντος
974 1568 1028 1602 τῆς
1044 1566 1135 1606 βασι·

88 1608 171 1645 λείας
180 1635 190 1650 ,
203 1609 310 1646 κλόνος
324 1613 377 1648 τῆς
391 1613 446 1650 γῆς
460 1610 592 1647 ἐξαίσιος
606 1613 659 1642 καὶ
678 1612 816 1652 βρασμὸς
834 1611 892 1643 ἀνὰ
909 1613 964 1649 τὴν
981 1612 1136 1653 Ἀντιόχου

89 1656 224 1698 γίνεται,
240 1660 331 1689 τινῶν
355 1657 409 1698 μὲν
430 1658 514 1699 παρὰ
538 1661 593 1690 τοῦ
619 1658 689 1689 κατ’
715 1659 811 1696 αὐτὴν
833 1659 933 1699 δήμου
950 1671 1134 1701 προγεγενη·

89 1705 190 1745 μένων
202 1705 277 1745 πρὸς
290 1707 396 1736 πᾶσαν
413 1705 684 1746 ἐκὸακχευθέντων
702 1706 833 1745 μανίαν,
851 1706 955 1744 πάσης
973 1718 1006 1738 τε
1023 1708 1135 1748 θηριώ-

88 1751 160 1788 δους
176 1751 320 1783 ἐπέκεινα
337 1753 510 1792 γενομένων
526 1753 670 1793 γνώμης,
689 1754 795 1794 ὥσπερ
814 1755 867 1784 καὶ
895 1754 1058 1795 προοίμιον
1075 1758 1136 1791 τοῖς

35 1821 39 1824 -
88 1798 240 1836 τοιούτοις
256 1801 366 1836 κακοῖς
389 1800 651 1841 παρασχομένων.
674 1800 792 1832 Γίνεται
820 1804 893 1840 γοῦν
916 1802 1136 1842 χαλεπώτατος

91 1845 181 1877 ἑκτὸν
204 1846 258 1878 καὶ
276 1847 539 1878 πεντακοσιοστὸν
564 1846 630 1883 ἔτος
655 1848 902 1888 χρηματιζούσης
924 1851 977 1886 τῆς
999 1848 1136 1887 πόλεως,

89 1893 159 1935 περὶ
172 1893 318 1935 τετάρτην
332 1895 414 1935 ὥραν
429 1898 482 1932 τῆς
499 1895 622 1930 νυκτὸς,
638 1894 783 1935 τετάρτην
797 1895 850 1926 καὶ
863 1894 993 1932 δεκάτην
1010 1896 1137 1933 ἄγοντος

90 1942 206 1982 ἡμέραν
221 1944 276 1973 τοῦ
295 1941 462 1983 Γορπιαίου
477 1942 570 1982 μηνὸς
594 1941 627 1972 ὃν
642 1942 849 1982 Σεπτέμὸριον
869 1943 1020 1983 Ῥωμαῖοι
1038 1954 1135 1983 προσ-

91 1988 294 2029 αγορεύουσι,
312 1988 418 2029 κυρίας
442 1988 731 2024 ἐπικαταλαὸούσης
756 1990 888 2029 ἡμέρας,
907 1990 965 2021 ἀνὰ
990 1991 1044 2028 τὴν
1062 1991 1136 2022 ἑνδε-

90 2034 186 2072 κάτην
203 2035 382 2075 ἐπινέμησιν
397 2038 453 2066 τοῦ
469 2035 585 2066 κύκλου
595 2059 604 2074 ,
620 2035 706 2071 ἕκτος
722 2035 885 2076 τυγχάνων
902 2038 1136 2078 ἱστορούμενος,

91 2082 170 2113 ἑπτὰ
183 2082 236 2112 καὶ
249 2081 483 2121 τεσσαράκοντα
495 2082 549 2112 καὶ
561 2081 747 2122 τριακοσίων
761 2082 963 2123 διῳχηκότων
977 2084 1136 2122 ἐνιαυτῶν,

91 2129 122 2164 ἐξ
135 2128 208 2160 ὅτου
221 2129 239 2159 ὁ
254 2129 337 2159 κατὰ
351 2129 503 2168 Τραϊανὸν
519 2129 643 2168 γέγονεν
652 2138 659 2143 ·
679 2129 793 2164 ἐκεῖνος
807 2130 861 2169 μὲν
874 2131 932 2172 γὰρ
948 2130 1071 2162 ἔννατον
1085 2132 1137 2162 καὶ

90 2175 300 2213 πεντηκοστὸν
310 2175 363 2206 καὶ
377 2175 545 2206 ἑκατοστὸν
557 2175 693 2214 ἀγούσης
705 2179 758 2214 τῆς
771 2177 889 2212 πόλεως
901 2177 966 2213 ἔτος
979 2181 1032 2215 τῆς
1045 2178 1137 2209 αὐτο-

91 2222 199 2263 νομίας
211 2222 335 2262 γέγονεν
349 2232 355 2238 ·
372 2223 390 2254 ὁ
408 2223 440 2254 δέ
453 2233 489 2262 γε
505 2222 554 2254 ἐπὶ
571 2223 722 2260 Λέοντος,
745 2223 834 2255 ἐ’κτον
855 2225 908 2255 καὶ
932 2235 1136 2256 πεντακοσιο-

91 2269 165 2300 στὸν
175 2292 184 2307 ,
197 2270 238 2304 ὡς
250 2271 314 2304 τοῖς
326 2268 567 2308 φιλοπονήσασιν
579 2268 739 2299 ἐκτίθεται.
754 2269 853 2306 Οὗτος
867 2270 967 2302 τοίνυν
981 2272 998 2302 ὁ
1011 2273 1138 2312 σεισμὸς

90 2319 144 2354 τῆς
157 2318 264 2353 καινῆς
277 2315 376 2352 οἰκίας
390 2314 515 2350 ἁπάσας
527 2315 639 2355 σχεδὸν
652 2316 883 2356 καταῧέὸληκε,
896 2318 1137 2360 πολυανθρώπου

90 2362 203 2400 ταύτης
216 2363 418 2402 γεγενημένης
431 2386 439 2402 ,
455 2363 507 2393 καὶ
522 2362 608 2394 οὐδὲν
625 2363 760 2403 ἐχούσης
776 2363 888 2404 ἔρημον
904 2366 923 2402 ἢ
936 2365 1014 2401 ὅλως
1027 2366 1139 2406 ἠμελη-

92 2408 201 2449 μένον,
215 2409 292 2440 ἀλλὰ
307 2410 361 2441 καὶ
373 2410 441 2441 λίαν
458 2410 663 2449 ἐξησκημένης
685 2414 723 2451 τῇ
739 2412 894 2452 φιλοτιμίᾳ
907 2415 968 2443 τῶν
985 2414 1138 2453 βασιλέων

91 2456 166 2496 πρὸς
179 2456 325 2494 ἀλλήλους
339 2457 573 2497 ἁμιλλωμένων.
594 2458 665 2488 Τῶν
679 2468 710 2488 τε
735 2459 899 2498 βασιλείων
913 2460 930 2490 ὁ
945 2463 1064 2500 πρῶτος
1086 2461 1137 2491 καὶ

92 2502 229 2544 δεύτερός
242 2502 326 2538 οἶκος
339 2503 572 2541 κατεὸλήθησαν
581 2527 590 2541 ,
605 2507 666 2535 τῶν
679 2504 779 2535 ἄλλων
793 2505 850 2536 σὺν
864 2509 908 2546 τῷ
922 2508 1138 2549 παρακειμένῳ

94 2549 248 2590 βαλανείῳ
267 2549 434 2590 μεινάντων
445 2573 453 2585 .
471 2552 515 2590 τῷ
533 2560 568 2590 γε
582 2551 634 2581 καὶ
648 2551 792 2582 λούσαντι
805 2553 859 2589 τὴν
876 2553 964 2584 πόλιν
983 2554 1067 2595 παρὰ
1082 2554 1137 2591 τήν

93 2597 254 2637 συμφορὰν
269 2597 304 2628 ἐκ
317 2600 369 2634 τῆς
383 2595 528 2637 πρότερον
546 2597 734 2647 ἀχρηστίας,
750 2598 869 2640 ἀνάγκῃ
884 2604 945 2631 τῶν
961 2603 1024 2637 τοῖς
1037 2601 1138 2637 ἄλλοις

95 2643 268 2684 βαλανείοις
294 2644 549 2684 συμὸεὸηκότων.
574 2646 746 2686 Κατέρριψε
762 2647 795 2678 δὲ
820 2648 872 2678 καὶ
894 2648 948 2683 τὰς
974 2648 1068 2684 στοὰς
1084 2649 1138 2685 τὰς

92 2690 151 2730 πρὸ
161 2692 222 2720 τῶν
234 2690 411 2730 βασιλείων,
423 2691 520 2722 καὶτὸ
535 2689 583 2722 ἐπ’
591 2692 692 2728 αὐτοῖς
705 2693 903 2734 τετράπυλον,
918 2695 971 2725 καὶ
982 2699 1036 2726 τοῦ
1049 2697 1140 2726 ἱππο-

92 2735 207 2775 δρόμου
222 2737 256 2768 δὲ
269 2737 341 2773 τοὺς
355 2738 423 2778 περὶ
440 2737 494 2773 τὰς
511 2737 601 2778 θύρας
619 2738 751 2779 πύργους
762 2764 770 2778 ,
785 2740 838 2771 καί
852 2753 934 2777 τινας
947 2745 1009 2773 τῶν
1023 2742 1071 2774 ἐπ’
1087 2743 1137 2774 αὐ·

92 2783 164 2819 τοὺς
182 2787 295 2816 στοῶν.
317 2785 407 2816 Κατὰ
424 2785 456 2815 δὲ
472 2786 527 2822 τὴν
555 2786 710 2824 παλαιὰν,
731 2790 794 2818 τῶν
812 2788 866 2828 μὲν
891 2792 992 2820 στοῶν
1011 2790 1030 2827 ἢ
1050 2790 1137 2827 οἰκη-

94 2830 199 2870 μάτων
212 2833 332 2868 πτῶσις
348 2831 426 2867 ὅλως
441 2832 498 2862 οὐκ
512 2832 639 2873 ἔψαυσε,
651 2836 712 2864 τῶν
727 2834 757 2864 δὲ
766 2835 922 2875 Τραϊανοῦ
935 2837 987 2866 καὶ
1004 2837 1138 2877 Σεὸήρου

93 2877 145 2908 καὶ
170 2877 323 2918 Ἀδριανοῦ
353 2879 526 2919 βαλανείων
554 2881 648 2920 μικρὰ
670 2882 860 2918 κατασείσας
886 2883 1030 2924 ἀνέτρεψε
1044 2908 1052 2922 ,
1085 2885 1138 2915 καὶ

92 2927 145 2962 τῆς
161 2935 196 2964 γε
209 2925 391 2966 ὀστρακίνης
413 2927 496 2958 οὕτω
517 2928 709 2966 καλουμένης
726 2930 876 2966 γειτονίας
892 2931 962 2961 τινα
981 2933 1134 2971 συγκατέ-

92 2971 166 3003 6αλε
176 2996 185 3010 ,
199 2973 256 3004 σὺν
268 2976 335 3009 ταῖς
348 2977 453 3010 στοαῖς
467 2975 519 3005 καὶ
533 2975 568 3006 τὸ
583 2975 772 3016 καλούμενον
786 2978 946 3016 Νυμφαῖον
960 2978 1062 3019 ῥίψας.
1078 2978 1138 3010 Ὧν

92 3019 128 3052 τὸ
141 3020 210 3052 καθ’
226 3020 358 3053 ἕκαστον
370 3022 536 3062 περιέργως
550 3022 678 3063 Ἰωάννῃ
693 3023 852 3064 ἱστόρηται
867 3027 912 3064 τῷ
925 3026 1041 3066 ῥήτορι.
1054 3028 1138 3063 Φησὶ

95 3068 122 3099 δ’
139 3067 193 3099 οὖν
216 3070 257 3104 ὡς
271 3068 357 3109 χίλια
379 3070 509 3108 χρυσίου
533 3069 669 3100 τάλαντα
693 3071 767 3111 πρὸς
784 3075 839 3102 τοῦ
859 3072 1010 3112 βασίλεως
1028 3073 1063 3104 ἐκ
1077 3077 1138 3104 τῶν

93 3109 194 3150 φόρων
210 3110 316 3150 ἀφείθη
330 3113 366 3150 τῇ
385 3111 490 3149 πόλει,
505 3112 556 3141 καὶ
570 3114 632 3147 τοῖς
646 3112 678 3142 δὲ
691 3112 828 3148 πολίταις
845 3116 905 3143 τών
921 3114 1137 3154 ἠφανισμένων

93 3159 139 3196 τῷ
152 3156 241 3187 πάθει
260 3157 299 3188 τὰ
323 3157 410 3194 τέλη·
436 3157 681 3198 ἐπιμελήσασθαι
706 3159 739 3190 δὲ
754 3160 872 3190 τούτων
898 3162 1069 3200 (τοῦτονὲ)
1085 3163 1137 3192 καὶ

94 3206 157 3234 τῶν
182 3203 341 3244 δημοσίων
366 3205 566 3244 οἰκοδομιῶν.
585 3205 698 3236 Paucis
723 3206 809 3237 hunc
832 3207 1010 3239 Antiochiae
1029 3217 1137 3239 casum

95 3251 276 3282 memorant
301 3250 512 3291 Theophanes
533 3261 563 3291 p.
589 3256 663 3291 170,
686 3256 740 3292 19,
765 3256 797 3285 et
820 3255 936 3285 Malala
959 3264 989 3294 p.
1015 3258 1096 3293 309,
1121 3260 1138 3286 5

97 3296 199 3328 Bonn.
219 3297 266 3328 Cf.
297 3297 393 3328 etiam
411 3299 588 3340 Marcellin.
608 3300 743 3339 Chron.‚
765 3301 904 3332 Patricio
922 3302 954 3332 et
980 3301 1138 3333 Ricimere

95 3350 178 3374 coss.
206 3351 214 3373 :
240 3345 339 3376 Isaac
364 3345 581 3378 Antioc-leenae
610 3348 771 3379 Ecclesiae
791 3349 973 3389 presbyter
999 3350 1137 3389 scripsit

96 3390 180 3426 syro
195 3398 348 3422 sermone
366 3391 481 3423 multa
490 3400 499 3428 ,·
515 3395 756 3434 proecipueque
771 3395 939 3426 adversus
959 3396 1136 3429 Nestoriu-

99 3444 157 3466 νιος
183 3437 216 3468 et
243 3437 486 3477 Eutychianos.
518 3441 670 3471 Ruinam
692 3443 797 3472 eliam
830 3441 1015 3474 Antiochiae
1046 3442 1137 3482 eteqo

1195 325 1289 360 tium
1312 325 1492 360 narrandi
1511 327 1698 374 posuerit,
1721 339 1838 374 porro
1859 342 1948 364 num
1976 332 2092 366 civilis
2119 331 2230 368 suerit

1195 384 1367 428 historia,
1391 396 1437 419 an
1461 385 1711 420 ecclesiastica
1729 386 1838 421 sicuti
1855 387 1918 423 illa
1933 389 2119 425 Zachariae
2143 391 2228 427 rhe-

1194 443 1304 487 toris,
1330 454 1405 489 qua
1432 443 1521 478 item
1545 444 1728 490 Euagrius
1750 456 1837 479 usus
1859 453 1933 489 est,
1963 459 2041 481 non
2072 456 2229 484 constat.

1247 502 1331 536 Jam
1343 500 1448 548 quod
1459 501 1645 537 Chronica
1655 503 1781 537 Nostri
1796 504 1942 547 attinet,
1963 506 2085 552 prima
2099 518 2231 542 eorum

1191 572 1277 607 pars
1291 560 1398 607 parvi
1417 566 1471 595 est
1486 561 1693 604 momenti,
1708 560 1880 608 nihilque
1899 562 2025 598 differt
2041 576 2062 598 a
2076 565 2208 600 Malaia
2219 591 2229 609 ‚

1193 617 1378 664 Cedreno,
1390 617 1524 666 Glyca,
1538 618 1733 662 similibus,
1745 620 1811 666 qui
1821 620 1924 656 haud
1932 633 2054 669 pauca
2065 634 2084 658 e
2093 623 2231 658 Nostro

1193 722 1348 752 carmine
1371 720 1536 761 planxit,
1566 721 1857 762 quemadmodum
1888 722 2029 762 Ephron
2064 726 2235 757 Diaconos

1193 767 1403 800 Nicomediae
1420 769 1571 809 tapsum.
1586 770 1769 801 Anteriores
1781 771 1875 801 terrae
1888 772 1995 802 motus
2009 771 2151 812 quinque
2164 781 2235 812 per-

1191 814 1296 847 tinent
1311 815 1351 846 ad
1365 824 1417 847 an.
1441 818 1496 847 148
1519 825 1547 848 a.
1565 818 1622 854 c.‚
1647 820 1696 849 37.
1717 821 1766 849 50.
1789 821 1858 849 115.
1879 819 1934 848 341
1954 826 1983 857 p.
2003 819 2040 849 G.
2058 820 2172 851 Noster
2188 821 2236 851 in-

1193 861 1270 893 cidit
1282 862 1314 893 in
1328 871 1381 894 an.
1399 865 1457 895 457
1485 863 1536 895 vel
1553 866 1625 896 458.
1645 865 1758 895 Denuo
1773 865 1923 904 quassata
1939 864 2015 896 urbs
2027 866 2075 896 est
2090 874 2142 897 an.
2163 871 2233 899 526.

1194 912 1264 941 528.
1283 911 1353 941 587.
1371 914 1442 942 588.
1463 909 1544 941 Vide
1558 912 1597 942 Ο.
1614 910 1738 942 Miiller.
1761 911 1876 942 Klein.
1891 910 2065 950 Schriften
2080 913 2110 950 l,
2127 921 2159 952 p.
2182 916 2236 945 93.

1192 958 1224 988 et
1246 957 1339 997 plura
1358 957 1390 988 in
1411 957 1554 997 ejusdem
1570 957 1742 989 dissertatt.
1766 960 1812 989 De
1828 958 2103 999 antiquitatibus
2121 962 2236 992 Antio-

1193 1003 1325 1039 chem's,
1348 1012 1427 1043 quas
1444 1004 1599 1044 inspicere
1612 1004 1690 1035 mihi
1706 1013 1770 1036 non
1784 1003 1910 1036 licebat.

1234 1049 1321 1081 Idem
1337 1052 1378 1081 lll
1391 1073 1399 1088 ,
1420 1054 1455 1081 10
1472 1060 1479 1081 :
1495 1050 1581 1081 Μετὰ
1597 1053 1671 1090 γοῦν
1692 1051 1807 1090 Πέτρον
1825 1050 1974 1090 Στέφανος
1987 1051 2040 1082 τὸν
2053 1051 2237 1093 Ἀντιοχείας

1194 1097 1297 1138 θρόνον
1313 1097 1564 1137 παραλαμβάνει·
1580 1097 1614 1128 ὃν
1628 1098 1734 1133 παῖδες
1751 1097 1926 1137 Ἀντιοχέων
1942 1098 2092 1138 καλάμοις
2115 1099 2238 1140 διεχρή-

1197 1155 1291 1176 σαντο
1306 1144 1362 1176 ’ίσα
1385 1145 1509 1185 δόρασιν
1533 1145 1714 1184 ὀξυνθεῖσιν,
1739 1147 1779 1181 ὡς
1805 1143 1932 1185 Ἰωάννῃ
1955 1148 2000 1186 τῷ
2014 1146 2116 1187 ῥήτορι
2131 1147 2238 1187 γέγρα-

1194 1203 1277 1223 πται.
1294 1193 1333 1222 V.
1353 1192 1466 1222 Malala
1483 1200 1512 1231 p.
1527 1195 1587 1223 380
1601 1201 1648 1231 sq.

1235 1237 1324 1269 ldem
1342 1239 1405 1275 ΙΙΙ,
1427 1242 1464 1269 28
1484 1247 1491 1268 z
1511 1238 1587 1269 Ὑπὸ
1604 1241 1667 1273 τοῖς
1683 1237 1801 1279 χρόνοις
1815 1239 1953 1276 Ζήνωνος
1967 1240 2084 1279 ἱστορεῖ
2096 1238 2238 1277 Ἰωάννης

1194 1285 1211 1316 ὁ
1227 1285 1327 1326 ῥήτωρ
1340 1285 1528 1325 Μαμμιανὸν
1545 1285 1574 1319 ἐξ
1593 1285 1769 1326 ἐπιδιφρίων
1793 1286 1945 1326 ἐπίσημον
1968 1286 2062 1326 ἄνδρα
2076 1287 2236 1326 γενέσθαι,

1193 1334 1246 1364 καὶ
1261 1336 1314 1370 τῆς
1327 1332 1503 1372 συγκλήτου
1518 1333 1628 1373 βουλῆς
1645 1336 1811 1374 μετασχεῖν
1821 1358 1829 1371 ,
1844 1335 1896 1364 καὶ
1911 1334 1941 1364 ἐν
1962 1333 2066 1372 Δάφνῃ
2084 1337 2129 1374 τῷ
2142 1345 2237 1374 προα-

1195 1379 1289 1419 στείῳ
1317 1379 1369 1410 τὸν
1397 1379 1586 1419 καλούμενον
1610 1379 1782 1420 Ἀντίφορον
1814 1381 2102 1420 οἰκοδομήσασθαι,
2128 1381 2238 1421 πρώην

1195 1426 1341 1467 ἀμπέλοις
1355 1426 1534 1466 δεδεγμένον
1550 1427 1602 1457 καὶ
1616 1427 1691 1467 πρὸς
1704 1427 1855 1468 γεωργίαν
1869 1427 2038 1464 ἐπιτήδειον
2053 1427 2165 1468 χωρίον
2178 1439 2238 1459 κα·

1194 1477 1353 1510 τεστῶτα,
1381 1473 1451 1504 εὐθὺ
1475 1476 1530 1504 τοῦ
1556 1473 1708 1513 δημοσίου
1726 1474 1894 1514 βαλανείου
1907 1483 1915 1491 ·
1936 1474 1972 1506 οὗ
2002 1475 2239 1515 Μαμμιανὸς

1195 1521 1212 1551 ὁ
1228 1520 1432 1559 φιλόπολις
1446 1544 1455 1558 ,
1472 1521 1492 1556 ἡ
1515 1520 1616 1560 χαλκῆ
1638 1519 1796 1551 ἀνάκειται
1821 1521 1926 1553 εἰκών.
1941 1521 2008 1552 Ἀνὰ
2032 1522 2063 1552 δὲ
2079 1522 2134 1559 τήν
2150 1521 2238 1552 πόλιν

1195 1568 1249 1598 δύο
1267 1566 1442 1607 βασιλείους
1460 1566 1649 1607 ἐργάσασθαι
1667 1566 1781 1605 στοὰς,
1804 1571 1842 1608 τῇ
1865 1578 1898 1599 τε
1923 1567 2087 1608 οἰκοδομία
2103 1568 2170 1599 λίαν
2186 1568 2238 1599 εὐ-

1196 1617 1318 1656 πρεπεῖς
1332 1614 1385 1645 καὶ
1408 1615 1474 1648 ταῖς
1491 1613 1526 1644 ἐκ
1551 1613 1643 1644 λίθων
1662 1614 1867 1654 περιφανείαις
1883 1625 1917 1645 τε
1932 1615 1984 1645 καὶ
1999 1614 2165 1655 διαυγείαις
2187 1626 2239 1646 κε·

1196 1661 1409 1701 κοσμημένας.
1427 1660 1548 1701 ’Ὠσπερ
1565 1660 1598 1690 δέ
1613 1671 1641 1690 τι
1660 1659 1800 1700 μεθόριον
1818 1661 1911 1701 μέσον
1926 1665 1986 1692 τῶν
2003 1662 2057 1692 δύο
2074 1661 2240 1702 βασιλείων

1195 1712 1296 1740 στοῶν
1310 1707 1494 1748 τετράπυλον
1509 1706 1681 1744 ἀναστῆσαι
1693 1731 1702 1746 ,
1716 1707 1800 1738 κίοσί
1821 1718 1854 1738 τε
1877 1708 1928 1739 καὶ
1942 1711 1979 1748 τῇ
2003 1709 2038 1739 ἐκ
2051 1709 2170 1749 χαλκοῦ
2182 1709 2240 1749 ὕλῃ

1197 1756 1280 1797 μάλα
1303 1756 1433 1796 κομψῶς
1450 1755 1638 1794 ἠσκημένον.
1670 1754 1730 1785 Καὶ
1750 1754 1804 1790 τὰς
1830 1755 1884 1795 μὲν
1903 1755 2077 1795 βασιλείους
2094 1756 2239 1794 κατειλή-

1195 1814 1292 1844 φαμεν
1315 1803 1427 1841 στοὰς,
1447 1801 1523 1842 μετὰ
1538 1805 1591 1839 τῆς
1611 1801 1820 1842 προσηγορίας
1841 1801 1884 1833 ἔτι
1911 1802 2041 1843 λείψανα
2057 1806 2110 1840 τῆς
2131 1804 2238 1844 πρώην

1196 1849 1363 1889 εὐκοσμίας
1381 1848 1548 1888 φερούσας,
1564 1850 1626 1878 τῶν
1651 1848 1687 1878 ἐκ
1707 1849 1926 1888 Προκοννήσου
1954 1850 2046 1881 λίθων
2071 1852 2116 1890 τῷ
2139 1849 2239 1890 ἐδάφει

1196 1897 1424 1936 συγκειμένων,
1448 1896 1483 1925 οὐ
1502 1896 1560 1934 μὴν
1577 1895 1631 1931 την
1648 1895 1828 1935 οἰκοδομίαν
1845 1896 1980 1936 ἔχουσάν
2001 1909 2029 1928 τι
2049 1901 2110 1928 τῶν
2133 1898 2240 1935 ἐπισή-

1198 1955 1275 1984 μων.
1291 1943 1349 1974 Ἐκ
1362 1945 1424 1973 τῶν
1438 1942 1650 1981 γεγενημένων
1665 1941 1723 1981 γὰρ
1739 1942 1930 1982 παθημάτων
1944 1943 2072 1984 ἔναγχος
2085 1944 2140 1980 τήν
2158 1945 2240 1976 οἰκο·

1195 1990 1305 2031 δομίαν
1330 1990 1487 2026 ἐδέξαντο,
1513 1989 1633 2024 οὐδενὸς
1658 1988 1687 2024 ἐς
1719 1989 1838 2029 κόσμον
1860 1990 1985 2026 ταύταις
2010 1990 2238 2031 προστεθέντος.

1197 2039 1260 2069 Τοῦ
1271 2037 1303 2067 δὲ
1313 2034 1501 2075 τετραπύλου
1512 2037 1567 2066 τοῦ
1580 2035 1640 2066 ὑπὸ
1654 2036 1844 2075 Μαμμιανοῦ
1855 2037 2059 2077 γεγενημένου
2070 2037 2138 2068 οὐδὲ
2151 2038 2240 2078 ψιλὸν

1194 2084 1279 2126 ἴχνος
1292 2082 1529 2121 κατειλήφαμεν.

1240 2130 1327 2161 ldem
1343 2131 1407 2168 lv,
1427 2133 1443 2160 5
1461 2141 1468 2159 ε
1486 2128 1562 2159 Ὑπὸ
1586 2131 1648 2163 τοῖς
1664 2127 1767 2164 αὐτοῖς
1790 2129 1960 2160 Ἰουστίνου
1982 2130 2102 2170 χρόνοις
2123 2131 2240 2171 ἐμπρη-

1197 2176 1270 2216 σμοί
1281 2186 1313 2206 τε
1325 2175 1433 2215 συχνοὶ
1446 2175 1497 2205 καὶ
1513 2175 1603 2205 δεινοὶ
1614 2175 1695 2205 κατὰ
1705 2177 1759 2213 τήν
1773 2175 1928 2216 Ἀντιόχου
1939 2176 2102 2216 γεγόνασιν
2111 2200 2122 2216 ,
2133 2177 2240 2217 ὥσπερ

1196 2223 1360 2262 ἡγούμενοι
1374 2225 1435 2252 τῶν
1449 2222 1657 2261 γεγενημένων
1670 2222 1701 2253 ἐν
1712 2223 1790 2263 αὐτῇ
1805 2222 2026 2264 φοῧερώτάτων
2036 2223 2153 2255 κλόνων
2163 2247 2172 2263 ,
2187 2225 2240 2254 καὶ

1196 2270 1356 2310 προοίμιον
1383 2271 1446 2303 τοῖς
1472 2269 1636 2305 παθήμασι
1664 2269 1883 2309 παρεχόμενοι.
1918 2270 2004 2301 Μετὰ
2033 2270 2092 2310 γὰρ
2122 2269 2239 2310 βραχύν

1195 2328 1264 2348 τινα
1282 2316 1407 2356 καιρὸν,
1429 2315 1459 2346 ἐν
1479 2318 1524 2355 τῷ
1543 2315 1668 2355 ἑῧδόμῳ
1694 2315 1753 2346 ἔτει
1779 2319 1831 2353 τῆς
1860 2316 1955 2347 αὐτοῦ
1982 2316 2139 2356 βασιλείας
2169 2317 2239 2356 μηνὶ

1198 2364 1337 2404 δεκάτῳ,
1359 2363 1419 2394 ἀνὰ
1437 2363 1489 2394 τὸν
1509 2362 1698 2403 Ἀρτεμίσιον
1721 2366 1803 2403 μῆνα
1821 2364 1889 2401 ἦτοι
1917 2364 2034 2402 Μάῐον,
2054 2364 2161 2403 ἐννάτῃ
2187 2365 2239 2394 καὶ

1196 2413 1323 2452 εἰκοστῇ
1346 2410 1440 2441 αὐτοῦ
1459 2410 1577 2451 ἡμέρᾳ,
1598 2410 1665 2440 κατ’
1688 2410 1763 2442 αὐτὸ
1781 2414 1835 2447 τῆς
1861 2411 2052 2451 μεσημὸρίας
2071 2412 2107 2442 τὸ
2133 2411 2241 2442 σταθε-

1197 2460 1350 2499 ρώτατον,
1369 2461 1421 2495 τῆς
1441 2458 1531 2494 ἕκτης
1550 2457 1665 2497 ἡμέρας
1684 2461 1737 2495 τῆς
1755 2458 1946 2498 καλουμένης
1964 2458 2149 2498 ἑὸδομάδος,
2169 2459 2240 2498 βρα-

1197 2506 1275 2546 σμὸς
1293 2506 1346 2536 καὶ
1367 2505 1494 2544 σεισμὸς
1514 2503 1688 2540 ἐπελθόντες
1706 2508 1744 2544 τῇ
1769 2505 1874 2543 πόλει,
1906 2508 2015 2546 μικροῦ
2034 2508 2139 2536 πᾶσαν
2165 2505 2240 2536 ἀνα-

1197 2553 1359 2593 τρέψαντες
1379 2551 1574 2591 κατήγαγον·
1594 2551 1639 2587 οἷς
1658 2553 1711 2582 καὶ
1733 2555 1792 2592 πῦρ
1811 2552 1915 2583 εἵπετο
1927 2575 1935 2590 ,
1957 2553 2063 2592 ὥσπερ
2082 2552 2137 2589 τὴν
2157 2563 2238 2591 συμ-

1197 2600 1291 2640 φορὰν
1306 2599 1372 2640 μετ’
1388 2599 1488 2630 αὐτῶν
1502 2598 1748 2639 διανειμάμενον.
1764 2599 1796 2630 Ἃ
1811 2599 1869 2639 γὰρ
1883 2599 1994 2630 ἐκεῖνοι
2008 2599 2044 2630 οὐ
2056 2598 2239 2636 κατέλαὸον,

1197 2648 1232 2678 τὸ
1252 2649 1312 2687 πῦρ
1331 2646 1576 2686 ἀμφινεμόμενον
1595 2645 1805 2686 ἐξηνθράκωσέ
1823 2657 1856 2676 τε
1875 2647 1927 2676 καὶ
1947 2645 2156 2685 ἀπετέφρωσε.
2179 2646 2239 2676 Καὶ

1198 2693 1259 2724 ὅσα
1278 2694 1332 2734 μὲν
1351 2696 1404 2730 τῆς
1423 2692 1542 2729 πόλεως
1561 2693 1711 2723 πέπονθεν
1723 2717 1731 2731 ,
1760 2693 1829 2723 ὅσοι
1849 2703 1881 2724 τε
1900 2696 1954 2724 τοῦ
1982 2693 2076 2733 πυρὸς
2101 2694 2153 2723 καὶ
2178 2695 2240 2723 τῶν

1198 2743 1336 2781 σεισμῶν
1355 2740 1442 2780 ἔργον
1466 2739 1649 2779 γεγόνασιν,
1679 2741 1719 2774 ὡς
1744 2740 1779 2771 τὸ
1808 2740 1890 2776 εἰκὸς
1917 2739 2063 2779 ὑπέθετο,
2087 2739 2181 2770 ὁποῖά
2207 2750 2241 2770 τε

1197 2789 1355 2828 παράδοξα
1370 2787 1421 2818 καὶ
1435 2786 1528 2826 λόγου
1541 2786 1670 2827 κρείττω
1687 2787 1863 2826 συμὸέὸηκε
1873 2811 1882 2826 ,
1896 2787 2072 2826 περιπαθῶς
2087 2786 2241 2826 ἀφήγηται

1198 2836 1323 2875 Ἰωάννῃ
1343 2838 1388 2874 τῷ
1411 2835 1532 2875 ῥήτορι,
1562 2834 1622 2864 ὦδε
1651 2837 1700 2871 τῆς
1718 2833 1851 2874 ἱστορίας
1871 2834 2086 2871 καταλήξαντι.
2107 2834 2243 2873 Τελευτᾷ

1197 2881 1223 2912 δ’
1246 2881 1299 2912 οὖν
1323 2880 1563 2920 ἐγκαταληφθεὶς
1582 2883 1645 2916 τοῖς
1663 2881 1813 2920 πτώμασι
1835 2881 1887 2911 καὶ
1907 2881 1924 2911 ὁ
1946 2880 2135 2920 Εὐφράσιος,
2164 2881 2240 2916 άλλη

1197 2932 1250 2966 τῆς
1274 2929 1391 2963 πόλεως
1411 2927 1568 2967 συμφορὰ,
1589 2927 1640 2957 ἵνα
1659 2928 1701 2967 μὴ
1725 2931 1787 2958 τῶν
1807 2927 1987 2964 ἐπιτηδείων
2007 2928 2024 2958 ὁ
2043 2931 2182 2967 προνοῶν
2206 2926 2238 2966 ᾖ.

1199 2989 1213 3002 «
1238 2976 1319 3007 Male
1340 2974 1494 3013 Euagrius
1513 2974 1600 3004 hunc
1620 2977 1712 3006 terrae
1738 2975 1860 3005 motum
1887 2975 1984 3006 refert
2013 2983 2097 3007 anno
2117 2973 2240 3013 imperii

1197 3025 1214 3054 J
1220 3022 1313 3053 ustini
1332 3021 1466 3061 septimo
1479 3044 1487 3058 ,
1509 3029 1609 3060 quum
1630 3022 1782 3052 octavum
1802 3021 1908 3061 potius
1932 3021 2038 3052 dicere
2066 3021 2236 3052 debuisset.

1199 3071 1254 3101 llic
1274 3068 1358 3100 enim
1379 3069 1474 3098 terrae
1493 3068 1601 3098 motus
1620 3067 1752 3106 contigit
1771 3066 1944 3098 indictione
1963 3069 1979 3098 4
1993 3090 2001 3104 ,
2022 3067 2154 3107 Olybrio
2172 3065 2241 3097 solo

1198 3124 1305 3152 cons.‚
1326 3116 1362 3145 ut
1381 3114 1519 3145 testatur
1539 3113 1744 3145 Marcellinus
1770 3115 1884 3145 Comes
1912 3115 1944 3144 et
1971 3113 2179 3152 Theophanes
2207 3112 2240 3142 in

1198 3161 1356 3193 Chronico
1378 3160 1429 3199 (p.
1453 3164 1512 3191 265
1533 3159 1582 3191 ed.
1603 3160 1742 3200 Bonn.);
1763 3160 1817 3200 qui
1839 3160 1898 3191 fnit
1914 3169 2016 3191 annus
2030 3159 2147 3191 Christi
2166 3162 2236 3190 526.

1198 3210 1270 3245 Quo
1298 3207 1427 3247 quidem
1456 3214 1540 3237 anno
1567 3208 1702 3238 octavus
1721 3206 1864 3246 ejusdem
1882 3206 2004 3246 imperii
2033 3205 2073 3236 ad
2098 3212 2238 3235 mensem

1198 3263 1299 3294 usque
1326 3254 1448 3284 Julium
1477 3253 1638 3285 currebat.
1669 3267 1683 3281 »ι
1723 3254 1887 3286 Valesius.
1916 3271 1957 3276 —
1985 3254 2133 3284 Ceterum
2165 3259 2238 3281 cum

1199 3300 1334 3340 Euagrio
1353 3300 1402 3331 vel
1421 3300 1525 3340 potius
1544 3302 1666 3332 Joanne
1685 3301 1760 3332 facit
1779 3301 1875 3332 etiam
1895 3299 2007 3331 Malala
2034 3307 2064 3338 p.
2084 3300 2162 3335 419,
2180 3296 2234 3335 qui

1198 3349 1229 3379 in
1243 3348 1349 3387 ampla
1363 3347 1458 3386 hujus
1470 3347 1633 3379 infortunii
1647 3347 1855 3387 descriptione
1867 3371 1875 3386 ‚
1890 3345 2039 3377 accidisse
2054 3352 2119 3375 rem
2136 3342 2213 3374 dicit
2226 3354 2237 3395 ,³

1198 3397 1242 3434 τῷ
1260 3393 1382 3435 ἑὸδόμῳ
1399 3394 1458 3424 ἔτει
1475 3397 1528 3431 τῆς
1545 3395 1639 3425 αὐτοῦ
1657 3396 1667 3434 (
1681 3394 1869 3433 Ἰουστίνου)
1887 3391 2042 3433 βασιλείας
2055 3413 2101 3430 ,...
2117 3390 2146 3420 ἐν
2165 3398 2237 3428 μηνε

1199 3442 1309 3483 Μαΐῳ,
1327 3442 1474 3482 ὑπατείας
1493 3442 1668 3483 Ὀλυὸρίου.
