2372 3704
858 173 1090 214 DOSIADIS
1119 172 1451 212 FRAGMENTA.
1506 159 1522 178 ⁸

90 262 249 303 'cosmon
276 265 443 313 Topogr.
467 262 606 300 Christ.
630 263 724 308 XII,
739 274 780 310 p.
814 261 888 304 342
903 287 914 307 ,
939 263 1128 298 Zonaram

89 338 130 374 p.
154 323 219 362 85.
237 343 289 352 -
303 324 419 360 Dium
441 321 631 370 quendam
647 320 918 369 philosophum
935 319 1128 369 Pythago-

89 394 196 419 reum
216 381 348 418 laudat
368 380 538 419 Stobaeus
555 379 687 417 Floril.
709 379 824 425 LXV,
845 377 905 417 16.
925 390 984 424 17.

532 510 704 524 .-.θ.-

425 626 795 685 DOSIADES.

146 764 351 803 Dosiadem
362 763 557 801 Diodorus
570 764 668 798 inter
687 774 752 798 eos
767 769 972 806 memorat,
989 773 1034 797 ex
1051 762 1135 809 qui-

93 826 165 861 bus
184 836 289 860 suam
300 823 346 859 de
359 822 495 858 fabulis
510 829 546 857 et
558 821 724 857 historiis
738 821 892 857 Creticis
911 820 1138 868 farraginem

96 883 298 920 corraserit
315 881 370 930 (V.
385 881 430 918 fr.
451 879 512 929 6).
529 881 716 917 Sosicrate
731 886 768 915 et
780 879 1032 915 Laosthenide
1047 879 1137 914 anti-

97 942 210 989 quior
228 940 340 975 fuisse
366 938 530 976 videtur.
553 940 586 974 A
602 937 792 976 Clemente
813 937 880 986 (fr.
902 935 947 985 5)
965 937 1140 972 nomina-

99 1006 161 1035 tur
186 996 346 1039 Δωσίδας
369 996 442 1047 (cf.
463 997 600 1034 Zonar.
628 998 720 1033 Lex.
749 1009 790 1044 p.
816 994 888 1041 587
923 1008 931 1030 :
957 994 1140 1039 Δωσιάδης

97 1055 158 1094 καὶ
179 1054 354 1101 Δωσίὸας,
381 1053 536 1103 ὀνόματα
556 1052 700 1106 κύρια).
731 1055 836 1090 Alius
856 1061 911 1090 est
935 1054 1139 1099 Dosiades‚

96 1123 214 1165 poeta
231 1114 428 1159 Rhodius,
449 1113 556 1160 cujus
574 1114 650 1149 duo
676 1120 855 1162 poemata
869 1112 1052 1148 habemus
1069 1125 1142 1148 arae

99 1175 258 1210 formam
275 1173 539 1222 exprimentia.
562 1174 606 1209 V.
636 1172 841 1220 Antholog.
865 1171 944 1209 Pal.
974 1160 1061 1216 XV,
1092 1168 1140 1206 25

100 1240 137 1269 et
161 1233 231 1278 263
263 1233 421 1270 Lucian
445 1231 599 1278 Lexiph.
619 1243 654 1266 c.
684 1227 746 1275 25,
763 1243 802 1278 p.
825 1229 900 1278 369
929 1229 995 1267 eds
1009 1229 1141 1267 Didot.

99 1291 261 1328 Bekker.
280 1290 422 1328 Anecd.
439 1302 478 1338 p.
496 1288 586 1335 735,
610 1302 625 1324 1
636 1317 644 1325 .
661 1289 843 1323 Dosiades
859 1300 999 1323 nomen
1011 1300 1142 1324 secun-

101 1348 192 1383 dum
221 1349 423 1384 nonnullos
460 1347 531 1382 fuit
562 1347 663 1396 patri
695 1346 927 1395 Epimenidis
960 1347 1144 1383 Cretensis

106 1407 165 1455 (v.
187 1407 300 1455 Diog.
320 1407 365 1442 L.
383 1406 422 1451 Ι,
445 1402 558 1455 109).

498 1517 741 1556 KPHTIKA.

401 1630 431 1664 E
458 1628 606 1665 LIBRo
634 1628 850 1675 QUARTO.

611 1739 645 1765 1.

157 1817 354 1854 Athenaeus
370 1816 432 1860 IV,
450 1827 489 1862 p.
513 1813 606 1860 143,
625 1815 657 1850 A
680 1826 689 1849 :
711 1811 801 1864 Περὶ
817 1811 853 1850 δὲ
871 1814 939 1850 τῶν
962 1815 1146 1866 Κρητικῶν

107 1874 290 1912 συσσιτίων
308 1871 490 1914 Δωσιάδας
506 1872 652 1923 ἱστορῶν
674 1872 708 1908 ἐν
733 1874 775 1922 τῇ
793 1871 941 1923 τετάρτῃ
961 1874 1029 1910 τῶν
1050 1873 1148 1923 Κρη-

107 1935 223 1978 τικῶν,
240 1931 366 1984 γράφει
394 1929 502 1973 οὕτως
517 1945 525 1953 ·
548 1948 564 1963 «ι
585 1931 631 1968 Οἱ
656 1929 692 1967 δὲ
713 1928 856 1968 Λύκτιοι
877 1929 1062 1980 συνάγουσι
1086 1929 1148 1980 μὲν

107 1990 151 2028 τὰ
164 1989 262 2028 κοινὰ
277 1988 435 2027 συσσίτια
450 1987 572 2031 οὕτως.
590 1986 769 2031 Ἕκαστος
783 1990 851 2025 τῶν
864 1987 1052 2038 γινομένων
1068 2004 1151 2039 καρ·

108 2052 182 2087 πῶν
203 2047 364 2101 ἀναφέρει
382 2047 444 2093 τὴν
459 2045 605 2093 δεκάτην
623 2047 671 2089 εἰς
686 2045 748 2092 τὴν
764 2046 916 2098 ἑταιρίαν
936 2046 995 2084 καὶ
1011 2045 1072 2090 τὰς
1090 2050 1151 2093 τῆς

109 2107 240 2150 πόλεως
259 2105 466 2157 προσόδους,
489 2104 528 2148 ἃς
546 2103 765 2154 διανέμουσιν
778 2105 809 2141 οἱ
828 2104 1078 2156 προεστηκότες
1092 2108 1152 2151 τῆς

109 2166 242 2209 πόλεως
259 2167 306 2208 εἷς
325 2163 403 2208 τοὺς
423 2163 578 2201 ἑκάστων
607 2162 733 2206 οἴκους.
755 2164 834 2201 Τῶν
857 2162 892 2200 δὲ
913 2163 1042 2201 δούλων
1070 2163 1151 2201 ἔκα·

111 2239 190 2268 στος
211 2223 389 2274 Αἰγιναῖον
410 2221 505 2274 φέρει
524 2224 680 2273 στατῆρα
699 2221 791 2259 κατὰ
811 2220 979 2273 κεφαλήν.
997 2221 1151 2274 Διῄρην-

515 2356 743 2396 CRETICA.

153 2466 200 2497 De
212 2463 410 2497 Cretensium
424 2463 554 2504 syssitiis
575 2462 627 2503 (id
650 2464 718 2503 est,
731 2463 886 2496 conviviis
904 2464 1062 2505 publicis)
1091 2466 1152 2497 Do-

113 2516 215 2548 siadas
229 2517 344 2556 quarto
357 2515 438 2547 libro
451 2517 569 2547 Rerum
584 2515 782 2547 Creticarum
794 2516 864 2548 haec
877 2517 987 2548 scribit
1003 2530 1010 2549 ε
1024 2529 1041 2545 «ι
1053 2517 1154 2558 Lyctii

113 2576 190 2599 vero
205 2567 350 2599 convivia
365 2566 493 2607 publica
508 2567 542 2598 in
559 2566 646 2598 hunc
661 2566 792 2599 modum
818 2568 992 2600 celebrant.
1016 2569 1157 2607 Quilibet

115 2629 155 2652 ex
175 2619 330 2652 fructibus
353 2619 546 2660 praediorum
575 2619 732 2651 decimam
754 2622 876 2661 partem
899 2621 932 2653 in
956 2621 1157 2654 sodalitatem

116 2672 256 2710 confert,
273 2672 466 2711 insuperque
489 2679 581 2702 suam
601 2671 724 2712 partem
749 2671 908 2704 redituum
933 2673 1157 2714 publicorum,

117 2723 174 2763 qui
187 2731 205 2754 a
221 2722 378 2763 praesectis
393 2722 532 2754 civitatis
547 2723 580 2754 in
595 2722 733 2763 singulas
751 2723 886 2755 familias
904 2724 1135 2765 dispertiuntur
1150 2739 1157 2757 z

116 2774 199 2806 servi
213 2782 287 2805 vero
311 2774 343 2805 in
365 2773 488 2814 singula
503 2773 608 2814 capita
623 2775 774 2806 staterem
790 2775 989 2815 AEginensem
1003 2776 1157 2816 pendunt.

118 2826 284 2858 Distributi
302 2827 411 2858 autem
438 2826 515 2858 sunt
539 2826 623 2858 cives
638 2835 750 2858 omnes
773 2835 829 2867 per
853 2827 1053 2867 sodalitates,
1081 2838 1161 2869 quas

118 2878 239 2918 ἀνδρεῖα
252 2877 296 2909 illi
307 2879 432 2909 vocant.
448 2879 568 2924 Curam
582 2878 759 2910 communis
772 2879 909 2910 convivii
924 2879 1019 2911 habet
1031 2881 1160 2921 mulier,

119 2930 296 2971 adsumptis
316 2930 420 2962 tribus
450 2932 507 2962 aut
533 2931 685 2970 quattuor
700 2939 718 2962 e
742 2931 966 2972 popularibus,
989 2933 1043 2972 qui
1065 2933 1160 2964 mini-

119 2982 245 3013 strant:
261 2990 400 3022 quorum
415 2981 555 3020 singulos
577 2982 756 3021 sequuntur
780 2981 845 3013 duo
859 2983 989 3021 famuli,
1006 2984 1091 3023 ligna
1109 2992 1162 3023 ge-

121 3033 257 3071 stantes,
275 3041 362 3073 uuos
376 3032 564 3073 καλοφόρους
582 3034 709 3064 vocant.
733 3034 815 3065 Sunt
838 3035 946 3065 autem
971 3034 1074 3066 ubivis
1096 3036 1165 3066 tota

120 3084 213 3115 creta
231 3083 303 3115 duae
313 3083 427 3115 domus
440 3083 573 3123 publicis
585 3083 806 3115 sodalitatibus
821 3084 988 3116 destinatae
1007 3097 1014 3116 :
1028 3093 1165 3124 quarum

121 3137 254 3169 alteram
267 3136 403 3177 ἀνδρεῖον
417 3136 595 3175 (virorum
617 3137 852 3177 coenaculum)
866 3140 1001 3176 vocant3
1028 3138 1162 3169 alteram

122 3197 220 3228 vero,
243 3189 276 3219 in
297 3197 362 3228 quo
384 3188 503 3220 cubant
526 3188 664 3229 hospites
688 3189 863 3229 peregrini,
891 3190 1094 3230 κοιμητήριον
1111 3189 1164 3229 (id

123 3241 188 3279 est,
215 3239 452 3280 cubitorium)
482 3240 652 3280 appellant.
686 3241 724 3271 ln
753 3248 790 3272 ea
813 3240 910 3271 domo
938 3249 1011 3280 quae
1040 3240 1165 3280 proprie

123 3291 276 3323 conviviis
296 3291 430 3332 publicis
442 3292 598 3324 destinata
619 3295 687 3333 est,
704 3293 777 3325 duae
804 3293 915 3333 positoe
931 3294 1005 3325 sunt
1029 3301 1165 3331 mensae,

125 3343 310 3384 hospitales
339 3343 453 3384 diotre,
485 3345 602 3385 quibus
629 3345 767 3378 assident
783 3344 922 3386 hospites
940 3345 995 3385 qui
1017 3345 1132 3376 adsunt
1156 3357 1163 3376 2

2148 183 2223 218 399

1188 272 1245 294 ται
1259 256 1287 294 δ’
1301 258 1331 294 οἱ
1344 257 1483 294 πολῖται
1495 255 1620 300 πάντες
1631 257 1707 295 καθ’
1720 257 1897 330 ἑταιρίας,
1891 260 2036 298 καλοῦσι
2047 260 2081 298 δὲ
2095 260 2222 305 ταύτας

1190 315 1306 367 ἆνδρε“
1295 330 1344 355 ια.
1372 314 1447 361 Τήν
1467 314 1496 352 τ’
1522 314 1761 364 ἐπιμέλειαν”
1743 331 1817 367 εχει
1837 319 1897 354 τοῦ
1917 320 2092 357 συσσιτίου
2111 319 2222 393 γυνὴ,

1194 373 1283 423 τρεῖς
1298 371 1320 418 ἢ
1334 371 1499 424 τέτταρας
1511 373 1579 410 τῶν
1594 372 1789 422 δημοτικῶν
1804 376 2056 426 προσειληφυῖα
2070 377 2155 429 πρὸς
2170 376 2232 421 τὰς

1193 429 1398 482 ὑπηρεσίας.
1424 428 1588 482 Ἑκάστῳ
1608 430 1636 467 δ’
1663 431 1774 468 αὐτῶν
1794 432 2019 470 ἀκολουθοῦσι
2049 433 2107 472 δύο
2127 434 2232 486 θερά-

1194 502 1317 531 ποντες
1336 486 1532 540 ξυλοφόροι·
1550 488 1696 525 καλοῦσι
1714 488 1743 524 δ’
1764 487 1888 531 αὐτοὺς
1906 490 2128 542 καλοφόρους.
2151 492 2232 532 Εἰσὶ

1194 545 1230 582 δὲ
1246 548 1426 597 πανταχοῦ
1441 543 1531 583 κατὰ
1542 544 1605 591 τὴν
1622 544 1764 596 Κρήτην
1775 539 1862 584 οἶκοι
1874 545 1932 584 δυο
1946 553 2020 591 ταῖς
2033 550 2235 598 συσσιτίαις,

1195 606 1241 641 ὼν
1255 602 1313 641 τὸν
1331 603 1394 654 μὲν
1415 604 1580 641 καλοῦσιν
1606 605 1772 656 ἀνδρεῖον,
1792 603 1849 641 τὸν
1868 604 1898 641 δ’
1921 603 2036 652 ἄλλον,
2055 607 2088 643 ἕν
2104 600 2133 658 ῳ
2159 607 2238 652 τοὺς

1197 661 1308 706 ξένους
1324 661 1538 712 κοιμίζουσι,
1557 661 1785 714 κοιμητήριον
1802 662 2111 715 προσαγορεύουσι.
2134 666 2237 704 Κατὰ

1198 719 1233 758 δὲ
1253 720 1310 758 τὸν
1333 719 1532 759 συσσιτικὸν
1559 713 1652 758 οἷκον
1672 723 1808 780 πρῶτον
1830 718 1893 771 μὲν
1912 723 2044 759 κεῖνται
2068 721 2128 760 δύο
2150 723 2237 775 τρά-

1197 793 1239 815 πε
1244 780 1319 824 ζαι,
1339 776 1467 822 ξενικαὶ
1483 777 1714 828 καλούμεναι,
1728 781 1782 822 αἷς
1784 778 2040 847 προκαθίζουσι
2053 782 2121 818 τῶν
2139 780 2239 825 ξένων

1200 836 1233 872 οἱ
1252 834 1439 887 παρόντες·
1458 834 1533 883 ἑξῆς
1549 836 1578 873 δ’
1601 835 1684 874 εἰσιν
1706 837 1742 874 αἱ
1759 838 1827 874 τῶν
1849 835 1978 874 ἄλλων.
2002 838 2240 889 Παρατίθεται

1201 892 1235 930 δὲ
1255 908 1323 931 των
1343 892 1523 944 παρόντων
1541 892 1615 932 ἴσον
1632 893 1733 947 μέρος
1749 893 1910 947 ἑκάστῳ·
1926 896 1996 938 τοῖς
2013 893 2048 933 δὲ
2065 895 2240 948 νεωτέροις

1200 950 1311 999 ἥμισυ
1331 949 1463 988 δίδοται
1481 950 1609 1003 κρέως,
1631 954 1698 989 τῶν
1720 953 1749 989 δ’
1772 951 1887 989 ἄλλων
1908 951 2041 996 οὐδενὸς
2061 952 2241 995 ἅπτονται.

1203 1001 1293 1047 Elaea
1310 1007 1473 1061 ποτήριον
1488 1010 1522 1046 ἐν
1542 1008 1670 1061 ἑκάστῃ
1690 1008 1842 1061 τραπέζῃ
1866 1008 2095 1062 παρατίθεται
2115 1026 2242 1063 κεκρα-

1203 1066 1304 1118 μένον
1321 1068 1484 1118 ὑδαροῦς·
1498 1070 1599 1105 τοῦτο
1612 1070 1708 1120 κοινῇ
1726 1068 1852 1111 πάντες
1865 1067 2021 1107 πίνουσιν
2031 1071 2062 1107 οἳ
2076 1069 2166 1108 κατὰ
2180 1070 2243 1118 τὴν

1202 1124 1317 1171 κοινὴν
1345 1124 1538 1178 τράπεζαν·
1565 1125 1624 1163 καὶ
1647 1125 1871 1172 δειπνήσασιν
1893 1125 1979 1164 ἄλλο
1998 1127 2240 1178 παρατίθεται.

1204 1185 1287 1227 Τοῖς
1307 1182 1343 1221 δὲ
1374 1183 1476 1221 παισὶ
1496 1183 1606 1228 κοινὸς
1633 1183 1801 1236 κέκραται
1820 1183 1967 1237 κρατήρ.
1989 1186 2074 1229 Τοῖς
2092 1185 2128 1223 δὲ
2154 1201 2246 1239 πρε-

1205 1240 1397 1293 σὸυτέροις,
1413 1241 1474 1279 ἐὰν
1490 1241 1682 1294 βούλωνται
1697 1243 1816 1280 πλεῖον
1830 1248 1934 1290 πιεῖν,
1948 1241 2082 1287 ἐξουσία
2098 1244 2245 1284 δέδοται.

1206 1300 1292 1339 Ἀπὸ
1313 1299 1349 1338 δὲ
1374 1303 1435 1347 τῆς
1454 1301 1624 1353 τραπέζης
1642 1300 1687 1338 τὰ
1711 1301 1874 1352 βέλτιστα
1895 1303 1963 1339 τῶν
1978 1303 2246 1355 παρακειμένων

1205 1361 1227 1405 ἦ
1245 1360 1493 1428 προεστηκυῖα
1498 1361 1559 1405 τῆς
1572 1358 1748 1402 συσσιτίας
1763 1358 1849 1410 γυνὴ
1865 1361 2019 1411 φανερῶς
2034 1362 2244 1432 ἀφαιροῦσα,

1205 1416 1418 1468 παρατίθησι
1438 1419 1508 1460 τοῖς
1527 1417 1618 1455 κατὰ
1638 1417 1696 1455 τὸν
1715 1419 1867 1467 πόλεμον
1889 1417 1910 1464 ἢ
1928 1417 2019 1455 κατὰ
2036 1418 2170 1456 σύνεσιν
2191 1421 2246 1457 δε-

1208 1474 1438 1524 δοξασμένοις.
1462 1474 1546 1513 Ἀπὸ
1566 1474 1602 1512 δὲ
1630 1479 1691 1512 τοῦ
1714 1475 1850 1513 δείπνου
1872 1491 2008 1527 πρωτον
2027 1475 2070 1526 μὲ
2073 1492 2089 1514 ν
2109 1475 2250 1515 εἰώθασι

1209 1530 1430 1585 βουλευεσθαι
1443 1548 1523 1585 περι
1540 1535 1607 1570 τῶν
1622 1535 1756 1580 κοινῶν,
1774 1537 1849 1571 εἶτα
1869 1549 1912 1584 με
1897 1533 1958 1572 τὰ
1970 1538 2079 1572 ταῦτα
2097 1537 2250 1584 μέμνην-

1206 1606 1264 1629 ται
1285 1593 1353 1628 τῶν
1388 1590 1479 1629 κατὰ
1499 1590 1650 1640 πόλεμον
1676 1591 1834 1644 πράξεων
1854 1607 1914 1630 και
1945 1591 2022 1636 τους
2042 1593 2244 1644 γενομένους

1209 1649 1336 1703 ἄνδρας
1357 1649 1503 1700 ἀγαθοὺς
1527 1651 1724 1697 ἐπαινοῦσι,
1741 1650 2012 1703 προτρεπόμενοι
2030 1650 2108 1694 τοὺς
2126 1651 2251 1690 νεωτέ-

1210 1724 1286 1760 ρους
1305 1710 1353 1751 εἷς
1373 1707 1618 1760 ἀνδραγαθίαν.
1641 1726 1655 1742 υ
1673 1709 1731 1748 Cf.
1755 1710 1914 1747 Hoeckh.
1933 1712 2044 1748 Creta
2059 1719 2153 1749 tom.
2172 1713 2250 1756 111,

1208 1782 1249 1819 p.
1274 1766 1447 1817 Ioo'sqq.
1468 1769 1617 1805 Miiller.
1636 1770 1726 1804 Dor.
1745 1770 1808 1815 ΙΙ,
1829 1782 1868 1818 p.
1892 1769 1968 1815 276
1989 1782 2072 1818 sqq.

1713 1872 1750 1898 2.

1263 1936 1371 1973 Idem
1389 1937 1459 1982 VI,
1474 1948 1514 1984 p.
1537 1935 1631 1982 264,
1649 1938 1682 1972 A
1708 1947 1716 1973 :
1739 1934 1968 1987 Σωσικράτης
1989 1936 2018 1973 δ’
2034 1936 2078 1973 ’ἐν
2103 1935 2252 1989 δευτέρῳ

1212 1996 1396 2047 Κρητικῶν
1412 2008 1420 2017 ·
1435 2011 1451 2027 α
1465 1992 1542 2039 Τὴν
1561 1992 1622 2043 μὲν
1642 1992 1757 2038 κοινὴν
1781 1993 1907 2045 (φησὶ)
1927 1993 2083 2031 δουλείαν
2103 1996 2134 2032 οἱ
2159 1995 2254 2046 Κρῆ-

1211 2066 1265 2094 τες
1290 2052 1436 2089 καλοῦσι
1457 2050 1590 2100 μνοίαν,
1619 2050 1682 2098 τὴν
1704 2050 1740 2088 δὲ
1761 2051 1849 2089 ἰδίαν
1869 2051 2091 2104 ἀφαμιώτας,
2110 2051 2188 2095 τοὺς
2218 2051 2254 2090 δὲ

1213 2108 1406 2161 περιοίκους
1437 2107 1622 2155 ὑπηκόους.
1656 2126 1672 2142 »
1698 2108 1756 2147 Τὰ
1783 2109 2013 2161 παραπλήσια
2040 2111 2168 2162 ἱστορεῖ
2195 2109 2255 2148 καὶ

1217 2166 1399 2211 Δωσιάδας
1429 2168 1463 2205 ἐν
1489 2166 1643 2219 τετάρτῳ
1672 2169 1872 2219 Κρητικῶν.

1211 2329 1326 2362 deinde
1355 2330 1431 2361 sunt
1465 2337 1584 2361 mensae
1608 2328 1802 2369 reliquorum
1830 2327 2052 2359 convivarum.
2077 2325 2257 2366 Apponitur

1212 2382 1321 2413 autem
1347 2381 1518 2422 unicuique
1546 2380 1750 2421 praesentium
1772 2379 1876 2420 portio
1900 2378 2051 2419 aequalis;
2080 2377 2260 2417 junioribus

1214 2432 1342 2473 quidem
1355 2432 1458 2464 carnis
1470 2432 1573 2473 portio
1585 2433 1712 2464 tantum
1728 2430 1877 2470 dimidia;
1888 2438 1948 2462 nec
1960 2430 2138 2461 ceterarum
2152 2437 2259 2460 rerum

1215 2486 1314 2517 ullam
1341 2485 1373 2517 hi
1400 2485 1571 2526 attingunt.
1601 2484 1722 2517 Deinde
1747 2485 1781 2516 in
1810 2484 1940 2524 singulis
1967 2483 2086 2516 mensis
2109 2482 2259 2523 poculum

1215 2538 1363 2578 ponitur,
1395 2537 1470 2569 vino
1498 2537 1672 2570 admodum
1694 2537 1797 2568 diluto
1824 2536 1993 2577 repletum.
2018 2538 2055 2568 ln
2089 2542 2259 2566 commune

1217 2588 1249 2620 id
1272 2588 1386 2621 bibunt
1401 2597 1530 2629 omnes,
1545 2588 1664 2630 quibus
1685 2596 1794 2620 mensa
1813 2587 1993 2619 communis
2013 2587 2063 2618 est
2082 2598 2088 2618 :
2110 2587 2182 2626 post
2197 2594 2260 2616 ‹2oe-

1217 2649 1292 2672 nam
1308 2649 1385 2672 vero
1401 2640 1489 2672 aliud
1501 2640 1620 2672 eisdem
1636 2640 1816 2682 apponitur.
1835 2638 1944 2671 Pueris
1959 2646 2037 2670 vero
2058 2646 2157 2669 unum
2170 2645 2259 2668 com-

1218 2700 1317 2724 mune
1344 2692 1499 2733 poculum
1520 2692 1685 2723 miscetur.
1716 2690 1901 2724 Senioribus
1926 2691 2054 2729 antem,
2080 2689 2107 2721 si
2125 2688 2263 2728 amplius

1219 2743 1328 2775 bibere
1352 2743 1506 2784 cupiunt,
1531 2743 1670 2783 potestas
1686 2742 1791 2774 datur.
1811 2744 1837 2773 A
1853 2749 1963 2773 mensa
1983 2749 2078 2779 vero,
2095 2748 2262 2780 quaecum-

1220 2803 1284 2835 que
1301 2795 1377 2826 sunt
1402 2794 1597 2826 serculorum
1625 2793 1764 2834 optima,
1791 2801 1829 2824 ea
1846 2793 1952 2832 palam
1975 2792 2122 2823 auferens
2143 2790 2263 2822 mulier

1221 2855 1322 2879 coenae
1350 2847 1500 2887 praefecta
1527 2846 1658 2886 apponit
1682 2844 1730 2876 his
1753 2844 1809 2884 qui
1833 2845 1890 2876 aut
1918 2844 2032 2875 bellica
2060 2843 2178 2874 virtute
2208 2843 2264 2874 aut

1223 2900 1391 2941 prudentia
1416 2898 1486 2930 aliis
1506 2898 1696 2930 antecellere
1712 2897 1876 2937 putantur.
1895 2898 1970 2928 Post
1985 2904 2109 2927 coenam
2124 2896 2264 2935 primum

1223 2951 1457 2983 consueverunt
1468 2949 1508 2981 de
1520 2949 1614 2980 rebus
1625 2948 1759 2989 publicis
1774 2947 1950 2981 deliberare
1967 2960 1975 2978 :
1993 2947 2066 2978 dein
2093 2947 2164 2986 post
2192 2946 2264 2976 haec

1224 3003 1478 3036 commemorant
1503 3010 1552 3033 res
1579 3000 1663 3032 bello
1688 3000 1840 3041 praeclare
1861 3001 1982 3040 gestas,
2005 3000 2037 3030 et
2060 2999 2154 3030 fortes
2178 2997 2264 3029 viros

1225 3054 1375 3092 laudant,
1386 3052 1592 3093 junioraeque
1607 3051 1646 3083 ad
1659 3051 1785 3083 virtutis
1799 3050 1940 3083 studium
1957 3050 2176 3082 cohortantur.
2193 3061 2209 3076 u

1723 3124 1761 3155 2.

1266 3187 1437 3220 Sosicrates
1451 3188 1567 3218 Rerum
1578 3186 1775 3218 Creticarum
1792 3184 1874 3216 libro
1891 3182 2048 3221 secundo,
2068 3194 2082 3207 «
2097 3179 2264 3212 publicum

1225 3241 1407 3278 servitium,
1431 3239 1551 3278 inquit,
1567 3239 1732 3271 Cretenses
1751 3237 1858 3278 μνοίαν
1879 3236 2014 3275 vocant,
2044 3233 2166 3274 privata
2188 3238 2265 3261 vero

1226 3291 1402 3331 mancipia,
1425 3291 1624 3332 ἀφαμιώτας;
1647 3290 1801 3330 perioecos
1819 3298 1913 3327 vem,
1939 3286 2101 3319 subditos.
2133 3297 2147 3310 n
2176 3281 2264 3314 Paria

1228 3343 1274 3375 liis
1289 3342 1436 3374 Dosiadas
1448 3341 1546 3374 tradit
1560 3343 1678 3373 Rerum
1689 3341 1887 3373 Creticarum
1900 3338 1981 3370 libro
1995 3337 2120 3377 quarto.
