2326 3724
1000 225 1335 266 FRAGMENTA.
1374 243 1379 247 ,

91 333 153 366 νης
179 317 316 366 ἐδήλου.
343 316 538 371 Μαυρίκιος
558 314 594 354 δὲ
615 313 729 354 πολλά
756 329 792 352 τε
817 313 878 352 καὶ
900 312 1070 366 ἐπαγωγὰ
1088 314 1139 365 τῷ

92 379 177 431 ἱερεῖ
194 376 385 429 διαλεχθεὶς
401 375 462 415 καὶ
478 380 548 419 τοῖς
565 373 642 424 ἅμα
669 374 764 426 αὐτῷ
783 372 869 424 πρὸς
890 371 1075 411 ἱκετείαν’
1060 387 1140 425 αφι-

93 434 271 487 κομένοις,
287 435 421 479 πίστεις
439 450 476 473 τε
497 433 629 477 εὐνοίας
644 447 729 486 προς
747 435 807 470 τοῦ
830 431 950 484 ἱερέως
966 429 1116 484 εἰληφὼς
1129 459 1139 478 ,

91 494 325 547 ἀπαγγέλλειν
344 493 504 533 ἐκέλευσε
516 492 686 545 Βιγγάνῃ,
704 493 763 538 ὡς,
779 490 879 542 εἴπερ
898 489 1019 529 ἑαυτὸν
1035 488 1140 528 ἐνδώ-

91 569 145 593 σει
169 553 378 605 Ῥωμαίοις,
398 551 593 603 ἀξιώματός
612 566 650 589 τε
668 550 819 601 μείζονος
836 549 958 602 ἤπερ’
945 548 996 602 εφ’
1018 542 1057 587 οὗ
1077 551 1136 586 νῦν

92 615 166 652 ἐστι
183 611 282 664 παρὰ
299 611 455 665 Πέρσαις
476 609 706 658 ἀξιωθήσεται
725 625 811 663 προς
829 608 1033 659 Ῥωμαίων,
1053 606 1142 654 κτή-

93 671 180 716 σεώς
194 688 231 711 τε
241 672 426 716 διπλασίας
439 671 501 711 καὶ
512 671 622 718 ἄλλης
636 669 797 722 εὐπορίας
811 668 997 743 γενήσεται
1010 667 1140 719 κύριος.

93 732 205 770 Καὶ“
186 747 286 784 ετερα
303 730 360 779 δὲ,
381 730 493 770 ὁπόσα
512 734 554 779 ἠν
572 728 727 783 ε’φολκὰ,
748 727 854 767 εἷπων
877 726 1017 781 ἀφίησιν
1040 721 1138 771 αυθις

94 790 188 830 ἔνδον
208 795 270 830 τοῦ
302 791 466 845 φρουρίου
494 789 655 843 γενέσθαι
682 805 740 827 τον
768 788 864 842 ἱερέα
891 786 953 826 καὶ
981 787 1060 831 τους
1088 785 1145 832 ξυν

95 851 205 901 αὐτῷ.
220 849 326 890 Ἀλλὰ
343 849 411 903 γὰρ
429 851 447 887 ὁ
460 848 635 902 Βιγγάνης
649 847 862 887 εὐνούστατα
879 846 969 899 ἔχων
983 848 1028 890 ὡς
1044 848 1147 897 βασι-

93 908 159 947 λέα
183 910 330 961 Περσων
348 908 408 947 καὶ
433 910 466 953 ές
492 908 554 955 τὴν
581 910 660 947 κατ’
687 906 789 945 αὐτὸν
815 905 1010 955 πολιτείαν,
1037 903 1088 943 ἔτι
1105 920 1145 956 γε

97 967 167 1018 μὴν
186 970 235 1006 τῶ
254 968 360 1021 χώρῳ
376 968 535 1016 πίσυνος,
549 967 681 1027 ηκιστα
700 969 776 1010 ταῖς
796 964 976 1018 μεγίσταις
994 963 1147 1016 ὑποσχέ-

95 1041 173 1064 σεσι
191 1027 391 1078 Μαυρικίου
414 1025 459 1065 τὰ
483 1029 557 1065 ὠτα
573 1024 729 1078 ὑπέσχε,
758 1024 818 1063 καὶ
838 1027 951 1062 ταῦτα
973 1022 1149 1076 βάρὸαρος

96 1083 145 1124 ὢν
163 1086 227 1124 οὐκ
243 1085 416 1136 ἀφηνίασε
441 1089 501 1124 τοῦ
522 1087 733 1138 πρέποντος,
751 1084 813 1132 τὴν
835 1083 871 1122 δὲ
886 1082 920 1128 ἐξ
941 1084 1052 1136 ἀρχῆς
1070 1083 1148 1120 δου-

94 1142 191 1182 λείαν
211 1143 422 1198 τιμιωτέραν
450 1142 610 1195 ἡγήσατο
629 1143 795 1182 πλούτου.
817 1143 962 1181 Στέλλει
994 1140 1029 1180 δε
1051 1143 1149 1184 αὖθις

95 1201 176 1241 ‘tat'
162 1218 195 1247 ες
215 1203 394 1254 ἁγιστείαν
416 1206 476 1242 τοῦ
507 1206 584 1241 θεοῦ
609 1201 792 1253 ἀνειμένα,
813 1198 1089 1254 περιρραντήριά
1108 1215 1147 1237 τε

96 1261 157 1300 καὶ
176 1261 371 1314 ἐκπώματα
388 1262 448 1301 καὶ
468 1262 558 1300 ἄλλα
575 1262 642 1300 ὅσα
660 1260 929 1315 τιμαλφέστατα
957 1258 1086 1306 σκεύη,
1104 1260 1150 1302 ὡς

98 1320 311 1374 Μαυρίκιον,
329 1320 487 1373 καθάπερ
506 1319 629 1372 ἀμέλει
642 1319 754 1374 λύτρα
769 1319 892 1358 τούτου
911 1322 971 1357 τοῦ
986 1316 1150 1371 φρουρίου

98 1382 212 1417 ταῦτα
231 1379 466 1432 ὑποδέχεσθαι
485 1378 692 1429 ἀντιὸολῶν,
719 1378 783 1424 τὴν
811 1376 1016 1429 πολιορκίαν
1046 1391 1151 1414 κατα-

97 1437 262 1477 λύσοντα.
282 1437 386 1491 Ἀτὰρ
401 1440 418 1476 ὃ
430 1437 624 1490 στρατηγὸς
638 1435 759 1484 ἐπειδὴ
770 1440 884 1475 ταῦτα
897 1435 1067 1474 ἐθεάσατο
1081 1464 1090 1482 ,
1112 1436 1150 1473 οὔ

98 1496 320 1549 προσήκατο,
340 1495 468 1535 ’καίτοι
504 1495 644 1550 ἐρίτιμα
677 1494 916 1547 τυγχάνοντα·
951 1493 1045 1541 ἥξειν
1083 1492 1150 1546 γὰρ

99 1554 248 1609 ἔφασκεν
265 1556 303 1594 οὖ
318 1554 363 1594 τὰ
379 1554 456 1609 ἱερὰ
471 1555 671 1594 σκυλεύσων
689 1552 768 1592 οὔτε
782 1552 851 1605 μὴν
864 1555 1013 1606 Χριστῷ
1029 1568 1152 1605 μαχη-

98 1629 255 1665 σομενος,
264 1611 356 1652 αλλὰ
374 1629 435 1652 συν
450 1614 595 1667 Χριστῶ
610 1611 836 1663 πολεμήσων,
843 1611 904 1651 καὶ
914 1613 1048 1662 μᾶλλον
1058 1610 1154 1655 ἐξαι-

101 1671 290 1726 ρησόμενος
305 1670 383 1715 τους
401 1671 584 1722 ὁμοδόξους
602 1671 687 1724 πρὸς
707 1686 775 1709 των
793 1671 856 1709 οὐκ
875 1668 960 1723 ὀρθὰ
982 1667 1152 1722 φρονούν-

99 1746 167 1769 των
164 1733 348 1801 ”Hspoffim
372 1724 495 1770 Εἷτα’
481 1746 515 1768 εν
532 1728 720 1783 ἀπορρήτῳ
734 1728 828 1774 ἔλεξε
841 1731 891 1782 τῷ
905 1730 1074 1782 ἱερουργῷ
1089 1727 1154 1767 ὅσα

99 1791 219 1843 ἐχρῆν,
235 1789 458 1843 συνεχώρησέ
471 1805 507 1828 τε
522 1793 616 1833 αὖθις
631 1789 713 1827 εἴσω
726 1788 884 1840 γενέσθαι
897 1791 958 1826 τοῦ
974 1786 1153 1841 φρουρίου.

101 1849 164 1893 Ὡς
183 1849 219 1888 δὲ
236 1850 390 1896 ἐπανῆκε
407 1847 446 1887 τὸ
467 1849 665 1887 τελευταῖον
683 1850 701 1886 ὃ
719 1846 829 1901 ἱερεὺς
842 1850 860 1885 ὁ
880 1846 1075 1900 βάρὸαρος,
1094 1845 1156 1885 καὶ

101 1906 198 1946 οὐδὲν
218 1909 329 1946 ὁτιοῦν
348 1909 382 1951 ἐς
400 1906 439 1946 τὸ
456 1906 509 1945 ἷθὺ
530 1909 592 1954 τ’ἧς
611 1905 753 1958 γνώμης
770 1905 976 1960 ἐφθέγξατο,
997 1906 1031 1949 ἐς
1049 1906 1151 1944 τοῦν-

103 1966 220 2006 αντίον
243 1965 306 2018 μὲν
332 1960 391 2004 οὗν
417 1964 461 2004 τὰ
482 1967 629 2019 Περσῶν
656 1964 860 2018 ἐπεφώρατο
888 1964 1151 2014 ἀσπαζόμενος,

102 2078 198 2119 culpa
212 2078 327 2110 misere
350 2077 455 2119 perire
476 2077 676 2117 paterentur.
704 2077 783 2108 Haec
805 2076 862 2117 Big,
852 2084 939 2108 anes
953 2075 1152 2117 praedicavit.

105 2132 148 2163 At
175 2129 365 2169 Mauricius,
391 2137 493 2169 quum
516 2129 650 2160 comiter
675 2128 778 2159 multa
802 2136 879 2160 cum
903 2127 1052 2168 episcopo
1075 2127 1157 2159 esset

103 2183 296 2222 collocutus,
317 2183 349 2214 et
371 2184 447 2214 'cum
470 2181 538 2222 his,
557 2181 614 2222 qui
642 2189 706 2212 una
730 2181 771 2213 ad
790 2180 971 2213 exorandos
996 2182 1158 2213 Romanos

103 2235 275 2274 venerant,
292 2234 377 2266 bona
390 2233 452 2266 tide
462 2233 617 2274 utrinque
629 2232 841 2273 jurejurando
858 2232 1002 2273 firmata,
1016 2241 1092 2265 eum
1109 2241 1158 2264 re·

102 2288 253 2319 nuntiare
269 2286 364 2327 jussit
376 2286 546 2327 Bigani,·si
558 2295 593 2318 se
620 2286 775 2319 Romanis
798 2285 960 2326 traderet,
977 2285 1010 2317 in
1036 2283 1158 2324 maj0re

104 2340 226 2372 honore
248 2347 325 2371 eum
344 2338 429 2379 apud
451 2340 612 2371 Romanos
641 2339 807 2378 futurum,
839 2346 935 2378 quam
958 2345 1046 2369 nunc
1071 2334 1159 2377 apud

106 2394 216 2425 Persas
230 2391 292 2431 sit,
319 2394 351 2423 et
366 2391 597 2431 possessionem
627 2391 728 2431 duplo
750 2389 940 2432 ampliorem
965 2390 998 2422 et
1013 2389 1158 2421 omnium

106 2453 214 2476 rerum
230 2442 428 2475 affluentiam
444 2444 635 2482 nacturum;
656 2443 814 2483 pluraque
829 2442 891 2475 alia
901 2467 910 2483 ‚
934 2441 1054 2483 quibus
1066 2441 1158 2473 illum

106 2496 268 2535 alliceret,
297 2494 466 2534 dictitans»,
499 2494 620 2527 dimisit
644 2494 845 2527 sacerdotem
872 2495 905 2526 et
921 2503 975 2526 eos
998 2493 1055 2534 qui
1083 2501 1158 2524 cum

105 2558 143 2582 eo
165 2550 277 2589 erant,
294 2549 331 2580 ut
347 2548 380 2580 in
397 2547 510 2579 urbem
537 2548 788 2580 reverterentur.
812 2547 875 2580 Sed
891 2546 1018 2587 Biganis
1031 2554 1159 2578 summa

105 2602 175 2634 erat
198 2609 272 2641 erga
287 2608 393 2640 regem
410 2603 442 2633 et
463 2610 531 2633 rem
553 2601 716 2642 publicam
736 2602 904 2632 Persarum
932 2600 1100 2640 voluntas,
1127 2601 1160 2633 et

106 2662 222 2694 magna
236 2652 298 2685 loci
318 2652 446 2685 fiducia.
462 2654 573 2694 ltaque
593 2653 741 2694 quamvis
763 2653 919 2685 barbarus
934 2653 1035 2694 esset,
1052 2654 1159 2686 maxi-

107 2706 168 2738 mis
182 2705 326 2738 Mauricii
340 2705 623 2746 pollicitationibus
640 2705 771 2738 minime
783 2714 877 2737 aures
887 2705 1045 2746 praebuit,
1055 2714 1161 2747 neque

107 2757 149 2790 ab
177 2757 311 2789 honesto
343 2757 484 2790 recessit.
508 2758 635 2790 :Iustam
659 2757 743 2789 enim
763 2758 796 2790 et
821 2757 996 2798 legitimam
1021 2758 1159 2790 servitu-

109 2810 175 2842 tem
202 2818 276 2850 erga
305 2818 398 2849 eum,
424 2810 480 2850 qui
508 2818 604 2850 regno
631 2810 787 2850 praeerat,
804 2809 896 2850 longe
914 2809 1033 2842 divitiis
1057 2810 1159 2842 hono-

109 2861 334 2894 rificentiorem
350 2860 454 2893 duxit.
470 2861 688 2900 Quamobrem
702 2861 820 2893 iterum
833 2861 1043 2902 aquiminaria
1059 2864 1090 2894 et
1104 2872 1160 2904 po-

109 2914 183 2946 cula
197 2914 230 2945 et
245 2913 307 2944 alia
320 2912 508 2954 pretiosiora
528 2921 625 2952 vasa,
644 2921 719 2953 quae
733 2912 784 2945 dei
800 2913 901 2945 cultui
926 2913 1159 2955 inserviebant,

110 2965 148 2998 ad
166 2964 356 2997 Mauricium
370 2964 477 3004 misit,
492 2973 605 3003 orans,
631 2965 668 2996 ut
683 2973 721 2996 ea
736 2974 794 3005 pro
811 2965 918 3005 oppidi
942 2965 1162 3006 redemptione

110 3019 251 3050 sumeret
260 3019 291 3050 et
305 3017 346 3049 ab
358 3017 522 3050 obsidione
541 3017 718 3050 desisteret.
739 3018 801 3051 Sed
818 3018 886 3050 dux
899 3019 954 3050 ubi
976 3019 1047 3051 baec
1064 3019 1161 3058 vidit,

111 3070 258 3110 quamvis
274 3069 379 3110 magni
394 3069 487 3109 pretii
502 3070 618 3109 esseut,
630 3072 740 3102 tamen
754 3071 958 3112 contempsit.
978 3071 1060 3103 Illuc
1075 3071 1161 3104 enim

111 3123 194 3157 dixit
211 3131 245 3155 se
256 3123 391 3162 venisse,
405 3131 470 3154 non
486 3123 523 3154 ut
535 3131 626 3155 sacra
639 3123 811 3164 expilaret,
829 3125 886 3156 aut
899 3124 1026 3156 Christo
1042 3124 1162 3156 bellum

113 3176 251 3215 faceret,
268 3173 323 3206 sed
332 3174 440 3215 potius
450 3174 488 3206 ut
502 3174 631 3207 Christo
649 3175 829 3216 opitulante
847 3176 879 3208 et
899 3175 1027 3208 favente
1043 3175 1163 3208 bellum

112 3228 252 3269 gereret,
268 3226 301 3258 et
310 3227 397 3258 recta
409 3225 450 3258 de
459 3226 522 3259 fide
531 3227 704 3260 sentientes
714 3229 827 3260 contra
844 3230 957 3260 Persas
967 3252 977 3267 ,
992 3227 1048 3268 qui
1059 3236 1078 3259 a
1089 3236 1163 3260 vera

113 3279 164 3311 dei
190 3278 370 3320 cognitione
394 3279 597 3320 aberrarent,
618 3281 775 3312 tueretur.
797 3280 920 3314 Deinde
937 3280 1088 3322 quaedam
1112 3290 1162 3314 se-

114 3333 202 3364 creto
218 3340 293 3363 cum
316 3331 500 3373 sacerdote,
517 3341 591 3373 quae
615 3333 657 3365 ad
683 3334 867 3374 negotium,
893 3333 982 3375 quod
1006 3334 1089 3366 inter
1110 3343 1164 3367 eos

114 3383 324 3423 tractabatur,
337 3384 558 3425 pertinebant,
575 3385 755 3418 collocutus
766 3410 776 3427 ,
797 3386 972 3427 concessit,
992 3386 1029 3418 ut
1054 3395 1165 3418 rursus

116 3435 147 3467 in
160 3434 453 3476 oppidumediret.
472 3438 639 3469 Postremo
655 3439 692 3470 ut
710 3448 818 3473 rursus
831 3440 978 3473 sacerdos
993 3441 1071 3473 exiit
1085 3441 1162 3474 nihil

2174 234 2251 267 251)

1205 311 1490 364 ξυλλαμὸοίνεται
1504 312 1566 364 μὲν
1587 312 1645 364 ὅγε
1663 313 1722 351 καὶ
1738 315 1768 352 οἱ
1789 312 1844 358 ξὺν
1862 315 1972 368 αὐτῷ,
1993 308 2087 359 αὖθις
2105 314 2140 354 δὲ
2157 317 2255 367 ἐγκε·

1205 371 1423 423 λευσαμένου
1439 376 1499 411 τοῦ
1519 375 1737 424 στρατηγοῦ,
1766 372 1901 424 εἴχοντο
1920 377 1981 420 τῆς
2002 375 2204 427 πολιορκίας
2225 377 2255 413 οἱ

1204 429 1393 482 Ῥωμαῖοι.

1702 518 1719 539 Γ

1702 518 1765 555 08.

1262 608 1397 644 Suidas
1428 621 1463 644 V.
1496 604 1826 658 Ἀπετάφρευον
1861 619 1869 641 :
1912 603 2129 658 Μένανδρος·
2164 623 2182 640 α
2216 608 2263 646 Οἱ

1207 664 1384 716 Ῥωμαῖοι
1404 663 1472 718 γαρ
1494 666 1558 702 οὐκ
1578 663 1817 717 ἀπετάφρευον
1834 663 1874 701 τὸ
1894 663 2073 716 πρότερον,
2094 663 2172 702 οὔτε
2191 665 2259 715 μὴν

1209 727 1243 764 ἐν
1258 724 1438 778 ἐπιστήμῃ
1452 723 1603 775 πάμπαν
1619 724 1658 763 τὸ
1670 723 1801 763 τοιόνδε
1816 727 1845 762 εἰ
1848 739 1910 777 χον
1924 724 2105 777 πρότερον,
2121 723 2144 771 ἢ
2160 727 2244 764 Μαυ
2254 749 2268 756 -

1209 783 1316 838 ρίκιον
1327 784 1385 823 τὸν
1402 782 1547 824 Παύλου
1560 783 1763 835 ἡγήσασθαι
1776 786 1835 822 τοῦ
1851 780 1937 837 ἑῴου
1951 782 2124 833 πολέμου·
2143 784 2265 831 ἐπειδὴ

1210 843 1246 883 δὲ
1259 842 1356 896 (ὅτε)
1374 842 1437 891 τὴν
1455 842 1670 896 στρατηγίαν
1688 836 1812 895 εἶχενε
1795 841 2075 894 ηγεμονεύουσαν
2094 844 2190 896 αὖτῳ
2204 859 2267 890 της

1209 903 1267 943 ε’πὶ
1286 903 1350 951 τὴν
1373 902 1554 956 βασιλείαν
1584 903 1764 955 ἀτραποῦ,
1787 901 1826 940 τὸ
1845 901 1976 940 τοιόνδε
2009 901 2165 955 ῥαθυμία
2196 917 2266 940 πα·

1211 962 1368 1016 ροφθὲν’
1352 978 1385 1005 ες
1409 961 1449 1000 τὸ
1469 961 1545 1000 δέον
1575 960 1790 1013 ἐπανήγαγε.
1813 959 2006 1012 Ῥωμαίοις
2025 960 2093 1013 γὰρ
2113 959 2163 1010 μὴ
2185 963 2267 1013 βου-

1209 1020 1399 1071 λομένοις
1383 1036 1423 1068 ην
1440 1020 1479 1059 τὸ
1495 1035 1638 1073 χρημα,
1655 1019 1715 1058 καὶ
1730 1020 1777 1063 εἷς
1795 1018 1905 1067 λήθην
1925 1018 2153 1058 κατώλισθεν·
2167 1019 2268 1063 πόνος

1210 1080 1279 1133 γὰρ
1295 1079 1385 1133 ὄκνῳ
1401 1078 1614 1130 πολέμιος.»
1710 1086 1721 1093 '

1706 1170 1770 1217 59.

1265 1253 1360 1289 Exc.
1378 1253 1435 1288 De
1451 1258 1546 1289 sent.
1566 1263 1605 1299 p.
1630 1251 1718 1288 362.
1742 1250 1816 1287 363
1835 1263 1844 1289 :
1870 1247 1957 1290 t'Ort
1975 1253 2021 1295 ὡς
2045 1250 2136 1289 ἔοικε
2150 1279 2161 1298 ,
2186 1250 2269 1302 πρὶν

1211 1306 1234 1354 ἢ
1256 1307 1452 1361 Μαυρίκιον
1474 1311 1708 1360 ἡγεμονεῦσαι
1734 1312 1795 1347 τοῦ
1818 1313 1967 1363 στρατοῦ
1981 1339 1991 1357 ,
2013 1309 2058 1348 τὰ
2077 1309 2171 1348 κατὰ
2199 1311 2268 1347 τῶν

1213 1366 1527 1421 δασμοφορούντων
1542 1366 1748 1416 ἀδικήματα
1764 1366 1894 1421 ἔσφηλε
1909 1368 2126 1419 ζΡωμοιιόυς.
2144 1368 2269 1421 Ταύτῃ

1213 1441 1266 1464 τοι
1283 1426 1374 1464 κατά
1399 1442 1476 1464 τινα
1503 1426 1674 1473 θεήλατον
1695 1426 1802 1479 ὀργὴν
1827 1426 1872 1466 τὰ
1893 1427 2082 1475 δοκηθέντα
2107 1429 2170 1466 οὐκ
2190 1429 2268 1466 ἐτε-

1213 1485 1342 1535 λέσθη,
1363 1484 1455 1523 ἀλλὰ
1472 1485 1540 1538 γὰρ
1560 1485 1620 1523 καὶ
1641 1485 1845 1539 ἀπέσκηψεν
1866 1489 1912 1531 εἷς
1929 1485 2142 1527 τούναντίον.
2163 1487 2273 1526 Φιλεῒ

1214 1543 1282 1596 γάρ
1298 1559 1372 1588 πως
1392 1543 1431 1582 τὸ
1451 1547 1540 1582 θεῖον
1561 1544 1666 1582 ἄδικα
1679 1545 1907 1597 Ιπεπραχόσιν
1931 1545 2003 1585 οὔτ’
2024 1545 2191 1596 οἰομένοις
2209 1545 2272 1589 τὰς

1216 1602 1337 1648 ποινὰς
1367 1602 1559 1656 ἐπιφέρειν,
1589 1604 1636 1646 ὡς
1659 1601 1700 1641 ἂν
1728 1605 1778 1656 τῷ
1803 1604 1996 1658 παραλόγῳ
2021 1606 2090 1643 τῶν
2121 1603 2272 1642 &meriv-

1214 1679 1283 1702 των
1301 1662 1563 1716 σωφρονίζοιντο
1579 1661 1700 1701 πλέον.

1270 1720 1522 1774 Ἀφεστηκότος
1538 1721 1604 1774 γὰρ
1622 1720 1672 1760 ἔτι
1689 1724 1751 1760 τοῦ
1767 1724 1836 1760 τῶν
1853 1720 2031 1774 πολεμίων
2049 1725 2198 1774 στρατοῦ
2212 1720 2271 1759 καὶ

1215 1780 1256 1820 τὸ
1274 1782 1404 1828 πλῆθος
1429 1785 1491 1829 τ’ἥς
1510 1781 1719 1831 Ῥωμαϊκῆς
1746 1781 1976 1834 [δυνάμεως]
1997 1780 2146 1825 δεδιότος
2160 1811 2171 1832 ,
2191 1796 2273 1819 και-

1219 1842 1496 1895 ροφυλακοῦντος
1511 1840 1547 1879 δὲ
1567 1840 1660 1891 εἴπῃ
1679 1841 1926 1879 διασπασθεῖεν
1938 1839 1999 1879 καὶ
2018 1839 2159 1878 δώσοιεν
2173 1838 2271 1877 αὐτοὶ

1217 1905 1279 1951 τῆς
1304 1903 1383 1941 καθ’
1414 1903 1546 1939 ἑαυτῶν
1577 1901 1699 1954 ἐφόδου
1730 1900 1849 1953 καιρὸν
1877 1900 2096 1954 ἀσύμφορον·
2121 1898 2213 1944 ἔδοξε
2235 1898 2271 1937 δέ

1217 1977 1287 2000 τισι
1306 1960 1385 2005 τοὺς
1403 1960 1480 2011 ἅμα
1494 1959 1629 2003 πάντας
1643 1959 1895 2012 ἀπροσμάχους
1911 1958 2171 2010 νομιζομένους,
2190 1957 2270 1996 τού-

1214 2082 1401 2115 qumquam,
1417 2072 1505 2113 quod
1518 2080 1559 2103 ex
1577 2080 1610 2104 re
1624 2072 1719 2111 esset,
1733 2070 1872 2104 afferens
1883 2096 1892 2112 ,
1903 2070 1960 2103 sed
1978 2072 2088 2112 aperte
2101 2073 2271 2103 Persarum

1216 2125 1311 2158 rebus
1347 2125 1489 2162 faveret,
1507 2125 1575 2166 ipse
1598 2125 1631 2156 et
1661 2123 1717 2164 qui
1741 2132 1816 2155 cum
1843 2132 1882 2156 eo
1906 2124 1997 2155 erant
2013 2123 2103 2163 jussu
2126 2122 2215 2154 ducis
2239 2123 2273 2154 in

1215 2179 1345 2211 vincula
1375 2178 1512 2219 conjecti
1545 2178 1631 2210 sunt.
1664 2176 1803 2209 Romani
1835 2185 1913 2208 vero
1942 2175 2143 2208 obsidionem
2172 2175 2272 2207 conli-

1216 2231 1368 2263 nuarunt.

1709 2285 1767 2317 58.

1259 2351 1395 2384 Romani
1409 2351 1504 2382 antea
1518 2350 1624 2382 castra
1647 2358 1706 2381 sua
1720 2349 1813 2381 fossis
1837 2358 1903 2381 non
1929 2349 2136 2390 muniebant,
2154 2358 2213 2382 nec
2227 2349 2273 2381 rei

1218 2405 1287 2444 ejus
1304 2404 1460 2436 rationem
1485 2403 1552 2435 ullo
1575 2402 1672 2434 modo
1697 2403 1834 2443 norant,
1857 2402 2047 2443 priusquam
2075 2402 2273 2442 Mauricius,

1221 2457 1312 2490 Pauli
1326 2457 1411 2489 tilius
1423 2480 1432 2497 ‚
1450 2457 1483 2488 in
1493 2457 1625 2489 Oriente
1641 2455 1716 2488 belli
1742 2455 1811 2487 dux
1835 2456 2099 2488 constitueretur.
2118 2457 2175 2488 llle
2197 2464 2274 2488 vero

1218 2512 1390 2551 postquam
1405 2509 1444 2541 ad
1460 2509 1616 2541 ducatum
1630 2509 1678 2541 est
1687 2511 1831 2549 evectus,
1845 2517 1919 2549 quae
1933 2509 2044 2550 postea
2060 2508 2119 2550 ipsi
2134 2509 2218 2542 viam
2230 2508 2271 2540 ad

1218 2564 1390 2604 imperium
1406 2562 1562 2602 munivit,
1578 2571 1647 2594 rem
1669 2562 1858 2603 praedictam
1877 2570 1933 2603 per
1949 2562 2129 2594 socordiam
2150 2561 2274 2602 jamdiu

1218 2616 1434 2649 intermissam
1460 2617 1493 2648 in
1519 2624 1614 2648 usum
1646 2616 1823 2648 revocavit.
1854 2616 1989 2648 Romani
2014 2615 2101 2648 enim
2125 2615 2270 2647 laborem

1218 2668 1374 2709 ejusmodi
1386 2668 1612 2709 defugiebant,
1627 2676 1760 2709 remque
1773 2667 1929 2700 oblivioni
1944 2667 2155 2700 tradiderant.
2169 2666 2274 2700 Labor

1218 2722 1304 2754 enim
1317 2722 1453 2763 ignaviae
1470 2721 1620 2754 inimicus
1632 2722 1690 2753 est.

1721 2787 1780 2820 59.

1268 2863 1453 2902 Antequam
1477 2861 1652 2893 Mauricius
1679 2860 1829 2892 ductaret
1847 2860 2044 2898 exercitum,
2065 2858 2212 2902 injuriae,
2239 2861 2274 2891 ut

1220 2915 1370 2955 arbitror,
1384 2914 1538 2946 adversus
1555 2913 1776 2954 stipendiarios
1796 2913 1931 2954 populos
1945 2921 2012 2945 rem
2031 2914 2211 2944 Romanam
2226 2912 2272 2943 la-

1220 2968 1471 3001 befactaverant.
1486 2969 1566 2999 Eam
1581 2967 1623 2998 ob
1635 2975 1702 2998 rem
1714 2967 1813 3007 atque
1828 2966 1870 2998 ob
1881 2966 2045 2998 coelestem
2059 2965 2164 2997 nescio
2174 2973 2272 3005 quam

1221 3021 1303 3052 iram
1322 3021 1471 3059 suscepta
1488 3019 1622 3050 consilia
1638 3027 1790 3050 successu
1808 3018 2002 3057 caruerunt,
2019 3017 2120 3049 immo
2144 3018 2273 3048 contra·

1221 3074 1305 3105 rium
1318 3072 1441 3104 exitum
1456 3073 1551 3104 nacta
1569 3072 1657 3103 sunt.
1671 3071 1759 3104 Solet
1772 3071 1858 3103 enim
1871 3079 1992 3103 numen
2005 3070 2122 3111 iniquis
2134 3078 2193 3101 nec
2206 3070 2274 3110 opi-

1221 3126 1372 3158 nantibus
1388 3134 1498 3166 poenas
1519 3124 1682 3166 infligere,
1709 3126 1747 3158 ut
1771 3124 1888 3157 subitis
1914 3124 2041 3156 casibus
2066 3122 2273 3155 modestiores

1221 3177 1408 3211 reddantur.

1263 3232 1344 3262 Nam
1355 3238 1458 3270 quum
1475 3229 1581 3261 adhuc
1595 3229 1719 3261 hostilis
1736 3229 1849 3269 procul
1865 3229 1948 3261 esset
1969 3227 2148 3266 exercitus,
2163 3225 2270 3265 copia-

1223 3290 1360 3322 rumque
1373 3283 1594 3313 Romanarum
1617 3290 1788 3313 numerum
1813 3280 2068 3321 pertimesceret,
2087 3279 2185 3318 atque
2201 3277 2270 3308 ido-

1223 3342 1319 3364 neum
1337 3334 1464 3374 tempus
1475 3333 1692 3374 exspectaret,
1706 3333 1783 3364 dum
1799 3333 1849 3364 lim
1860 3333 1992 3364 sortasse
2004 3329 2269 3370 dispergerentur,

1224 3386 1322 3426 atque
1337 3385 1510 3416 incursioni
1534 3384 1642 3416 hostili
1659 3393 1734 3416 cum
1757 3384 1900 3425 ipsorum
1919 3382 2037 3414 damno
2054 3382 2269 3421 patescerent;

1224 3437 1329 3469 visum
1343 3437 1391 3469 est
1408 3437 1569 3468 nonnullis
1582 3436 1739 3476 optimum
1766 3435 1852 3476 fore,
1869 3435 1906 3475 si,
1928 3434 1982 3474 qui
2006 3430 2201 3471 conjunctim
2222 3430 2270 3461 iu-

2089 3493 2126 3518 17.
