2326 3724
985 187 1305 229 FRAGMENTA

71 277 175 329 μένου
189 306 199 325 ,
218 275 337 329 ὥσπερ
357 281 427 320 τοῖς
447 276 667 328 Σαρακηνοῖς
686 274 894 318 ὑπευθύνους
911 273 1013 319 ὄντας
1028 274 1118 315 Ῥω-

68 336 193 387 μαίους
222 335 318 386 ἔλεγε
350 336 420 373 δεῖν
452 337 470 372 ὁ
501 334 661 386 Χοσρόης
691 332 919 372 ἀποδίδοσθαί
949 348 1045 387 σφισι
1078 332 1117 372 τὸ

64 394 179 446 χρέος.
202 387 291 433 Εἶτα
310 393 370 432 καὶ
397 391 562 432 Ἰωάννου
583 391 706 431 αὐτόσε
733 392 944 445 ἀφικομένου
961 397 1031 435 τοῖς
1052 393 1115 430 αὖ·

65 454 136 495 τοῖς
157 451 333 504 ἐχρήσατο
354 450 502 504 ῥήμασι.
525 450 786 502 Διισχυρίζοντο
809 450 876 502 γάρ
893 465 967 494 πως
985 452 1016 489 οἱ
1038 452 1117 490 Σα-

67 510 230 562 ρακηνοὶ,
258 512 304 554 ὡς
320 508 406 561 ὑπὲρ
423 512 484 548 τοῦ
504 508 642 560 εἰρήνην
664 508 758 559 ἄγειν
778 509 837 547 καὶ
859 507 908 559 μὴ
934 508 1115 547 καταθέειν

63 567 128 614 τὴν
144 567 334 618 Ῥωμαίων
351 566 394 606 τὰ
413 570 558 606 τοιαῦτα
577 566 775 616 ἐκομίζοντο
790 566 960 619 χρήματα
972 596 982 614 ,
1001 568 1115 605 ἐντεῦ-

63 624 119 663 θέν
139 641 176 664 τε
196 625 372 670 ἐὸιάζοντο
391 624 455 672 τὴν
476 640 535 663 του
543 623 758 697 πράγματρς
775 624 890 678 φύσιν.
911 623 956 664 ‘O
979 624 1015 663 δὲ
1036 624 1114 664 Ἰω-

65 683 185 732 άννης,
214 686 261 728 ὡς
290 685 381 735 ἑώρα
413 690 501 736 σφᾶς
519 684 557 721 οὗ
578 683 670 721 κατὰ
698 684 737 722 τὸ
766 683 839 722 δέον
870 684 910 722 τὸ
933 683 1114 734 ἐπίκλημα

62 742 304 793 ποιουμένους,
325 746 440 781 εἶπεν·
462 760 478 776 α
506 743 549 781 Εἷ
567 741 629 792 μὲν
647 741 760 794 ἕτερός
775 758 842 790 τις,
861 741 921 780 καὶ
941 742 1020 795 οὐχι
1043 745 1114 782 Χο-

62 801 168 854 σρόης
178 804 195 840 ὁ
204 802 308 849 πάνυ,
323 800 648 852 ξυνεπελαμὸάνετο
661 806 730 845 τοῖς
742 801 869 845 ἀδίκως
881 803 1115 852 ἐπεγκαλοῧσι

63 862 303 912 Σαρακηνοῒς,
319 856 425 908 ἧττον
442 859 483 898 ἂν
502 863 638 913 ὑπῆρχε
660 859 783 900 δεινόν.
803 863 979 900 Τοσοῦτον
999 860 1035 899 δὲ
1053 865 1115 914 βα-

37 947 41 949 .
62 919 162 957 σιλέα
182 922 343 973 Περσῶν,
357 919 437 973 περὶ
451 919 616 958 πλείστου
633 918 838 969 ποιούμενον
850 918 894 957 τὰ
910 918 959 969 μὴ
974 919 1114 958 ἐναντία

60 980 121 1024 τῆς
134 980 202 1016 τῶν
221 979 439 1032 πραγμάτων
457 979 611 1031 φύσεως,
627 977 818 1031 προσθήσω
836 977 871 1015 δὲ
885 977 946 1015 καὶ
960 977 1003 1015 τὰ
1025 977 1113 1018 Ῥω-

62 1035 175 1086 μαίων
197 1037 454 1089 ἀσπαζόμενον,
474 1041 731 1090 συνηγοροῦντα
752 1037 822 1080 τοῖς
842 1036 1014 1075 ἐθέλουσιν
1039 1038 1112 1075 ἀδι-

60 1095 133 1132 κεῖν
154 1095 374 1146 θαυμάσαιμι
393 1096 471 1134 λίαν
493 1096 553 1135 καὶ
580 1095 896 1147 ὑπερεκπλαγείην.
916 1092 1046 1144 ϋΟμως
1077 1096 1112 1134 δὲ

61 1153 214 1204 ῥᾳθυμίᾳ
246 1154 304 1192 τὸν
325 1158 402 1193 νοῦν
428 1156 490 1193 οὐκ
511 1154 708 1207 ἐπιτρέψω,
730 1153 908 1204 Ἱ)ωμαῖος
927 1153 1111 1206 πεφυκὼς,

61 1211 258 1257 ἀναδιδάξω
277 1212 313 1251 δὲ
334 1212 373 1251 τὸ
392 1220 475 1261 πᾶν,
496 1213 611 1252 καίτοι
627 1217 689 1251 τοῦ
712 1212 882 1265 βασιλέως
897 1214 935 1250 οὗ
951 1213 1113 1262 δεομένου

59 1269 305 1319 διδασκαλίας,
329 1274 407 1311 ἀλλ’
428 1273 462 1310 ἐν
483 1271 591 1310 εἰδόσι
608 1275 670 1319 τῆς
693 1271 886 1323 διηγήσεως
910 1272 1111 1324 προϊούσης.

60 1328 106 1369 Ὁ
130 1330 197 1384 γὰρ
217 1332 446 1385 προεγνωκὼς
465 1332 534 1379 ἤδη
564 1331 609 1370 τὰ
640 1332 705 1370 ὅσα
735 1335 785 1384 τῷ
815 1331 938 1384 δικαίῳ
959 1331 1113 1385 ξυνᾴδει,

59 1393 172 1428 ταῦτα
195 1391 301 1429 πάλιν
332 1391 573 1443 ἀναδιδαχθεὶς
593 1390 781 1444 ἐπιρρώσει
802 1394 851 1444 τῷ
872 1391 1055 1445 ἀδεκάστῳ
1075 1391 1114 1430 τὸ

59 1449 224 1493 συνειδός.
244 1449 377 1502 Πέτρος
400 1450 463 1500 μὲν
482 1449 550 1502 γὰρ
571 1453 587 1488 ὃ
608 1450 676 1503 πρὸ
696 1453 797 1500 ἡμῶν
817 1450 1053 1503 πρεσὸευτὴς,
1079 1449 1114 1494 ὃς

59 1504 204 1559 ἔναγχος
220 1509 499 1560 παραγενόμενος
518 1508 712 1547 ἐὸεὸαίωσε
733 1508 778 1547 τὰ
797 1511 860 1552 τ’ῆς
879 1507 1027 1581 εἰρήνης,
1050 1511 1114 1559 ἐμ-

58 1565 176 1619 πειρία
191 1566 304 1617 λόγων
322 1567 382 1606 καὶ
403 1567 572 1615 δεινότητι
589 1571 724 1611 πειθοῦς
740 1567 800 1606 καὶ
816 1566 860 1605 τὰ
872 1566 952 1619 περὶ
968 1569 1036 1604 τῶν
1053 1571 1112 1605 ν’ῡν

59 1624 341 1674 ἐπεγκαλούντων
359 1628 594 1679 Σαρακηνων,
615 1642 675 1665 και
689 1626 791 1679 ἕτερα
808 1625 874 1664 ὅσα
895 1625 1112 1678 διημφισὸη-

59 1681 161 1731 τήθη,
178 1678 275 1727 οἵος’
260 1684 394 1736 εγένετο
407 1684 734 1738 παρακρούσασθαι.
752 1684 848 1736 Ἐγὼ
863 1684 899 1723 δὲ
915 1684 1111 1738 ῥητορεύειν

61 1757 98 1779 τε
115 1742 174 1780 καὶ
194 1743 324 1782 πείθειν
344 1744 542 1795 ἠσκημένος
561 1745 741 1795 οὐδαμῶς,
757 1744 852 1796 ὅμως
871 1760 921 1798 τῳ
939 1743 1042 1798 (πρὸς
1063 1761 1113 1796 τῳ

0 1806 5 1809 “
57 1803 192 1854 Nieb.)
225 1805 395 1856 περιεῖναι
423 1807 466 1855 τῇ
486 1803 564 1856 δίκῃ
591 1806 659 1841 τῶν
690 1806 912 1857 Σαρακηνῶν
932 1802 999 1848 ἔξω
1027 1803 1113 1856 πρὸς

58 1860 173 1909 ὑμῶν,
189 1863 240 1914 τῷ
255 1865 266 1912 (
279 1862 318 1900 τὸ
329 1864 441 1902 Nieb.
455 1864 465 1913 )
484 1861 533 1912 μὴ
550 1862 705 1915 στέργειν
721 1865 812 1913 ὑμᾶς
826 1862 903 1900 ἀντὶ
917 1861 1110 1912 Ῥωμαίων

59 1918 113 1955 Σα
120 1918 288 1970 ρακηνοὺς
297 1951 307 1968 ,
328 1919 389 1958 καὶ
405 1924 516 1958 ταῦτα
530 1920 608 1965 τοὺς
625 1921 874 1972 ἀδικωτάτους,
889 1921 949 1960 καὶ
963 1921 1040 1959 ἀντὶ
1052 1925 1112 1960 τοῦ

59 1976 273 2022 συνοίσοντος
291 1983 361 2021 τοῖς
380 1981 458 2017 καθ’
479 1982 572 2030 ἡμᾶς
591 1981 704 2031 (ὑμᾶς
722 1982 862 2030 Bekk.)
880 1979 1113 2030 πολιτεύμασι

59 2089 128 2120 nias
150 2089 312 2130 accipere,
332 2091 365 2122 et
381 2090 440 2122 hac
452 2090 618 2123 rationein
633 2100 730 2124 causa
751 2091 949 2124 defendenda
971 2091 1113 2124 maxime

57 2140 256 2173 nitebantur.
286 2143 399 2182 ltaque
420 2144 578 2182 Joannes,
595 2144 633 2175 ut
662 2143 742 2176 vidit
761 2146 952 2184 Saracenos,
982 2145 1113 2185 praeter-

57 2201 157 2233 quam
174 2193 260 2233 quod
274 2193 322 2226 sas
337 2195 423 2234 erat,
439 2194 601 2227 criminari
615 2196 648 2228 et
656 2204 810 2228 accusare
823 2198 994 2236 Romanos,
1006 2196 1110 2229 dixit:

60 2256 76 2271 «
92 2244 123 2276 Si
143 2245 216 2284 quis
230 2245 312 2278 alius
327 2255 424 2287 quam
449 2247 609 2280 chosroes
634 2249 868 2280 Saracenorum
892 2257 1043 2289 causam,
1057 2248 1114 2290 qui

57 2298 221 2330 Romanos
238 2298 355 2339 injuste
376 2300 601 2340 criminantur,
619 2302 778 2342 tueretur,
800 2302 911 2334 minus
933 2301 966 2334 id
981 2301 1113 2343 quidem

58 2358 155 2390 grave
165 2351 197 2383 et
211 2351 385 2384 molestum
396 2355 489 2385 esset.
504 2355 676 2386 Persarum
690 2364 766 2387 vero
778 2355 906 2387 tantum
917 2363 1023 2396 regem
1033 2379 1042 2395 ,
1056 2354 1113 2395 qui

59 2413 134 2445 quae
151 2414 261 2437 rerum
280 2408 406 2439 naturae
423 2412 635 2441 consentanea
651 2411 744 2450 sunt,
757 2410 885 2451 plurimi
897 2410 986 2450 facit,
997 2409 1113 2442 addam

58 2458 247 2499 etiam,qui
261 2459 345 2492 bene
365 2460 406 2492 de
430 2463 584 2494 Romanis
608 2463 705 2495 rebus
728 2464 843 2503 sentit,
858 2463 1040 2495 consentire
1063 2462 1112 2496 his

59 2509 113 2550 qui
128 2511 242 2543 volunt
259 2511 375 2551 injusta
392 2513 511 2552 facere,
531 2514 627 2546 simul
644 2516 677 2547 et
689 2515 866 2547 admirarer
885 2516 917 2548 et
932 2524 1084 2556 quererer
1102 2527 1110 2547 :

58 2561 114 2593 sed
130 2563 272 2594 animum
290 2572 354 2595 non
370 2565 526 2597 socordiae
545 2565 628 2598 dabo
650 2579 657 2598 :
676 2569 841 2600 Romanus
857 2568 943 2600 enim
964 2576 1036 2600 sum
1055 2580 1063 2600 :
1081 2568 1114 2600 et

59 2613 182 2645 docebo
202 2615 330 2654 omnia;
354 2617 482 2649 tametsi
502 2626 609 2658 regem
625 2618 734 2651 doceri
756 2620 889 2652 minime
904 2628 1032 2652 necesse
1045 2620 1111 2659 est,

58 2665 114 2698 sed
125 2665 164 2698 ad
180 2666 265 2698 haud
278 2667 395 2700 inscios
409 2670 550 2702 narratio
567 2679 638 2703 mea
651 2672 864 2704 convertitur.
879 2672 943 2710 Qui
965 2673 1050 2705 enim
1066 2682 1112 2706 se-

58 2720 121 2751 mel
135 2728 188 2758 ea,
203 2729 277 2761 quae
295 2720 431 2760 justitiae
446 2724 479 2755 et
492 2724 637 2765 aequitati
653 2726 729 2757 sunt
746 2727 962 2758 consentanea
972 2751 982 2767 ,
998 2736 1111 2767 cogno·

58 2771 122 2810 vit,
138 2771 162 2803 si
176 2771 288 2804 eadem
301 2772 420 2806 iterum
434 2774 582 2816 docetur,
599 2776 772 2809 immutata
783 2778 919 2811 veritate
933 2780 1111 2819 perspecta,

58 2823 287 2855 conscientiam
312 2833 403 2857 suam
422 2826 576 2859 firmabit.
604 2831 699 2861 Petro
721 2830 850 2870 quidem
863 2854 872 2869 ,
896 2831 951 2872 qui
968 2832 1043 2863 ante
1059 2840 1113 2864 me

58 2874 180 2915 legatus
193 2875 253 2907 suit
265 2878 297 2908 et
311 2886 422 2917 pacem
436 2879 590 2912 stabilivit
601 2905 610 2919 ,
621 2881 713 2913 facile
727 2882 798 2921 suit,
813 2891 915 2922 quum
929 2883 1112 2923 eloquentia

59 2929 92 2959 et
110 2929 322 2968 persuadendi
339 2931 370 2962 vi
397 2932 549 2971 polleret,
576 2942 614 2965 ea
646 2943 718 2974 quae
743 2943 830 2966 nunc
853 2935 1051 2975 objiciuntur
1071 2938 1112 2969 de

59 2980 224 3012 Saracenis
233 3004 242 3020 ,
254 2982 286 3012 et
295 2982 418 3023 reliqua
429 3007 438 3023 ‚
449 2992 665 3026 quaecumque
675 2986 781 3018 adbuc
790 2989 996 3020 controversa
1006 2989 1110 3028 erant,

59 3032 179 3065 diluere
194 3035 228 3065 et
243 3034 394 3067 refutare.
412 3038 477 3077 Ego
491 3046 568 3069 vero
579 3062 588 3079 ,
612 3039 668 3080 qui
687 3048 854 3081 nunquam
871 3041 1066 3082 eloquentiae
1080 3043 1112 3073 et

59 3085 272 3124 persuadendi
299 3086 361 3118 arti
395 3096 526 3128 operam
550 3089 643 3130 dedi,
665 3092 777 3124 tamen
798 3094 831 3124 et
859 3101 965 3125 causae
992 3095 1111 3125 nostrae

59 3136 211 3176 aequitate
223 3138 398 3171 Saracenos
411 3140 538 3172 vincam
548 3165 557 3181 ,
571 3143 604 3174 et
618 3142 680 3174 hoc
693 3143 806 3175 saltem
819 3153 837 3176 a
853 3145 946 3176 vobis
955 3145 1110 3185 impetra-

60 3186 102 3218 bo
115 3211 124 3226 ,
142 3189 178 3220 ut
197 3197 237 3220 ne
265 3190 417 3222 Romanis
433 3193 627 3234 Saracenos,
647 3196 794 3227 omnium
819 3196 1007 3228 mortalium
1023 3197 1110 3237 inju-

60 3240 230 3280 stissimos,
261 3250 365 3282 neque
393 3245 509 3276 vestrae
545 3246 676 3279 utilitati
710 3248 879 3280 manifesta
907 3249 1112 3280 incommoda

61 3292 247 3330 praeferatis
264 3294 326 3332 Qui
341 3294 427 3326 enim
443 3296 530 3336 apud
541 3306 598 3330 vos
611 3300 688 3331 sunt
705 3301 853 3332 Saraceni
874 3301 886 3338 (
899 3309 1000 3341 quum
1016 3303 1110 3333 Sara-

61 3350 156 3374 cenos
168 3343 258 3383 dico,
276 3345 384 3377 animo
406 3349 611 3389 perpendite,
628 3359 648 3382 o
668 3352 769 3391 Medi,
787 3353 889 3393 gentis
903 3352 1066 3392 perfidiam
1079 3355 1113 3385 et

61 3392 349 3437 inconstantiam),
364 3397 448 3430 dona
463 3400 594 3440 quidem
613 3402 654 3434 al)
674 3403 750 3444 imp.
767 3406 783 3436 J
790 3404 949 3436 ustiniano
968 3404 1111 3445 accipere

2153 194 2226 229 221

1182 274 1221 312 τὸ
1242 274 1525 327 ἀξύμφορον.οἷ
1546 274 1624 312 καθ’
1644 276 1734 325 ὑμᾶς
1763 274 1829 327 γὰρ
1837 275 2059 346 ἩΣαρακηνοὶ
2070 275 2175 327 (ὅταν
2196 275 2233 315 δὲ

1180 331 1271 382 λέγω
1288 331 1536 385 Σαρακηνους,
1554 332 1815 383 ἀναλογίζεσθε,
1833 349 1861 370 ω
1878 335 2015 381 Μῆδοι,
2028 334 2067 372 τὸ
2086 335 2232 374 ἀλλόκο-

1179 389 1237 428 τόν
1253 405 1291 428 τε
1308 389 1372 428 καὶ
1391 389 1611 439 παλίμὸολον
1627 393 1685 427 τοῦ
1703 385 1899 437 ἔθνους),ῗ
1861 406 1954 429 ουτοι
1968 393 2055 438 δῆτα
2075 396 2134 431 οὖν
2147 393 2233 445 πρὸς

1182 448 1354 500 βασιλέως
1375 448 1619 487 Ἰουστινιανοῧ
1635 449 1729 501 δῶρα
1748 447 1810 499 μὲν
1827 448 2020 499 λαμὸάνειν
2039 451 2232 502 εἰώθεισαν,

1179 506 1217 545 τὸ
1241 506 1276 545 δὲ
1305 506 1378 550 ἔθος
1403 508 1519 550 αὐτοῖς
1541 510 1589 559 τῷ
1610 511 1669 545 τοῦ
1690 505 1903 559 παρέχοντος
1924 507 2128 548 ἐὸεὸαιοῦτο
2150 513 2233 562 βου-

1178 564 1330 615 λήματι.
1389 564 1667 618 εΥπερηδόμενος
1687 564 1755 617 γὰρ
1785 569 1828 618 τῇ
1854 565 1993 618 εἰρήνῃ,
2017 566 2077 605 καὶ
2103 562 2151 611 οἶς
2170 570 2234 606 οὐκ

1179 625 1286 676 ἐχρῆν
1308 623 1348 662 τὸ
1368 624 1614 676 μεγαλόδωρον
1636 623 1871 665 ἐπεδείκνυτο.
1896 625 1968 664 Καὶ
1985 626 2119 673 μᾶλλον
2136 626 2233 664 ἐκαί-

1178 684 1267 726 νιζεν
1300 681 1463 726 ἑκουσίως
1493 681 1754 735 φιλανθρωπίας
1787 681 1965 735 ὑπερὸολῇ
1997 682 2082 735 πρὸς
2112 683 2152 721 τὸ
2183 684 2232 734 μὴ

1180 742 1370 790 ἀναγκαῖον
1387 739 1431 779 τὰ
1450 741 1666 793 πράγματα,
1687 738 1780 793 ἤπερ
1805 741 1997 793 ἀκουσίως,
2017 743 2047 780 εἰ
2070 742 2166 793 θέμις
2186 744 2234 780 εἷ-

1178 800 1270 848 πεῖν,
1287 799 1438 838 ἐποιεῖτο
1449 801 1517 837 τῶν
1533 799 1733 852 ἀναγκαίων
1750 798 1813 846 τὴν
1827 798 2011 838 σύστασιν.
2032 800 2233 853 Μαρτύριον

1179 858 1216 896 δέ
1233 872 1292 909 μοι
1309 857 1526 912 σαφέςτατον
1545 862 1604 897 τοῦ
1628 860 1722 912 δῶρα
1742 858 1820 902 τοὺς
1837 858 2152 910 Σαρακηνοὺς,καὶ
2169 861 2235 913 οὐχ

1178 918 1224 961 ὡς
1239 918 1327 971 ὑπὲρ
1341 917 1552 965 σπονδῶν,“’
1528 933 1574 961 ως
1592 933 1695 971 φασι,
1710 917 1914 968 κομίζεσθαι
1927 917 1971 956 τὰ
1989 922 2134 956 τοιαῦτα
2144 920 2233 971 χρή·

1179 991 1293 1025 ματα,
1313 975 1373 1014 καὶ
1394 974 1516 1018 αὐτοὺς
1535 977 1820 1037 ἀντιδωροφορεῖν
1837 975 1894 1014 τὸν
1914 977 1994 1014 καθ’
2011 979 2105 1027 ἡμᾶς
2127 979 2232 1029 βασι-

1177 1034 1254 1074 λέα.
1273 1034 1345 1074 Καὶ
1358 1051 1444 1087 προς
1459 1050 1571 1072 ταυτα
1586 1034 1649 1085 μὲν
1664 1038 1762 1085 οἶμαι
1775 1036 1857 1085 μηδ’
1870 1037 2085 1074 ὁντιναουν’
2066 1039 2231 1088 αντερεῖν.

1179 1096 1223 1133 Εἰ
1241 1093 1277 1132 δε
1299 1093 1360 1132 καὶ
1377 1093 1572 1145 δοίημεν,“
1554 1110 1601 1138 ως
1627 1093 1874 1138 Ἰουστινιοινος
1893 1094 2018 1138 αὐτους
2037 1094 2130 1133 κατὰ
2152 1094 2233 1140 ξυν-

1176 1153 1285 1198 θήκας
1298 1154 1552 1206 ἐφιλοφρονεῖτο
1563 1158 1632 1195 τοῖς
1646 1152 1827 1205 χρήμασι,
1844 1153 2083 1205 συνεμετρήθη
2099 1156 2149 1206 τῷ
2165 1154 2230 1207 βίῳ

1180 1215 1240 1249 τοῦ
1258 1211 1476 1263 δωρουμένου
1496 1211 1666 1264 βασιλέως
1679 1212 1737 1250 καὶ
1751 1211 2039 1250 συνανεπαύσατο
2051 1211 2172 1251 τούτου
2189 1216 2233 1266 τῇ

1175 1271 1319 1322 τελευτῇ
1337 1269 1375 1307 τὸ
1393 1269 1623 1323 δωρούμενον.
1643 1271 1696 1309 Οὐ
1714 1269 1781 1322 γὰρ
1798 1270 1870 1314 ἑνὸς
1891 1270 2013 1324 ἀνδρὸς
2033 1270 2102 1309 ἔθει
2119 1271 2234 1325 (φημὶ

1177 1327 1212 1366 δὲ
1234 1327 1273 1366 τὸ
1290 1327 1419 1379 πλέον)
1435 1328 1496 1366 καὶ
1514 1327 1609 1381 νόμῳ
1628 1328 1676 1379 μὴ
1694 1330 1949 1378 λυσιτελοῦντι,
1972 1330 2032 1368 καὶ
2055 1332 2084 1368 εἷ
2100 1331 2233 1383 πέφυκε

1180 1387 1345 1440 βασιλεὺς
1362 1391 1380 1426 ὁ
1399 1388 1438 1426 τὸ
1454 1386 1527 1431 ἔθος
1547 1388 1824 1440 ἷσχυροποιήσας
1849 1389 1955 1440 ἤγουν
1974 1389 2232 1442 νομοθετήσας,

1175 1447 1334 1486 πολιτεία
1351 1448 1697 1495 καταδικασθήσεταί
1711 1465 1808 1487 ποτε.
1869 1449 1994 1500 ‘Haste
2012 1450 2047 1488 δὲ
2068 1454 2232 1490 τοσοῦτον

1178 1507 1356 1559 ἀπέχομεν
1373 1522 1433 1545 του
1452 1506 1581 1545 διδόναι
1602 1523 1634 1545 τι
1655 1507 1694 1545 τὸ
1719 1507 1841 1546 λοιπὸν
1864 1510 2102 1561 Σαρακηνοῖς,
2128 1509 2233 1548 καθό-

1176 1581 1234 1604 σον
1256 1565 1496 1609 Ἰουστινιανος
1517 1565 1579 1616 μὲν
1602 1581 1662 1603 και
1682 1565 1768 1619 πρὸς
1790 1565 1869 1611 τους
1893 1566 2090 1620 βαρὸάρους
2115 1567 2233 1614 ἠπιω-

1174 1641 1295 1674 τατος,
1313 1628 1330 1664 ὃ
1348 1626 1383 1663 δὲ
1400 1641 1459 1663 νυν
1479 1624 1672 1676 Ρωμαίων
1689 1626 1914 1679 αὐτοκράτωρ
1931 1626 2016 1678 πρὸς
2033 1627 2168 1670 πάντας
2188 1630 2234 1664 εἰ-

1174 1700 1232 1723 ναι
1257 1686 1420 1737 βούλεται
1443 1684 1698 1738 φοὸερώτατος.
1723 1686 1777 1724 Οὐ
1797 1685 1908 1737 χρεὼν
1942 1689 2000 1723 οὖν
2021 1701 2134 1724 ταυτα
2154 1686 2234 1730 τοὺς

1177 1743 1406 1797 Σαρακηνοὺς
1420 1745 1662 1797 ὀνειροπολεῖν·
1676 1747 1714 1782 οὐ
1726 1743 1794 1797 γάρ
1809 1761 1842 1783 τι
1852 1748 2004 1784 τοιοῦτον
2016 1748 2033 1784 ὃ
2047 1747 2125 1784 καθ’
2136 1748 2232 1796 ἡμᾶς

1179 1802 1341 1856 βασιλεὺς
1358 1803 1471 1841 ἕλοιτο
1484 1808 1608 1843 ποιεῖν.
1628 1803 1762 1842 Εὖκτον
1776 1803 1810 1842 δὲ
1828 1806 1908 1854 ὑμῖν
1919 1804 2105 1856 γενήσεται
2118 1803 2157 1842 τὸ
2167 1803 2230 1851 τὴν

1179 1862 1318 1915 εἰρήνην
1337 1861 1441 1901 αὐτὸν
1460 1862 1588 1900 ἐθέλειν
1605 1863 1795 1915 ἐρρῶσθαι,
1816 1863 1876 1901 καὶ
1894 1863 1943 1914 μὴ
1961 1863 2093 1902 οἴεσθαί
2111 1879 2151 1915 γε
2167 1864 2231 1903 αὖ-

1174 1921 1233 1960 τὸν
1255 1921 1400 1960 ἔλαττον
1415 1920 1507 1973 ἔχειν
1528 1921 1732 1972 Ῥωμαίους
1751 1923 1786 1960 ἐν
1803 1922 1878 1966 ταῖς
1898 1922 1966 1969 ἤδη
1985 1921 2233 1974 γεγενημέναις

1175 1980 1353 2024 σπονδαῖς.
1375 1980 1500 2032 Ταύτῃ
1520 1980 1588 2032 γὰρ
1609 1979 1765 2024 ἀνέξεται
1787 1979 1835 2031 μὴ
1855 1979 1947 2018 ὅπλα
1968 1983 2088 2020 κινεῖν.
2119 1998 2135 2014 ν
2157 1974 2231 2019 Οῧ·

1174 2092 1432 2131 consueverant‚
1451 2090 1507 2123 sed
1525 2091 1597 2123 haec
1623 2091 1824 2124 consuetudo
1849 2091 2040 2123 liberalitate
2058 2090 2128 2131 ejus
2140 2115 2149 2131 ‚
2176 2092 2232 2132 qui

1175 2143 1295 2184 dabat,
1325 2144 1476 2176 invaluit.
1509 2147 1619 2182 Quum
1644 2145 1729 2177 enim
1752 2153 1831 2186 pace
1852 2153 2042 2185 magnopere
2057 2144 2233 2184 laetaretur,

1173 2207 1207 2230 se
1223 2198 1387 2230 liberalem
1401 2207 1474 2240 erga
1487 2207 1542 2231 eos
1559 2207 1692 2239 quoque
1702 2223 1710 2238 ,
1725 2208 1808 2239 quos
1817 2207 1881 2230 non
1895 2198 2081 2239 oportebat,
2096 2198 2231 2230 exhibe·

1175 2249 1231 2282 bat
1240 2274 1250 2291 ,
1268 2253 1299 2282 et
1314 2259 1352 2282 eo
1372 2252 1517 2292 tempore
1539 2250 1740 2283 liberalitatis
1756 2250 1892 2282 modum
1907 2250 2020 2291 sponte
2035 2258 2093 2281 sua
2105 2273 2114 2288 ‚
2128 2258 2230 2290 quum

1174 2303 1309 2335 minime
1331 2312 1412 2344 opus
1430 2305 1520 2344 erat,
1547 2303 1701 2336 excedere
1722 2304 1856 2344 maluit,
1873 2312 1971 2345 quam
1987 2305 2024 2335 ut
2040 2302 2179 2342 invitus,
2205 2303 2231 2335 si

1174 2354 1281 2387 dIcere
1298 2355 1345 2387 fas
1361 2357 1427 2396 est,
1445 2356 1624 2388 necessitati
1651 2364 1760 2388 rerum
1781 2355 1918 2388 cederet.
1947 2354 2012 2388 Sed
2036 2355 2230 2387 manifestis-

1173 2409 1292 2440 simum
1313 2410 1540 2449 argumentum
1566 2409 1635 2449 ejus
1651 2409 1715 2450 rei,
1733 2409 1821 2450 quod
1840 2408 1992 2450 pecunias
2009 2417 2073 2440 non
2089 2417 2130 2440 ex
2154 2417 2230 2440 con-

1173 2461 1342 2500 ventione,
1374 2462 1410 2493 ut
1426 2461 1557 2501 dicunt,
1572 2461 1627 2493 sed
1642 2461 1727 2493 dono
1744 2462 1957 2502 acceperunt,
1974 2460 2054 2492 illud
2067 2461 2128 2499 est,
2142 2459 2230 2500 quod

1173 2512 1220 2544 illi
1237 2512 1377 2545 vicissim
1405 2513 1633 2553 imperatorem
1659 2514 1807 2544 nostrum
1836 2511 2023 2544 muneribus
2047 2511 2228 2543 coluerunt.

1173 2566 1283 2605 Neque
1304 2573 1502 2606 quemquam
1520 2564 1587 2596 istis
1601 2564 1879 2596 contradicturum
1898 2565 1988 2604 puto.
2009 2563 2131 2601 Quodsi
2157 2572 2231 2595 con·
2281 2565 2284 2568 ’

1173 2616 1380 2657 cederemus,
1399 2617 1626 2658 imperatorem
1645 2616 1862 2648 Justinianum
1880 2625 1922 2647 ex
1940 2615 2153 2647 conventione
2169 2615 2232 2647 illis

1174 2670 1327 2710 pecunias
1340 2669 1493 2710 largitum
1503 2693 1512 2707 ,
1530 2669 1601 2700 haec
1617 2670 1788 2700 conventio
1799 2668 1901 2709 spatio
1914 2667 1991 2699 vitae
2004 2667 2074 2707 eJus
2084 2692 2092 2706 ,
2105 2667 2160 2707 qui
2178 2675 2229 2707 pc·

1173 2722 1284 2754 eunias
1299 2723 1457 2763 solveret,
1469 2723 1552 2754 esset
1574 2722 1745 2754 terminata
1759 2723 1790 2753 et
1805 2720 2047 2761 circumscripta
2057 2745 2066 2760 ‚
2082 2721 2114 2752 et
2128 2721 2231 2752 morte

1172 2774 1241 2814 eJus
1254 2774 1386 2806 donatio
1408 2775 1505 2806 tinem
1527 2775 1714 2814 accepisset.
1737 2775 1848 2814 Neque
1864 2773 1960 2804 unius
1985 2772 2125 2803 hominis
2152 2781 2230 2803 con-

1172 2828 1342 2860 suetudine
1355 2829 1412 2860 aut
1427 2828 1493 2868 lege
1506 2827 1638 2859 minime
1654 2827 1724 2858 utili
1743 2827 1833 2866 (dico
1846 2828 1955 2858 autem
1967 2827 2005 2857 ut
2018 2825 2229 2865 plurimum),

1173 2882 1248 2913 licet
1261 2890 1316 2913 rex
1334 2882 1400 2922 ipse
1425 2881 1485 2920 sit,
1501 2881 1556 2921 qui
1572 2881 1654 2911 lianc
1671 2879 1938 2911 consuetudinem
1963 2880 2020 2910 aut
2033 2878 2134 2918 legem
2150 2886 2229 2908 con-

1172 2934 1331 2973 stituerit,
1351 2935 1420 2966 tota
1443 2942 1520 2974 gens
1536 2934 1594 2964 aut
1617 2942 1667 2965 res
1692 2932 1822 2973 publica
1841 2931 1942 2964 teneri
1953 2931 2059 2963 debet.
2074 2932 2138 2962 Nos
2153 2938 2229 2961 vero

1172 2996 1210 3018 eo
1231 2986 1332 3026 magis
1356 2986 1446 3018 abest
1463 2987 1499 3017 ut
1511 2986 1683 3026 quicquam
1700 2984 1785 3016 dono
1801 2984 1879 3015 dare
1897 2982 2062 3016 Saracenis
2078 2981 2227 3021 velimus,

1172 3038 1259 3078 quod
1284 3040 1441 3079 quantum
1467 3038 1642 3078 imperator
1671 3039 1690 3069 J
1695 3036 1875 3068 ustinianus
1899 3043 1973 3075 erga
2001 3034 2154 3066 barbaros
2175 3033 2227 3065 be-

1171 3092 1286 3131 nignus
1297 3092 1330 3123 et
1350 3091 1512 3123 beneficus
1531 3091 1610 3130 fuit,
1639 3090 1685 3130 is,
1714 3088 1769 3130 qui
1791 3097 1879 3120 nunc
1900 3088 2052 3120 Romanis
2079 3087 2226 3126 imperat,

1173 3145 1265 3175 tanto
1282 3145 1382 3184 magis
1401 3144 1568 3176 constituit
1594 3152 1628 3175 se
1650 3143 1776 3175 cunctis
1803 3142 1948 3182 praebere
1975 3139 2224 3172 formidandum.

1172 3196 1284 3235 ltaque
1298 3205 1364 3227 non
1377 3197 1504 3236 oportet
1518 3198 1690 3228 Saracenos
1703 3195 1774 3226 haec
1787 3193 1846 3226 sibi
1860 3192 1983 3224 somnia
1999 3191 2126 3231 fingere.
2140 3192 2227 3222 Nun-

1172 3256 1270 3288 quam
1293 3249 1379 3280 enim
1397 3249 1572 3289 imperator
1588 3249 1659 3280 haec
1676 3249 1778 3280 facere
1794 3246 1975 3279 sustinebit.
2000 3244 2099 3276 Vobis
2118 3244 2225 3274 autem

1171 3301 1349 3341 optandum
1363 3304 1412 3334 est
1433 3304 1470 3334 ut
1487 3311 1598 3343 pacem
1611 3310 1740 3334 servare
1756 3301 1788 3332 in
1803 3299 1947 3331 animum
1963 3306 2058 3329 suum
2077 3296 2224 3334 inducat,

1172 3361 1277 3392 neque
1289 3354 1451 3386 existimet
1468 3354 1625 3386 foederum
1640 3352 1869 3385 conventiones
1886 3350 1918 3381 in
1932 3349 2039 3388 aliqua
2055 3356 2089 3378 re
2107 3349 2224 3378 Roma-

1173 3414 1289 3438 norum
1302 3406 1503 3447 majestatem
1519 3407 1636 3440 laedere
1648 3407 1680 3440 et
1697 3405 1853 3437 minnere.
1872 3403 1902 3435 Si
1917 3401 2001 3434 enim
2014 3399 2045 3431 id
2062 3399 2223 3431 existima-
