2372 3704
119 234 192 270 322

615 331 652 364 7·

167 386 226 422 Id.
247 386 301 422 ib.
325 399 359 423 c.
386 386 428 423 31
457 397 466 424 :
484 384 776 440 Ῥωμαίωνπρὸς
792 388 949 434 Γάλλους
965 391 1160 442 πολεμούν-

114 459 195 491 των,
216 443 275 482 καὶ
295 446 356 490 τ’ἥς
389 443 547 491 εὐθηνίας
570 444 619 492 μὴ
651 445 826 498 ἀρκούσης
839 477 848 494 ,
873 448 1003 493 Κίννας
1020 453 1080 488 τοῦ
1098 450 1159 497 δή·

114 519 181 552 μου
210 502 250 542 τὸ
280 502 482 555 σιτόμετρον
510 503 692 543 ὑπέσπασε
706 522 714 530 ·
733 505 909 556 Ῥωμαῖοι
926 507 980 556 δὲ,
1000 511 1047 552 ὡς
1063 510 1160 547 ἀντι-

113 561 317 611 ποιούμενον
332 561 433 599 αὐτὸν
449 565 510 608 τῆς
527 563 720 614 βασιλείας,
736 563 956 605 λιθόλευστον
972 567 1153 615 ἐποίησαν·

112 622 158 663 ὡς
176 620 386 671 Ἀριστείδης
406 621 441 658 ἐν
460 621 566 674 τρίτῳ
585 621 781 661 Ἰταλικῶν.

614 703 651 742 8.

165 773 224 811 Id.
242 774 295 811 ib.
315 786 346 810 c.
370 777 434 816 [10.
454 773 550 810 Vide
566 774 772 811 Alexandri
788 776 920 824 Polyh.
938 775 982 814 fr.
1002 777 1064 815 26.

405 867 435 902 E
463 867 612 904 LIBRO
642 868 857 914 QUARTO.

164 1014 221 1050 Id.
250 1014 303 1051 ib.
337 1027 369 1050 c.
401 1013 449 1062 39
473 1025 481 1051 :
506 1011 567 1050 'Ev
591 1010 769 1064 Αἰγέστῃ,
790 1015 832 1065 τῇ
853 1013 952 1051 πόλει
971 1015 1033 1060 τῆς
1054 1015 1159 1053 Σικε-

114 1070 213 1120 λίας,
238 1070 371 1121 ἐγένετό
400 1086 450 1114 τις
466 1069 560 1119 ὠμὸς
587 1069 775 1122 τύραννος,
795 1071 957 1122 Αἰμίλιος
976 1073 1156 1125 Κενσωρῖ-

112 1146 180 1174 νος.
200 1124 312 1172 Οἷτος
334 1129 412 1173 τοὺς
431 1129 615 1181 καινότερα
648 1130 904 1183 βασανιστήρια
931 1131 1157 1170 κατασκευά-

111 1203 240 1231 σαντας
257 1187 475 1239 ἐδωροδόκει.
498 1182 559 1231 Εἷς
576 1186 613 1225 δέ
629 1203 679 1231 τις
690 1218 700 1236 ,
720 1187 753 1227 Ἀ
761 1188 912 1240 ρούνῑιος
928 1189 1155 1243 Πατέρκουλ-

109 1247 187 1294 λος,
226 1245 486 1299 δημιουργήσας
523 1244 627 1284 ἵππον
657 1247 812 1298 χαλκοῦν
829 1249 880 1301 τῷ
913 1248 1158 1301 προειρημένῳ

110 1305 220 1357 δῶρον
241 1305 384 1356 ἔδωκεν,
416 1303 473 1342 ἵνα
497 1304 611 1355 βάλλῃ
634 1305 771 1348 αὐτούς.
795 1305 840 1345 ‘O
867 1305 903 1344 δὲ
921 1307 998 1345 τότε
1016 1310 1156 1359 πρῶτον

110 1363 264 1413 νομίμως
283 1363 529 1416 ἀναστραφεὶς,
547 1363 604 1401 τὸν
623 1364 861 1416 χαρισάμενον
881 1365 1049 1418 πρότερον
1069 1366 1157 1404 ἔδα-

111 1423 181 1459 λεν·
202 1425 248 1466 ὡς
268 1421 321 1470 ἂν,
339 1422 383 1469 ἣν
402 1421 567 1468 ἐπενόησε
595 1422 747 1473 βάσανον
775 1422 911 1471 ἄλλοις,
939 1424 1040 1467 αὐτὸς
1062 1425 1156 1476 πάθῃ

109 1484 259 1533 πρῶτος.
283 1484 418 1520 Τοῦτον
447 1480 633 1519 συλλαὸὼν
666 1481 736 1518 ἀπὸ
770 1485 829 1519 τοῦ
855 1479 1040 1535 Ταρπηίου
1062 1483 1159 1536 ὄρους

110 1539 242 1592 ἔρριψε.
263 1540 335 1579 Καὶ
356 1541 514 1578 δοκοῦσιν
534 1541 566 1577 οἱ
594 1540 779 1590 ἀποτόμως
804 1541 1077 1591 βασιλεύσαντες
1095 1543 1156 1580 ἀπ’

110 1598 241 1636 ἐκείνου
274 1597 435 1648 Αἱμίλιοι
462 1598 800 1651 προσαγορεύεσθαι’
827 1602 873 1644 ὡς
893 1600 1106 1652 Ἀριστείδης
1123 1603 1157 1640 ἐν

107 1657 263 1709 τετάρτῳ
291 1656 491 1696 Ἰταλικῶν.
533 1674 548 1691 (ι
578 1660 675 1695 Gens
707 1660 855 1695 AEmilia
884 1660 934 1695 ad
965 1662 1158 1697 Amulium

108 1717 344 1753 Albanorum
373 1729 501 1765 regem
523 1729 543 1752 a
563 1718 654 1753 Silio
677 1715 687 1765 (
707 1718 804 1755 Pun.
837 1719 947 1763 VIII,
979 1718 1080 1767 295)
1099 1733 1158 1755 re-

109 1775 240 1813 fertur.
262 1777 347 1811 Jam
363 1776 393 1810 is
411 1776 603 1820 Amulius,
625 1777 715 1824 quia
742 1777 852 1824 pulso
876 1776 989 1813 fratre
1003 1785 1156 1826 regnat,

108 1835 238 1870 sceleri
253 1835 373 1870 scelus
387 1834 492 1870 addit
509 1834 519 1883 (
536 1835 618 1872 Liv.
640 1836 677 1880 1,
695 1834 715 1869 3
731 1834 741 1883 )
758 1849 767 1880 ;
789 1835 877 1871 inde
891 1848 1034 1872 novam
1054 1849 1158 1872 suam

109 1893 251 1927 AEmilii
286 1893 450 1928 nominis
482 1894 753 1941 etymologiam
785 1893 967 1930 Aristides
1008 1897 1160 1931 arcessi—

108 1951 202 1986 visse
222 1951 409 1988 videatur.
429 1967 444 1983 υ
466 1952 592 1988 Eberc.
616 1951 733 1988 Σικελ.
753 1964 793 2000 p.
818 1951 878 1988 80.

330 2041 360 2075 E
389 2041 538 2076 LIBRO
566 2041 755 2077 DECIMO
785 2041 935 2078 NONO.

606 2141 664 2165 10.

162 2199 220 2237 Id.
244 2199 296 2237 ib.
332 2212 366 2236 c.
390 2198 437 2234 35
464 2210 473 2236 ε
507 2200 641 2248 Λοιμοῦ
677 2197 916 2250 κατασχόντος
937 2198 1158 2247 Φαλερίους,

112 2256 173 2293 καὶ
205 2258 332 2307 φθορᾶς
364 2254 572 2305 γενομένης,
604 2255 764 2308 χρησμὸς
793 2255 894 2302 ἐδόθη
927 2257 1089 2308 λωφῆσαι
1122 2257 1160 2294 τὸ

614 2371 649 2402 7.

151 2422 300 2455 Roinenis
326 2422 447 2454 benum
469 2424 581 2454 eontra
602 2424 710 2456 Gallos
726 2424 928 2463 gerentibus,
947 2427 979 2455 et
1002 2423 1098 2456 rebus
1121 2424 1161 2455 ad

108 2475 232 2506 victum
243 2482 316 2514 quae
338 2475 497 2514 pertinent
513 2483 576 2505 non
598 2475 892 2515 suppeditantibus,
913 2475 1016 2507 Cinna
1033 2485 1161 2507 mensu-

111 2537 177 2559 ram
189 2552 197 2567 ,
214 2535 279 2568 qua
291 2527 410 2568 populo
427 2527 572 2558 solebant
586 2528 783 2559 trumentum
799 2528 959 2566 dimetiri,
974 2529 1134 2560 contraxit
1151 2542 1158 2560 ι

100 2584 221 2622 ,estque
250 2581 418 2621 propterea
442 2589 460 2611 a
483 2580 626 2619 civibus,
647 2581 737 2620 quasi
766 2590 900 2620 regnum
918 2582 1102 2622 affectaret,
1118 2583 1161 2613 la-

111 2633 236 2672 pidibus
248 2632 394 2664 obrutus.
408 2631 559 2664 Aristides
567 2632 662 2664 tertio
675 2632 870 2665 Italicorum.

150 2746 303 2783 AEgestae‚
317 2750 391 2781 quae
407 2741 522 2773 Siciliae
534 2741 611 2774 urbs
626 2743 692 2781 est,
708 2751 814 2775 saevus
829 2742 961 2783 quidam
975 2742 1034 2774 tuit
1050 2743 1160 2782 tyran-

108 2805 188 2835 nus,
214 2795 361 2827 AEmilius
383 2794 596 2834 censorinus,
624 2794 716 2827 donis
731 2804 784 2827 eos
809 2795 967 2834 afficiens,
996 2795 1051 2835 qui
1076 2803 1160 2827 nova

108 2847 303 2878 invenissent
328 2847 500 2877 tormenta.
525 2847 603 2878 Erat
617 2846 747 2887 quidam
771 2847 925 2879 Aruntius
954 2847 1158 2887 paterculus,

109 2899 164 2939 qui
175 2907 293 2939 equum
307 2907 426 2929 aereum
438 2898 610 2930 fabricatus
622 2899 706 2930 dono
721 2899 808 2931 dedit
822 2900 956 2939 tyranno
966 2923 974 2939 ‚
990 2901 1026 2931 ut
1039 2901 1071 2930 in
1084 2908 1159 2931 eum

109 2950 281 2991 conjiceret
291 2950 488 2982 cruciandos.
509 2952 678 2990 Tyrannus
693 2951 771 2983 tunc
789 2951 929 2992 primum
942 2951 995 2991 jus
1010 2949 1158 2992 secutus,

108 3011 214 3044 ipsum
225 3001 377 3033 tormenti
390 3003 554 3033 auctorem
572 3002 605 3033 in
624 3004 745 3044 equum
762 3003 918 3042 coniecit,
935 3003 972 3034 ut
989 3011 1070 3043 quos
1085 3004 1157 3035 aliis

109 3054 277 3095 paraverat
298 3052 478 3092 cruciatus,
507 3052 573 3093 ipse
592 3054 715 3094 primus
737 3054 945 3095 experiretur.
969 3057 1049 3087 Eum
1072 3063 1160 3086 com-

108 3106 302 3147 prehensum
327 3103 367 3135 de
386 3105 495 3136 monte
508 3105 642 3145 Tarpeio
655 3105 782 3145 deiecit.
800 3107 839 3137 Et
854 3106 1003 3138 videntur
1016 3106 1070 3147 qui
1088 3115 1160 3138 cru-

116 3157 222 3189 ieliter
250 3156 424 3196 imperant,
451 3155 491 3187 ab
516 3156 570 3187 illo
603 3156 678 3188 dicti
705 3157 835 3189 AEmilii.
859 3158 1012 3190 Aristides
1044 3160 1160 3199 quarto

112 3209 302 3241 italicorum.

613 3265 668 3296 10.

150 3316 281 3348 Faleriis
297 3318 458 3357 grassante
472 3318 576 3357 peste,
591 3319 721 3350 oraculo
732 3318 906 3352 indicatum
926 3321 972 3352 est
984 3320 1080 3353 finem
1094 3321 1161 3353 sore

112 3368 207 3408 mali,
231 3369 255 3400 si
282 3370 453 3409 quotannis
470 3371 589 3402 Junoni
608 3371 730 3411 virgine
755 3372 893 3405 litarent.
919 3375 963 3405 Ea
980 3374 1160 3414 superstitio

109 3428 209 3458 quum
226 3420 428 3461 perduraret,
443 3424 528 3453 sorte
546 3422 627 3454 lecta
644 3423 769 3455 Valeria
791 3426 952 3466 Luperca,
965 3427 996 3458 et
1015 3426 1054 3457 ad
1072 3434 1161 3458 aram

948 234 1206 283 Amsnms
1237 237 1431 276 MILESII

1223 323 1348 374 δεινὸν,
1368 323 1428 361 ἐὰν
1454 323 1622 376 παρθένον
1650 327 1693 378 τῇ
1717 324 1816 379 ‘'Hpqt
1842 325 1967 364 θύωσιν
1998 327 2076 365 κατ’
2093 327 2260 368 ἐνιαυτόν.

1222 381 1292 420 Ἀεὶ
1330 381 1366 419 δὲ
1399 384 1461 429 τῆς
1489 382 1759 434 δεισιδαιμονίας
1787 384 1975 434 μενούσης,
2008 384 2100 423 κατὰ
2135 387 2264 439 κλῆρον

1221 439 1420 490 καλουμένη
1439 441 1616 494 Οὐαλερία
1640 442 1827 495 Λουπέρκα
1842 442 1946 494 ἤγετο
1961 444 2007 486 εἷς
2023 443 2156 482 θυσίαν·
2171 459 2259 482 σπα-

1222 497 1358 548 σαμένη
1376 498 1413 536 δὲ
1428 497 1468 536 τὸ
1488 498 1601 551 ξίφος,
1623 500 1722 544 ἀετὸς
1737 501 1918 545 καταπτὰς
1936 500 2075 552 ἥρπασε
2088 531 2100 552 ,
2126 500 2186 540 καὶ
2206 499 2266 540 ἐπὶ

1222 558 1290 594 τῶν
1314 556 1480 609 ἐμπύρων
1509 557 1612 604 ἔθηκε
1635 558 1761 611 ῥάὸδον
1784 559 1911 612 μικρὰν
1944 559 2093 611 ἔχουσαν
2114 558 2264 613 σφύραν,

1222 614 1261 651 τὸ
1278 614 1314 652 δὲ
1333 614 1425 666 ξίφος
1443 614 1595 653 ἐπέὸαλε
1610 616 1758 667 δαμάλει
1777 618 1844 656 τινὶ
1860 616 1957 670 παρὰ
1968 617 2026 655 τὸν
2045 617 2126 656 ναὸν
2138 621 2266 670 βοσκο-

1223 672 1324 724 μένῃ.
1345 672 1517 719 Νοήσασα
1538 673 1574 712 δὲ
1593 677 1616 721 ἠ
1635 674 1823 728 παρθένος,
1844 676 1905 714 καὶ
1923 676 1988 723 τὴν
2013 678 2095 727 βοῦν
2117 675 2265 724 θύσασα,

1222 730 1282 768 καὶ
1301 730 1364 777 τὴν
1385 731 1519 783 σφύραν
1540 731 1673 784 ἄρασα,
1686 735 1764 771 κατ’
1782 734 1895 772 οἰκίαν
1910 736 2089 788 περιῆλθε,
2110 733 2170 773 καὶ
2189 732 2267 776 τοὺς

1223 791 1448 834 ἀσθενοῦντας
1465 789 1581 842 ἠρέμα
1600 790 1806 838 πλήττουσα
1827 792 2010 845 διήγειρεν,
2031 795 2200 846 ἐρρῶσθαι
2216 791 2266 830 ἑνὶ

1222 846 1359 900 ἑκάστῳ
1374 846 1540 897 λέγουσα.
1558 846 1666 886 ’Ὅθεν
1680 849 1740 887 καὶ
1756 854 1820 888 νῦν
1839 850 1879 888 τὸ
1895 850 2085 902 μυστήριον
2101 851 2265 889 τελεῖται·
2315 879 2321 884 -

1222 908 1268 949 ὡς
1286 904 1497 958 Ἀριστείδης
1515 907 1550 944 ἐν
1571 907 1867 962 ἐννεακαιδεκάτῳ
1886 909 2080 949 Ἰταλικῶν.
2098 910 2267 947 Eandem

1221 965 1390 1001 fabulam
1407 978 1453 1002 ex
1470 968 1642 1003 Varrone
1661 967 1772 1004 affert
1795 970 1816 1005 J
1819 981 1856 1007 0.
1871 969 2013 1018 Lydus.
2026 969 2122 1006 Vide
2138 969 2184 1007 fr.
2200 967 2264 1006 25.

1393 1071 1424 1105 E
1447 1069 1600 1108 Lumo
1629 1070 2023 1118 QUADRAeEslMo
2041 1071 2099 1122 (ε).

1714 1177 1775 1203 11.

1274 1242 1334 1281 Id.
1355 1243 1407 1278 ib.
1433 1256 1466 1282 e.
1489 1242 1510 1279 5
1535 1255 1544 1281 z
1564 1242 1633 1282 Διὰ
1650 1242 1759 1294 μέσης
1780 1245 1842 1290 τῆς
1867 1245 1994 1297 ἀγορᾶς
2015 1242 2101 1298 ῥέων
2123 1245 2142 1282 ὃ
2159 1242 2268 1284 Τίθε-

1222 1315 1270 1353 ρις
1285 1300 1340 1338 διὰ
1359 1302 1461 1350 μ’ῆνιν
1479 1300 1636 1354 Ταρσίου
1652 1302 1751 1350 Διὸς,
1768 1301 1931 1353 μέγιστον
1952 1302 2124 1355 ἀπέρρηξε
2138 1304 2267 1354 χῶμα,

1221 1358 1281 1397 καὶ
1299 1358 1432 1402 πολλὰς
1445 1358 1555 1402 οἰκίας
1576 1359 1715 1398 {edema
1727 1375 1735 1383 ·
1753 1361 1911 1412 χρησμὸς
1926 1361 1955 1399 δ’
1973 1359 2074 1407 ἐδόθη
2091 1359 2268 1408 λήξεσθαι,

1222 1417 1282 1455 ἐὰν
1300 1416 1340 1455 τὸ
1356 1417 1470 1467 τίμιον
1493 1417 1686 1468 ἕμὸάλωσι.
1743 1420 1825 1458 Τῶν
1840 1419 1876 1456 δὲ
1895 1418 2024 1471 χρυσὸν
2040 1418 2100 1457 καὶ
2120 1418 2268 1471 ἄργυρον

1221 1476 1468 1527 ἐμὸαλλόντων
1483 1505 1493 1523 ,
1534 1476 1702 1529 Κούρτιος
1732 1480 1800 1516 τῶν
1844 1477 2027 1528 ἐπισήμων
2067 1477 2142 1522 νέος
2154 1507 2165 1526 ,
2209 1477 2267 1515 τὸν
2317 1490 2322 1495 “

1222 1535 1384 1588 χρησμὸν
1398 1534 1526 1581 νοήσας
1539 1564 1549 1582 ,
1571 1536 1630 1573 καὶ
1651 1535 1878 1586 λογισάμενος
1899 1537 1960 1583 τὴν
1977 1535 2093 1589 ψυχὴν
2107 1534 2267 1586 τιμιωτέ-

1224 1610 1298 1647 ραν,
1319 1593 1469 1646 ἔφιππον
1491 1594 1612 1631 ἓαυτὸν
1639 1593 1777 1646 ἔρριψεν
1797 1596 1844 1639 εἷς
1867 1595 1907 1633 τὸ
1923 1594 2072 1647 χάσμα,
2103 1596 2162 1633 καὶ
2188 1593 2265 1638 τοὺς

1222 1651 1368 1695 οἰκείους
1388 1651 1535 1695 ἐξέσωσε
1551 1655 1618 1690 τῶν
1636 1655 1771 1690 κακῶν·
1795 1655 1840 1696 ὡς
1858 1653 2069 1706 Ἀριστείδης
2087 1654 2121 1690 ἐν
2135 1667 2266 1691 τεσσα-

1227 1714 1388 1765 ρακοστῷ
1403 1711 1600 1750 Ἰταλικῶν.

1474 1807 1507 1852 ,E
1535 1807 1696 1843 LIBRIS
1724 1807 1964 1844 INCERTIS.

1718 1905 1776 1930 12.

1275 1967 1334 2005 Id.
1358 1967 1412 2005 ib.
1428 1980 1461 2004 e.
1482 1973 1503 2011 4
1521 1980 1529 2002 :
1550 1964 1724 2016 Ῥωμαῖοι
1738 1965 1823 2019 πρὸς
1839 1964 1988 2010 Ποινοὺς
2003 1965 2156 2016 πόλεμον
2170 1965 2269 2019 ἔχον-

1223 2039 1279 2066 τες
1292 2053 1302 2070 ,
1334 2022 1496 2076 ἔπεμψαν
1533 2024 1772 2075 τριακοσίους,
1805 2023 1865 2062 καὶ
1898 2024 2094 2076 στρατηγὸν
2131 2024 2273 2067 Φάόιον

1226 2081 1404 2132 Μάξιμον.
1434 2082 1635 2132 Συμὸαλὼν
1668 2083 1696 2121 δ’
1730 2082 1888 2121 ἀπέὸαλε
1921 2082 2074 2130 πάντας,
2107 2083 2208 2127 αὐτὸς
2236 2082 2272 2122 δὲ

1227 2140 1371 2192 καιρίως
1398 2140 1539 2192 τρωθεὶς
1561 2141 1636 2191 μεθ’
1664 2143 1773 2194 ὁρμῆς
1790 2141 1847 2178 ἐπὶ
1865 2140 1923 2178 τὸν
1941 2140 2099 2179 Ἀννίὸαν
2114 2140 2266 2192 ἠνέχθη,

1224 2198 1284 2236 καὶ
1303 2198 1460 2237 καθελὼν
1471 2199 1510 2237 τὸ
1529 2199 1684 2250 διάδημα
1696 2228 1706 2246 ,
1723 2198 1957 2238 συναπέθανεν
1974 2199 2088 2252 αὐτῷ,
2111 2199 2269 2252 καθάπερ

1223 2258 1353 2309 ἱστορεῖ
1370 2256 1581 2309 Ἀριστείδης
1602 2260 1620 2295 ὁ
1635 2256 1822 2304 Μιλήσιος.

1225 2366 1337 2406 ducta,
1353 2367 1501 2399 strictum
1517 2367 1558 2399 ab
1578 2376 1614 2399 ea
1629 2367 1771 2408 gladium
1787 2367 1891 2408 rapuit
1908 2367 2034 2408 aquila,
2055 2367 2270 2409 depositoque

1224 2418 1256 2449 in
1267 2427 1303 2450 ea
1317 2427 1390 2458 quae
1409 2418 1628 2450 comburenda
1645 2419 1709 2458 igni
1721 2419 1812 2450 erant
1822 2419 1936 2454 bacillo
1948 2443 1957 2458 ‚
1977 2419 2028 2451 eui
2042 2419 2177 2460 exiguus
2192 2428 2273 2460 proe-

1224 2470 1307 2502 fixus
1323 2473 1390 2503 erat
1407 2472 1560 2511 malleus,
1577 2471 1717 2512 gladium
1747 2471 1856 2511 injecit
1881 2471 2007 2503 buculae
2023 2471 2166 2504 cuidam'
2174 2481 2272 2514 prope

1224 2524 1380 2563 templum
1395 2523 1547 2563 pascenti.
1566 2524 1601 2555 ld
1626 2523 1805 2564 intelligens
1820 2524 1911 2564 virgo
1925 2523 2044 2555 bucula
2065 2532 2133 2556 rem
2149 2533 2271 2557 sacram

1224 2575 1314 2614 feeit,
1329 2575 1519 2615 sublatoque
1531 2575 1646 2607 malleo
1662 2575 1838 2607 secundum
1855 2575 1968 2607 domos
1983 2574 2177 2615 circumivit,
2191 2575 2270 2608 leni-

1224 2635 1287 2666 que
1314 2627 1381 2658 ictu
1403 2627 1557 2659 excitavit
1580 2628 1789 2667 aegrotantes,
1817 2627 1932 2659 Valere
1956 2627 2128 2668 unicuique
2152 2627 2270 2662 dicens.

1223 2679 1329 2718 Atque
1343 2678 1418 2709 binc
1438 2680 1486 2710 est
1508 2678 1594 2718 quod
1617 2678 1672 2710 illa
1690 2687 1780 2710 saera
1801 2679 1834 2710 in
1850 2678 1937 2710 hunc
1952 2687 2053 2719 usque
2070 2678 2156 2711 diem
2177 2687 2270 2721 pera·

1222 2730 1350 2769 guntur.
1371 2729 1523 2761 Aristides
1537 2730 1707 2762 undecimo
1721 2730 1916 2762 ltalicorum.

1715 2790 1771 2822 11.

1265 2844 1324 2875 Per
1345 2842 1487 2875 medium
1513 2843 1617 2875 sorum
1640 2843 1759 2876 flumen
1778 2845 1899 2877 Tiberis
1914 2845 1956 2877 oh
1970 2845 2049 2877 iram
2066 2845 2157 2878 Jovis
2169 2847 2269 2879 Tarsii

1221 2895 1379 2934 ingentem
1393 2895 1518 2935 aperuit
1531 2895 1653 2927 hiatum
1679 2897 1862 2937 multasque
1875 2897 2032 2938 absorpsit
2049 2897 2173 2930 domos.
2191 2900 2268 2930 Ora·

1222 2948 1295 2979 culo
1307 2947 1422 2979 moniti
1432 2947 1528 2979 finem
1541 2948 1620 2987 tore,
1628 2948 1653 2980 si
1664 2948 1834 2988 pretiosam
1846 2957 1913 2980 rem
1922 2949 2099 2989 injicerent,
2110 2958 2225 2982 aurum
2237 2953 2269 2983 et

1221 3000 1388 3038 argentum
1407 2997 1595 3038 injecerunt.
1618 2998 1679 3030 Sed
1696 2999 1839 3039 Curtius,
1853 3008 1937 3031 unus
1951 3000 1992 3032 de
2006 3001 2165 3040 primariis
2177 3001 2269 3040 juve-

1221 3052 1333 3089 nibus,
1358 3050 1515 3083 sententia
1530 3051 1652 3082 oraculi
1681 3051 1861 3092 intellecta,
1877 3052 2083 3093 animamque
2103 3053 2172 3085 istis
2183 3061 2267 3094 proe·

1220 3105 1404 3137 stantiorem
1415 3103 1563 3143 sentiens,
1575 3112 1673 3144 eques
1684 3113 1717 3136 se
1731 3104 1834 3145 ipsum
1845 3105 1877 3136 in
1890 3105 2013 3138 hiatum
2024 3105 2168 3146 immisit,
2176 3114 2267 3138 suos-

1221 3165 1283 3197 que
1298 3155 1477 3187 calamitate
1491 3154 1598 3186 solvit.
1613 3155 1766 3187 Aristides
1780 3156 2022 3197 quadragesimo
2036 3157 2233 3190 Italicorum.

1262 3271 1394 3302 Romani
1423 3269 1507 3303 bello
1536 3271 1656 3302 Punico
1681 3271 1843 3303 trecentos
1864 3271 2036 3312 miserunt,
2064 3272 2147 3305 duee
2167 3272 2266 3305 Fabio

1222 3321 1372 3353 Maximo.
1382 3323 1413 3353 Is
1423 3323 1569 3354 conserta
1582 3330 1686 3362 pugna
1699 3331 1809 3354 omnes
1822 3323 1946 3356 amisit:
1961 3324 2119 3365 ipseletali
2132 3324 2267 3356 affectus

1223 3374 1354 3405 vulnere
1370 3374 1402 3405 in
1418 3374 1603 3406 Annibalem
1618 3374 1726 3414 irruit,
1743 3371 1933 3408 diadema'ei
1949 3376 2109 3416 detraxit,
2127 3384 2265 3416 cumque

1223 3435 1260 3458 eo
1274 3428 1421 3459 mortuus
1434 3428 1490 3460 est.
1511 3428 1559 3459 lta
1575 3427 1729 3460 Aristides
1750 3428 1900 3460 Milesius.
