2326 3724
126 218 172 250 35
952 203 1159 244 EUNAPII
1191 202 1437 244 SARDIANI

121 299 349 335 contradicit
370 299 564 335 calumniae
580 299 711 336 Victor
726 298 767 332 in
784 297 959 345 Epitome
981 295 1027 331 de
1044 296 1163 330 Theo-

121 359 227 394 dosio
263 359 411 402 dicens,
429 357 662 405 prohibuisse
692 358 772 404 lege
799 358 1005 391 ministeria
1030 355 1165 389 larcim

114 418 367 464 psaltriasque
390 416 740 452 commassationibus·
756 412 943 457 adhiberi,
971 420 1044 450 etc.
1072 413 1163 447 Ele-

117 487 216 521 gans
234 476 447 523 [arctumque
462 479 659 510 corwiwimn
673 475 764 509 (lare
776 475 932 515 solitum,
951 484 1023 507 non
1041 479 1164 506 lcmeetz

118 542 377 582 sumptuosum,
399 542 470 569 etc.
488 535 669 569 Vescemli
678 534 900 568 coutinentia
910 531 1164 566 valetudinem

119 598 271 630 rexisse.
295 594 531 630 Contradicit
550 594 664 628 etiam
680 591 906 627 Tlremistius
935 590 974 624 in
992 591 1165 624 oratione

121 663 232 699 quam
245 665 315 700 ego
326 652 531 687 Mediolani
547 651 662 695 edidi,
676 650 722 685 dc
735 648 958 697 praefectura
977 655 1162 696 suscepta,

120 723 205 758 cap.
225 724 262 756 7,
282 724 319 758 9,
336 710 668 758 quiTlieodosium
685 710 814 743 Marco
830 714 867 742 et
884 708 1075 743 Antonino
1093 719 1164 755 pa-

120 780 198 804 rem
212 769 455 817 philosophia
473 769 579 804 dicit.
603 783 618 799 »
636 769 726 802 Min.
751 767 889 802 Zosimi
901 766 1166 800 auctoritatem

119 834 246 862 tuetur
258 829 508 875 Reitemeyer.
537 827 585 862 ad
603 827 740 862 Zosim.
763 839 802 874 p.
820 824 908 872 593.
922 847 974 851 —
992 822 1165 875 Ἀπορία

118 883 198 935 γὰρ
214 885 310 935 κτλ.]
334 903 348 918 υ
371 888 440 924 Vix
457 887 590 921 dubito
613 886 705 933 quin
724 886 764 920 h.
788 886 814 920 l.
833 885 1026 932 Eunapius
1043 885 1164 919 Theo·

119 944 268 979 dosium
279 945 564 993 reprehenderit
575 945 692 980 veluti
704 944 935 978 tributorum
948 943 1165 990 graviorum

119 1010 353 1046 exactorem,
375 1003 480 1049 quod
500 1002 590 1037 facit
616 1003 786 1038 Zosimus
815 1003 879 1045 IV,
903 1013 967 1048 29.
1002 1001 1049 1037 32
1070 1011 1078 1036 :
1102 1002 1165 1036 cui

117 1062 261 1108 pariter
283 1062 557 1096 insimulationi
583 1061 719 1096 diserte
740 1061 895 1096 obviam
915 1061 944 1094 it
963 1059 1167 1108 praedictus

119 1119 263 1164 Victor,
284 1127 362 1154 tum
379 1121 498 1155 multo
518 1120 746 1154 luculentius
762 1119 986 1153 Themistius
1013 1119 1054 1152 in
1075 1119 1166 1154 Ora-

119 1179 221 1213 tione
249 1168 274 1213 s.
302 1191 387 1227 cap.
418 1192 460 1224 17
491 1191 600 1225 sqq.,
622 1178 688 1225 qui
717 1177 865 1212 sublata
884 1178 1167 1226 propemodum

118 1250 140 1272 a
162 1237 375 1272 Theodosio
398 1238 540 1272 tributa
560 1244 709 1280 narrat,
729 1236 923 1271 redditum
944 1249 965 1272 a
982 1235 1075 1272 fisco
1096 1249 1166 1272 au-

118 1308 220 1340 rum,
249 1296 466 1343 expeditum
491 1308 537 1330 aes
558 1296 719 1330 alienum
735 1323 744 1339 ,
772 1296 915 1330 victum
942 1296 1167 1344 suppedita—

118 1362 217 1399 tum,
237 1355 338 1389 orbis
357 1355 484 1402 pueris
501 1355 714 1401 puellisque
742 1355 977 1402 consultum,
998 1356 1169 1403 proscri-

118 1414 191 1461 ptis
223 1413 396 1448 restituta
436 1413 559 1457 bona,
595 1413 782 1448 barbaros
817 1415 918 1461 ipsos
953 1414 994 1448 in
1025 1414 1168 1449 ditione

118 1473 290 1507 Romana
311 1479 527 1507 commeatu
545 1472 761 1508 sublevatos
781 1472 828 1508 ab
850 1473 1078 1522 imperatore
1099 1473 1167 1509 de-

118 1531 312 1578 praedicat.
337 1547 351 1563 »
373 1532 469 1568 MAI.

610 1613 671 1656 49·

175 1695 322 1745 [Suidas
339 1709 373 1733 v.
395 1694 621 1744 Ἒκμελές.
643 1712 658 1727 «
676 1693 747 1731 Καὶ
765 1693 951 1735 Θεοδόσιος
968 1697 985 1731 ὃ
1008 1694 1169 1745 βασιλεὺς

123 1752 271 1802 ἐκμελὴς
283 1747 324 1799 ἦν
335 1753 394 1790 καὶ
405 1753 500 1803 πάσῃ
522 1752 672 1805 ῥᾳθυμίᾳ
687 1752 895 1802 ἐκκείμενος.
907 1753 940 1803 υ]
955 1755 1080 1791 Verba
1097 1757 1170 1790 Eu-

123 1815 227 1862 napii
252 1815 422 1861 agnoscit
441 1814 722 1850 Boissonadius.
742 1814 850 1849 Idem
873 1814 921 1848 ad
942 1827 1069 1849 rerum
1097 1822 1172 1850 sta-

121 1880 214 1917 tum,
231 1874 298 1920 qui
311 1873 515 1909 Theodosii
530 1873 767 1922 temporibus
783 1880 878 1916 erat,
892 1880 1063 1920 spectare
1078 1885 1163 1909 cen-

120 1938 175 1966 sct
193 1932 387 1978 sequentia
412 1945 420 1967 z

173 1990 281 2025 Idem
300 2003 308 2025 :
334 1991 384 2027 Σι
398 2003 476 2041 ρομ
488 1988 509 2026 ά
520 2004 597 2034 στη
610 2005 624 2032 ς
635 2018 646 2039 ,
669 1988 790 2032 σκεῦός
804 2004 838 2026 τι
863 1989 1037 2040 σιδηροῦν,
1058 1988 1170 2036 λαὸὴν

123 2046 259 2093 ξυλίνην
269 2046 348 2098 ἔχον
360 2046 457 2098 παρὰ
468 2048 539 2091 τοῖς
548 2047 712 2090 τελώναις
720 2049 766 2090 εἷς
777 2046 932 2098 ἔρευναν.
946 2066 961 2081 »
978 2047 1154 2092 Εὒνάπιος
1163 2064 1171 2071 ·

125 2124 139 2138 «ι
161 2105 271 2144 ἓΏστε
289 2109 305 2144 ὃ
326 2107 540 2158 σιρομάστης
558 2107 691 2156 μᾶλλον
710 2106 885 2157 εὐδοκίμει
905 2110 964 2145 τοῦ
985 2106 1138 2158 δόρατος.
1155 2125 1170 2141 υ

127 2182 142 2197 «
165 2167 414 2202 Describcbat
433 2167 530 2202 forte
550 2168 754 2202 immanem
771 2167 869 2202 hanc
901 2168 1074 2215 pecuniae
1101 2181 1171 2203 cu-

121 2224 319 2272 piditatem
335 2253 344 2270 ,
367 2238 443 2273 qua
456 2226 690 2261 Theodosius
708 2227 909 2262 laborabat
921 2253 930 2271 ,
954 2239 1070 2274 quum
1092 2226 1173 2262 fisci

122 2291 389 2330 procuratores
405 2285 602 2332 vectigalia
619 2284 813 2319 atrocibus
837 2286 960 2321 modis
977 2294 1174 2334 extorque-

123 2350 227 2386 rent,
245 2349 282 2377 et
300 2343 522 2390 imperator,
539 2343 578 2377 in
591 2343 838 2391 pensionibus
851 2345 1044 2392 exigendis
1059 2353 1172 2391 totus,

126 2411 280 2448 remque
290 2402 490 2436 militarem
500 2414 655 2449 prorsus
665 2402 874 2450 negligens,
886 2401 943 2438 τὸν
956 2402 1172 2454 σιρομάστην

124 2459 316 2507 praeferret
350 2460 398 2509 τῷ
429 2458 559 2509 δόρατι.
588 2460 643 2496 Cf.
675 2462 813 2496 Zosim.
839 2463 904 2506 IV,
942 2462 990 2498 28
1003 2491 1012 2508 ‚
1050 2463 1113 2499 32.
1152 2479 1167 2496 υ

127 2518 306 2555 ΒοιεεοΝ.

180 2577 285 2612 Idem
308 2590 315 2612 ε
335 2574 496 2624 εΡύμη,
517 2575 607 2627 ὁρμὴ
626 2576 736 2627 βιαία.
762 2577 951 2621 Ιῧύνοίπιος·
969 2597 982 2613 «
1005 2580 1171 2626 Τοσαύτη

129 2649 177 2676 τις
199 2628 239 2679 ἧν
259 2634 343 2685 πρὸς
371 2634 409 2671 τὸ
428 2634 674 2685 ἀσελγέστερον
698 2635 788 2688 ῥύμη
810 2652 846 2673 τε
868 2637 926 2674 καὶ
949 2637 1054 2690 φορὰ,
1083 2637 1172 2676 ὥστε

128 2695 157 2729 οἱ
177 2692 339 2743 ἄρχοντες
350 2695 418 2729 τῶν
432 2693 606 2741 πολεμίων
623 2688 710 2740 ἦσαν
723 2695 985 2747 πολεμιώτεροι.
997 2715 1010 2730 υ
1026 2699 1082 2734 Cf.
1097 2701 1169 2734 Zo-

1225 295 1306 331 sim.
1329 294 1392 337 IV,
1411 306 1481 341 29,
1507 291 1526 326 3
1549 304 1556 326 :
1581 290 1628 328 Οἱ
1648 288 1709 332 τὰς
1727 287 1841 333 πόλεις
1858 291 2028 333 οἰκοῦντες
2043 290 2146 343 πενίᾳ
2163 306 2199 329 τε
2214 290 2273 330 καὶ

1227 351 1405 402 ἀρχόντων
1436 349 1543 400 κακίᾳ
1575 347 1800 401 τρυχόμενοι,
1834 349 1987 400 δυστυχῆ
2007 349 2068 387 καὶ
2099 349 2274 388 οἴκτιστον

1227 409 1360 461 ἔτριὸον
1383 408 1455 460 βίον
1477 409 1554 446 κτλ.

1278 469 1383 505 Idem
1404 482 1412 503 :
1432 466 1616 505 Ἐπέκλυ
1629 481 1649 503 σ
1661 480 1716 512 εν,
1731 464 1933 517 ἐκαθάρισεν
1951 465 1974 512 ἢ
1990 465 2065 504 ἀντὶ
2082 469 2142 504 τοῦ
2164 465 2274 518 ἐπέρ-

1228 541 1339 578 ρευσε.
1363 543 1377 559 «
1409 528 1575 564 Τοσαῦτα
1596 524 1655 562 καὶ
1683 528 1827 561 τοιαῦτα
1849 523 2015 562 ἐπέκλυσε
2037 524 2152 572 κακὰ,
2184 522 2275 563 ὥστε

1226 583 1355 636 χρυσὸς
1375 578 1416 630 ἦν
1437 583 1495 621 καὶ
1515 582 1622 629 λευκή
1640 598 1690 626 τις
1709 582 1826 634 ἡμέρα
1846 586 2021 634 κρατῆσαι
2035 582 2113 627 τοὺς
2136 582 2275 636 βαρὸά-

1229 658 1315 695 ρους.
1347 661 1361 676 υ
1386 645 1550 692 Eunapii
1570 656 1647 679 esse
1673 643 1884 689 conjiciunt
1903 644 2208 680 Hemsterhusius
2225 643 2276 680 ad

1227 705 1385 739 Lucian.
1406 705 1589 751 Necyom.
1614 707 1635 746 4
1654 710 1691 738 et
1709 702 1991 738 Boissonadius.

1719 787 1781 824 50.

1282 879 1370 913 Exc.
1391 879 1447 913 De
1475 885 1569 912 sent.
1599 890 1640 926 p.
1663 881 1736 923 274
1757 888 1766 914 :
1791 873 1878 914 “On
1900 876 1931 912 οἱ
1958 876 2189 914 Νικοπολῖται
2208 878 2277 914 τῶν

1229 934 1343 972 ἄλλων
1362 936 1516 986 Θρᾳκῶν
1532 933 1792 984 κατεγάλασαν,
1806 933 1839 971 οἳ
1852 936 1900 986 τῷ
1911 933 2008 987 φόὸῳ
2021 937 2083 980 τῆς
2100 934 2279 986 βασιλείας

1229 992 1273 1030 τὰ
1291 993 1385 1032 δεινὰ
1403 993 1575 1044 ἔπασχον,
1596 993 1635 1030 τὸ
1656 993 1717 1043 μὲν
1739 995 1910 1045 βοηθῆσον
1929 993 1983 1030 ἀεὶ
2003 994 2046 1030 δι’
2065 994 2203 1038 ἐλπίδος
2218 995 2280 1032 λε-

1229 1054 1318 1098 πτῆς
1339 1052 1552 1099 εἰκάζοντες,
1575 1051 1614 1089 τὸ
1633 1050 1668 1088 δὲ
1688 1054 1756 1088 τῶν
1781 1051 1946 1089 κινδύνων
1967 1052 2149 1099 ἐνεστηκὸς
2177 1051 2280 1105 πείρα

1229 1105 1288 1142 καὶ
1316 1105 1394 1158 ὄψει
1415 1104 1471 1142 διὰ
1500 1105 1677 1155 μαλακίαν
1698 1104 1941 1155 ὑπομένοντες.
1966 1103 2061 1143 Οὔτε
2080 1109 2160 1155 γοῦν
2182 1093 2281 1144 αὖτοῖ

1231 1164 1382 1216 φρουράν
1400 1180 1477 1202 τινα
1499 1163 1752 1217 στρατιωτικὴν
1777 1163 2043 1216 πεμφθήσεσθαι
2062 1164 2280 1216 προσεδόκη-

1231 1239 1311 1274 σαν,
1333 1223 1410 1261 οὐδὲ
1426 1225 1460 1261 ἐν
1481 1224 1608 1276 ἑτέροις
1626 1223 1742 1262 ἔθεντο
1757 1221 1819 1269 τὴν
1837 1222 2026 1275 σωτηρίαν,
2041 1223 2132 1261 ἀλλὰ
2146 1226 2214 1262 τῶν
2231 1223 2281 1275 μὴ
2318 1258 2326 1263 .

1233 1283 1432 1333 δυναμένων
1452 1285 1587 1325 ἑαυτοῖς
1605 1281 1747 1332 ἀμύνειν
1766 1282 2080 1335 περιφρονήσαντες
2096 1284 2128 1327 ἐς
2147 1285 2282 1322 ἐλευθε-

1235 1341 1311 1392 ρίαν
1328 1342 1542 1380 ἐπικίνδυνον
1560 1340 1777 1387 ἀπέστησαν.

1285 1399 1371 1439 εὈτι
1387 1401 1443 1438 ἐπὶ
1464 1399 1654 1438 Θεοδοσίου
1675 1402 1705 1437 οἱ
1729 1399 1901 1453 βάρὸαροι
1921 1399 1986 1447 τὴν
2005 1399 2152 1454 Θρᾴκην
2174 1402 2283 1453 ἐδῄω-

1231 1475 1295 1496 σαν
1317 1458 1408 1496 κατὰ
1432 1458 1570 1510 μικρόν.

1291 1536 1306 1552 «
1326 1521 1546 1567 Nicopolim
1564 1532 1609 1555 eo
1624 1531 1725 1555 anno
1744 1532 1821 1567 quo
1837 1520 1970 1556 Valens
1981 1521 2112 1569 periit,
2133 1522 2200 1569 qui
2217 1533 2283 1557 an-

1231 1591 1301 1613 nus
1323 1579 1520 1626 proximus
1543 1585 1596 1613 est
1615 1578 1819 1613 Theodosii
1840 1579 2025 1627 imperio,
2051 1587 2282 1628 occupatam

1232 1649 1254 1672 a
1272 1638 1404 1673 Gothis
1421 1637 1515 1672 dicit
1532 1638 1753 1672 Ammianus
1774 1638 1911 1673 XXXI
1923 1666 1933 1685 ,
1958 1651 1973 1673 1
1985 1651 2017 1683 1,
2036 1651 2057 1674 2
2078 1649 2087 1675 ε
2106 1639 2276 1683 Barbari,

1232 1705 1333 1732 motu
1367 1699 1603 1744 imperatoris
1626 1708 1707 1730 cum
1729 1696 1943 1731 abundante
1971 1698 2091 1732 milite
2109 1700 2274 1744 cognito,

1227 1756 1474 1804 popularibus
1485 1759 1647 1802 jungere
1668 1753 1874 1800 festinant,
1914 1758 2014 1790 circa
2042 1757 2218 1791 Beroeam
2247 1763 2287 1791 et

1233 1815 1443 1861 Nicopolim
1456 1814 1650 1860 praesidiis
1658 1813 1770 1860 fixis.
1790 1815 1810 1848 J
1814 1825 1875 1848 am
1889 1825 1980 1848 vero
1999 1826 2043 1848 ex
2060 1814 2133 1849 hoc
2153 1815 2283 1849 Euna-

1231 1873 1286 1921 pii
1306 1879 1486 1920 excerpto
1511 1873 1776 1919 cognoscimus
1803 1873 2092 1919 Nicopolitanos
2110 1873 2286 1908 barbaris

1232 1930 1531 1979 praepotentibus
1546 1931 1647 1965 ultro
1666 1931 1724 1965 sui
1744 1930 1977 1965 deditionem
1995 1930 2150 1975 fecisse3
2179 1938 2284 1966 cete-

1233 1991 1360 2036 risque
1377 1989 1606 2034 Thracibus,
1626 1990 1692 2036 qui
1711 1996 1815 2024 metu
1832 1989 2067 2036 experiendae
2086 1990 2196 2036 regiae
2215 2002 2285 2037 po-

1235 2049 1376 2083 testatis
1393 2048 1442 2083 ad
1459 2048 1711 2083 barbarorum
1727 2055 1854 2096 partes
1870 2048 2026 2083 minime
2043 2048 2283 2092 accederent,

1234 2107 1474 2142 timiditatem
1495 2114 1610 2154 atque
1635 2107 1831 2141 stultitiam
1859 2106 2168 2154 exprobravisse‚
2189 2118 2284 2153 pro-

1233 2174 1364 2214 pterea
1374 2166 1480 2213 quod
1493 2166 1692 2214 praesentia
1706 2172 1869 2200 extrema
1883 2165 1965 2213 pati
1978 2164 2133 2199 mallent
2143 2191 2154 2212 ,
2172 2177 2285 2212 quam

1234 2227 1418 2260 incertam
1447 2225 1611 2272 experiri
1645 2224 1836 2259 fortunam
1873 2235 1882 2261 z
1915 2235 1985 2259 nec
2024 2224 2287 2259 Romanorum

1233 2284 1464 2332 praesidium,
1474 2290 1577 2318 metu
1590 2283 1804 2318 amittendae
1815 2283 2013 2328 libertatis,
2022 2283 2284 2330 implorarent,

1233 2355 1358 2391 neque
1375 2355 1461 2379 cum
1481 2342 1655 2378 barbaris
1675 2342 1951 2390 conspirarent.
1979 2357 1995 2373 »
2020 2342 2111 2377 MAI.

1728 2432 1792 2469 51.

1287 2523 1420 2559 Suidas
1439 2536 1475 2560 V.
1495 2523 1528 2559 Π
1541 2536 1562 2557 α
1577 2536 1593 2572 ρ
1607 2536 1627 2557 α
1640 2520 1718 2558 στά
1730 2536 1780 2566 τη
1791 2536 1819 2563 ς.
1839 2518 1910 2558 Καὶ
1928 2518 2103 2560 Εὗνάπιος
2115 2532 2124 2541 ·
2144 2535 2158 2550 «
2187 2516 2285 2556 Πολὺ

1235 2581 1419 2623 διεστῶτας
1445 2579 1607 2626 ἀλλήλων
1627 2582 1754 2631 χωρεῖν
1774 2578 1942 2624 ἐκέλευεν,
1963 2576 2056 2620 ὅπως
2073 2575 2122 2627 μὴ
2143 2575 2284 2620 δουποίη

1235 2638 1279 2677 τὰ
1300 2639 1411 2686 ὅπλα,
1430 2639 1519 2688 μήτε
1536 2641 1584 2691 τῷ
1599 2639 1809 2690 παραστάτῃ
1825 2636 2030 2686 θλιὸόμενα,
2045 2634 2135 2685 μήτε
2149 2637 2198 2686 τῷ
2221 2636 2285 2685 ’ρὲ-

1237 2712 1327 2749 ροντι
1345 2696 1401 2735 διὰ
1414 2696 1472 2734 τὸν
1485 2696 1700 2746 συνωθισμὸν
1714 2694 2032 2748 περικτυπούμενα.
2049 2712 2064 2727 ν
2078 2711 2092 2728 α
2107 2696 2191 2730 Hoc
2206 2694 2286 2729 fra-

617 2807 675 2838 49.

170 2866 368 2898 Theodosius
393 2867 565 2906 imperator
590 2868 750 2907 negligens
775 2870 843 2900 erat
868 2871 899 2901 et
913 2871 1000 2902 omni
1022 2871 1177 2904 socordiae

128 2916 266 2949 deditus.

170 2972 277 3006 Quare
289 2971 470 3002 siromastes
486 2971 640 3002 celebrior
651 2973 719 3002 crat
730 2995 739 3010 ‚
754 2981 850 3011 quam
865 2973 967 3004 hasta.

172 3025 293 3056 Tantus
307 3025 374 3055 erat
394 3023 532 3063 impetus
547 3025 579 3054 ct
591 3024 808 3063 vehementia,
825 3034 889 3064 qua
903 3026 940 3056 ad
963 3025 1125 3057 lasciviam
1145 3026 1177 3057 et

131 3077 292 3108 luxuriem
309 3076 504 3115 serebantur,
525 3078 561 3108 ut
587 3077 791 3115 magistratus
813 3080 915 3109 essent
937 3078 1035 3118 magis
1050 3078 1176 3118 infesti,

131 3137 227 3169 quam
244 3127 301 3168 ipsi
313 3127 428 3158 hostes.

174 3183 277 3212 Tanta
290 3181 323 3212 et
339 3180 414 3211 talia
428 3180 514 3211 mala
530 3180 569 3211 ad
588 3180 671 3220 ipsos
684 3180 892 3217 affluxerant,
911 3183 947 3213 ut
960 3182 1114 3214 barbaros
1130 3182 1177 3214 vi-

132 3232 212 3264 cisse
225 3231 299 3272 ipsis
309 3232 390 3263 esset
404 3240 518 3262 aurum
533 3233 564 3262 et
578 3232 710 3271 quidam
727 3232 817 3264 albus
827 3232 906 3264 dies.

627 3295 684 3325 50.

176 3359 386 3400 Nicopolitani
415 3360 554 3390 Thraces
573 3361 695 3390 ceteros
721 3359 912 3397 irridebant,
943 3360 997 3399 qui
1023 3360 1064 3391 ob
1085 3361 1178 3400 regiae

137 3411 301 3453 potestatis
325 3412 447 3442 metum
473 3411 556 3442 male
578 3420 610 3442 se
635 3410 783 3442 mulctari
803 3411 1071 3451 perpetiebantur,
1101 3412 1178 3443 dum

1206 2807 1211 2862 1
1238 2808 1459 2848 suppetiarum
1473 2807 1620 2847 exiguam
1638 2815 1726 2846 spem
1744 2806 1871 2844 fovent,
1896 2805 2072 2845 ingruentia
2100 2813 2176 2835 vero
2192 2803 2285 2835 insor-

1237 2861 1328 2891 tunia
1342 2861 1471 2900 propter
1483 2868 1574 2890 suam
1591 2858 1748 2898 ignaviam
1765 2858 1910 2897 spectant
1923 2865 2021 2896 reque
2036 2856 2103 2895 ipsa
2116 2855 2285 2895 experiun-

1237 2913 1302 2944 tur.
1317 2913 1415 2951 Igitur
1433 2920 1493 2942 nec
1507 2911 1563 2950 ipsi
1579 2909 1763 2950 praesidium
1777 2908 1906 2948 aliquod
1931 2907 2069 2939 militare
2087 2906 2283 2938 mittendum

1237 2962 1296 2994 sibi
1312 2961 1558 3002 exspectabant,
1575 2969 1681 3000 neque
1710 2960 1742 2990 in
1756 2959 1824 2990 aliis
1841 2958 1993 2990 fiduciam
2016 2957 2130 2989 salutis
2142 2957 2280 2988 colloce-

1239 3013 1345 3054 hant,=
1363 3015 1460 3053 atque
1483 3013 1527 3043 ita
1551 3013 1600 3043 his
1624 3011 1793 3051 neglectis,
1815 3019 1889 3050 quae,
1913 3009 1971 3042 sibi
1992 3009 2104 3043 tutelae
2129 3016 2197 3040 esse
2219 3017 2282 3039 non

1203 3065 1206 3068 ’
1240 3068 1386 3108 possent,
1401 3067 1433 3097 in
1453 3065 1660 3106 periculosam
1674 3064 1852 3095 libertatem
1867 3062 2062 3094 incidebant.

1282 3118 1348 3151 Sub
1362 3117 1539 3150 Theodosio
1552 3116 1678 3148 barbari
1693 3115 1844 3156 paulatim
1856 3114 2024 3146 Thraciam
2038 3112 2218 3144 vastabant.

1682 3188 1686 3197 ¹
1729 3188 1786 3220 51.

1281 3259 1300 3289 J
1303 3257 1382 3288 ussit
1397 3264 1450 3287 eos
1465 3254 1660 3295 (Modares)
1679 3261 1793 3293 magno
1811 3252 1894 3284 inter
1907 3251 2046 3291 singulos
2056 3249 2158 3290 spatio
2171 3247 2282 3280 relicto

1239 3308 1411 3349 procedere
1421 3332 1430 3347 ‚
1444 3315 1484 3338 ne
1498 3315 1604 3346 arma,
1619 3306 1669 3337 vel
1683 3305 1723 3337 ab
1746 3305 1858 3336 vicinis
1872 3303 2009 3343 impulsa
2024 3302 2074 3333 vel
2088 3302 2128 3332 ab
2142 3300 2210 3341 ipso
2225 3300 2283 3341 qui

1239 3368 1276 3390 ea
1294 3360 1449 3399 gestaret,
1460 3367 1535 3388 cum
1549 3357 1685 3388 aliorum
1701 3356 1798 3388 armis
1811 3355 1893 3387 inter
1907 3353 2041 3395 agminis
2062 3352 2192 3385 turbam
2212 3351 2280 3384 ccl-

1239 3411 1296 3442 lisa
1314 3410 1483 3451 strepitum
1497 3408 1637 3442 ederent.
