2372 3704
538 222 868 269 ·ECHEMENIS‚
902 222 1304 272 ECHEPHYLIDAE‚
1338 223 1531 262 EMPODI
1561 223 1894 264 FRAGMENTA.

136 312 199 361 τὴν
206 311 364 353 Ἰταλίαν
375 312 598 357 διαπλεῦσαι,
611 310 672 349 καὶ
680 312 820 358 οἰκῆσαι
829 309 869 350 τὸ
880 310 1030 359 πλησίον
1044 310 1189 362 Ῥώμης

135 373 213 425 ὄρος
228 372 399 423 κείμενον,
414 371 454 410 τὸ
471 371 531 408 ἀπ’
547 371 652 408 αὐτοῦ
670 369 867 409 Ἰάνουκλον
887 370 1155 421 ὀνομαζόμενον.
1174 389 1190 405 υ

601 468 752 482 ,0.-

424 539 890 598 ECHEMENES.

188 640 405 680 Cretensem
436 640 547 676 fuisse
582 640 836 676 Echemenem
870 647 908 676 et
936 640 1026 675 libri
1059 640 1107 676 ab
1139 653 1185 677 eo

133 701 266 750 scripti
288 707 552 749 argumentum
572 699 724 745 suadet,
750 706 787 735 et
811 700 935 748 ipsum
956 712 1095 736 nomen
1122 712 1188 736 au·

134 761 269 805 ctoris;
281 771 370 795 nam
389 757 576 809 Ἐχέμμας
592 758 779 797 Cretensis
794 766 1028 794 memoratur
1042 771 1062 795 a
1075 760 1189 796 Calli-

133 819 269 855 macho
287 819 326 854 in
339 819 470 868 Epigr.
498 831 558 865 72,
584 830 615 856 1.

539 902 783 941 KPHTIKA.

185 984 388 1020 Athenaeus
399 985 498 1020 XIII
502 1013 512 1033 ‚
528 997 566 1032 p.
583 983 718 1029 601‚E
738 997 746 1019 :
766 984 901 1034 Κρῆτες
912 986 1006 1034 γοῦν,
1027 985 1072 1027 ὡς
1089 983 1187 1037 ἔφην,

134 1041 194 1080 καὶ
214 1043 246 1080 οἱ
259 1043 293 1080 ἐν
312 1041 447 1093 Εὖὸοίᾳ
466 1042 655 1084 Χαλκιδεῖς
675 1041 753 1095 περὶ
772 1041 816 1079 τὰ
832 1042 980 1080 παιδικὰ
996 1043 1187 1093 δαιμονίως

132 1100 333 1148 ἐπτόηνται.
356 1100 555 1153 Ἐχεμένης
577 1104 659 1151 γοῦν
683 1102 718 1138 ἐν
746 1103 817 1144 τοῖς
853 1103 1042 1154 Κρητικοῖς
1068 1103 1106 1140 οὐ
1129 1101 1186 1140 τὸν

132 1160 201 1199 Δία
236 1160 340 1213 φησὶν
377 1159 535 1213 ἁρπάσαι
561 1158 618 1197 τὸν
652 1159 879 1210 Γανυμήδην,
915 1159 1005 1198 ἀλλὰ
1043 1161 1184 1200 Μίνωα.

131 1221 275 1257 Eadem
303 1221 438 1257 Comes
464 1220 589 1256 Natal.
612 1219 730 1255 tradit
745 1221 820 1265 IX,
860 1220 922 1257 13.
945 1221 1001 1259 Cf.
1038 1222 1186 1259 Miiller.

133 1282 224 1319 Dor.
242 1281 301 1325 ΙΙ,
324 1293 363 1329 p.
386 1291 477 1327 297,
496 1278 671 1317 Dosiadis
690 1279 824 1329 fragm.
844 1279 881 1325 3,
905 1292 940 1315 a.
979 1286 1016 1316 et
1035 1288 1115 1317 not.
1138 1281 1188 1316 ad

129 1339 281 1376 Nicolai
296 1340 406 1374 Dam.
426 1337 472 1375 fr.
494 1350 557 1376 21.

568 1411 743 1424 ——·0·——-

183 1473 407 1522 Fulgentius
438 1472 560 1520 Myth.
582 1473 616 1516 I,
644 1476 707 1519 14,
737 1473 837 1508 inter
856 1484 940 1517 eos,
962 1473 1029 1521 qui
1048 1472 1095 1508 de
1120 1485 1188 1508 no-

127 1545 215 1568 vem
229 1532 345 1567 Musis
361 1531 565 1580 allegorice
578 1532 824 1580 exposuerint
838 1559 847 1575 ‚
865 1532 1039 1567 nominat
1054 1532 1186 1567 Pisan-

129 1592 241 1628 drum
264 1589 274 1640 (
293 1590 341 1628 fr.
368 1590 417 1639 26
440 1590 501 1628 ed.
521 1590 650 1627 Diibn.
673 1589 684 1639 )
712 1590 914 1638 physicum
943 1597 980 1626 et
1004 1592 1187 1626 Euxeme-

132 1663 220 1686 nem
239 1650 279 1685 in
291 1649 392 1685 libro
410 1646 715 1699 Θεολογουμένων.
735 1648 794 1684 Ibi
814 1648 970 1685 fortasse
980 1650 1185 1685 restituen-

130 1709 224 1746 dum
251 1721 328 1745 esse
344 1708 590 1745 Echemenem
620 1709 836 1757 suspicatur
854 1709 1006 1744 Vossius
1022 1722 1063 1757 p.
1090 1708 1181 1751 436.

128 1769 300 1805 Fortasse
318 1775 472 1818 praestat
490 1779 679 1816 reponere
696 1768 728 1802 E
730 1779 931 1802 uemerum.

567 1864 741 1877 *zoe——

364 1941 877 2002 ECHEPHYLIDA
888 1940 943 1997 S.

186 2053 466 2102 Echephylidas
502 2049 763 2102 (Ἒχεφυλίδας
795 2052 843 2087 fr.
881 2065 902 2088 2
916 2080 925 2098 ,
953 2051 1185 2104 Ἐχεφυλίδης

130 2114 176 2152 fr.
202 2126 217 2148 1
233 2142 244 2162 ,
265 2109 521 2162 Ἐχεφυλλίδας
537 2111 584 2147 fr.
610 2109 652 2161 3)
672 2111 719 2147 de
747 2112 1002 2160 Peloponnesi
1020 2112 1183 2148 civitati-

128 2172 200 2207 bus
213 2170 471 2220 geographica
480 2170 537 2206 vel
546 2169 726 2205 historica
737 2170 910 2218 quaedam
924 2171 1184 2219 conscripsisse

128 2227 291 2267 videtur.
307 2231 456 2266 Nomen
468 2228 575 2273 alibi,
589 2235 774 2276 quantum
788 2229 865 2263 scio
877 2253 887 2273 ,
903 2241 983 2264 non
1008 2229 1179 2266 obvium.

129 2286 323 2339 Ἐχέφυλος
360 2295 487 2324 tamen
517 2294 637 2324 exstat
668 2288 709 2322 in
728 2288 897 2336 inscript.
917 2288 1094 2337 Delphic.
1115 2301 1179 2337 ap.

129 2348 286 2386 Boeckh.
305 2348 347 2385 C.
372 2348 404 2383 I.
426 2349 459 2392 Ι,
477 2359 519 2396 p.
540 2346 632 2392 830,
650 2359 689 2382 n.
715 2346 840 2403 1706,
869 2346 930 2384 18.

639 2431 652 2453 1
664 2447 672 2455 .

182 2487 364 2535 Stephan.
395 2487 487 2534 Byz.
512 2498 521 2524 :
1073 2482 1181 2523 Ἔστι

129 2543 164 2582 δὲ
187 2544 345 2596 μεθόριον
364 2543 514 2583 Ἠλείων
535 2546 598 2590 τῆς
613 2544 697 2596 πρὸς
716 2543 905 2591 Μεσσήνην
926 2544 1057 2597 χώρας.
1109 2543 1181 2583 Κέ-

127 2604 256 2650 κληται
270 2603 301 2640 δ’
314 2601 438 2650 οὕτως,
458 2602 502 2645 ὥς
519 2618 622 2655 φησιν
636 2601 889 2655 Ἰῗχεερυλίδης,
907 2603 963 2640 διὰ
977 2602 1016 2640 τὸ
1036 2604 1070 2640 ἐν
1083 2604 1179 2655 αὐτῷ

127 2660 434 2715 σφαγιασαμένους
454 2661 531 2705 τοὺς
551 2661 785 2714 Ἡρακλείδας
798 2661 883 2714 πρὸς
902 2660 1054 2707 Ὄξυλον
1075 2662 1178 2709 ποιή·

128 2724 256 2759 σασθαι
276 2721 447 2768 συνθήκας
463 2720 542 2774 περὶ
563 2721 678 2774 φιλίας
691 2721 751 2759 καὶ
768 2720 943 2771 ὁμονοίας.

552 2484 761 2538 Σφακτηρία
770 2516 780 2532 ,
809 2483 1008 2537 οὐδετέρως.

125 2833 340 2866 stituebantur
356 2831 537 2875 sacerdotes
550 2832 704 2865 Minervae
726 2832 883 2872 Poliadis‚
906 2833 991 2865 sicut
1013 2834 1118 2865 Draco
1134 2833 1180 2865 ait

128 2887 173 2920 De
185 2886 344 2927 gentibus.

537 2945 764 2984 CRETICA.

165 3029 334 3061 crelenses
354 3036 449 3067 sane,
469 3028 505 3060 ut
521 3027 605 3066 dixi,
622 3029 654 3060 et
667 3027 894 3060 Chalcidenses
914 3028 1043 3060 Euboeae
1060 3037 1177 3068 puero-

126 3090 198 3113 rum
212 3090 322 3113 amore
332 3081 450 3113 mirum
460 3081 493 3112 in
506 3081 639 3113 modum
656 3081 841 3122 flagrarunt.
856 3083 967 3121 ltaque
983 3081 1178 3114 Echemenes

124 3134 157 3165 in
173 3133 306 3165 Creticis
330 3134 392 3173 ait,
408 3142 473 3165 non
491 3142 510 3165 a
528 3135 610 3166 Jove
635 3135 763 3174 raptum
776 3142 844 3166 esse
867 3133 1104 3174 Ganymedem,
1123 3133 1177 3165 sed

123 3195 140 3218 a
155 3187 272 3219 Minoe.
638 3232 649 3264 ¹

166 3285 349 3326 Sphactcria
361 3309 371 3326 ,
394 3286 509 3318 neutro
525 3294 657 3326 genere,
677 3286 710 3317 in
729 3285 876 3317 confiniis
891 3286 951 3317 sita
968 3285 1118 3316 Eleorum
1135 3285 1175 3316 ad

124 3338 276 3370 Messenae
292 3336 463 3378 regionem.
477 3338 530 3370 Sic
542 3339 650 3369 autem
665 3339 781 3369 vocata
798 3339 856 3375 est,
873 3339 909 3369 ut
924 3337 969 3368 ait
987 3336 1173 3377 Ecliepliyli·

124 3388 192 3428 das,
205 3388 350 3429 quodibi
363 3389 541 3428 Heraclidae
563 3390 711 3421 mactatis
735 3389 846 3421 hostiis
869 3389 1020 3421 amicitioe
1034 3390 1066 3420 et
1092 3397 1170 3420 con-

129 3440 243 3472 cordiae
261 3442 353 3481 pacta
370 3449 443 3473 cum
460 3441 565 3482 Oxylo
580 3442 734 3474 fecerunt.

2226 235 2303 268 403

1759 326 1797 351 2.

1305 382 1412 419 Idem
1430 394 1439 421 ;
1455 380 1623 433 Ἱ”ρμίνη,
1635 381 1734 424 πόλις
1744 384 1806 428 τῆς
1817 379 1960 426 Ἤλιδος
1974 386 2032 434 (11.
2051 388 2094 434 B,
2108 387 2151 423 61
2162 388 2219 437 6).
2235 389 2307 425 Με·

1252 439 1373 483 νέλαος
1390 439 1425 478 δὲ
1442 439 1599 492 τετάρτῳ
1613 439 1808 486 Θηὸαϊκῶν
1821 439 1998 492 Ἵ“ρμιναν
2014 443 2070 480 διὰ
2085 448 2143 482 τοῦ
2161 462 2181 482 α
2201 446 2301 498 φησί.

1251 499 1326 546 Τὴν
1341 498 1377 538 δὲ
1406 498 1579 552 <Υρμίνην
1598 499 1833 552 Ἐχεφυλίδας
1854 501 1938 552 φησὶ
1956 500 2016 545 τὰς
2038 506 2097 540 νῦν
2113 503 2299 557 Ὁρμίνας.

1252 557 1470 611 ζΟρμίναςδὲ
1479 556 1622 601 καὶτοὺς
1634 557 1796 602 Ἐπειοὺς
1804 560 1998 599 καλεῖσθαι,
2008 559 2224 611 ϋΟρμιναιδὲ
2234 563 2305 602 δύο.
2322 548 2337 560 ⁶

1303 618 1412 655 Libri
1426 616 1631 669 ἐχεφυλίδα;
1653 630 1802 654 correx.
1827 619 1984 657 Pinedo.
2011 620 2069 658 Cf.
2099 623 2301 659 Ruhnken.

1251 679 1406 716 Dissert.
1434 678 1480 713 de
1504 678 1664 726 Longin.
1687 690 1726 726 p.
1750 689 1903 713 Lxxxm
1926 678 1988 714 ed.
2013 680 2155 716 Weisk.
2177 703 2228 708 —
2245 683 2301 721 Cf.

1250 736 1420 772 Eustath.
1448 735 1498 772 ad
1517 737 1562 773 Il.
1581 737 1633 780 B,
1663 749 1703 784 p.
1732 735 1806 778 304
1834 748 1841 771 z
1863 733 1908 773 ‘O
1931 734 1966 772 δὲ
1995 734 2038 772 τὰ
2059 736 2175 774 ἐθνικὰ
2201 738 2303 775 ἐκθέ-

1249 808 1372 843 μενος,
1395 792 1566 844 ζΥρμίνας
1586 792 1646 831 δύο
1673 788 1759 831 εἶναί
1783 808 1888 845 φησιν
1915 794 1984 831 ἀπὸ
2009 793 2201 845 (Υρμίνης,
2237 796 2299 839 τὰς

1251 851 1393 905 ὕστερον
1414 851 1470 891 διὰ
1486 856 1547 890 τοῦ
1567 868 1585 890 0
1607 852 1807 899 κληθείσας.
1836 854 1973 890 Strabo
1992 856 2097 900 VIII,
2128 869 2166 904 p.
2191 857 2262 900 341
2288 869 2296 894 2

1250 911 1402 964 εΥρμίνη
1438 910 1500 961 μὲν
1543 905 1601 949 οῧν
1632 910 1818 963 πολίχνιον
1855 906 1908 958 ἦν,
1946 915 2005 949 νῦν
2036 912 2067 949 δ’
2099 914 2162 951 οὐκ
2190 912 2282 951 ἔστιν
2298 930 2305 937 ·

1251 972 1330 1009 ἀλλ’
1348 970 1564 1023 ἀκρωτήριον
1586 970 1735 1016 πλήσιον
1755 970 1941 1018 Κυλλήνης
1968 971 2096 1022 ὀρεινόν
2118 974 2209 1020 ἐστι,
2236 989 2304 1011 καῃ

1249 1030 1416 1080 λούμενον
1427 1028 1587 1081 ’Όρμινα
1600 1028 1793 1082 ἢϋΥρμινα
1809 1028 2011 1082 (“Ορμίναῆ
2025 1028 2178 1082 ζΥρμίνα
2190 1034 2306 1069 scribi

1248 1092 1332 1126 vult
1349 1090 1525 1128 Dindorf.
1545 1091 1584 1125 in
1598 1091 1707 1128 Thes.
1721 1090 1746 1139 ).

1759 1155 1793 1192 3.

1303 1228 1428 1264 Schol.
1449 1228 1600 1264 Platon.
1621 1240 1662 1275 p.
1686 1226 1760 1262 380
1785 1226 1843 1263 ed.
1864 1226 1978 1264 Bckk.
2001 1240 2009 1262 :
2032 1225 2125 1276 Πρὸς
2148 1225 2207 1264 δύο
2233 1226 2305 1264 οὐδ’

1249 1283 1471 1336 ὁἹΙρακλῆς.
1490 1285 1504 1335 ]
1527 1283 1783 1337 Ἐχεφυλλίδας
1804 1281 1838 1320 δὲ
1856 1283 1960 1321 αὐτὸν
1975 1283 2048 1321 ὑπὸ
2065 1284 2224 1322 Κτεάτου
2244 1285 2304 1322 καὶ

1250 1343 1405 1396 Εὐρύτου
1422 1345 1489 1381 τῶν
1515 1343 1731 1382 Μολιονιδῶν
1750 1345 1944 1390 ἡττηθῆναι
1961 1342 2053 1380 κατὰ
2068 1343 2131 1390 τὴν
2150 1344 2204 1381 ἐπ’
2225 1346 2302 1383 Αὖ-

1249 1402 1335 1454 γέαν
1357 1402 1560 1455 στρατείαν·
1587 1401 1778 1453 διωχθέντα
1808 1402 1843 1440 δὲ
1872 1401 1955 1455 ἄχρι
1983 1405 2044 1448 τῆς
2065 1402 2306 1455 Βουπρασίδος

1249 1461 1309 1500 καὶ
1328 1461 1644 1514 περιὸλεψάμενον,
1664 1463 1711 1504 ὡς
1736 1461 1845 1505 οὐδεὶς
1869 1460 1998 1505 ἐξίκετο
2018 1463 2086 1499 τῶν
2106 1461 2301 1512 πολεμίων,

1250 1520 1425 1574 ἂναψύξαι
1448 1536 1486 1558 τε
1507 1520 1567 1559 καὶ
1595 1522 1635 1558 ἐκ
1651 1523 1710 1558 τοῦ
1731 1519 1987 1572 παραρρέοντος
2002 1524 2162 1570 ποταμοῦ
2179 1521 2303 1558 πιόντα

1249 1583 1531 1632 προσαγορεῦσαι
1548 1597 1563 1613 «
1581 1582 1681 1617 τοῦτο
1690 1577 1755 1625 ἡδὺ
1777 1578 1868 1630 ὕδωρ
1880 1597 1894 1611 n
1906 1594 1914 1602 ·
1931 1577 1949 1616 ὃ
1964 1582 2021 1616 νῦν
2038 1578 2212 1617 δείκνυται
2233 1580 2302 1617 ἰόν-

1248 1655 1317 1677 των
1334 1640 1373 1677 ἕκ
1387 1638 1509 1688 Δύμης
1524 1639 1570 1682 εἷς
1588 1631 1710 1686 ῗΗλιν,
1732 1636 1946 1687 καλούμενον
1960 1637 2026 1675 ὑπὸ
2040 1640 2108 1675 τῶν
2123 1638 2302 1690 ἐγχωρίων

1249 1697 1344 1737 Βαδὺ
1364 1696 1468 1750 ὕδωρ.
1490 1696 1548 1736 Τὰ
1563 1695 1598 1734 δὲ
1619 1695 1709 1745 αὐτὰ
1727 1695 1931 1748 Φερεκύδης
1951 1697 2018 1747 (fr.
2041 1698 2108 1746 36)
2132 1697 2192 1735 καὶ
2215 1699 2301 1736 Κώ-

1250 1773 1383 1810 μαρχος
1407 1757 1455 1806 (Ι.
1481 1755 1686 1808 Κλέαρχος)
1712 1755 1772 1793 καὶ
1795 1754 1933 1807 Ἴστρος
1954 1757 2020 1805 (fr.
2046 1755 2111 1806 46)
2133 1757 2212 1796 κτλ.
2243 1758 2301 1796 Cf.

1248 1819 1363 1854 Duris
1384 1818 1431 1853 fr.
1457 1817 1519 1863 76,
1539 1824 1639 1854 tom.
1663 1817 1712 1862 ΙΙ,
1725 1829 1765 1865 p.
1787 1815 1877 1862 487.
1895 1816 2023 1852 Litera
2045 1817 2064 1866 β
2083 1819 2121 1852 in
2144 1815 2229 1867 βαδὺ
2246 1817 2303 1852 di-

1247 1890 1394 1927 gamma
1416 1877 1656 1926 exprimitur.
2239 1895 2245 1899 «

1580 2059 1948 2118 EMPODUS.

1480 2162 2050 2201 ΑΠΟΜΝΗΜΟΝΕΥΜΑΤΑ.

1299 2252 1499 2288 Athenaeus
1530 2253 1611 2297 IX,
1630 2265 1668 2301 p.
1687 2251 1761 2298 370
1775 2280 1785 2298 ,
1808 2251 1862 2291 C:
1888 2249 1958 2289 Καὶ
1972 2250 2010 2288 οὐ
2037 2248 2247 2301 παράδοξον,
2270 2251 2299 2287 εἰ

1245 2308 1338 2346 κατὰ
1370 2312 1432 2356 τῆς
1461 2309 1626 2362 κράμὸης
1657 2307 1746 2353 τινὲς
1779 2308 1929 2360 ὤμνυον,
1952 2308 2056 2346 ὁπότε
2078 2307 2139 2346 καὶ
2171 2307 2295 2354 Ζήνων

1242 2370 1261 2406 ὁ
1284 2368 1441 2415 Κιτιεὺς,
1461 2371 1478 2406 ὃ
1498 2372 1559 2416 τῆς
1578 2367 1873 2421 Στοᾶςηκτίστωρ,
1892 2367 2106 2418 μιμούμενος
2125 2366 2182 2404 τὸν
2195 2367 2296 2405 ’κατὰ

1242 2431 1304 2475 τῆς
1320 2427 1419 2471 κυνὸς
1438 2426 1538 2479 ὅρκον
1558 2426 1785 2480 Σωκράτους,
1804 2426 1864 2465 καὶ
1877 2426 1979 2470 αὐτὸς
1993 2425 2110 2477 ὤμνυε
2123 2425 2186 2472 τὴν
2204 2425 2293 2464 κάπ-

1241 2502 1360 2539 παριν,
1382 2488 1428 2530 ὥς
1444 2485 1675 2536 Ἔμποδός
1697 2501 1802 2539 φησιν
1837 2487 1872 2524 ἐν
1904 2484 2294 2535 Ἀπομνημονεύμασιν.

1300 2563 1315 2579 α
1338 2547 1533 2596 Empodus
1557 2548 1852 2584 commentarios
1871 2547 2049 2595 reliquit,
2071 2546 2296 2592 historicos,

1239 2613 1282 2642 ut
1300 2613 1407 2655 puto.
1445 2622 1460 2638 »
1493 2608 1531 2641 V
1528 2611 1657 2643 ossius.
1695 2623 1710 2638 «
1740 2607 1875 2642 Nescio
1897 2618 1946 2641 an
1960 2612 2212 2654 corruputum
2225 2606 2297 2640 viri

1239 2678 1395 2701 nomen.
1416 2683 1432 2698 υ
1453 2666 1788 2713 Schweighaeuser.
1815 2666 1921 2701 Idem
1943 2664 2025 2711 jam
2049 2664 2295 2701 casaubonus

1242 2726 1453 2773 suspicatus
1465 2733 1520 2761 est
1535 2726 1601 2773 qui
1617 2723 1848 2766 Ποσειδώνιος
1868 2725 1984 2760 scrib.
2001 2722 2178 2770 conjecit.
2195 2724 2294 2758 Num

1749 2838 1783 2869 2.

1283 2894 1453 2934 Hyrmine,
1481 2894 1557 2926 urbs
1576 2893 1685 2925 Elidis.
1703 2893 1867 2925 Menelaus
1887 2901 1962 2924 vero
1978 2893 2094 2933 quarto
2119 2891 2294 2924 Thebaico-

1240 2955 1313 2978 rum
1326 2947 1515 2987 llyrminam
1534 2955 1589 2987 per
1608 2955 1631 2978 a
1647 2946 1773 2978 literam
1795 2945 1883 2977 dicit.
1911 2945 2145 2986 Ecliephylidas
2162 2945 2292 2986 Hyrmi-

1239 3010 1301 3032 nen
1312 3010 1378 3032 esse
1389 3009 1468 3039 quas
1490 3007 1576 3030 nunc
1590 3001 1706 3031 vocant
1722 2999 1903 3031 Hor-minas.
1922 2999 2092 3031 Horminas
2105 3007 2185 3031 vero
2194 2997 2290 3030 etiam

1239 3055 1340 3093 Epeos
1358 3052 1476 3083 vocari.
1499 3053 1570 3083 Duo
1584 3052 1693 3083 autem
1707 3053 1783 3083 sunt
1802 3051 1979 3083 Horminae.

1571 3149 1953 3188 MEMORABILIA.

1278 3233 1349 3263 Non
1372 3231 1489 3262 mirum
1510 3230 1687 3262 admodum
1703 3229 1848 3262 accidere
1864 3229 1956 3262 nobis
1974 3228 2069 3260 debet
2080 3235 2142 3268 per
2156 3227 2287 3258 brassi-

1236 3292 1313 3315 cam
1327 3283 1450 3323 jurasse
1475 3282 1667 3323 nonnullos;
1693 3281 1954 3322 quandoquidem
1971 3283 2004 3312 et
2025 3282 2109 3312 Zeno
2133 3277 2286 3315 cittieus,

1237 3337 1324 3367 stoae
1343 3335 1505 3375 conditor,
1526 3335 1667 3367 Socratis
1682 3335 1900 3374 iuramentum
1925 3335 1991 3365 Per
2016 3339 2136 3364 canem
2160 3329 2287 3360 imitans

1234 3389 1414 3427 capparim
1421 3387 1529 3428 Jurare
1541 3388 1769 3427 consueverat,
1781 3388 1817 3418 ut
1832 3385 1928 3418 tradit
1939 3382 2102 3424 Empodus
2115 3382 2147 3412 in
2166 3383 2285 3412 Memo-

1234 3439 1398 3471 rabilibus.

2110 3494 2156 3518 26.
