2372 3704
145 243 218 277 352

184 324 430 360 BRUTTIUS
474 337 503 360 s.
543 326 800 372 BRETTIUS,
840 327 1173 376 chronographus,

131 382 247 417 homo
276 383 524 429 Christianus,
541 397 654 432 quem
684 385 839 421 laudant
863 387 999 423 Euseb.
1032 387 1174 424 Chron-

131 453 170 487 p.
193 441 268 489 379
289 441 339 477 ad
368 442 425 478 Ol.
450 442 539 488 218,
561 443 600 490 3,
621 444 835 492 Syncell.p.
859 445 948 490 344,
971 447 1023 491 A,
1043 446 1177 481 Malaia

130 511 170 546 p.
196 498 258 544 34,
288 513 358 545 22;
385 499 471 548 139,
505 514 564 546 17;
587 501 678 547 262,
702 514 746 537 21
771 503 834 540 ed.
856 504 993 549 Bonn.,
1026 505 1177 540 serioris

131 564 184 592 est
203 559 334 603 aetatis,
362 570 476 606 quam
493 566 534 594 ut
554 559 760 607 fragmenta
778 559 858 606 ejus
873 560 936 596 hic
962 562 1088 596 locum
1114 562 1176 596 in-

131 617 295 654 veniant.
312 617 407 653 Vide
421 630 503 665 quae
521 617 568 653 de
582 630 627 653 eo
645 618 810 665 disputat
831 619 989 666 Bentlej.
1008 619 1056 655 ad
1088 620 1176 655 Mil-

131 674 223 710 lium
240 688 277 723 p.
299 688 359 721 71,
374 675 422 712 ad
434 677 573 712 calcem
595 675 738 711 Malalae
752 676 843 714 edit.
868 678 989 712 Bonn.

182 757 462 792 BUTORIDES
472 769 531 804 ap.
542 757 702 792 Plinium
720 759 768 792 H.
787 759 833 793 N.
854 758 1034 802 XXXVI,
1052 771 1085 794 c.
1109 771 1171 803 12,

129 815 227 850 inter
241 827 305 850 eos
324 822 554 859 recensetur,
569 815 633 862 qui
653 814 699 850 de
712 815 972 862 pyramidibus
995 816 1175 864 AEgyptiis

128 874 371 921 scripserunt.

173 955 397 991 *CAEMARO
409 981 418 998 ‚
440 953 599 989 Indicon
618 960 763 998 auctor,
783 953 887 1001 apud
908 954 1099 991 Plutarch.
1116 955 1172 990 De

127 1011 218 1048 fluv.
242 1017 279 1055 4.
298 1015 342 1049 V.
364 1012 558 1048 Daimachi
582 1011 716 1060 fragm.
740 1016 760 1055 4
775 1025 814 1047 a.
831 1019 924 1048 tom.
944 1014 994 1058 ΙΙ,
1013 1025 1054 1060 p.
1078 1016 1167 1054 441.

180 1086 514 1124 CALLICRATES
533 1083 621 1136 Περὶ
636 1084 783 1132 Ἀθηνῶν
800 1087 963 1136 scripsit.
982 1086 1068 1122 Vid.
1088 1087 1171 1122 Me-

124 1146 248 1180 necles
266 1146 445 1180 Barcaeus.

530 1227 747 1255 >4000-——-

400 1345 882 1404 CALLIDEMUS.

204 1452 313 1487 linius
334 1453 380 1489 H.
403 1453 447 1489 N.
470 1454 536 1497 IV,
558 1465 617 1498 12,
641 1465 685 1488 21
712 1464 721 1490 :
747 1450 931 1502 (Euboea)
955 1459 1068 1487 antea
1096 1464 1168 1487 υο-

122 1514 234 1545 vitata
253 1519 377 1554 e.s‘t...‚
403 1519 444 1545 ut
462 1512 639 1547 Aristides
664 1512 817 1554 Macra,
854 1520 892 1546 ut
915 1510 1165 1555 Callidemus,

122 1570 287 1606 Chalcis.
313 1569 455 1604 Eadem
476 1570 594 1607 Solin.
619 1582 653 1606 c.
678 1583 736 1615 17.
759 1570 866 1605 Idem
892 1582 1033 1605 nomen
1047 1576 1101 1605 est
1130 1570 1169 1604 in

121 1628 246 1664 indice
264 1636 464 1664 auctorum
483 1629 547 1664 lib.
569 1630 630 1665 IV.
651 1629 902 1664 Nihilominus
916 1628 1070 1665 sortasse
1082 1641 1167 1665 cor-

119 1693 270 1734 ruptum
291 1699 336 1723 ex
354 1688 553 1723 Clidemus.

542 1789 749 1805 ⁴000*—

372 1889 893 1946 CALLIPHANES.

169 2008 310 2042 Plinius
329 2008 412 2055 VII,
432 2020 467 2044 c.
490 2019 528 2052 2,
551 2020 591 2055 p.
611 2006 631 2042 5
652 2006 713 2045 ed.
733 2006 876 2043 Tchn.:
898 2006 1022 2054 Supra
1034 2009 1160 2043 Nasa-

115 2079 238 2101 mones
250 2068 481 2114 confmesque
510 2070 523 2101 i
526 2067 583 2100 llis
595 2066 805 2112 lllaelzgyas,
829 2067 1076 2112 Androgynos
1088 2079 1165 2102 esse

114 2129 296 2172 utriusque
326 2133 471 2160 naturoe
502 2129 597 2160 inter
616 2137 655 2160 se
682 2125 825 2160 vicibus
852 2133 1020 2160 coeuntes
1043 2126 1163 2161 Calli-

110 2183 258 2231 phanes
287 2184 410 2218 tradit.
446 2183 662 2219 Aristoteles
689 2185 818 2229 adjicit
842 2184 1016 2219 dextram
1049 2197 1162 2220 mam-

115 2256 213 2278 mam
232 2246 276 2277 iis
296 2244 456 2283 virilem,
484 2244 615 2278 laevam
635 2244 850 2278 muliebrem
870 2255 960 2279 esse.

168 2303 240 2348 Qui
260 2303 306 2336 sit
316 2301 378 2337 hic
396 2302 651 2350 Calliphanes‚
667 2302 772 2348 cujus
786 2314 924 2337 nornen
939 2303 1102 2338 recurrit
1123 2304 1162 2338 iu

116 2361 289 2408 catalogo
304 2367 501 2396 auctorum
514 2361 561 2396 ad
575 2362 643 2398 lib.
659 2363 727 2398 ΙΙΙ.
741 2363 783 2397 V.
797 2362 862 2404 VI,
878 2373 1014 2408 parum
1028 2362 1158 2408 liquet.

114 2418 348 2465 Calliplianes
392 2419 567 2466 quidam,
608 2420 626 2454 ὃ
641 2421 700 2455 τοῦ
733 2416 1026 2470 Παραὸρύκοντος
1060 2419 1155 2465 κλη-

113 2475 197 2519 θεὶς,
220 2483 453 2512 memoratur
474 2489 534 2524 ap.
551 2478 789 2522 Athenaeum,
807 2479 838 2521 Ι,
856 2490 896 2525 p.
922 2482 957 2525 4,
976 2479 1017 2517 C.
1040 2478 1159 2525 Lysiae

113 2542 245 2571 contra
295 2533 502 2584 Καλλιφάνη
545 2537 754 2571 orationem
788 2537 877 2572 citat
926 2538 1153 2584 Harpocrat.

111 2607 147 2632 v.
173 2595 326 2632 Νωθεῖα.

573 237 871 285 CALLIDEMI,
902 238 1260 287 CALLIPHA'NIS,
1291 241 1525 282 CALLIPPI
1556 243 1844 294 CORINTHH,

1309 367 1700 428 CALmPPUs
1723 336 2203 430 coaluimus,

1370 487 1434 526 ΕΣ
1462 489 1825 528 ΟΡΧΟΜΕΝΙΟΥΣ
1855 490 2141 530 ΣΥΓΓΡΑΦΗ.

1748 597 1782 620 1.

1290 664 1490 699 Pausanias
1513 665 1583 709 IX,
1604 677 1672 713 29,
1691 677 1706 700 1
1731 677 1739 702 :
1757 667 1875 704 Θῦσαι
1895 664 1930 702 δὲ
1950 665 1984 702 ἐν
2006 663 2170 704 Ἑλικῶνι
2185 667 2279 705 Μούε

1237 733 1312 762 σαις
1328 718 1484 770 πρώτους
1501 719 1560 757 καὶ
1583 720 1799 771 ἐπονομάσαι
1819 720 1856 759 τὸ
1878 720 1956 774 ὅρος
1971 721 2060 774 ἱερὸν
2081 716 2167 760 εἶναι
2185 725 2280 762 Μου-

1236 778 1305 813 σῶν
1319 776 1512 830 Ἐφιάλτην
1528 778 1588 816 καὶ
1604 772 1716 817 ῗΩτον
1737 779 1910 830 λέγουσιν,
1933 780 2064 818 οἰκίσαι
2089 780 2126 819 δὲ
2157 780 2280 826 αὐτοὺς

1234 834 1294 872 καὶ
1313 834 1485 887 Ἄσκρην·
1517 835 1577 874 καὶ
1610 837 1650 884 δὴ
1671 837 1730 876 καὶ
1753 837 1965 890 Ἱ-Ιγησίνους
1996 838 2052 877 ἐπὶ
2075 839 2163 892 τῷδε
2180 841 2215 878 ἐν
2235 843 2278 893 τῇ

1235 893 1359 932 Ἀτθίδι
1370 894 1530 941 ἐποίησεν
1544 909 1552 918 ·

1316 991 1427 1031 Ἄσκρῃ
1440 991 1466 1022 δ’
1482 990 1521 1022 αὖ
1533 992 1701 1032 παρέλεκτο
1719 993 1898 1024 Ποσεῶάων
1915 994 2083 1036 ἐνοσίχθων
2097 1007 2104 1013 ·

1315 1038 1334 1075 ἢ
1348 1038 1385 1075 δή
1401 1040 1430 1069 οἱ
1445 1038 1514 1069 τέκε
1527 1038 1624 1069 παῖδα
1639 1040 1867 1080 περιπλομένων
1879 1041 2026 1072 ἐνιαυτῶν

1317 1086 1462 1124 Οίοκλον,
1477 1085 1510 1120 ὃς
1522 1089 1643 1126 πρῶτος
1655 1086 1720 1126 μετ’
1735 1085 1861 1123 Ἀλωέος
1875 1087 1978 1120 ἔκτισε
1994 1087 2112 1120 παίδων
2130 1122 2134 1127 ,

1315 1132 1459 1173 Ἄσκρην,
1473 1131 1521 1170 ἥθ’
1535 1133 1700 1168 Ἑλικῶνος
1713 1132 1778 1173 ἔχει
1790 1133 1873 1166 πόδα
1885 1134 2084 1166 πιδακόεντα.

1232 1213 1375 1262 Ταύτην
1403 1218 1463 1253 τοῦ
1480 1213 1670 1266 Ἡγησίνου
1697 1214 1760 1261 τὴν
1785 1214 1924 1262 ποίησιν
1950 1217 2012 1254 οὐκ
2039 1216 2274 1269 ἐπελεξάμην·

1232 1272 1322 1311 ἀλλὰ
1341 1272 1507 1326 πρότερον
1541 1273 1609 1325 ἄρα
1642 1274 1864 1311 ἐκλελοιπυῖα
1889 1268 1930 1321 ἦν
1950 1273 2069 1326 πρὶνῆ
2095 1274 2156 1325 ἐμὲ
2175 1277 2276 1327 γενέ-

1231 1337 1322 1372 σθαι.
1356 1333 1562 1377 Κάλλιππος
1583 1332 1618 1371 δὲ
1636 1332 1813 1385 Κορίνθιος
1832 1335 1867 1371 ἐν
1885 1337 1927 1387 τῇ
1945 1333 2006 1379 Ἐς
2018 1335 2274 1388 Ὀρχομενίους
2291 1367 2294 1370 «

1231 1395 1413 1444 συγγραφῇ
1432 1391 1605 1444 μαρτύρια
1623 1397 1774 1429 ποιεῖται
1794 1395 1844 1445 τῷ
1861 1393 1953 1446 λόγῳ
1972 1393 2016 1431 τὰ
2029 1393 2219 1445 Ἡγησίνου
2231 1395 2276 1433 τὰ

1230 1449 1312 1496 ἔπη.
1332 1449 1517 1494 Ὡσαύτως
1546 1449 1581 1487 δὲ
1608 1450 1667 1488 καὶ
1686 1452 1786 1500 ἡμεῖς
1810 1451 2029 1502 πεποιήμεθα
2055 1454 2140 1506 παρ’
2169 1454 2273 1492 αὐτοῦ

1233 1508 1446 1553 Καλλίππου
1466 1507 1696 1561 διδαχθέντες.

1283 1555 1338 1608 df.
1362 1571 1509 1608 Miiller.
1548 1571 1648 1607 Min.
1682 1582 1721 1618 p.
1759 1583 1802 1616 17
1837 1582 1916 1618 sq.;
1949 1571 2141 1608 Welcker.
2166 1571 2270 1619 Cycl.

1227 1643 1265 1678 p.
1284 1629 1370 1666 325.

1281 1689 1390 1725 Idem
1408 1690 1476 1735 IX,
1493 1688 1555 1735 38,
1579 1702 1602 1740 9
1626 1703 1633 1725 :
1651 1687 1869 1736 Ἀσπληδόνα
1887 1686 1923 1725 δὲ
1942 1688 2095 1726 ἐκλιπεῖν
2119 1688 2200 1733 τοὺς
2218 1691 2269 1728 οἷ-

1228 1747 1376 1799 κήτοράς
1399 1761 1516 1800 φασιν,
1553 1746 1675 1790 ὕδατος
1707 1747 1949 1792 σπανίζοντας·
1983 1746 2142 1799 γενέσθαι
2167 1747 2204 1786 δὲ
2232 1749 2273 1787 τὸ

1227 1805 1336 1856 ὄνομα
1355 1805 1422 1844 ἀπὸ
1442 1805 1674 1852 Ἀσπληδόνος
1687 1808 1729 1858 τῇ
1749 1805 1866 1843 πόλει·
1886 1809 2004 1843 τοῦτον
2025 1806 2061 1844 δὲ
2081 1800 2169 1844 εἶναι
2186 1806 2272 1858 νύμ-

1227 1879 1291 1916 φης
1315 1879 1353 1902 τε
1376 1864 1522 1907 Μιδείας
1541 1863 1601 1902 καὶ
1629 1866 1864 1908 Ποσειδῶνος·
1881 1865 2041 1915 ὁμολογεῖ
2064 1864 2100 1903 δὲ
2122 1865 2181 1904 καὶ
2199 1865 2265 1913 ἔπη

1227 1922 1354 1975 σφίσιν,
1373 1923 1394 1960 ἃ
1415 1923 1556 1970 ἐποίησε
1575 1923 1745 1974 Χερσίας,
1760 1923 1846 1975 ἀνὴρ
1867 1923 2109 1975 Ὀρχομένιος·

1307 2020 1363 2052 Ἐκ
1378 2021 1411 2052 δὲ
1425 2019 1641 2056 Ποσειδάωνος
1654 2021 1839 2061 ἀγακλειτῆς
1851 2031 1884 2052 τε
1900 2021 2027 2057 Μιδείας

1306 2068 1483 2105 Ἀσπληδὼν
1496 2067 1591 2108 γένεθ’
1607 2069 1671 2104 υἱὸς
1685 2069 1730 2099 ἀν’
1745 2068 1909 2109 εὐρύχορον
1922 2068 2111 2109 πτολίεθρον.

1223 2151 1335 2189 Τοῧδε
1357 2153 1417 2187 τοῦ
1445 2148 1595 2202 Χερσίου
1615 2151 1681 2187 τῶν
1699 2150 1792 2186 ἐπῶν
1809 2147 1955 2198 οὐδεμία
1970 2142 2012 2194 ἦν
2038 2149 2089 2186 ἔτι
2105 2150 2185 2187 κατ’
2204 2149 2266 2198 ἐμὲ

1225 2208 1346 2259 μνήμη
1357 2224 1364 2231 ·
1387 2206 1478 2246 ἀλλὰ
1497 2208 1556 2246 καὶ
1573 2207 1656 2246 τάδε
1676 2208 1870 2258 ἐπηγάγετο
1886 2209 1904 2243 ὁ
1934 2206 2142 2251 Κάλλιππος
2158 2208 2192 2251 ἐς
2206 2207 2265 2245 τὸν

1227 2268 1331 2306 αὐτὸν
1341 2266 1441 2319 λόγον
1455 2267 1513 2306 τὸν
1534 2267 1658 2318 ἔχοντα
1675 2268 1708 2310 ἐς
1723 2264 1982 2318 ’()ρχομενίους.
1998 2265 2131 2304 Τούτου
2148 2265 2183 2304 δὲ
2200 2269 2261 2304 τοῦ

1222 2326 1370 2379 Χερσίου
1404 2327 1463 2364 καὶ
1491 2326 1697 2378 ἐπίγραμμα
1731 2328 1762 2363 οἱ
1800 2323 2024 2376 Ὀρχομένιοι
2054 2324 2093 2362 τὸ
2123 2323 2179 2362 ἐπὶ
2214 2326 2265 2377 τῷ

1222 2385 1387 2424 Ἡσιόδου
1404 2385 1503 2438 τάφῳ
1520 2386 1574 2435 (v,
1612 2387 1767 2422 Pausan.
1792 2386 1818 2423 l.
1838 2384 1900 2431 l.‘§
1916 2383 1960 2432 4)
1996 2380 2262 2440 μνημονεύουσι.

1221 2446 1278 2483 Cf.
1300 2447 1450 2481 Miiller.
1467 2446 1493 2482 l.
1517 2446 1541 2482 l.

1634 2549 1849 2564 —-···-—

255 2728 321 2766 DE
348 2726 511 2766 REBUS
540 2725 1007 2765 ORCHOMENIORUM.

616 2814 646 2846 1.

152 2882 187 2911 ln
204 2879 355 2911 Helicone
377 2879 496 2919 primos
511 2878 656 2909 omnium
669 2886 757 2910 sacra
778 2877 875 2909 Musis
889 2877 999 2908 fecisse
1014 2876 1046 2907 et
1060 2875 1157 2907 Musis

109 2941 182 2963 eum
197 2934 338 2963 montem
354 2940 553 2963 consecrasse
567 2931 743 2971 Ephialtem
758 2930 789 2962 et
804 2931 904 2962 otum
920 2928 1068 2967 tradunt3
1086 2936 1155 2959 eos-

109 2984 182 3015 dem
201 2983 296 3014 etiam
316 2986 445 3014 Ascram
468 2982 662 3022 condidisse;
681 2981 766 3022 quod
786 2981 958 3022 Hegesinus
977 2979 1009 3011 in
1027 2978 1155 3012 Atthide

108 3036 254 3076 poemate
267 3034 316 3066 his
328 3034 473 3065 versibus
489 3033 641 3065 indicavit
657 3046 664 3066 ι

179 3115 231 3140 Ast
245 3115 341 3140 Ascrae
354 3113 455 3147 optato
474 3112 587 3147 potitur
602 3113 758 3148 Neptunus
771 3118 871 3140 amore
887 3121 894 3138 ε

180 3167 247 3187 mox
266 3159 308 3186 1111
320 3166 385 3194 ‹111ae
398 3159 558 3194 progenuit
568 3159 755 3188 volventibus
768 3158 854 3187 annis

179 3206 316 3234 OEocluin
328 3224 334 3233 .
347 3206 424 3233 natis
436 3206 550 3242 primus
562 3206 612 3241 qui
623 3207 747 3240 junctus
760 3206 842 3234 Aloei

178 3250 229 3279 udi
243 3251 278 3278 ad
299 3250 410 3279 radices
430 3251 579 3278 Heliconis
590 3251 723 3279 condidit
742 3254 873 3279 Ascram.

108 3323 200 3354 Hanc
224 3321 368 3361 Hegesini
394 3321 501 3361 poesin
518 3329 574 3361 ego
599 3330 764 3361 nunquam
788 3320 866 3361 legi,
890 3318 1149 3361 quandoquidem

108 3375 182 3406 ante
195 3382 245 3405 me
258 3374 369 3404 natum
383 3381 510 3412 prorsus
522 3374 694 3403 evanuerat
705 3384 712 3411 ;
725 3372 780 3404 sed
793 3373 955 3412 Callippus
966 3370 1151 3403 Corinthius

108 3426 140 3456 111
168 3425 299 3457 historia
320 3432 418 3464 quam
444 3423 483 3455 de
508 3423 792 3455 Orchomeniorum
821 3424 916 3455 rebus
943 3422 1148 3462 conscripsit,

1220 2712 1331 2734 eorum
1344 2703 1486 2743 Hegesini
1504 2710 1654 2734 versuum
1673 2700 1855 2733 testimonio
1870 2700 1990 2739 utitur3
2007 2699 2092 2731 idem
2108 2707 2168 2731 nos
2184 2707 2262 2740 quo-

1219 2765 1281 2795 que
1298 2756 1432 2787 facimus
1447 2764 1464 2786 a
1481 2755 1626 2795 Callippo
1642 2754 1756 2786 edocti.
2150 2755 2153 2759 '

1721 2826 1755 2857 2.

1258 2892 1467 2932 Aspledonein
1483 2890 1525 2923 ob
1548 2899 1705 2931 aquarum
1730 2889 1896 2930 penuriam
1923 2889 2084 2920 desertam
2110 2886 2260 2926 tradunt;

1217 2952 1332 2974 nomen
1360 2952 1437 2974 vero
1458 2942 1528 2973 urbi
1554 2941 1721 2981 contigisse
1746 2941 1787 2972 ab
1813 2939 2006 2980 Aspledone‚
2033 2947 2131 2978 quem
2157 2938 2260 2970 Midea

1216 2995 1354 3035 nympha
1368 2996 1514 3034 Neptuno
1535 2994 1702 3033 pepererit.
1717 2992 1750 3024 Id
1775 2991 1965 3023 confirmant
1982 2989 2259 3022 versusachersia

1216 3049 1288 3080 facti
1301 3073 1309 3087 ‚
1322 3048 1392 3079 viro
1408 3046 1622 3080 orchomenio
1642 3056 1647 3076 :

1285 3140 1480 3174 Neptunoque
1494 3133 1680 3164 tridentifero
1698 3133 1863 3168 insignique
1876 3131 1970 3160 Midea

1285 3183 1431 3220 Aspledon
1444 3184 1523 3211 satus
1535 3183 1596 3215 est,
1610 3180 1705 3216 ampla
1718 3178 1895 3216 spectandus
1907 3177 1937 3205 in
1948 3177 2030 3205 urbe.

1213 3268 1314 3299 AEtate
1335 3265 1466 3305 quidem
1483 3272 1554 3295 mea
1580 3261 1721 3295 chersim
1740 3260 1836 3299 huius
1863 3259 2003 3290 carmina
2024 3258 2091 3298 jam
2112 3258 2256 3290 vetustas

1211 3318 1412 3356 aboleverat3
1426 3315 1480 3348 sed
1494 3316 1551 3346 hos
1569 3321 1698 3354 quoque
1710 3321 1820 3344 versus
1833 3310 1994 3350 Callippus
2007 3309 2116 3342 retulit
2129 3309 2160 3340 in
2174 3309 2254 3340 libro

1212 3373 1257 3402 De
1279 3367 1507 3402 Orchomeniis.
1531 3366 1641 3399 Eidem
1664 3365 1801 3398 Ciiersiae
1832 3364 2025 3403 epigramma
2049 3361 2252 3394 Orchomenii

1210 3421 1409 3462 attribuunt,
1427 3418 1512 3461 quod
1537 3417 1662 3452 Hesiodi
1680 3416 1825 3458 sepulcro
1842 3415 2027 3455 inscriptum
2046 3417 2106 3446 est.
