<?xml version="1.0" encoding="UTF-8"?>
<!DOCTYPE html PUBLIC "-//W3C//DTD XHTML 1.0 Transitional//EN"
    "http://www.w3.org/TR/xhtml1/DTD/xhtml1-transitional.dtd">
<html xmlns="http://www.w3.org/1999/xhtml" xml:lang="en" lang="en">
 <head>
  <title>
</title>
<meta http-equiv="Content-Type" content="text/html;charset=utf-8" />
  <meta name='ocr-system' content='tesseract 3.04.00' />
  <meta name='ocr-capabilities' content='ocr_page ocr_carea ocr_par ocr_line ocrx_word'/>
</head>
<body>
  <div class='ocr_page' id='page_1' title='image "./fragmentahistori04mueluoft_0473.png"; bbox 0 0 2372 3704; ppageno 0'>
   <div class='ocr_carea' id='block_1_1' title="bbox 998 187 1330 228">
    <p class='ocr_par' dir='ltr' id='par_1_1' title="bbox 998 187 1330 228">
     <span class='ocr_line' id='line_1_1' title="bbox 998 187 1330 228; baseline -0.003 0"><span class='ocrx_word' id='word_1_1' title='bbox 998 187 1330 228; x_wconf 79' lang='lat' dir='ltr'><strong>FRAGMENTA.</strong></span> 
     </span>
    </p>
   </div>
   <div class='ocr_carea' id='block_1_2' title="bbox 89 269 1159 2367">
    <p class='ocr_par' dir='ltr' id='par_1_2' title="bbox 89 269 1159 2367">
     <span class='ocr_line' id='line_1_2' title="bbox 89 269 1135 332; baseline -0.012 -12.858"><span class='ocrx_word' id='word_1_2' title='bbox 89 277 291 332; x_wconf 82' lang='grc' dir='ltr'>Ἂμφείας</span> <span class='ocrx_word' id='word_1_3' title='bbox 319 275 393 324; x_wconf 78' lang='grc' dir='ltr'>τὴν</span> <span class='ocrx_word' id='word_1_4' title='bbox 421 273 579 314; x_wconf 86' lang='grc' dir='ltr'>ἅλωσιν</span> <span class='ocrx_word' id='word_1_5' title='bbox 613 271 760 311; x_wconf 81' lang='grc' dir='ltr'>καὶτὰ</span> <span class='ocrx_word' id='word_1_6' title='bbox 786 269 934 324; x_wconf 82' lang='grc' dir='ltr'>ἐφεξης</span> <span class='ocrx_word' id='word_1_7' title='bbox 966 270 1135 317; x_wconf 88' lang='grc' dir='ltr'>συνέθη-</span> 
     </span>
     <span class='ocr_line' id='line_1_3' title="bbox 92 329 1137 388; baseline -0.011 -12"><span class='ocrx_word' id='word_1_8' title='bbox 92 351 178 388; x_wconf 86' lang='grc' dir='ltr'>κεν,</span> <span class='ocrx_word' id='word_1_9' title='bbox 212 337 256 375; x_wconf 85' lang='grc' dir='ltr'>οὗ</span> <span class='ocrx_word' id='word_1_10' title='bbox 290 334 433 388; x_wconf 87' lang='grc' dir='ltr'>πρόσω</span> <span class='ocrx_word' id='word_1_11' title='bbox 462 349 535 380; x_wconf 93' lang='grc' dir='ltr'>της</span> <span class='ocrx_word' id='word_1_12' title='bbox 568 329 876 384; x_wconf 84' lang='grc' dir='ltr'>Ἀριστοδήμου</span> <span class='ocrx_word' id='word_1_13' title='bbox 913 330 1137 375; x_wconf 84' lang='grc' dir='ltr'>τελευτης·</span> 
     </span>
     <span class='ocr_line' id='line_1_4' title="bbox 92 385 1138 443; baseline -0.01 -8.884"><span class='ocrx_word' id='word_1_14' title='bbox 92 394 230 438; x_wconf 79' lang='grc' dir='ltr'>Ῥιανὸς</span> <span class='ocrx_word' id='word_1_15' title='bbox 250 393 286 432; x_wconf 77' lang='grc' dir='ltr'>δὲ</span> <span class='ocrx_word' id='word_1_16' title='bbox 303 393 402 432; x_wconf 76' lang='grc' dir='ltr'>τοῦδε</span> <span class='ocrx_word' id='word_1_17' title='bbox 433 391 495 443; x_wconf 81' lang='grc' dir='ltr'>μὲν</span> <span class='ocrx_word' id='word_1_18' title='bbox 522 406 583 428; x_wconf 93' lang='grc' dir='ltr'>του</span> <span class='ocrx_word' id='word_1_19' title='bbox 612 388 752 441; x_wconf 85' lang='grc' dir='ltr'>πρώτου</span> <span class='ocrx_word' id='word_1_20' title='bbox 780 390 848 426; x_wconf 81' lang='grc' dir='ltr'>τῶν</span> <span class='ocrx_word' id='word_1_21' title='bbox 870 385 1035 437; x_wconf 90' lang='grc' dir='ltr'>πολέμων</span> <span class='ocrx_word' id='word_1_22' title='bbox 1062 385 1138 425; x_wconf 80' lang='grc' dir='ltr'>οὐδὲ</span> 
     </span>
     <span class='ocr_line' id='line_1_5' title="bbox 91 446 1138 507; baseline -0.009 -14.78"><span class='ocrx_word' id='word_1_23' title='bbox 91 452 208 507; x_wconf 80' lang='grc' dir='ltr'>ἥψατο</span> <span class='ocrx_word' id='word_1_24' title='bbox 235 452 364 505; x_wconf 85' lang='grc' dir='ltr'>ἀρχήν.</span> <span class='ocrx_word' id='word_1_25' title='bbox 385 450 525 489; x_wconf 88' lang='grc' dir='ltr'>Ὁπόσα</span> <span class='ocrx_word' id='word_1_26' title='bbox 544 449 580 487; x_wconf 77' lang='grc' dir='ltr'>δὲ</span> <span class='ocrx_word' id='word_1_27' title='bbox 606 447 721 500; x_wconf 84' lang='grc' dir='ltr'>χρόνῳ</span> <span class='ocrx_word' id='word_1_28' title='bbox 744 446 873 493; x_wconf 75' lang='grc' dir='ltr'>συνέὸη</span> <span class='ocrx_word' id='word_1_29' title='bbox 894 451 964 490; x_wconf 89' lang='grc' dir='ltr'>τοῖς</span> <span class='ocrx_word' id='word_1_30' title='bbox 992 448 1138 493; x_wconf 87' lang='grc' dir='ltr'>Μεσση-</span> 
     </span>
     <span class='ocr_line' id='line_1_6' title="bbox 93 504 1139 557; baseline -0.009 -7"><span class='ocrx_word' id='word_1_31' title='bbox 93 511 177 556; x_wconf 89' lang='grc' dir='ltr'>νίοις</span> <span class='ocrx_word' id='word_1_32' title='bbox 209 513 403 550; x_wconf 85' lang='grc' dir='ltr'>ἀποστᾶσιν</span> <span class='ocrx_word' id='word_1_33' title='bbox 423 509 492 547; x_wconf 84' lang='grc' dir='ltr'>ἀπὸ</span> <span class='ocrx_word' id='word_1_34' title='bbox 521 505 824 557; x_wconf 76' lang='grc' dir='ltr'>Λακεδαιμονίων,</span> <span class='ocrx_word' id='word_1_35' title='bbox 843 508 861 543; x_wconf 86' lang='grc' dir='ltr'>ὁ</span> <span class='ocrx_word' id='word_1_36' title='bbox 891 505 927 543; x_wconf 83' lang='grc' dir='ltr'>δὲ</span> <span class='ocrx_word' id='word_1_37' title='bbox 947 504 1008 543; x_wconf 78' lang='grc' dir='ltr'>καὶ</span> <span class='ocrx_word' id='word_1_38' title='bbox 1027 520 1139 542; x_wconf 86' lang='grc' dir='ltr'>ταυτα</span> 
     </span>
     <span class='ocr_line' id='line_1_7' title="bbox 94 563 1139 620; baseline -0.009 -11"><span class='ocrx_word' id='word_1_39' title='bbox 94 569 157 620; x_wconf 78' lang='grc' dir='ltr'>μὲν</span> <span class='ocrx_word' id='word_1_40' title='bbox 175 570 213 608; x_wconf 83' lang='grc' dir='ltr'>οὗ</span> <span class='ocrx_word' id='word_1_41' title='bbox 233 568 277 608; x_wconf 79' lang='grc' dir='ltr'>τὰ</span> <span class='ocrx_word' id='word_1_42' title='bbox 293 568 408 607; x_wconf 88' lang='grc' dir='ltr'>πάντα</span> <span class='ocrx_word' id='word_1_43' title='bbox 426 567 573 620; x_wconf 80' lang='grc' dir='ltr'>ἔγραψε,</span> <span class='ocrx_word' id='word_1_44' title='bbox 592 582 654 612; x_wconf 88' lang='grc' dir='ltr'>της</span> <span class='ocrx_word' id='word_1_45' title='bbox 674 564 792 617; x_wconf 83' lang='grc' dir='ltr'>μάχης</span> <span class='ocrx_word' id='word_1_46' title='bbox 808 564 844 602; x_wconf 88' lang='grc' dir='ltr'>δὲ</span> <span class='ocrx_word' id='word_1_47' title='bbox 863 563 907 602; x_wconf 83' lang='grc' dir='ltr'>τὰ</span> <span class='ocrx_word' id='word_1_48' title='bbox 932 563 1059 616; x_wconf 75' lang='grc' dir='ltr'>ὕστερα</span> <span class='ocrx_word' id='word_1_49' title='bbox 1071 592 1082 611; x_wconf 92' lang='grc'>,</span> <span class='ocrx_word' id='word_1_50' title='bbox 1097 563 1139 610; x_wconf 84' lang='grc' dir='ltr'>ἣν</span> 
     </span>
     <span class='ocr_line' id='line_1_8' title="bbox 93 620 1142 681; baseline -0.008 -14"><span class='ocrx_word' id='word_1_51' title='bbox 93 627 314 681; x_wconf 80' lang='grc' dir='ltr'>ἐμαχέσαντο</span> <span class='ocrx_word' id='word_1_52' title='bbox 331 626 387 666; x_wconf 74' lang='grc' dir='ltr'>ἐπὶ</span> <span class='ocrx_word' id='word_1_53' title='bbox 411 629 455 679; x_wconf 80' lang='grc' dir='ltr'>τῇ</span> <span class='ocrx_word' id='word_1_54' title='bbox 471 625 594 678; x_wconf 83' lang='grc' dir='ltr'>τάφρῳ</span> <span class='ocrx_word' id='word_1_55' title='bbox 609 627 652 677; x_wconf 81' lang='grc' dir='ltr'>τῇ</span> <span class='ocrx_word' id='word_1_56' title='bbox 679 621 878 674; x_wconf 78' lang='grc' dir='ltr'>καλουμένῃ</span> <span class='ocrx_word' id='word_1_57' title='bbox 893 622 1045 674; x_wconf 78' lang='grc' dir='ltr'>μεγάλῃ.</span> <span class='ocrx_word' id='word_1_58' title='bbox 1064 620 1142 661; x_wconf 84' lang='grc' dir='ltr'>”·Αν</span> 
     </span>
     <span class='ocr_line' id='line_1_9' title="bbox 95 678 1142 757; baseline -0.007 -32"><span class='ocrx_word' id='word_1_59' title='bbox 95 688 160 757; x_wconf 85' lang='grc' dir='ltr'>δρα</span> <span class='ocrx_word' id='word_1_60' title='bbox 180 701 218 725; x_wconf 87' lang='grc' dir='ltr'>τε</span> <span class='ocrx_word' id='word_1_61' title='bbox 237 683 481 738; x_wconf 79' lang='grc' dir='ltr'>Ἀριστομένην</span> <span class='ocrx_word' id='word_1_62' title='bbox 511 682 710 729; x_wconf 88' lang='grc' dir='ltr'>Μεσσήνιον</span> <span class='ocrx_word' id='word_1_63' title='bbox 731 681 871 731; x_wconf 89' lang='grc' dir='ltr'>(τούτου</span> <span class='ocrx_word' id='word_1_64' title='bbox 891 680 958 733; x_wconf 84' lang='grc' dir='ltr'>γὰρ</span> <span class='ocrx_word' id='word_1_65' title='bbox 979 680 1054 727; x_wconf 56' lang='grc' dir='ltr'>δὴΡ</span> <span class='ocrx_word' id='word_1_66' title='bbox 1042 678 1142 719; x_wconf 85' lang='grc' dir='ltr'>ε’νεκα</span> 
     </span>
     <span class='ocr_line' id='line_1_10' title="bbox 93 739 1143 791; baseline -0.007 -8"><span class='ocrx_word' id='word_1_67' title='bbox 93 745 152 784; x_wconf 85' lang='grc' dir='ltr'>τὸν</span> <span class='ocrx_word' id='word_1_68' title='bbox 175 745 288 783; x_wconf 85' lang='grc' dir='ltr'>πάντα</span> <span class='ocrx_word' id='word_1_69' title='bbox 310 742 531 791; x_wconf 84' lang='grc' dir='ltr'>ἐποιησάμην</span> <span class='ocrx_word' id='word_1_70' title='bbox 560 741 703 781; x_wconf 88' lang='grc' dir='ltr'>Ῥιανου</span> <span class='ocrx_word' id='word_1_71' title='bbox 723 740 782 779; x_wconf 78' lang='grc' dir='ltr'>καὶ</span> <span class='ocrx_word' id='word_1_72' title='bbox 809 739 979 791; x_wconf 86' lang='grc' dir='ltr'>Μύρωνος</span> <span class='ocrx_word' id='word_1_73' title='bbox 996 739 1143 791; x_wconf 78' lang='grc' dir='ltr'>λόγον),</span> 
     </span>
     <span class='ocr_line' id='line_1_11' title="bbox 93 797 1143 855; baseline -0.006 -13"><span class='ocrx_word' id='word_1_74' title='bbox 93 802 130 847; x_wconf 82' lang='grc' dir='ltr'>ὃς</span> <span class='ocrx_word' id='word_1_75' title='bbox 142 803 203 842; x_wconf 78' lang='grc' dir='ltr'>καὶ</span> <span class='ocrx_word' id='word_1_76' title='bbox 215 805 351 855; x_wconf 84' lang='grc' dir='ltr'>πρῶτος</span> <span class='ocrx_word' id='word_1_77' title='bbox 363 817 424 841; x_wconf 89' lang='grc' dir='ltr'>και</span> <span class='ocrx_word' id='word_1_78' title='bbox 441 801 595 853; x_wconf 88' lang='grc' dir='ltr'>μάλιστα</span> <span class='ocrx_word' id='word_1_79' title='bbox 612 800 651 838; x_wconf 86' lang='grc' dir='ltr'>τὸ</span> <span class='ocrx_word' id='word_1_80' title='bbox 664 798 885 846; x_wconf 82' lang='grc' dir='ltr'>Μεσσήνης”</span> <span class='ocrx_word' id='word_1_81' title='bbox 866 813 976 849; x_wconf 88' lang='grc' dir='ltr'>ονομα</span> <span class='ocrx_word' id='word_1_82' title='bbox 995 799 1030 842; x_wconf 84' lang='grc' dir='ltr'>ἐς</span> <span class='ocrx_word' id='word_1_83' title='bbox 1043 797 1143 843; x_wconf 87' lang='grc' dir='ltr'>ἀξίω-</span> 
     </span>
     <span class='ocr_line' id='line_1_12' title="bbox 96 855 1143 925; baseline -0.005 -26"><span class='ocrx_word' id='word_1_84' title='bbox 96 876 147 911; x_wconf 91' lang='grc' dir='ltr'>μα</span> <span class='ocrx_word' id='word_1_85' title='bbox 166 860 359 913; x_wconf 80' lang='grc' dir='ltr'>προήγαγε,</span> <span class='ocrx_word' id='word_1_86' title='bbox 379 863 528 898; x_wconf 76' lang='grc' dir='ltr'>τοῦτον</span> <span class='ocrx_word' id='word_1_87' title='bbox 545 858 615 896; x_wconf 82' lang='grc' dir='ltr'>τὸν</span> <span class='ocrx_word' id='word_1_88' title='bbox 635 857 768 910; x_wconf 80' lang='grc' dir='ltr'>ἄνδρα</span> <span class='ocrx_word' id='word_1_89' title='bbox 787 856 1048 908; x_wconf 81' lang='grc' dir='ltr'>ἐπεισήγαγε</span> <span class='ocrx_word' id='word_1_90' title='bbox 1069 855 1143 925; x_wconf 55' lang='lat' dir='ltr'>l1-{V</span> 
     </span>
     <span class='ocr_line' id='line_1_13' title="bbox 95 913 1145 971; baseline -0.005 -14"><span class='ocrx_word' id='word_1_91' title='bbox 95 921 114 957; x_wconf 84' lang='grc' dir='ltr'><strong><em>ὃ</em></strong></span> <span class='ocrx_word' id='word_1_92' title='bbox 135 917 380 971; x_wconf 78' lang='grc' dir='ltr'>Πριηνευς’</span> <span class='ocrx_word' id='word_1_93' title='bbox 366 934 404 962; x_wconf 88' lang='grc' dir='ltr'>ες</span> <span class='ocrx_word' id='word_1_94' title='bbox 423 917 497 964; x_wconf 83' lang='grc' dir='ltr'>τὴν</span> <span class='ocrx_word' id='word_1_95' title='bbox 515 915 782 969; x_wconf 83' lang='grc' dir='ltr'>συγγ“ραφὴν,</span> <span class='ocrx_word' id='word_1_96' title='bbox 803 915 935 954; x_wconf 85' lang='grc' dir='ltr'>Ῥιανῶ</span> <span class='ocrx_word' id='word_1_97' title='bbox 955 913 1033 953; x_wconf 77' lang='grc' dir='ltr'>δὲ’</span> <span class='ocrx_word' id='word_1_98' title='bbox 1018 931 1054 953; x_wconf 91' lang='grc' dir='ltr'>εν</span> <span class='ocrx_word' id='word_1_99' title='bbox 1075 915 1145 958; x_wconf 81' lang='grc' dir='ltr'>τοῖς</span> 
     </span>
     <span class='ocr_line' id='line_1_14' title="bbox 97 973 1143 1035; baseline -0.003 -20"><span class='ocrx_word' id='word_1_100' title='bbox 97 977 214 1015; x_wconf 80' lang='grc' dir='ltr'>ἔπεσιν</span> <span class='ocrx_word' id='word_1_101' title='bbox 236 976 334 1015; x_wconf 77' lang='grc' dir='ltr'>οὐδὲν</span> <span class='ocrx_word' id='word_1_102' title='bbox 353 975 597 1028; x_wconf 82' lang='grc' dir='ltr'>Ἀριστομένης</span> <span class='ocrx_word' id='word_1_103' title='bbox 617 975 709 1014; x_wconf 80' lang='grc' dir='ltr'>ἐστὶν</span> <span class='ocrx_word' id='word_1_104' title='bbox 731 973 962 1035; x_wconf 87' lang='grc' dir='ltr'>ἀφανεστερος</span> <span class='ocrx_word' id='word_1_105' title='bbox 981 973 1003 1021; x_wconf 79' lang='grc' dir='ltr'>ἢ</span> <span class='ocrx_word' id='word_1_106' title='bbox 1026 974 1143 1026; x_wconf 88' lang='grc' dir='ltr'>Ἀχιλ·</span> 
     </span>
     <span class='ocr_line' id='line_1_15' title="bbox 95 1032 1145 1087; baseline -0.004 -14"><span class='ocrx_word' id='word_1_107' title='bbox 95 1034 208 1079; x_wconf 54' lang='grc' dir='ltr'>λεῦσς’</span> <span class='ocrx_word' id='word_1_108' title='bbox 193 1051 227 1073; x_wconf 90' lang='grc' dir='ltr'>εν</span> <span class='ocrx_word' id='word_1_109' title='bbox 243 1034 367 1074; x_wconf 80' lang='grc' dir='ltr'>Ἰλιάδι</span> <span class='ocrx_word' id='word_1_110' title='bbox 386 1034 551 1087; x_wconf 83' lang='grc' dir='ltr'>Ὁμήρῳ.</span> <span class='ocrx_word' id='word_1_111' title='bbox 573 1033 733 1085; x_wconf 81' lang='grc' dir='ltr'>Διάφορα</span> <span class='ocrx_word' id='word_1_112' title='bbox 756 1036 814 1070; x_wconf 81' lang='grc' dir='ltr'>οὖν</span> <span class='ocrx_word' id='word_1_113' title='bbox 837 1032 894 1070; x_wconf 84' lang='grc' dir='ltr'>ε’πι</span> <span class='ocrx_word' id='word_1_114' title='bbox 909 1046 1071 1070; x_wconf 85' lang='grc' dir='ltr'>τοσουτον</span> <span class='ocrx_word' id='word_1_115' title='bbox 1094 1032 1145 1069; x_wconf 88' lang='grc' dir='ltr'>εἷ-</span> 
     </span>
     <span class='ocr_line' id='line_1_16' title="bbox 100 1090 1147 1147; baseline -0.005 -16"><span class='ocrx_word' id='word_1_116' title='bbox 100 1093 271 1144; x_wconf 85' lang='grc' dir='ltr'>ρηκότων,</span> <span class='ocrx_word' id='word_1_117' title='bbox 291 1092 458 1147; x_wconf 85' lang='grc' dir='ltr'>προέσθαι</span> <span class='ocrx_word' id='word_1_118' title='bbox 477 1093 539 1143; x_wconf 82' lang='grc' dir='ltr'>μὲν</span> <span class='ocrx_word' id='word_1_119' title='bbox 558 1091 617 1130; x_wconf 83' lang='grc' dir='ltr'>τὸν</span> <span class='ocrx_word' id='word_1_120' title='bbox 638 1090 752 1143; x_wconf 78' lang='grc' dir='ltr'>ἔτερόν</span> <span class='ocrx_word' id='word_1_121' title='bbox 779 1106 838 1139; x_wconf 89' lang='grc' dir='ltr'>μοι</span> <span class='ocrx_word' id='word_1_122' title='bbox 856 1106 924 1128; x_wconf 89' lang='grc' dir='ltr'>των</span> <span class='ocrx_word' id='word_1_123' title='bbox 941 1090 1068 1141; x_wconf 88' lang='grc' dir='ltr'>λόγων,</span> <span class='ocrx_word' id='word_1_124' title='bbox 1086 1105 1147 1128; x_wconf 91' lang='grc' dir='ltr'>και</span> 
     </span>
     <span class='ocr_line' id='line_1_17' title="bbox 99 1147 1145 1204; baseline -0.004 -14"><span class='ocrx_word' id='word_1_125' title='bbox 99 1153 166 1204; x_wconf 76' lang='grc' dir='ltr'>οὐχ</span> <span class='ocrx_word' id='word_1_126' title='bbox 185 1151 260 1202; x_wconf 86' lang='grc' dir='ltr'>ἅμα</span> <span class='ocrx_word' id='word_1_127' title='bbox 275 1151 509 1204; x_wconf 76' lang='grc' dir='ltr'>ἀμφοτέρους,</span> <span class='ocrx_word' id='word_1_128' title='bbox 525 1149 743 1188; x_wconf 75' lang='grc' dir='ltr'>ὑπελείπετο.</span> <span class='ocrx_word' id='word_1_129' title='bbox 761 1148 900 1192; x_wconf 81' lang='grc' dir='ltr'>Ῥιανὸς</span> <span class='ocrx_word' id='word_1_130' title='bbox 919 1147 955 1187; x_wconf 87' lang='grc' dir='ltr'>δέ</span> <span class='ocrx_word' id='word_1_131' title='bbox 972 1164 1030 1199; x_wconf 91' lang='grc' dir='ltr'>μοι</span> <span class='ocrx_word' id='word_1_132' title='bbox 1045 1151 1145 1195; x_wconf 77' lang='grc' dir='ltr'>ποιῆ-</span> 
     </span>
     <span class='ocr_line' id='line_1_18' title="bbox 100 1206 1148 1261; baseline -0.006 -13"><span class='ocrx_word' id='word_1_133' title='bbox 100 1226 159 1248; x_wconf 88' lang='grc' dir='ltr'>σαι</span> <span class='ocrx_word' id='word_1_134' title='bbox 177 1211 309 1261; x_wconf 81' lang='grc' dir='ltr'>μᾶλλον</span> <span class='ocrx_word' id='word_1_135' title='bbox 328 1208 484 1261; x_wconf 81' lang='grc' dir='ltr'>ἐφαίνετο</span> <span class='ocrx_word' id='word_1_136' title='bbox 504 1208 620 1246; x_wconf 89' lang='grc' dir='ltr'>εἷκότα</span> <span class='ocrx_word' id='word_1_137' title='bbox 641 1209 688 1251; x_wconf 87' lang='grc' dir='ltr'>εἷς</span> <span class='ocrx_word' id='word_1_138' title='bbox 707 1207 770 1254; x_wconf 85' lang='grc' dir='ltr'>τὴν</span> <span class='ocrx_word' id='word_1_139' title='bbox 787 1206 1047 1260; x_wconf 85' lang='grc' dir='ltr'>Ἀριστομένους</span> <span class='ocrx_word' id='word_1_140' title='bbox 1069 1207 1148 1252; x_wconf 85' lang='grc' dir='ltr'>ἡλι-</span> 
     </span>
     <span class='ocr_line' id='line_1_19' title="bbox 99 1266 1147 1319; baseline -0.003 -14"><span class='ocrx_word' id='word_1_141' title='bbox 99 1268 192 1307; x_wconf 87' lang='grc' dir='ltr'>κίαν.</span> <span class='ocrx_word' id='word_1_142' title='bbox 247 1267 435 1319; x_wconf 83' lang='grc' dir='ltr'>Μύρωνα</span> <span class='ocrx_word' id='word_1_143' title='bbox 464 1266 507 1305; x_wconf 84' lang='grc' dir='ltr'>δὲ</span> <span class='ocrx_word' id='word_1_144' title='bbox 529 1266 597 1305; x_wconf 86' lang='grc' dir='ltr'>ἐπί</span> <span class='ocrx_word' id='word_1_145' title='bbox 627 1282 670 1305; x_wconf 88' lang='grc' dir='ltr'>τε</span> <span class='ocrx_word' id='word_1_146' title='bbox 703 1266 851 1309; x_wconf 85' lang='grc' dir='ltr'>ἄλλοις</span> <span class='ocrx_word' id='word_1_147' title='bbox 878 1267 1147 1315; x_wconf 85' lang='grc' dir='ltr'>καταμαθεῖν</span> 
     </span>
     <span class='ocr_line' id='line_1_20' title="bbox 102 1323 1148 1379; baseline -0.004 -15"><span class='ocrx_word' id='word_1_148' title='bbox 102 1328 219 1364; x_wconf 83' lang='grc' dir='ltr'>ἐστιν</span> <span class='ocrx_word' id='word_1_149' title='bbox 240 1327 284 1364; x_wconf 80' lang='grc' dir='ltr'>οὗ</span> <span class='ocrx_word' id='word_1_150' title='bbox 303 1325 620 1379; x_wconf 82' lang='grc' dir='ltr'>προορώμενον,</span> <span class='ocrx_word' id='word_1_151' title='bbox 641 1325 678 1363; x_wconf 85' lang='grc' dir='ltr'>εἷ</span> <span class='ocrx_word' id='word_1_152' title='bbox 700 1325 833 1377; x_wconf 80' lang='grc' dir='ltr'>ψευδῆ</span> <span class='ocrx_word' id='word_1_153' title='bbox 853 1339 895 1362; x_wconf 89' lang='grc' dir='ltr'>τε</span> <span class='ocrx_word' id='word_1_154' title='bbox 920 1323 992 1361; x_wconf 78' lang='grc' dir='ltr'>καὶ</span> <span class='ocrx_word' id='word_1_155' title='bbox 1011 1324 1055 1361; x_wconf 80' lang='grc' dir='ltr'>οὗ</span> <span class='ocrx_word' id='word_1_156' title='bbox 1081 1338 1148 1360; x_wconf 87' lang='grc' dir='ltr'>πι-</span> 
     </span>
     <span class='ocr_line' id='line_1_21' title="bbox 102 1382 1150 1435; baseline -0.004 -13"><span class='ocrx_word' id='word_1_157' title='bbox 102 1384 208 1422; x_wconf 79' lang='grc' dir='ltr'>θανὰ</span> <span class='ocrx_word' id='word_1_158' title='bbox 228 1383 342 1429; x_wconf 85' lang='grc' dir='ltr'>δόξει</span> <span class='ocrx_word' id='word_1_159' title='bbox 361 1383 518 1435; x_wconf 88' lang='grc' dir='ltr'>λέγειν,</span> <span class='ocrx_word' id='word_1_160' title='bbox 535 1382 606 1422; x_wconf 80' lang='grc' dir='ltr'>καὶ</span> <span class='ocrx_word' id='word_1_161' title='bbox 626 1384 704 1434; x_wconf 82' lang='grc' dir='ltr'>οὐχ</span> <span class='ocrx_word' id='word_1_162' title='bbox 721 1382 878 1430; x_wconf 80' lang='grc' dir='ltr'>ἥκιστα</span> <span class='ocrx_word' id='word_1_163' title='bbox 897 1383 938 1419; x_wconf 82' lang='grc' dir='ltr'>ἐν</span> <span class='ocrx_word' id='word_1_164' title='bbox 955 1382 1056 1433; x_wconf 83' lang='grc' dir='ltr'>τῇδε</span> <span class='ocrx_word' id='word_1_165' title='bbox 1075 1383 1150 1427; x_wconf 75' lang='grc' dir='ltr'>τῆς</span> 
     </span>
     <span class='ocr_line' id='line_1_22' title="bbox 104 1439 1149 1494; baseline -0.004 -13"><span class='ocrx_word' id='word_1_166' title='bbox 104 1442 356 1490; x_wconf 77' lang='grc' dir='ltr'>Μεσσηνίας</span> <span class='ocrx_word' id='word_1_167' title='bbox 389 1444 628 1494; x_wconf 81' lang='grc' dir='ltr'>συγγραφῇ.</span> <span class='ocrx_word' id='word_1_168' title='bbox 666 1440 847 1488; x_wconf 89' lang='grc' dir='ltr'>Πεποίηκε</span> <span class='ocrx_word' id='word_1_169' title='bbox 873 1439 960 1492; x_wconf 78' lang='grc' dir='ltr'>γὰρ,</span> <span class='ocrx_word' id='word_1_170' title='bbox 988 1441 1034 1483; x_wconf 84' lang='grc' dir='ltr'>ὥς</span> <span class='ocrx_word' id='word_1_171' title='bbox 1062 1441 1149 1478; x_wconf 85' lang='grc' dir='ltr'>ἀπο-</span> 
     </span>
     <span class='ocr_line' id='line_1_23' title="bbox 104 1497 1150 1551; baseline -0.003 -12"><span class='ocrx_word' id='word_1_172' title='bbox 104 1500 246 1539; x_wconf 85' lang='grc' dir='ltr'>κτείνειε</span> <span class='ocrx_word' id='word_1_173' title='bbox 256 1500 471 1551; x_wconf 89' lang='grc' dir='ltr'>Θεόπομπον</span> <span class='ocrx_word' id='word_1_174' title='bbox 480 1500 538 1538; x_wconf 82' lang='grc' dir='ltr'>τὸν</span> <span class='ocrx_word' id='word_1_175' title='bbox 549 1498 835 1550; x_wconf 86' lang='grc' dir='ltr'>Λακεδαιμονίων</span> <span class='ocrx_word' id='word_1_176' title='bbox 847 1497 992 1550; x_wconf 88' lang='grc' dir='ltr'>βασιλέα</span> <span class='ocrx_word' id='word_1_177' title='bbox 1002 1498 1034 1537; x_wconf 82' lang='grc' dir='ltr'>Ἀ</span> <span class='ocrx_word' id='word_1_178' title='bbox 1042 1513 1150 1550; x_wconf 87' lang='grc' dir='ltr'>ριστο-</span> 
     </span>
     <span class='ocr_line' id='line_1_24' title="bbox 104 1556 1149 1611; baseline -0.003 -14"><span class='ocrx_word' id='word_1_179' title='bbox 104 1559 207 1608; x_wconf 87' lang='grc' dir='ltr'>μένης</span> <span class='ocrx_word' id='word_1_180' title='bbox 223 1558 337 1609; x_wconf 82' lang='grc' dir='ltr'>ὀλίγον</span> <span class='ocrx_word' id='word_1_181' title='bbox 354 1558 422 1611; x_wconf 84' lang='grc' dir='ltr'>πρὸ</span> <span class='ocrx_word' id='word_1_182' title='bbox 438 1562 500 1606; x_wconf 75' lang='grc' dir='ltr'>τῆς</span> <span class='ocrx_word' id='word_1_183' title='bbox 515 1557 767 1611; x_wconf 84' lang='grc' dir='ltr'>Ἀριστοδήμου</span> <span class='ocrx_word' id='word_1_184' title='bbox 783 1559 963 1604; x_wconf 76' lang='grc' dir='ltr'>τελευτῆς·</span> <span class='ocrx_word' id='word_1_185' title='bbox 984 1556 1149 1606; x_wconf 87' lang='grc' dir='ltr'>Θεόπομ-</span> 
     </span>
     <span class='ocr_line' id='line_1_25' title="bbox 103 1614 1151 1674; baseline -0.003 -19"><span class='ocrx_word' id='word_1_186' title='bbox 103 1633 168 1656; x_wconf 88' lang='grc' dir='ltr'>πον</span> <span class='ocrx_word' id='word_1_187' title='bbox 183 1617 220 1657; x_wconf 83' lang='grc' dir='ltr'>δὲ</span> <span class='ocrx_word' id='word_1_188' title='bbox 233 1617 310 1656; x_wconf 85' lang='grc' dir='ltr'>οὔτε</span> <span class='ocrx_word' id='word_1_189' title='bbox 325 1617 443 1670; x_wconf 88' lang='grc' dir='ltr'>μάχης</span> <span class='ocrx_word' id='word_1_190' title='bbox 452 1616 633 1668; x_wconf 85' lang='grc' dir='ltr'>γινομένης</span> <span class='ocrx_word' id='word_1_191' title='bbox 643 1615 722 1655; x_wconf 86' lang='grc' dir='ltr'>οὔτε</span> <span class='ocrx_word' id='word_1_192' title='bbox 737 1616 850 1659; x_wconf 90' lang='grc' dir='ltr'>ἄλλως</span> <span class='ocrx_word' id='word_1_193' title='bbox 863 1614 1151 1674; x_wconf 82' lang='grc' dir='ltr'>προαποθανόντα</span> 
     </span>
     <span class='ocr_line' id='line_1_26' title="bbox 105 1673 1150 1729; baseline -0.003 -15"><span class='ocrx_word' id='word_1_194' title='bbox 105 1675 206 1725; x_wconf 85' lang='grc' dir='ltr'>ἴσμεν</span> <span class='ocrx_word' id='word_1_195' title='bbox 234 1676 316 1729; x_wconf 85' lang='grc' dir='ltr'>πρὶν</span> <span class='ocrx_word' id='word_1_196' title='bbox 342 1675 365 1722; x_wconf 83' lang='grc' dir='ltr'>ἢ</span> <span class='ocrx_word' id='word_1_197' title='bbox 383 1677 684 1726; x_wconf 89' lang='grc' dir='ltr'>διαπολεμηθηναι</span> <span class='ocrx_word' id='word_1_198' title='bbox 714 1673 770 1712; x_wconf 85' lang='grc' dir='ltr'>τὸν</span> <span class='ocrx_word' id='word_1_199' title='bbox 798 1673 963 1724; x_wconf 87' lang='grc' dir='ltr'>πόλεμον.</span> <span class='ocrx_word' id='word_1_200' title='bbox 984 1675 1095 1716; x_wconf 79' lang='grc' dir='ltr'>Οὗτος</span> <span class='ocrx_word' id='word_1_201' title='bbox 1116 1674 1150 1711; x_wconf 78' lang='grc' dir='ltr'>δὲ</span> 
     </span>
     <span class='ocr_line' id='line_1_27' title="bbox 106 1731 1044 1785; baseline -0.004 -12"><span class='ocrx_word' id='word_1_202' title='bbox 106 1737 125 1773; x_wconf 85' lang='grc' dir='ltr'>ὁ</span> <span class='ocrx_word' id='word_1_203' title='bbox 141 1734 353 1784; x_wconf 88' lang='grc' dir='ltr'>Θεόπομπος</span> <span class='ocrx_word' id='word_1_204' title='bbox 375 1738 416 1782; x_wconf 88' lang='grc' dir='ltr'>ἠν</span> <span class='ocrx_word' id='word_1_205' title='bbox 432 1733 493 1772; x_wconf 75' lang='grc' dir='ltr'>καὶ</span> <span class='ocrx_word' id='word_1_206' title='bbox 509 1736 527 1771; x_wconf 83' lang='grc' dir='ltr'>ὁ</span> <span class='ocrx_word' id='word_1_207' title='bbox 547 1733 655 1785; x_wconf 89' lang='grc' dir='ltr'>πέρας</span> <span class='ocrx_word' id='word_1_208' title='bbox 672 1732 798 1776; x_wconf 75' lang='grc' dir='ltr'>ἐπιθεὶς</span> <span class='ocrx_word' id='word_1_209' title='bbox 816 1735 866 1784; x_wconf 85' lang='grc' dir='ltr'>τῷ</span> <span class='ocrx_word' id='word_1_210' title='bbox 885 1731 1044 1783; x_wconf 86' lang='grc' dir='ltr'>πολέμῳ.</span> 
     </span>
     <span class='ocr_line' id='line_1_28' title="bbox 157 1794 1152 1843; baseline -0.005 -11"><span class='ocrx_word' id='word_1_211' title='bbox 157 1796 277 1831; x_wconf 86' lang='lat' dir='ltr'>Multa</span> <span class='ocrx_word' id='word_1_212' title='bbox 286 1807 332 1832; x_wconf 78' lang='lat' dir='ltr'>ex</span> <span class='ocrx_word' id='word_1_213' title='bbox 348 1795 519 1843; x_wconf 84' lang='lat' dir='ltr'>Myronis</span> <span class='ocrx_word' id='word_1_214' title='bbox 538 1794 644 1830; x_wconf 91' lang='lat' dir='ltr'>libris</span> <span class='ocrx_word' id='word_1_215' title='bbox 660 1794 904 1830; x_wconf 86' lang='lat' dir='ltr'>Pausaniam</span> <span class='ocrx_word' id='word_1_216' title='bbox 895 1806 935 1828; x_wconf 87' lang='lat' dir='ltr'>ln</span> <span class='ocrx_word' id='word_1_217' title='bbox 953 1805 1018 1828; x_wconf 91' lang='lat' dir='ltr'>sua</span> <span class='ocrx_word' id='word_1_218' title='bbox 1033 1799 1152 1828; x_wconf 84' lang='lat' dir='ltr'>trans-</span> 
     </span>
     <span class='ocr_line' id='line_1_29' title="bbox 108 1852 1151 1900; baseline -0.003 -11"><span class='ocrx_word' id='word_1_219' title='bbox 108 1853 232 1890; x_wconf 81' lang='lat' dir='ltr'>tulisse</span> <span class='ocrx_word' id='word_1_220' title='bbox 243 1880 254 1899; x_wconf 85' lang='lat'>,</span> <span class='ocrx_word' id='word_1_221' title='bbox 273 1854 342 1889; x_wconf 89' lang='lat' dir='ltr'>etsi</span> <span class='ocrx_word' id='word_1_222' title='bbox 359 1853 613 1889; x_wconf 88' lang='lat' dir='ltr'>demonstrari</span> <span class='ocrx_word' id='word_1_223' title='bbox 628 1853 780 1900; x_wconf 88' lang='lat' dir='ltr'>nequit,</span> <span class='ocrx_word' id='word_1_224' title='bbox 799 1853 880 1888; x_wconf 86' lang='lat' dir='ltr'>veri</span> <span class='ocrx_word' id='word_1_225' title='bbox 895 1859 1021 1887; x_wconf 90' lang='lat' dir='ltr'>tamen</span> <span class='ocrx_word' id='word_1_226' title='bbox 1037 1852 1151 1887; x_wconf 90' lang='lat' dir='ltr'>simil-</span> 
     </span>
     <span class='ocr_line' id='line_1_30' title="bbox 105 1911 1153 1959; baseline -0.001 -13"><span class='ocrx_word' id='word_1_227' title='bbox 105 1912 237 1947; x_wconf 89' lang='lat' dir='ltr'>limum</span> <span class='ocrx_word' id='word_1_228' title='bbox 253 1919 308 1947; x_wconf 90' lang='lat' dir='ltr'>est</span> <span class='ocrx_word' id='word_1_229' title='bbox 337 1924 346 1947; x_wconf 90' lang='grc'>;</span> <span class='ocrx_word' id='word_1_230' title='bbox 375 1912 471 1948; x_wconf 88' lang='lat' dir='ltr'>adeo</span> <span class='ocrx_word' id='word_1_231' title='bbox 491 1919 534 1947; x_wconf 83' lang='lat' dir='ltr'>ut</span> <span class='ocrx_word' id='word_1_232' title='bbox 551 1924 633 1959; x_wconf 85' lang='lat' dir='ltr'>quae</span> <span class='ocrx_word' id='word_1_233' title='bbox 652 1912 692 1946; x_wconf 90' lang='lat' dir='ltr'>in</span> <span class='ocrx_word' id='word_1_234' title='bbox 710 1911 891 1947; x_wconf 84' lang='lat' dir='ltr'>Pausania</span> <span class='ocrx_word' id='word_1_235' title='bbox 906 1922 1008 1946; x_wconf 89' lang='lat' dir='ltr'>nunc</span> <span class='ocrx_word' id='word_1_236' title='bbox 1027 1922 1153 1958; x_wconf 87' lang='lat' dir='ltr'>repre-</span> 
     </span>
     <span class='ocr_line' id='line_1_31' title="bbox 105 1969 1156 2018; baseline -0.002 -13"><span class='ocrx_word' id='word_1_237' title='bbox 105 1970 338 2015; x_wconf 87' lang='lat' dir='ltr'>henduntur,</span> <span class='ocrx_word' id='word_1_238' title='bbox 365 1970 498 2007; x_wconf 90' lang='lat' dir='ltr'>eadem</span> <span class='ocrx_word' id='word_1_239' title='bbox 523 1971 618 2006; x_wconf 86' lang='lat' dir='ltr'>vitia</span> <span class='ocrx_word' id='word_1_240' title='bbox 644 1970 763 2018; x_wconf 83' lang='lat' dir='ltr'>magis</span> <span class='ocrx_word' id='word_1_241' title='bbox 788 1970 902 2005; x_wconf 90' lang='lat' dir='ltr'>etiam</span> <span class='ocrx_word' id='word_1_242' title='bbox 920 1970 960 2004; x_wconf 89' lang='lat' dir='ltr'>in</span> <span class='ocrx_word' id='word_1_243' title='bbox 985 1969 1156 2017; x_wconf 81' lang='lat' dir='ltr'>Myronis</span> 
     </span>
     <span class='ocr_line' id='line_1_32' title="bbox 110 2028 1155 2077; baseline -0.002 -13"><span class='ocrx_word' id='word_1_244' title='bbox 110 2041 225 2077; x_wconf 88' lang='lat' dir='ltr'>opere</span> <span class='ocrx_word' id='word_1_245' title='bbox 244 2030 450 2077; x_wconf 88' lang='lat' dir='ltr'>conspicua</span> <span class='ocrx_word' id='word_1_246' title='bbox 466 2029 578 2064; x_wconf 85' lang='lat' dir='ltr'>fuisse</span> <span class='ocrx_word' id='word_1_247' title='bbox 606 2029 820 2065; x_wconf 89' lang='lat' dir='ltr'>videantur.</span> <span class='ocrx_word' id='word_1_248' title='bbox 837 2030 894 2064; x_wconf 94' lang='lat' dir='ltr'>De</span> <span class='ocrx_word' id='word_1_249' title='bbox 914 2028 1155 2063; x_wconf 85' lang='lat' dir='ltr'>Pausanianae</span> 
     </span>
     <span class='ocr_line' id='line_1_33' title="bbox 109 2086 1155 2134; baseline -0.002 -12"><span class='ocrx_word' id='word_1_250' title='bbox 109 2094 235 2122; x_wconf 80' lang='lat' dir='ltr'>aulem</span> <span class='ocrx_word' id='word_1_251' title='bbox 251 2088 476 2123; x_wconf 82' lang='lat' dir='ltr'>narrationis</span> <span class='ocrx_word' id='word_1_252' title='bbox 496 2087 624 2123; x_wconf 89' lang='lat' dir='ltr'>indole</span> <span class='ocrx_word' id='word_1_253' title='bbox 642 2088 823 2122; x_wconf 89' lang='lat' dir='ltr'>lectorem</span> <span class='ocrx_word' id='word_1_254' title='bbox 843 2087 971 2134; x_wconf 87' lang='lat' dir='ltr'>relego</span> <span class='ocrx_word' id='word_1_255' title='bbox 993 2086 1043 2121; x_wconf 89' lang='lat' dir='ltr'>ad</span> <span class='ocrx_word' id='word_1_256' title='bbox 1058 2086 1155 2121; x_wconf 83' lang='lat' dir='ltr'>Miil-</span> 
     </span>
     <span class='ocr_line' id='line_1_34' title="bbox 109 2145 1155 2194; baseline -0.001 -14"><span class='ocrx_word' id='word_1_257' title='bbox 109 2146 232 2181; x_wconf 87' lang='lat' dir='ltr'>lerum</span> <span class='ocrx_word' id='word_1_258' title='bbox 255 2146 295 2181; x_wconf 88' lang='lat' dir='ltr'>in</span> <span class='ocrx_word' id='word_1_259' title='bbox 310 2147 402 2184; x_wconf 87' lang='lat' dir='ltr'>Dor.</span> <span class='ocrx_word' id='word_1_260' title='bbox 427 2147 467 2191; x_wconf 93' lang='lat' dir='ltr'>I,</span> <span class='ocrx_word' id='word_1_261' title='bbox 485 2158 526 2194; x_wconf 90' lang='lat' dir='ltr'>p.</span> <span class='ocrx_word' id='word_1_262' title='bbox 554 2150 624 2188; x_wconf 73' lang='grc'>144</span> <span class='ocrx_word' id='word_1_263' title='bbox 653 2158 735 2193; x_wconf 89' lang='lat' dir='ltr'>sqq.</span> <span class='ocrx_word' id='word_1_264' title='bbox 754 2147 810 2181; x_wconf 93' lang='lat' dir='ltr'>De</span> <span class='ocrx_word' id='word_1_265' title='bbox 828 2145 980 2180; x_wconf 80' lang='lat' dir='ltr'>Rhiano</span> <span class='ocrx_word' id='word_1_266' title='bbox 993 2172 1004 2192; x_wconf 88' lang='lat'>‚</span> <span class='ocrx_word' id='word_1_267' title='bbox 1023 2145 1155 2180; x_wconf 88' lang='lat' dir='ltr'>Erato-</span> 
     </span>
     <span class='ocr_line' id='line_1_35' title="bbox 111 2203 1154 2252; baseline -0.002 -12"><span class='ocrx_word' id='word_1_268' title='bbox 111 2204 251 2240; x_wconf 84' lang='lat' dir='ltr'>sthenis</span> <span class='ocrx_word' id='word_1_269' title='bbox 268 2204 422 2252; x_wconf 84' lang='lat' dir='ltr'>aequali,</span> <span class='ocrx_word' id='word_1_270' title='bbox 438 2205 527 2240; x_wconf 87' lang='lat' dir='ltr'>vide</span> <span class='ocrx_word' id='word_1_271' title='bbox 546 2205 645 2240; x_wconf 90' lang='lat' dir='ltr'>Saal.</span> <span class='ocrx_word' id='word_1_272' title='bbox 669 2203 831 2251; x_wconf 71' lang='lat' dir='ltr'>(Rhiani</span> <span class='ocrx_word' id='word_1_273' title='bbox 847 2216 932 2251; x_wconf 86' lang='lat' dir='ltr'>quoe</span> <span class='ocrx_word' id='word_1_274' title='bbox 950 2211 1154 2251; x_wconf 80' lang='lat' dir='ltr'>supersunt.</span> 
     </span>
     <span class='ocr_line' id='line_1_36' title="bbox 115 2260 1159 2312; baseline -0.002 -14"><span class='ocrx_word' id='word_1_275' title='bbox 115 2264 238 2300; x_wconf 90' lang='lat' dir='ltr'>Bonn.</span> <span class='ocrx_word' id='word_1_276' title='bbox 266 2260 386 2312; x_wconf 87' lang='lat'><em>1831)</em></span> <span class='ocrx_word' id='word_1_277' title='bbox 413 2271 449 2299; x_wconf 91' lang='lat' dir='ltr'>et</span> <span class='ocrx_word' id='word_1_278' title='bbox 472 2265 519 2300; x_wconf 86' lang='lat' dir='ltr'>A.</span> <span class='ocrx_word' id='word_1_279' title='bbox 546 2263 708 2298; x_wconf 83' lang='lat' dir='ltr'>Meinek.</span> <span class='ocrx_word' id='word_1_280' title='bbox 732 2263 772 2297; x_wconf 83' lang='lat' dir='ltr'>in</span> <span class='ocrx_word' id='word_1_281' title='bbox 795 2260 986 2300; x_wconf 79' lang='lat' dir='ltr'>Abhandl.</span> <span class='ocrx_word' id='word_1_282' title='bbox 1005 2262 1044 2297; x_wconf 88' lang='lat' dir='ltr'>d.</span> <span class='ocrx_word' id='word_1_283' title='bbox 1066 2263 1159 2297; x_wconf 88' lang='lat' dir='ltr'>Ber-</span> 
     </span>
     <span class='ocr_line' id='line_1_37' title="bbox 115 2320 1020 2367; baseline 0 -11"><span class='ocrx_word' id='word_1_284' title='bbox 115 2323 180 2360; x_wconf 82' lang='lat' dir='ltr'>lin.</span> <span class='ocrx_word' id='word_1_285' title='bbox 199 2323 319 2358; x_wconf 84' lang='lat' dir='ltr'>Acad.</span> <span class='ocrx_word' id='word_1_286' title='bbox 343 2322 439 2366; x_wconf 79' lang='lat'>1834</span> <span class='ocrx_word' id='word_1_287' title='bbox 453 2349 463 2367; x_wconf 86' lang='lat'>‚</span> <span class='ocrx_word' id='word_1_288' title='bbox 482 2329 519 2358; x_wconf 89' lang='lat' dir='ltr'>et</span> <span class='ocrx_word' id='word_1_289' title='bbox 535 2322 726 2358; x_wconf 87' lang='lat' dir='ltr'>Analectis</span> <span class='ocrx_word' id='word_1_290' title='bbox 743 2320 1020 2357; x_wconf 85' lang='lat' dir='ltr'>Alexandrinis.</span> 
     </span>
    </p>
   </div>
   <div class='ocr_carea' id='block_1_3' title="bbox 404 2412 812 2452">
    <p class='ocr_par' dir='ltr' id='par_1_3' title="bbox 404 2412 812 2452">
     <span class='ocr_line' id='line_1_38' title="bbox 404 2412 812 2452; baseline -0.002 0"><span class='ocrx_word' id='word_1_291' title='bbox 404 2430 413 2440; x_wconf 87' lang='lat'><strong>·</strong></span> <span class='ocrx_word' id='word_1_292' title='bbox 459 2412 812 2452; x_wconf 83' lang='grc' dir='ltr'>ΜΕΣΣΗΝῙΑΚΑ.</span> 
     </span>
    </p>
   </div>
   <div class='ocr_carea' id='block_1_4' title="bbox 170 2501 1161 2689">
    <p class='ocr_par' dir='ltr' id='par_1_4' title="bbox 170 2501 1161 2689">
     <span class='ocr_line' id='line_1_39' title="bbox 397 2501 875 2539; baseline 0 -3"><span class='ocrx_word' id='word_1_293' title='bbox 397 2502 427 2536; x_wconf 90' lang='grc' dir='ltr'>Ε</span> <span class='ocrx_word' id='word_1_294' title='bbox 455 2501 606 2539; x_wconf 86' lang='lat' dir='ltr'>LIBRO</span> <span class='ocrx_word' id='word_1_295' title='bbox 635 2501 875 2538; x_wconf 84' lang='lat' dir='ltr'>SECUNDO.</span> 
     </span>
     <span class='ocr_line' id='line_1_40' title="bbox 621 2584 653 2610; baseline 0.094 -3"><span class='ocrx_word' id='word_1_296' title='bbox 621 2584 653 2610; x_wconf 84' lang='lat'>1.</span> 
     </span>
     <span class='ocr_line' id='line_1_41' title="bbox 170 2637 1161 2689; baseline 0 -13"><span class='ocrx_word' id='word_1_297' title='bbox 170 2641 368 2677; x_wconf 86' lang='lat' dir='ltr'>Alhenaeus</span> <span class='ocrx_word' id='word_1_298' title='bbox 389 2642 493 2686; x_wconf 89' lang='lat' dir='ltr'>XIV,</span> <span class='ocrx_word' id='word_1_299' title='bbox 513 2654 549 2689; x_wconf 91' lang='lat' dir='ltr'>p.</span> <span class='ocrx_word' id='word_1_300' title='bbox 575 2640 667 2688; x_wconf 85' lang='lat'>657,</span> <span class='ocrx_word' id='word_1_301' title='bbox 693 2641 721 2677; x_wconf 92' lang='lat' dir='ltr'>C</span> <span class='ocrx_word' id='word_1_302' title='bbox 747 2653 757 2676; x_wconf 77' lang='lat' dir='ltr'><strong><em>z</em></strong></span> <span class='ocrx_word' id='word_1_303' title='bbox 778 2637 866 2678; x_wconf 67' lang='grc' dir='ltr'>οὈτι</span> <span class='ocrx_word' id='word_1_304' title='bbox 882 2637 918 2676; x_wconf 82' lang='grc' dir='ltr'>δὲ</span> <span class='ocrx_word' id='word_1_305' title='bbox 938 2638 1007 2682; x_wconf 78' lang='grc' dir='ltr'>τοῖς</span> <span class='ocrx_word' id='word_1_306' title='bbox 1025 2637 1161 2677; x_wconf 78' lang='grc' dir='ltr'>εἵλωσιν</span> 
     </span>
    </p>
   </div>
   <div class='ocr_carea' id='block_1_5' title="bbox 118 2696 1161 2809">
    <p class='ocr_par' dir='ltr' id='par_1_5' title="bbox 118 2696 1161 2809">
     <span class='ocr_line' id='line_1_42' title="bbox 118 2696 1161 2750; baseline 0.001 -16"><span class='ocrx_word' id='word_1_307' title='bbox 118 2696 325 2749; x_wconf 66' lang='grc' dir='ltr'>ὗὸριστικῶς</span> <span class='ocrx_word' id='word_1_308' title='bbox 352 2697 443 2735; x_wconf 90' lang='grc' dir='ltr'>πάνυ</span> <span class='ocrx_word' id='word_1_309' title='bbox 469 2700 620 2750; x_wconf 81' lang='grc' dir='ltr'>ἐχρῶντο</span> <span class='ocrx_word' id='word_1_310' title='bbox 646 2696 918 2748; x_wconf 86' lang='grc' dir='ltr'>Λακεδαιμόνιοι</span> <span class='ocrx_word' id='word_1_311' title='bbox 943 2697 1003 2735; x_wconf 78' lang='grc' dir='ltr'>καὶ</span> <span class='ocrx_word' id='word_1_312' title='bbox 1032 2697 1161 2748; x_wconf 86' lang='grc' dir='ltr'>Μύρων</span> 
     </span>
     <span class='ocr_line' id='line_1_43' title="bbox 118 2754 1161 2809; baseline -0.002 -15"><span class='ocrx_word' id='word_1_313' title='bbox 118 2772 137 2807; x_wconf 69' lang='grc' dir='ltr'>ὁ</span> <span class='ocrx_word' id='word_1_314' title='bbox 158 2754 332 2807; x_wconf 77' lang='grc' dir='ltr'>Πριηνεὺς</span> <span class='ocrx_word' id='word_1_315' title='bbox 354 2757 501 2808; x_wconf 79' lang='grc' dir='ltr'>ἱστορεῖ,</span> <span class='ocrx_word' id='word_1_316' title='bbox 521 2757 556 2794; x_wconf 83' lang='grc' dir='ltr'>ἐν</span> <span class='ocrx_word' id='word_1_317' title='bbox 577 2756 726 2809; x_wconf 83' lang='grc' dir='ltr'>δευτέρῳ</span> <span class='ocrx_word' id='word_1_318' title='bbox 746 2757 1002 2802; x_wconf 83' lang='grc' dir='ltr'>Μεσσηνιακῶν</span> <span class='ocrx_word' id='word_1_319' title='bbox 1021 2756 1161 2809; x_wconf 81' lang='grc' dir='ltr'>γράφων</span> 
     </span>
    </p>
   </div>
   <div class='ocr_carea' id='block_1_6' title="bbox 473 2888 811 2929">
    <p class='ocr_par' dir='ltr' id='par_1_6' title="bbox 473 2888 811 2929">
     <span class='ocr_line' id='line_1_44' title="bbox 473 2888 811 2929; baseline -0.003 -1"><span class='ocrx_word' id='word_1_320' title='bbox 473 2888 811 2929; x_wconf 85' lang='lat' dir='ltr'>MESSENIACA.</span> 
     </span>
    </p>
   </div>
   <div class='ocr_carea' id='block_1_7' title="bbox 627 2966 660 2998">
    <p class='ocr_par' dir='ltr' id='par_1_7' title="bbox 627 2966 660 2998">
     <span class='ocr_line' id='line_1_45' title="bbox 627 2966 660 2998; baseline -0.03 0"><span class='ocrx_word' id='word_1_321' title='bbox 627 2966 660 2998; x_wconf 87' lang='lat'>1.</span> 
     </span>
    </p>
   </div>
   <div class='ocr_carea' id='block_1_8' title="bbox 121 3023 1168 3425">
    <p class='ocr_par' dir='ltr' id='par_1_8' title="bbox 121 3023 1168 3425">
     <span class='ocr_line' id='line_1_46' title="bbox 166 3023 1166 3057; baseline 0.002 -3"><span class='ocrx_word' id='word_1_322' title='bbox 166 3023 345 3055; x_wconf 84' lang='lat' dir='ltr'>Admodum</span> <span class='ocrx_word' id='word_1_323' title='bbox 371 3024 601 3056; x_wconf 77' lang='lat' dir='ltr'>contumeliose</span> <span class='ocrx_word' id='word_1_324' title='bbox 622 3025 776 3056; x_wconf 80' lang='lat' dir='ltr'>tractatos</span> <span class='ocrx_word' id='word_1_325' title='bbox 800 3033 868 3056; x_wconf 89' lang='lat' dir='ltr'>esse</span> <span class='ocrx_word' id='word_1_326' title='bbox 890 3024 1019 3057; x_wconf 79' lang='lat' dir='ltr'>Helotas</span> <span class='ocrx_word' id='word_1_327' title='bbox 1035 3033 1053 3056; x_wconf 85' lang='lat' dir='ltr'>a</span> <span class='ocrx_word' id='word_1_328' title='bbox 1066 3026 1166 3057; x_wconf 86' lang='lat' dir='ltr'>Lace-</span> 
     </span>
     <span class='ocr_line' id='line_1_47' title="bbox 121 3074 1167 3116; baseline 0.001 -10"><span class='ocrx_word' id='word_1_329' title='bbox 121 3074 305 3114; x_wconf 78' lang='lat' dir='ltr'>daemoniis,</span> <span class='ocrx_word' id='word_1_330' title='bbox 333 3077 447 3116; x_wconf 84' lang='lat' dir='ltr'>Myron</span> <span class='ocrx_word' id='word_1_331' title='bbox 473 3075 569 3107; x_wconf 88' lang='lat' dir='ltr'>etiam</span> <span class='ocrx_word' id='word_1_332' title='bbox 600 3076 776 3107; x_wconf 81' lang='lat' dir='ltr'>Prienensis</span> <span class='ocrx_word' id='word_1_333' title='bbox 801 3076 895 3108; x_wconf 84' lang='lat' dir='ltr'>docet</span> <span class='ocrx_word' id='word_1_334' title='bbox 921 3076 1061 3108; x_wconf 86' lang='lat' dir='ltr'>secundo</span> <span class='ocrx_word' id='word_1_335' title='bbox 1087 3077 1167 3108; x_wconf 88' lang='lat' dir='ltr'>libro</span> 
     </span>
     <span class='ocr_line' id='line_1_48' title="bbox 121 3127 1168 3168; baseline 0.003 -11"><span class='ocrx_word' id='word_1_336' title='bbox 121 3128 240 3158; x_wconf 82' lang='lat' dir='ltr'>Rerum</span> <span class='ocrx_word' id='word_1_337' title='bbox 266 3127 530 3158; x_wconf 86' lang='lat' dir='ltr'>Messeniacarum</span> <span class='ocrx_word' id='word_1_338' title='bbox 542 3151 550 3167; x_wconf 91' lang='lat'><em>‚</em></span> <span class='ocrx_word' id='word_1_339' title='bbox 577 3127 620 3159; x_wconf 85' lang='lat' dir='ltr'>ita</span> <span class='ocrx_word' id='word_1_340' title='bbox 636 3127 778 3159; x_wconf 85' lang='lat' dir='ltr'>scribens</span> <span class='ocrx_word' id='word_1_341' title='bbox 795 3137 803 3158; x_wconf 76' lang='grc' dir='ltr'>ε</span> <span class='ocrx_word' id='word_1_342' title='bbox 828 3140 843 3154; x_wconf 82' lang='grc' dir='ltr'>α</span> <span class='ocrx_word' id='word_1_343' title='bbox 862 3128 983 3160; x_wconf 80' lang='lat' dir='ltr'>Helotis</span> <span class='ocrx_word' id='word_1_344' title='bbox 1002 3128 1168 3168; x_wconf 83' lang='lat' dir='ltr'>quodlibet</span> 
     </span>
     <span class='ocr_line' id='line_1_49' title="bbox 122 3179 1166 3221; baseline 0.002 -11"><span class='ocrx_word' id='word_1_345' title='bbox 122 3179 367 3219; x_wconf 81' lang='lat' dir='ltr'>ignominiosum</span> <span class='ocrx_word' id='word_1_346' title='bbox 381 3188 461 3220; x_wconf 87' lang='lat' dir='ltr'>opus</span> <span class='ocrx_word' id='word_1_347' title='bbox 481 3181 513 3212; x_wconf 84' lang='lat' dir='ltr'>et</span> <span class='ocrx_word' id='word_1_348' title='bbox 533 3180 573 3211; x_wconf 85' lang='lat' dir='ltr'>ad</span> <span class='ocrx_word' id='word_1_349' title='bbox 599 3189 695 3212; x_wconf 88' lang='lat' dir='ltr'>omne</span> <span class='ocrx_word' id='word_1_350' title='bbox 706 3180 859 3220; x_wconf 83' lang='lat' dir='ltr'>probrum</span> <span class='ocrx_word' id='word_1_351' title='bbox 883 3180 1044 3221; x_wconf 82' lang='lat' dir='ltr'>pertinens</span> <span class='ocrx_word' id='word_1_352' title='bbox 1058 3180 1166 3220; x_wconf 91' lang='lat' dir='ltr'>injun-</span> 
     </span>
     <span class='ocr_line' id='line_1_50' title="bbox 121 3231 1166 3271; baseline 0.002 -10"><span class='ocrx_word' id='word_1_353' title='bbox 121 3231 211 3270; x_wconf 88' lang='lat' dir='ltr'>gunt.</span> <span class='ocrx_word' id='word_1_354' title='bbox 229 3231 382 3262; x_wconf 88' lang='lat' dir='ltr'>Galerum</span> <span class='ocrx_word' id='word_1_355' title='bbox 405 3239 423 3262; x_wconf 90' lang='lat' dir='ltr'>e</span> <span class='ocrx_word' id='word_1_356' title='bbox 442 3231 524 3271; x_wconf 87' lang='lat' dir='ltr'>pelle</span> <span class='ocrx_word' id='word_1_357' title='bbox 548 3231 688 3271; x_wconf 77' lang='lat' dir='ltr'>gestare,</span> <span class='ocrx_word' id='word_1_358' title='bbox 713 3231 913 3271; x_wconf 82' lang='lat' dir='ltr'>pellibusque</span> <span class='ocrx_word' id='word_1_359' title='bbox 937 3239 996 3271; x_wconf 86' lang='lat' dir='ltr'>pro</span> <span class='ocrx_word' id='word_1_360' title='bbox 1009 3232 1096 3262; x_wconf 84' lang='lat' dir='ltr'>veste</span> <span class='ocrx_word' id='word_1_361' title='bbox 1120 3231 1166 3263; x_wconf 86' lang='lat' dir='ltr'>uti</span> 
     </span>
     <span class='ocr_line' id='line_1_51' title="bbox 122 3281 1166 3322; baseline 0.001 -10"><span class='ocrx_word' id='word_1_362' title='bbox 122 3282 240 3321; x_wconf 85' lang='lat' dir='ltr'>cogunt</span> <span class='ocrx_word' id='word_1_363' title='bbox 259 3291 267 3312; x_wconf 75' lang='grc' dir='ltr'><strong><em>ε</em></strong></span> <span class='ocrx_word' id='word_1_364' title='bbox 282 3282 453 3321; x_wconf 78' lang='lat' dir='ltr'>quotannis</span> <span class='ocrx_word' id='word_1_365' title='bbox 467 3283 588 3313; x_wconf 75' lang='lat' dir='ltr'>statuto</span> <span class='ocrx_word' id='word_1_366' title='bbox 605 3283 767 3322; x_wconf 85' lang='lat' dir='ltr'>tempore,</span> <span class='ocrx_word' id='word_1_367' title='bbox 782 3282 905 3314; x_wconf 77' lang='lat' dir='ltr'>etiamsi</span> <span class='ocrx_word' id='word_1_368' title='bbox 920 3282 998 3313; x_wconf 88' lang='lat' dir='ltr'>nihil</span> <span class='ocrx_word' id='word_1_369' title='bbox 1015 3281 1166 3322; x_wconf 86' lang='lat' dir='ltr'>deliquis-</span> 
     </span>
     <span class='ocr_line' id='line_1_52' title="bbox 123 3332 1164 3372; baseline 0.001 -9"><span class='ocrx_word' id='word_1_370' title='bbox 123 3333 209 3371; x_wconf 79' lang='lat' dir='ltr'>sent,</span> <span class='ocrx_word' id='word_1_371' title='bbox 226 3333 359 3364; x_wconf 88' lang='lat' dir='ltr'>verbera</span> <span class='ocrx_word' id='word_1_372' title='bbox 374 3333 420 3364; x_wconf 86' lang='lat' dir='ltr'>eis</span> <span class='ocrx_word' id='word_1_373' title='bbox 437 3332 584 3372; x_wconf 81' lang='lat' dir='ltr'>infligunt</span> <span class='ocrx_word' id='word_1_374' title='bbox 594 3356 603 3372; x_wconf 95' lang='lat'>,</span> <span class='ocrx_word' id='word_1_375' title='bbox 614 3341 655 3364; x_wconf 90' lang='lat' dir='ltr'>ne</span> <span class='ocrx_word' id='word_1_376' title='bbox 670 3341 779 3364; x_wconf 85' lang='lat' dir='ltr'>servos</span> <span class='ocrx_word' id='word_1_377' title='bbox 794 3341 828 3364; x_wconf 86' lang='lat' dir='ltr'>se</span> <span class='ocrx_word' id='word_1_378' title='bbox 842 3341 909 3364; x_wconf 88' lang='lat' dir='ltr'>esse</span> <span class='ocrx_word' id='word_1_379' title='bbox 924 3332 1164 3364; x_wconf 78' lang='lat' dir='ltr'>obliviscantur.</span> 
     </span>
     <span class='ocr_line' id='line_1_53' title="bbox 123 3383 1167 3425; baseline 0.001 -10"><span class='ocrx_word' id='word_1_380' title='bbox 123 3384 171 3416; x_wconf 82' lang='lat' dir='ltr'>Ad</span> <span class='ocrx_word' id='word_1_381' title='bbox 185 3384 272 3424; x_wconf 73' lang='lat' dir='ltr'>hmo,</span> <span class='ocrx_word' id='word_1_382' title='bbox 288 3384 313 3417; x_wconf 90' lang='lat' dir='ltr'>si</span> <span class='ocrx_word' id='word_1_383' title='bbox 327 3384 380 3424; x_wconf 86' lang='lat' dir='ltr'>qui</span> <span class='ocrx_word' id='word_1_384' title='bbox 398 3386 514 3424; x_wconf 83' lang='lat' dir='ltr'>praeter</span> <span class='ocrx_word' id='word_1_385' title='bbox 531 3384 678 3416; x_wconf 86' lang='lat' dir='ltr'>servilem</span> <span class='ocrx_word' id='word_1_386' title='bbox 691 3384 906 3417; x_wconf 86' lang='lat' dir='ltr'>conditionem</span> <span class='ocrx_word' id='word_1_387' title='bbox 921 3383 1044 3416; x_wconf 83' lang='lat' dir='ltr'>florenti</span> <span class='ocrx_word' id='word_1_388' title='bbox 1064 3384 1167 3425; x_wconf 87' lang='lat' dir='ltr'>specie</span> 
     </span>
    </p>
   </div>
   <div class='ocr_carea' id='block_1_9' title="bbox 2163 194 2235 229">
    <p class='ocr_par' dir='ltr' id='par_1_9' title="bbox 2163 194 2235 229">
     <span class='ocr_line' id='line_1_54' title="bbox 2163 194 2235 229; baseline 0.028 -2"><span class='ocrx_word' id='word_1_389' title='bbox 2163 194 2235 229; x_wconf 81' lang='grc'>461</span> 
     </span>
    </p>
   </div>
   <div class='ocr_carea' id='block_1_10' title="bbox 1196 267 2242 399">
    <p class='ocr_par' dir='ltr' id='par_1_10' title="bbox 1196 267 2242 381">
     <span class='ocr_line' id='line_1_55' title="bbox 1196 267 2241 321; baseline 0.002 -14"><span class='ocrx_word' id='word_1_390' title='bbox 1196 267 1322 311; x_wconf 78' lang='grc' dir='ltr'>οὕτως·</span> <span class='ocrx_word' id='word_1_391' title='bbox 1342 286 1359 303; x_wconf 76' lang='grc' dir='ltr'>σι</span> <span class='ocrx_word' id='word_1_392' title='bbox 1378 269 1461 312; x_wconf 86' lang='grc' dir='ltr'>Τοῖς</span> <span class='ocrx_word' id='word_1_393' title='bbox 1480 268 1508 306; x_wconf 86' lang='grc' dir='ltr'>δ’</span> <span class='ocrx_word' id='word_1_394' title='bbox 1529 267 1647 306; x_wconf 75' lang='grc' dir='ltr'>εἵλωσι</span> <span class='ocrx_word' id='word_1_395' title='bbox 1672 273 1741 306; x_wconf 81' lang='grc' dir='ltr'>πᾶν</span> <span class='ocrx_word' id='word_1_396' title='bbox 1762 267 1959 320; x_wconf 73' lang='grc' dir='ltr'>ὓὸριστικὸν</span> <span class='ocrx_word' id='word_1_397' title='bbox 1981 268 2078 321; x_wconf 84' lang='grc' dir='ltr'>ἔργον</span> <span class='ocrx_word' id='word_1_398' title='bbox 2099 270 2241 309; x_wconf 76' lang='grc' dir='ltr'>ἐπιτάτ-</span> 
     </span>
     <span class='ocr_line' id='line_1_56' title="bbox 1197 325 2242 399; baseline 0.002 -34"><span class='ocrx_word' id='word_1_399' title='bbox 1197 342 1295 366; x_wconf 90' lang='grc' dir='ltr'>τουσι</span> <span class='ocrx_word' id='word_1_400' title='bbox 1310 326 1401 399; x_wconf 82' lang='grc' dir='ltr'>πρὸς</span> <span class='ocrx_word' id='word_1_401' title='bbox 1412 332 1531 364; x_wconf 83' lang='grc' dir='ltr'>πᾶσαν</span> <span class='ocrx_word' id='word_1_402' title='bbox 1551 326 1633 378; x_wconf 87' lang='grc' dir='ltr'>ἄγον</span> <span class='ocrx_word' id='word_1_403' title='bbox 1652 325 1809 376; x_wconf 85' lang='grc' dir='ltr'>ἀτιμίαν.</span> <span class='ocrx_word' id='word_1_404' title='bbox 1827 328 1945 374; x_wconf 88' lang='grc' dir='ltr'>Κυνην</span> <span class='ocrx_word' id='word_1_405' title='bbox 1961 343 1998 366; x_wconf 88' lang='grc' dir='ltr'>τε</span> <span class='ocrx_word' id='word_1_406' title='bbox 2014 328 2115 381; x_wconf 67' lang='grc' dir='ltr'>γὰρ’</span> <span class='ocrx_word' id='word_1_407' title='bbox 2096 345 2242 367; x_wconf 86' lang='grc' dir='ltr'>εκαστον</span> 
     </span>
    </p>
   </div>
   <div class='ocr_carea' id='block_1_11' title="bbox 1198 382 2297 489">
    <p class='ocr_par' dir='ltr' id='par_1_11' title="bbox 1198 382 2297 489">
     <span class='ocr_line' id='line_1_57' title="bbox 1198 382 2297 451; baseline 0.003 -29"><span class='ocrx_word' id='word_1_408' title='bbox 1198 389 1318 451; x_wconf 82' lang='grc' dir='ltr'>φορεῖν</span> <span class='ocrx_word' id='word_1_409' title='bbox 1334 384 1526 436; x_wconf 84' lang='grc' dir='ltr'>ἐπάναγκες</span> <span class='ocrx_word' id='word_1_410' title='bbox 1544 382 1676 450; x_wconf 79' lang='grc' dir='ltr'>ὥρισαν</span> <span class='ocrx_word' id='word_1_411' title='bbox 1694 384 1755 423; x_wconf 73' lang='grc' dir='ltr'>καὶ</span> <span class='ocrx_word' id='word_1_412' title='bbox 1775 385 1935 437; x_wconf 80' lang='grc' dir='ltr'>διφθέραν</span> <span class='ocrx_word' id='word_1_413' title='bbox 1956 387 2244 438; x_wconf 72' lang='grc' dir='ltr'>περιὸεὸλῆσθαι,</span> <span class='ocrx_word' id='word_1_414' title='bbox 2290 395 2297 410; x_wconf 83' lang='grc'><em>·</em></span> 
     </span>
     <span class='ocr_line' id='line_1_58' title="bbox 1199 436 2243 489; baseline 0.002 -14"><span class='ocrx_word' id='word_1_415' title='bbox 1199 437 1337 489; x_wconf 88' lang='grc' dir='ltr'>πληγάς</span> <span class='ocrx_word' id='word_1_416' title='bbox 1354 453 1391 476; x_wconf 90' lang='grc' dir='ltr'>τε</span> <span class='ocrx_word' id='word_1_417' title='bbox 1407 436 1620 489; x_wconf 89' lang='grc' dir='ltr'>τεταγμένας</span> <span class='ocrx_word' id='word_1_418' title='bbox 1635 437 1831 487; x_wconf 76' lang='grc' dir='ltr'>λαμὸάνειν</span> <span class='ocrx_word' id='word_1_419' title='bbox 1850 441 1927 475; x_wconf 89' lang='grc' dir='ltr'>κατ’</span> <span class='ocrx_word' id='word_1_420' title='bbox 1947 440 2100 477; x_wconf 82' lang='grc' dir='ltr'>ἐνιαυτὸν</span> <span class='ocrx_word' id='word_1_421' title='bbox 2121 439 2243 486; x_wconf 81' lang='grc' dir='ltr'>ἀδική-</span> 
     </span>
    </p>
   </div>
   <div class='ocr_carea' id='block_1_12' title="bbox 1200 494 2249 938">
    <p class='ocr_par' dir='ltr' id='par_1_12' title="bbox 1200 494 2249 938">
     <span class='ocr_line' id='line_1_59' title="bbox 1200 494 2246 549; baseline 0 -15"><span class='ocrx_word' id='word_1_422' title='bbox 1200 511 1306 547; x_wconf 88' lang='grc' dir='ltr'>ματος</span> <span class='ocrx_word' id='word_1_423' title='bbox 1324 494 1455 548; x_wconf 68' lang='grc' dir='ltr'>χωρὶς,</span> <span class='ocrx_word' id='word_1_424' title='bbox 1476 495 1535 533; x_wconf 77' lang='grc' dir='ltr'>ἵνα</span> <span class='ocrx_word' id='word_1_425' title='bbox 1555 494 1691 546; x_wconf 89' lang='grc' dir='ltr'>μήποτε</span> <span class='ocrx_word' id='word_1_426' title='bbox 1712 494 1884 533; x_wconf 85' lang='grc' dir='ltr'>δουλεύειν</span> <span class='ocrx_word' id='word_1_427' title='bbox 1908 496 2129 546; x_wconf 82' lang='grc' dir='ltr'>ἀπομάθωσι.</span> <span class='ocrx_word' id='word_1_428' title='bbox 2152 497 2246 549; x_wconf 85' lang='grc' dir='ltr'>Πρὸς</span> 
     </span>
     <span class='ocr_line' id='line_1_60' title="bbox 1202 552 2246 605; baseline 0 -13"><span class='ocrx_word' id='word_1_429' title='bbox 1202 553 1238 592; x_wconf 87' lang='grc' dir='ltr'>δὲ</span> <span class='ocrx_word' id='word_1_430' title='bbox 1256 553 1407 601; x_wconf 84' lang='grc' dir='ltr'>τούτοις,</span> <span class='ocrx_word' id='word_1_431' title='bbox 1434 553 1465 591; x_wconf 86' lang='grc' dir='ltr'>εἴ</span> <span class='ocrx_word' id='word_1_432' title='bbox 1487 569 1575 597; x_wconf 90' lang='grc' dir='ltr'>τινες</span> <span class='ocrx_word' id='word_1_433' title='bbox 1601 552 1877 605; x_wconf 77' lang='grc' dir='ltr'>ὑπερακμάζοιεν</span> <span class='ocrx_word' id='word_1_434' title='bbox 1896 552 1958 599; x_wconf 83' lang='grc' dir='ltr'>τὴν</span> <span class='ocrx_word' id='word_1_435' title='bbox 1978 553 2148 600; x_wconf 80' lang='grc' dir='ltr'>οἰκετικὴν</span> <span class='ocrx_word' id='word_1_436' title='bbox 2168 555 2246 592; x_wconf 83' lang='grc' dir='ltr'>ἐπι-</span> 
     </span>
     <span class='ocr_line' id='line_1_61' title="bbox 1201 610 2247 665; baseline -0.001 -15"><span class='ocrx_word' id='word_1_437' title='bbox 1201 612 1357 665; x_wconf 84' lang='grc' dir='ltr'>φάνειαν,</span> <span class='ocrx_word' id='word_1_438' title='bbox 1372 611 1544 660; x_wconf 81' lang='grc' dir='ltr'>ἐπέθηκαν</span> <span class='ocrx_word' id='word_1_439' title='bbox 1560 611 1687 662; x_wconf 85' lang='grc' dir='ltr'>ζημίαν</span> <span class='ocrx_word' id='word_1_440' title='bbox 1699 611 1858 658; x_wconf 88' lang='grc' dir='ltr'>θάνατον,</span> <span class='ocrx_word' id='word_1_441' title='bbox 1871 610 1931 649; x_wconf 84' lang='grc' dir='ltr'>καὶ</span> <span class='ocrx_word' id='word_1_442' title='bbox 1943 613 2013 654; x_wconf 83' lang='grc' dir='ltr'>τοῖς</span> <span class='ocrx_word' id='word_1_443' title='bbox 2026 612 2247 662; x_wconf 87' lang='grc' dir='ltr'>κεκτημένοις</span> 
     </span>
     <span class='ocr_line' id='line_1_62' title="bbox 1202 668 2248 721; baseline -0.002 -12"><span class='ocrx_word' id='word_1_444' title='bbox 1202 670 1387 721; x_wconf 83' lang='grc' dir='ltr'>ἐπιτίμιον,</span> <span class='ocrx_word' id='word_1_445' title='bbox 1417 671 1446 708; x_wconf 85' lang='grc' dir='ltr'>εἷ</span> <span class='ocrx_word' id='word_1_446' title='bbox 1472 669 1521 720; x_wconf 79' lang='grc' dir='ltr'>μὴ</span> <span class='ocrx_word' id='word_1_447' title='bbox 1553 669 1771 708; x_wconf 82' lang='grc' dir='ltr'>ἐπικόπτοιεν</span> <span class='ocrx_word' id='word_1_448' title='bbox 1799 668 1879 713; x_wconf 77' lang='grc' dir='ltr'>τοὺς</span> <span class='ocrx_word' id='word_1_449' title='bbox 1910 669 2149 721; x_wconf 84' lang='grc' dir='ltr'>ἁδρουμένους.</span> <span class='ocrx_word' id='word_1_450' title='bbox 2176 669 2248 709; x_wconf 81' lang='grc' dir='ltr'>Καὶ</span> 
     </span>
     <span class='ocr_line' id='line_1_63' title="bbox 1202 727 2249 782; baseline -0.002 -15"><span class='ocrx_word' id='word_1_451' title='bbox 1202 729 1415 782; x_wconf 89' lang='grc' dir='ltr'>παραδόντες</span> <span class='ocrx_word' id='word_1_452' title='bbox 1428 729 1540 772; x_wconf 84' lang='grc' dir='ltr'>αὐτοῖς</span> <span class='ocrx_word' id='word_1_453' title='bbox 1556 727 1620 775; x_wconf 85' lang='grc' dir='ltr'>τὴν</span> <span class='ocrx_word' id='word_1_454' title='bbox 1633 727 1766 780; x_wconf 86' lang='grc' dir='ltr'>χώραν,</span> <span class='ocrx_word' id='word_1_455' title='bbox 1785 727 1907 772; x_wconf 83' lang='grc' dir='ltr'>ἔταξαν</span> <span class='ocrx_word' id='word_1_456' title='bbox 1925 728 2061 780; x_wconf 82' lang='grc' dir='ltr'>μοῖραν,</span> <span class='ocrx_word' id='word_1_457' title='bbox 2077 727 2119 775; x_wconf 88' lang='grc' dir='ltr'>ἣν</span> <span class='ocrx_word' id='word_1_458' title='bbox 2134 729 2249 771; x_wconf 83' lang='grc' dir='ltr'>αὐτοῖς</span> 
     </span>
     <span class='ocr_line' id='line_1_64' title="bbox 1203 786 2246 837; baseline 0 -12"><span class='ocrx_word' id='word_1_459' title='bbox 1203 786 1479 827; x_wconf 79' lang='grc' dir='ltr'>ἀνοίσουσιν-ἀεί.</span> <span class='ocrx_word' id='word_1_460' title='bbox 1498 805 1514 822; x_wconf 70' lang='lat' dir='ltr'>n</span> <span class='ocrx_word' id='word_1_461' title='bbox 1529 789 1585 826; x_wconf 85' lang='lat' dir='ltr'>Cf.</span> <span class='ocrx_word' id='word_1_462' title='bbox 1603 790 1754 826; x_wconf 77' lang='lat' dir='ltr'>Miiller.</span> <span class='ocrx_word' id='word_1_463' title='bbox 1771 790 1863 826; x_wconf 82' lang='lat' dir='ltr'>Dor.</span> <span class='ocrx_word' id='word_1_464' title='bbox 1883 790 1943 835; x_wconf 93' lang='grc' dir='ltr'>ΙΙ,</span> <span class='ocrx_word' id='word_1_465' title='bbox 1960 802 1999 837; x_wconf 91' lang='lat' dir='ltr'>p.</span> <span class='ocrx_word' id='word_1_466' title='bbox 2019 789 2082 834; x_wconf 83' lang='lat'>37.</span> <span class='ocrx_word' id='word_1_467' title='bbox 2101 788 2162 825; x_wconf 84' lang='lat'>38.</span> <span class='ocrx_word' id='word_1_468' title='bbox 2182 792 2246 831; x_wconf 74' lang='lat'>40.</span> 
     </span>
     <span class='ocr_line' id='line_1_65' title="bbox 1202 842 2249 891; baseline -0.002 -13"><span class='ocrx_word' id='word_1_469' title='bbox 1202 843 1302 878; x_wconf 88' lang='lat' dir='ltr'>Hine</span> <span class='ocrx_word' id='word_1_470' title='bbox 1320 854 1475 890; x_wconf 89' lang='lat' dir='ltr'>quoque</span> <span class='ocrx_word' id='word_1_471' title='bbox 1495 849 1620 891; x_wconf 88' lang='lat' dir='ltr'>patet,</span> <span class='ocrx_word' id='word_1_472' title='bbox 1642 854 1807 891; x_wconf 88' lang='lat' dir='ltr'>quonam</span> <span class='ocrx_word' id='word_1_473' title='bbox 1822 842 1961 890; x_wconf 86' lang='lat' dir='ltr'>Myron</span> <span class='ocrx_word' id='word_1_474' title='bbox 1980 843 2019 877; x_wconf 88' lang='lat' dir='ltr'>in</span> <span class='ocrx_word' id='word_1_475' title='bbox 2039 842 2249 890; x_wconf 84' lang='lat' dir='ltr'>Spartanos</span> 
     </span>
     <span class='ocr_line' id='line_1_66' title="bbox 1204 900 1475 938; baseline 0.007 -2"><span class='ocrx_word' id='word_1_476' title='bbox 1204 901 1331 937; x_wconf 89' lang='lat' dir='ltr'>animo</span> <span class='ocrx_word' id='word_1_477' title='bbox 1348 900 1475 938; x_wconf 84' lang='lat' dir='ltr'>fuerit.</span> 
     </span>
    </p>
   </div>
   <div class='ocr_carea' id='block_1_13' title="bbox 1710 970 1747 997">
    <p class='ocr_par' dir='ltr' id='par_1_13' title="bbox 1710 970 1747 997">
     <span class='ocr_line' id='line_1_67' title="bbox 1710 970 1747 997; baseline 0 0"><span class='ocrx_word' id='word_1_478' title='bbox 1710 970 1747 997; x_wconf 83' lang='lat'>2.</span> 
     </span>
    </p>
   </div>
   <div class='ocr_carea' id='block_1_14' title="bbox 1205 1029 2253 1377">
    <p class='ocr_par' dir='ltr' id='par_1_14' title="bbox 1205 1029 2253 1377">
     <span class='ocr_line' id='line_1_68' title="bbox 1259 1029 2252 1084; baseline -0.004 -12"><span class='ocrx_word' id='word_1_479' title='bbox 1259 1034 1364 1072; x_wconf 86' lang='lat' dir='ltr'>Idem</span> <span class='ocrx_word' id='word_1_480' title='bbox 1380 1035 1451 1079; x_wconf 90' lang='lat' dir='ltr'>VI,</span> <span class='ocrx_word' id='word_1_481' title='bbox 1465 1046 1505 1082; x_wconf 89' lang='lat' dir='ltr'>p.</span> <span class='ocrx_word' id='word_1_482' title='bbox 1528 1045 1618 1079; x_wconf 86' lang='lat'>271,</span> <span class='ocrx_word' id='word_1_483' title='bbox 1636 1033 1663 1068; x_wconf 87' lang='lat' dir='ltr'>F</span> <span class='ocrx_word' id='word_1_484' title='bbox 1679 1043 1688 1070; x_wconf 91' lang='lat'><strong>:</strong></span> <span class='ocrx_word' id='word_1_485' title='bbox 1704 1030 1835 1084; x_wconf 86' lang='grc' dir='ltr'>Μύρων</span> <span class='ocrx_word' id='word_1_486' title='bbox 1855 1029 1884 1068; x_wconf 89' lang='grc' dir='ltr'>δ’</span> <span class='ocrx_word' id='word_1_487' title='bbox 1901 1031 1919 1068; x_wconf 83' lang='grc' dir='ltr'>ὁ</span> <span class='ocrx_word' id='word_1_488' title='bbox 1937 1029 2109 1084; x_wconf 72' lang='grc' dir='ltr'>Πριηνεὺς</span> <span class='ocrx_word' id='word_1_489' title='bbox 2127 1031 2162 1069; x_wconf 85' lang='grc' dir='ltr'>ἐν</span> <span class='ocrx_word' id='word_1_490' title='bbox 2179 1031 2252 1069; x_wconf 88' lang='grc' dir='ltr'>δευ·</span> 
     </span>
     <span class='ocr_line' id='line_1_69' title="bbox 1205 1089 2249 1145; baseline -0.003 -15"><span class='ocrx_word' id='word_1_491' title='bbox 1205 1091 1296 1145; x_wconf 84' lang='grc' dir='ltr'>τέρῳ</span> <span class='ocrx_word' id='word_1_492' title='bbox 1316 1092 1575 1138; x_wconf 83' lang='grc' dir='ltr'>Μεσσηνιακῶν</span> <span class='ocrx_word' id='word_1_493' title='bbox 1599 1108 1615 1123; x_wconf 72' lang='grc' dir='ltr'>«ι</span> <span class='ocrx_word' id='word_1_494' title='bbox 1636 1089 1813 1133; x_wconf 81' lang='grc' dir='ltr'>Πολλάκις</span> <span class='ocrx_word' id='word_1_495' title='bbox 1835 1089 1983 1142; x_wconf 79' lang='grc' dir='ltr'>(φησὶν)</span> <span class='ocrx_word' id='word_1_496' title='bbox 2008 1089 2249 1142; x_wconf 87' lang='grc' dir='ltr'>ἠλευθέρωσαν</span> 
     </span>
     <span class='ocr_line' id='line_1_70' title="bbox 1207 1146 2251 1200; baseline -0.006 -11"><span class='ocrx_word' id='word_1_497' title='bbox 1207 1148 1478 1199; x_wconf 79' lang='grc' dir='ltr'>Λακεδαιμόνιοι</span> <span class='ocrx_word' id='word_1_498' title='bbox 1504 1147 1662 1195; x_wconf 88' lang='grc' dir='ltr'>δούλους,</span> <span class='ocrx_word' id='word_1_499' title='bbox 1678 1147 1738 1186; x_wconf 77' lang='grc' dir='ltr'>καὶ</span> <span class='ocrx_word' id='word_1_500' title='bbox 1757 1146 1814 1191; x_wconf 75' lang='grc' dir='ltr'>οὒς</span> <span class='ocrx_word' id='word_1_501' title='bbox 1834 1146 1896 1197; x_wconf 86' lang='grc' dir='ltr'>μὲν</span> <span class='ocrx_word' id='word_1_502' title='bbox 1915 1146 2043 1200; x_wconf 79' lang='grc' dir='ltr'>ἀφέτας</span> <span class='ocrx_word' id='word_1_503' title='bbox 2069 1147 2251 1193; x_wconf 82' lang='grc' dir='ltr'>ἐκάλεσαν,</span> 
     </span>
     <span class='ocr_line' id='line_1_71' title="bbox 1207 1204 2252 1258; baseline -0.004 -11"><span class='ocrx_word' id='word_1_504' title='bbox 1207 1208 1263 1252; x_wconf 78' lang='grc' dir='ltr'>οὒς</span> <span class='ocrx_word' id='word_1_505' title='bbox 1292 1208 1328 1246; x_wconf 84' lang='grc' dir='ltr'>δὲ</span> <span class='ocrx_word' id='word_1_506' title='bbox 1351 1207 1579 1258; x_wconf 84' lang='grc' dir='ltr'>ἀδεσπότους,</span> <span class='ocrx_word' id='word_1_507' title='bbox 1600 1206 1656 1250; x_wconf 78' lang='grc' dir='ltr'>οὒς</span> <span class='ocrx_word' id='word_1_508' title='bbox 1676 1205 1712 1244; x_wconf 78' lang='grc' dir='ltr'>δὲ</span> <span class='ocrx_word' id='word_1_509' title='bbox 1733 1207 1940 1258; x_wconf 76' lang='grc' dir='ltr'>ἐρυκτῆρας,</span> <span class='ocrx_word' id='word_1_510' title='bbox 1961 1204 2252 1248; x_wconf 88' lang='grc' dir='ltr'>δεσποσιοναύτας</span> 
     </span>
     <span class='ocr_line' id='line_1_72' title="bbox 1209 1260 2253 1313; baseline -0.004 -8"><span class='ocrx_word' id='word_1_511' title='bbox 1209 1269 1238 1306; x_wconf 87' lang='grc' dir='ltr'>δ’</span> <span class='ocrx_word' id='word_1_512' title='bbox 1256 1260 1399 1313; x_wconf 86' lang='grc' dir='ltr'>ἄλλους,</span> <span class='ocrx_word' id='word_1_513' title='bbox 1423 1265 1481 1310; x_wconf 81' lang='grc' dir='ltr'>οὒς</span> <span class='ocrx_word' id='word_1_514' title='bbox 1501 1267 1547 1309; x_wconf 86' lang='grc' dir='ltr'>εἷς</span> <span class='ocrx_word' id='word_1_515' title='bbox 1565 1263 1643 1308; x_wconf 82' lang='grc' dir='ltr'>τοὺς</span> <span class='ocrx_word' id='word_1_516' title='bbox 1662 1265 1803 1308; x_wconf 89' lang='grc' dir='ltr'>στόλους</span> <span class='ocrx_word' id='word_1_517' title='bbox 1819 1265 2036 1303; x_wconf 86' lang='grc' dir='ltr'>κατέτασσον</span> <span class='ocrx_word' id='word_1_518' title='bbox 2048 1280 2057 1289; x_wconf 83' lang='grc'><em>·</em></span> <span class='ocrx_word' id='word_1_519' title='bbox 2079 1264 2203 1308; x_wconf 88' lang='grc' dir='ltr'>ἄλλους</span> <span class='ocrx_word' id='word_1_520' title='bbox 2217 1262 2253 1302; x_wconf 82' lang='grc' dir='ltr'>δὲ</span> 
     </span>
     <span class='ocr_line' id='line_1_73' title="bbox 1208 1322 2030 1377; baseline -0.004 -13"><span class='ocrx_word' id='word_1_521' title='bbox 1208 1325 1454 1377; x_wconf 85' lang='grc' dir='ltr'>νεοδαμώδεις,</span> <span class='ocrx_word' id='word_1_522' title='bbox 1471 1323 1605 1377; x_wconf 84' lang='grc' dir='ltr'>ἑτέρους</span> <span class='ocrx_word' id='word_1_523' title='bbox 1624 1323 1723 1368; x_wconf 85' lang='grc' dir='ltr'>ὄντας</span> <span class='ocrx_word' id='word_1_524' title='bbox 1745 1325 1812 1362; x_wconf 84' lang='grc' dir='ltr'>τῶν</span> <span class='ocrx_word' id='word_1_525' title='bbox 1830 1322 1996 1362; x_wconf 82' lang='grc' dir='ltr'>εἱλώτων.</span> <span class='ocrx_word' id='word_1_526' title='bbox 2014 1341 2030 1358; x_wconf 68' lang='grc' dir='ltr'>ι»</span> 
     </span>
    </p>
   </div>
   <div class='ocr_carea' id='block_1_15' title="bbox 1623 1442 1839 1459">
    <p class='ocr_par' dir='ltr' id='par_1_15' title="bbox 1623 1442 1839 1459">
     <span class='ocr_line' id='line_1_74' title="bbox 1623 1442 1839 1459; baseline -0.014 0"><span class='ocrx_word' id='word_1_527' title='bbox 1623 1442 1839 1459; x_wconf 50' lang='grc' dir='ltr'>Μου-</span> 
     </span>
    </p>
   </div>
   <div class='ocr_carea' id='block_1_16' title="bbox 1207 1527 2268 2807">
    <p class='ocr_par' dir='ltr' id='par_1_16' title="bbox 1207 1527 2258 1870">
     <span class='ocr_line' id='line_1_75' title="bbox 1262 1527 2254 1580; baseline -0.004 -12"><span class='ocrx_word' id='word_1_528' title='bbox 1262 1529 1461 1580; x_wconf 84' lang='lat' dir='ltr'>Subjungo</span> <span class='ocrx_word' id='word_1_529' title='bbox 1485 1541 1568 1577; x_wconf 87' lang='lat' dir='ltr'>quae</span> <span class='ocrx_word' id='word_1_530' title='bbox 1596 1527 1698 1577; x_wconf 88' lang='lat' dir='ltr'>apud</span> <span class='ocrx_word' id='word_1_531' title='bbox 1715 1528 1902 1564; x_wconf 87' lang='lat' dir='ltr'>Rutilium</span> <span class='ocrx_word' id='word_1_532' title='bbox 1929 1529 2081 1577; x_wconf 89' lang='lat' dir='ltr'>Lupum</span> <span class='ocrx_word' id='word_1_533' title='bbox 2107 1540 2153 1564; x_wconf 87' lang='lat' dir='ltr'>ex</span> <span class='ocrx_word' id='word_1_534' title='bbox 2170 1529 2254 1576; x_wconf 79' lang='lat' dir='ltr'>My-</span> 
     </span>
     <span class='ocr_line' id='line_1_76' title="bbox 1209 1586 2256 1636; baseline -0.004 -10"><span class='ocrx_word' id='word_1_535' title='bbox 1209 1602 1305 1627; x_wconf 89' lang='lat' dir='ltr'>rone</span> <span class='ocrx_word' id='word_1_536' title='bbox 1316 1590 1470 1625; x_wconf 83' lang='lat' dir='ltr'>rhetore</span> <span class='ocrx_word' id='word_1_537' title='bbox 1489 1586 1661 1636; x_wconf 86' lang='lat' dir='ltr'>(Asiano)</span> <span class='ocrx_word' id='word_1_538' title='bbox 1675 1594 2031 1623; x_wconf 85' lang='lat' dir='ltr'>commemorantur.</span> <span class='ocrx_word' id='word_1_539' title='bbox 2045 1587 2256 1623; x_wconf 88' lang='lat' dir='ltr'>Probabilis</span> 
     </span>
     <span class='ocr_line' id='line_1_77' title="bbox 1211 1630 2257 1697; baseline -0.005 -12"><span class='ocrx_word' id='word_1_540' title='bbox 1211 1650 1310 1685; x_wconf 88' lang='lat' dir='ltr'>enim</span> <span class='ocrx_word' id='word_1_541' title='bbox 1326 1655 1380 1684; x_wconf 89' lang='lat' dir='ltr'>est</span> <span class='ocrx_word' id='word_1_542' title='bbox 1398 1647 1568 1683; x_wconf 88' lang='lat' dir='ltr'>Boeckhii</span> <span class='ocrx_word' id='word_1_543' title='bbox 1588 1645 1601 1697; x_wconf 94' lang='lat'>(</span> <span class='ocrx_word' id='word_1_544' title='bbox 1612 1630 1702 1683; x_wconf 75' lang='lat' dir='ltr'>Iud.</span> <span class='ocrx_word' id='word_1_545' title='bbox 1719 1647 1815 1683; x_wconf 85' lang='lat' dir='ltr'>lectt.</span> <span class='ocrx_word' id='word_1_546' title='bbox 1835 1647 2001 1683; x_wconf 84' lang='lat' dir='ltr'>Berolin.</span> <span class='ocrx_word' id='word_1_547' title='bbox 2025 1645 2122 1688; x_wconf 78' lang='lat'>1824</span> <span class='ocrx_word' id='word_1_548' title='bbox 2139 1644 2151 1695; x_wconf 93' lang='lat'><em>)</em></span> <span class='ocrx_word' id='word_1_549' title='bbox 2169 1645 2257 1681; x_wconf 86' lang='lat' dir='ltr'>con-</span> 
     </span>
     <span class='ocr_line' id='line_1_78' title="bbox 1207 1704 2258 1753; baseline -0.004 -10"><span class='ocrx_word' id='word_1_550' title='bbox 1207 1706 1357 1753; x_wconf 83' lang='lat' dir='ltr'>jectura</span> <span class='ocrx_word' id='word_1_551' title='bbox 1377 1712 1573 1743; x_wconf 84' lang='lat' dir='ltr'>auctorem</span> <span class='ocrx_word' id='word_1_552' title='bbox 1586 1705 1927 1750; x_wconf 86' lang='lat' dir='ltr'>Messeniacorum‚</span> <span class='ocrx_word' id='word_1_553' title='bbox 1949 1717 2031 1752; x_wconf 85' lang='lat' dir='ltr'>quae</span> <span class='ocrx_word' id='word_1_554' title='bbox 2059 1704 2258 1740; x_wconf 83' lang='lat' dir='ltr'>rhetoricae</span> 
     </span>
     <span class='ocr_line' id='line_1_79' title="bbox 1211 1762 2258 1814; baseline -0.003 -13"><span class='ocrx_word' id='word_1_555' title='bbox 1211 1766 1337 1814; x_wconf 86' lang='lat' dir='ltr'>potius</span> <span class='ocrx_word' id='word_1_556' title='bbox 1364 1776 1479 1813; x_wconf 86' lang='lat' dir='ltr'>quam</span> <span class='ocrx_word' id='word_1_557' title='bbox 1506 1775 1594 1799; x_wconf 89' lang='lat' dir='ltr'>vere</span> <span class='ocrx_word' id='word_1_558' title='bbox 1618 1763 1805 1799; x_wconf 81' lang='lat' dir='ltr'>historicae</span> <span class='ocrx_word' id='word_1_559' title='bbox 1831 1762 1969 1798; x_wconf 89' lang='lat' dir='ltr'>indolis</span> <span class='ocrx_word' id='word_1_560' title='bbox 1993 1762 2102 1799; x_wconf 88' lang='lat' dir='ltr'>fuisse</span> <span class='ocrx_word' id='word_1_561' title='bbox 2130 1764 2258 1799; x_wconf 86' lang='lat' dir='ltr'>omnia</span> 
     </span>
     <span class='ocr_line' id='line_1_80' title="bbox 1212 1821 2226 1870; baseline 0 -10"><span class='ocrx_word' id='word_1_562' title='bbox 1212 1823 1391 1869; x_wconf 89' lang='lat' dir='ltr'>suadent,</span> <span class='ocrx_word' id='word_1_563' title='bbox 1410 1835 1432 1859; x_wconf 94' lang='lat' dir='ltr'>a</span> <span class='ocrx_word' id='word_1_564' title='bbox 1447 1823 1599 1858; x_wconf 87' lang='lat' dir='ltr'>rhetore</span> <span class='ocrx_word' id='word_1_565' title='bbox 1622 1823 1692 1857; x_wconf 89' lang='lat' dir='ltr'>isto</span> <span class='ocrx_word' id='word_1_566' title='bbox 1714 1834 1794 1857; x_wconf 90' lang='lat' dir='ltr'>non</span> <span class='ocrx_word' id='word_1_567' title='bbox 1812 1833 1887 1857; x_wconf 88' lang='lat' dir='ltr'>esse</span> <span class='ocrx_word' id='word_1_568' title='bbox 1906 1821 2226 1870; x_wconf 83' lang='lat' dir='ltr'>distinguendum.</span> 
     </span>
    </p>

    <p class='ocr_par' dir='ltr' id='par_1_17' title="bbox 1212 1881 2264 2399">
     <span class='ocr_line' id='line_1_81' title="bbox 1267 1881 2255 1929; baseline -0.004 -11"><span class='ocrx_word' id='word_1_569' title='bbox 1267 1882 1386 1920; x_wconf 85' lang='lat' dir='ltr'>Rutil.</span> <span class='ocrx_word' id='word_1_570' title='bbox 1404 1883 1502 1929; x_wconf 85' lang='lat' dir='ltr'>Lup.</span> <span class='ocrx_word' id='word_1_571' title='bbox 1518 1882 1555 1916; x_wconf 95' lang='lat' dir='ltr'>II</span> <span class='ocrx_word' id='word_1_572' title='bbox 1566 1907 1577 1925; x_wconf 89' lang='lat'>,</span> <span class='ocrx_word' id='word_1_573' title='bbox 1600 1893 1615 1916; x_wconf 95' lang='lat'>1</span> <span class='ocrx_word' id='word_1_574' title='bbox 1637 1893 1645 1915; x_wconf 91' lang='lat'>:</span> <span class='ocrx_word' id='word_1_575' title='bbox 1664 1881 1800 1926; x_wconf 80' lang='lat' dir='ltr'>Myron</span> <span class='ocrx_word' id='word_1_576' title='bbox 1821 1893 1832 1914; x_wconf 93' lang='lat'><em>:</em></span> <span class='ocrx_word' id='word_1_577' title='bbox 1850 1896 1864 1912; x_wconf 73' lang='grc' dir='ltr'>ιι</span> <span class='ocrx_word' id='word_1_578' title='bbox 1886 1881 1978 1915; x_wconf 85' lang='lat' dir='ltr'>Hoec</span> <span class='ocrx_word' id='word_1_579' title='bbox 1990 1881 2123 1915; x_wconf 82' lang='lat' dir='ltr'>mulier</span> <span class='ocrx_word' id='word_1_580' title='bbox 2135 1892 2255 1928; x_wconf 82' lang='lat' dir='ltr'>nuper</span> 
     </span>
     <span class='ocr_line' id='line_1_82' title="bbox 1213 1937 2261 1988; baseline -0.003 -13"><span class='ocrx_word' id='word_1_581' title='bbox 1213 1937 1291 1983; x_wconf 77' lang='lat' dir='ltr'>ficr&#39;t</span> <span class='ocrx_word' id='word_1_582' title='bbox 1307 1940 1486 1988; x_wconf 84' lang='lat' dir='ltr'>locuples,</span> <span class='ocrx_word' id='word_1_583' title='bbox 1501 1946 1656 1988; x_wconf 86' lang='lat' dir='ltr'>potens,</span> <span class='ocrx_word' id='word_1_584' title='bbox 1689 1941 1725 1973; x_wconf 84' lang='lat' dir='ltr'>in</span> <span class='ocrx_word' id='word_1_585' title='bbox 1745 1950 1871 1973; x_wconf 89' lang='lat' dir='ltr'>amore</span> <span class='ocrx_word' id='word_1_586' title='bbox 1890 1945 2000 1985; x_wconf 86' lang='lat' dir='ltr'>atque</span> <span class='ocrx_word' id='word_1_587' title='bbox 2023 1938 2167 1973; x_wconf 78' lang='lat' dir='ltr'>deliciis</span> <span class='ocrx_word' id='word_1_588' title='bbox 2193 1950 2261 1973; x_wconf 84' lang='lat' dir='ltr'>ne-</span> 
     </span>
     <span class='ocr_line' id='line_1_83' title="bbox 1215 1996 2259 2043; baseline -0.003 -10"><span class='ocrx_word' id='word_1_589' title='bbox 1215 2000 1452 2033; x_wconf 87' lang='lat' dir='ltr'>cessariorum</span> <span class='ocrx_word' id='word_1_590' title='bbox 1478 2009 1487 2032; x_wconf 93' lang='grc'>.·</span> <span class='ocrx_word' id='word_1_591' title='bbox 1508 2004 1658 2032; x_wconf 85' lang='lat' dir='ltr'>ornatus</span> <span class='ocrx_word' id='word_1_592' title='bbox 1679 1999 1758 2041; x_wconf 85' lang='lat' dir='ltr'>ejus</span> <span class='ocrx_word' id='word_1_593' title='bbox 1771 1996 1898 2043; x_wconf 83' lang='lat' dir='ltr'>opibus</span> <span class='ocrx_word' id='word_1_594' title='bbox 1914 1996 2154 2031; x_wconf 81' lang='lat' dir='ltr'>abundabat:</span> <span class='ocrx_word' id='word_1_595' title='bbox 2177 2009 2259 2031; x_wconf 83' lang='lat' dir='ltr'>ma-</span> 
     </span>
     <span class='ocr_line' id='line_1_84' title="bbox 1215 2054 2260 2105; baseline -0.002 -14"><span class='ocrx_word' id='word_1_596' title='bbox 1215 2068 1310 2105; x_wconf 84' lang='lat' dir='ltr'>gnus</span> <span class='ocrx_word' id='word_1_597' title='bbox 1327 2057 1569 2099; x_wconf 83' lang='lat' dir='ltr'>ancillarum,</span> <span class='ocrx_word' id='word_1_598' title='bbox 1589 2067 1676 2102; x_wconf 84' lang='lat' dir='ltr'>quoe</span> <span class='ocrx_word' id='word_1_599' title='bbox 1702 2054 1953 2102; x_wconf 82' lang='lat' dir='ltr'>sequebantur,</span> <span class='ocrx_word' id='word_1_600' title='bbox 1977 2058 2172 2090; x_wconf 82' lang='lat' dir='ltr'>comitatus</span> <span class='ocrx_word' id='word_1_601' title='bbox 2190 2067 2260 2102; x_wconf 87' lang='lat' dir='ltr'>ap-</span> 
     </span>
     <span class='ocr_line' id='line_1_85' title="bbox 1212 2111 2260 2163; baseline -0.003 -13"><span class='ocrx_word' id='word_1_602' title='bbox 1212 2115 1441 2163; x_wconf 79' lang='lat' dir='ltr'>pellabatur.</span> <span class='ocrx_word' id='word_1_603' title='bbox 1463 2115 1570 2150; x_wconf 89' lang='lat' dir='ltr'>Nunc</span> <span class='ocrx_word' id='word_1_604' title='bbox 1587 2121 1717 2148; x_wconf 87' lang='lat' dir='ltr'>contra</span> <span class='ocrx_word' id='word_1_605' title='bbox 1733 2113 1850 2148; x_wconf 84' lang='lat' dir='ltr'>subito</span> <span class='ocrx_word' id='word_1_606' title='bbox 1869 2121 1908 2148; x_wconf 90' lang='lat' dir='ltr'>et</span> <span class='ocrx_word' id='word_1_607' title='bbox 1920 2115 2027 2159; x_wconf 74' lang='lat' dir='ltr'>gravi</span> <span class='ocrx_word' id='word_1_608' title='bbox 2045 2125 2133 2148; x_wconf 86' lang='lat' dir='ltr'>casu</span> <span class='ocrx_word' id='word_1_609' title='bbox 2153 2111 2260 2159; x_wconf 75' lang='lat' dir='ltr'>affli-</span> 
     </span>
     <span class='ocr_line' id='line_1_86' title="bbox 1217 2172 2253 2219; baseline 0 -11"><span class='ocrx_word' id='word_1_610' title='bbox 1217 2181 1292 2217; x_wconf 89' lang='lat' dir='ltr'>cta‚</span> <span class='ocrx_word' id='word_1_611' title='bbox 1325 2176 1395 2208; x_wconf 73' lang='lat' dir='ltr'>vix</span> <span class='ocrx_word' id='word_1_612' title='bbox 1426 2173 1618 2208; x_wconf 77' lang='lat' dir='ltr'>mediocris</span> <span class='ocrx_word' id='word_1_613' title='bbox 1647 2173 1838 2207; x_wconf 82' lang='lat' dir='ltr'>ancilluloe</span> <span class='ocrx_word' id='word_1_614' title='bbox 1859 2172 2080 2219; x_wconf 76' lang='lat' dir='ltr'>dignitatem</span> <span class='ocrx_word' id='word_1_615' title='bbox 2111 2176 2253 2208; x_wconf 81' lang='lat' dir='ltr'>retinet.</span> 
     </span>
     <span class='ocr_line' id='line_1_87' title="bbox 1220 2231 2262 2280; baseline -0.001 -12"><span class='ocrx_word' id='word_1_616' title='bbox 1220 2233 1253 2268; x_wconf 89' lang='grc' dir='ltr'><em>Ο</em></span> <span class='ocrx_word' id='word_1_617' title='bbox 1272 2231 1447 2278; x_wconf 83' lang='lat' dir='ltr'>fortuna,</span> <span class='ocrx_word' id='word_1_618' title='bbox 1473 2245 1584 2280; x_wconf 82' lang='lat' dir='ltr'>quam</span> <span class='ocrx_word' id='word_1_619' title='bbox 1613 2231 1852 2267; x_wconf 78' lang='lat' dir='ltr'>vehementer</span> <span class='ocrx_word' id='word_1_620' title='bbox 1880 2239 1914 2267; x_wconf 85' lang='lat' dir='ltr'>te</span> <span class='ocrx_word' id='word_1_621' title='bbox 1945 2244 2065 2267; x_wconf 86' lang='lat' dir='ltr'>rerum</span> <span class='ocrx_word' id='word_1_622' title='bbox 2096 2236 2262 2267; x_wconf 84' lang='lat' dir='ltr'>varietas</span> 
     </span>
     <span class='ocr_line' id='line_1_88' title="bbox 1217 2290 2264 2339; baseline -0.001 -12"><span class='ocrx_word' id='word_1_623' title='bbox 1217 2292 1394 2337; x_wconf 87' lang='lat' dir='ltr'>oblectat,</span> <span class='ocrx_word' id='word_1_624' title='bbox 1413 2299 1451 2326; x_wconf 88' lang='lat' dir='ltr'>et</span> <span class='ocrx_word' id='word_1_625' title='bbox 1467 2304 1578 2339; x_wconf 82' lang='lat' dir='ltr'>quam</span> <span class='ocrx_word' id='word_1_626' title='bbox 1601 2302 1739 2337; x_wconf 79' lang='lat' dir='ltr'>magno</span> <span class='ocrx_word' id='word_1_627' title='bbox 1762 2290 1848 2326; x_wconf 79' lang='lat' dir='ltr'>odio</span> <span class='ocrx_word' id='word_1_628' title='bbox 1867 2298 1922 2325; x_wconf 90' lang='lat' dir='ltr'>est</span> <span class='ocrx_word' id='word_1_629' title='bbox 1937 2290 2003 2325; x_wconf 77' lang='lat' dir='ltr'>tibi</span> <span class='ocrx_word' id='word_1_630' title='bbox 2021 2291 2144 2326; x_wconf 85' lang='lat' dir='ltr'>beatoe</span> <span class='ocrx_word' id='word_1_631' title='bbox 2172 2294 2264 2327; x_wconf 80' lang='lat' dir='ltr'>vitoe</span> 
     </span>
     <span class='ocr_line' id='line_1_89' title="bbox 1212 2346 1856 2399; baseline -0.003 -14"><span class='ocrx_word' id='word_1_632' title='bbox 1212 2358 1414 2399; x_wconf 86' lang='lat' dir='ltr'>perpetuus</span> <span class='ocrx_word' id='word_1_633' title='bbox 1429 2358 1464 2385; x_wconf 88' lang='lat' dir='ltr'>et</span> <span class='ocrx_word' id='word_1_634' title='bbox 1478 2357 1650 2386; x_wconf 84' lang='lat' dir='ltr'>constans</span> <span class='ocrx_word' id='word_1_635' title='bbox 1654 2346 1804 2395; x_wconf 88' lang='lat' dir='ltr'>fructus</span> <span class='ocrx_word' id='word_1_636' title='bbox 1812 2350 1827 2383; x_wconf 78' lang='lat' dir='ltr'>l</span> <span class='ocrx_word' id='word_1_637' title='bbox 1841 2364 1856 2380; x_wconf 86' lang='lat'>»</span> 
     </span>
    </p>

    <p class='ocr_par' dir='ltr' id='par_1_18' title="bbox 1211 2406 2268 2807">
     <span class='ocr_line' id='line_1_90' title="bbox 1272 2406 2265 2457; baseline -0.001 -13"><span class='ocrx_word' id='word_1_638' title='bbox 1272 2408 1332 2447; x_wconf 85' lang='lat' dir='ltr'>Id.</span> <span class='ocrx_word' id='word_1_639' title='bbox 1352 2409 1404 2446; x_wconf 88' lang='lat' dir='ltr'>ib.</span> <span class='ocrx_word' id='word_1_640' title='bbox 1426 2421 1466 2457; x_wconf 92' lang='lat' dir='ltr'>p.</span> <span class='ocrx_word' id='word_1_641' title='bbox 1487 2407 1560 2444; x_wconf 86' lang='lat'>130</span> <span class='ocrx_word' id='word_1_642' title='bbox 1580 2407 1642 2445; x_wconf 85' lang='lat' dir='ltr'>ed.</span> <span class='ocrx_word' id='word_1_643' title='bbox 1659 2406 1874 2445; x_wconf 87' lang='lat' dir='ltr'>Frotscher.</span> <span class='ocrx_word' id='word_1_644' title='bbox 1896 2419 1904 2442; x_wconf 92' lang='lat'>:</span> <span class='ocrx_word' id='word_1_645' title='bbox 1924 2408 2062 2454; x_wconf 84' lang='lat' dir='ltr'>Myron</span> <span class='ocrx_word' id='word_1_646' title='bbox 2081 2420 2093 2442; x_wconf 89' lang='lat'><em>:</em></span> <span class='ocrx_word' id='word_1_647' title='bbox 2119 2422 2134 2440; x_wconf 88' lang='lat'>«</span> <span class='ocrx_word' id='word_1_648' title='bbox 2154 2410 2265 2443; x_wconf 82' lang='lat' dir='ltr'>Ami—</span> 
     </span>
     <span class='ocr_line' id='line_1_91' title="bbox 1221 2464 2264 2514; baseline 0 -13"><span class='ocrx_word' id='word_1_649' title='bbox 1221 2478 1285 2501; x_wconf 89' lang='lat' dir='ltr'>cus</span> <span class='ocrx_word' id='word_1_650' title='bbox 1305 2478 1406 2502; x_wconf 88' lang='lat' dir='ltr'>meus</span> <span class='ocrx_word' id='word_1_651' title='bbox 1422 2464 1507 2512; x_wconf 85' lang='lat' dir='ltr'>fuit</span> <span class='ocrx_word' id='word_1_652' title='bbox 1531 2465 1811 2509; x_wconf 80' lang='lat' dir='ltr'>Chremonides,</span> <span class='ocrx_word' id='word_1_653' title='bbox 1842 2473 1877 2500; x_wconf 85' lang='lat' dir='ltr'>et</span> <span class='ocrx_word' id='word_1_654' title='bbox 1907 2469 2076 2514; x_wconf 82' lang='lat' dir='ltr'>opinione</span> <span class='ocrx_word' id='word_1_655' title='bbox 2104 2470 2264 2502; x_wconf 86' lang='lat' dir='ltr'>omnium</span> 
     </span>
     <span class='ocr_line' id='line_1_92' title="bbox 1220 2523 2266 2573; baseline 0 -13"><span class='ocrx_word' id='word_1_656' title='bbox 1220 2528 1342 2572; x_wconf 80' lang='lat' dir='ltr'>magis</span> <span class='ocrx_word' id='word_1_657' title='bbox 1352 2523 1576 2570; x_wconf 82' lang='lat' dir='ltr'>familiaris,</span> <span class='ocrx_word' id='word_1_658' title='bbox 1603 2532 1643 2559; x_wconf 87' lang='lat' dir='ltr'>ct</span> <span class='ocrx_word' id='word_1_659' title='bbox 1662 2536 1732 2572; x_wconf 87' lang='lat' dir='ltr'>pro</span> <span class='ocrx_word' id='word_1_660' title='bbox 1749 2525 1869 2560; x_wconf 84' lang='lat' dir='ltr'>salute</span> <span class='ocrx_word' id='word_1_661' title='bbox 1896 2529 1990 2571; x_wconf 73' lang='lat' dir='ltr'>ejus,</span> <span class='ocrx_word' id='word_1_662' title='bbox 2026 2538 2266 2573; x_wconf 80' lang='lat' dir='ltr'>quaecumque</span> 
     </span>
     <span class='ocr_line' id='line_1_93' title="bbox 1216 2582 2264 2632; baseline 0 -13"><span class='ocrx_word' id='word_1_663' title='bbox 1216 2586 1338 2632; x_wconf 85' lang='lat' dir='ltr'>potui,</span> <span class='ocrx_word' id='word_1_664' title='bbox 1351 2582 1452 2630; x_wconf 84' lang='lat' dir='ltr'>feci.</span> <span class='ocrx_word' id='word_1_665' title='bbox 1480 2584 1558 2619; x_wconf 87' lang='lat' dir='ltr'>Sed</span> <span class='ocrx_word' id='word_1_666' title='bbox 1578 2590 1822 2631; x_wconf 75' lang='lat' dir='ltr'>posteaquam</span> <span class='ocrx_word' id='word_1_667' title='bbox 1843 2586 1966 2629; x_wconf 79' lang='lat' dir='ltr'>major</span> <span class='ocrx_word' id='word_1_668' title='bbox 1986 2586 2043 2618; x_wconf 82' lang='lat' dir='ltr'>vis</span> <span class='ocrx_word' id='word_1_669' title='bbox 2073 2584 2165 2632; x_wconf 77' lang='lat' dir='ltr'>legis</span> <span class='ocrx_word' id='word_1_670' title='bbox 2191 2597 2264 2619; x_wconf 88' lang='lat' dir='ltr'>no-</span> 
     </span>
     <span class='ocr_line' id='line_1_94' title="bbox 1220 2642 2265 2689; baseline 0.001 -13"><span class='ocrx_word' id='word_1_671' title='bbox 1220 2649 1331 2677; x_wconf 85' lang='lat' dir='ltr'>strum</span> <span class='ocrx_word' id='word_1_672' title='bbox 1351 2643 1536 2677; x_wconf 66' lang='lat' dir='ltr'>auxilium</span> <span class='ocrx_word' id='word_1_673' title='bbox 1553 2642 1602 2676; x_wconf 83' lang='lat' dir='ltr'>ab</span> <span class='ocrx_word' id='word_1_674' title='bbox 1617 2642 1716 2676; x_wconf 85' lang='lat' dir='ltr'>illius</span> <span class='ocrx_word' id='word_1_675' title='bbox 1729 2643 1894 2689; x_wconf 86' lang='lat' dir='ltr'>periculo</span> <span class='ocrx_word' id='word_1_676' title='bbox 1913 2645 2076 2685; x_wconf 75' lang='lat' dir='ltr'>removit,</span> <span class='ocrx_word' id='word_1_677' title='bbox 2103 2643 2265 2677; x_wconf 84' lang='lat' dir='ltr'>calami-</span> 
     </span>
     <span class='ocr_line' id='line_1_95' title="bbox 1223 2702 2268 2749; baseline 0.001 -14"><span class='ocrx_word' id='word_1_678' title='bbox 1223 2703 1310 2735; x_wconf 86' lang='lat' dir='ltr'>tatis</span> <span class='ocrx_word' id='word_1_679' title='bbox 1322 2713 1367 2735; x_wconf 91' lang='lat' dir='ltr'>ac</span> <span class='ocrx_word' id='word_1_680' title='bbox 1388 2702 1503 2736; x_wconf 84' lang='lat' dir='ltr'>luctus</span> <span class='ocrx_word' id='word_1_681' title='bbox 1517 2705 1597 2747; x_wconf 87' lang='lat' dir='ltr'>ejus</span> <span class='ocrx_word' id='word_1_682' title='bbox 1608 2703 1795 2748; x_wconf 85' lang='lat' dir='ltr'>particeps</span> <span class='ocrx_word' id='word_1_683' title='bbox 1808 2712 1924 2738; x_wconf 86' lang='lat' dir='ltr'>eram.</span> <span class='ocrx_word' id='word_1_684' title='bbox 1944 2702 1986 2738; x_wconf 90' lang='lat' dir='ltr'><em>N</em></span> <span class='ocrx_word' id='word_1_685' title='bbox 1984 2714 2045 2736; x_wconf 81' lang='lat' dir='ltr'>am</span> <span class='ocrx_word' id='word_1_686' title='bbox 2060 2702 2268 2749; x_wconf 84' lang='lat' dir='ltr'>opitulandi</span> 
     </span>
     <span class='ocr_line' id='line_1_96' title="bbox 1211 2756 1963 2807; baseline -0.005 -13"><span class='ocrx_word' id='word_1_687' title='bbox 1211 2756 1388 2804; x_wconf 84' lang='lat' dir='ltr'>facultas</span> <span class='ocrx_word' id='word_1_688' title='bbox 1403 2762 1524 2795; x_wconf 85' lang='lat' dir='ltr'>omnis</span> <span class='ocrx_word' id='word_1_689' title='bbox 1545 2766 1672 2807; x_wconf 82' lang='lat' dir='ltr'>erepta</span> <span class='ocrx_word' id='word_1_690' title='bbox 1680 2762 1768 2805; x_wconf 78' lang='lat' dir='ltr'>Jam</span> <span class='ocrx_word' id='word_1_691' title='bbox 1777 2756 1925 2804; x_wconf 86' lang='lat' dir='ltr'>fuerat.</span> <span class='ocrx_word' id='word_1_692' title='bbox 1948 2774 1963 2791; x_wconf 83' lang='grc'><em>»</em></span> 
     </span>
    </p>
   </div>
   <div class='ocr_carea' id='block_1_17' title="bbox 1226 2867 2269 3323">
    <p class='ocr_par' dir='ltr' id='par_1_19' title="bbox 1227 2867 2269 3062">
     <span class='ocr_line' id='line_1_97' title="bbox 1227 2867 2266 2909; baseline 0.003 -10"><span class='ocrx_word' id='word_1_693' title='bbox 1227 2869 1260 2899; x_wconf 85' lang='lat' dir='ltr'>et</span> <span class='ocrx_word' id='word_1_694' title='bbox 1279 2867 1360 2900; x_wconf 87' lang='lat' dir='ltr'>bene</span> <span class='ocrx_word' id='word_1_695' title='bbox 1382 2868 1491 2900; x_wconf 86' lang='lat' dir='ltr'>habito</span> <span class='ocrx_word' id='word_1_696' title='bbox 1510 2876 1641 2908; x_wconf 88' lang='lat' dir='ltr'>corpore</span> <span class='ocrx_word' id='word_1_697' title='bbox 1655 2868 1925 2907; x_wconf 79' lang='lat' dir='ltr'>conspicerentur,</span> <span class='ocrx_word' id='word_1_698' title='bbox 1940 2868 1960 2899; x_wconf 85' lang='lat' dir='ltr'>ii</span> <span class='ocrx_word' id='word_1_699' title='bbox 1982 2869 2085 2909; x_wconf 87' lang='lat' dir='ltr'>capite</span> <span class='ocrx_word' id='word_1_700' title='bbox 2098 2870 2128 2901; x_wconf 88' lang='lat' dir='ltr'>id</span> <span class='ocrx_word' id='word_1_701' title='bbox 2146 2870 2241 2902; x_wconf 86' lang='lat' dir='ltr'>luunt</span> <span class='ocrx_word' id='word_1_702' title='bbox 2259 2882 2266 2902; x_wconf 75' lang='grc' dir='ltr'>ε</span> 
     </span>
     <span class='ocr_line' id='line_1_98' title="bbox 1228 2918 2269 2962; baseline 0.003 -12"><span class='ocrx_word' id='word_1_703' title='bbox 1228 2920 1260 2951; x_wconf 89' lang='lat' dir='ltr'>et</span> <span class='ocrx_word' id='word_1_704' title='bbox 1282 2919 1366 2951; x_wconf 80' lang='lat' dir='ltr'>her1s</span> <span class='ocrx_word' id='word_1_705' title='bbox 1381 2919 1538 2959; x_wconf 83' lang='lat' dir='ltr'>irrogatur</span> <span class='ocrx_word' id='word_1_706' title='bbox 1553 2919 1692 2957; x_wconf 82' lang='lat' dir='ltr'>mulcta,</span> <span class='ocrx_word' id='word_1_707' title='bbox 1707 2919 1763 2959; x_wconf 92' lang='lat' dir='ltr'>qui</span> <span class='ocrx_word' id='word_1_708' title='bbox 1784 2927 1846 2950; x_wconf 90' lang='lat' dir='ltr'>non</span> <span class='ocrx_word' id='word_1_709' title='bbox 1866 2918 2029 2951; x_wconf 81' lang='lat' dir='ltr'>inhibeant</span> <span class='ocrx_word' id='word_1_710' title='bbox 2045 2923 2269 2962; x_wconf 84' lang='lat' dir='ltr'>macerentque</span> 
     </span>
     <span class='ocr_line' id='line_1_99' title="bbox 1228 2970 2268 3013; baseline 0.002 -11"><span class='ocrx_word' id='word_1_711' title='bbox 1228 2970 1476 3011; x_wconf 76' lang='lat' dir='ltr'>pinguescentes.</span> <span class='ocrx_word' id='word_1_712' title='bbox 1495 2972 1541 3002; x_wconf 92' lang='lat' dir='ltr'>De</span> <span class='ocrx_word' id='word_1_713' title='bbox 1554 2979 1646 3010; x_wconf 83' lang='lat' dir='ltr'>agro,</span> <span class='ocrx_word' id='word_1_714' title='bbox 1665 2970 1719 3010; x_wconf 92' lang='lat' dir='ltr'>qui</span> <span class='ocrx_word' id='word_1_715' title='bbox 1739 2970 1801 3002; x_wconf 89' lang='lat' dir='ltr'>illis</span> <span class='ocrx_word' id='word_1_716' title='bbox 1815 2970 1956 3002; x_wconf 83' lang='lat' dir='ltr'>tributus</span> <span class='ocrx_word' id='word_1_717' title='bbox 1977 2972 2043 3011; x_wconf 87' lang='lat' dir='ltr'>est,</span> <span class='ocrx_word' id='word_1_718' title='bbox 2058 2974 2177 3004; x_wconf 74' lang='lat' dir='ltr'>certain</span> <span class='ocrx_word' id='word_1_719' title='bbox 2195 2981 2268 3013; x_wconf 89' lang='lat' dir='ltr'>por-</span> 
     </span>
     <span class='ocr_line' id='line_1_100' title="bbox 1227 3021 1993 3062; baseline -0.003 -9"><span class='ocrx_word' id='word_1_720' title='bbox 1227 3021 1348 3054; x_wconf 86' lang='lat' dir='ltr'>tionem</span> <span class='ocrx_word' id='word_1_721' title='bbox 1361 3030 1485 3062; x_wconf 85' lang='lat' dir='ltr'>semper</span> <span class='ocrx_word' id='word_1_722' title='bbox 1499 3021 1636 3053; x_wconf 89' lang='lat' dir='ltr'>dominis</span> <span class='ocrx_word' id='word_1_723' title='bbox 1649 3021 1786 3061; x_wconf 89' lang='lat' dir='ltr'>pendere</span> <span class='ocrx_word' id='word_1_724' title='bbox 1798 3022 1959 3054; x_wconf 85' lang='lat' dir='ltr'>tenentur.</span> <span class='ocrx_word' id='word_1_725' title='bbox 1975 3034 1993 3051; x_wconf 68' lang='grc' dir='ltr'>ι,</span> 
     </span>
    </p>

    <p class='ocr_par' dir='ltr' id='par_1_20' title="bbox 1732 3076 1768 3108">
     <span class='ocr_line' id='line_1_101' title="bbox 1732 3076 1768 3108; baseline 0 0"><span class='ocrx_word' id='word_1_726' title='bbox 1732 3076 1768 3108; x_wconf 85' lang='grc'>2.</span> 
     </span>
    </p>

    <p class='ocr_par' dir='ltr' id='par_1_21' title="bbox 1226 3129 2269 3323">
     <span class='ocr_line' id='line_1_102' title="bbox 1267 3129 2267 3169; baseline 0 -8"><span class='ocrx_word' id='word_1_727' title='bbox 1267 3131 1380 3169; x_wconf 85' lang='lat' dir='ltr'>Myron</span> <span class='ocrx_word' id='word_1_728' title='bbox 1394 3129 1588 3169; x_wconf 88' lang='lat' dir='ltr'>Prienensis,</span> <span class='ocrx_word' id='word_1_729' title='bbox 1610 3129 1750 3161; x_wconf 83' lang='lat' dir='ltr'>secundo</span> <span class='ocrx_word' id='word_1_730' title='bbox 1762 3129 1843 3161; x_wconf 91' lang='lat' dir='ltr'>libro</span> <span class='ocrx_word' id='word_1_731' title='bbox 1856 3131 1973 3162; x_wconf 87' lang='lat' dir='ltr'>Rerum</span> <span class='ocrx_word' id='word_1_732' title='bbox 1987 3130 2250 3162; x_wconf 73' lang='lat' dir='ltr'>Messeniacarum</span> <span class='ocrx_word' id='word_1_733' title='bbox 2259 3153 2267 3168; x_wconf 94' lang='lat'>,</span> 
     </span>
     <span class='ocr_line' id='line_1_103' title="bbox 1226 3180 2267 3221; baseline -0.001 -9"><span class='ocrx_word' id='word_1_734' title='bbox 1226 3180 1336 3213; x_wconf 86' lang='lat' dir='ltr'>scribit</span> <span class='ocrx_word' id='word_1_735' title='bbox 1353 3193 1362 3212; x_wconf 72' lang='grc' dir='ltr'>ι</span> <span class='ocrx_word' id='word_1_736' title='bbox 1381 3192 1396 3208; x_wconf 91' lang='lat'>«</span> <span class='ocrx_word' id='word_1_737' title='bbox 1408 3181 1558 3221; x_wconf 80' lang='lat' dir='ltr'>Soepiusa</span> <span class='ocrx_word' id='word_1_738' title='bbox 1570 3180 1817 3212; x_wconf 81' lang='lat' dir='ltr'>Lacedaemoniis</span> <span class='ocrx_word' id='word_1_739' title='bbox 1835 3181 1958 3213; x_wconf 82' lang='lat' dir='ltr'>liberali</span> <span class='ocrx_word' id='word_1_740' title='bbox 1975 3182 2050 3213; x_wconf 83' lang='lat' dir='ltr'>sunt</span> <span class='ocrx_word' id='word_1_741' title='bbox 2064 3181 2146 3212; x_wconf 87' lang='lat' dir='ltr'>servi</span> <span class='ocrx_word' id='word_1_742' title='bbox 2164 3190 2171 3211; x_wconf 92' lang='lat'>:</span> <span class='ocrx_word' id='word_1_743' title='bbox 2186 3190 2267 3221; x_wconf 86' lang='lat' dir='ltr'>quo-</span> 
     </span>
     <span class='ocr_line' id='line_1_104' title="bbox 1227 3232 2268 3272; baseline 0.001 -10"><span class='ocrx_word' id='word_1_744' title='bbox 1227 3240 1299 3263; x_wconf 93' lang='lat' dir='ltr'>rum</span> <span class='ocrx_word' id='word_1_745' title='bbox 1311 3232 1390 3263; x_wconf 82' lang='lat' dir='ltr'>alios</span> <span class='ocrx_word' id='word_1_746' title='bbox 1401 3232 1548 3272; x_wconf 79' lang='lat' dir='ltr'>aphetas</span> <span class='ocrx_word' id='word_1_747' title='bbox 1564 3232 1789 3271; x_wconf 84' lang='lat' dir='ltr'>nominarunt,</span> <span class='ocrx_word' id='word_1_748' title='bbox 1804 3232 1883 3263; x_wconf 85' lang='lat' dir='ltr'>alios</span> <span class='ocrx_word' id='word_1_749' title='bbox 1894 3241 1971 3264; x_wconf 84' lang='lat' dir='ltr'>vero</span> <span class='ocrx_word' id='word_1_750' title='bbox 1987 3232 2176 3271; x_wconf 82' lang='lat' dir='ltr'>adespotos‚</span> <span class='ocrx_word' id='word_1_751' title='bbox 2190 3232 2268 3263; x_wconf 84' lang='lat' dir='ltr'>alios</span> 
     </span>
     <span class='ocr_line' id='line_1_105' title="bbox 1226 3281 2269 3323; baseline -0.002 -9"><span class='ocrx_word' id='word_1_752' title='bbox 1226 3284 1417 3322; x_wconf 73' lang='lat' dir='ltr'>erycteras,</span> <span class='ocrx_word' id='word_1_753' title='bbox 1434 3282 1513 3314; x_wconf 90' lang='lat' dir='ltr'>alios</span> <span class='ocrx_word' id='word_1_754' title='bbox 1541 3282 1833 3323; x_wconf 82' lang='lat' dir='ltr'>desposionautas,</span> <span class='ocrx_word' id='word_1_755' title='bbox 1848 3292 1929 3323; x_wconf 88' lang='lat' dir='ltr'>quos</span> <span class='ocrx_word' id='word_1_756' title='bbox 1951 3283 1983 3314; x_wconf 89' lang='lat' dir='ltr'>in</span> <span class='ocrx_word' id='word_1_757' title='bbox 2008 3282 2139 3314; x_wconf 88' lang='lat' dir='ltr'>navium</span> <span class='ocrx_word' id='word_1_758' title='bbox 2154 3281 2269 3313; x_wconf 77' lang='lat' dir='ltr'>classes</span> 
     </span>
    </p>
   </div>
   <div class='ocr_carea' id='block_1_18' title="bbox 1226 3332 2268 3416">
    <p class='ocr_par' dir='ltr' id='par_1_22' title="bbox 1226 3332 2268 3416">
     <span class='ocr_line' id='line_1_106' title="bbox 1226 3332 2268 3375; baseline 0 -11"><span class='ocrx_word' id='word_1_759' title='bbox 1226 3333 1474 3375; x_wconf 85' lang='lat' dir='ltr'>distribuerunt,</span> <span class='ocrx_word' id='word_1_760' title='bbox 1489 3333 1567 3366; x_wconf 83' lang='lat' dir='ltr'>alios</span> <span class='ocrx_word' id='word_1_761' title='bbox 1584 3333 1818 3374; x_wconf 82' lang='lat' dir='ltr'>neodamodes,</span> <span class='ocrx_word' id='word_1_762' title='bbox 1833 3334 1887 3375; x_wconf 89' lang='lat' dir='ltr'>qui</span> <span class='ocrx_word' id='word_1_763' title='bbox 1906 3334 2020 3365; x_wconf 87' lang='lat' dir='ltr'>diversi</span> <span class='ocrx_word' id='word_1_764' title='bbox 2037 3334 2108 3365; x_wconf 88' lang='lat' dir='ltr'>sunt</span> <span class='ocrx_word' id='word_1_765' title='bbox 2124 3332 2164 3364; x_wconf 85' lang='lat' dir='ltr'>ab</span> <span class='ocrx_word' id='word_1_766' title='bbox 2178 3332 2268 3364; x_wconf 83' lang='lat' dir='ltr'>Helo·</span> 
     </span>
     <span class='ocr_line' id='line_1_107' title="bbox 1226 3385 1351 3416; baseline -0.032 0"><span class='ocrx_word' id='word_1_767' title='bbox 1226 3385 1320 3416; x_wconf 86' lang='lat' dir='ltr'>tibus.</span> <span class='ocrx_word' id='word_1_768' title='bbox 1336 3397 1351 3412; x_wconf 76' lang='grc' dir='ltr'>υ</span> 
     </span>
    </p>
   </div>
  </div>
 </body>
</html>
