2326 3724
120 194 192 225 158

117 332 248 384 αἰθέρια
269 333 488 382 συνεστάνοίι,
504 335 645 372 ἀλλοίαν
662 335 697 373 δὲ
712 337 818 374 αὐτοῦ
830 336 893 383 τὴν
908 337 1043 384 κίνησιν
1058 342 1156 376 εἰναι·

115 391 414 454 κυκλοφορητικὴν
434 393 514 445 γάρ.
542 393 614 432 Καὶ
629 394 699 440 τὴν
724 394 839 447 ψυχὴν
858 395 911 447 [δὲ
914 397 927 448 ]
953 397 1155 447 ἀσώματον,

115 449 331 501 ἐντελέχειαν
355 455 461 489 οὖσαν
476 450 539 498 τὴν
559 451 714 503 πρώτην·
740 453 901 503 σώματος
921 453 988 505 γὰρ
1011 469 1157 506 φυσικου

114 507 174 544 καὶ
199 509 382 560 ὄργανικου
410 509 556 559 δυνάμει
583 507 717 556 ζυ)ὴν”
698 525 847 562 εχοντος.
878 511 985 555 ΔιττῦΙ
1009 511 1037 549 δ’
1065 511 1157 550 ἔστιν

114 565 202 626 α”υτη
219 569 298 605 κατ’
323 567 441 605 αὐτόν.
463 568 565 640 Λέγει
583 568 618 606 δὲ
641 567 743 620 (τὴν)
765 569 991 621 ἐντελέχειαν,
1008 565 1080 616 ἧς’
1066 585 1157 608 εστιν

114 617 202 668 εἰδός
227 641 260 662 τι
291 625 492 676 ἀσώματον.
517 626 562 666 ‘H
580 627 643 677 μὲν
674 627 764 666 κατὰ
783 628 942 678 δύναμιν,
970 645 1016 672 ως
1045 629 1080 666 ἐν
1107 631 1158 682 τῷ

114 685 212 736 κηρῶ
234 684 308 735 [8]‘
313 686 433 737 Ερμῆς
448 685 713 732 ἐπιτηδειότητα
731 685 820 737 ἔχων
838 686 1060 730 ἐπιδέξασθαι
1080 686 1158 730 τοὺς

113 746 339 796 χαρακτῆρας
351 773 360 790 ,
387 743 447 781 καὶ
463 745 480 780 ὃ
497 745 531 780 ἐν
549 746 598 796 τῷ
614 746 737 797 χαλκῷ
757 745 895 796 ἀνδριάς
907 760 915 768 ·
932 747 1016 783 καθ’
1037 744 1104 789 ἕξιν
1122 745 1157 782 δὲ

114 798 252 849 λέγεται
285 800 482 854 ἐντελέχεια
514 805 537 848 ἡ
574 806 636 840 τοῦ
654 820 664 831 ·
678 804 986 853 συντετελεσμένου
1021 803 1156 856 Ἑρμοῦ

113 856 149 903 ἢ·
159 858 373 911 ἀνδριάντος.
389 861 596 910 Σώματος
577 859 612 898 οὲ
627 865 784 912 φυσικοῦ,
804 862 880 900 ἐπεὶ
896 878 964 900 των
983 862 1158 912 σωμάτων

113 914 158 952 τὰ
175 917 236 966 μέν
253 919 327 956 ἐστι
343 918 582 971 χειρόκμητα,
601 922 646 963 ὡς
658 919 729 958 τὰ(
716 920 783 958 υπὸ
796 923 962 972 τεχνιτῶν
976 920 1156 971 γινόμενα,

114 977 183 1012 οἷον
203 974 354 1028 πύργος,
371 978 510 1020 πλοῖον·
528 977 571 1015 τὰ
592 978 627 1015 δε
658 978 723 1016 ὑπὸ
721 978 896 1040 φύσεως,
912 982 959 1023 ὡς
985 978 1075 1033 φυτὰ
1099 979 1159 1018 καὶ

119 1033 163 1071 τὰ
185 1036 252 1071 τῶν
271 1034 381 1088 ζώων.
413 1035 622 1087 Ὀργανικοῧ
643 1035 679 1074 δὲ
707 1031 803 1087 εἰπε,
831 1038 986 1076 τουτέστι
1012 1037 1096 1110 πρός
1126 1054 1159 1076 τι

115 1093 462 1145 κατεσκευασμένου,
482 1098 528 1138 ὡς
546 1099 568 1142 ἡ
597 1094 714 1147 όρασις
738 1096 824 1148 πρὸς
843 1096 881 1134 τὸ
910 1099 993 1149 ὃραν
1013 1097 1072 1136 καὶ
1102 1095 1158 1158 [ἡ]

118 1149 205 1197 ἀκοὴ
235 1152 320 1203 πρὸς
339 1152 377 1190 τὸ
398 1153 552 1191 ἀκούειν·
575 1154 719 1205 δυνάμει
737 1154 773 1193 δὲ
792 1154 893 1202 ζωὴν
909 1155 1067 1207 ἔχοντος,
1088 1160 1157 1194 οἷον

115 1211 148 1247 ἐν
165 1212 292 1263 ἑαυτῷ.
315 1209 403 1249 T8
385 1211 526 1262 ουνάμει
544 1211 617 1250 8:
599 1213 725 1261 οιττὸν,
757 1215 795 1265 [ἢ
815 1214 892 1253 καθ’
921 1214 1052 1266 ἕξιν]
1033 1232 1055 1262 η
1082 1215 1159 1254 κατ’

118 1267 311 1319 ενέργειαν·
338 1271 415 1306 κατ’
443 1269 614 1343 ἐνέργειαν
637 1271 713 1321 μὲν,
730 1274 775 1315 ὡς
795 1275 812 1310 ὃ
835 1272 1032 1326 ἐγρηγορὼς
1052 1273 1156 1324 λέγε-

115 1341 173 1363 ται
189 1325 344 1378 ψυχὴν”
326 1343 436 1379 εχειν·
454 1328 545 1366 κατὰ
565 1328 598 1373 ἓξ
604 1345 631 1365 ιν
650 1330 680 1367 δ’
686 1346 762 1376 ,ως
778 1333 795 1368 ὃ
815 1330 1004 1368 καθεύδων.
1020 1330 1086 1369 ‘'’lv
1101 1334 1159 1368 οὖν

119 1399 178 1421 και
198 1388 294 1428 οὗτος
310 1386 490 1437 ὑποπίπτῃ
504 1417 514 1436 ,
537 1386 576 1424 τὸ
593 1388 738 1438 δυνάμει
756 1389 982 1440 προσέθηκεν.

171 1457 201 1482 7.
223 1443 264 1482 Ἀ
277 1444 422 1482 ντισθέ
433 1461 449 1482 ν
461 1461 483 1491 η
495 1462 510 1489 ς
531 1447 548 1483 ὁ
565 1446 716 1495 κυνικὸς,
737 1447 810 1485 ἇπ)
813 1447 922 1485 οκύυν
939 1449 1156 1487 ἐπεκαλεῖτο.

115 1501 280 1551 Διογένης
303 1503 338 1540 δὲ
365 1503 534 1556 Λαέρτιος
560 1504 713 1543 σκώπτει
733 1506 836 1544 αὐτὸν
865 1509 911 1550 ὣς
937 1508 1102 1560 φιλόζωον
1125 1509 1159 1543 ἐν

115 1560 356 1613 ἐπιγράμματι
376 1561 482 1606 οὕτως
503 1562 636 1615 ἔχοντι·

200 1671 260 1703 Τὸν
276 1671 342 1712 βίον
362 1671 444 1710 ἦσθα
457 1672 552 1710 κύων,
572 1672 752 1710 Ἀντίσθενες
763 1697 772 1710 ,
790 1675 850 1706 ὧδε
860 1677 1005 1716 πεφυκὼς

280 1721 362 1750 ὥστε
375 1721 479 1751 δακεῖν
495 1721 623 1761 κραδίην
637 1722 783 1762 ῥήμασιν,
801 1723 838 1754 οὐ
851 1724 1014 1763 στόμασιν.

200 1767 278 1798 Ἀλλ’
293 1767 394 1803 ἔθανες
408 1768 556 1806 φθισικός.
576 1769 655 1809 Τάχ’
669 1769 730 1808 ἐρεῖ
739 1781 782 1805 τις
796 1770 890 1808 ἴσως,
906 1771 943 1802 Τί
961 1771 993 1802 δὲ
1006 1775 1116 1811 τοῦτο;

241 1813 368 1850 Πάντως
383 1815 424 1850 εἰς
438 1814 536 1852 Ἀίδην
550 1815 596 1846 δεῖ
607 1815 663 1846 τιν’
673 1817 783 1856 ὁδηγὸν
798 1817 890 1857 ἔχειν,

116 1900 269 1952 ἼΙρεσκε
289 1901 324 1938 δὲ
345 1902 440 1953 αὐτῳ
459 1902 562 1940 τάδε·
585 1902 749 1950 διδακτὴν
771 1904 974 1943 ἀπεδείκνυε
995 1905 1057 1951 τὴν
1079 1908 1159 1959 ἀρε-

115 1975 199 2005 την·
218 1962 286 1997 τῶν
308 1959 415 2012 ἔργων
435 1976 472 1998 τε
497 1964 583 1998 εἶναι
601 1962 725 2007 αὐτὴν,
748 1978 837 2012 μητε
857 1963 970 2014 λόγων
990 1964 1164 2003 πλείστων

119 2017 283 2067 δεομένην
305 2018 394 2068 μήτε
416 2020 648 2069 μαθημάτων.
671 2021 840 2072 Αυτάρκη
862 2037 899 2058 τε
919 2025 1006 2059 εἰναι
1026 2022 1083 2060 τὸν
1105 2039 1162 2061 σο-

117 2077 197 2127 φόν·
229 2076 346 2114 πάντα
367 2076 433 2129 γὰρ
461 2079 566 2115 αὐτοῦ
595 2082 683 2116 εἶναι
706 2077 750 2115 τὰ
770 2094 838 2115 των
860 2078 986 2118 ἄλλων.
1018 2081 1094 2127 Ἰην
1125 2098 1161 2119 τε

117 2117 254 2178 ἀδοξίαν
280 2135 409 2186 ἀγαθὸν
426 2136 486 2173 καὶ
512 2136 584 2174 ἴσον
615 2153 663 2174 τι)
689 2137 799 2189 πόνῳ.
826 2137 897 2175 Και
917 2137 974 2175 τὸν
1001 2139 1104 2191 σοφὸν
1123 2155 1162 2178 ου

119 2193 210 2230 κατὰ
227 2192 306 2236 τοὺς
326 2194 502 2244 κειμένους
518 2195 643 2241 νόμους
668 2194 930 2242 πολιτεύεσθαι,
956 2197 1047 2234 ἀλλὰ
1069 2198 1160 2236 κατὰ

117 2252 174 2288 τὸν
195 2255 254 2298 τῆς
277 2254 413 2303 ἀρετῆς.
442 2253 622 2302 Γαμήσειν
643 2269 680 2291 τε
697 2254 915 2298 τεκνοποιίας
942 2255 1065 2308 χάριν,
1085 2260 1163 2300 ταῖς

118 2311 366 2363 εὐφυεστάταις
385 2309 544 2348 συνιόντα
564 2311 713 2362 γυναιξί.
742 2311 811 2350 Καὶ
833 2314 1086 2366 ἐρασθήσεσθαι
1105 2315 1154 2352 δέ·

120 2369 224 2417 μόνον
242 2368 307 2418 γὰρ
325 2369 451 2406 εἰδέναι
468 2369 525 2407 τὸν
549 2370 652 2422 σοφὸν
674 2370 775 2407 τίνων
795 2371 844 2408 δεῖ
865 2372 958 2423 ἐρᾶν.
983 2373 1045 2424 Τῷ
1067 2374 1162 2426 σοερῷ

121 2426 212 2471 ξένον
243 2427 339 2465 οὐδέν
367 2428 464 2479 [οὐδ’
486 2428 612 2480 ἄπορον
632 2433 679 2468 D.
695 2430 723 2480 ].
746 2429 957 2480 Ἀξιέραστος
976 2433 992 2468 ὁ
1020 2431 1156 2480 ἀγαθός.

122 2486 170 2522 Οἱ
191 2487 374 2523 σπουδαῖοι
395 2486 497 2535 φίλοι.
521 2487 738 2538 Συμμάχους
763 2488 936 2525 ποιεῖσθαι
957 2488 1031 2532 τοὺς
1058 2489 1163 2542 εὐψύ-

119 2558 200 2594 χους
221 2542 295 2592 ἅμα
311 2543 371 2580 καὶ
389 2543 553 2587 δικαίους.
571 2544 815 2597 Ἀναςραίρετον
833 2544 939 2583 ὅπλον
960 2547 1024 2597 [ἡ]
1042 2547 1160 2598 ἀρετή.

120 2601 288 2652 Κρεῒττόν
304 2602 377 2638 ἐστι
393 2602 468 2651 μετ’
482 2601 605 2652 ὀλίγων
624 2604 761 2653 ἀγαθῶν
781 2603 864 2654 πρὸς
883 2603 1039 2648 ἅπαντας
1056 2605 1162 2657 [τοὺς]

118 2658 267 2706 κακοὺς,
287 2658 308 2705 ἢ
330 2660 419 2709 μετὰ
436 2662 573 2698 πολλῶν
592 2664 709 2698 κακῶν
725 2661 809 2714 πρὸς
826 2662 962 2712 ὀλίγους
981 2663 1162 2713 [ἀγαθοὺς]

123 2717 312 2768 μάχεσθαι.
346 2718 540 2770 Προσέχειν
573 2725 643 2763 τοῖς
670 2721 822 2771 ἐχθροῖς·
844 2723 975 2772 πρῶτοι
995 2721 1063 2772 γὰρ
1094 2725 1162 2760 τῶν

122 2777 388 2828 ἁμαρτημάτων
407 2778 643 2817 αἰσθάνονται.
668 2779 738 2817 Τὸν
764 2780 895 2817 δίκαιον
911 2780 989 2832 περὶ
1009 2780 1165 2823 πλείονος

120 2836 294 2872 ποιεῖσθαι
317 2839 376 2873 τοῦ
396 2840 591 2886 συγγενοῦς.
616 2837 752 2889 Ἀνδρος
773 2838 832 2875 καὶ
849 2838 1010 2889 γυναικὸς
1031 2842 1053 2886 ἡ
1075 2838 1163 2885 αὐτὴ

122 2893 244 2945 ἀρετή.
264 2894 321 2931 Τὰ
339 2894 562 2943 ἀγαθὰ“καλὰ
576 2925 585 2940 ,
608 2894 651 2932 τὰ
671 2895 763 2933 κακὰ
785 2896 927 2948 αἰσχρά.
948 2896 1006 2935 Τὰ
1028 2897 1165 2949 πονηρὰ

123 2952 239 2989 πάντα
263 2951 378 3001 νόμιζε
402 2952 528 2995 ξενικά.
549 2954 674 3004 Τεῖχος
695 2954 957 3005 ἀσφαλέστατον
979 2955 1163 3007 φρόνησιν·

124 3009 212 3059 μήτε
228 3008 295 3061 γὰρ
318 3017 525 3062 καταρρεῖν,
550 3011 638 3060 μήτε
660 3012 894 3063 προδίδοσθαι.
917 3013 1029 3065 Τείχη
1052 3029 1162 3051 κατα-

124 3067 332 3106 σκευαστέον
353 3071 386 3104 ἑν
408 3070 476 3112 τοῖς
497 3073 608 3107 αὑτῶν
632 3071 822 3114 ἀναλώτοις
852 3072 964 3123 λόγοις
998 3075 1043 3122 (l.
1067 3073 1163 3123 λογι-

124 3129 223 3175 σμοῖς
238 3140 282 3162 ex
298 3129 346 3164 D.
359 3127 385 3175 ).

178 3197 206 3222 8.
230 3182 513 3235 Ἀρκεσίλαος.
539 3179 650 3228 Οῧτος
669 3185 753 3237 πρὸς
772 3186 829 3223 τὸν
856 3185 1064 3240 θρασύτερον
1090 3188 1163 3224 δια·

124 3241 310 3292 λεγόμενον
344 3242 522 3279 νεανίσκον
536 3272 545 3289 ,
580 3245 617 3280 οὐ
650 3244 800 3296 λήψεταί
828 3261 894 3291 τις,
925 3244 989 3297 ἔφη
1003 3275 1013 3291 ,
1045 3249 1164 3284 τοῦτον

126 3300 378 3350 ἀστραγαλωτί
412 3303 719 3353 (ἀστραγαλωτῇῗ
757 3303 967 3355 ἀστραγάλῳ
1000 3307 1114 3355 Diog.
1133 3304 1165 3355 );

127 3358 220 3409 Πρὸς
239 3356 306 3409 [δὲ]
320 3357 376 3395 τὸν
395 3359 507 3397 αἰτίαν
524 3359 646 3411 ἔχοντα
663 3360 905 3413 περαίνεσθαι,
921 3364 967 3405 ὡς
982 3362 1166 3413 ἀνήνεγκεν

958 192 1196 232 HESYCHII
1226 193 1414 236 MlLESll

116 273 211 326 ἆπαρ
231 273 275 312 τὰ
291 273 445 348 τέσσαρα
461 276 617 327 στοιχεῖα
634 276 694 314 καὶ
713 275 799 316 ἄλλο
814 276 984 326 πέμπτον,
1001 279 1035 324 ἐξ
1055 274 1094 318 οῧ
1113 279 1158 318 τὰ
1182 295 1190 304 ·

1217 287 1295 318 tiam
1306 287 1516 329 ordinemque
1537 289 1761 322 administrari.
1783 292 1902 323 Praeter
1912 291 2069 325 elementa
2084 293 2142 326 ista
2165 295 2260 335 quat—

1219 336 1292 366 tuor
1318 345 1386 369 esse
1402 342 1434 369 et
1458 339 1608 379 quintum
1627 340 1731 379 aliud,
1757 349 1797 372 ex
1821 350 1885 381 quo
1910 343 2048 374 cmlestia
2069 343 2261 382 consistant,

1218 385 1350 426 ejusque
1366 390 1490 420 motum
1504 389 1664 422 diversum
1679 399 1765 428 esse,
1780 391 1932 423 nimirum
1948 391 2172 426 orbicularem.
2188 395 2262 426 Ani-

1218 443 1306 467 mam
1330 437 1432 470 item'
1425 448 1662 480 incorpoream,
1684 441 1884 482 primamque
1899 452 1966 474 esse
1986 444 2175 485 ἐντελέχειαν
2195 445 2264 476 sive

1219 485 1458 528 perfectionem,
1474 490 1615 530 corporis
1628 500 1743 532 nempe
1758 493 1912 525 naturalis
1924 496 1956 525 et
1968 495 2106 534 organici
2121 495 2263 535 potentia

1219 534 1318 568 vitam
1346 538 1500 571 habentis.
1530 541 1586 572 Est
1613 543 1721 574 autem
1743 551 1780 574 ea
1805 544 1983 576 secundum
2015 546 2106 576 illum
2131 545 2264 586 duplex.

1219 582 1429 628 Ἐντελέχειαν
1441 598 1516 622 vero
1531 591 1598 623 sive
1611 593 1835 632 perfectionem
1852 595 2008 635 appellat,
2032 595 2123 635 cujus
2141 596 2182 628 sit
2193 604 2262 637 spe·

1219 635 1282 667 cies
1294 639 1442 676 quaedam
1463 649 1514 672 in«
1510 650 1662 681 orporea
1678 643 1782 676 Altera
1798 653 1839 676 ex
1863 645 1913 676 bis
1934 646 2062 686 quidem
2085 646 2260 680 seeundum

1219 687 1412 729 potentiam,
1429 692 1466 722 ut
1478 693 1526 723 est
1537 692 1736 724 Mercurius
1727 702 1760 725 in
1771 703 1860 735 cera,
1871 704 1944 735 quae
1962 696 2074 730 idonea
2089 698 2138 728 est
2153 696 2193 728 ad
2209 706 2262 728 va·

1220 737 1283 769 rias
1298 739 1417 772 formas
1430 741 1634 782 excipiendas
1644 768 1652 781 ,
1666 744 1810 784 itemque
1825 745 1856 776 in
1869 755 1933 777 aere
1945 747 2050 778 statua
2064 759 2072 779 ε
2087 746 2263 780 secundum

1220 787 1364 821 habitum
1387 800 1463 823 vero
1475 793 1628 832 perfectio
1641 794 1760 826 dicitur
1775 804 1812 827 ea
1825 804 1897 836 quae
1921 797 1970 828 est
1982 801 2212 830 consummatae
2225 807 2264 830 ac

1220 839 1368 879 perfectae
1377 843 1494 874 statuae
1507 845 1563 876 aut
1576 846 1713 878 Hermae
1728 847 1888 879 Naturalis
1899 848 2007 879 autem
2016 849 2156 890 corporis
2169 849 2262 889 dixit,

1220 889 1296 928 quia
1315 893 1390 922 sunt
1412 901 1546 934 corpora
1562 895 1624 926 alia
1638 895 1769 935 quidem
1786 905 1882 928 manu
1900 899 1932 928 et
1947 899 2015 930 arte
2033 898 2211 939 elaborata,
2227 903 2266 933 ut.

1224 947 1299 979 quae
1312 940 1353 972 ab
1366 943 1542 977 artificibus
1555 946 1655 983 fiunt,
1670 947 1748 986 puta
1762 947 1859 979 turris
1873 949 1970 988 atque
1981 948 2090 990 navis;
2106 950 2168 982 alia
2187 959 2264 989 vero

1220 989 1265 1022 sic
1286 999 1304 1022 a
1327 993 1442 1024 natura
1467 995 1638 1034 prodeunt,
1658 997 1694 1028 ut
1711 997 1840 1029 arbores
1855 999 1887 1029 et
1912 998 2099 1032 animalium
2116 1010 2261 1043 corpora.

1222 1043 1319 1074 Porro
1332 1045 1471 1084 organici
1493 1045 1592 1087 dixit,
1612 1047 1674 1078 hoc
1689 1048 1737 1079 est
1749 1047 1790 1079 ad
1811 1049 1933 1089 aliquid
1951 1051 2054 1091 parati
2073 1053 2106 1084 et
2129 1053 2264 1094 conditi,

1221 1094 1257 1124 ut
1272 1095 1319 1126 est
1336 1095 1378 1126 ad
1402 1096 1575 1128 videndum
1600 1098 1730 1138 oculus,
1750 1100 1898 1140 aurisque
1913 1100 1954 1132 ad
1972 1101 2183 1135 audiendum.
2203 1106 2263 1136 Po-

1220 1144 1320 1176 tentia
1336 1146 1445 1178 autem
1470 1147 1568 1179 vitam
1588 1147 1755 1189 habentis,
1770 1151 1801 1182 in
1823 1159 1857 1182 se
1870 1151 1948 1191 ipso.
1994 1153 2140 1186 Potentia
2156 1156 2267 1187 autem

1220 1194 1340 1236 duplex
1356 1199 1421 1236 est,
1450 1199 1506 1230 aut
1530 1199 1706 1231 secundum
1728 1201 1874 1233 habitum
1891 1204 1947 1235 aut
1962 1205 2139 1237 secundum
2161 1206 2265 1239 actio-

1221 1255 1294 1278 nem
1320 1257 1328 1278 :
1359 1249 1534 1281 secundum
1563 1250 1741 1291 actionem,
1769 1253 1804 1283 ut
1823 1252 1955 1292 vigilans
1983 1254 2100 1287 babere
2123 1257 2264 1290 animam

1221 1296 1355 1337 (licitum
1369 1299 1543 1331 secundum
1559 1300 1702 1332 habitum
1713 1302 1839 1340 autem,
1851 1304 1885 1333 ut
1897 1302 2070 1337 dormiens.
2114 1307 2158 1338 Ut
2167 1307 2266 1348 igitur

1221 1348 1254 1378 et
1281 1347 1332 1378 liic
1360 1349 1420 1380 sub
1438 1349 1654 1382 definitionem
1675 1351 1821 1391 eaden-,et
1839 1351 1955 1391 adjecit
1977 1362 2090 1386 vocem
2111 1357 2266 1396 potentia

1223 1396 1344 1436 (Dioq.
1364 1399 1399 1436 V,
1415 1402 1468 1430 28-
1456 1400 1543 1438 434).

1263 1449 1294 1478 7.
1323 1448 1542 1479 Antisthenes
1557 1449 1696 1489 Cynicus
1711 1450 1888 1490 ἁπλοκύων,
1917 1452 2007 1490 quasi
2026 1460 2106 1493 pure
2124 1455 2267 1495 puleqne

1222 1493 1320 1531 caniS,
1330 1496 1636 1534 counoininatnsest.
1651 1496 1803 1536 Diogenes
1815 1498 2046 1540 Laertius(v1‚
2067 1501 2145 1541 19)
2137 1502 2266 1534 1111111116

1222 1540 1339 1580 illusit,
1354 1543 1444 1574 velut
1462 1544 1574 1577 montis
1587 1545 1675 1575 metu
1690 1544 1862 1576 retinendae
1875 1546 1951 1578 vitae
1967 1546 2182 1589 cupidiorem,
2196 1550 2264 1591 epi-

1223 1591 1400 1628 grammate
1416 1590 1503 1630 quod
1520 1590 1583 1622 tale
1599 1592 1669 1622 est:

1294 1677 1326 1703 In
1341 1675 1400 1704 vita
1411 1677 1492 1704 canis
1505 1684 1573 1705 acer
1585 1685 1661 1710 eras,
1675 1679 1872 1713 Antisthenes,
1887 1682 1921 1709 ut
1934 1682 1966 1708 tu

1329 1722 1482 1752 morderes
1495 1724 1602 1758 verbis,
1616 1725 1694 1753 baud
1716 1728 1814 1754 tamen
1827 1734 1896 1761 ore,
1908 1727 2054 1756 homines.

1294 1771 1428 1798 Mortuus
1438 1778 1469 1798 es
1477 1770 1638 1806 phthisicus
1649 1781 1656 1802 ;
1667 1771 1747 1799 dicet
1756 1772 1822 1808 quis
1838 1771 1924 1804 forte,
1943 1774 2020 1808 Quid
2031 1774 2068 1803 ad
2090 1777 2174 1805 rem?

1331 1817 1460 1844 Ductore
1473 1817 1596 1845 omniuo
1614 1817 1651 1845 ad
1665 1817 1767 1846 limina
1780 1818 1853 1847 Ditis
1862 1826 1948 1855 opus-

1225 1911 1344 1944 Placita
1355 1912 1463 1943 autem
1474 1911 1542 1951 ejus
1552 1912 1709 1943 liaecsunt
1724 1913 1856 1945 :Doceri
1870 1922 1962 1953 posse
1973 1914 2124 1948 virtutem
2136 1926 2145 1955 ;
2163 1917 2265 1949 virtu·

1224 1975 1288 2006 tem
1297 1983 1364 2006 esse
1373 1983 1519 2015 operum,
1533 1983 1637 2015 neque
1650 1974 1755 2007 verbis
1766 1975 1990 2017 multisneque
2002 1976 2179 2020 disciplinis
2191 1979 2267 2011 indi·

1224 2038 1368 2077 gentem;
1390 2037 1629 2078 sapientemque
1642 2037 1701 2069 sibi
1718 2038 1774 2078 ipsi
1800 2038 1947 2070 sulficere
1962 2051 1970 2070 :
1985 2039 2083 2079 ipsius
2095 2041 2181 2072 enim
2197 2050 2268 2073 esse

1225 2107 1297 2138 quae
1306 2098 1442 2130 aliorum
1456 2100 1531 2130 sunt
1543 2099 1816 2138 omnia3nomiuis
1826 2100 2056 2134 obscuritatem
2064 2101 2187 2135 bonum
2200 2112 2268 2135 esse

1226 2165 1257 2193 et
1274 2162 1374 2193 labori
1387 2161 1507 2201 simile;
1521 2161 1695 2202 sapientem
1708 2171 1772 2193 non
1788 2163 1965 2195 seeundum
1977 2164 2168 2197 constitutas
2184 2165 2268 2205 leges

1226 2233 1292 2256 rem
1305 2224 1464 2264 publicam
1473 2224 1782 2264 administraturum,
1797 2224 1850 2256 sed
1863 2226 1956 2264 juxta
1965 2225 2092 2258 virtutis
2099 2235 2245 2259 normam
2257 2237 2267 2267 ;

1226 2287 1465 2327 ducturumque
1493 2295 1629 2318 uxorem
1657 2286 1926 2327 procreandorum
1954 2287 2125 2320 liberorum
2151 2297 2266 2328 causa,

1227 2348 1460 2381 formosissimis
1480 2348 1660 2389 quibusque
1676 2348 1931 2387 congredientem
1959 2349 2165 2391 mulieribus;
2182 2358 2266 2391 prm-

1226 2414 1313 2444 terea
1329 2413 1511 2443 amaturum
1528 2421 1536 2443 :
1563 2412 1667 2443 solum
1681 2411 1800 2451 quippe
1819 2411 1902 2443 scire
1923 2411 2096 2452 sapientem
2118 2418 2267 2452 quamam

1225 2474 1291 2506 sint
1316 2483 1425 2506 amore
1459 2474 1574 2515 dignae.
1609 2474 1749 2514 Sapienti
1781 2473 1826 2505 nil
1847 2482 1966 2505 novum
1994 2473 2067 2515 [nec
2092 2473 2242 2515 arduum]
2256 2485 2266 2514 ;

1225 2537 1339 2577 dignus
1358 2538 1404 2569 est
1427 2537 1483 2577 qui
1503 2539 1629 2569 ametur
1649 2537 1698 2568 vir
1724 2536 1844 2575 bonus;
1871 2536 1990 2568 virtute
2011 2535 2136 2576 praediti
2151 2535 2267 2576 amici;

1226 2601 1473 2640 propugnatores
1489 2599 1654 2630 saciundos
1666 2598 1719 2639 qui
1740 2598 1872 2630 animosi
1886 2597 2003 2638 etjusti
2015 2597 2098 2638 sint3
2112 2597 2267 2646 virtutem

1226 2671 1313 2694 arma
1327 2671 1395 2693 esse
1410 2671 1483 2702 quae
1500 2662 1569 2693 tolli
1583 2671 1645 2692 non
1663 2661 1800 2702 possint,
1818 2661 1947 2701 praestat
1963 2668 2037 2691 cum
2049 2660 2160 2700 paucis
2178 2659 2270 2692 bouis

1227 2725 1380 2756 adversus
1396 2725 1497 2756 malos
1514 2733 1628 2755 omnes
1653 2732 1751 2763 quam
1776 2732 1849 2754 cum
1875 2722 1984 2754 multis
2002 2722 2094 2754 malis
2118 2721 2270 2754 adversus

1226 2791 1344 2823 paucos
1354 2783 1454 2814 bonos
1465 2791 1604 2823 pugnare
1615 2781 1765 2822 ;sollicite
1775 2781 1988 2828 observandos
2000 2780 2146 2812 inimicos
2157 2779 2268 2821 :primi

1226 2839 1310 2871 enim
1341 2840 1471 2879 peccata
1493 2839 1652 2878 sentiunt;
1672 2839 1794 2878 justum
1821 2839 1925 2869 virum
1960 2838 2061 2878 pluris
2088 2837 2268 2870 faciendum

1226 2907 1324 2939 quam
1339 2898 1570 2938 propinquum3
1595 2898 1655 2928 viri
1674 2906 1711 2928 ac
1727 2897 1869 2928 mulieris
1893 2896 1996 2928 virtus
2022 2896 2152 2936 eadem;
2184 2896 2270 2928 bona

1227 2957 1371 2998 pulchra,
1385 2957 1468 2988 mala
1484 2965 1550 2988 esse
1564 2956 1685 2996 turpia;
1709 2964 1807 2996 prava
1820 2955 1927 2987 omnia
1939 2955 2041 2986 aliena
2066 2956 2143 2995 puta
2168 2958 2268 2995 atque

1227 3016 1388 3056 peregrina
1397 3026 1406 3055 ;
1416 3024 1544 3046 murum
1558 3013 1960 3054 tutissimumprudentiam
1973 3021 2041 3044 esse
2051 3026 2057 3044 ι
2067 3022 2171 3053 neque
2183 3013 2268 3046 enim
2296 3011 2299 3017 '

1226 3074 1371 3106 decidere
1381 3083 1484 3114 neque
1497 3073 1607 3114 prodi;
1621 3073 1737 3104 moenia
1754 3071 1905 3103 struenda
1924 3071 1956 3102 in
1972 3071 2088 3103 nostris
2102 3071 2200 3103 animi
2213 3080 2268 3103 co-

1227 3132 1430 3173 gitationibus
1445 3141 1518 3172 quae
1538 3141 1643 3172 expu„
1634 3131 1712 3162 nari
1729 3131 1887 3170 nequeant
1907 3130 2024 3170 (Πίος.
2048 3131 2104 3169 Vl,
2122 3134 2170 3162 10.
2198 3130 2267 3170 13).

1269 3195 1297 3222 8.
1319 3191 1521 3223 Arcesilaum·
1538 3190 1612 3230 llic,
1626 3189 1825 3221 adolescente
1846 3188 1995 3229 quopiam
2014 3188 2151 3220 ferocius
2171 3196 2269 3228 quain

1229 3257 1283 3289 par
1296 3251 1377 3280 esset
1389 3249 1556 3289 garriente,
1574 3261 1589 3275 «ι
1602 3250 1756 3287 Nemone,
1767 3246 1883 3288 inquit,
1898 3246 2019 3278 scutica
2034 3246 2198 3286 astragalis
2209 3254 2266 3278 no-

1227 3307 1301 3339 data
1318 3308 1404 3339 bunc
1425 3307 1642 3348 expugnabit?
1657 3319 1672 3334 »ι
1687 3305 1855 3344 Quendam
1871 3305 1956 3337 male
1973 3304 2173 3343 audientem,
2196 3305 2269 3336 tan·

1231 3375 1328 3407 quam
1353 3366 1519 3398 muliebria
1542 3366 1716 3406 pateretur,
1741 3373 1841 3405 quum
1869 3363 2056 3404 objecisset,
2089 3362 2188 3395 videri
2209 3362 2267 3395 sibi
