2372 3704
905 177 1112 218 HISTIAEl
1138 178 1478 219 FRAGMENTA.

107 271 169 317 58,
201 271 222 308 3
246 268 370 318 (546),
402 280 480 317 quo
510 280 610 304 anno
641 263 783 316 C'yrus,
808 268 925 315 captis
953 266 1155 312 Sardibus,

105 331 220 369 Croesi
240 341 398 378 regnum
424 327 560 364 evertit
580 324 638 376 (v.
670 326 839 365 Clinton.
873 325 922 361 ad
949 337 1012 361 an.
1042 325 1155 373 546).

104 389 280 427 Ceterum
296 388 563 436 Hippostratus
580 384 627 421 de
644 385 760 420 Abari
775 385 815 419 in
830 384 1005 420 Historiis
1025 384 1160 419 Siculis

103 447 232 483 dicere
259 446 398 495 potuit.
425 446 522 481 Nam
550 443 726 480 Abaridis
757 450 796 479 et
824 442 1046 490 Pythagorae
1072 449 1157 477 cum

102 505 312 542 Phalaride
345 506 676 552 Agrigentinorum
702 509 865 550 tyranno
893 500 979 549 (qui
1018 501 1077 537 ol.
1109 500 1156 537 53

103 564 344 612 tyrannidem
363 575 439 601 sec,
461 564 548 599 Eus.
569 561 728 610 adeptus
748 568 822 605 est,
843 572 1033 608 quemque
1052 559 1158 596 Tele-

101 623 257 659 machus
290 620 463 671 sustulit)
505 620 777 657 commercium
817 618 930 654 fuisse
975 625 1160 655 testantur

102 682 279 730 Epistolae
309 693 392 728 quae
420 679 592 716 feruntur
625 677 837 714 Phalaridis
878 675 925 724 57
959 684 997 713 et
1031 676 1093 723 56,
1124 685 1161 713 et

101 739 299 776 Iamblich.
315 741 361 776 V.
381 740 421 776 P.
441 752 474 777 c.
498 751 556 787 19.
577 750 642 783 22,
668 737 756 774 coll.
775 736 965 785 Porphyr.
984 738 1027 774 V.
1047 737 1157 784 Pyth.

101 812 140 848 p.
173 798 222 835 18
242 811 302 847 sq.
322 799 366 834 V.
388 796 547 844 Bentlej.
570 798 712 845 Opusc.
737 796 833 845 phil.
865 808 902 844 p.
929 808 1000 842 172
1021 808 1076 844 sq.
1100 796 1158 832 ed.

101 858 208 907 Lips.
230 859 405 894 Fortasse
420 858 575 892 istarum
601 855 818 891 fabularum
840 862 975 891 auctor
990 855 1071 903 ipse
1090 854 1161 890 fuit

101 916 384 965 Hippostratus‚
399 915 605 963 putarique
614 914 736 964 possit
749 913 976 961 scriptorem
988 920 1160 949 nostrum

101 987 179 1011 esse
198 974 481 1022 Pythagoreum
496 974 786 1022 Hippostratum
804 970 1081 1016 Crotoniatam‚
1097 984 1160 1008 cu-

97 1032 158 1080 jus
173 1032 346 1069 meminit
364 1032 598 1068 lamblichus
613 1033 658 1069 V.
682 1032 723 1067 P.
744 1043 776 1067 c.
801 1029 862 1066 32.

609 1103 644 1156 4.

154 1183 282 1221 Schol.
304 1183 459 1218 Pindari
482 1183 592 1219 Nem.
612 1182 662 1227 ΙΙ,
689 1194 702 1217 1
735 1193 742 1218 ε
764 1178 962 1232 Ὁμηρίδαις
982 1178 1099 1251 ἔλεγρν
1123 1179 1161 1217 τὸ

104 1239 168 1291 μὲν
189 1241 363 1312 ἀρχαῖον...
354 1238 432 1282 τους
454 1238 524 1276 ἀπὸ
545 1241 606 1277 τοῦ
629 1237 791 1311 Ὁμήρου
809 1237 944 1288 γένους,
965 1236 998 1275 οἳ
1015 1253 1075 1274 και
1096 1236 1158 1284 τὴν

100 1297 239 1346 ποίησιν
259 1299 363 1336 αὐτοῦ
388 1298 428 1335 ἐκ
446 1291 654 1349 διαδοχῆς
631 1297 726 1348 ῃδον·
747 1312 791 1347 με
776 1295 837 1334 ετὰ
857 1294 894 1334 δὲ
914 1299 1026 1334 ταῦτα
1046 1311 1106 1333 και
1128 1298 1159 1334 οἱ

100 1356 256 1410 ῥαψῳδοὶ
273 1355 389 1395 οὐκέτι
401 1355 441 1394 τὸ
458 1354 554 1406 γένος
567 1356 615 1399 εἷς
630 1353 829 1407 ιΌμηρον
810 1354 1012 1406 ανάγοντες·
1034 1355 1158 1403 ἐπιφα-

101 1420 171 1458 νεῖς
191 1413 259 1452 δὲ’
243 1413 404 1466 εγένοντο
422 1414 453 1452 οἱ
468 1412 550 1465 περὶ
572 1413 759 1462 Κύναιθον,
781 1412 839 1457 οὕς
856 1428 943 1465 φασι
962 1413 1077 1451 πολλὰ
1091 1429 1159 1451 των

101 1475 196 1512 ἐπῶν
222 1472 438 1519 ποιήσαντας
466 1470 635 1522 ἐμὸαλεῖν
655 1473 702 1514 εἰς
727 1470 790 1518 τὴν
815 1470 978 1524 Ὁμήρου
1007 1471 1160 1519 ποίησιν.

100 1524 172 1570 ῗΗν
193 1530 229 1569 δὲ
248 1533 267 1569 ὁ
294 1529 464 1574 Κύναιθος
497 1531 599 1578 Χῖος,
621 1529 656 1574 ὃς
683 1529 743 1569 καὶ
772 1531 840 1568 τῶν
870 1529 1160 1583 ἐπιγραφομένων

101 1589 281 1642 Ὁμήρου
288 1589 497 1640 ποιημάτων
521 1589 580 1628 τὸν
610 1590 656 1634 εἷς
683 1588 886 1628 Ἀπόλλωνα
915 1589 1159 1642 γεγραμμένον

100 1647 208 1700 υμνον
239 1648 378 1701 λέγεται
412 1647 658 1696 πεποιηκέναι
694 1641 807 1692 Οὗτος
840 1651 898 1686 οὖν
935 1650 952 1685 ὃ
991 1647 1160 1692 Κύναιθος

100 1711 234 1762 πρῶτος
257 1710 292 1748 ἐν
316 1707 558 1762 Συρακούσαις
575 1706 803 1761 ἐρραψώδησε
825 1707 869 1746 τὰ
899 1707 1061 1761 Ὁμήρου
1092 1707 1157 1756 ἔπη

101 1765 194 1806 κατὰ
213 1766 277 1815 τὴν
297 1767 483 1816 ἑξηκοστὴν
514 1767 657 1814 ἐννάτην
686 1766 937 1817 Ὀλυμπιάδα,
969 1769 1015 1810 ὡς
1036 1767 1161 1806 Ἱππό-

101 1826 247 1880 στρατός
261 1842 378 1881 φησιν.

152 1890 210 1924 De
228 1889 408 1924 hocloco
429 1888 646 1924 doctissime
679 1887 878 1936 disputans
905 1887 1098 1926 VVelcker.
1120 1889 1159 1924 in

103 1946 206 1994 Cycl.
234 1959 276 1996 p.
302 1946 504 1993 237-248,
534 1947 653 1982 multa
684 1947 828 1992 attulit,
860 1958 943 1994 quae
974 1955 1159 1996 corrupta

100 2018 177 2042 esse
186 2006 249 2042 illa
262 2003 353 2042 κατὰ
366 2005 429 2050 τὴν
444 2003 494 2048 ἑξ.
510 2005 558 2043 ἐν.
571 2003 650 2043 Ὀλ.
664 2011 885 2054 coarguant,
898 2012 1012 2052 atque
1027 2004 1158 2053 Cynae-

101 2064 256 2100 thonem
277 2065 414 2103 Chium
429 2077 507 2100 non
528 2065 719 2100 diversum
737 2076 815 2100 esse
837 2063 1021 2100 suadeant
1045 2077 1065 2100 a
1086 2065 1158 2112 Cy-

100 2123 275 2159 naethone
295 2124 355 2160 vel
371 2124 589 2160 Cinaethone
608 2123 914 2160 Lacedaemonio.
938 2124 1049 2159 Hunc
1067 2135 1157 2159 vero

101 2182 284 2218 Eusebius
310 2183 350 2218 in
377 2182 521 2220 Chron.
553 2181 724 2218 floruisse
759 2182 854 2218 dicit
882 2182 1037 2230 Olymp.
1062 2182 1100 2228 3,
1135 2186 1155 2225 4

102 2240 323 2289 (Οῐηιετῆοη
345 2242 651 2277 Lacedaemonius
666 2248 800 2290 poeta,
827 2243 889 2288 qui
917 2241 1158 2290 Telegoniam

93 2296 207 2343 fecit,
234 2298 564 2348 cognoscebatur).
587 2299 713 2346 Quare
729 2312 768 2337 n.
790 2299 813 2334 1.
830 2299 1053 2335 Welckerus
1073 2312 1158 2335 cor·

99 2357 301 2406 rigendum
320 2358 533 2406 suspicatur
552 2355 644 2394 κατὰ
665 2355 727 2402 τὴν
749 2355 853 2402 ἕκτην
874 2355 896 2403 ἢ
916 2355 979 2402 τὴν
1010 2355 1155 2404 ἐννάτην

100 2413 182 2454 Ὀλ.
208 2417 349 2454 Contra
376 2413 587 2453 Nitzschius
620 2417 763 2455 Histor.
799 2418 915 2455 Hom.
947 2418 986 2462 I,
1014 2429 1055 2465 p.
1084 2417 1157 2454 130

100 2475 217 2511 verba
234 2476 441 2512 scholiastae
469 2476 521 2511 ita
546 2476 724 2524 intelligit
745 2483 788 2511 ut
812 2488 939 2511 sensus
968 2476 1015 2511 sit
1050 2488 1059 2513 t
1093 2474 1158 2512 illo

101 2541 275 2582 tempore
295 2535 489 2582 Syracusis
502 2534 714 2583 rhapsodiae
735 2542 926 2570 certamen
942 2536 1158 2571 institutum

612 2647 647 2678 4.

144 2700 333 2732 Homeridas
341 2699 492 2732 dicebant
502 2700 682 2741 antiquitus
691 2709 746 2732 eos
756 2725 765 2741 ‚
780 2700 835 2742 qui
850 2709 890 2732 ex
903 2701 1032 2733 Homeri
1047 2709 1162 2742 genere

102 2752 231 2785 oriundi
246 2753 357 2793 erant,
377 2754 410 2785 et
436 2755 586 2794 poemata
605 2752 674 2793 ejus
699 2762 739 2785 ex
765 2754 967 2786 successione
989 2754 1160 2787 canebant.

103 2805 216 2836 Postea
233 2805 343 2837 autem
360 2804 457 2837 etiam
482 2804 632 2845 rhapsodi
644 2829 653 2844 ,
677 2805 732 2846 qui
757 2814 858 2846 genus
877 2805 918 2837 ab
938 2808 1078 2838 Homero
1096 2815 1161 2838 non

102 2855 324 2897 deducebant,
340 2856 387 2889 sic
408 2856 670 2889 nominabantur.
696 2858 783 2889 lnter
798 2866 853 2889 eos
870 2857 1008 2898 insignes
1031 2858 1161 2890 suerunt

105 2907 353 2948 rliapsodicirea
367 2908 581 2949 cynnamum,
611 2917 693 2949 quos
718 2909 838 2941 multos
863 2917 975 2941 versus
996 2909 1037 2942 de
1052 2918 1112 2941 suo
1128 2910 1160 2941 in

103 2959 234 2992 Homeri
250 2960 392 2992 carmina
417 2960 634 2992 introduxisse
659 2960 836 3001 perhibent.
857 2962 932 2993 Erat
949 2970 1026 2993 vero
1044 2963 1159 3002 cynae-

103 3011 180 3043 thus
194 3011 310 3052 Chius,
324 3012 380 3052 qui
400 3020 441 3043 ex
461 3012 616 3053 poematis
641 3021 716 3052 quae
733 3013 866 3044 Homeri
894 3012 1024 3045 nomine
1048 3013 1159 3046 inscri-

104 3062 225 3094 buntur
239 3062 395 3103 hymnum
410 3063 441 3094 in
458 3063 637 3104 Apollinem
653 3064 762 3096 fecisse
774 3063 903 3097 dicitur.
917 3065 1093 3105 cynaethus
1109 3065 1161 3097 ille

103 3113 227 3155 primus
240 3115 404 3154 Syracusis
415 3115 562 3147 recitavit
578 3116 709 3147 Homeri
729 3116 873 3148 carmina
889 3116 974 3148 circa
999 3116 1159 3157 Olympia-

106 3165 178 3198 dem
188 3165 418 3207 sexagesimam
434 3175 551 3198 nonam
561 3190 570 3206 ,
588 3167 625 3198 ut
638 3167 862 3208 Hippostratus
874 3168 929 3199 ait.

149 3274 372 3315 Hippostratus
393 3276 449 3316 qui
478 3275 604 3308 Siculas
630 3276 828 3317 genealogias
855 3277 1064 3318 conscripsit,
1082 3276 1161 3309 dicit

107 3325 330 3358 Emmenidem
366 3328 399 3359 et
426 3327 628 3359 Xenodicum
663 3328 747 3360 tilios
781 3337 849 3361 esse
882 3329 1083 3369 Telemachi3
1118 3329 1160 3361 ab

110 3377 297 3410 Emmenide
312 3378 465 3410 oriundos
489 3388 557 3411 esse
579 3380 760 3412 'slieronem
783 3382 816 3412 et
839 3382 1071 3420 Xenocratem3
1093 3382 1157 3413 Xe·

251 3442 440 3466 FRAGMENTA
460 3442 585 3468 fflSTon.
606 3444 662 3467 GR.
682 3454 713 3458 —
727 3445 800 3469 vot..
824 3445 867 3469 IV.

2195 193 2272 225 43³

1222 278 1320 311 esse,
1339 269 1376 302 in
1395 279 1472 315 quo
1490 268 1690 315 Cynaethus
1709 276 1774 304 aut
1790 272 1922 307 vicerit
1938 273 2083 320 primus
2103 281 2167 310 aut
2180 275 2278 311 inter

1221 326 1364 373 primos
1385 328 1597 364 certaverit.

1277 443 1404 479 Schol.
1424 442 1533 478 Pind.
1565 443 1678 490 Pyth.
1701 445 1766 489 VI,
1796 449 1815 488 4
1836 456 1844 482 2
1866 443 2121 496 Ἱππόστρατος
2141 447 2176 486 δὲ
2197 451 2215 486 ὁ
2233 450 2276 487 τὰ

1223 498 1302 551 περὶ
1330 498 1494 542 Σικελίας
1512 500 1727 550 γενεαλο(ῶν
1758 515 1875 553 φησιν,
1899 502 1952 539 ὅτι
1978 502 2190 554 Ἔμμενίδης
2218 507 2278 545 καὶ

1225 557 1422 606 Ξενόδικος,
1439 556 1658 610 Τηλεμάχου
1675 557 1754 606 υἱοὶ,
1770 559 1829 597 καὶ
1844 559 1944 610 ’.Εμμ
1947 560 2057 600 ενίδου
2076 563 2138 611 μὲν
2153 566 2184 603 οἱ
2198 566 2277 617 περὶ

1226 616 1382 670 Θήρωνα
1413 616 1528 655 ml*
1498 616 1735 670 ιενοκροὶτην,
1763 618 1952 657 Ξενοδίκου
1979 621 2014 658 δὲ
2042 620 2279 675 Ἱπποκράτης

1226 674 1286 714 καὶ
1318 675 1446 720 Κάπυς
1461 706 1471 726 ,
1502 675 1536 714 οἳ
1560 676 1691 728 φυγάδε
1694 676 1859 721 υθέντεςζ
1846 677 1913 716 υπὸ
1940 678 2109 732 Θήρωνος
2138 681 2279 734 ὕστερον

1227 733 1388 784 Κάμικον
1425 733 1598 786 κατέσχον
1627 735 1876 774 Σικελιωτικὸν
1913 736 2090 788 πόλισμα·
2121 742 2199 778 καθ’
2235 740 2278 787 ἣν

1225 795 1278 843 (κ.
1307 791 1368 843 δῖ’)
1398 809 1456 831 και
1486 796 1505 832 ὃ
1526 793 1646 838 Μίνως
1674 794 1742 832 ὑπὸ
1772 797 1848 839 ταῖς
1872 795 2045 835 Κωκάλου
2071 798 2280 851 θυγατράσιν

1224 853 1384 890 ἀπώλετο
1400 854 1491 890 κατὰ
1512 853 1654 899 ζήτησιν
1676 853 1853 892 Δαιδάλου
1874 854 1995 894 ἐλθών.

1276 913 1307 949 οἱ
1328 912 1405 963 περὶ
1425 910 1598 963 Θήρωνα]
1620 915 1646 949 i.
1672 927 1705 951 e.
1728 926 1817 963 gens
1833 916 2028 954 Theronis.
2045 918 2139 953 Nam
2154 918 2280 954 Thero

1223 971 1321 1007 filius
1349 980 1430 1008 erat
1455 973 1708 1018 AEnesidami‚
1730 987 1809 1009 non
1832 976 2081 1021 Emmenidae,
2102 978 2167 1024 qui
2193 990 2282 1013 avus

1223 1031 1303 1078 ejus
1320 1039 1387 1068 est.
1412 1054 1461 1059 ——
1483 1034 1539 1068 De
1554 1044 1691 1081 genere
1706 1033 1890 1070 Theronis
1913 1047 1949 1070 ν.
1972 1036 2092 1073 schol.
2108 1044 2183 1072 vet.
2210 1037 2233 1073 l.
2254 1039 2279 1075 l.

1224 1090 1272 1126 ad
1288 1104 1322 1127 V.
1344 1090 1409 1138 82,
1429 1091 1495 1139 qui
1510 1091 1616 1127 locus
1640 1091 1795 1128 fortasse
1818 1105 1863 1128 ex
1886 1094 2134 1142 Hippostrato
2154 1094 2277 1132 fluxit.

1224 1149 1278 1186 Cf.
1299 1151 1448 1188 Miiller.
1467 1151 1567 1188 Min.
1588 1164 1626 1199 p.
1647 1150 1721 1186 338
1741 1159 1778 1187 et
1796 1152 1884 1201 469.

1734 1222 1769 1260 6.

1519 1304 1548 1338 E
1578 1304 1729 1339 LlBRO
1759 1305 1983 1343 SEPTIMO.

1277 1383 1401 1420 Schol
1426 1384 1534 1420 Pind.
1555 1385 1613 1421 Ol.
1632 1386 1681 1429 11,
1705 1384 1756 1420 8·
1777 1383 1924 1435 Θήρων,
1941 1386 2010 1429 υἱὸς
2029 1390 2070 1433 ἠν
2092 1387 2281 1433 Αἰνησιδά-

1227 1456 1312 1490 μου·
1332 1434 1406 1492 εἶχε
1430 1439 1465 1478 δὲ
1484 1441 1633 1492 συγγενῆ
1654 1441 1778 1480 Κάπυν
1805 1459 1864 1480 και
1885 1442 2137 1497 Ἱπποκράτην,
2158 1446 2281 1490 οἵτινες

1227 1503 1319 1547 ἠσοιν
1340 1499 1494 1552 ἀδελφοί·
1515 1501 1593 1551 περὶ
1618 1503 1666 1538 ὧν
1689 1500 1978 1554 εἸππόστραιτος
1963 1519 1998 1541 εν
2015 1505 2066 1541 τῶ
2084 1504 2110 1549 ζ’
2127 1505 2243 1557 φησίν.

1279 1557 1798 1610 1ππόστρατος]Βοεο1ς11ἰῑι5;
1814 1563 1903 1598 libri
1921 1562 2202 1616 Καλλίστρατος.
2223 1569 2279 1602 De

1223 1632 1263 1655 re
1284 1632 1320 1655 v.
1341 1619 1527 1657 Boeckh.
1518 1632 1556 1655 m
1580 1621 1730 1659 Introd.
1757 1590 1804 1657 ad
1821 1622 1881 1659 Ol.
1903 1623 1956 1660 II.

1735 1703 1771 1735 7.

1276 1752 1380 1788 Idem
1397 1753 1449 1790 ib.
1471 1754 1526 1798 ΙΙ,
1549 1754 1593 1789 16
1618 1766 1625 1788 :
1656 1751 1910 1805 Ἱππόστρατος
1933 1755 2065 1806 ἱστορεῖ
2084 1754 2187 1793 αὐτὸν
2207 1755 2278 1809 (sc.

1223 1809 1279 1846 τὸν
1298 1808 1475 1861 Θήρωνα)
1495 1808 1639 1860 πλούτῳ
1657 1809 1867 1862 διηνοχέναι.

1276 1870 1350 1916 Qui
1378 1869 1483 1918 apud
1514 1870 1626 1907 Phot.
1657 1872 1751 1908 Lex.
1780 1884 1817 1906 v.
1854 1869 2069 1921 Ἱππομανές
2106 1875 2284 1911 laudatur

1221 1928 1485 1976 Hippostratus
1507 1940 1584 1964 esse
1617 1929 1731 1965 debet
1759 1930 2053 1979 Theophrastus,
2088 1934 2145 1969 uti
2164 1934 2285 1982 liquet

1221 2000 1267 2023 ex
1290 1987 1427 2025 AElian.
1448 1989 1496 2026 H.
1519 1989 1588 2026 An.
1608 1990 1684 2034 ΙΙΙ,
1709 2002 1770 2035 17.

1646 2092 1851 2108 ..οων

1566 2169 1947 2229 HISTIAEUS.

1605 2274 1898 2313 ΦοιΝιΚΙΚΑ.

1735 2364 1769 2390 1.

1274 2419 1404 2468 Steph.
1429 2421 1517 2467 Byz.
1545 2432 1553 2457 :
1581 2418 1755 2472 Βηρυτὸς,
1772 2418 1872 2463 πόλις
1894 2419 2082 2468 Φοινίκης,
2097 2421 2136 2459 ἐκ
2157 2427 2283 2473 μικρᾶς

1227 2476 1364 2527 μεγάλη
1378 2506 1387 2523 ,
1410 2477 1544 2527 κτίσμα
1571 2477 1721 2530 Κρόνου.
1748 2478 1906 2525 Ἐκλήθη
1927 2478 1963 2517 δὲ
1989 2478 2046 2517 διὰ
2065 2479 2103 2517 τὸ
2124 2479 2281 2532 εὔυδρον·

1226 2535 1294 2587 βήρ
1311 2534 1378 2588 γὰρ
1395 2535 1434 2574 τὸ
1454 2535 1563 2589 φρέαρ
1584 2536 1668 2589 παρ’
1693 2538 1822 2580 αὐτοῖς.
1856 2536 2019 2580 Ἱστιαῖος
2039 2538 2071 2576 δ’
2098 2540 2132 2576 ἐν
2159 2538 2280 2591 πρώτῃ

1223 2646 1328 2677 nodici
1342 2655 1418 2678 vero
1435 2647 1516 2679 filios
1527 2656 1595 2680 esse
1609 2648 1833 2689 Hippocratem
1847 2650 1879 2680 et
1893 2649 2003 2689 Capyn
2016 2673 2024 2688 ,
2038 2649 2126 2689 quia
2135 2649 2283 2681 Therone

1222 2699 1254 2730 in
1272 2700 1406 2732 exilium
1422 2700 1485 2732 acti
1504 2702 1614 2741 postea
1629 2701 1817 2741 Camicum‚
1835 2701 1981 2733 Siculum
2000 2702 2174 2742 oppidum,
2197 2702 2281 2734 obti-

1222 2754 1375 2784 nuerunt.
1404 2753 1525 2785 Eadem
1548 2754 1581 2785 in
1606 2754 1687 2785 urbe
1717 2754 1821 2786 Minos
1845 2763 1864 2786 a
1881 2755 1992 2787 cocali
2017 2755 2144 2788 filiabus
2169 2755 2280 2796 periit,

1222 2812 1286 2845 quo
1303 2806 1448 2846 tempore
1459 2805 1628 2838 Daedalum
1643 2814 1794 2846 quaerens
1804 2815 1842 2839 eo
1856 2810 1999 2839 venerat.

1264 2915 1391 2947 Theron
1406 2916 1491 2947 filius
1504 2917 1573 2947 erat
1584 2916 1787 2949 AEnesidami.
1802 2918 1935 2958 Cognati
1948 2918 2016 2957 ejus
2028 2919 2119 2950 erant
2132 2919 2236 2958 Capys
2249 2919 2281 2950 et

1222 2966 1431 3007 Hippocrates
1454 2967 1584 3006 fratres,
1603 2967 1643 3000 de
1668 2968 1786 3009 quibus
1813 2970 2040 3010 Hippostratus
2052 2969 2130 3001 dicit
2148 2970 2180 3001 in
2199 2969 2280 3002 libro

1220 3009 1367 3059 septimo.

1735 3065 1754 3097 7
1762 3089 1769 3096 .
2219 3090 2223 3093 .

1265 3118 1486 3157 Hippostratus
1493 3119 1601 3150 narrat
1609 3118 1790 3151 Theronem
1798 3119 1920 3152 divitiis
1927 3121 1993 3152 suis
2003 3120 2158 3161 insignem
2170 3119 2276 3152 fuisse.

1446 3195 1512 3233 DE
1542 3196 1706 3236 REBUS
1737 3197 2047 3237 PHOENICUM.

1734 3276 1766 3308 1.

1262 3329 1415 3369 Berytus,
1431 3329 1508 3362 urbs
1522 3330 1715 3372 Plioeniciae,
1732 3340 1749 3363 e
1763 3340 1861 3373 parva
1877 3341 1991 3373 magna
2009 3331 2128 3370 evas1t3
2146 3329 2275 3363 Saturni

1220 3390 1310 3422 opus.
1324 3383 1448 3416 Nomen
1462 3392 1538 3416 vero
1553 3385 1650 3417 habet
1665 3394 1704 3418 ex
1719 3393 1756 3417 eo
1769 3410 1777 3426 ‚
1796 3385 1881 3426 quod
1897 3386 1976 3418 bene
1990 3387 2036 3417 est
2051 3384 2176 3424 irrigua.
2194 3385 2273 3415 Nam

2134 3446 2168 3470 28
