2326 3724
106 208 177 240 168

101 287 172 337 γὼν
202 290 269 325 τῶν
300 289 495 341 γνωρίμων,
515 287 597 342 ἔφη·
624 306 639 324 «ι
659 288 837 337 Κλεάνθης
860 289 922 340 μὲν
952 291 1011 328 καὶ
1036 290 1143 329 ἄλλον

106 346 284 393 Κλεάνθην
306 346 434 384 δύναιτ’
451 346 492 385 ἂν
506 346 654 400 τρέφειν,
671 349 700 385 εἷ
716 347 874 399 βούλοιτο
885 364 893 372 ·
910 350 942 387 οἱ
957 348 994 387 δὲ
1008 349 1144 401 ἔχοντες

101 403 175 443 ὅθεν
195 404 396 456 τρέφονται,
415 406 499 457 παρ’
516 404 640 457 ἑτέρων
653 406 858 453 ’ἐπιζητοῦσι
876 405 921 444 τὰ
939 407 1140 454 ἐπιτήδεια,

102 461 228 514 καίπερ
242 463 428 512 ἀνειμένως
442 465 714 516 φιλοσοφοῦντες.
729 482 744 499 υ
762 464 928 509 Εἰπόντος
941 465 1047 513 τινὸς,
1063 465 1096 504 Ἀ
1103 480 1144 516 ρ-

102 522 263 560 κεσίλαον
279 522 327 573 μὴ
345 528 454 561 ποιεῖν
469 522 512 560 τὰ
530 522 667 570 δέοντα,
685 540 700 557 «
722 525 866 562 Παῦσαι
877 555 887 572 ,
907 523 994 576 ἔφη,
1012 522 1073 561 καὶ
1095 522 1143 573 μὴ

102 580 184 631 ψέγε
196 610 205 628 ,
234 582 264 618 εἰ
291 581 358 634 γὰρ
379 580 438 620 καὶ
455 580 547 632 λόγῳ
564 580 603 618 τὸ
622 583 773 628 καθῆκον
799 582 957 634 ἀναιρεῖ,
973 587 1043 625 τοῖς
1062 584 1143 633 γοῦν

101 638 211 690 ἔργοις
227 639 310 683 αὐτὸ
325 643 423 678 τιθεῖ.
445 657 460 673 ν
477 639 549 677 Καὶ
565 642 582 678 ὁ
602 638 840 693 Ἀρκεσίλαος,
855 658 870 674 «
884 642 938 680 Οὔ
953 640 1145 679 κολακεύο-

103 713 189 746 μαι,
206 715 220 731 »
241 698 343 751 φησί·
359 698 444 749 πρὸς
462 697 497 735 ὃν
520 697 715 748 Κλεάνθης,
736 716 750 732 «
766 698 838 737 Ναί
858 699 929 750 [σε]
944 699 1143 747 κολακεύω,

102 757 204 808 φησὶ,
234 756 381 810 φάμενος
408 757 498 795 ἄλλα
535 756 597 807 μὲν
626 756 753 807 λέγειν,
786 756 886 809 ἕτερα
923 758 959 796 δὲ
983 760 1106 797 ποιεῖν.
1127 776 1143 792 ⁷·

102 813 324 865 Ἔρωτῶντός
337 830 440 864 τινος,
460 814 492 852 τί
503 813 712 861 ὑποθήσεται
725 816 774 867 τῷ
789 817 871 867 υἱῷ,
889 815 968 869 ἔφη·
985 833 1001 851 «ι
1017 815 1070 856 Τὸ
1085 818 1146 862 τῆς

104 872 297 923 Ἠλέκτρας
310 903 320 923 ,

225 962 262 993 Σ”’
251 971 320 1001 γα
340 964 430 1002 σῖγα,
448 961 555 992 λευκὸν
571 961 612 1002 (l.
626 961 890 1003 λεπτὸν)ῐχνος..
903 974 918 989 ιι

102 1035 276 1075 Σωσίθεον
298 1036 355 1074 τὸν
374 1037 521 1083 ποιητὴν
544 1036 736 1088 ὑδρίσαντα
758 1037 874 1088 αυτὸν,
894 1038 954 1075 καὶ
975 1037 1145 1088 μετανοή-

102 1110 211 1132 σαντα
231 1094 454 1167 προσήκατο,
475 1094 580 1132 εἰπὼν
611 1095 738 1134 ἄτοπον
769 1099 873 1143 εἶναι,
891 1096 950 1133 τὸν
979 1095 1040 1147 μὲν
1061 1095 1144 1135 Διό-

100 1167 201 1190 νυσον
213 1152 272 1190 καὶ
282 1152 339 1190 τὸν
352 1152 530 1204 Ἡρακλέα
541 1153 849 1205 φλυαρουμένους“
835 1153 902 1191 υπὸ
910 1156 979 1191 τῶν
989 1156 1144 1200 ποιητῶν

103 1210 151 1259 μὴ
183 1211 397 1262 ὀργίζεσθαι,
424 1211 525 1248 αὐτὸν
546 1212 574 1248 δ’
598 1211 656 1250 ἐπὶ
681 1214 724 1263 τῇ
754 1210 908 1264 τυχούσῃ
939 1211 1144 1264 βλασφημίᾳ

101 1269 349 1321 δυσχεραίνειν.
380 1276 387 1282 '

600 1354 643 1389 A.

152 1458 200 1483 ⁴1.
233 1446 262 1482 A
274 1443 483 1486 εύκιππος
500 1446 517 1482 ὃ
534 1443 705 1490 Ἐλεάτης
722 1443 836 1495 ἔλεγεν
856 1444 982 1496 ἄπειρα
999 1438 1085 1482 εἶναι
1101 1444 1145 1483 τὰ

103 1500 237 1550 πάντα,
253 1501 313 1540 καὶ
334 1502 380 1545 εἷς
401 1501 537 1549 ἄλληλα
564 1501 814 1551 μεταὸάλλειν·
835 1502 873 1540 τό
898 1518 935 1540 τε
962 1508 1031 1540 πᾶν
1059 1496 1145 1541 εἶναι

100 1561 213 1607 κενὸν,
234 1561 293 1598 καὶ
314 1562 444 1613 πλῆρες
462 1560 647 1611 σωμάτων·
665 1559 743 1604 τούς
759 1576 796 1598 τε
812 1560 963 1611 κόσμους
975 1561 1144 1612 γίνεσθαι,

100 1619 273 1669 σωμάτων
291 1620 337 1662 εἷς
364 1619 402 1656 τὸ
423 1619 519 1657 κενὸν
546 1619 786 1670 ἐμπιπτόντων
803 1619 862 1658 καὶ
877 1619 1039 1666 ἀλλήλοις
1053 1635 1146 1672 περι-

87 1678 337 1728 πλεκομένων.
361 1675 431 1716 ’Έκ
454 1694 491 1716 τε
515 1681 575 1725 τῆς
592 1677 758 1724 κινήσεως
779 1677 869 1716 κατὰ
889 1678 1028 1725 αὔξησιν
1049 1678 1144 1730 γίνε-

99 1739 179 1773 σθαι
198 1735 261 1783 τὴν
280 1738 347 1773 τῶν
370 1735 523 1788 ἀστέρων
541 1734 653 1787 φύσιν.
674 1735 852 1788 Φέρεσθαι
868 1735 903 1773 δὲ
922 1735 979 1774 τὸν
997 1735 1093 1782 ἥλιον
1110 1738 1143 1774 ἐν

101 1792 228 1842 μείζονι
258 1793 378 1845 κύκλῳ
407 1792 505 1845 παρὰ
529 1793 592 1839 τὴν
622 1793 783 1840 σελήνην·
809 1792 872 1839 τὴν
892 1808 957 1843 γην
987 1794 1144 1845 ὄχεισθαι

97 1851 181 1903 περὶ
197 1851 235 1889 τὸ
251 1851 354 1901 μέσσον
370 1851 583 1902 δινουμένην
594 1851 718 1903 σχημά
731 1867 767 1889 τε
781 1853 886 1898 αὖτης
897 1852 1144 1901 τυμπανοειδὲς

99 1915 201 1949 εἶναι.
226 1910 370 1961 Πρωτός
388 1926 425 1948 τε
446 1910 595 1960 ἀτόμους
615 1909 725 1962 ἀρχὰς
748 1910 981 1957 ὑπεστήσατο.
1004 1910 1055 1949 Τὸ
1075 1926 1143 1948 παν

100 1969 240 2020 ἄπειρόν
272 1984 374 2021 φησι,
394 1967 517 2007 τούτου
545 1968 581 2006 δὲ
606 1968 644 2006 τὸ
674 1984 715 2018 με
704 1983 736 2005 -ν
765 1970 895 2020 πλῆρες
921 1972 1025 2016 εἰναι,
1045 1968 1084 2006 τὸ
1108 1969 1144 2007 δὲ

98 2027 208 2064 κενόν
240 2026 313 2065 Και
345 2026 501 2078 στοιχεῖά
524 2041 608 2079 φησι
638 2025 789 2076 κόσμους
822 2042 859 2064 τε
891 2027 958 2078 [ἐκ
989 2026 1143 2078 τούτων]

99 2085 258 2138 ἀπείρους
278 2079 384 2132 εἶναι,
409 2084 469 2123 καὶ
490 2084 688 2122 διαλύεσθαι
707 2086 754 2128 εἷς
779 2087 903 2125 ταῦτα.
926 2085 1086 2124 Γίνεσθαι
1107 2085 1142 2123 δὲ

97 2143 175 2187 τοὺς
195 2144 346 2194 κόσμους
365 2142 488 2186 οὕτως·
507 2143 671 2196 φέρεσθαι
693 2143 770 2181 κατ’
800 2143 981 2194 ἀποτομὴν
1013 2145 1053 2181 ἐκ
1083 2147 1144 2190 τῆς

99 2202 242 2255 ἀπείρου
256 2201 370 2240 πολλὰ
388 2201 537 2253 σώματα
553 2207 701 2240 παντοῖα
717 2202 787 2246 τοῖς
798 2202 976 2254 σχήμασιν
991 2204 1037 2246 εἷς
1053 2202 1144 2254 μέγα

98 2260 210 2310 κενὸν,
242 2261 330 2312 ἅπερ
367 2260 590 2312 ἀθροισθέντα
624 2260 706 2310 μίαν
739 2261 992 2312 ἀπεργάζεσθαι
1033 2261 1142 2313 δίνην,

97 2315 175 2351 καθ’
207 2313 250 2360 ἣν
279 2313 539 2365 προσκρούοντα
577 2313 637 2351 καὶ
665 2315 897 2357 παντοδαπῶς
924 2313 1142 2364 κυκλούμενα

99 2371 330 2423 διακρίνεσθαι
349 2370 454 2422 χωρὶς
470 2370 512 2408 τὰ
529 2371 631 2421 ὅμοια
651 2370 736 2424 πρὸς
752 2371 796 2409 τὰ
813 2369 915 2422 ὅμοια
926 2387 933 2395 ·
947 2371 1142 2424 ἰσορρόπων

99 2428 135 2466 δὲ
154 2429 210 2466 διὰ
228 2428 267 2466 τὸ
294 2430 423 2475 πλῆθος
449 2429 572 2478 μηκέτι
594 2429 792 2479 δυναμένων
812 2429 1079 2482 περιφέρεσθαι,
1099 2430 1142 2468 τὰ

99 2488 161 2538 μὲν
182 2487 294 2526 λεπτὰ
309 2488 435 2540 χωρεῖν
454 2490 501 2531 εἷς
516 2487 554 2526 τὸ
575 2487 639 2532 ἔξω
656 2487 765 2535 κενὸν,
784 2487 902 2540 ὥσπερ
922 2489 1141 2539 διαττόμενα·

96 2546 141 2583 τὰ
158 2544 193 2584 δε
211 2545 318 2584 λοιπὰ
343 2545 541 2596 συμμένειν,
566 2545 626 2584 καὶ
651 2546 933 2598 περιπλεκόμενα
961 2562 1141 2598 συγκατα-

96 2605 230 2657 τρέγειν
249 2604 430 2652 ἀλλήλοις,
450 2621 510 2643 και
527 2610 636 2643 ποιεῖν
654 2605 790 2656 πρῶτόν
807 2620 840 2642 τι
861 2604 1024 2655 σύστηαα
1042 2621 1141 2659 σφαι-

98 2663 232 2734 ροειδές.
252 2664 398 2702 Τουτο
380 2678 414 2701 οε
404 2662 524 2701 οἱον
512 2663 621 2711 υμένα
640 2663 845 2716 ὑρίστασθαι
854 2679 976 2715 ,περιε
980 2679 1086 2715 χοντα
1107 2666 1139 2701 ἐν

98 2724 210 2774 ἑαυτῳ
230 2727 380 2760 παντοῖα
397 2721 564 2771 σώματα,
585 2725 631 2760 ὧν
650 2720 740 2760 κατὰ
758 2720 819 2768 τὴν
835 2724 894 2759 τοῦ
916 2721 1021 2771 μέσου
1042 2722 1140 2760 ἀντέ-

98 2795 203 2831 ρεισιν
243 2780 549 2832 περιδινουμένων,
585 2780 710 2819 λεπτὸν
750 2779 902 2831 γίνεσθαι
945 2796 1002 2817 τον
1043 2779 1140 2832 πέριξ

97 2837 226 2889 ὑμένα,
247 2837 458 2911 συρρεόντων
481 2838 534 2877 ἃεὶ
563 2841 631 2876 τῶν
662 2840 815 2890 συνεχῶν
846 2838 924 2876 κατ’
953 2838 1139 2892 ἐπίψαυσιν

95 2912 157 2942 της
174 2896 279 2944 δίνης.
305 2897 375 2935 Καὶ
405 2896 496 2934 οὕτω
515 2896 674 2948 γενέσθαι
697 2913 758 2943 την
788 2912 864 2947 γην,
894 2896 1138 2946 συμμενόντων

95 2971 163 2992 των
184 2955 388 3014 ἐνεχθέντων
409 2955 465 2993 ἐπὶ
481 2955 519 2993 τὸ
539 2955 660 3004 μέσον.
681 2955 794 2994 Αὐτόν
819 2970 855 2992 τε
873 2956 978 2992 πάλιν
999 2954 1056 2991 τὸν
1078 2971 1140 2992 πε-

97 3012 257 3065 ριέχοντα
277 3017 345 3051 οἷον
373 3013 482 3082 υμένα
509 3012 688 3061 αὔξεσθαι,
712 3013 802 3051 κατὰ
831 3012 891 3059 τὴν
917 3011 1139 3064 ἐπικράτησιν

97 3071 305 3124 (ἐπέκρυσιν
324 3072 405 3121 D.)
429 3087 495 3109 των
518 3071 640 3116 ἔξωθεν
669 3072 854 3122 σωμάτων·
881 3070 952 3121 δίνῃ
981 3085 1018 3108 τε
1038 3070 1138 3123 φερό-

97 3145 199 3179 μενον
232 3129 336 3168 αὐτὸν
376 3124 422 3167 ὧν
461 3129 501 3167 ἂν
535 3129 709 3183 ἐπιψαύσῃ
723 3160 732 3176 ,
760 3133 871 3167 ταῦτα
912 3112 1135 3167 ἐπικτᾶσθαι’

95 3187 274 3227 Τδούτων
256 3186 292 3224 οέ
309 3203 384 3225 τινα
406 3187 614 3236 συμπλεκόυ
619 3203 676 3225 ενα
696 3193 805 3225 ποιεῖν
824 3187 1006 3235 σύστημα,
1022 3186 1060 3224 τὸ
1075 3203 1116 3236 υε
1121 3203 1137 3224 ν

95 3249 231 3298 πρῶτον
248 3244 438 3319 κάθυγρον
438 3261 498 3283 και
517 3247 656 3291 πηλωδε
644 3262 693 3316 ς,
711 3244 917 3295 ξηρανθέντα
940 3244 1054 3282 δὲκαὶ
1074 3261 1134 3282 πε-

99 3304 302 3358 ριρερόμενα
317 3320 378 3342 συν
396 3320 438 3356 τῃ
457 3319 516 3342 του
535 3303 648 3341 όλου
631 3303 724 3355 οίνῃ,
737 3307 799 3341 εἰτ’
816 3302 1055 3375 ἐκπυρωθεντα
1073 3303 1134 3349 τὴν

96 3367 162 3402 τῶν
182 3363 315 3415 ἄστρων
334 3359 480 3403 ἆποτελέ
466 3378 540 3401 εσαι
562 3362 677 3414 φύσιν.
706 3356 805 3400 Εἶναι
827 3360 860 3399 δε
878 3353 934 3399 τὸν
952 3364 1011 3400 τοῦ
1036 3361 1134 3408 ἡλίου

935 205 1174 246 HESYCHII
1204 206 1395 246 MILESIl

1202 298 1288 330 rium
1301 299 1422 339 coetum
1434 301 1586 341 pecunia,
1606 309 1704 342 quam
1718 301 1826 335 labore
1843 302 2001 344 coegerat,
2021 314 2036 330 «
2051 302 2240 342 Cleanthes,

1203 356 1324 397 inquit,
1353 357 1380 390 si
1395 357 1487 397 velit,
1515 358 1612 391 etiam
1639 360 1732 392 alteri
1748 360 1895 394 Cleanthi
1916 361 2039 392 victum
2062 361 2244 394 ministrare

1204 416 1319 455 queat,
1344 423 1445 456 quum
1459 416 1504 456 hi,
1521 417 1638 457 quibus
1657 417 1786 451 abunde
1799 420 1848 451 est
1868 418 1954 451 unde
1967 419 2104 458 alantur,
2121 418 2162 450 ab
2174 418 2246 450 aliis

1204 472 1357 505 adversus
1377 474 1453 506 vitae
1474 475 1650 507 necessaria
1666 477 1836 517 expetant,
1849 477 1996 518 quamvis
2016 477 2146 509 remisse
2169 476 2244 517 phi-

1198 524 1417 571 losophantes.
1430 544 1446 560 ι»
1460 534 1569 570 Quum
1578 534 1708 574 quidam
1720 535 1869 575 dixisset,
1880 536 2074 568 Arcesilaum
2088 535 2128 567 ah
2140 534 2245 571 officio

1204 588 1385 630 discedere,
1410 591 1595 631 respondit:
1617 603 1634 620 «ι
1655 591 1770 624 Desine
1794 592 1982 624 maledicere
1999 605 2007 624 ε
2025 591 2084 624 etsi
2105 600 2246 634 namque

1205 647 1316 678 contra
1328 647 1471 680 officium
1484 648 1637 689 loquitur,
1650 658 1686 682 re
1697 650 1805 682 tamen
1818 650 1886 691 ipsa
1897 650 1975 682 illud
1988 651 2120 684 stabilit.
2134 664 2149 680 u
2160 653 2245 684 'rum

1206 705 1362 737 Arcesilas
1378 717 1385 737 :
1406 719 1422 734 α
1439 706 1682 748 Adulationem,
1701 707 1823 749 inquit,
1843 717 1908 740 non
1923 708 2052 750 recipio.
2068 722 2084 738 ιι
2104 709 2248 750 subjecit

1205 763 1374 797 Cleanthes
1389 777 1396 798 z
1412 777 1429 793 «
1444 765 1572 799 Scilicet
1587 767 1700 799 adulor
1714 767 1792 808 tibi,
1809 767 1866 808 qui
1878 767 1966 799 aliud
1985 768 2072 809 loqui
2089 770 2140 808 te,
2157 769 2244 802 aliud

1205 822 1356 861 praestare
1368 822 1445 856 dixi.
1462 836 1478 852 ι»
1491 824 1700 865 Interroganti
1717 825 1842 857 cuidam
1851 849 1861 865 ‚
1878 825 1956 866 quid
1967 826 2167 866 potissimum
2180 826 2246 861 fluo

1204 879 1378 914 inculcaret
1394 882 1492 924 atque
1514 884 1718 925 praeciperet,
1737 884 1817 917 illud
1831 884 1934 926 inquit
1953 885 2108 918 Electrae:

1275 966 1332 998 sile
1341 988 1349 1003 ,
1362 967 1430 1004 sile,
1445 969 1535 998 tenue
1547 968 1737 1006 vestigium...

1205 1043 1385 1077 Sositheum
1398 1045 1525 1085 poetam
1537 1046 1719 1079 convicium
1732 1047 1790 1087 ipsi
1803 1047 1999 1088 ingerentem
2012 1048 2047 1080 et
2060 1047 2246 1088 poenitentia

1205 1102 1340 1135 ductum
1368 1104 1489 1144 recepit
1513 1104 1544 1136 in
1560 1105 1711 1145 gratiam,
1735 1105 1885 1138 dictitans
1907 1106 2082 1138 absurdum
2098 1107 2184 1146 fore,
2201 1106 2246 1147 si,

1206 1170 1307 1201 quum
1320 1161 1414 1194 Liber
1429 1163 1519 1202 pater
1541 1163 1573 1194 et
1588 1164 1743 1196 Hercules
1755 1172 1773 1195 a
1792 1165 1894 1205 poetis
1909 1164 2047 1197 ludibrio
2071 1164 2171 1199 babiti
2183 1173 2247 1198 non

1206 1219 1442 1260 incandescant,
1458 1220 1525 1261 ipse
1536 1221 1579 1253 ob
1599 1221 1703 1254 levem
1718 1222 1874 1255 offensam
1896 1224 1929 1255 et
1943 1223 2150 1256 maledictum
2173 1231 2247 1256 suc-

1205 1278 1369 1318 censeret(
1383 1281 1425 1312 D.
1443 1281 1516 1320 Vll,
1537 1283 1607 1313 168.
1626 1283 1765 1314 170-173
1779 1280 1802 1320 ).

1705 1363 1747 1397 L.

1247 1453 1298 1483 41.
1314 1452 1503 1493 Leucippus
1518 1452 1641 1485 Eleates
1652 1452 1795 1493 dicebat,
1807 1454 1926 1486 cuncta
1938 1462 2007 1486 esse
2021 1453 2158 1494 infinita,
2171 1455 2204 1488 et
2217 1455 2249 1487 ln

1204 1518 1238 1543 se
1251 1510 1317 1551 ipsa
1344 1511 1485 1544 invicem
1503 1513 1695 1545 commutari
1721 1522 1730 1544 :
1755 1513 1832 1545 item
1855 1513 2040 1546 universum
2065 1514 2160 1547 inane
2182 1523 2250 1547 oese

1205 1574 1398 1614 plenumque
1429 1574 1627 1615 corporibus.
1663 1575 1863 1616 Mundosque
1887 1575 1957 1607 fieri
1993 1576 2181 1617 corporibus
2217 1576 2250 1609 in

1206 1634 1266 1666 boc
1299 1634 1393 1668 inane
1420 1635 1635 1668 incidentibus
1656 1637 1688 1668 ct
1712 1636 1849 1668 invicem
1872 1636 2060 1677 implicatis,
2084 1641 2181 1678 atque
2209 1646 2248 1670 ex

1204 1696 1296 1728 motu
1326 1696 1505 1728 secundum
1535 1696 1664 1728 illorum
1697 1696 1893 1729 incrementa
1924 1700 2073 1730 naturam
2109 1698 2249 1730 siderum

1205 1757 1283 1789 tieri.
1302 1758 1408 1790 Solem
1426 1757 1521 1798 juxta
1534 1758 1643 1789 lunam
1664 1757 1818 1798 majorem
1835 1758 1868 1790 in
1880 1759 1991 1791 orbem
2019 1758 2113 1794 ferri:
2130 1760 2248 1791 terram

1203 1819 1278 1851 vehi
1290 1827 1328 1851 ac
1340 1820 1423 1851 circa
1440 1819 1583 1851 medium
1604 1819 1703 1859 verti3
1718 1819 1918 1861 figuramque
1936 1820 2020 1852 illius
2034 1821 2188 1862 tympano
2204 1822 2248 1854 si-

1204 1883 1313 1916 milem
1329 1892 1407 1916 esse.
1424 1884 1549 1917 Primus
1572 1884 1625 1916 liic
1639 1885 1763 1918 atomos
1778 1885 1932 1927 principia
1947 1895 2014 1918 esse
2027 1875 2153 1919 statuit,
2170 1887 2248 1919 Uni-

1205 1955 1332 1978 versum
1345 1946 1476 1987 quidem
1499 1947 1661 1979 inlinitum
1674 1948 1719 1979 ait
1746 1960 1753 1979 :
1774 1947 1870 1988 hujus
1884 1948 2007 1988 partem
2027 1948 2154 1989 plenam
2175 1956 2248 1988 ese,

1204 2011 1326 2052 partem
1347 2011 1486 2043 inanem.
1502 2011 1606 2043 Etiam
1622 2012 1779 2044 elementa
1791 2011 1922 2051 statuit,
1935 2012 2137 2054 mundosque
2151 2022 2191 2047 ex
2203 2015 2250 2047 cis

1203 2072 1344 2104 infinitos
1357 2081 1425 2105 esse
1434 2072 1512 2105 etin
1526 2072 1580 2104 illa
1593 2072 1690 2104 dilabi
1699 2075 1796 2113 atque
1806 2072 1945 2104 dissolvi.
1962 2073 2055 2113 Gigni
2067 2082 2144 2106 vero
2155 2083 2249 2107 mun-

1204 2133 1262 2166 dos
1281 2134 1315 2166 in
1343 2133 1430 2166 hunc
1448 2133 1581 2166 modum
1607 2145 1614 2166 ε
1637 2133 1710 2165 ferri
1735 2142 1790 2174 per
1816 2133 2040 2165 abscissionem
2062 2142 2102 2166 ex
2123 2128 2248 2167 infinito

1204 2196 1306 2228 multa
1319 2203 1455 2237 corpora
1470 2195 1578 2236 figuris
1590 2195 1758 2236 omnigena
1771 2195 1803 2226 in
1816 2204 1967 2235 magnum
1984 2204 2136 2238 vacuum,
2147 2205 2248 2238 eaque

1203 2254 1235 2286 in
1251 2263 1351 2286 unum
1362 2255 1473 2286 coacta
1490 2262 1586 2285 unam
1597 2253 1782 2294 vertiginem
1792 2253 1918 2285 efficere
1928 2277 1938 2294 ,
1951 2253 2043 2293 cujus
2051 2253 2174 2294 impetu
2188 2255 2248 2286 im·

1203 2312 1295 2351 pacta
1305 2311 1471 2352 modisque
1484 2310 1634 2343 omnibus
1646 2311 1882 2343 circumvoluta
1891 2312 1934 2343 ita
1947 2311 2100 2351 discerni,
2111 2313 2148 2344 ut
2157 2321 2247 2345 seor·

1202 2377 1274 2401 sum
1290 2369 1404 2401 similia
1421 2378 1493 2409 quae
1509 2371 1583 2401 sunt
1599 2369 1647 2401 sui
1666 2369 1780 2402 similia
1795 2370 1915 2410 petant.
1940 2371 2094 2402 ceterum
2122 2371 2247 2412 aequili-
2263 2384 2270 2390 ·

1203 2428 1260 2459 bra
1275 2436 1376 2468 quum
1395 2428 1437 2459 ob
1452 2427 1693 2459 multitudinem
1716 2428 1846 2459 minime
1858 2428 1925 2469 jam
1947 2429 2147 2461 circumferri
2175 2438 2246 2469 pos-

1199 2487 1283 2528 sint,
1298 2486 1393 2518 exilia
1407 2486 1538 2527 quidem
1554 2487 1594 2518 ad
1610 2486 1751 2518 exterius
1763 2495 1903 2519 vacuum
1927 2487 2119 2519 contendere
2129 2512 2138 2528 ‚
2154 2489 2246 2528 quasi

1203 2545 1307 2576 cribro
1326 2553 1478 2585 excussa3
1499 2546 1606 2577 cetera
1624 2545 1788 2577 considere
1802 2546 1834 2577 et
1848 2545 1964 2577 innexa
1979 2546 2076 2586 atque
2090 2546 2123 2578 in
2136 2554 2170 2578 se
2183 2546 2245 2578 im-

1198 2601 1320 2647 plicata
1333 2601 1469 2633 invicem
1490 2605 1697 2642 concurrere,
1716 2602 1814 2642 atque
1830 2611 1867 2634 ea
1884 2602 2092 2634 concursione
2103 2602 2244 2643 primum

1201 2659 1363 2701 quandam
1384 2660 1620 2692 concretionem
1646 2660 1772 2692 efficere
1799 2660 1983 2693 rotundam.
2018 2662 2108 2693 Hanc
2133 2663 2243 2694 autem

1207 2720 1307 2751 veluti
1324 2719 1542 2751 membranam
1569 2719 1757 2759 subsistere,
1785 2719 2001 2751 continentem
2025 2719 2059 2752 in
2085 2728 2120 2752 se
2141 2721 2244 2752 omni-

1203 2788 1281 2819 gena
1307 2786 1465 2818 corpora:
1490 2786 1563 2818 quae
1584 2777 1661 2809 dum
1685 2778 1860 2809 secundum
1882 2777 1978 2810 medii
2001 2778 2242 2811 reluctationem

1201 2837 1512 2875 circumvolvuntur,
1529 2837 1659 2868 tenuem
1676 2844 1748 2876 quae
1765 2836 1849 2867 circa
1862 2837 1909 2868 est
1922 2837 2140 2868 membranam
2154 2837 2220 2869 fieri
2230 2862 2239 2877 ,

1201 2895 1433 2927 confluentibus
1455 2901 1580 2935 semper
1598 2894 1784 2934 corporibus
1801 2895 1959 2934 perpetuis
1974 2895 2150 2926 secundum
2167 2904 2239 2927 ver·

1199 2954 1303 2994 tiginis
1315 2955 1470 2986 attactum
1488 2966 1494 2986 ε
1509 2955 1607 2994 atque
1621 2952 1663 2984 ita
1676 2953 1779 2983 ortam
1798 2954 1991 2984 essetcrram
2001 2975 2012 2992 ‚
2032 2961 2239 2986 commanen-

1199 3013 1283 3044 tibus
1296 3021 1369 3052 quae
1382 3011 1479 3044 semel
1494 3011 1527 3043 in
1540 3010 1682 3043 medium
1696 3010 1812 3051 injecta
1826 3012 1926 3042 erant.
1940 3013 2113 3051 Ipsumque
2128 3020 2240 3048 rursus

1199 3071 1414 3103 continentem
1423 3070 1619 3103 membranae
1626 3070 1724 3101 instar
1733 3069 1839 3109 augeri
1849 3069 2025 3101 secundum
2033 3071 2238 3106 externorum

1198 3129 1397 3161 influentiam
1412 3137 1582 3169 corporum
1599 3139 1608 3161 z
1622 3130 1654 3160 et
1666 3136 1766 3167 quum
1779 3127 1934 3167 vertigine
1947 3127 2057 3167 fertur,
2071 3136 2236 3168 quaecum-

1198 3197 1260 3231 que
1276 3187 1414 3228 attigerit
1426 3195 1462 3219 ea
1478 3187 1651 3227 acquirere.
1668 3188 1716 3218 Ex
1731 3185 1779 3217 liis
1792 3185 1940 3226 quaedam
1957 3186 2146 3226 complicata
2158 3195 2235 3219 con-

1197 3248 1369 3279 cretionem
1386 3246 1506 3285 sacere,
1521 3245 1624 3285 primo
1640 3243 1768 3284 quidem
1785 3244 1950 3275 humidam
1973 3252 2011 3275 ac
2029 3244 2167 3284 luteam,
2181 3254 2235 3277 ex·

1195 3307 1310 3340 siccata
1322 3315 1398 3338 vero
1410 3306 1442 3338 et
1454 3305 1646 3337 circumacta
1668 3313 1742 3336 cum
1765 3305 1863 3337 totius
1877 3304 2047 3345 vertigine,
2063 3303 2176 3336 deinde
2190 3304 2234 3336 in·

1195 3372 1288 3398 censa
1304 3362 1335 3395 et
1351 3363 1448 3405 ignita
1464 3363 1602 3396 siderum
1625 3363 1749 3396 efficere
1764 3365 1922 3396 naturam.
1946 3365 2019 3396 Esse
2037 3363 2145 3395 aulem
2158 3360 2233 3394 solis
