2326 3724
113 259 186 291 302

110 324 293 377 σὸύτερον·
319 318 407 371 ἦσαν
428 322 464 362 δὲ
487 324 582 377 αὐτῷ
613 318 707 362 οὗτοι
735 325 797 375 μὲν
819 325 922 363 νόθοι·
945 325 959 376 [
979 324 1046 363 ὁδὲ
1066 325 1148 377 γνή-

111 399 199 430 σιος,
213 397 262 421 sc.
281 381 525 434 Σκαμάνδριος
541 385 560 420 ὃ
576 382 635 421 καὶ
653 382 842 428 Ἀστύαναξ
859 384 873 435 ]
889 385 923 421 ἐν
938 383 1034 436 Ἰλίῳ
1048 399 1150 428 κατε·

109 441 231 494 λείφθη
251 439 311 478 καὶ
328 439 535 480 ἀπόλλυται.
555 444 748 479 Postrema
765 444 856 479 item
870 443 1057 479 laborant.
1077 445 1151 479 Pro

111 499 248 538 Αἰνείου
272 498 308 536 δὲ
336 500 520 536 desideras
547 502 776 537 mentionem
798 501 950 536 alterius
978 501 1152 537 Hectoris

110 559 200 604 filii,
219 560 286 608 qui
305 559 427 595 salvus
443 559 601 595 evasisse
622 559 777 597 dicitur.
796 560 926 596 Fuerit
942 571 951 595 ε
969 556 1153 609 Ὀφρύνιος

113 615 149 652 δὲ
162 614 222 653 καὶ
238 614 403 666 Ἀγχίσης
418 616 436 652 ὁ
448 614 565 667 πατὴρ
579 614 732 663 Αἰνείου,
747 615 807 653 καὶ
821 614 961 658 Αἰνείας
978 614 1038 652 καὶ
1053 614 1152 652 ἄλλοι

110 671 218 721 τινὲς,
234 674 354 716 παῖδες
371 673 527 714 αὐτῶν...
543 674 576 717 ἐς
591 676 634 713 Δ.
651 673 941 724 μεταπίπτονται.
958 674 1014 712 Cf.
1033 674 1152 710 Nico-

110 734 159 768 lai
174 735 284 771 Dam.
302 732 349 771 fr.
370 745 434 781 29,
455 739 537 771 not.

610 835 646 859 2.

163 909 292 946 Schol.
313 909 446 957 Eurip.
476 908 579 946 Med.
606 921 651 957 19
683 905 803 958 τΠερὶ
826 905 861 943 δὲ
889 908 951 952 τῆς
981 903 1152 958 Κρέοντος

110 965 277 1017 θυγατρὸς
290 966 356 1017 οὐχ
375 967 594 1018 ὁμοφωνοῧσι
612 966 661 1017 τῷ
687 963 860 1017 Εὐριπίδῃ
877 965 908 1001 οἱ
925 969 1150 1016 συγγραφεῖς·

112 1024 351 1073 Κλειτόδημος
371 1023 433 1072 μὲν
464 1021 531 1074 γὰρ
552 1021 735 1074 Κρέουσάν
761 1036 846 1074 φησι
865 1022 1067 1070 καλεῖσθαι,
1086 1021 1150 1073 γή-

110 1085 242 1131 μασθαι
273 1081 310 1119 δὲ
340 1081 464 1133 Ξούθῳ
476 1111 485 1127 ,
514 1079 758 1133 Ἀναξικράτης
782 1078 819 1118 δὲ
849 1078 1027 1128 Γλαύκην.
1062 1083 1151 1118 Haec

113 1155 268 1190 quoque
281 1141 534 1190 probabiliter
548 1153 593 1177 ex
610 1141 796 1189 Argolicis
807 1138 1010 1179 fluxerunt.
1022 1162 1073 1168 —
1092 1141 1153 1178 Ad

109 1213 205 1248 opus
220 1199 518 1248 geographiculn
529 1226 539 1244 ,
560 1206 603 1234 ut
615 1199 780 1247 videtur,
795 1199 987 1246 pertinent
1003 1211 1085 1246 quae
1106 1210 1152 1234 ex

108 1260 348 1304 Anaxicrate,
380 1257 527 1294 Seleuci
553 1258 739 1294 Nicatoris
759 1258 894 1305 aequali
910 1254 925 1307 (
940 1259 1018 1293 sive
1038 1258 1068 1293 is
1081 1270 1149 1292 no-

107 1324 182 1353 ster
203 1318 251 1353 sit
263 1344 274 1363 ‚
296 1317 373 1353 sive
390 1317 509 1360 alius)
524 1343 534 1360 ‚
553 1316 656 1364 apud
674 1315 900 1354 Strabonem
918 1316 1147 1352 referuntur.

614 1408 649 1446 3.

161 1496 297 1533 Strabo
320 1496 434 1542 XVI,
466 1508 509 1545 p.
534 1495 609 1542 768
632 1506 642 1533 :
663 1495 735 1533 Τοῦ
763 1492 799 1532 δὲ
829 1492 991 1546 Ἀραδίου
1019 1493 1150 1532 κόλπου

106 1555 146 1593 τὸ
166 1553 263 1606 παρὰ
290 1553 353 1600 τὴν
388 1552 553 1605 Ἀραὸίαν
579 1551 731 1605 πλευρὰν
761 1552 966 1605 ἀρχομένοις
999 1551 1147 1590 ἀπὸτοῦ

107 1612 291 1652 Ἐλανίτου
323 1615 456 1663 μυχοῦ,
486 1610 644 1664 καθάπερ
661 1613 690 1649 οἳ
713 1610 794 1663 περὶ
820 1610 1040 1662 Ἀλέξανδρον
1070 1609 1146 1648 ἀνέ-

106 1673 246 1726 γραψαν
265 1670 325 1708 καὶ
345 1669 591 1722 Ἀναξικράτη,
619 1669 750 1723 μυρίων
777 1669 838 1707 καὶ
857 1669 1146 1721 τετραχισχιλίων

107 1729 255 1768 σταδίων
274 1728 378 1768 ἐστίν·
397 1728 532 1781 εἴρηται
552 1727 588 1766 δὲ
607 1729 663 1766 ἐπὶ
683 1727 802 1767 πλέον.
825 1732 914 1766 Haec
933 1737 970 1766 et
984 1742 1066 1779 quae
1086 1741 1148 1766 se-

108 1796 276 1837 quuntur
289 1788 426 1825 Strabo
447 1800 493 1825 ex
506 1788 755 1823 Eratosthene
775 1787 896 1824 affert.
923 1787 1149 1832 Alexander,

110 1849 175 1895 qui
197 1848 270 1883 hoc
289 1848 375 1883 loco
395 1859 472 1882 una
487 1859 572 1882 cum
593 1847 819 1883 Anaxicrate
835 1846 1031 1892 laudatur,
1052 1846 1151 1882 idem

109 1914 177 1950 est,
199 1918 282 1941 mea
299 1906 499 1949 sententia,
518 1917 631 1952 quem
643 1905 809 1940 AElianus
826 1907 875 1941 H.
890 1906 960 1941 An.
977 1904 1096 1949 Xvu,
1118 1917 1151 1950 1,

108 1965 143 2000 ἐν
161 1962 328 2014 Περίπλῳ
342 1965 403 2008 τῆς
422 1962 592 2013 Ἐρυθρᾶς
611 1960 787 2008 θαλάσσης
817 1962 827 2012 (
843 1975 881 2000 v,
904 1963 1012 2000 Alex.
1032 1962 1152 2010 Poly-

106 2023 193 2057 hist.
218 2022 266 2057 fr.
294 2020 367 2057 135
389 2020 442 2070 a)
465 2022 616 2057 excitat.
638 2021 883 2056 Anaxicrates
901 2033 1016 2065 vere,
1039 2033 1153 2068 quem

108 2081 244 2116 Strabo
262 2081 373 2124 citat,
391 2092 471 2115 non
488 2073 656 2116 diversus
668 2079 781 2115 fuerit
800 2079 848 2115 ab
861 2091 906 2115 eo
920 2107 930 2125 ‚
949 2078 1057 2126 cujus
1073 2091 1152 2115 me-

109 2140 219 2174 minit
235 2140 381 2174 Tzetzes
397 2139 495 2174 Hist.
514 2138 605 2183 VII,
636 2142 707 2183 174
729 2148 738 2174 ε

190 2248 314 2284 Ταύτην
328 2247 381 2285 τῆν
395 2246 581 2287 Ἀντιόχειαν
596 2247 741 2283 Σέλευκος
754 2246 848 2283 κτίζει
862 2246 951 2278 πόλιν

191 2295 246 2326 καὶ
259 2294 352 2329 ἄλλας
369 2293 583 2333 ἑὸδομήκοντα
597 2294 650 2324 καὶ
671 2294 825 2334 τέσσαρας
838 2293 870 2325 δὲ
884 2293 998 2329 πόλεις.

189 2340 267 2376 Τοὺς
283 2339 309 2371 δ’
325 2340 449 2379 ἀμαθῶς
462 2339 615 2379 Ἀντίοχον
631 2339 773 2379 λέγοντας
787 2340 899 2378 ταύτην
915 2340 1039 2380 κτίσαι,

191 2386 325 2422 Ἀτταῖός
336 2396 369 2416 τε
378 2387 431 2417 καὶ
445 2388 603 2427 Περιττᾶς,
620 2385 830 2427 Ἀναξικράτης
840 2386 907 2427 ἅμα

191 2433 346 2472 ἐλέγξουσι
362 2433 542 2472 σαφέστατα
556 2434 607 2464 καὶ
619 2433 749 2469 δείξουσι
762 2434 926 2473 ληροῦντας

192 2480 249 2512 σὺν
271 2480 316 2515 οἷς
332 2479 595 2520 Ἀσκληπιόδωρος
618 2479 651 2510 δὲ
666 2480 787 2516 οἷκετής
803 2479 982 2520 τυγχάνων,

192 2527 244 2563 οὓς
260 2526 330 2558 τότε
349 2527 496 2562 Σέλευκος
511 2528 595 2557 ποιεῖ
607 2525 787 2566 κτισμάτων
806 2525 984 2561 ἐπιστάτας.

111 2603 400 2652 Asclepiodorus
423 2601 678 2651 probabiliter
695 2603 725 2638 is
747 2609 800 2638 est
816 2613 930 2649 quem
955 2602 1074 2659 Syriae
1093 2613 1153 2637 sa·

617 2713 652 2746 2.

151 2770 198 2800 De
215 2767 362 2800 creontis
382 2766 446 2798 filia
463 2775 528 2798 non
543 2767 717 2799 concinunt
731 2775 806 2799 cum
825 2765 975 2807 Euripide
1000 2765 1153 2798 historici.

111 2819 311 2851 Clitodemus
332 2818 417 2850 enim
439 2819 594 2850 Creusam
610 2818 808 2850 nominatam
830 2826 898 2850 esse
919 2818 1016 2857 atque
1044 2817 1154 2849 Xutho

111 2871 253 2912 nupsisse
261 2895 271 2910 ,
287 2871 494 2903 Anaxicrates
505 2879 582 2902 vero
595 2871 739 2903 Glaucen
750 2870 942 2911 appellatam
952 2869 1041 2901 dicit.

152 2986 278 3018 Arabici
294 2986 381 3018 sinus
394 2986 493 3026 latus,
513 2986 598 3027 quod
613 2987 729 3028 proeter
742 2986 891 3019 Arabiam
907 2986 975 3025 est,
991 2985 1033 3017 ab
1050 2984 1156 3017 Elaui-

112 3037 176 3069 tico
201 3045 328 3068 recessu
353 3038 481 3076 sumpto
503 3037 594 3068 initio
615 3038 670 3077 (ut
692 3037 872 3070 Alexander
886 3037 919 3068 et
947 3036 1157 3068 Anaxierates

114 3088 326 3130 seripserunt)
351 3088 608 3129 quattuordecim
629 3089 727 3121 millia
746 3089 922 3122 stadiorum
946 3088 1156 3129 comprehen-

113 3139 161 3172 dit
175 3153 183 3171 :
198 3139 228 3171 id
239 3141 348 3171 autem
362 3139 448 3179 justo
464 3140 602 3180 amplius
615 3140 743 3172 dicitur.

166 3244 259 3284 aas
288 3231 485 3284 leULAE
514 3244 796 3284 OPPIDATIM
826 3222 1103 3284 EXPOSJTAE.

154 3361 296 3393 Vocatur
312 3359 408 3395 etiam
429 3359 542 3392 bellica
559 3360 707 3401 quaedam
731 3361 877 3393 machina
899 3361 1082 3399 sambuca,
1098 3369 1157 3402 op-

115 3411 291 3453 pugnandis
307 3410 440 3443 urbibus
455 3411 629 3444 inserviens
651 3425 657 3444 :
678 3412 770 3452 cujus
792 3413 926 3444 sormam
947 3414 1158 3445 structuram-

750 237 974 278 ANDREAE
1002 238 1356 278 PANORM1TAN1
1370 269 1380 286 ,
1409 238 1642 279 ANDRISCI

1215 335 1361 376 trapam
1387 335 1660 365 commemorat
1685 328 1831 366 Arrian.
1850 329 1944 376 Exp.
1960 328 2021 364 Al.
2045 329 2101 364 111
2114 353 2125 374 ,
2143 326 2182 374 6,
2205 328 2228 365 8
2241 354 2253 374 ,

1211 387 1275 433 IV,
1300 385 1360 432 13,
1379 390 1417 433 4,
1440 393 1513 423 etc.

1634 510 1840 525 duo——

1265 604 1562 642 ANAXILAUS.
1591 605 1686 644 Vide
1715 605 1764 645 fr.
1790 605 2026 642 Anaximenis
2045 606 2085 641 in
2103 604 2245 654 Script.

1211 663 1302 700 Rer.
1320 662 1431 700 Alex.
1451 675 1492 712 p.
1509 663 1574 708 34,
1591 671 1674 703 not.
1697 676 1737 701 α.

1623 786 1840 801 ,κοῦ-

1249 881 1583 941 ANDREAS
1630 883 2225 944 PANORMITANUS.

1431 1017 1678 1056 ΣΙΚΕΛΙΚΑ
1699 1017 1838 1058 ΚΑΤΑ
1867 1018 2042 1057 ΠοΛῙΝ.

1532 1136 1563 1171 Ε
1578 1135 1728 1172 LIBRO
1752 1135 1937 1174 XXXIII.

1271 1245 1468 1282 Athenaeus
1481 1246 1586 1292 XIV,
1601 1258 1642 1295 p.
1660 1246 1751 1292 634,
1765 1248 1820 1283 A:
1840 1245 2012 1284 Καλεῒται
2022 1244 2060 1284 δέ
2069 1260 2103 1284 τι
2114 1243 2175 1284 καὶ
2187 1247 2256 1284 τῶν

1217 1303 1496 1356 πολιορκητικῶν
1514 1303 1668 1356 ὀργάνων
1687 1302 1872 1353 σαμὸύκη,
1892 1298 1930 1342 οὗ
1948 1303 1988 1342 τό
2001 1319 2039 1342 τε
2055 1306 2180 1356 σχῆμα
2193 1303 2254 1343 καὶ

1213 1360 1275 1407 τὴν
1292 1359 1511 1407 κατασκευὴν
1541 1361 1759 1400 ἀποδείκνυσι
1778 1361 1891 1401 Βίτων
1906 1363 1940 1400 ἐν
1957 1364 2007 1415 τῷ
2027 1362 2111 1414 πρὸς
2128 1360 2256 1401 Ἄττα-

1211 1420 1272 1457 λον
1294 1419 1382 1471 Πέρὶ
1398 1419 1567 1471 ὀργάνων.
1590 1420 1660 1459 Καὶ
1677 1420 1835 1472 Ἀνδρέας
1855 1422 1873 1458 ὁ
1902 1420 2129 1470 Πανορμίτης
2151 1421 2185 1459 ἐν
2205 1421 2256 1472 τῷ

1212 1481 1408 1531 τριακοστῷ
1431 1478 1536 1531 τρίτῳ
1564 1481 1633 1517 τῶν
1654 1480 1846 1518 Σικελικῶν
1866 1480 1934 1516 τῶν
1954 1477 2046 1517 κατὰ
2071 1478 2189 1528 πόλιν,
2211 1479 2259 1520 ὡς

1213 1536 1282 1574 ἀπὸ
1307 1536 1373 1575 δύο
1403 1536 1489 1575 ὄνων
1520 1539 1627 1588 (νεῶν
1658 1539 1831 1587 Lipsius)
1854 1536 2064 1589 προσάγοιτο
2087 1541 2158 1581 τοῖς
2188 1538 2256 1574 τῶν

1212 1594 1373 1633 ἐναντίων
1387 1595 1536 1647 τείχεσι·
1550 1595 1731 1633 καλεῖσθαί
1743 1611 1781 1633 τε
1797 1594 2000 1646 σαμὸύκην,
2019 1593 2155 1645 ἐπειδὴ,
2172 1593 2257 1632 ὅταν

1211 1654 1358 1706 ἐξαρθῇ,
1377 1653 1508 1705 γίνεται
1528 1657 1651 1705 σχῆμα
1680 1654 1764 1698 νεὼς
1787 1654 1846 1692 καὶ
1875 1655 2044 1705 κλίμακος
2078 1653 2258 1693 ἑνοποιού-

1213 1728 1327 1763 μενον,
1346 1712 1462 1762 ὅμοιον
1482 1713 1517 1750 δέ
1539 1713 1572 1750 τί
1593 1714 1665 1750 ἐστι
1686 1713 1746 1750 καὶ
1765 1712 1804 1751 τὸ
1817 1715 1878 1759 τῆς
1898 1712 2094 1764 σαμέἷύκης.

1265 1788 1281 1804 α
1297 1772 1352 1809 Cf.
1374 1773 1579 1821 Mongitor.
1596 1773 1694 1810 Bibl.
1711 1773 1785 1810 Sic.
1802 1780 1893 1808 tom.
1910 1774 1928 1808 I
1943 1799 1953 1818 ,
1970 1786 2010 1820 p.
2033 1771 2081 1807 23
2102 1784 2161 1819 sq.
2186 1773 2257 1808 Fa-

1211 1831 1306 1868 bric.
1325 1831 1366 1867 B.
1397 1831 1462 1868 Gr.
1486 1838 1578 1869 tom.
1608 1833 1685 1880 XI,
1713 1844 1754 1880 p.
1777 1831 1840 1867 66.
1873 1847 1889 1864 n
1911 1833 2187 1869 Westermann.
2209 1830 2258 1867 ad

1213 1891 1319 1926 Voss.
1335 1901 1375 1938 p.
1399 1887 1474 1932 384
1486 1916 1497 1935 ,
1512 1888 1575 1927 36.

1669 2004 1810 2015 ——-0—-—

1504 2095 1972 2154 ANDRISCUS.

1614 2212 1858 2252 ΝΑΞΙΑΚΑ.

1527 2325 1557 2360 Ε
1585 2324 1736 2361 LIBRO
1764 2326 1936 2363 PRIMO.

1269 2427 1488 2464 Parthenius
1514 2430 1620 2467 Erot.
1651 2442 1685 2468 c.
1724 2442 1748 2478 9
1779 2440 1789 2467 ἕ
1817 2426 1931 2480 ’Περὶ
1961 2427 2253 2480 Πολυκρίτης.

1215 2482 1260 2522 Ἣ
1285 2484 1419 2536 ἱστορία
1440 2484 1528 2532 αὕτη
1544 2485 1674 2538 ἐλήφθη
1693 2487 1732 2524 ἐκ
1750 2489 1812 2533 τῆς
1837 2486 1870 2524 α’
1889 2486 2088 2538 Ἀνδρίσκου
2109 2486 2255 2531 Ναξια-

1213 2544 1300 2580 κῶν·
1323 2541 1447 2594 γράφει
1462 2543 1542 2595 περὶ
1562 2545 1668 2591 αὐτῆς
1685 2543 1744 2582 καὶ
1767 2543 1992 2597 Θεόφραστος
2014 2545 2050 2582 ἐν
2069 2546 2119 2597 τῷ
2138 2545 2168 2582 δ’
2183 2547 2256 2583 τῶν

1215 2600 1307 2651 Πρὸς
1317 2599 1394 2644 τοὺς
1411 2601 1562 2653 καιρούς.
1586 2601 1676 2640 Καθ’
1692 2601 1729 2640 ὃν
1744 2601 1780 2640 δὲ
1800 2602 1922 2655 χρόνον
1937 2602 1994 2640 ἐπὶ
2014 2602 2166 2647 Ναξίους
2187 2605 2253 2643 Μι-

1216 2718 1279 2749 que
1294 2709 1437 2742 declarat
1459 2711 1553 2742 Biton
1579 2711 1612 2742 in
1631 2711 1711 2743 libro
1731 2714 1777 2744 De
1799 2712 1953 2744 machinis
1970 2712 2011 2744 ad
2035 2713 2188 2745 Attalum.
2217 2715 2258 2746 Et

1216 2759 1356 2792 Andreas
1375 2761 1634 2799 panormitanus,
1660 2762 1755 2793 tertio
1785 2763 1819 2794 et
1847 2763 2009 2803 trigesimo
2033 2763 2115 2795 libro
2138 2765 2258 2797 Rerum

1215 2811 1392 2843 Sicularum
1409 2813 1582 2852 oppidatim
1605 2813 1839 2854 expositarum,
1857 2815 1901 2846 ait
1914 2816 2014 2847 muris
2031 2815 2171 2848 hostium
2187 2825 2258 2848 eam

1215 2862 1377 2894 admoveri
1398 2862 1525 2895 duabus
1548 2864 1668 2896 suculis
1689 2863 1801 2905 isene,
1817 2865 1943 2897 duabus
1967 2866 2102 2898 navibus
2123 2867 2254 2908 imposi—

1218 2913 1318 2954 tam];
1333 2915 1438 2946 vocari
1447 2917 1553 2947 autem
1566 2916 1775 2955 sambucam,
1792 2917 1956 2957 quoniam,
1973 2919 2142 2958 postquam
2153 2921 2260 2951 erecta

1216 2967 1280 3005 est,
1303 2966 1404 2997 forma
1419 2966 1510 2998 navis
1525 2967 1557 2998 et
1575 2967 1668 2998 scalae
1686 2967 1731 3006 in⁸
1742 2976 1844 2999 unum
1869 2970 1982 3008 juncta
1996 2968 2108 3002 similis
2122 2969 2164 3002 sit
2179 2979 2257 3011 quo-

1216 3017 1387 3050 dammodo
1399 3018 1509 3059 figurae
1523 3027 1618 3059 quam
1632 3018 1783 3051 sambuca
1795 3020 1903 3052 refert.

1508 3124 1574 3163 DE
1593 3124 1754 3164 BEBUS
1781 3125 1965 3165 NAxns.

1719 3230 1752 3262 1.

1258 3309 1306 3340 De
1321 3306 1487 3348 Polycrita.
1506 3309 1582 3339 Haec
1595 3307 1725 3340 historia
1742 3308 1929 3349 transcripta
1943 3309 1990 3340 est
2006 3317 2043 3340 ex
2059 3308 2140 3340 libro
2156 3307 2258 3349 primo

1219 3358 1360 3392 Andr-isai
1371 3361 1419 3391 De
1434 3359 1529 3391 rebus
1541 3359 1658 3391 Naxiis.
1674 3359 1818 3391 Meminit
1834 3361 1902 3400 ejus
1917 3361 2012 3392 etiam
2024 3360 2259 3400 Theophrastus

1219 3411 1250 3442 in
1260 3411 1376 3451 quarto
1387 3410 1467 3442 libro
1479 3412 1524 3443 De
1538 3411 1838 3451 opportunitatibus.
1850 3429 1891 3434 —
1908 3414 1981 3449 Quo
1994 3413 2135 3452 tempore
2147 3413 2258 3442 contra
