2372 3704
169 200 245 235 448

220 282 389 330 Subjicio
405 278 705 333 quaelcujusnani
726 282 925 318 Menandri
954 283 1045 328 sint,
1066 283 1209 318 nescio.

675 372 709 404 7.

500 457 624 496 ΠΕΡΙ
655 456 877 496 ΚΥΠΡΟΥ.

219 554 346 600 Etym.
370 553 424 591 M.
442 565 483 601 p.
506 551 580 597 738
598 580 607 597 ,
629 551 672 587 51
703 565 710 587 :
735 549 915 603 Σφήκεια,
934 553 957 596 ἢ
981 549 1121 600 Κύπρος
1147 550 1210 599 (V.

164 611 474 660 Philosthephani
491 611 536 649 fr.
556 623 616 655 10,
634 619 659 647 t.
674 612 743 655 111,
755 624 796 659 p.
809 609 873 659 30)
885 637 892 645 .
910 608 1095 647 Ἐκαλεῖτο
1105 607 1141 645 δὲ
1155 607 1215 646 καὶ

165 669 360 722 Κεραστία,
381 672 427 712 ὡς
445 668 643 720 Μένανδρος
658 669 692 705 ἐν
708 671 758 719 τῷ
776 667 863 719 Περὶ
876 666 1019 719 Κύπρου
1036 665 1143 717 λέγει,
1158 666 1214 703 διὰ

161 729 202 767 τὸ
210 731 387 775 ἐνοικῆσαι
399 729 486 779 αὐτῇ
507 726 633 780 ἄνδρας
646 756 656 773 ,
676 726 708 764 οἳ
724 720 817 778 εἶχον
828 726 969 777 κέρατα·
983 728 1027 768 ὡς
1048 724 1083 762 δὲ
1098 726 1213 762 Ξενα-

163 787 267 840 γόρας
287 789 321 825 ἐν
341 782 390 839 τῷ
410 786 498 838 Περὶ
519 786 653 833 νήσων,
671 784 727 822 διὰ
748 784 787 821 τὸ
809 783 899 836 ἔχειν
920 783 1053 826 πολλὰς
1076 782 1214 835 ἐνοχὰς,

161 844 202 888 ἃς
229 845 360 896 κέρατα
407 845 578 889 καλοῦσι,
619 843 798 894 Κεραστία
829 841 1034 892 ὠνομάσθη.
1071 843 1213 878 Eadem

161 907 309 941 Tzetzes
323 904 372 940 ad
391 906 483 951 Lyc.
513 909 586 949 447
601 930 611 948 ‚
634 904 700 938 ubi
717 904 763 944 ὡς
794 900 996 953 Μένανδρος
1021 914 1041 937 0
1061 901 1213 937 duobus

162 964 278 1001 codd.-
307 963 479 1010 reposuit
494 963 644 998 Miiller.
660 974 734 1010 pro
759 955 819 1009 vg.
842 961 888 1002 ὡς
909 958 970 1009 μὲν
991 958 1208 1011 Ἀνδροκλῆς.

160 1027 234 1070 Ap.
269 1022 399 1070 steph.
427 1021 470 1059 B.
498 1034 534 1059 v,
578 1018 707 1071 Χυτροί
728 1020 775 1056 de
807 1019 939 1056 eadem
972 1031 1013 1055 re
1037 1019 1214 1054 laudatur

132 1102 135 1103 ν
159 1078 378 1130 Ἀλέξανδρος
395 1077 482 1130 Περὶ
499 1079 561 1120 K..
580 1079 686 1126 quod
705 1079 795 1114 item
810 1079 850 1114 in
868 1075 1072 1128 Μένανδρος
1092 1078 1213 1113 corri-

159 1139 326 1188 gendum
340 1146 394 1174 est
407 1145 585 1173 monente
605 1138 795 1173 Meinekio
815 1139 871 1173 De
891 1138 993 1172 Men.
1014 1149 1054 1184 p.
1075 1148 1209 1172 xxxlx.

651 1224 722 1275 [8.]

211 1310 356 1345 Zenob.
373 1310 441 1357 IV,
459 1308 505 1344 32
526 1321 534 1345 :
552 1309 724 1358 Θρᾷκες
750 1304 879 1357 ὅρκια
907 1305 981 1342 οὐκ
1008 1303 1210 1342 ἐπίσταν-

158 1367 256 1418 ται]
273 1365 418 1413 Ταύτης
431 1365 607 1416 μέμνηται
626 1362 828 1416 Μένανδρος
843 1364 878 1401 ἐν
896 1366 938 1416 τῇ
950 1363 1088 1415 πρώτῃ.
1106 1361 1210 1413 Λέγει

158 1424 239 1478 γὰρ,
255 1424 308 1462 ὅτι
333 1426 367 1462 ἐν
385 1423 495 1476 ταύτῃ
515 1426 558 1476 τῇ
579 1425 624 1474 γῇ
646 1424 664 1460 ὃ
689 1421 928 1474 πρεσὸύτατος
946 1423 956 1472 (
973 1420 1143 1472 πρεσὸεύς
1159 1436 1210 1465 τις

160 1498 261 1522 corr.
292 1498 330 1523 V.
357 1485 420 1529 d.)
451 1481 664 1525 ἀκοντισθεὶς
685 1480 743 1519 διὰ
769 1484 830 1519 τοῦ
860 1480 1006 1527 στήθους
1030 1478 1206 1518 ἀπώλετο.

160 1542 235 1582 Καὶ
267 1544 422 1580 ἐντεῦθεν
443 1540 545 1580 Ἴωσι
575 1540 635 1579 καὶ
665 1541 861 1579 Αἶωλεῧσιν
894 1538 1041 1590 αἴνιγμα
1069 1538 1207 1590 γέγονε,

158 1603 297 1654 Θρᾷκες
305 1600 405 1653 ὅρκια
417 1600 478 1638 οὐκ
489 1599 707 1639 ἐπίστανται.
718 1602 764 1638 V.
777 1599 977 1636 Menandri
992 1601 1095 1635 Prot.
1110 1598 1153 1635 fr.

663 1690 700 1726 9.

211 1769 338 1805 Schol.
361 1768 488 1816 Apoll.
511 1767 640 1803 Rhod.
657 1767 690 1814 1,
713 1766 811 1802 1126
827 1765 875 1801 ad
894 1765 1010 1800 verba
1026 1776 1034 1801 ;
1055 1762 1207 1814 Μητέρα

156 1825 348 1876 Δινδυμίην
374 1823 610 1863 πολυπότνιαν
629 1823 875 1875 ἀγκαλέοντες,
896 1820 1076 1861 Ἐνναέτιν
1102 1822 1206 1873 Φρυ-

155 1885 250 1937 γίης,
268 1883 391 1931 Τιτίην
413 1886 443 1921 θ’
472 1881 549 1934 ἅμα
570 1881 765 1928 Κύλληνόνμ
781 1896 839 1928 τε,
857 1879 905 1919 Οἳ
925 1883 1044 1930 μοῦνοι
1070 1879 1206 1918 πολέων

157 1943 360 1995 μοιρηγέται
379 1941 441 1989 ἠδὲ
462 1941 630 1994 πάρεδροι
651 1939 811 1992 Μητέρος
828 1938 961 1986 Ἰδαίης
987 1938 1206 1990 κεκλήαται,

155 2002 253 2040 ὅσσοι
270 2001 366 2040 ἔασιν
387 2000 562 2040 Δάκτυλοι
580 1999 703 2038 Ἰδαῖοι
725 1996 922 2051 Κρηταιέες
941 1997 955 2048 ]
975 1998 1054 2035 Τῶν
1067 1995 1205 2034 Ἰδαίων

156 2060 336 2100 δακτύλων
373 2058 597 2110 καλουμένων
633 2057 791 2111 πρώτους
817 2055 921 2109 φησὶν
956 2057 967 2108 (
987 2070 1039 2093 50.
1078 2054 1201 2094 Τιτίαν

154 2121 215 2158 καὶ
253 2119 465 2169 Κύλληνον)
497 2113 584 2155 εἶναι
608 2117 668 2155 καὶ
696 2115 890 2168 παρέδρους
921 2116 965 2166 τῇ
998 2112 1105 2164 μητρὶ
1135 2115 1204 2151 τῶν

155 2181 239 2216 θεῶν
254 2208 265 2229 ,
287 2179 484 2216 ἀκολουθῶν
511 2174 704 2227 Μενάνδρῳ
721 2174 856 2225 λέγοντι
883 2171 1099 2219 Μιλησίους,
1120 2170 1204 2209 ὅταν

155 2237 261 2274 θύωσι
275 2240 320 2289 τῇ
335 2235 420 2287 Ῥέᾳ
430 2265 440 2283 ,
452 2233 613 2287 προθύειν
626 2232 731 2285 Τιτίᾳ
751 2232 812 2271 καὶ
827 2230 1014 2283 Κυλλήνῳ.
1030 2233 1205 2279 Sequun-

155 2305 216 2333 tur
245 2297 460 2333 testimonia
488 2295 692 2332 Callistrati
713 2300 752 2329 et
771 2291 1047 2336 Promaffiidae,
1071 2291 1137 2338 qui
1157 2290 1205 2326 de

154 2358 339 2393 Heraclea
354 2357 601 2404 scripserunt.
622 2356 748 2401 Quare
773 2351 979 2388 Menander
995 2349 1110 2397 hujus
1128 2350 1205 2386 loci

154 2416 330 2452 videatur
344 2427 420 2451 esse
431 2415 665 2458 Heracleota,
686 2411 793 2458 cujus
807 2411 950 2447 mentio
964 2409 1007 2445 fit
1024 2421 1086 2458 ap.
1105 2410 1202 2445 Plin.

155 2475 234 2511 ind.
255 2482 353 2511 auct.
381 2473 449 2510 lib.
472 2473 580 2517 VIII,
601 2472 660 2507 XI
675 2498 685 2516 ,
716 2477 750 2507 et
767 2482 829 2518 ap.
852 2472 962 2507 Auct.
981 2469 1047 2504 lat.
1070 2469 1141 2503 Rei
1158 2469 1204 2505 R.

154 2547 194 2583 p.
219 2533 281 2578 54.
303 2531 515 2568 Meinekius
538 2531 599 2566 hic
630 2541 786 2577 quoque
810 2525 999 2578 Μελανθίῳ
1018 2526 1202 2573 conjecit,

156 2593 287 2640 fragm.
310 2592 410 2627 Men.
434 2590 508 2625 inc.
540 2593 611 2632 441
628 2616 638 2634 ‚
669 2601 708 2636 p.
737 2587 827 2635 319.
850 2606 903 2614 —
929 2585 1118 2633 Equidem
1146 2598 1205 2621 re-

154 2660 292 2702 putans
316 2662 527 2688 sermonem
550 2661 627 2686 esse
649 2650 687 2684 h.
718 2649 745 2690 l,
775 2648 821 2684 de
834 2647 1077 2683 'Milesiorum
1101 2647 1207 2682 insti-

156 2719 263 2757 tuto,
299 2711 470 2759 suspicor
498 2722 570 2758 pro
604 2706 808 2758 Μένανδρον
837 2705 1098 2754 reponendum
1127 2717 1206 2740 esse

155 2769 395 2820 Μαιάνδριον,
410 2780 523 2817 quem
540 2770 596 2803 De
610 2767 740 2803 Mileto
751 2766 941 2813 scripsisse
951 2771 988 2800 et
1000 2763 1205 2812 Apollonio

995 191 1253 232 MENECLIS
1285 192 1489 232 BARCAE!

1276 284 1533 319 Eratosthenis
1548 284 1752 332 discipulus
1765 296 1838 319 una
1855 297 1940 320 cum
1959 286 2124 333 Mnasea,
2138 297 2197 334 ap.
2215 286 2319 324 Suid.

1275 355 1313 376 v.
1336 339 1601 392 Ἐρατοσθένης.
1624 344 1724 380 Men.
1743 344 1829 378 Istri
1854 351 1972 391 pater,
1993 344 2100 382 Suid.
2120 357 2158 381 V.
2185 340 2322 395 Ἴστρος

1280 399 1343 448 (V.
1372 408 1465 436 tom.
1496 402 1528 445 Ι,
1561 414 1601 449 p.
1629 398 1791 450 Lxxxv).
1817 402 2066 437 Menandrum
2087 403 2322 439 Prienensem

1276 466 1462 495 memorat
1480 460 1575 494 Plin.
1599 459 1677 498 ind.
1700 467 1800 495 auct.
1821 460 1888 495 lib.
1917 462 2000 505 VII,
2027 461 2101 504 IX,
2129 468 2232 498 auct.
2254 462 2321 500 lat.

1276 517 1332 551 De
1348 516 1395 552 R.
1417 518 1462 552 R.
1479 529 1518 564 p.
1539 516 1607 564 54,
1624 518 1708 559 164.
1726 517 1977 553 Menandrum
1991 519 2056 566 qui
2073 519 2222 567 scripsit
2236 518 2322 560 Βιό-

1275 587 1413 624 χρηστα
1447 575 1548 610 idem
1574 576 1689 612 habet
1716 577 1812 612 Plin.
1843 576 1925 613 ind.
1961 577 2028 612 lib.
2074 578 2192 622 XIX,
2223 579 2324 626 XX,

1275 633 1369 669 XXI
1383 660 1393 677 ,
1420 634 1566 670 XXVII
1598 632 1645 682 (s.
1675 633 1847 669 medicus
1863 660 1873 678 ‚
1905 634 1952 669 de
1993 647 2070 682 quo
2105 635 2240 671 Suidas
2282 649 2320 672 v.

1276 688 1416 740 Λέσχης
1429 693 1458 739 );
1473 698 1511 726 et
1523 692 1774 728 Menandrum
1789 693 1856 740 qui
1875 693 1932 727 De
1943 696 2112 742 loreum,
2125 693 2226 730 idem
2242 694 2324 733 ind.

1282 750 1347 787 lib.
1359 749 1508 789 XXIII.

1690 879 1907 894 rw

1394 991 1545 1048 ΜΕΝ
1554 990 1782 1049 ECLES
1820 989 2190 1050 BARCAEUS.

1326 1132 1510 1166 Menecles
1534 1131 1706 1181 Βαρκαῖος
1737 1128 1955 1182 συγγραφεὺς
1982 1132 2194 1180 appellatur
2219 1133 2325 1181 apud

1273 1190 1496 1225 Athenaeum
1522 1203 1562 1239 p.
1588 1189 1675 1234 184,
1697 1191 1725 1225 B
1751 1189 1818 1238 (fr.
1842 1190 1911 1239 9),
1934 1202 1980 1226 ex
2005 1202 2082 1238 quo
2102 1190 2190 1226 loco
2215 1191 2327 1228 simul

1273 1248 1480 1297 conjeceris
1503 1256 1697 1285 auctorem
1726 1249 1862 1284 vixisse
1895 1248 1964 1284 sub
1989 1249 2193 1285 Ptolemaeo
2221 1250 2326 1298 Phy-

1271 1320 1386 1344 scone
1407 1308 1442 1357 (1
1453 1307 1544 1350 46-1
1556 1307 1620 1356 18)
1637 1308 1697 1343 vel
1714 1308 1828 1343 etiam
1840 1314 1988 1356 postea.
2009 1307 2167 1356 Scripsit
2183 1308 2326 1356 Libyca

1271 1364 1284 1416 ζ
1294 1366 1340 1402 fr.
1381 1379 1414 1403 1.
1447 1365 1508 1415 2).
1538 1366 1597 1403 Ad
1620 1366 1783 1402 eundem
1811 1366 1871 1402 vel
1898 1366 1947 1402 ad
1974 1367 2090 1402 alium
2119 1367 2326 1403 Meneclem

1269 1427 1461 1474 pertinent
1476 1437 1593 1474 opera
1608 1422 1805 1474 Συναγωγή
1821 1432 1858 1460 et
1872 1425 1901 1462 Γ
1902 1421 2127 1473 λωσσόκομον
2142 1425 2325 1473 inscripta

1273 1483 1337 1534 (fr.
1365 1485 1404 1532 7)
1423 1492 1459 1520 et
1476 1484 1633 1519 fortasse
1659 1484 1747 1530 alia,
1764 1495 1930 1531 quorum
1945 1484 2076 1519 titulos
2088 1484 2322 1532 ignoramus.

1270 1545 1453 1579 Praeterea
1481 1543 1715 1578 Athenarum
1748 1542 1853 1577 urbis
1878 1542 2081 1590 periegesis
2111 1541 2325 1589 antiquaria

1270 1602 1461 1646 laudatur,
1491 1602 1544 1636 ita
1571 1608 1714 1646 tamen,
1756 1607 1798 1636 ut
1840 1601 1905 1647 qui
1935 1607 2072 1635 auctor
2105 1599 2183 1647 ejus
2211 1599 2326 1636 fuerit

1269 1661 1371 1714 haud
1403 1661 1560 1708 liqueat.
1601 1660 1747 1696 Citatur
1781 1659 1882 1694 enim
1918 1657 2102 1703 Μενεκλῆς
2130 1655 2153 1703 ἢ
2185 1657 2321 1696 Καλλι·

1269 1716 1399 1768 κράτης
1419 1718 1482 1768 (fr.
1506 1716 1542 1756 5.
1567 1716 1611 1766 6)
1632 1718 1693 1753 vel
1717 1713 1966 1766 Καλλικράτης
1993 1715 2036 1765 (*)
2073 1713 2095 1761 ἢ
2131 1715 2325 1760 Μενεκλῆς

1272 1777 1339 1826 (fr.
1367 1773 1428 1827 4),
1447 1776 1507 1812 vel
1527 1775 1707 1821 Μενεκλῆς
1727 1774 1786 1812 καὶ
1806 1772 2055 1825 Καλλικράτης
2074 1774 2214 1823 (schol.
2237 1775 2324 1811 Ari-

1268 1837 1395 1884 stoph.
1413 1835 1459 1871 fr.
1481 1834 1501 1870 3
1514 1835 1524 1883 )
1536 1863 1546 1880 ,
1558 1835 1623 1870 ubi
1638 1847 1709 1882 pro
1724 1834 1912 1882 particula
1921 1831 1981 1869 καὶ
1994 1840 2097 1873 recte
2108 1833 2324 1881 reposueris

1268 1892 1309 1940 ἢ,
1326 1895 1383 1930 uti
1399 1901 1453 1930 est
1465 1893 1569 1942 apud
1586 1894 1929 1942 Harpocrationem
1945 1890 2013 1943 (fr.
2037 1889 2091 1942 3).
2110 1891 2239 1929 Causae
2255 1904 2325 1927 cur

1266 1953 1340 1989 hoc
1356 1953 1473 1988 modo
1494 1953 1707 1996 citaverint,
1727 1951 1934 1999 excogitari
1947 1950 2228 1998 possintvariae.
2241 1951 2322 1986 De-

1268 2013 1382 2060 nique
1398 2024 1490 2047 num
1502 2013 1681 2047 Barcoeus
1697 2010 1880 2047 Menecles
1890 2011 1947 2047 De
1960 2009 2118 2047 Athenis
2132 2009 2324 2058 scripserit

1268 2083 1316 2106 an
1333 2071 1440 2118 alius,
1463 2069 1592 2105 nescio
1610 2067 1699 2117 (**).
1720 2067 1834 2116 Apud
1863 2068 1966 2116 ipsos
1995 2067 2097 2103 enim
2110 2066 2319 2103 Athenien-

1267 2141 1323 2165 ses
1334 2128 1513 2164 Meneclis
1523 2139 1663 2163 nomen
1671 2126 1774 2162 haud
1792 2125 2020 2172 infrequens.

1311 2260 1351 2300 (*)
1377 2262 1438 2292 Pro
1466 2258 1678 2300 Καλλικράτης
1700 2257 1771 2289 libri
1796 2264 1881 2296 saepe
1903 2254 2134 2296 Καλλιστράτης
2151 2254 2190 2286 et
2205 2253 2321 2287 Καλλί-

1267 2317 1407 2348 στρατος.
1423 2309 1530 2344 Quare
1537 2305 1681 2337 nonnulli
1693 2304 1924 2342 Callistratum,
1933 2302 2139 2334 notissimum
2147 2301 2319 2340 lexicogra-

1267 2355 1337 2396 phis
1351 2353 1598 2394 grammaticum
1612 2376 1621 2392 ‚
1645 2350 1885 2391 intelligendum
1899 2349 2065 2389 putarunt.
2078 2348 2212 2381 Critices
2239 2347 2322 2386 leges

1267 2410 1307 2433 110
1317 2401 1380 2433 tale
1390 2400 1467 2441 quid
1478 2401 1657 2432 statuamus
1669 2399 1788 2430 vetant.
1805 2396 1853 2429 Cf.
1870 2395 2000 2428 Preller.
2012 2394 2055 2425 ad
2068 2394 2187 2427 Polem.
2201 2402 2232 2434 p.
2249 2395 2318 2426 174.

1309 2448 1373 2488 (**)
1399 2450 1446 2479 De
1467 2447 1607 2479 Menecle
1625 2443 1838 2477 Alabandensi
1854 2442 1982 2474 oratore
1999 2450 2030 2473 v.
2053 2440 2164 2472 Cicero
2182 2442 2240 2472 Or.
2259 2442 2318 2478 69;

1269 2497 1314 2527 De
1329 2496 1412 2526 orat.
1431 2496 1472 2534 ll,
1487 2499 1545 2533 233
1563 2494 1650 2525 Brut.
1667 2496 1727 2531 953
1747 2490 1860 2523 Strabo
1877 2490 1962 2528 XIV,
1977 2497 2008 2529 p.
2030 2492 2109 2527 661,
2127 2491 2200 2520 655.
2216 2488 2320 2519 Mene-

1267 2543 1343 2581 cles,
1359 2542 1450 2582 pater
1466 2539 1608 2581 Dionysii
1624 2537 1786 2579 (Dionysii
1800 2536 1911 2569 Chlori
1924 2559 1933 2575 ,
1955 2534 2106 2568 Nicandri
2120 2533 2319 2574 interpretis,

1269 2591 1304 2620 ut
1334 2588 1542 2629 probabiliter
1574 2587 1687 2619 statuit
1720 2584 1927 2624 Schneider.)
1960 2592 2012 2624 ap.
2043 2581 2144 2614 schol.
2173 2579 2323 2614 Nicandr.

1268 2636 1364 2667 Ther.
1380 2638 1452 2668 869.
1463 2636 1609 2667 Fortasse
1623 2633 1708 2665 idem
1717 2634 1766 2664 est
1779 2633 1822 2663 Μ.
1836 2631 1979 2663 medicus
1991 2639 2044 2671 ap.
2058 2628 2187 2662 Aetium
2201 2636 2232 2668 p.
2246 2630 2319 2659 332.

1268 2683 1356 2715 Alios
1380 2683 1538 2715 Menecles
1559 2690 1589 2713 v,
1617 2690 1668 2721 ap.
1694 2678 1840 2719 Xenopli.
1861 2679 1943 2710 Heli.
1964 2680 1991 2717 1,
2018 2680 2049 2717 7,
2074 2677 2133 2716 343
2154 2673 2320 2708 Demostli.

1269 2738 1299 2770 p.
1317 2732 1392 2768 995,
1413 2733 1448 2761 10
1463 2731 1523 2760 etc.
1538 2730 1571 2760 et
1584 2737 1633 2768 ap.
1651 2727 1769 2760 Boeckh
1794 2727 1826 2758 in
1838 2727 1939 2757 111501.
1950 2724 2062 2756 Atticis
2076 2723 2122 2755 ΝΟ
2140 2725 2196 2753 105
2210 2722 2319 2752 010.-

1269 2778 1422 2810 Menetor
1446 2776 1578 2816 quidam
1602 2776 1676 2816 Περὶ
1700 2774 1906 2815 ἀναθημάτων
1932 2771 2082 2803 laudatur
2106 2769 2147 2801 ab
2165 2767 2319 2800 Athenaeo

157 2829 411 2876 antiquiorem
435 2839 510 2863 esse
535 2831 696 2862 constat.
719 2845 770 2850 —
791 2822 998 2859 Menander
1026 2829 1206 2869 tanquam
1267 2833 1300 2864 p.
1318 2826 1389 2864 594,
1411 2825 1446 2856 B.
1466 2825 1612 2856 Fortasse
1630 2830 1747 2854 nomen
1764 2831 1832 2854 esse
1845 2820 1941 2852 debet
1955 2818 2130 2852 Menecles.

158 2886 2320 2912 Μ

661 2940 680 2970 7
689 2962 696 2970 .

549 3007 614 3045 DE
627 3005 808 3045 CYPRO.

199 3083 351 3124 Sphecia3
371 3082 416 3114 sic
426 3082 501 3114 olim
516 3083 642 3123 Cyprus
657 3080 844 3113 vocabatur.
858 3077 1031 3119 Dicebatur
1047 3077 1144 3108 etiam
1154 3077 1210 3107 Ce-

159 3136 273 3175 rastia,
287 3136 325 3167 ut
347 3133 520 3166 Menander
539 3134 571 3165 in
587 3134 669 3165 libro
687 3136 735 3165 De
749 3135 856 3173 Cypro
868 3131 933 3171 ait,
947 3130 1033 3171 quod
1054 3130 1134 3161 inea
1153 3129 1210 3159 lia-

158 3190 295 3222 bitareut
310 3188 369 3220 viri
384 3189 510 3229 κέρασι,
524 3187 675 3219 cornibus
690 3185 848 3218 instructi.

205 3300 352 3333 Thraces
365 3299 494 3340 jurata
504 3297 645 3338 joedera
662 3298 828 3328 nesciunt.
849 3296 953 3335 Hujus
965 3291 1126 3335 proverbii
1141 3299 1210 3323 me-

159 3353 253 3385 minit
271 3351 454 3384 Menander.
481 3350 533 3382 Ait
554 3350 640 3381 enim
661 3349 694 3380 in
710 3347 846 3379 Thracia
860 3347 896 3364 **
907 3346 1015 3387 jaculo
1032 3354 1087 3386 per
1103 3344 1213 3385 pectus

159 3403 349 3437 transfixum
379 3402 504 3434 obiisse.
524 3401 601 3433 lude
627 3399 712 3440 apud
741 3402 832 3431 lones
855 3400 888 3430 et
911 3397 1017 3430 AEoles
1042 3394 1212 3437 proverbio

158 3457 270 3498 jactari
284 3456 432 3496 coepisse:
455 3454 599 3487 Thraces
605 3451 745 3493 foedera
764 3451 943 3490 nesciunt.}

1314 3012 1463 3043 Matrem
1479 3008 1705 3048 Dindymiam
1730 3005 1831 3043 valde
1852 3002 2080 3036 venerabelem
2102 3001 2319 3038 invocantes,

1269 3065 1453 3105 indiqetem
1476 3061 1638 3101 Phryqiae
1650 3083 1659 3099 ‚
1691 3061 1882 3099 Titiumque
1909 3054 2017 3088 simul
2044 3053 2317 3094 cyllenumque,

1271 3118 1332 3159 qui
1350 3115 1414 3147 soli
1428 3122 1471 3146 ex
1493 3113 1613 3144 multis
1629 3110 1730 3143 duces
1754 3111 1859 3150 atque
1873 3113 2059 3140 assessores
2074 3105 2201 3137 Macris
2222 3101 2322 3135 111aeae

1271 3169 1452 3205 vocantur,
1468 3165 1635 3206 quotquot
1645 3163 1728 3194 sunt
1746 3159 1885 3200 Dactyli
1900 3158 1988 3191 Idaei
2007 3153 2209 3195 Cretenses]
2234 3154 2322 3189 Inter

1273 3221 1423 3261 Dactylos
1437 3219 1539 3250 idaeos
1549 3241 1558 3256 ‚
1575 3225 1656 3257 quos
1668 3215 1804 3252 vocant,
1821 3213 1942 3253 primos
1960 3218 2028 3242 esse
2041 3212 2138 3249 atque
2148 3213 2322 3239 assessores

1271 3273 1382 3307 Matris
1391 3272 1526 3304 deorum
1537 3268 1724 3310 Apollonius
1733 3266 1809 3299 dicit
1821 3263 2033 3298 Menandrum
2047 3258 2318 3302 (Maeandrium)

1270 3329 1416 3366 secutus,
1433 3324 1488 3365 qui
1508 3322 1646 3354 Milesios
1665 3320 1763 3353 Rheae
1776 3326 1865 3351 sacra
1879 3316 2019 3348 facturos
2032 3314 2126 3346 antea
2139 3308 2319 3345 sacrificare

1271 3379 1316 3412 ait
1332 3377 1425 3411 Titiae
1440 3377 1472 3408 et
1486 3374 1630 3415 Cylleno.
