2372 3704
476 245 863 297 METROPHAMS,
895 245 1246 294 MNEfflMACHl,
1278 243 1524 284 MOLPIDIS
1554 242 1888 283 FRAGMENTA.
1942 252 1949 257 ·

121 349 184 381 20,
207 334 242 374 8.
263 347 310 371 22
323 362 334 381 ‚
350 335 387 372 8.
404 337 580 383 XXXII,
600 349 614 372 1
634 349 643 380 ;
663 336 757 371 alius
772 334 969 384 praefectus
984 333 1162 382 praesidii,

119 395 225 443 quod
246 395 400 431 Athenis
413 396 611 444 Antipater
623 395 817 444 imposuit,
834 393 996 431 Diodor.
1019 393 1162 440 XVIII,

124 453 394 500 185Plutarch.
413 456 547 492 Moral.
565 467 605 503 p.
633 453 721 496 188,
744 454 794 499 F;
816 454 911 488 alius
931 465 993 500 ap.
1010 451 1163 488 Boeckh.

119 513 160 547 in
176 513 216 550 C.
234 514 353 549 lnscr.
371 515 388 549 1
402 540 413 558 ‚
428 526 466 562 p.
482 513 571 562 906,
585 526 624 548 n.
646 512 722 561 769
737 520 773 548 et
786 512 890 549 alibi.
908 512 1164 547 Westerman-

121 583 190 607 nus
216 571 266 607 ad
291 573 398 610 voss.
420 585 459 621 p.
479 571 554 620 ⁴69
574 585 613 607 n.
643 571 688 607 18
716 584 788 620 pro
810 568 992 621 Μέρυλλος
1011 569 1167 606 fortasse

120 627 293 681 Δερκύλος
311 631 554 670 scribendum
567 643 643 667 esse
658 631 866 679 suspicatus
884 636 951 666 est.

610 729 677 782 (3·)

177 827 312 862 Strabo
336 827 420 873 XV,
449 840 490 876 p.
521 826 597 876 692
621 840 630 866 :
663 826 836 877 Μέγιλλος
861 824 1101 876 (Μένυλλοςῖ)
1133 822 1169 861 δὲ

125 883 187 930 τὴν
211 883 336 936 ὀρύζαν
367 884 568 936 σπείρεσθαι
588 884 651 936 μὲν
682 886 754 936 (sc.
789 888 828 922 in
850 884 982 933 India)
1005 882 1073 934 πρὸ
1102 884 1170 920 τῶν

126 942 267 995 ὄμὸρων
287 942 408 995 φησὶν,
429 943 567 996 ἀρδείας
584 944 620 982 δὲ
637 944 696 982 καὶ
713 943 851 997 φυτείας
868 944 1000 981 δεῖσθαι
1016 941 1085 979 ἀπὸ
1103 943 1171 979 τῶν

127 1001 294 1038 κλειστῶν
314 1001 542 1052 ποτιζομένην
571 1001 717 1040 ὑδάτων.
745 1004 901 1040 Rectius
922 1010 1018 1051 puto
1034 1002 1174 1037 scribas

129 1058 309 1102 Μένιππος
329 1061 596 1112 (Pergamenus
611 1061 885 1111 geographus).
906 1061 1081 1100 Ceterum
1093 1061 1172 1095 Me·

59 1147 61 1150 .
103 1173 110 1177 .
128 1120 238 1169 gillus
254 1118 342 1171 Περὶ
360 1119 513 1171 ἀριθμῶν
528 1122 667 1157 citatur
684 1121 866 1170 Theolog.
883 1120 1043 1158 Arithm.
1057 1133 1095 1169 p.
1111 1118 1172 1157 28.

376 1361 938 1420 METROPHANES.

186 1505 319 1541 Suidas
339 1517 348 1543 ι
370 1505 406 1542 Μ
418 1519 440 1550 η
450 1518 522 1555 τρο
533 1518 555 1555 φ
565 1503 587 1541 σί
597 1519 614 1541 ν
625 1519 648 1549 η
660 1519 675 1547 ς
689 1532 699 1550 ,
714 1503 917 1556 Εὐκαρπίας
928 1506 988 1550 τῆς
1004 1502 1178 1554 Φρυγίας,

136 1561 316 1615 σοφιστής·
347 1561 478 1615 ἔγραψε
496 1562 604 1614 Περὶ
634 1564 708 1609 τῆς
731 1561 928 1614 Φρυγίας
956 1563 1091 1608 αὐτῆς
1112 1564 1181 1613 βι-

135 1620 244 1659 ὅλία
266 1620 312 1673 β’.
344 1620 435 1674 Περὶ
463 1621 562 1658 ἰδεῶν
575 1619 699 1672 λόγου,
720 1619 810 1673 Περὶ
838 1619 1007 1668 στάσεων,
1039 1621 1099 1663 Εἷς
1118 1619 1181 1666 τὴν

135 1678 367 1732 Ἑρμογένους
397 1678 523 1732 τέχνην
551 1678 762 1730 ὑπόμνημα,
795 1680 858 1722 Εἷς
888 1678 945 1717 τὸν
971 1678 1182 1731 Ἀριστείδην

138 1737 342 1789 ὑπόμνημα.

192 1798 251 1837 Cf.
276 1798 423 1834 Eudoc.
443 1811 483 1847 p.
503 1798 592 1835 301.
613 1799 752 1834 Praeter
770 1798 872 1833 hunc
886 1797 1020 1834 Suidas
1034 1809 1183 1833 memo-

136 1863 196 1893 rat
213 1854 501 1906 Metrophanem
512 1884 522 1902 ‚
544 1857 761 1893 Corneliani
775 1856 938 1892 rhetoris
956 1855 1094 1901 filium,
1112 1857 1186 1891 Le-

137 1915 342 1951 badensem
361 1915 581 1964 sophistam,
614 1922 652 1951 et
666 1914 966 1963 Metrophanem,
982 1927 1006 1952 a
1016 1914 1186 1951 Lachare

140 1986 252 2022 genus
265 1974 483 2022 ducentem,
500 1981 633 2009 contra
649 1985 762 2021 quem
777 1974 1006 2021 Superianus
1021 1973 1187 2021 sophista

141 2033 304 2081 scripsit.
323 2032 379 2068 Cf.
396 2034 567 2068 Damaso.
584 2043 646 2079 ap.
666 2032 777 2069 Phot.
794 2032 893 2068 Bibl.
914 2045 952 2080 p.
971 2031 1059 2075 342.
1081 2032 1188 2068 Com-

140 2092 316 2127 inentarii
330 2091 457 2128 Nostri
470 2091 510 2125 in
527 2092 807 2138 Hermogenem
819 2090 1021 2126 laudantur
1040 2091 1185 2139 saepius,

141 2149 237 2186 Vide
255 2150 373 2188 indic.
393 2149 443 2185 ad
458 2150 578 2186 Walz.
593 2149 724 2186 Rhett.
747 2149 813 2186 Gr.
831 2149 887 2187 Cf.
909 2150 1185 2187 Westermann.

145 2208 276 2264 Gfsch.
300 2209 335 2244 d.
356 2220 416 2256 gr.
438 2209 591 2244 Bereds.
611 2207 634 2256 S
654 2212 741 2250 104.

472 2312 593 2351 ΠΕΡΙ
622 2311 862 2352 ΦΡΥΓΙΑΣ.

201 2424 379 2472 Stephan.
416 2424 504 2471 Byz.
538 2435 547 2460 ε
584 2420 793 2472 Εὖκαρπία,
831 2421 939 2470 δῆμος
971 2422 1033 2466 τῆς
1068 2425 1193 2472 μικρᾶς

147 2481 320 2532 Φρυγίας.
339 2480 486 2531 Ἱστορεῖ
498 2479 753 2532 Μητροφάνης,
770 2479 828 2517 τὸν
849 2478 972 2530 βότρυν
992 2480 1062 2516 ἐκεῖ
1077 2482 1196 2517 τοσοῦ-

147 2555 206 2577 τον
230 2539 383 2590 γίνεσθαι
403 2539 441 2576 τὸ
465 2538 624 2588 μέγεθος,
646 2536 726 2575 ὅσον
750 2536 887 2587 ἅμαξαν
908 2538 969 2574 ἀπ’
991 2538 1099 2575 αὐτοῦ
1116 2553 1194 2588 σχι-

149 2600 272 2643 σθῆναι
290 2597 380 2635 κατὰ
398 2597 516 2646 μέσον.
537 2595 608 2634 Καὶ
627 2595 734 2639 οὕτως
755 2595 883 2642 ἐκλήθη
904 2595 960 2633 διὰ
980 2597 1018 2634 τὸ
1038 2595 1193 2648 εὔφορον.

151 2655 240 2707 Περὶ
257 2656 363 2702 αὐτῆς
384 2654 451 2706 γὰρ
481 2656 511 2692 οἱ
538 2653 708 2706 βάρὸαροι
737 2653 852 2705 ἔλεγον
879 2653 932 2692 ὅτι
951 2654 1116 2707 Δήμητρι
1135 2654 1196 2693 καὶ

150 2712 308 2765 Διονύσῳ
327 2712 414 2756 Ζεὺς
433 2712 495 2759 τὴν
514 2712 634 2764 χώραν
652 2711 714 2758 τὴν
734 2714 802 2750 τῶν
822 2712 1004 2766 εὐκάρπων
1023 2713 1113 2760 δοίη.

512 2916 580 2954 DE
597 2915 840 2955 PHRYGIA.

198 2989 369 3030 Eucarpia,
391 2997 490 3030 pagus
514 2988 662 3029 Phrygiae
677 2989 823 3021 minoris.
849 2989 964 3021 Narrat
980 2988 1202 3029 Metrophanes

129 3049 131 3052 ⁴
152 3051 319 3074 >racemum
332 3042 403 3073 istic
423 3041 566 3082 generari
590 3042 690 3073 tantm
713 3040 958 3082 magnitudinis,
975 3042 1012 3073 ut
1027 3049 1141 3072 currus
1161 3039 1202 3071 ab

156 3094 237 3127 eoin
250 3093 355 3126 medio
370 3093 412 3125 sit
424 3093 586 3133 disruptus
603 3102 614 3124 τ
628 3093 737 3134 itaque
752 3101 771 3124 a
783 3092 946 3125 fertilitate
962 3093 1031 3125 haec
1042 3092 1128 3132 regio
1143 3093 1215 3122 noi

157 3155 233 3179 men
250 3146 382 3187 accepit.
395 3145 573 3179 Nan-abant
586 3145 626 3177 de
641 3153 680 3177 ea
689 3145 815 3177 barbari
829 3147 944 3177 Jovem
957 3145 1064 3179 cereri
1077 3146 1110 3177 et
1123 3146 1202 3177 Bao-

158 3200 218 3232 cho
229 3199 452 3232 feracissimam
465 3199 548 3230 hanc
561 3198 721 3239 regionem
733 3198 936 3231 concessisse.

527 3271 593 3310 DE
616 3270 838 3311 SCYTfflS.

201 3345 351 3384 Hierum,
368 3352 464 3377 mons
488 3353 596 3380 sacer,
621 3344 654 3376 in
682 3345 822 3377 Pontum
846 3343 1007 3375 Euxinum
1032 3342 1202 3383 prominet.

159 3398 305 3430 Meminit
315 3398 384 3438 ejus
396 3397 517 3430 Ctesias
526 3398 628 3438 primo
643 3397 850 3429 periodorum
861 3421 870 3436 ,
883 3397 916 3428 et
926 3395 1039 3428 Suidas
1051 3396 1203 3435 secundo,

161 3457 258 3490 prope
285 3450 472 3481 Macronum
500 3449 661 3489 regionem
690 3448 787 3480 situm
815 3447 939 3486 dieenS,
967 3448 999 3479 et
1024 3446 1205 3479 accuratius

2197 249 2275 283 453

1472 364 2022 424 MNESIMACHUS.

1564 483 1687 522 ΠΕΡΙ
1715 483 1942 522 zaream

1548 591 1578 626 E
1603 589 1755 626 LIBRO
1784 588 1956 625 PRIMO.

1283 691 1411 727 Schol.
1432 691 1559 739 Apoll.
1579 690 1718 739 Rh.11‚
1742 690 1838 727 1015
1863 703 1871 726 :
1893 687 2035 740 Ἱερὸν
2053 689 2081 726 δ’
2097 682 2191 726 αὖτ’
2211 690 2279 728 ἐπὶ

1230 753 1375 786 τοῖσιν
1395 747 1493 799 ὅρος
1510 749 1525 799 ]
1553 749 1664 786 Τοῦτο
1684 748 1838 794 καθῆκόν
1857 750 1950 786 ἐστιν
1971 750 2016 792 εἷς
2038 748 2096 787 τὸν
2118 749 2277 794 Εὔξεινον

1232 807 1369 846 πόντον.
1392 806 1579 858 Μέμνηται
1600 809 1704 846 αὐτοῦ
1724 807 1784 845 καὶ
1803 806 1962 855 Κτησίας
1978 809 2012 846 ἐν
2031 811 2079 861 τῷ
2103 808 2135 846 α’
2154 810 2282 861 Περιό-

1234 866 1316 913 δων,
1337 865 1398 904 καὶ
1416 865 1565 909 Σουίδας
1585 867 1619 903 ἐν
1641 865 1685 918 β’,
1705 865 1786 918 περὶ
1806 865 1882 910 τοὺς
1901 866 2109 918 λεγομένους
2125 867 2283 919 Μάκρω-

1234 939 1310 967 νας·
1339 923 1583 977 ἀκριὸέστερον
1617 924 1653 962 δὲ
1677 927 1695 962 ὁ
1725 924 1876 977 Ἀγάθων
1909 927 1943 963 ἐν
1971 928 2020 978 τῷ
2054 930 2114 964 τοῦ
2147 925 2283 966 Πόντου

1235 982 1413 1035 περίπλῳ·
1452 982 1486 1027 ὃς
1512 983 1572 1021 καὶ
1599 983 1628 1036 ρ’
1654 984 1798 1036 ἀπέχειν
1820 984 1979 1028 σταδίους
2007 985 2091 1023 αὐτό
2111 1000 2196 1038 φησι
2224 988 2286 1032 τῆς

1236 1043 1510 1092 Τραπεζοῦντος.
1530 1041 1575 1082 ‘O
1593 1041 1628 1081 δὲ
1650 1044 1835 1093 Εἰρηναῖος
1854 1043 2090 1095 Μνησίμαχόν
2106 1059 2191 1097 φησι
2206 1044 2285 1097 περὶ

1237 1100 1340 1137 αὐτοῦ
1355 1101 1502 1151 ἱστορεῖν
1518 1101 1551 1138 ἐν
1565 1101 1598 1138 α’
1609 1101 1687 1153 περὶ
1699 1103 1857 1152 Σκυθῶν,
1870 1103 2016 1152 ἀγνοῶν.
2034 1101 2079 1142 Ὁ
2095 1101 2163 1155 γὰρ
2180 1104 2286 1149 Μνη-

1238 1157 1386 1210 σίμαχος
1399 1159 1477 1210 [ὡς]
1491 1160 1525 1197 ἐν
1536 1162 1579 1211 τῇ
1594 1158 1750 1212 Εὐρώπῃ
1766 1159 1941 1211 μέμνηται
1953 1160 2112 1211 κειμένης
2121 1164 2183 1209 τῆς
2195 1163 2288 1201 Σκυ·

1239 1219 1351 1263 θικῆς·
1379 1219 1397 1255 ὁ
1421 1217 1458 1256 δὲ
1478 1217 1706 1262 Ἀπολλώνιος
1725 1219 1785 1258 καὶ
1814 1221 1845 1257 οἳ
1869 1219 2112 1271 προειρημένοι
2128 1221 2208 1273 περὶ
2226 1224 2288 1269 τῆς

1240 1275 1355 1320 Ἀσίας
1367 1275 1602 1328 διαλέγονται.
1616 1276 1724 1317 Ἐστι
1741 1277 1800 1316 καὶ
1816 1277 1902 1316 ἄλλο
1913 1277 2023 1330 Ἱερὸν
2033 1278 2109 1331 ὄρος
2126 1278 2286 1333 Θρᾴκης.

1613 1371 1914 1410 ΔΙΑΚΟΣΜΟΙ.

1296 1459 1402 1495 Idem
1421 1460 1486 1506 lv,
1513 1463 1610 1501 1412
1635 1473 1642 1495 z
1667 1460 1749 1497 Τῶν
1772 1461 1914 1511 νυμφῶν
1937 1461 1972 1497 αἱ
1993 1459 2055 1510 μέν
2079 1461 2164 1498 εἰσιν
2181 1459 2290 1512 οὖρά-

1242 1531 1324 1563 νιαι,
1344 1517 1380 1553 αἱ
1398 1514 1432 1553 δὲ
1452 1515 1619 1566 ἐπίγειοι,
1642 1518 1677 1554 αἱ
1694 1515 1730 1554 δὲ
1768 1518 1956 1567 ποτάμιοι,
1978 1520 2013 1555 αἱ
2044 1518 2079 1555 δὲ
2115 1519 2289 1569 λιμναῖαι,

1244 1576 1279 1612 αἱ
1313 1574 1348 1611 δὲ
1382 1574 1582 1613 θαλάσσιαι.
1609 1574 1681 1613 Καὶ
1711 1574 1858 1614 καθόλου
1887 1575 1923 1613 δὲ
1943 1578 2011 1614 τῶν
2034 1578 2178 1629 νυμφῶν
2197 1576 2293 1628 γένος

1244 1635 1290 1676 εἷς
1307 1632 1421 1671 πολλὰ
1439 1633 1614 1684 διῄρηται,
1628 1632 1674 1676 ὥς
1694 1648 1779 1684 φησι
1795 1634 2031 1686 Μνησίμαχος
2045 1638 2062 1673 ὃ
2084 1635 2295 1683 Φασιλήτης

1247 1691 1502 1743 (Φασηλίτηςὲ
1521 1691 1752 1743 ΦασιάτηςΡ)
1777 1694 1811 1730 ἐν
1831 1693 2055 1744 Διακόσμοις.
2093 1695 2293 1734 correctio

1244 1753 1451 1789 Wellaueri
1479 1750 1687 1797 Φασηλίτης
1704 1754 1860 1801 legentis
1878 1754 2086 1800 lenissima3
2108 1761 2145 1791 at
2166 1755 2291 1791 Phasi·

1246 1812 1304 1848 dis
1317 1811 1423 1846 urbis
1441 1811 1515 1846 civi
1531 1811 1628 1846 liber
1637 1813 1694 1847 De
1708 1812 1856 1860 Scythis
1870 1814 2043 1861 apprime
2057 1814 2292 1851 conveniret.

1299 1870 1407 1906 Idem
1426 1870 1487 1915 11,
1514 1873 1587 1915 477
1612 1883 1619 1904 :
1644 1867 1887 1920 Ἁμαδρυάδας
1907 1869 2042 1922 νύμφας
2063 1869 2297 1922 Μνησίμαχός

1248 1942 1332 1980 φησι
1354 1926 1411 1965 διὰ
1431 1926 1470 1964 τὸ
1490 1926 1564 1976 ἅμα
1580 1929 1655 1970 ταῖς
1673 1927 1773 1978 δρυσὶ
1794 1931 1994 1979 γεννᾶσθαι.
2014 1926 2062 1968 Ἣ
2085 1928 2160 1967 ἐπεὶ
2180 1929 2298 1967 δοκοῦ-

1248 2001 1302 2023 σιν
1323 1985 1398 2036 ἅμα
1429 1990 1504 2028 ταῖς
1535 1985 1632 2036 δρυσὶ
1659 1985 1874 2037 φθείρεσθαι,
1900 1986 2033 2039 νύμφαι
2063 1986 2298 2038 εΑμαδρυοίδες
2355 2005 2359 2009 ·

1247 2044 1422 2095 λέγονται.
1442 2047 1499 2081 De
1528 2046 1783 2082 Mnesimacho
1805 2048 1952 2083 comico
1974 2047 2036 2083 adi
2052 2047 2298 2093 Meinekium,

1251 2106 1348 2142 Hist.
1371 2105 1454 2142 crit.
1479 2116 1579 2142 com.
1599 2116 1639 2152 p.
1665 2104 1753 2147 [223.

1306 2277 1626 2316 MNASIGITON.
1644 2279 1689 2316 V.
1706 2279 1861 2314 Aristot.
1876 2278 1922 2316 sr.
1940 2276 1990 2327 95
2003 2306 2014 2328 ,
2030 2285 2056 2317 t.
2074 2279 2133 2327 11,
2150 2291 2188 2326 p.
2213 2278 2298 2315 136.

1505 2461 1771 2521 MOLPIS
1822 2460 2035 2518 LACO.

1429 2574 1846 2613 AAKEAA1MONmN
1874 2573 2131 2612 ΠοΛιΤΕιΑ,

1764 2669 1802 2693 1.

1243 2733 1246 2735 ⁴
1311 2731 1509 2769 Athenaeus
1523 2733 1588 2776 lv,
1609 2735 1696 2777 14‘0,
1715 2733 1748 2767 A
1763 2743 1770 2766 :
1788 2727 1851 2772 Τίς
1868 2728 1898 2766 δ’
1914 2729 2007 2766 ἐστιν
2021 2730 2043 2775 ἡ
2060 2728 2172 2779 κοπὶς,
2190 2729 2307 2780 σαφῶς

1261 2787 1431 2826 ἐκτίθεται
1445 2788 1586 2831 Μόλπις
1605 2789 1640 2825 ἐν
1657 2790 1700 2839 τῇ
1720 2786 2007 2837 Λακεδαιμονίων
2021 2786 2179 2838 πολιτείᾳ
2191 2817 2201 2835 ,
2215 2786 2305 2838 γρά-

1262 2894 1383 2934 Agatho
1390 2894 1423 2925 in
1431 2894 1523 2926 Ponti
1535 2893 1656 2934 periplo
1666 2917 1675 2933 ‚
1684 2894 1818 2925 centum.
1824 2892 1936 2925 stadiis
1944 2893 2033 2925 aiens
2040 2892 2070 2924 id
2082 2901 2100 2924 a
2107 2893 2309 2932 Trapezunte

1260 2945 1389 2978 distare.
1404 2948 1546 2978 Irenaeus
1559 2954 1636 2977 vero
1648 2944 1900 2977 Mnesimachum
1918 2944 2001 2976 libro
2011 2944 2114 2985 primo
2126 2945 2172 2976 De
2182 2943 2308 2983 scythis

1261 2998 1301 3030 de
1313 3007 1351 3030 eo
1370 3006 1500 3029 narrare
1517 2997 1667 3037 inquiens
1681 2996 1813 3028 fallitur.
1837 2998 1918 3029 Nam
1932 2995 2169 3028 Mnesimaclius
2189 2994 2308 3026 montis

1261 3050 1343 3082 sacri
1360 3053 1511 3090 tanquam
1524 3050 1557 3081 in
1577 3052 1704 3090 Europa
1721 3049 1773 3082 siti
1800 3048 2051 3090 (promontorii)
2074 3047 2214 3088 Scythici
2239 3054 2308 3078 me-

1262 3101 1373 3140 minit,
1396 3101 1475 3133 dum
1497 3101 1684 3141 Apollonius
1699 3102 1732 3133 et
1747 3102 1897 3133 auctores
1921 3100 2018 3132 modo
2034 3099 2155 3131 laudati
2180 3099 2220 3131 de
2234 3098 2308 3131 Asia

1262 3153 1452 3194 loquuntur.
1469 3154 1525 3185 Est
1542 3153 1640 3186 etiam
1655 3153 1737 3185 alius
1751 3152 1785 3185 in
1797 3152 1931 3185 Thracia
1943 3160 2035 3184 mons
2044 3153 2150 3184 Sacer.

1352 3233 1854 3274 LACEDAEMONIORUM
1883 3230 2213 3272 RESPUBLICA.

1769 3318 1800 3349 1.

1307 3396 1460 3432 Quaenam
1477 3394 1519 3426 sit
1531 3395 1640 3434 copis,
1660 3393 1824 3434 perspicue
1843 3390 1973 3432 exponit
1990 3389 2101 3429 Molpis
2118 3387 2150 3419 in
2161 3385 2306 3418 Lacedae-

1265 3445 1447 3478 moniorum
1463 3445 1624 3486 republica
1635 3470 1643 3484 ‚
1668 3445 1713 3476 sic
1729 3444 1869 3476 scribens
1885 3453 1891 3473 :
1911 3455 1924 3469 α
1941 3440 2099 3479 Pei-agunt
2118 3437 2212 3470 etiam
2227 3445 2314 3477 quas.
