<?xml version="1.0" encoding="UTF-8"?>
<!DOCTYPE html PUBLIC "-//W3C//DTD XHTML 1.0 Transitional//EN"
    "http://www.w3.org/TR/xhtml1/DTD/xhtml1-transitional.dtd">
<html xmlns="http://www.w3.org/1999/xhtml" xml:lang="en" lang="en">
 <head>
  <title>
</title>
<meta http-equiv="Content-Type" content="text/html;charset=utf-8" />
  <meta name='ocr-system' content='tesseract 3.04.00' />
  <meta name='ocr-capabilities' content='ocr_page ocr_carea ocr_par ocr_line ocrx_word'/>
</head>
<body>
  <div class='ocr_page' id='page_1' title='image "./fragmentahistori04mueluoft_0085.png"; bbox 0 0 2326 3724; ppageno 0'>
   <div class='ocr_carea' id='block_1_1' title="bbox 937 151 2182 192">
    <p class='ocr_par' dir='ltr' id='par_1_1' title="bbox 937 151 2182 192">
     <span class='ocr_line' id='line_1_1' title="bbox 937 151 2182 192; baseline -0.001 0"><span class='ocrx_word' id='word_1_1' title='bbox 937 151 1274 192; x_wconf 83' lang='lat' dir='ltr'><strong>FRAGMENTA.</strong></span> <span class='ocrx_word' id='word_1_2' title='bbox 2132 158 2151 191; x_wconf 88' lang='grc'><strong>7</strong></span> <span class='ocrx_word' id='word_1_3' title='bbox 2162 156 2182 191; x_wconf 83' lang='grc'>3</span> 
     </span>
    </p>
   </div>
   <div class='ocr_carea' id='block_1_2' title="bbox 34 239 1090 1659">
    <p class='ocr_par' dir='ltr' id='par_1_2' title="bbox 34 239 1090 1645">
     <span class='ocr_line' id='line_1_2' title="bbox 35 239 1077 297; baseline -0.007 -13"><span class='ocrx_word' id='word_1_4' title='bbox 35 260 91 284; x_wconf 85' lang='grc' dir='ltr'>νον</span> <span class='ocrx_word' id='word_1_5' title='bbox 111 243 174 289; x_wconf 70' lang='grc' dir='ltr'>τὰς</span> <span class='ocrx_word' id='word_1_6' title='bbox 192 245 290 297; x_wconf 81' lang='grc' dir='ltr'>παρά</span> <span class='ocrx_word' id='word_1_7' title='bbox 319 254 436 297; x_wconf 75' lang='grc' dir='ltr'>σφισιν</span> <span class='ocrx_word' id='word_1_8' title='bbox 470 241 663 295; x_wconf 79' lang='grc' dir='ltr'>βασιλείους</span> <span class='ocrx_word' id='word_1_9' title='bbox 690 239 816 289; x_wconf 84' lang='grc' dir='ltr'>θήκας,</span> <span class='ocrx_word' id='word_1_10' title='bbox 847 239 1077 287; x_wconf 81' lang='grc' dir='ltr'>σεσυληκέναι</span> 
     </span>
     <span class='ocr_line' id='line_1_3' title="bbox 34 298 1076 354; baseline -0.006 -12"><span class='ocrx_word' id='word_1_11' title='bbox 34 303 111 347; x_wconf 80' lang='grc' dir='ltr'>τους</span> <span class='ocrx_word' id='word_1_12' title='bbox 127 301 374 353; x_wconf 85' lang='grc' dir='ltr'>ἀποκειμένους</span> <span class='ocrx_word' id='word_1_13' title='bbox 389 300 593 354; x_wconf 79' lang='grc' dir='ltr'>θησαυρούς·</span> <span class='ocrx_word' id='word_1_14' title='bbox 609 301 669 339; x_wconf 77' lang='grc' dir='ltr'>καὶ</span> <span class='ocrx_word' id='word_1_15' title='bbox 685 301 716 338; x_wconf 88' lang='grc' dir='ltr'>εἷ</span> <span class='ocrx_word' id='word_1_16' title='bbox 735 298 784 351; x_wconf 83' lang='grc' dir='ltr'>μὴ</span> <span class='ocrx_word' id='word_1_17' title='bbox 801 301 918 338; x_wconf 78' lang='grc' dir='ltr'>τοῦτον</span> <span class='ocrx_word' id='word_1_18' title='bbox 933 299 1076 346; x_wconf 83' lang='grc' dir='ltr'>ἐκδοῒεν,</span> 
     </span>
     <span class='ocr_line' id='line_1_4' title="bbox 36 357 1078 413; baseline -0.006 -12"><span class='ocrx_word' id='word_1_19' title='bbox 36 363 170 401; x_wconf 75' lang='grc' dir='ltr'>ἐκδοῖεν</span> <span class='ocrx_word' id='word_1_20' title='bbox 185 361 221 400; x_wconf 80' lang='grc' dir='ltr'>δὲ</span> <span class='ocrx_word' id='word_1_21' title='bbox 239 360 298 400; x_wconf 74' lang='grc' dir='ltr'>καὶ</span> <span class='ocrx_word' id='word_1_22' title='bbox 319 359 395 405; x_wconf 91' lang='grc' dir='ltr'>τους</span> <span class='ocrx_word' id='word_1_23' title='bbox 409 361 564 413; x_wconf 85' lang='grc' dir='ltr'>φυγάδας</span> <span class='ocrx_word' id='word_1_24' title='bbox 580 359 674 398; x_wconf 80' lang='grc' dir='ltr'>κατὰ</span> <span class='ocrx_word' id='word_1_25' title='bbox 692 358 736 397; x_wconf 84' lang='grc' dir='ltr'>τὰ</span> <span class='ocrx_word' id='word_1_26' title='bbox 750 357 961 408; x_wconf 79' lang='grc' dir='ltr'>ὑποκείμενα</span> <span class='ocrx_word' id='word_1_27' title='bbox 977 361 1078 408; x_wconf 84' lang='grc' dir='ltr'>(εἶναι</span> 
     </span>
     <span class='ocr_line' id='line_1_5' title="bbox 36 414 1075 474; baseline -0.005 -16"><span class='ocrx_word' id='word_1_28' title='bbox 36 420 104 474; x_wconf 85' lang='grc' dir='ltr'>γὰρ</span> <span class='ocrx_word' id='word_1_29' title='bbox 124 418 223 472; x_wconf 80' lang='grc' dir='ltr'>παρὰ</span> <span class='ocrx_word' id='word_1_30' title='bbox 243 419 434 470; x_wconf 85' lang='grc' dir='ltr'>Ῥωμαίοις</span> <span class='ocrx_word' id='word_1_31' title='bbox 448 417 670 469; x_wconf 82' lang='grc' dir='ltr'>πλείστους),</span> <span class='ocrx_word' id='word_1_32' title='bbox 684 433 742 455; x_wconf 87' lang='grc' dir='ltr'>τον</span> <span class='ocrx_word' id='word_1_33' title='bbox 755 416 908 467; x_wconf 87' lang='grc' dir='ltr'>πόλεμον</span> <span class='ocrx_word' id='word_1_34' title='bbox 923 414 1075 460; x_wconf 83' lang='grc' dir='ltr'>ἐπάξειν.</span> 
     </span>
     <span class='ocr_line' id='line_1_6' title="bbox 39 468 1078 529; baseline -0.007 -10.897"><span class='ocrx_word' id='word_1_35' title='bbox 39 478 227 529; x_wconf 83' lang='grc' dir='ltr'>Ῥωμαίων</span> <span class='ocrx_word' id='word_1_36' title='bbox 247 478 282 516; x_wconf 81' lang='grc' dir='ltr'>δὲ</span> <span class='ocrx_word' id='word_1_37' title='bbox 305 476 368 524; x_wconf 85' lang='grc' dir='ltr'>τὴν</span> <span class='ocrx_word' id='word_1_38' title='bbox 386 476 501 515; x_wconf 86' lang='grc' dir='ltr'>αἷτίαν</span> <span class='ocrx_word' id='word_1_39' title='bbox 520 477 582 514; x_wconf 79' lang='grc' dir='ltr'>οὐκ</span> <span class='ocrx_word' id='word_1_40' title='bbox 599 477 712 523; x_wconf 80' lang='grc' dir='ltr'>ἀληθη</span> <span class='ocrx_word' id='word_1_41' title='bbox 733 474 898 527; x_wconf 81' lang='grc' dir='ltr'>φαμένων</span> <span class='ocrx_word' id='word_1_42' title='bbox 919 468 1025 521; x_wconf 88' lang='grc' dir='ltr'>εἰναι,</span> <span class='ocrx_word' id='word_1_43' title='bbox 1042 474 1078 511; x_wconf 81' lang='grc' dir='ltr'>ἐν</span> 
     </span>
     <span class='ocr_line' id='line_1_7' title="bbox 35 532 1080 609; baseline -0.007 -33"><span class='ocrx_word' id='word_1_44' title='bbox 35 539 106 580; x_wconf 82' lang='grc' dir='ltr'>τοῖς</span> <span class='ocrx_word' id='word_1_45' title='bbox 125 536 299 609; x_wconf 79' lang='grc' dir='ltr'>σφετέροις</span> <span class='ocrx_word' id='word_1_46' title='bbox 321 534 435 586; x_wconf 75' lang='grc' dir='ltr'>λόγοις</span> <span class='ocrx_word' id='word_1_47' title='bbox 462 533 500 573; x_wconf 82' lang='grc' dir='ltr'>τὸ</span> <span class='ocrx_word' id='word_1_48' title='bbox 527 533 650 572; x_wconf 82' lang='grc' dir='ltr'>πιστὸν</span> <span class='ocrx_word' id='word_1_49' title='bbox 679 535 711 572; x_wconf 82' lang='grc' dir='ltr'>οἱ</span> <span class='ocrx_word' id='word_1_50' title='bbox 741 532 913 586; x_wconf 71' lang='grc' dir='ltr'>βάρὸαροι</span> <span class='ocrx_word' id='word_1_51' title='bbox 944 532 1080 583; x_wconf 84' lang='grc' dir='ltr'>θέμενοι</span> 
     </span>
     <span class='ocr_line' id='line_1_8' title="bbox 40 589 1080 647; baseline -0.006 -13"><span class='ocrx_word' id='word_1_52' title='bbox 40 595 184 647; x_wconf 80' lang='grc' dir='ltr'>κρίσεως</span> <span class='ocrx_word' id='word_1_53' title='bbox 202 594 244 645; x_wconf 85' lang='grc' dir='ltr'>μὲ</span> <span class='ocrx_word' id='word_1_54' title='bbox 230 610 265 632; x_wconf 90' lang='grc' dir='ltr'>ν</span> <span class='ocrx_word' id='word_1_55' title='bbox 281 596 350 632; x_wconf 86' lang='grc' dir='ltr'>τῶν</span> <span class='ocrx_word' id='word_1_56' title='bbox 375 592 579 646; x_wconf 78' lang='grc' dir='ltr'>ἀμφιὸόλων</span> <span class='ocrx_word' id='word_1_57' title='bbox 604 591 886 644; x_wconf 84' lang='grc' dir='ltr'>κατωλιγώρουν,</span> <span class='ocrx_word' id='word_1_58' title='bbox 910 590 998 643; x_wconf 84' lang='grc' dir='ltr'>πρὸς</span> <span class='ocrx_word' id='word_1_59' title='bbox 1013 589 1080 628; x_wconf 57' lang='grc' dir='ltr'>πότ-</span> 
     </span>
     <span class='ocr_line' id='line_1_9' title="bbox 38 646 1080 705; baseline -0.005 -13"><span class='ocrx_word' id='word_1_60' title='bbox 38 654 143 704; x_wconf 83' lang='grc' dir='ltr'>λεμον</span> <span class='ocrx_word' id='word_1_61' title='bbox 172 652 208 691; x_wconf 87' lang='grc' dir='ltr'>δὲ</span> <span class='ocrx_word' id='word_1_62' title='bbox 233 652 449 705; x_wconf 82' lang='grc' dir='ltr'>ἐτράπησαν,</span> <span class='ocrx_word' id='word_1_63' title='bbox 479 651 539 689; x_wconf 83' lang='grc' dir='ltr'>καὶ</span> <span class='ocrx_word' id='word_1_64' title='bbox 569 649 818 703; x_wconf 84' lang='grc' dir='ltr'>περαιωθέντες</span> <span class='ocrx_word' id='word_1_65' title='bbox 833 649 906 689; x_wconf 83' lang='grc' dir='ltr'>τὸν</span> <span class='ocrx_word' id='word_1_66' title='bbox 935 646 1080 702; x_wconf 87' lang='grc' dir='ltr'>Ἴστρον</span> 
     </span>
     <span class='ocr_line' id='line_1_10' title="bbox 36 708 1079 765; baseline -0.004 -15"><span class='ocrx_word' id='word_1_67' title='bbox 36 713 153 755; x_wconf 86' lang='grc' dir='ltr'>πόλεις</span> <span class='ocrx_word' id='word_1_68' title='bbox 171 711 231 750; x_wconf 83' lang='grc' dir='ltr'>καὶ</span> <span class='ocrx_word' id='word_1_69' title='bbox 246 711 393 765; x_wconf 81' lang='grc' dir='ltr'>φρούρια</span> <span class='ocrx_word' id='word_1_70' title='bbox 410 712 559 749; x_wconf 89' lang='grc' dir='ltr'>πλεῖστα</span> <span class='ocrx_word' id='word_1_71' title='bbox 579 709 638 748; x_wconf 80' lang='grc' dir='ltr'>ἐπὶ</span> <span class='ocrx_word' id='word_1_72' title='bbox 651 726 701 760; x_wconf 88' lang='grc' dir='ltr'>τῳ</span> <span class='ocrx_word' id='word_1_73' title='bbox 719 724 869 762; x_wconf 83' lang='grc' dir='ltr'>ποταμῳ</span> <span class='ocrx_word' id='word_1_74' title='bbox 885 708 1079 747; x_wconf 86' lang='grc' dir='ltr'>ἐκάκωσαν.</span> 
     </span>
     <span class='ocr_line' id='line_1_11' title="bbox 37 762 1080 819; baseline -0.005 -8.937"><span class='ocrx_word' id='word_1_75' title='bbox 37 770 101 811; x_wconf 83' lang='grc' dir='ltr'>Ἐν</span> <span class='ocrx_word' id='word_1_76' title='bbox 119 763 168 814; x_wconf 75' lang='grc' dir='ltr'>οἷς</span> <span class='ocrx_word' id='word_1_77' title='bbox 189 769 248 808; x_wconf 78' lang='grc' dir='ltr'>καὶ</span> <span class='ocrx_word' id='word_1_78' title='bbox 265 769 304 807; x_wconf 86' lang='grc' dir='ltr'>τὸ</span> <span class='ocrx_word' id='word_1_79' title='bbox 325 768 528 819; x_wconf 86' lang='grc' dir='ltr'>Βιμινάκιον</span> <span class='ocrx_word' id='word_1_80' title='bbox 545 762 653 808; x_wconf 78' lang='grc' dir='ltr'>εἷλον·</span> <span class='ocrx_word' id='word_1_81' title='bbox 675 769 773 812; x_wconf 88' lang='grc' dir='ltr'>πόλις</span> <span class='ocrx_word' id='word_1_82' title='bbox 789 768 825 806; x_wconf 83' lang='grc' dir='ltr'>δὲ</span> <span class='ocrx_word' id='word_1_83' title='bbox 848 767 936 815; x_wconf 79' lang='grc' dir='ltr'>αὕτη</span> <span class='ocrx_word' id='word_1_84' title='bbox 958 784 1024 806; x_wconf 91' lang='grc' dir='ltr'>των</span> <span class='ocrx_word' id='word_1_85' title='bbox 1046 769 1080 805; x_wconf 80' lang='grc' dir='ltr'>ἐν</span> 
     </span>
     <span class='ocr_line' id='line_1_12' title="bbox 36 822 1081 882; baseline -0.005 -12.937"><span class='ocrx_word' id='word_1_86' title='bbox 36 828 215 882; x_wconf 84' lang='grc' dir='ltr'>Ἶλλυριοις</span> <span class='ocrx_word' id='word_1_87' title='bbox 242 831 390 869; x_wconf 81' lang='grc' dir='ltr'>Μυσυν.</span> <span class='ocrx_word' id='word_1_88' title='bbox 421 822 492 867; x_wconf 50' lang='grc' dir='ltr'>(Ων</span> <span class='ocrx_word' id='word_1_89' title='bbox 522 827 727 879; x_wconf 85' lang='grc' dir='ltr'>γινομένων,</span> <span class='ocrx_word' id='word_1_90' title='bbox 752 826 812 865; x_wconf 90' lang='grc' dir='ltr'>καί</span> <span class='ocrx_word' id='word_1_91' title='bbox 840 842 942 865; x_wconf 88' lang='grc' dir='ltr'>τινων</span> <span class='ocrx_word' id='word_1_92' title='bbox 972 828 1081 878; x_wconf 87' lang='grc' dir='ltr'>λογο-</span> 
     </span>
     <span class='ocr_line' id='line_1_13' title="bbox 36 885 1083 936; baseline -0.004 -9"><span class='ocrx_word' id='word_1_93' title='bbox 36 887 239 936; x_wconf 76' lang='grc' dir='ltr'>ποιούντων,</span> <span class='ocrx_word' id='word_1_94' title='bbox 273 905 319 932; x_wconf 83' lang='grc' dir='ltr'>ως</span> <span class='ocrx_word' id='word_1_95' title='bbox 352 890 370 926; x_wconf 85' lang='lat'>6</span> <span class='ocrx_word' id='word_1_96' title='bbox 399 886 586 931; x_wconf 86' lang='grc' dir='ltr'>ἐπίσκοπος</span> <span class='ocrx_word' id='word_1_97' title='bbox 618 886 791 934; x_wconf 82' lang='grc' dir='ltr'>ἐκδοθείη,</span> <span class='ocrx_word' id='word_1_98' title='bbox 822 885 912 924; x_wconf 82' lang='grc' dir='ltr'>ὥστε</span> <span class='ocrx_word' id='word_1_99' title='bbox 932 885 980 936; x_wconf 89' lang='grc' dir='ltr'>μὴ</span> <span class='ocrx_word' id='word_1_100' title='bbox 1011 885 1083 929; x_wconf 81' lang='grc' dir='ltr'>ἑνὸς</span> 
     </span>
     <span class='ocr_line' id='line_1_14' title="bbox 41 943 1083 1000; baseline -0.003 -14"><span class='ocrx_word' id='word_1_101' title='bbox 41 947 161 1000; x_wconf 74' lang='grc' dir='ltr'>ἀνδρὸς</span> <span class='ocrx_word' id='word_1_102' title='bbox 178 946 258 999; x_wconf 87' lang='grc' dir='ltr'>πέρι</span> <span class='ocrx_word' id='word_1_103' title='bbox 277 948 328 999; x_wconf 84' lang='grc' dir='ltr'>τῷ</span> <span class='ocrx_word' id='word_1_104' title='bbox 352 945 458 984; x_wconf 82' lang='grc' dir='ltr'>παντὶ</span> <span class='ocrx_word' id='word_1_105' title='bbox 478 945 666 996; x_wconf 86' lang='grc' dir='ltr'>Ῥωμαίων</span> <span class='ocrx_word' id='word_1_106' title='bbox 697 945 755 983; x_wconf 84' lang='grc' dir='ltr'>τὸν</span> <span class='ocrx_word' id='word_1_107' title='bbox 786 947 826 983; x_wconf 83' lang='grc' dir='ltr'>ἐκ</span> <span class='ocrx_word' id='word_1_108' title='bbox 845 948 906 983; x_wconf 75' lang='grc' dir='ltr'>τοῦ</span> <span class='ocrx_word' id='word_1_109' title='bbox 926 943 1083 994; x_wconf 85' lang='grc' dir='ltr'>πολέμου</span> 
     </span>
     <span class='ocr_line' id='line_1_15' title="bbox 39 1001 1084 1058; baseline -0.004 -14"><span class='ocrx_word' id='word_1_110' title='bbox 39 1007 235 1058; x_wconf 75' lang='grc' dir='ltr'>ἐπαχθῆναι</span> <span class='ocrx_word' id='word_1_111' title='bbox 263 1004 435 1053; x_wconf 84' lang='grc' dir='ltr'>κίνδυνον,</span> <span class='ocrx_word' id='word_1_112' title='bbox 462 1003 687 1050; x_wconf 75' lang='grc' dir='ltr'>ὑποτοπήσας</span> <span class='ocrx_word' id='word_1_113' title='bbox 706 1006 723 1041; x_wconf 98' lang='lat'>6</span> <span class='ocrx_word' id='word_1_114' title='bbox 741 1003 918 1056; x_wconf 86' lang='grc' dir='ltr'>ἄνθρωπος</span> <span class='ocrx_word' id='word_1_115' title='bbox 937 1001 1084 1050; x_wconf 85' lang='grc' dir='ltr'>ἐκδοθή-</span> 
     </span>
     <span class='ocr_line' id='line_1_16' title="bbox 39 1060 1085 1115; baseline -0.004 -12"><span class='ocrx_word' id='word_1_116' title='bbox 39 1067 179 1111; x_wconf 87' lang='grc' dir='ltr'>σεσθαι,</span> <span class='ocrx_word' id='word_1_117' title='bbox 197 1061 314 1102; x_wconf 86' lang='grc' dir='ltr'>λαθὼν</span> <span class='ocrx_word' id='word_1_118' title='bbox 347 1062 426 1107; x_wconf 73' lang='grc' dir='ltr'>τοὺς</span> <span class='ocrx_word' id='word_1_119' title='bbox 445 1064 479 1101; x_wconf 87' lang='grc' dir='ltr'>ἐν</span> <span class='ocrx_word' id='word_1_120' title='bbox 503 1065 553 1114; x_wconf 86' lang='grc' dir='ltr'>τῷ</span> <span class='ocrx_word' id='word_1_121' title='bbox 581 1062 677 1101; x_wconf 85' lang='grc' dir='ltr'>ἄστει</span> <span class='ocrx_word' id='word_1_122' title='bbox 698 1061 784 1115; x_wconf 78' lang='grc' dir='ltr'>πρὸς</span> <span class='ocrx_word' id='word_1_123' title='bbox 803 1060 882 1106; x_wconf 72' lang='grc' dir='ltr'>τοὺς</span> <span class='ocrx_word' id='word_1_124' title='bbox 900 1061 1085 1112; x_wconf 86' lang='grc' dir='ltr'>πολεμίους</span> 
     </span>
     <span class='ocr_line' id='line_1_17' title="bbox 41 1119 1085 1176; baseline -0.003 -15"><span class='ocrx_word' id='word_1_125' title='bbox 41 1121 297 1176; x_wconf 87' lang='grc' dir='ltr'>παραγίνεται,</span> <span class='ocrx_word' id='word_1_126' title='bbox 322 1121 382 1160; x_wconf 76' lang='grc' dir='ltr'>καὶ</span> <span class='ocrx_word' id='word_1_127' title='bbox 411 1123 526 1165; x_wconf 76' lang='grc' dir='ltr'>αὐτοῖς</span> <span class='ocrx_word' id='word_1_128' title='bbox 545 1121 768 1175; x_wconf 83' lang='grc' dir='ltr'>παραδώσειν</span> <span class='ocrx_word' id='word_1_129' title='bbox 786 1124 1007 1173; x_wconf 74' lang='grc' dir='ltr'>ὑπισχνεῖται</span> <span class='ocrx_word' id='word_1_130' title='bbox 1023 1119 1085 1167; x_wconf 79' lang='grc' dir='ltr'>τὴν</span> 
     </span>
     <span class='ocr_line' id='line_1_18' title="bbox 39 1179 1087 1232; baseline -0.004 -11"><span class='ocrx_word' id='word_1_131' title='bbox 39 1181 153 1229; x_wconf 89' lang='grc' dir='ltr'>πόλιν,</span> <span class='ocrx_word' id='word_1_132' title='bbox 170 1180 242 1232; x_wconf 88' lang='grc' dir='ltr'>εἴγε</span> <span class='ocrx_word' id='word_1_133' title='bbox 261 1179 407 1224; x_wconf 83' lang='grc' dir='ltr'>ἐπιεικές</span> <span class='ocrx_word' id='word_1_134' title='bbox 418 1196 452 1218; x_wconf 91' lang='grc' dir='ltr'>τι</span> <span class='ocrx_word' id='word_1_135' title='bbox 463 1182 494 1219; x_wconf 79' lang='grc' dir='ltr'>οἱ</span> <span class='ocrx_word' id='word_1_136' title='bbox 513 1183 581 1219; x_wconf 87' lang='grc' dir='ltr'>τῶν</span> <span class='ocrx_word' id='word_1_137' title='bbox 599 1182 743 1221; x_wconf 82' lang='grc' dir='ltr'>Σκυθῶν</span> <span class='ocrx_word' id='word_1_138' title='bbox 758 1179 1005 1232; x_wconf 79' lang='grc' dir='ltr'>βουλεύσαιντο</span> <span class='ocrx_word' id='word_1_139' title='bbox 1026 1182 1087 1232; x_wconf 87' lang='grc' dir='ltr'>βα-</span> 
     </span>
     <span class='ocr_line' id='line_1_19' title="bbox 45 1237 1087 1292; baseline -0.003 -13"><span class='ocrx_word' id='word_1_140' title='bbox 45 1242 166 1284; x_wconf 86' lang='grc' dir='ltr'>σιλεῖς.</span> <span class='ocrx_word' id='word_1_141' title='bbox 188 1241 235 1280; x_wconf 80' lang='grc' dir='ltr'>Οἳ</span> <span class='ocrx_word' id='word_1_142' title='bbox 249 1239 285 1279; x_wconf 81' lang='grc' dir='ltr'>δὲ</span> <span class='ocrx_word' id='word_1_143' title='bbox 305 1238 438 1292; x_wconf 80' lang='grc' dir='ltr'>ἔφασαν</span> <span class='ocrx_word' id='word_1_144' title='bbox 458 1240 574 1278; x_wconf 90' lang='grc' dir='ltr'>πάντα</span> <span class='ocrx_word' id='word_1_145' title='bbox 593 1238 751 1286; x_wconf 79' lang='grc' dir='ltr'>ποιήσειν</span> <span class='ocrx_word' id='word_1_146' title='bbox 766 1238 811 1277; x_wconf 85' lang='grc' dir='ltr'>τὰ</span> <span class='ocrx_word' id='word_1_147' title='bbox 829 1238 964 1291; x_wconf 79' lang='grc' dir='ltr'>ἀγαθὰ,</span> <span class='ocrx_word' id='word_1_148' title='bbox 982 1240 1011 1276; x_wconf 89' lang='grc' dir='ltr'>εἷ</span> <span class='ocrx_word' id='word_1_149' title='bbox 1023 1237 1087 1285; x_wconf 87' lang='grc' dir='ltr'>τὴν</span> 
     </span>
     <span class='ocr_line' id='line_1_20' title="bbox 42 1297 1088 1351; baseline -0.002 -14"><span class='ocrx_word' id='word_1_150' title='bbox 42 1301 147 1337; x_wconf 70' lang='grc' dir='ltr'>αὑτοῦ</span> <span class='ocrx_word' id='word_1_151' title='bbox 165 1298 243 1351; x_wconf 85' lang='grc' dir='ltr'>ἄγοι</span> <span class='ocrx_word' id='word_1_152' title='bbox 254 1300 286 1342; x_wconf 87' lang='grc' dir='ltr'>ἐς</span> <span class='ocrx_word' id='word_1_153' title='bbox 299 1297 396 1351; x_wconf 85' lang='grc' dir='ltr'>ἔργον</span> <span class='ocrx_word' id='word_1_154' title='bbox 411 1297 615 1350; x_wconf 75' lang='grc' dir='ltr'>ὑπόσχεσιν.</span> <span class='ocrx_word' id='word_1_155' title='bbox 634 1297 762 1342; x_wconf 81' lang='grc' dir='ltr'>Δεξιῶν</span> <span class='ocrx_word' id='word_1_156' title='bbox 781 1312 819 1335; x_wconf 90' lang='grc' dir='ltr'>τε</span> <span class='ocrx_word' id='word_1_157' title='bbox 828 1297 889 1335; x_wconf 80' lang='grc' dir='ltr'>καὶ</span> <span class='ocrx_word' id='word_1_158' title='bbox 903 1297 1013 1350; x_wconf 75' lang='grc' dir='ltr'>ὅρκων</span> <span class='ocrx_word' id='word_1_159' title='bbox 1030 1297 1088 1336; x_wconf 79' lang='grc' dir='ltr'>ἐπὶ</span> 
     </span>
     <span class='ocr_line' id='line_1_21' title="bbox 41 1354 1089 1411; baseline -0.002 -16"><span class='ocrx_word' id='word_1_160' title='bbox 41 1362 115 1401; x_wconf 85' lang='grc' dir='ltr'>τοῖς</span> <span class='ocrx_word' id='word_1_161' title='bbox 123 1355 317 1411; x_wconf 73' lang='grc' dir='ltr'>εἰρημένοις</span> <span class='ocrx_word' id='word_1_162' title='bbox 331 1355 513 1407; x_wconf 79' lang='grc' dir='ltr'>δοθέντων,</span> <span class='ocrx_word' id='word_1_163' title='bbox 524 1356 612 1407; x_wconf 89' lang='grc' dir='ltr'>μετὰ</span> <span class='ocrx_word' id='word_1_164' title='bbox 621 1356 838 1410; x_wconf 75' lang='grc' dir='ltr'>βαρὸαρικῆς</span> <span class='ocrx_word' id='word_1_165' title='bbox 848 1354 1089 1403; x_wconf 89' lang='grc' dir='ltr'>πολυπληθίας</span> 
     </span>
     <span class='ocr_line' id='line_1_22' title="bbox 43 1414 1087 1468; baseline -0.003 -13"><span class='ocrx_word' id='word_1_166' title='bbox 43 1417 76 1461; x_wconf 79' lang='grc' dir='ltr'>ἐς</span> <span class='ocrx_word' id='word_1_167' title='bbox 93 1415 156 1463; x_wconf 79' lang='grc' dir='ltr'>τὴν</span> <span class='ocrx_word' id='word_1_168' title='bbox 176 1414 383 1464; x_wconf 83' lang='grc' dir='ltr'>Ῥωμαϊκὴν</span> <span class='ocrx_word' id='word_1_169' title='bbox 400 1414 556 1453; x_wconf 83' lang='grc' dir='ltr'>ἐπάνεισι</span> <span class='ocrx_word' id='word_1_170' title='bbox 577 1418 655 1466; x_wconf 73' lang='grc' dir='ltr'>γῆν,</span> <span class='ocrx_word' id='word_1_171' title='bbox 685 1415 745 1454; x_wconf 84' lang='grc' dir='ltr'>καὶ</span> <span class='ocrx_word' id='word_1_172' title='bbox 764 1414 895 1461; x_wconf 84' lang='grc' dir='ltr'>ταύτην</span> <span class='ocrx_word' id='word_1_173' title='bbox 914 1416 1087 1468; x_wconf 87' lang='grc' dir='ltr'>προλοχί-</span> 
     </span>
     <span class='ocr_line' id='line_1_23' title="bbox 43 1473 1088 1527; baseline -0.002 -14"><span class='ocrx_word' id='word_1_174' title='bbox 43 1490 107 1519; x_wconf 87' lang='grc' dir='ltr'>σας</span> <span class='ocrx_word' id='word_1_175' title='bbox 122 1473 262 1527; x_wconf 77' lang='grc' dir='ltr'>ἀντικρὺ</span> <span class='ocrx_word' id='word_1_176' title='bbox 278 1476 339 1521; x_wconf 71' lang='grc' dir='ltr'>τῆς</span> <span class='ocrx_word' id='word_1_177' title='bbox 358 1473 463 1526; x_wconf 86' lang='grc' dir='ltr'>ὄχθης</span> <span class='ocrx_word' id='word_1_178' title='bbox 481 1473 602 1518; x_wconf 89' lang='grc' dir='ltr'>νυκτὸς</span> <span class='ocrx_word' id='word_1_179' title='bbox 618 1473 832 1521; x_wconf 87' lang='grc' dir='ltr'>διανίστησιν</span> <span class='ocrx_word' id='word_1_180' title='bbox 852 1475 892 1512; x_wconf 82' lang='grc' dir='ltr'>ἐκ</span> <span class='ocrx_word' id='word_1_181' title='bbox 912 1473 1088 1524; x_wconf 83' lang='grc' dir='ltr'>συνθήμα-</span> 
     </span>
     <span class='ocr_line' id='line_1_24' title="bbox 43 1532 1090 1585; baseline -0.004 -12"><span class='ocrx_word' id='word_1_182' title='bbox 43 1549 116 1582; x_wconf 85' lang='grc' dir='ltr'>τος,</span> <span class='ocrx_word' id='word_1_183' title='bbox 132 1549 192 1573; x_wconf 83' lang='grc' dir='ltr'>και</span> <span class='ocrx_word' id='word_1_184' title='bbox 208 1533 274 1572; x_wconf 76' lang='grc' dir='ltr'>ὑπὸ</span> <span class='ocrx_word' id='word_1_185' title='bbox 292 1534 361 1577; x_wconf 81' lang='grc' dir='ltr'>τοῖς</span> <span class='ocrx_word' id='word_1_186' title='bbox 391 1533 592 1578; x_wconf 82' lang='grc' dir='ltr'>ἀντιπάλοις</span> <span class='ocrx_word' id='word_1_187' title='bbox 607 1532 670 1580; x_wconf 84' lang='grc' dir='ltr'>τὴν</span> <span class='ocrx_word' id='word_1_188' title='bbox 686 1532 789 1572; x_wconf 90' lang='grc' dir='ltr'>πόλιν</span> <span class='ocrx_word' id='word_1_189' title='bbox 808 1538 912 1572; x_wconf 89' lang='grc' dir='ltr'>ποιεῖ.</span> <span class='ocrx_word' id='word_1_190' title='bbox 930 1532 1090 1585; x_wconf 77' lang='grc' dir='ltr'>Δῃωθεί-</span> 
     </span>
     <span class='ocr_line' id='line_1_25' title="bbox 44 1591 1090 1659; baseline -0.001 -28"><span class='ocrx_word' id='word_1_191' title='bbox 44 1608 107 1640; x_wconf 84' lang='grc' dir='ltr'>σης</span> <span class='ocrx_word' id='word_1_192' title='bbox 140 1592 176 1631; x_wconf 89' lang='grc' dir='ltr'>δὲ</span> <span class='ocrx_word' id='word_1_193' title='bbox 207 1609 270 1640; x_wconf 89' lang='grc' dir='ltr'>της</span> <span class='ocrx_word' id='word_1_194' title='bbox 299 1592 448 1644; x_wconf 91' lang='grc' dir='ltr'>Μάργου</span> <span class='ocrx_word' id='word_1_195' title='bbox 478 1591 537 1630; x_wconf 84' lang='grc' dir='ltr'>τὸν</span> <span class='ocrx_word' id='word_1_196' title='bbox 565 1592 692 1659; x_wconf 84' lang='grc' dir='ltr'>τρόπον</span> <span class='ocrx_word' id='word_1_197' title='bbox 722 1606 856 1639; x_wconf 89' lang='grc' dir='ltr'>τουτον,</span> <span class='ocrx_word' id='word_1_198' title='bbox 886 1592 943 1630; x_wconf 79' lang='grc' dir='ltr'>ἐπὶ</span> <span class='ocrx_word' id='word_1_199' title='bbox 975 1593 1090 1643; x_wconf 84' lang='grc' dir='ltr'>μεῖζον</span> 
     </span>
    </p>
   </div>
   <div class='ocr_carea' id='block_1_3' title="bbox 43 1644 1088 1756">
    <p class='ocr_par' dir='ltr' id='par_1_3' title="bbox 43 1644 1088 1756">
     <span class='ocr_line' id='line_1_26' title="bbox 43 1644 1088 1698; baseline -0.002 -14"><span class='ocrx_word' id='word_1_200' title='bbox 43 1645 175 1693; x_wconf 77' lang='grc' dir='ltr'>ηὐξήθη</span> <span class='ocrx_word' id='word_1_201' title='bbox 196 1644 239 1684; x_wconf 80' lang='grc' dir='ltr'>τὰ</span> <span class='ocrx_word' id='word_1_202' title='bbox 255 1660 322 1684; x_wconf 87' lang='grc' dir='ltr'>των</span> <span class='ocrx_word' id='word_1_203' title='bbox 347 1645 536 1698; x_wconf 74' lang='grc' dir='ltr'>βαρὸάρων</span> <span class='ocrx_word' id='word_1_204' title='bbox 557 1645 769 1698; x_wconf 86' lang='grc' dir='ltr'>πράγματα.</span> <span class='ocrx_word' id='word_1_205' title='bbox 789 1646 847 1686; x_wconf 90' lang='lat' dir='ltr'>Cf.</span> <span class='ocrx_word' id='word_1_206' title='bbox 870 1647 1088 1684; x_wconf 84' lang='lat' dir='ltr'><strong>Tillernont.</strong></span> 
     </span>
     <span class='ocr_line' id='line_1_27' title="bbox 44 1705 686 1756; baseline -0.003 -13"><span class='ocrx_word' id='word_1_207' title='bbox 44 1707 175 1756; x_wconf 87' lang='lat' dir='ltr'><strong>V1‚p.</strong></span> <span class='ocrx_word' id='word_1_208' title='bbox 198 1705 273 1756; x_wconf 87' lang='lat'>96;</span> <span class='ocrx_word' id='word_1_209' title='bbox 288 1705 458 1744; x_wconf 89' lang='lat' dir='ltr'><strong>Gibbon.</strong></span> <span class='ocrx_word' id='word_1_210' title='bbox 473 1707 540 1755; x_wconf 87' lang='lat' dir='ltr'>VI,</span> <span class='ocrx_word' id='word_1_211' title='bbox 556 1717 597 1755; x_wconf 90' lang='lat' dir='ltr'>p.</span> <span class='ocrx_word' id='word_1_212' title='bbox 623 1709 686 1749; x_wconf 78' lang='lat'>41.</span> 
     </span>
    </p>
   </div>
   <div class='ocr_carea' id='block_1_4' title="bbox 286 1810 851 1863">
    <p class='ocr_par' dir='ltr' id='par_1_4' title="bbox 286 1810 851 1863">
     <span class='ocr_line' id='line_1_28' title="bbox 286 1810 851 1863; baseline 0 -15"><span class='ocrx_word' id='word_1_213' title='bbox 286 1811 323 1850; x_wconf 86' lang='lat'>3.</span> <span class='ocrx_word' id='word_1_214' title='bbox 349 1810 453 1861; x_wconf 76' lang='lat'><strong>(442.</strong></span> <span class='ocrx_word' id='word_1_215' title='bbox 472 1811 663 1849; x_wconf 88' lang='lat' dir='ltr'><strong>Theodos.</strong></span> <span class='ocrx_word' id='word_1_216' title='bbox 690 1824 751 1851; x_wconf 86' lang='lat' dir='ltr'>an.</span> <span class='ocrx_word' id='word_1_217' title='bbox 771 1811 851 1863; x_wconf 85' lang='lat'><strong>35.)</strong></span> 
     </span>
    </p>
   </div>
   <div class='ocr_carea' id='block_1_5' title="bbox 47 1902 1096 2423">
    <p class='ocr_par' dir='ltr' id='par_1_5' title="bbox 47 1902 1096 2423">
     <span class='ocr_line' id='line_1_29' title="bbox 98 1902 1092 1957; baseline 0 -16"><span class='ocrx_word' id='word_1_218' title='bbox 98 1905 247 1941; x_wconf 86' lang='lat' dir='ltr'>Ibidem</span> <span class='ocrx_word' id='word_1_219' title='bbox 262 1918 302 1955; x_wconf 87' lang='lat' dir='ltr'>p.</span> <span class='ocrx_word' id='word_1_220' title='bbox 326 1905 373 1949; x_wconf 75' lang='lat'>34</span> <span class='ocrx_word' id='word_1_221' title='bbox 393 1918 402 1941; x_wconf 71' lang='grc' dir='ltr'>ε</span> <span class='ocrx_word' id='word_1_222' title='bbox 422 1902 509 1943; x_wconf 83' lang='grc' dir='ltr'>’Ότι</span> <span class='ocrx_word' id='word_1_223' title='bbox 526 1903 583 1942; x_wconf 81' lang='grc' dir='ltr'>ἐπὶ</span> <span class='ocrx_word' id='word_1_224' title='bbox 603 1903 793 1943; x_wconf 84' lang='grc' dir='ltr'>Θεοδοσίου</span> <span class='ocrx_word' id='word_1_225' title='bbox 807 1907 867 1943; x_wconf 79' lang='grc' dir='ltr'>τοῦ</span> <span class='ocrx_word' id='word_1_226' title='bbox 884 1907 1007 1957; x_wconf 75' lang='grc' dir='ltr'>μικροῦ</span> <span class='ocrx_word' id='word_1_227' title='bbox 1031 1907 1092 1957; x_wconf 88' lang='grc' dir='ltr'>βα-</span> 
     </span>
     <span class='ocr_line' id='line_1_30' title="bbox 47 1961 1090 2015; baseline 0 -15"><span class='ocrx_word' id='word_1_228' title='bbox 47 1962 168 2006; x_wconf 79' lang='grc' dir='ltr'>σιλέως</span> <span class='ocrx_word' id='word_1_229' title='bbox 194 1962 363 2009; x_wconf 83' lang='grc' dir='ltr'>Ἀττήλας</span> <span class='ocrx_word' id='word_1_230' title='bbox 387 1965 404 2000; x_wconf 94' lang='lat'>6</span> <span class='ocrx_word' id='word_1_231' title='bbox 428 1965 497 2001; x_wconf 82' lang='grc' dir='ltr'>τῶν</span> <span class='ocrx_word' id='word_1_232' title='bbox 527 1961 669 2002; x_wconf 89' lang='grc' dir='ltr'>Οὔννων</span> <span class='ocrx_word' id='word_1_233' title='bbox 701 1961 864 2015; x_wconf 80' lang='grc' dir='ltr'>βασιλεὺς</span> <span class='ocrx_word' id='word_1_234' title='bbox 883 1962 940 2001; x_wconf 80' lang='grc' dir='ltr'>τὸν</span> <span class='ocrx_word' id='word_1_235' title='bbox 966 1964 1090 2001; x_wconf 87' lang='grc' dir='ltr'>οἰκεῖον</span> 
     </span>
     <span class='ocr_line' id='line_1_31' title="bbox 48 2019 1093 2074; baseline -0.001 -15"><span class='ocrx_word' id='word_1_236' title='bbox 48 2020 196 2074; x_wconf 82' lang='grc' dir='ltr'>στρατὸν</span> <span class='ocrx_word' id='word_1_237' title='bbox 216 2020 355 2072; x_wconf 86' lang='grc' dir='ltr'>ἀγείρας</span> <span class='ocrx_word' id='word_1_238' title='bbox 377 2020 571 2071; x_wconf 84' lang='grc' dir='ltr'>γράμματα</span> <span class='ocrx_word' id='word_1_239' title='bbox 590 2021 723 2072; x_wconf 84' lang='grc' dir='ltr'>πέμπει</span> <span class='ocrx_word' id='word_1_240' title='bbox 740 2019 838 2073; x_wconf 84' lang='grc' dir='ltr'>παρὰ</span> <span class='ocrx_word' id='word_1_241' title='bbox 857 2020 915 2059; x_wconf 82' lang='grc' dir='ltr'>τὸν</span> <span class='ocrx_word' id='word_1_242' title='bbox 946 2020 1093 2073; x_wconf 83' lang='grc' dir='ltr'>βασιλέα</span> 
     </span>
     <span class='ocr_line' id='line_1_32' title="bbox 48 2078 1094 2133; baseline -0.001 -15"><span class='ocrx_word' id='word_1_243' title='bbox 48 2082 116 2118; x_wconf 81' lang='grc' dir='ltr'>τῶν</span> <span class='ocrx_word' id='word_1_244' title='bbox 136 2095 174 2118; x_wconf 91' lang='grc' dir='ltr'>τε</span> <span class='ocrx_word' id='word_1_245' title='bbox 193 2079 355 2133; x_wconf 85' lang='grc' dir='ltr'>φυγάδων</span> <span class='ocrx_word' id='word_1_246' title='bbox 375 2078 436 2117; x_wconf 79' lang='grc' dir='ltr'>καὶ</span> <span class='ocrx_word' id='word_1_247' title='bbox 460 2082 527 2117; x_wconf 80' lang='grc' dir='ltr'>τῶν</span> <span class='ocrx_word' id='word_1_248' title='bbox 557 2079 670 2132; x_wconf 87' lang='grc' dir='ltr'>φόρων</span> <span class='ocrx_word' id='word_1_249' title='bbox 697 2079 799 2132; x_wconf 85' lang='grc' dir='ltr'>πέρι,</span> <span class='ocrx_word' id='word_1_250' title='bbox 827 2079 902 2118; x_wconf 82' lang='grc' dir='ltr'>ὅσοι</span> <span class='ocrx_word' id='word_1_251' title='bbox 921 2079 1094 2133; x_wconf 78' lang='grc' dir='ltr'>προφάσει</span> 
     </span>
     <span class='ocr_line' id='line_1_33' title="bbox 47 2137 1094 2189; baseline -0.001 -13"><span class='ocrx_word' id='word_1_252' title='bbox 47 2138 147 2176; x_wconf 73' lang='grc' dir='ltr'>τοῦδε</span> <span class='ocrx_word' id='word_1_253' title='bbox 171 2141 232 2176; x_wconf 78' lang='grc' dir='ltr'>τοῦ</span> <span class='ocrx_word' id='word_1_254' title='bbox 249 2137 403 2187; x_wconf 87' lang='grc' dir='ltr'>πολέμου</span> <span class='ocrx_word' id='word_1_255' title='bbox 422 2139 485 2176; x_wconf 81' lang='grc' dir='ltr'>οὐκ</span> <span class='ocrx_word' id='word_1_256' title='bbox 511 2137 686 2185; x_wconf 82' lang='grc' dir='ltr'>ἕδέδοντο,</span> <span class='ocrx_word' id='word_1_257' title='bbox 708 2137 771 2184; x_wconf 86' lang='grc' dir='ltr'>τὴν</span> <span class='ocrx_word' id='word_1_258' title='bbox 798 2137 968 2189; x_wconf 83' lang='grc' dir='ltr'>ταχίστην</span> <span class='ocrx_word' id='word_1_259' title='bbox 985 2139 1015 2175; x_wconf 85' lang='grc' dir='ltr'>οἱ</span> <span class='ocrx_word' id='word_1_260' title='bbox 1035 2139 1094 2175; x_wconf 82' lang='grc' dir='ltr'>ἐκ·</span> 
     </span>
     <span class='ocr_line' id='line_1_34' title="bbox 47 2194 1093 2248; baseline -0.001 -14"><span class='ocrx_word' id='word_1_261' title='bbox 47 2196 249 2247; x_wconf 86' lang='grc' dir='ltr'>πέμπεσθαι</span> <span class='ocrx_word' id='word_1_262' title='bbox 261 2194 592 2248; x_wconf 86' lang='grc' dir='ltr'>παρακελευόμενος·</span> <span class='ocrx_word' id='word_1_263' title='bbox 605 2195 795 2241; x_wconf 83' lang='grc' dir='ltr'>συντάξεως</span> <span class='ocrx_word' id='word_1_264' title='bbox 809 2196 850 2242; x_wconf 82' lang='grc' dir='ltr'>δὴ</span> <span class='ocrx_word' id='word_1_265' title='bbox 867 2195 992 2234; x_wconf 67' lang='grc' dir='ltr'>ἕνεκα*</span> <span class='ocrx_word' id='word_1_266' title='bbox 1009 2196 1093 2246; x_wconf 86' lang='grc' dir='ltr'>μέλ·</span> 
     </span>
     <span class='ocr_line' id='line_1_35' title="bbox 48 2253 1096 2307; baseline -0.001 -14"><span class='ocrx_word' id='word_1_267' title='bbox 48 2256 165 2298; x_wconf 90' lang='grc' dir='ltr'>λοντος</span> <span class='ocrx_word' id='word_1_268' title='bbox 185 2254 290 2307; x_wconf 84' lang='grc' dir='ltr'>φόρου</span> <span class='ocrx_word' id='word_1_269' title='bbox 310 2254 394 2307; x_wconf 89' lang='grc' dir='ltr'>παρ’</span> <span class='ocrx_word' id='word_1_270' title='bbox 414 2254 517 2292; x_wconf 80' lang='grc' dir='ltr'>αὐτὸν</span> <span class='ocrx_word' id='word_1_271' title='bbox 534 2254 697 2307; x_wconf 66' lang='grc' dir='ltr'>πρέσὸεις</span> <span class='ocrx_word' id='word_1_272' title='bbox 730 2253 808 2298; x_wconf 80' lang='grc' dir='ltr'>τοὺς</span> <span class='ocrx_word' id='word_1_273' title='bbox 836 2254 1096 2306; x_wconf 82' lang='grc' dir='ltr'>διαλεξομένους</span> 
     </span>
     <span class='ocr_line' id='line_1_36' title="bbox 50 2311 1096 2367; baseline -0.001 -15"><span class='ocrx_word' id='word_1_274' title='bbox 50 2314 290 2367; x_wconf 77' lang='grc' dir='ltr'>ἀφικνεῖσθαι,</span> <span class='ocrx_word' id='word_1_275' title='bbox 309 2316 373 2361; x_wconf 83' lang='grc' dir='ltr'>ὡς,</span> <span class='ocrx_word' id='word_1_276' title='bbox 391 2314 420 2351; x_wconf 86' lang='grc' dir='ltr'>εἰ</span> <span class='ocrx_word' id='word_1_277' title='bbox 440 2313 650 2363; x_wconf 87' lang='grc' dir='ltr'>μελλήσειαν</span> <span class='ocrx_word' id='word_1_278' title='bbox 669 2311 691 2360; x_wconf 87' lang='grc' dir='ltr'>ἢ</span> <span class='ocrx_word' id='word_1_279' title='bbox 708 2313 793 2365; x_wconf 86' lang='grc' dir='ltr'>πρὸς</span> <span class='ocrx_word' id='word_1_280' title='bbox 815 2313 967 2364; x_wconf 87' lang='grc' dir='ltr'>πόλεμον</span> <span class='ocrx_word' id='word_1_281' title='bbox 987 2312 1096 2365; x_wconf 82' lang='grc' dir='ltr'>ὁρμή-</span> 
     </span>
     <span class='ocr_line' id='line_1_37' title="bbox 51 2371 1093 2423; baseline -0.001 -12"><span class='ocrx_word' id='word_1_282' title='bbox 51 2387 162 2423; x_wconf 83' lang='grc' dir='ltr'>σειαν,</span> <span class='ocrx_word' id='word_1_283' title='bbox 194 2373 271 2411; x_wconf 82' lang='grc' dir='ltr'>οὐδὲ</span> <span class='ocrx_word' id='word_1_284' title='bbox 296 2372 398 2410; x_wconf 82' lang='grc' dir='ltr'>αὐτὸν</span> <span class='ocrx_word' id='word_1_285' title='bbox 427 2372 478 2410; x_wconf 85' lang='grc' dir='ltr'>ἔτι</span> <span class='ocrx_word' id='word_1_286' title='bbox 506 2372 666 2410; x_wconf 82' lang='grc' dir='ltr'>ἐθέλοντα</span> <span class='ocrx_word' id='word_1_287' title='bbox 695 2371 734 2410; x_wconf 79' lang='grc' dir='ltr'>τὸ</span> <span class='ocrx_word' id='word_1_288' title='bbox 759 2372 931 2411; x_wconf 86' lang='grc' dir='ltr'>Σκυθικὸν</span> <span class='ocrx_word' id='word_1_289' title='bbox 963 2372 1093 2423; x_wconf 79' lang='grc' dir='ltr'>ἐφέξειν</span> 
     </span>
    </p>
   </div>
   <div class='ocr_carea' id='block_1_6' title="bbox 53 2483 1113 3412">
    <p class='ocr_par' dir='ltr' id='par_1_6' title="bbox 53 2483 1113 3412">
     <span class='ocr_line' id='line_1_38' title="bbox 53 2483 1103 2524; baseline -0.001 -8"><span class='ocrx_word' id='word_1_290' title='bbox 53 2485 185 2517; x_wconf 87' lang='lat' dir='ltr'><strong>laturos.</strong></span> <span class='ocrx_word' id='word_1_291' title='bbox 215 2486 298 2522; x_wconf 84' lang='lat' dir='ltr'><strong>Quae</strong></span> <span class='ocrx_word' id='word_1_292' title='bbox 319 2492 421 2524; x_wconf 87' lang='lat' dir='ltr'><strong>quum</strong></span> <span class='ocrx_word' id='word_1_293' title='bbox 437 2484 573 2516; x_wconf 84' lang='lat' dir='ltr'><strong>Romani</strong></span> <span class='ocrx_word' id='word_1_294' title='bbox 592 2493 668 2516; x_wconf 88' lang='lat' dir='ltr'><strong>vera</strong></span> <span class='ocrx_word' id='word_1_295' title='bbox 686 2493 753 2516; x_wconf 85' lang='lat' dir='ltr'><strong>esse</strong></span> <span class='ocrx_word' id='word_1_296' title='bbox 776 2485 947 2524; x_wconf 81' lang='lat' dir='ltr'>negarent,</span> <span class='ocrx_word' id='word_1_297' title='bbox 973 2483 1103 2516; x_wconf 86' lang='lat' dir='ltr'><strong>barbari</strong></span> 
     </span>
     <span class='ocr_line' id='line_1_39' title="bbox 53 2536 1103 2578; baseline -0.002 -8"><span class='ocrx_word' id='word_1_298' title='bbox 53 2546 134 2570; x_wconf 81' lang='lat' dir='ltr'><strong>vero</strong></span> <span class='ocrx_word' id='word_1_299' title='bbox 160 2537 195 2569; x_wconf 88' lang='lat' dir='ltr'>in</span> <span class='ocrx_word' id='word_1_300' title='bbox 211 2546 322 2569; x_wconf 90' lang='lat' dir='ltr'><strong>eorum</strong></span> <span class='ocrx_word' id='word_1_301' title='bbox 357 2546 431 2577; x_wconf 80' lang='lat' dir='ltr'><strong>quae</strong></span> <span class='ocrx_word' id='word_1_302' title='bbox 459 2537 610 2569; x_wconf 81' lang='lat' dir='ltr'>dicebant</span> <span class='ocrx_word' id='word_1_303' title='bbox 635 2537 698 2570; x_wconf 84' lang='lat' dir='ltr'>fide</span> <span class='ocrx_word' id='word_1_304' title='bbox 724 2539 922 2578; x_wconf 79' lang='lat' dir='ltr'>perstarent,</span> <span class='ocrx_word' id='word_1_305' title='bbox 946 2536 1103 2577; x_wconf 77' lang='lat' dir='ltr'><strong>iudicium</strong></span> 
     </span>
     <span class='ocr_line' id='line_1_40' title="bbox 55 2588 1104 2630; baseline 0 -10"><span class='ocrx_word' id='word_1_306' title='bbox 55 2588 186 2630; x_wconf 90' lang='lat' dir='ltr'><strong>quidem</strong></span> <span class='ocrx_word' id='word_1_307' title='bbox 203 2588 243 2621; x_wconf 87' lang='lat' dir='ltr'>de</span> <span class='ocrx_word' id='word_1_308' title='bbox 273 2589 322 2620; x_wconf 79' lang='lat' dir='ltr'>his</span> <span class='ocrx_word' id='word_1_309' title='bbox 349 2597 422 2628; x_wconf 79' lang='lat' dir='ltr'><strong>quae</strong></span> <span class='ocrx_word' id='word_1_310' title='bbox 453 2589 486 2620; x_wconf 89' lang='lat' dir='ltr'>in</span> <span class='ocrx_word' id='word_1_311' title='bbox 521 2589 725 2621; x_wconf 68' lang='lat' dir='ltr'>contentione</span> <span class='ocrx_word' id='word_1_312' title='bbox 748 2589 851 2630; x_wconf 85' lang='lat' dir='ltr'><strong>posita</strong></span> <span class='ocrx_word' id='word_1_313' title='bbox 877 2590 968 2621; x_wconf 90' lang='lat' dir='ltr'><strong>erant</strong></span> <span class='ocrx_word' id='word_1_314' title='bbox 997 2589 1104 2621; x_wconf 87' lang='lat' dir='ltr'><strong>subire</strong></span> 
     </span>
     <span class='ocr_line' id='line_1_41' title="bbox 56 2640 1103 2681; baseline -0.001 -8"><span class='ocrx_word' id='word_1_315' title='bbox 56 2640 188 2673; x_wconf 90' lang='lat' dir='ltr'><strong>minime</strong></span> <span class='ocrx_word' id='word_1_316' title='bbox 204 2641 396 2680; x_wconf 86' lang='lat' dir='ltr'><strong>voluerunt,</strong></span> <span class='ocrx_word' id='word_1_317' title='bbox 411 2640 466 2672; x_wconf 88' lang='lat' dir='ltr'>sed</span> <span class='ocrx_word' id='word_1_318' title='bbox 491 2640 532 2672; x_wconf 89' lang='lat' dir='ltr'>ad</span> <span class='ocrx_word' id='word_1_319' title='bbox 551 2641 671 2672; x_wconf 89' lang='lat' dir='ltr'><strong>bellum</strong></span> <span class='ocrx_word' id='word_1_320' title='bbox 697 2641 841 2673; x_wconf 86' lang='lat' dir='ltr'><strong>conversi</strong></span> <span class='ocrx_word' id='word_1_321' title='bbox 867 2643 952 2673; x_wconf 88' lang='lat' dir='ltr'><strong>sunt.</strong></span> <span class='ocrx_word' id='word_1_322' title='bbox 978 2643 1103 2681; x_wconf 87' lang='lat' dir='ltr'><strong>Itaque,</strong></span> 
     </span>
     <span class='ocr_line' id='line_1_42' title="bbox 54 2691 1106 2733; baseline 0 -9"><span class='ocrx_word' id='word_1_323' title='bbox 54 2692 240 2725; x_wconf 83' lang='lat' dir='ltr'><strong>transmisso</strong></span> <span class='ocrx_word' id='word_1_324' title='bbox 256 2694 356 2730; x_wconf 88' lang='lat' dir='ltr'><strong>Istro,</strong></span> <span class='ocrx_word' id='word_1_325' title='bbox 373 2691 497 2733; x_wconf 79' lang='lat' dir='ltr'><strong>oppidis</strong></span> <span class='ocrx_word' id='word_1_326' title='bbox 515 2693 547 2724; x_wconf 89' lang='lat' dir='ltr'>et</span> <span class='ocrx_word' id='word_1_327' title='bbox 559 2692 697 2724; x_wconf 78' lang='lat' dir='ltr'><strong>castellis</strong></span> <span class='ocrx_word' id='word_1_328' title='bbox 714 2692 753 2724; x_wconf 90' lang='lat' dir='ltr'>ad</span> <span class='ocrx_word' id='word_1_329' title='bbox 769 2693 869 2733; x_wconf 81' lang='lat' dir='ltr'><strong>ripam</strong></span> <span class='ocrx_word' id='word_1_330' title='bbox 885 2693 952 2724; x_wconf 88' lang='lat' dir='ltr'><strong>sitis</strong></span> <span class='ocrx_word' id='word_1_331' title='bbox 968 2692 1106 2733; x_wconf 87' lang='lat' dir='ltr'><strong>plurima</strong></span> 
     </span>
     <span class='ocr_line' id='line_1_43' title="bbox 55 2745 1105 2786; baseline -0.002 -8"><span class='ocrx_word' id='word_1_332' title='bbox 55 2746 174 2778; x_wconf 88' lang='lat' dir='ltr'><strong>damna</strong></span> <span class='ocrx_word' id='word_1_333' title='bbox 185 2745 375 2785; x_wconf 85' lang='lat' dir='ltr'><strong>intulerunt,</strong></span> <span class='ocrx_word' id='word_1_334' title='bbox 392 2747 424 2777; x_wconf 91' lang='lat' dir='ltr'>et</span> <span class='ocrx_word' id='word_1_335' title='bbox 436 2745 519 2777; x_wconf 89' lang='lat' dir='ltr'><strong>inter</strong></span> <span class='ocrx_word' id='word_1_336' title='bbox 531 2748 637 2777; x_wconf 90' lang='lat' dir='ltr'><strong>cetera</strong></span> <span class='ocrx_word' id='word_1_337' title='bbox 650 2745 881 2786; x_wconf 84' lang='lat' dir='ltr'><strong>Viminacium,</strong></span> <span class='ocrx_word' id='word_1_338' title='bbox 898 2755 972 2786; x_wconf 82' lang='lat' dir='ltr'><strong>quae</strong></span> <span class='ocrx_word' id='word_1_339' title='bbox 988 2748 1105 2777; x_wconf 85' lang='lat' dir='ltr'><strong>Moeso-</strong></span> 
     </span>
     <span class='ocr_line' id='line_1_44' title="bbox 57 2797 1106 2838; baseline 0 -9"><span class='ocrx_word' id='word_1_340' title='bbox 57 2807 129 2830; x_wconf 89' lang='lat' dir='ltr'>rum</span> <span class='ocrx_word' id='word_1_341' title='bbox 145 2797 223 2829; x_wconf 89' lang='lat' dir='ltr'><strong>urbs</strong></span> <span class='ocrx_word' id='word_1_342' title='bbox 240 2798 288 2829; x_wconf 87' lang='lat' dir='ltr'>est</span> <span class='ocrx_word' id='word_1_343' title='bbox 301 2797 332 2828; x_wconf 94' lang='lat' dir='ltr'>in</span> <span class='ocrx_word' id='word_1_344' title='bbox 347 2797 487 2837; x_wconf 87' lang='lat' dir='ltr'><strong>Illyrico,</strong></span> <span class='ocrx_word' id='word_1_345' title='bbox 501 2798 666 2838; x_wconf 82' lang='lat' dir='ltr'><strong>ceperunt.</strong></span> <span class='ocrx_word' id='word_1_346' title='bbox 689 2798 743 2830; x_wconf 84' lang='lat' dir='ltr'>His</span> <span class='ocrx_word' id='word_1_347' title='bbox 756 2798 868 2837; x_wconf 82' lang='lat' dir='ltr'><strong>gestis,</strong></span> <span class='ocrx_word' id='word_1_348' title='bbox 885 2806 987 2838; x_wconf 90' lang='lat' dir='ltr'><strong>quum</strong></span> <span class='ocrx_word' id='word_1_349' title='bbox 1012 2797 1106 2829; x_wconf 85' lang='lat' dir='ltr'><strong>multi</strong></span> 
     </span>
     <span class='ocr_line' id='line_1_45' title="bbox 57 2848 1108 2890; baseline -0.001 -8"><span class='ocrx_word' id='word_1_350' title='bbox 57 2849 91 2882; x_wconf 90' lang='lat' dir='ltr'>in</span> <span class='ocrx_word' id='word_1_351' title='bbox 118 2848 318 2882; x_wconf 81' lang='lat' dir='ltr'>sermonibus</span> <span class='ocrx_word' id='word_1_352' title='bbox 344 2848 528 2880; x_wconf 80' lang='lat' dir='ltr'>dictitarent</span> <span class='ocrx_word' id='word_1_353' title='bbox 562 2849 745 2889; x_wconf 79' lang='lat' dir='ltr'><strong>episcopum</strong></span> <span class='ocrx_word' id='word_1_354' title='bbox 771 2849 844 2881; x_wconf 89' lang='lat' dir='ltr'><strong>dedi</strong></span> <span class='ocrx_word' id='word_1_355' title='bbox 876 2851 1042 2890; x_wconf 76' lang='lat' dir='ltr'>oportere,</span> <span class='ocrx_word' id='word_1_356' title='bbox 1066 2858 1108 2881; x_wconf 90' lang='lat' dir='ltr'>ne</span> 
     </span>
     <span class='ocr_line' id='line_1_46' title="bbox 59 2902 1107 2943; baseline 0 -9"><span class='ocrx_word' id='word_1_357' title='bbox 59 2903 156 2934; x_wconf 84' lang='lat' dir='ltr'><strong>unius</strong></span> <span class='ocrx_word' id='word_1_358' title='bbox 168 2902 306 2934; x_wconf 87' lang='lat' dir='ltr'><strong>hominis</strong></span> <span class='ocrx_word' id='word_1_359' title='bbox 322 2910 418 2933; x_wconf 86' lang='lat' dir='ltr'><strong>causa</strong></span> <span class='ocrx_word' id='word_1_360' title='bbox 434 2902 583 2933; x_wconf 87' lang='lat' dir='ltr'><strong>universa</strong></span> <span class='ocrx_word' id='word_1_361' title='bbox 604 2904 821 2934; x_wconf 83' lang='lat' dir='ltr'><strong>Romanorum</strong></span> <span class='ocrx_word' id='word_1_362' title='bbox 836 2902 1014 2943; x_wconf 84' lang='lat' dir='ltr'>respublica</span> <span class='ocrx_word' id='word_1_363' title='bbox 1033 2903 1107 2935; x_wconf 87' lang='lat' dir='ltr'><strong>belli</strong></span> 
     </span>
     <span class='ocr_line' id='line_1_47' title="bbox 59 2953 1108 2995; baseline 0 -9"><span class='ocrx_word' id='word_1_364' title='bbox 59 2954 238 2995; x_wconf 82' lang='lat' dir='ltr'><strong>periculum</strong></span> <span class='ocrx_word' id='word_1_365' title='bbox 261 2953 448 2993; x_wconf 80' lang='lat' dir='ltr'>sustineret,</span> <span class='ocrx_word' id='word_1_366' title='bbox 465 2953 519 2985; x_wconf 89' lang='lat' dir='ltr'><strong>ille</strong></span> <span class='ocrx_word' id='word_1_367' title='bbox 544 2962 577 2985; x_wconf 88' lang='lat' dir='ltr'>se</span> <span class='ocrx_word' id='word_1_368' title='bbox 593 2953 737 2985; x_wconf 89' lang='lat' dir='ltr'><strong>deditum</strong></span> <span class='ocrx_word' id='word_1_369' title='bbox 754 2954 790 2985; x_wconf 85' lang='lat' dir='ltr'>iri</span> <span class='ocrx_word' id='word_1_370' title='bbox 812 2954 1011 2994; x_wconf 87' lang='lat' dir='ltr'><strong>suspicatus,</strong></span> <span class='ocrx_word' id='word_1_371' title='bbox 1025 2955 1108 2986; x_wconf 83' lang='lat' dir='ltr'><strong>clam</strong></span> 
     </span>
     <span class='ocr_line' id='line_1_48' title="bbox 59 3005 1109 3046; baseline 0.001 -8"><span class='ocrx_word' id='word_1_372' title='bbox 59 3006 208 3038; x_wconf 86' lang='lat' dir='ltr'><strong>omnibus</strong></span> <span class='ocrx_word' id='word_1_373' title='bbox 223 3006 387 3038; x_wconf 83' lang='lat' dir='ltr'><strong>civitatem</strong></span> <span class='ocrx_word' id='word_1_374' title='bbox 409 3005 622 3038; x_wconf 82' lang='lat' dir='ltr'>incolentibus</span> <span class='ocrx_word' id='word_1_375' title='bbox 634 3006 674 3037; x_wconf 92' lang='lat' dir='ltr'>ad</span> <span class='ocrx_word' id='word_1_376' title='bbox 686 3007 792 3038; x_wconf 86' lang='lat' dir='ltr'><strong>hostes</strong></span> <span class='ocrx_word' id='word_1_377' title='bbox 802 3007 932 3046; x_wconf 78' lang='lat' dir='ltr'><strong>effugit,</strong></span> <span class='ocrx_word' id='word_1_378' title='bbox 950 3008 983 3038; x_wconf 89' lang='lat' dir='ltr'>et</span> <span class='ocrx_word' id='word_1_379' title='bbox 995 3007 1109 3039; x_wconf 91' lang='lat' dir='ltr'><strong>urbem</strong></span> 
     </span>
     <span class='ocr_line' id='line_1_49' title="bbox 59 3057 1110 3098; baseline -0.001 -7"><span class='ocrx_word' id='word_1_380' title='bbox 59 3058 254 3091; x_wconf 80' lang='lat' dir='ltr'><strong>traditurum</strong></span> <span class='ocrx_word' id='word_1_381' title='bbox 267 3082 276 3098; x_wconf 92' lang='lat'>‚</span> <span class='ocrx_word' id='word_1_382' title='bbox 294 3057 320 3089; x_wconf 88' lang='lat' dir='ltr'>si</span> <span class='ocrx_word' id='word_1_383' title='bbox 337 3057 394 3089; x_wconf 87' lang='lat' dir='ltr'><strong>sibi</strong></span> <span class='ocrx_word' id='word_1_384' title='bbox 409 3057 602 3097; x_wconf 80' lang='lat' dir='ltr'><strong>Scytharum</strong></span> <span class='ocrx_word' id='word_1_385' title='bbox 617 3066 705 3098; x_wconf 85' lang='lat' dir='ltr'><strong>reges</strong></span> <span class='ocrx_word' id='word_1_386' title='bbox 718 3058 907 3090; x_wconf 82' lang='lat' dir='ltr'><strong>liberalitate</strong></span> <span class='ocrx_word' id='word_1_387' title='bbox 923 3067 978 3090; x_wconf 89' lang='lat' dir='ltr'>sua</span> <span class='ocrx_word' id='word_1_388' title='bbox 997 3067 1110 3090; x_wconf 89' lang='lat' dir='ltr'><strong>consu·</strong></span> 
     </span>
     <span class='ocr_line' id='line_1_50' title="bbox 59 3108 1111 3150; baseline 0 -8"><span class='ocrx_word' id='word_1_389' title='bbox 59 3110 182 3148; x_wconf 81' lang='lat' dir='ltr'><strong>lerent,</strong></span> <span class='ocrx_word' id='word_1_390' title='bbox 194 3109 354 3150; x_wconf 88' lang='lat' dir='ltr'><strong>pollicitus</strong></span> <span class='ocrx_word' id='word_1_391' title='bbox 367 3110 426 3140; x_wconf 86' lang='lat' dir='ltr'><strong>est.</strong></span> <span class='ocrx_word' id='word_1_392' title='bbox 445 3108 493 3140; x_wconf 84' lang='lat' dir='ltr'><strong>Ad</strong></span> <span class='ocrx_word' id='word_1_393' title='bbox 507 3117 544 3140; x_wconf 88' lang='lat' dir='ltr'>ea</span> <span class='ocrx_word' id='word_1_394' title='bbox 558 3118 659 3150; x_wconf 90' lang='lat' dir='ltr'><strong>quum</strong></span> <span class='ocrx_word' id='word_1_395' title='bbox 677 3109 869 3141; x_wconf 84' lang='lat' dir='ltr'><strong>beneficium</strong></span> <span class='ocrx_word' id='word_1_396' title='bbox 884 3110 972 3141; x_wconf 91' lang='lat' dir='ltr'><strong>omni</strong></span> <span class='ocrx_word' id='word_1_397' title='bbox 988 3110 1111 3142; x_wconf 88' lang='lat' dir='ltr'><strong>ratione</strong></span> 
     </span>
     <span class='ocr_line' id='line_1_51' title="bbox 61 3160 1109 3202; baseline 0.001 -9"><span class='ocrx_word' id='word_1_398' title='bbox 61 3170 96 3194; x_wconf 82' lang='lat' dir='ltr'>se</span> <span class='ocrx_word' id='word_1_399' title='bbox 114 3169 302 3202; x_wconf 85' lang='lat' dir='ltr'><strong>repensuros</strong></span> <span class='ocrx_word' id='word_1_400' title='bbox 318 3160 552 3201; x_wconf 81' lang='lat' dir='ltr'><strong>promitterent,</strong></span> <span class='ocrx_word' id='word_1_401' title='bbox 572 3160 598 3192; x_wconf 91' lang='lat' dir='ltr'>si</span> <span class='ocrx_word' id='word_1_402' title='bbox 618 3169 685 3192; x_wconf 90' lang='lat' dir='ltr'>rem</span> <span class='ocrx_word' id='word_1_403' title='bbox 702 3161 741 3192; x_wconf 87' lang='lat' dir='ltr'>ad</span> <span class='ocrx_word' id='word_1_404' title='bbox 758 3162 882 3192; x_wconf 88' lang='lat' dir='ltr'><strong>exitum</strong></span> <span class='ocrx_word' id='word_1_405' title='bbox 901 3161 1109 3202; x_wconf 87' lang='lat' dir='ltr'><strong>perduceret,</strong></span> 
     </span>
     <span class='ocr_line' id='line_1_52' title="bbox 62 3212 1111 3255; baseline 0.001 -10"><span class='ocrx_word' id='word_1_406' title='bbox 62 3212 144 3245; x_wconf 85' lang='lat' dir='ltr'><strong>datis</strong></span> <span class='ocrx_word' id='word_1_407' title='bbox 151 3212 272 3244; x_wconf 80' lang='lat' dir='ltr'><strong>dextris</strong></span> <span class='ocrx_word' id='word_1_408' title='bbox 285 3214 316 3244; x_wconf 91' lang='lat' dir='ltr'>et</span> <span class='ocrx_word' id='word_1_409' title='bbox 326 3212 634 3252; x_wconf 85' lang='lat' dir='ltr'><strong>dictisjurejurando</strong></span> <span class='ocrx_word' id='word_1_410' title='bbox 644 3213 793 3253; x_wconf 88' lang='lat' dir='ltr'><strong>utrinque</strong></span> <span class='ocrx_word' id='word_1_411' title='bbox 807 3214 948 3254; x_wconf 82' lang='lat' dir='ltr'><strong>praestito</strong></span> <span class='ocrx_word' id='word_1_412' title='bbox 962 3213 1111 3255; x_wconf 81' lang='lat' dir='ltr'><strong>firmatis,</strong></span> 
     </span>
     <span class='ocr_line' id='line_1_53' title="bbox 63 3265 1110 3306; baseline 0.002 -10"><span class='ocrx_word' id='word_1_413' title='bbox 63 3265 118 3297; x_wconf 86' lang='lat' dir='ltr'><strong>ille</strong></span> <span class='ocrx_word' id='word_1_414' title='bbox 135 3274 208 3297; x_wconf 89' lang='lat' dir='ltr'>cum</span> <span class='ocrx_word' id='word_1_415' title='bbox 222 3274 337 3306; x_wconf 82' lang='lat' dir='ltr'><strong>magna</strong></span> <span class='ocrx_word' id='word_1_416' title='bbox 356 3265 566 3297; x_wconf 86' lang='lat' dir='ltr'><strong>barbarorum</strong></span> <span class='ocrx_word' id='word_1_417' title='bbox 581 3266 788 3298; x_wconf 87' lang='lat' dir='ltr'><strong>multitudiue</strong></span> <span class='ocrx_word' id='word_1_418' title='bbox 802 3266 833 3297; x_wconf 90' lang='lat' dir='ltr'>iu</span> <span class='ocrx_word' id='word_1_419' title='bbox 854 3266 931 3298; x_wconf 83' lang='lat' dir='ltr'><strong>fines</strong></span> <span class='ocrx_word' id='word_1_420' title='bbox 950 3268 1110 3299; x_wconf 85' lang='lat' dir='ltr'><strong>Romano-</strong></span> 
     </span>
     <span class='ocr_line' id='line_1_54' title="bbox 65 3317 1113 3359; baseline 0.002 -11"><span class='ocrx_word' id='word_1_421' title='bbox 65 3326 136 3348; x_wconf 91' lang='lat' dir='ltr'>rum</span> <span class='ocrx_word' id='word_1_422' title='bbox 150 3317 198 3348; x_wconf 84' lang='lat' dir='ltr'>est</span> <span class='ocrx_word' id='word_1_423' title='bbox 208 3325 364 3348; x_wconf 77' lang='lat' dir='ltr'><strong>reversus.</strong></span> <span class='ocrx_word' id='word_1_424' title='bbox 387 3318 466 3348; x_wconf 88' lang='lat' dir='ltr'>Eam</span> <span class='ocrx_word' id='word_1_425' title='bbox 478 3317 714 3349; x_wconf 83' lang='lat' dir='ltr'><strong>multitudinem</strong></span> <span class='ocrx_word' id='word_1_426' title='bbox 728 3327 827 3358; x_wconf 87' lang='lat' dir='ltr'><strong>quum</strong></span> <span class='ocrx_word' id='word_1_427' title='bbox 840 3327 876 3350; x_wconf 90' lang='lat' dir='ltr'>ex</span> <span class='ocrx_word' id='word_1_428' title='bbox 889 3318 1023 3350; x_wconf 88' lang='lat' dir='ltr'><strong>adverso</strong></span> <span class='ocrx_word' id='word_1_429' title='bbox 1036 3319 1113 3359; x_wconf 79' lang='lat' dir='ltr'><strong>ripae</strong></span> 
     </span>
     <span class='ocr_line' id='line_1_55' title="bbox 66 3368 1113 3412; baseline 0.003 -11"><span class='ocrx_word' id='word_1_430' title='bbox 66 3369 98 3401; x_wconf 90' lang='lat' dir='ltr'>in</span> <span class='ocrx_word' id='word_1_431' title='bbox 113 3368 232 3402; x_wconf 85' lang='lat' dir='ltr'><strong>insidiis</strong></span> <span class='ocrx_word' id='word_1_432' title='bbox 247 3369 450 3409; x_wconf 86' lang='lat' dir='ltr'><strong>collocasset,</strong></span> <span class='ocrx_word' id='word_1_433' title='bbox 471 3371 565 3402; x_wconf 89' lang='lat' dir='ltr'><strong>noctc</strong></span> <span class='ocrx_word' id='word_1_434' title='bbox 581 3370 658 3402; x_wconf 88' lang='lat' dir='ltr'><strong>dato</strong></span> <span class='ocrx_word' id='word_1_435' title='bbox 685 3371 774 3412; x_wconf 76' lang='lat' dir='ltr'><strong>signo</strong></span> <span class='ocrx_word' id='word_1_436' title='bbox 791 3371 921 3408; x_wconf 78' lang='lat' dir='ltr'><strong>exsiliit.</strong></span> <span class='ocrx_word' id='word_1_437' title='bbox 948 3373 980 3404; x_wconf 85' lang='lat' dir='ltr'>et</span> <span class='ocrx_word' id='word_1_438' title='bbox 1000 3372 1113 3404; x_wconf 89' lang='lat' dir='ltr'><strong>urbem</strong></span> 
     </span>
    </p>
   </div>
   <div class='ocr_carea' id='block_1_7' title="bbox 1138 238 2188 704">
    <p class='ocr_par' dir='ltr' id='par_1_7' title="bbox 1138 238 2188 704">
     <span class='ocr_line' id='line_1_56' title="bbox 1138 238 2183 291; baseline 0 -13"><span class='ocrx_word' id='word_1_439' title='bbox 1138 241 1283 286; x_wconf 81' lang='grc' dir='ltr'>πλῆθος,</span> <span class='ocrx_word' id='word_1_440' title='bbox 1309 240 1433 279; x_wconf 81' lang='grc' dir='ltr'>Ταῦτα</span> <span class='ocrx_word' id='word_1_441' title='bbox 1458 238 1662 290; x_wconf 88' lang='grc' dir='ltr'>ἀναγνόντες</span> <span class='ocrx_word' id='word_1_442' title='bbox 1681 239 1713 277; x_wconf 77' lang='grc' dir='ltr'>οἳ</span> <span class='ocrx_word' id='word_1_443' title='bbox 1732 239 1822 291; x_wconf 74' lang='grc' dir='ltr'>ἀμφὶ</span> <span class='ocrx_word' id='word_1_444' title='bbox 1842 238 1885 277; x_wconf 85' lang='grc' dir='ltr'>τὰ</span> <span class='ocrx_word' id='word_1_445' title='bbox 1904 239 2064 291; x_wconf 82' lang='grc' dir='ltr'>βασίλεια</span> <span class='ocrx_word' id='word_1_446' title='bbox 2083 240 2183 279; x_wconf 80' lang='grc' dir='ltr'>οὖδα-</span> 
     </span>
     <span class='ocr_line' id='line_1_57' title="bbox 1140 295 2185 351; baseline 0.001 -16"><span class='ocrx_word' id='word_1_447' title='bbox 1140 299 1213 348; x_wconf 84' lang='grc' dir='ltr'>μῶς</span> <span class='ocrx_word' id='word_1_448' title='bbox 1228 295 1306 341; x_wconf 77' lang='grc' dir='ltr'>τοὺς</span> <span class='ocrx_word' id='word_1_449' title='bbox 1327 296 1426 350; x_wconf 81' lang='grc' dir='ltr'>παρὰ</span> <span class='ocrx_word' id='word_1_450' title='bbox 1446 301 1535 350; x_wconf 74' lang='grc' dir='ltr'>σφᾶς</span> <span class='ocrx_word' id='word_1_451' title='bbox 1562 296 1828 349; x_wconf 87' lang='grc' dir='ltr'>καταφυγόντας</span> <span class='ocrx_word' id='word_1_452' title='bbox 1853 297 2017 336; x_wconf 83' lang='grc' dir='ltr'>ἐκδώσειν</span> <span class='ocrx_word' id='word_1_453' title='bbox 2038 297 2185 351; x_wconf 77' lang='grc' dir='ltr'>ἔφασαν,</span> 
     </span>
     <span class='ocr_line' id='line_1_58' title="bbox 1141 353 2185 408; baseline 0.001 -15"><span class='ocrx_word' id='word_1_454' title='bbox 1141 353 1231 393; x_wconf 82' lang='grc' dir='ltr'>ἀλλὰ</span> <span class='ocrx_word' id='word_1_455' title='bbox 1251 353 1312 392; x_wconf 76' lang='grc' dir='ltr'>σὺν</span> <span class='ocrx_word' id='word_1_456' title='bbox 1333 354 1473 398; x_wconf 87' lang='grc' dir='ltr'>ἐκείνοις</span> <span class='ocrx_word' id='word_1_457' title='bbox 1488 354 1547 392; x_wconf 79' lang='grc' dir='ltr'>τὸν</span> <span class='ocrx_word' id='word_1_458' title='bbox 1564 353 1716 403; x_wconf 92' lang='grc' dir='ltr'>πόλεμον</span> <span class='ocrx_word' id='word_1_459' title='bbox 1737 354 2013 402; x_wconf 81' lang='grc' dir='ltr'>ὑποστήσεσθαι,</span> <span class='ocrx_word' id='word_1_460' title='bbox 2032 356 2185 408; x_wconf 76' lang='grc' dir='ltr'>πέμψειν</span> 
     </span>
     <span class='ocr_line' id='line_1_59' title="bbox 1141 413 2188 467; baseline -0.001 -14"><span class='ocrx_word' id='word_1_461' title='bbox 1141 413 1178 453; x_wconf 82' lang='grc' dir='ltr'>δὲ</span> <span class='ocrx_word' id='word_1_462' title='bbox 1211 414 1373 467; x_wconf 78' lang='grc' dir='ltr'>πρέσὸεις</span> <span class='ocrx_word' id='word_1_463' title='bbox 1407 413 1488 458; x_wconf 76' lang='grc' dir='ltr'>τοὺς</span> <span class='ocrx_word' id='word_1_464' title='bbox 1517 413 1563 452; x_wconf 82' lang='grc' dir='ltr'>τὰ</span> <span class='ocrx_word' id='word_1_465' title='bbox 1595 414 1743 467; x_wconf 81' lang='grc' dir='ltr'>διάφορα</span> <span class='ocrx_word' id='word_1_466' title='bbox 1771 413 1952 458; x_wconf 85' lang='grc' dir='ltr'>λύσοντας.</span> <span class='ocrx_word' id='word_1_467' title='bbox 1984 414 2046 462; x_wconf 82' lang='grc' dir='ltr'>Ὡς</span> <span class='ocrx_word' id='word_1_468' title='bbox 2073 414 2109 453; x_wconf 80' lang='grc' dir='ltr'>δὲ</span> <span class='ocrx_word' id='word_1_469' title='bbox 2138 417 2188 467; x_wconf 85' lang='grc' dir='ltr'>τῷ</span> 
     </span>
     <span class='ocr_line' id='line_1_60' title="bbox 1140 471 2187 526; baseline 0.001 -15"><span class='ocrx_word' id='word_1_470' title='bbox 1140 473 1292 526; x_wconf 79' lang='grc' dir='ltr'>Ἀττήλᾳ</span> <span class='ocrx_word' id='word_1_471' title='bbox 1318 472 1363 511; x_wconf 81' lang='grc' dir='ltr'>τὰ</span> <span class='ocrx_word' id='word_1_472' title='bbox 1391 471 1579 524; x_wconf 88' lang='grc' dir='ltr'>δεδογμένα</span> <span class='ocrx_word' id='word_1_473' title='bbox 1601 472 1794 523; x_wconf 85' lang='grc' dir='ltr'>Ῥωμαίοις</span> <span class='ocrx_word' id='word_1_474' title='bbox 1811 472 2022 525; x_wconf 84' lang='grc' dir='ltr'>ἠγγέλλετο,</span> <span class='ocrx_word' id='word_1_475' title='bbox 2046 475 2081 511; x_wconf 90' lang='grc' dir='ltr'>ἐν</span> <span class='ocrx_word' id='word_1_476' title='bbox 2101 475 2187 526; x_wconf 83' lang='grc' dir='ltr'>ὀργῇ</span> 
     </span>
     <span class='ocr_line' id='line_1_61' title="bbox 1139 530 2188 584; baseline -0.001 -15"><span class='ocrx_word' id='word_1_477' title='bbox 1139 531 1178 570; x_wconf 83' lang='grc' dir='ltr'>τὸ</span> <span class='ocrx_word' id='word_1_478' title='bbox 1198 537 1346 584; x_wconf 80' lang='grc' dir='ltr'>πρᾶγμα</span> <span class='ocrx_word' id='word_1_479' title='bbox 1365 531 1570 582; x_wconf 81' lang='grc' dir='ltr'>ποιούμενος</span> <span class='ocrx_word' id='word_1_480' title='bbox 1587 530 1650 578; x_wconf 79' lang='grc' dir='ltr'>τὴν</span> <span class='ocrx_word' id='word_1_481' title='bbox 1672 530 1878 581; x_wconf 85' lang='grc' dir='ltr'>Ῥωμαϊκὴν</span> <span class='ocrx_word' id='word_1_482' title='bbox 1899 530 2001 581; x_wconf 80' lang='grc' dir='ltr'>ἐδῄου</span> <span class='ocrx_word' id='word_1_483' title='bbox 2027 534 2106 581; x_wconf 75' lang='grc' dir='ltr'>γῆν,</span> <span class='ocrx_word' id='word_1_484' title='bbox 2127 531 2188 569; x_wconf 80' lang='grc' dir='ltr'>καὶ</span> 
     </span>
     <span class='ocr_line' id='line_1_62' title="bbox 1140 588 2185 644; baseline -0.001 -16"><span class='ocrx_word' id='word_1_485' title='bbox 1140 589 1287 644; x_wconf 85' lang='grc' dir='ltr'>φρούριά</span> <span class='ocrx_word' id='word_1_486' title='bbox 1303 605 1380 628; x_wconf 92' lang='grc' dir='ltr'>τινα</span> <span class='ocrx_word' id='word_1_487' title='bbox 1399 588 1555 628; x_wconf 85' lang='grc' dir='ltr'>καθελὼν</span> <span class='ocrx_word' id='word_1_488' title='bbox 1572 593 1614 643; x_wconf 85' lang='grc' dir='ltr'>τῇ</span> <span class='ocrx_word' id='word_1_489' title='bbox 1634 589 1824 643; x_wconf 77' lang='grc' dir='ltr'>Ῥατιαρίᾳ</span> <span class='ocrx_word' id='word_1_490' title='bbox 1841 589 2062 643; x_wconf 73' lang='grc' dir='ltr'>προσέὸαλλε</span> <span class='ocrx_word' id='word_1_491' title='bbox 2086 590 2185 641; x_wconf 73' lang='grc' dir='ltr'>μεγί·</span> 
     </span>
     <span class='ocr_line' id='line_1_63' title="bbox 1141 649 1586 704; baseline 0 -15"><span class='ocrx_word' id='word_1_492' title='bbox 1141 665 1206 703; x_wconf 88' lang='grc' dir='ltr'>στῃ</span> <span class='ocrx_word' id='word_1_493' title='bbox 1229 649 1290 689; x_wconf 89' lang='grc' dir='ltr'>καὶ</span> <span class='ocrx_word' id='word_1_494' title='bbox 1307 649 1586 704; x_wconf 85' lang='grc' dir='ltr'>πολυανθρώπῳ.</span> 
     </span>
    </p>
   </div>
   <div class='ocr_carea' id='block_1_8' title="bbox 1543 747 1792 801">
    <p class='ocr_par' dir='ltr' id='par_1_8' title="bbox 1543 747 1792 801">
     <span class='ocr_line' id='line_1_64' title="bbox 1543 747 1792 801; baseline 0.004 -16"><span class='ocrx_word' id='word_1_495' title='bbox 1543 747 1792 801; x_wconf 74' lang='lat' dir='ltr'><strong>[3.a.](242.)</strong></span> 
     </span>
    </p>
   </div>
   <div class='ocr_carea' id='block_1_9' title="bbox 1144 841 2212 2422">
    <p class='ocr_par' dir='ltr' id='par_1_9' title="bbox 1144 841 2212 2422">
     <span class='ocr_line' id='line_1_65' title="bbox 1197 841 2191 892; baseline -0.001 -11"><span class='ocrx_word' id='word_1_496' title='bbox 1197 844 1428 883; x_wconf 88' lang='lat' dir='ltr'><strong>Chronicum</strong></span> <span class='ocrx_word' id='word_1_497' title='bbox 1449 843 1625 880; x_wconf 86' lang='lat' dir='ltr'><strong>Paschale</strong></span> <span class='ocrx_word' id='word_1_498' title='bbox 1651 856 1692 892; x_wconf 92' lang='lat' dir='ltr'>p.</span> <span class='ocrx_word' id='word_1_499' title='bbox 1718 842 1793 879; x_wconf 80' lang='lat'>588</span> <span class='ocrx_word' id='word_1_500' title='bbox 1814 842 1875 880; x_wconf 90' lang='lat' dir='ltr'>ed.</span> <span class='ocrx_word' id='word_1_501' title='bbox 1900 843 2022 879; x_wconf 90' lang='lat' dir='ltr'><strong>Bonn.</strong></span> <span class='ocrx_word' id='word_1_502' title='bbox 2043 841 2106 892; x_wconf 86' lang='lat' dir='ltr'>(ad</span> <span class='ocrx_word' id='word_1_503' title='bbox 2129 855 2191 881; x_wconf 87' lang='lat' dir='ltr'>an.</span> 
     </span>
     <span class='ocr_line' id='line_1_66' title="bbox 1147 894 2195 953; baseline -0.004 -13"><span class='ocrx_word' id='word_1_504' title='bbox 1147 900 1450 953; x_wconf 75' lang='lat' dir='ltr'><strong>459)postquam</strong></span> <span class='ocrx_word' id='word_1_505' title='bbox 1465 903 1635 939; x_wconf 83' lang='lat' dir='ltr'><strong>dixerat:</strong></span> <span class='ocrx_word' id='word_1_506' title='bbox 1655 900 1743 952; x_wconf 81' lang='grc' dir='ltr'>Περὶ</span> <span class='ocrx_word' id='word_1_507' title='bbox 1768 894 1805 938; x_wconf 73' lang='grc' dir='ltr'>οῧ</span> <span class='ocrx_word' id='word_1_508' title='bbox 1816 899 1971 948; x_wconf 88' lang='grc' dir='ltr'>πολέμου</span> <span class='ocrx_word' id='word_1_509' title='bbox 1985 903 2045 950; x_wconf 87' lang='lat' dir='ltr'><strong>(sc.</strong></span> <span class='ocrx_word' id='word_1_510' title='bbox 2056 902 2195 952; x_wconf 85' lang='lat' dir='ltr'><strong>Attilae)</strong></span> 
     </span>
     <span class='ocr_line' id='line_1_67' title="bbox 1144 957 2191 1013; baseline -0.003 -14"><span class='ocrx_word' id='word_1_511' title='bbox 1144 960 1385 1013; x_wconf 84' lang='grc' dir='ltr'>συνεγράψατο</span> <span class='ocrx_word' id='word_1_512' title='bbox 1411 963 1428 998; x_wconf 86' lang='lat'>6</span> <span class='ocrx_word' id='word_1_513' title='bbox 1449 958 1646 1012; x_wconf 85' lang='grc' dir='ltr'>σοφώτατος</span> <span class='ocrx_word' id='word_1_514' title='bbox 1666 959 1821 1012; x_wconf 83' lang='grc' dir='ltr'>Πρίσκος</span> <span class='ocrx_word' id='word_1_515' title='bbox 1845 960 1862 995; x_wconf 91' lang='lat'>6</span> <span class='ocrx_word' id='word_1_516' title='bbox 1878 957 2001 1012; x_wconf 74' lang='grc' dir='ltr'>Θρᾴξ,</span> <span class='ocrx_word' id='word_1_517' title='bbox 2031 961 2158 1009; x_wconf 83' lang='lat' dir='ltr'><strong>pergit</strong></span> <span class='ocrx_word' id='word_1_518' title='bbox 2183 973 2191 996; x_wconf 72' lang='grc' dir='ltr'><strong>ε</strong></span> 
     </span>
     <span class='ocr_line' id='line_1_68' title="bbox 1147 1016 2196 1072; baseline -0.003 -14"><span class='ocrx_word' id='word_1_519' title='bbox 1147 1020 1252 1072; x_wconf 88' lang='grc' dir='ltr'>Λέγει</span> <span class='ocrx_word' id='word_1_520' title='bbox 1274 1021 1434 1070; x_wconf 82' lang='lat' dir='ltr'><strong>(Priscus</strong></span> <span class='ocrx_word' id='word_1_521' title='bbox 1446 1021 1473 1071; x_wconf 83' lang='lat'>?)</span> <span class='ocrx_word' id='word_1_522' title='bbox 1494 1017 1546 1057; x_wconf 77' lang='grc' dir='ltr'>ὅτι</span> <span class='ocrx_word' id='word_1_523' title='bbox 1564 1019 1677 1070; x_wconf 79' lang='grc' dir='ltr'>Κῦρος</span> <span class='ocrx_word' id='word_1_524' title='bbox 1691 1016 1892 1070; x_wconf 74' lang='grc' dir='ltr'>προεὸλήθη</span> <span class='ocrx_word' id='word_1_525' title='bbox 1914 1018 1948 1055; x_wconf 80' lang='grc' dir='ltr'>ἐν</span> <span class='ocrx_word' id='word_1_526' title='bbox 1971 1019 2196 1056; x_wconf 85' lang='grc' dir='ltr'>Κωνσταντι-</span> 
     </span>
     <span class='ocr_line' id='line_1_69' title="bbox 1147 1076 2196 1131; baseline -0.002 -15"><span class='ocrx_word' id='word_1_527' title='bbox 1147 1078 1308 1116; x_wconf 88' lang='grc' dir='ltr'>νουπόλει</span> <span class='ocrx_word' id='word_1_528' title='bbox 1327 1077 1481 1131; x_wconf 85' lang='grc' dir='ltr'>ἔπαρχος</span> <span class='ocrx_word' id='word_1_529' title='bbox 1511 1080 1580 1115; x_wconf 80' lang='grc' dir='ltr'>τῶν</span> <span class='ocrx_word' id='word_1_530' title='bbox 1606 1076 1828 1129; x_wconf 87' lang='grc' dir='ltr'>πραιτωρίων</span> <span class='ocrx_word' id='word_1_531' title='bbox 1851 1077 1910 1115; x_wconf 80' lang='grc' dir='ltr'>καὶ</span> <span class='ocrx_word' id='word_1_532' title='bbox 1930 1076 2083 1128; x_wconf 82' lang='grc' dir='ltr'>ἔπαρχος</span> <span class='ocrx_word' id='word_1_533' title='bbox 2105 1078 2196 1129; x_wconf 73' lang='grc' dir='ltr'>[τῆς]</span> 
     </span>
     <span class='ocr_line' id='line_1_70' title="bbox 1146 1134 2194 1207; baseline -0.003 -31"><span class='ocrx_word' id='word_1_534' title='bbox 1146 1137 1278 1182; x_wconf 87' lang='grc' dir='ltr'>πόλεως</span> <span class='ocrx_word' id='word_1_535' title='bbox 1291 1136 1351 1176; x_wconf 77' lang='grc' dir='ltr'>καὶ</span> <span class='ocrx_word' id='word_1_536' title='bbox 1370 1137 1495 1190; x_wconf 73' lang='grc' dir='ltr'>προῄει</span> <span class='ocrx_word' id='word_1_537' title='bbox 1516 1136 1578 1186; x_wconf 80' lang='grc' dir='ltr'>μὲν</span> <span class='ocrx_word' id='word_1_538' title='bbox 1592 1139 1638 1180; x_wconf 84' lang='grc' dir='ltr'>ὡς</span> <span class='ocrx_word' id='word_1_539' title='bbox 1655 1135 1807 1207; x_wconf 79' lang='grc' dir='ltr'>ἔπαρχος</span> <span class='ocrx_word' id='word_1_540' title='bbox 1823 1134 2044 1188; x_wconf 82' lang='grc' dir='ltr'>πραιτωρίων</span> <span class='ocrx_word' id='word_1_541' title='bbox 2063 1138 2110 1177; x_wconf 87' lang='grc' dir='ltr'>εἰς</span> <span class='ocrx_word' id='word_1_542' title='bbox 2131 1136 2194 1183; x_wconf 87' lang='grc' dir='ltr'>τὴν</span> 
     </span>
     <span class='ocr_line' id='line_1_71' title="bbox 1149 1193 2198 1249; baseline -0.002 -15"><span class='ocrx_word' id='word_1_543' title='bbox 1149 1200 1328 1249; x_wconf 81' lang='grc' dir='ltr'>καροῧχαν</span> <span class='ocrx_word' id='word_1_544' title='bbox 1345 1211 1413 1234; x_wconf 85' lang='grc' dir='ltr'>των</span> <span class='ocrx_word' id='word_1_545' title='bbox 1433 1195 1615 1247; x_wconf 85' lang='grc' dir='ltr'>ἐπάρχων·</span> <span class='ocrx_word' id='word_1_546' title='bbox 1630 1194 1798 1247; x_wconf 86' lang='grc' dir='ltr'>ἀνεχώρει</span> <span class='ocrx_word' id='word_1_547' title='bbox 1813 1194 1848 1232; x_wconf 82' lang='grc' dir='ltr'>δὲ</span> <span class='ocrx_word' id='word_1_548' title='bbox 1869 1193 2062 1245; x_wconf 85' lang='grc' dir='ltr'>καθήμενος</span> <span class='ocrx_word' id='word_1_549' title='bbox 2076 1196 2122 1238; x_wconf 83' lang='grc' dir='ltr'>εἷς</span> <span class='ocrx_word' id='word_1_550' title='bbox 2135 1193 2198 1241; x_wconf 75' lang='grc' dir='ltr'>τὴν</span> 
     </span>
     <span class='ocr_line' id='line_1_72' title="bbox 1149 1253 2197 1314; baseline -0.002 -21"><span class='ocrx_word' id='word_1_551' title='bbox 1149 1271 1329 1308; x_wconf 87' lang='grc' dir='ltr'>καρουχαν</span> <span class='ocrx_word' id='word_1_552' title='bbox 1349 1258 1407 1293; x_wconf 83' lang='grc' dir='ltr'>τοῦ</span> <span class='ocrx_word' id='word_1_553' title='bbox 1423 1254 1579 1307; x_wconf 83' lang='grc' dir='ltr'>ἐπάρχου</span> <span class='ocrx_word' id='word_1_554' title='bbox 1593 1257 1654 1300; x_wconf 76' lang='grc' dir='ltr'>τῆς</span> <span class='ocrx_word' id='word_1_555' title='bbox 1669 1253 1821 1297; x_wconf 89' lang='grc' dir='ltr'>πόλεως·</span> <span class='ocrx_word' id='word_1_556' title='bbox 1839 1253 2030 1306; x_wconf 88' lang='grc' dir='ltr'>ἐκράτησεν</span> <span class='ocrx_word' id='word_1_557' title='bbox 2038 1253 2117 1314; x_wconf 79' lang='grc' dir='ltr'>γὰρ</span> <span class='ocrx_word' id='word_1_558' title='bbox 2135 1253 2197 1297; x_wconf 88' lang='grc' dir='ltr'>τὰς</span> 
     </span>
     <span class='ocr_line' id='line_1_73' title="bbox 1150 1311 2198 1366; baseline -0.003 -14"><span class='ocrx_word' id='word_1_559' title='bbox 1150 1313 1241 1352; x_wconf 79' lang='grc' dir='ltr'>δύο</span> <span class='ocrx_word' id='word_1_560' title='bbox 1223 1313 1333 1366; x_wconf 79' lang='grc' dir='ltr'>αρχὰς</span> <span class='ocrx_word' id='word_1_561' title='bbox 1345 1313 1556 1366; x_wconf 82' lang='grc' dir='ltr'>ἐπιχρόνους</span> <span class='ocrx_word' id='word_1_562' title='bbox 1571 1311 1757 1365; x_wconf 89' lang='grc' dir='ltr'>τέσσαρας,</span> <span class='ocrx_word' id='word_1_563' title='bbox 1774 1311 2022 1363; x_wconf 82' lang='grc' dir='ltr'>διότικαθαρὸς</span> <span class='ocrx_word' id='word_1_564' title='bbox 2037 1315 2077 1359; x_wconf 86' lang='grc' dir='ltr'>ἠν</span> <span class='ocrx_word' id='word_1_565' title='bbox 2093 1312 2198 1350; x_wconf 87' lang='grc' dir='ltr'>πάνυ·</span> 
     </span>
     <span class='ocr_line' id='line_1_74' title="bbox 1149 1370 2199 1423; baseline -0.003 -12"><span class='ocrx_word' id='word_1_566' title='bbox 1149 1388 1209 1411; x_wconf 93' lang='grc' dir='ltr'>και</span> <span class='ocrx_word' id='word_1_567' title='bbox 1229 1373 1328 1415; x_wconf 81' lang='grc' dir='ltr'>αὐτὸς</span> <span class='ocrx_word' id='word_1_568' title='bbox 1344 1373 1528 1419; x_wconf 85' lang='grc' dir='ltr'>ἐπενόησεν</span> <span class='ocrx_word' id='word_1_569' title='bbox 1546 1370 1590 1409; x_wconf 86' lang='grc' dir='ltr'>τὰ</span> <span class='ocrx_word' id='word_1_570' title='bbox 1604 1370 1768 1423; x_wconf 80' lang='grc' dir='ltr'>ἑσπερινὰ</span> <span class='ocrx_word' id='word_1_571' title='bbox 1785 1387 1883 1423; x_wconf 87' lang='grc' dir='ltr'>φωτα</span> <span class='ocrx_word' id='word_1_572' title='bbox 1901 1370 2074 1408; x_wconf 86' lang='grc' dir='ltr'>ἅπτεσθαι</span> <span class='ocrx_word' id='word_1_573' title='bbox 2091 1372 2138 1414; x_wconf 82' lang='grc' dir='ltr'>εἷς</span> <span class='ocrx_word' id='word_1_574' title='bbox 2155 1370 2199 1408; x_wconf 80' lang='grc' dir='ltr'>τὰ</span> 
     </span>
     <span class='ocr_line' id='line_1_75' title="bbox 1149 1428 2199 1484; baseline -0.003 -15"><span class='ocrx_word' id='word_1_575' title='bbox 1149 1430 1363 1484; x_wconf 79' lang='grc' dir='ltr'>ἐργαστήρια</span> <span class='ocrx_word' id='word_1_576' title='bbox 1395 1429 1520 1480; x_wconf 86' lang='grc' dir='ltr'>ὁμοίως</span> <span class='ocrx_word' id='word_1_577' title='bbox 1551 1429 1611 1468; x_wconf 82' lang='grc' dir='ltr'>καὶ</span> <span class='ocrx_word' id='word_1_578' title='bbox 1642 1429 1686 1468; x_wconf 86' lang='grc' dir='ltr'>τὰ</span> <span class='ocrx_word' id='word_1_579' title='bbox 1717 1428 1912 1482; x_wconf 83' lang='grc' dir='ltr'>νυκτερινοί.</span> <span class='ocrx_word' id='word_1_580' title='bbox 1946 1429 2019 1468; x_wconf 86' lang='grc' dir='ltr'>Καὶ</span> <span class='ocrx_word' id='word_1_581' title='bbox 2051 1428 2199 1481; x_wconf 83' lang='grc' dir='ltr'>ἔκραξαν</span> 
     </span>
     <span class='ocr_line' id='line_1_76' title="bbox 1150 1487 2202 1543; baseline -0.002 -15"><span class='ocrx_word' id='word_1_582' title='bbox 1150 1491 1246 1543; x_wconf 82' lang='grc' dir='ltr'>αὐτῷ</span> <span class='ocrx_word' id='word_1_583' title='bbox 1262 1489 1306 1528; x_wconf 82' lang='grc' dir='ltr'>τὰ</span> <span class='ocrx_word' id='word_1_584' title='bbox 1322 1489 1410 1542; x_wconf 90' lang='grc' dir='ltr'>μέρη</span> <span class='ocrx_word' id='word_1_585' title='bbox 1426 1490 1472 1533; x_wconf 86' lang='grc' dir='ltr'>εἷς</span> <span class='ocrx_word' id='word_1_586' title='bbox 1487 1489 1526 1527; x_wconf 87' lang='grc' dir='ltr'>τὸ</span> <span class='ocrx_word' id='word_1_587' title='bbox 1543 1488 1703 1529; x_wconf 82' lang='grc' dir='ltr'>Ἱππικὸν</span> <span class='ocrx_word' id='word_1_588' title='bbox 1719 1487 1803 1535; x_wconf 77' lang='grc' dir='ltr'>ὅλην</span> <span class='ocrx_word' id='word_1_589' title='bbox 1817 1487 1880 1535; x_wconf 88' lang='grc' dir='ltr'>τὴν</span> <span class='ocrx_word' id='word_1_590' title='bbox 1894 1488 2048 1539; x_wconf 84' lang='grc' dir='ltr'>ἡμέραν·</span> <span class='ocrx_word' id='word_1_591' title='bbox 2066 1507 2080 1522; x_wconf 73' lang='grc' dir='ltr'><strong><em>κ</em></strong></span> <span class='ocrx_word' id='word_1_592' title='bbox 2099 1491 2202 1527; x_wconf 85' lang='grc' dir='ltr'>Κων-</span> 
     </span>
     <span class='ocr_line' id='line_1_77' title="bbox 1151 1546 2200 1600; baseline -0.003 -13"><span class='ocrx_word' id='word_1_593' title='bbox 1151 1554 1328 1600; x_wconf 29' lang='grc' dir='ltr'>σταντῖνιος</span> <span class='ocrx_word' id='word_1_594' title='bbox 1354 1547 1500 1596; x_wconf 85' lang='grc' dir='ltr'>ἔκτισεν,</span> <span class='ocrx_word' id='word_1_595' title='bbox 1537 1549 1650 1600; x_wconf 79' lang='grc' dir='ltr'>Κῦρος</span> <span class='ocrx_word' id='word_1_596' title='bbox 1678 1546 1861 1586; x_wconf 82' lang='grc' dir='ltr'>ἀνενέωσε.</span> <span class='ocrx_word' id='word_1_597' title='bbox 1891 1565 1906 1580; x_wconf 83' lang='lat'>»</span> <span class='ocrx_word' id='word_1_598' title='bbox 1936 1546 2007 1585; x_wconf 86' lang='grc' dir='ltr'>Καὶ</span> <span class='ocrx_word' id='word_1_599' title='bbox 2037 1546 2200 1599; x_wconf 83' lang='grc' dir='ltr'>ἐχόλεσεν</span> 
     </span>
     <span class='ocr_line' id='line_1_78' title="bbox 1152 1605 2201 1660; baseline -0.003 -14"><span class='ocrx_word' id='word_1_600' title='bbox 1152 1609 1247 1659; x_wconf 83' lang='grc' dir='ltr'>αὐτῷ</span> <span class='ocrx_word' id='word_1_601' title='bbox 1269 1605 1431 1660; x_wconf 78' lang='grc' dir='ltr'>βασιλεὺς</span> <span class='ocrx_word' id='word_1_602' title='bbox 1447 1605 1500 1644; x_wconf 79' lang='grc' dir='ltr'>ὅτι</span> <span class='ocrx_word' id='word_1_603' title='bbox 1524 1610 1635 1644; x_wconf 79' lang='grc' dir='ltr'>ταῦτα</span> <span class='ocrx_word' id='word_1_604' title='bbox 1655 1605 1804 1658; x_wconf 81' lang='grc' dir='ltr'>ἔκραξαν</span> <span class='ocrx_word' id='word_1_605' title='bbox 1823 1605 1883 1644; x_wconf 87' lang='grc' dir='ltr'>καὶ</span> <span class='ocrx_word' id='word_1_606' title='bbox 1905 1605 2077 1650; x_wconf 81' lang='grc' dir='ltr'>διεδέξατο</span> <span class='ocrx_word' id='word_1_607' title='bbox 2098 1605 2201 1644; x_wconf 80' lang='grc' dir='ltr'>αὐτὸν</span> 
     </span>
     <span class='ocr_line' id='line_1_79' title="bbox 1152 1663 2203 1718; baseline -0.004 -13"><span class='ocrx_word' id='word_1_608' title='bbox 1152 1665 1329 1717; x_wconf 80' lang='grc' dir='ltr'>δημεύσας</span> <span class='ocrx_word' id='word_1_609' title='bbox 1354 1665 1415 1704; x_wconf 83' lang='grc' dir='ltr'>καὶ</span> <span class='ocrx_word' id='word_1_610' title='bbox 1444 1665 1607 1711; x_wconf 81' lang='grc' dir='ltr'>ἐποίησεν</span> <span class='ocrx_word' id='word_1_611' title='bbox 1639 1664 1743 1703; x_wconf 83' lang='grc' dir='ltr'>αὐτὸν</span> <span class='ocrx_word' id='word_1_612' title='bbox 1763 1665 1939 1718; x_wconf 85' lang='grc' dir='ltr'>κληρικὸν,</span> <span class='ocrx_word' id='word_1_613' title='bbox 1967 1665 2027 1702; x_wconf 84' lang='grc' dir='ltr'>καὶ</span> <span class='ocrx_word' id='word_1_614' title='bbox 2047 1663 2203 1717; x_wconf 81' lang='grc' dir='ltr'>ἔπεμψεν</span> 
     </span>
     <span class='ocr_line' id='line_1_80' title="bbox 1153 1724 2203 1777; baseline -0.003 -13"><span class='ocrx_word' id='word_1_615' title='bbox 1153 1726 1255 1764; x_wconf 85' lang='grc' dir='ltr'>αὐτὸν</span> <span class='ocrx_word' id='word_1_616' title='bbox 1285 1725 1472 1764; x_wconf 86' lang='grc' dir='ltr'>ἐπίσκοπον</span> <span class='ocrx_word' id='word_1_617' title='bbox 1493 1726 1540 1768; x_wconf 85' lang='grc' dir='ltr'>εἷς</span> <span class='ocrx_word' id='word_1_618' title='bbox 1559 1724 1726 1777; x_wconf 85' lang='grc' dir='ltr'>Σμύρναν</span> <span class='ocrx_word' id='word_1_619' title='bbox 1747 1724 1959 1776; x_wconf 87' lang='grc' dir='ltr'>(Κοτυάειον</span> <span class='ocrx_word' id='word_1_620' title='bbox 1980 1738 2056 1762; x_wconf 89' lang='lat' dir='ltr'><strong>sec.</strong></span> <span class='ocrx_word' id='word_1_621' title='bbox 2078 1727 2203 1765; x_wconf 83' lang='lat' dir='ltr'><strong>Malal.</strong></span> 
     </span>
     <span class='ocr_line' id='line_1_81' title="bbox 1153 1780 2205 1834; baseline -0.002 -11"><span class='ocrx_word' id='word_1_622' title='bbox 1153 1794 1191 1823; x_wconf 86' lang='lat' dir='ltr'>et</span> <span class='ocrx_word' id='word_1_623' title='bbox 1206 1785 1335 1834; x_wconf 86' lang='lat' dir='ltr'><strong>Suid.)</strong></span> <span class='ocrx_word' id='word_1_624' title='bbox 1357 1787 1418 1831; x_wconf 75' lang='grc' dir='ltr'>τῆς</span> <span class='ocrx_word' id='word_1_625' title='bbox 1435 1783 1549 1827; x_wconf 85' lang='grc' dir='ltr'>Ἀσίας</span> <span class='ocrx_word' id='word_1_626' title='bbox 1571 1785 1650 1822; x_wconf 87' lang='grc' dir='ltr'>κτλ.</span> <span class='ocrx_word' id='word_1_627' title='bbox 1667 1786 1768 1820; x_wconf 90' lang='lat' dir='ltr'>Num</span> <span class='ocrx_word' id='word_1_628' title='bbox 1785 1797 1917 1821; x_wconf 89' lang='lat' dir='ltr'><strong>revera</strong></span> <span class='ocrx_word' id='word_1_629' title='bbox 1942 1780 2020 1820; x_wconf 84' lang='lat' dir='ltr'><strong>haec</strong></span> <span class='ocrx_word' id='word_1_630' title='bbox 2041 1797 2061 1820; x_wconf 89' lang='lat' dir='ltr'>e</span> <span class='ocrx_word' id='word_1_631' title='bbox 2075 1786 2205 1829; x_wconf 68' lang='lat' dir='ltr'><strong>Prisco</strong></span> 
     </span>
     <span class='ocr_line' id='line_1_82' title="bbox 1154 1844 2203 1894; baseline -0.003 -12"><span class='ocrx_word' id='word_1_632' title='bbox 1154 1846 1334 1884; x_wconf 82' lang='lat' dir='ltr'><strong>Chronici</strong></span> <span class='ocrx_word' id='word_1_633' title='bbox 1349 1853 1483 1881; x_wconf 88' lang='lat' dir='ltr'><strong>auctor</strong></span> <span class='ocrx_word' id='word_1_634' title='bbox 1498 1845 1556 1880; x_wconf 87' lang='lat' dir='ltr'>vel</span> <span class='ocrx_word' id='word_1_635' title='bbox 1575 1845 1703 1894; x_wconf 87' lang='lat' dir='ltr'><strong>potius</strong></span> <span class='ocrx_word' id='word_1_636' title='bbox 1721 1851 1893 1880; x_wconf 86' lang='lat' dir='ltr'><strong>auctores</strong></span> <span class='ocrx_word' id='word_1_637' title='bbox 1908 1844 2203 1892; x_wconf 84' lang='lat' dir='ltr'><strong>desumpserint,</strong></span> 
     </span>
     <span class='ocr_line' id='line_1_83' title="bbox 1153 1900 2203 1952; baseline -0.003 -12"><span class='ocrx_word' id='word_1_638' title='bbox 1153 1905 1194 1940; x_wconf 90' lang='lat' dir='ltr'>in</span> <span class='ocrx_word' id='word_1_639' title='bbox 1211 1904 1337 1940; x_wconf 90' lang='lat' dir='ltr'><strong>medio</strong></span> <span class='ocrx_word' id='word_1_640' title='bbox 1358 1905 1548 1951; x_wconf 83' lang='lat' dir='ltr'><strong>relinquo,</strong></span> <span class='ocrx_word' id='word_1_641' title='bbox 1574 1903 1685 1941; x_wconf 86' lang='lat' dir='ltr'><strong>Certe</strong></span> <span class='ocrx_word' id='word_1_642' title='bbox 1710 1902 1803 1938; x_wconf 85' lang='lat' dir='ltr'><strong>illud</strong></span> <span class='ocrx_word' id='word_1_643' title='bbox 1821 1900 1915 1952; x_wconf 84' lang='grc' dir='ltr'>λέγει</span> <span class='ocrx_word' id='word_1_644' title='bbox 1941 1904 1991 1938; x_wconf 90' lang='lat' dir='ltr'>ita</span> <span class='ocrx_word' id='word_1_645' title='bbox 2011 1903 2178 1951; x_wconf 81' lang='lat' dir='ltr'><strong>positum</strong></span> <span class='ocrx_word' id='word_1_646' title='bbox 2193 1930 2203 1948; x_wconf 91' lang='lat'>‚</span> 
     </span>
     <span class='ocr_line' id='line_1_84' title="bbox 1154 1961 2207 2011; baseline -0.002 -12"><span class='ocrx_word' id='word_1_647' title='bbox 1154 1971 1195 1999; x_wconf 94' lang='lat' dir='ltr'>ut</span> <span class='ocrx_word' id='word_1_648' title='bbox 1211 1976 1293 2000; x_wconf 88' lang='lat' dir='ltr'>rem</span> <span class='ocrx_word' id='word_1_649' title='bbox 1308 1976 1387 1998; x_wconf 90' lang='lat' dir='ltr'>non</span> <span class='ocrx_word' id='word_1_650' title='bbox 1409 1963 1529 2011; x_wconf 87' lang='lat' dir='ltr'><strong>possit</strong></span> <span class='ocrx_word' id='word_1_651' title='bbox 1557 1961 1751 1997; x_wconf 81' lang='lat' dir='ltr'><strong>dirimere.</strong></span> <span class='ocrx_word' id='word_1_652' title='bbox 1774 1961 1952 1999; x_wconf 85' lang='lat' dir='ltr'><strong>Ceterum</strong></span> <span class='ocrx_word' id='word_1_653' title='bbox 1979 1961 2111 1997; x_wconf 85' lang='lat' dir='ltr'><strong>eadem</strong></span> <span class='ocrx_word' id='word_1_654' title='bbox 2130 1962 2207 1997; x_wconf 84' lang='lat' dir='ltr'><strong>fere</strong></span> 
     </span>
     <span class='ocr_line' id='line_1_85' title="bbox 1154 2019 2201 2069; baseline -0.001 -13"><span class='ocrx_word' id='word_1_655' title='bbox 1154 2022 1270 2057; x_wconf 87' lang='lat' dir='ltr'><strong>habet</strong></span> <span class='ocrx_word' id='word_1_656' title='bbox 1297 2022 1433 2057; x_wconf 80' lang='lat' dir='ltr'><strong>Malaia</strong></span> <span class='ocrx_word' id='word_1_657' title='bbox 1453 2034 1494 2069; x_wconf 88' lang='lat' dir='ltr'><strong>p.</strong></span> <span class='ocrx_word' id='word_1_658' title='bbox 1529 2019 1599 2055; x_wconf 84' lang='lat'>361</span> <span class='ocrx_word' id='word_1_659' title='bbox 1622 2020 1682 2057; x_wconf 90' lang='lat' dir='ltr'>ed.</span> <span class='ocrx_word' id='word_1_660' title='bbox 1700 2021 1819 2056; x_wconf 91' lang='lat' dir='ltr'><strong>Bonn.</strong></span> <span class='ocrx_word' id='word_1_661' title='bbox 1845 2027 1883 2055; x_wconf 88' lang='lat' dir='ltr'>et</span> <span class='ocrx_word' id='word_1_662' title='bbox 1896 2020 2144 2067; x_wconf 87' lang='lat' dir='ltr'><strong>Theophanes</strong></span> <span class='ocrx_word' id='word_1_663' title='bbox 2158 2033 2201 2068; x_wconf 90' lang='lat' dir='ltr'><strong>p.</strong></span> 
     </span>
     <span class='ocr_line' id='line_1_86' title="bbox 1161 2076 2206 2129; baseline -0.002 -13"><span class='ocrx_word' id='word_1_664' title='bbox 1161 2085 1233 2128; x_wconf 67' lang='lat'>149</span> <span class='ocrx_word' id='word_1_665' title='bbox 1251 2080 1312 2116; x_wconf 87' lang='lat' dir='ltr'>ed.</span> <span class='ocrx_word' id='word_1_666' title='bbox 1331 2081 1449 2115; x_wconf 91' lang='lat' dir='ltr'><strong>Bonn.</strong></span> <span class='ocrx_word' id='word_1_667' title='bbox 1472 2078 1525 2116; x_wconf 90' lang='lat' dir='ltr'>Cf.</span> <span class='ocrx_word' id='word_1_668' title='bbox 1545 2079 1658 2114; x_wconf 84' lang='lat' dir='ltr'><strong>etiam</strong></span> <span class='ocrx_word' id='word_1_669' title='bbox 1675 2078 1807 2115; x_wconf 88' lang='lat' dir='ltr'><strong>Suidas</strong></span> <span class='ocrx_word' id='word_1_670' title='bbox 1826 2092 1863 2116; x_wconf 82' lang='lat' dir='ltr'>v,</span> <span class='ocrx_word' id='word_1_671' title='bbox 1887 2079 2001 2129; x_wconf 82' lang='grc' dir='ltr'>Κῦρος</span> <span class='ocrx_word' id='word_1_672' title='bbox 2021 2086 2057 2114; x_wconf 87' lang='lat' dir='ltr'>et</span> <span class='ocrx_word' id='word_1_673' title='bbox 2077 2076 2206 2118; x_wconf 82' lang='grc' dir='ltr'>Θεοδό·</span> 
     </span>
     <span class='ocr_line' id='line_1_87' title="bbox 1158 2137 2206 2188; baseline -0.002 -13"><span class='ocrx_word' id='word_1_674' title='bbox 1158 2153 1229 2180; x_wconf 83' lang='grc' dir='ltr'>σιος</span> <span class='ocrx_word' id='word_1_675' title='bbox 1251 2139 1268 2174; x_wconf 91' lang='lat'>6</span> <span class='ocrx_word' id='word_1_676' title='bbox 1287 2137 1420 2188; x_wconf 89' lang='grc' dir='ltr'>μικρός.</span> <span class='ocrx_word' id='word_1_677' title='bbox 1446 2139 1603 2173; x_wconf 86' lang='lat' dir='ltr'><strong>Honore</strong></span> <span class='ocrx_word' id='word_1_678' title='bbox 1631 2138 1829 2174; x_wconf 89' lang='lat' dir='ltr'><strong>destitutus</strong></span> <span class='ocrx_word' id='word_1_679' title='bbox 1846 2137 1967 2185; x_wconf 85' lang='lat' dir='ltr'><strong>Cyrus</strong></span> <span class='ocrx_word' id='word_1_680' title='bbox 1984 2145 2038 2174; x_wconf 87' lang='lat' dir='ltr'>est</span> <span class='ocrx_word' id='word_1_681' title='bbox 2054 2150 2112 2174; x_wconf 86' lang='lat' dir='ltr'>an.</span> <span class='ocrx_word' id='word_1_682' title='bbox 2131 2142 2206 2181; x_wconf 74' lang='lat'>242</span> 
     </span>
     <span class='ocr_line' id='line_1_88' title="bbox 1156 2197 2207 2246; baseline -0.001 -13"><span class='ocrx_word' id='word_1_683' title='bbox 1156 2199 1215 2233; x_wconf 88' lang='lat' dir='ltr'>vel</span> <span class='ocrx_word' id='word_1_684' title='bbox 1232 2198 1306 2240; x_wconf 63' lang='lat'>243</span> <span class='ocrx_word' id='word_1_685' title='bbox 1327 2197 1431 2246; x_wconf 87' lang='lat' dir='ltr'><strong>(vide</strong></span> <span class='ocrx_word' id='word_1_686' title='bbox 1449 2197 1495 2233; x_wconf 90' lang='lat' dir='ltr'>de</span> <span class='ocrx_word' id='word_1_687' title='bbox 1513 2197 1571 2232; x_wconf 84' lang='lat' dir='ltr'>his</span> <span class='ocrx_word' id='word_1_688' title='bbox 1586 2197 1767 2246; x_wconf 88' lang='lat' dir='ltr'><strong>disputat.</strong></span> <span class='ocrx_word' id='word_1_689' title='bbox 1786 2197 2017 2233; x_wconf 88' lang='lat' dir='ltr'><strong>Tillemontii</strong></span> <span class='ocrx_word' id='word_1_690' title='bbox 2031 2204 2125 2235; x_wconf 87' lang='lat' dir='ltr'><strong>tom.</strong></span> <span class='ocrx_word' id='word_1_691' title='bbox 2139 2198 2207 2242; x_wconf 90' lang='lat' dir='ltr'>VI,</span> 
     </span>
     <span class='ocr_line' id='line_1_89' title="bbox 1155 2255 2208 2305; baseline -0.001 -13"><span class='ocrx_word' id='word_1_692' title='bbox 1155 2270 1192 2305; x_wconf 89' lang='lat' dir='ltr'>p.</span> <span class='ocrx_word' id='word_1_693' title='bbox 1227 2257 1302 2305; x_wconf 84' lang='lat'>609</span> <span class='ocrx_word' id='word_1_694' title='bbox 1328 2256 1426 2304; x_wconf 82' lang='lat' dir='ltr'><strong>sq.).</strong></span> <span class='ocrx_word' id='word_1_695' title='bbox 1453 2257 1717 2292; x_wconf 61' lang='lat' dir='ltr'><strong>Successor-em</strong></span> <span class='ocrx_word' id='word_1_696' title='bbox 1741 2256 1877 2292; x_wconf 84' lang='lat' dir='ltr'><strong>habuit</strong></span> <span class='ocrx_word' id='word_1_697' title='bbox 1904 2255 2208 2304; x_wconf 77' lang='lat' dir='ltr'><strong>Chrysaphium3</strong></span> 
     </span>
     <span class='ocr_line' id='line_1_90' title="bbox 1157 2314 2204 2363; baseline -0.003 -12"><span class='ocrx_word' id='word_1_698' title='bbox 1157 2323 1242 2351; x_wconf 89' lang='lat' dir='ltr'><strong>ante</strong></span> <span class='ocrx_word' id='word_1_699' title='bbox 1259 2328 1347 2351; x_wconf 89' lang='lat' dir='ltr'>eum</span> <span class='ocrx_word' id='word_1_700' title='bbox 1361 2314 1518 2350; x_wconf 86' lang='lat' dir='ltr'><strong>eandem</strong></span> <span class='ocrx_word' id='word_1_701' title='bbox 1547 2314 1768 2363; x_wconf 84' lang='lat' dir='ltr'><strong>dignitatem</strong></span> <span class='ocrx_word' id='word_1_702' title='bbox 1795 2322 1955 2363; x_wconf 82' lang='lat' dir='ltr'><strong>gesserat</strong></span> <span class='ocrx_word' id='word_1_703' title='bbox 1981 2315 2204 2352; x_wconf 70' lang='lat' dir='ltr'><strong>Antiochus.</strong></span> 
     </span>
     <span class='ocr_line' id='line_1_91' title="bbox 1156 2371 2212 2422; baseline -0.001 -12"><span class='ocrx_word' id='word_1_704' title='bbox 1156 2376 1212 2410; x_wconf 87' lang='lat' dir='ltr'>De</span> <span class='ocrx_word' id='word_1_705' title='bbox 1240 2374 1315 2410; x_wconf 89' lang='lat' dir='ltr'>hoc</span> <span class='ocrx_word' id='word_1_706' title='bbox 1349 2374 1541 2409; x_wconf 86' lang='lat' dir='ltr'><strong>Antiocho</strong></span> <span class='ocrx_word' id='word_1_707' title='bbox 1583 2373 1671 2409; x_wconf 87' lang='lat' dir='ltr'><strong>vide</strong></span> <span class='ocrx_word' id='word_1_708' title='bbox 1706 2373 1861 2409; x_wconf 88' lang='lat' dir='ltr'><strong>Suidam</strong></span> <span class='ocrx_word' id='word_1_709' title='bbox 1888 2386 1925 2411; x_wconf 79' lang='lat' dir='ltr'>V.</span> <span class='ocrx_word' id='word_1_710' title='bbox 1965 2371 2138 2422; x_wconf 75' lang='grc' dir='ltr'>Ἀντίοχος</span> <span class='ocrx_word' id='word_1_711' title='bbox 2174 2382 2212 2410; x_wconf 86' lang='lat' dir='ltr'>et</span> 
     </span>
    </p>
   </div>
   <div class='ocr_carea' id='block_1_10' title="bbox 1160 2482 2219 3413">
    <p class='ocr_par' dir='ltr' id='par_1_10' title="bbox 1160 2482 2211 2617">
     <span class='ocr_line' id='line_1_92' title="bbox 1160 2482 2211 2522; baseline -0.003 -7"><span class='ocrx_word' id='word_1_712' title='bbox 1160 2484 1193 2515; x_wconf 84' lang='lat' dir='ltr'>in</span> <span class='ocrx_word' id='word_1_713' title='bbox 1210 2492 1324 2515; x_wconf 86' lang='lat' dir='ltr'><strong>manus</strong></span> <span class='ocrx_word' id='word_1_714' title='bbox 1337 2483 1477 2515; x_wconf 90' lang='lat' dir='ltr'><strong>hostium</strong></span> <span class='ocrx_word' id='word_1_715' title='bbox 1498 2482 1652 2515; x_wconf 81' lang='lat' dir='ltr'><strong>traduxit.</strong></span> <span class='ocrx_word' id='word_1_716' title='bbox 1672 2484 1713 2514; x_wconf 84' lang='lat' dir='ltr'>Et</span> <span class='ocrx_word' id='word_1_717' title='bbox 1725 2482 1765 2514; x_wconf 86' lang='lat' dir='ltr'>ab</span> <span class='ocrx_word' id='word_1_718' title='bbox 1780 2492 1818 2514; x_wconf 85' lang='lat' dir='ltr'>co</span> <span class='ocrx_word' id='word_1_719' title='bbox 1841 2485 1984 2522; x_wconf 85' lang='lat' dir='ltr'><strong>tempore</strong></span> <span class='ocrx_word' id='word_1_720' title='bbox 2000 2482 2211 2513; x_wconf 85' lang='lat' dir='ltr'><strong>barbarorum</strong></span> 
     </span>
     <span class='ocr_line' id='line_1_93' title="bbox 1161 2534 1908 2575; baseline -0.004 -7"><span class='ocrx_word' id='word_1_721' title='bbox 1161 2545 1212 2568; x_wconf 88' lang='lat' dir='ltr'>res</span> <span class='ocrx_word' id='word_1_722' title='bbox 1227 2536 1260 2567; x_wconf 90' lang='lat' dir='ltr'>in</span> <span class='ocrx_word' id='word_1_723' title='bbox 1273 2535 1357 2568; x_wconf 87' lang='lat' dir='ltr'><strong>diem</strong></span> <span class='ocrx_word' id='word_1_724' title='bbox 1367 2535 1530 2570; x_wconf 73' lang='lat' dir='ltr'><strong>auctiores</strong></span> <span class='ocrx_word' id='word_1_725' title='bbox 1543 2534 1755 2575; x_wconf 83' lang='lat' dir='ltr'><strong>melioresque</strong></span> <span class='ocrx_word' id='word_1_726' title='bbox 1766 2535 1908 2566; x_wconf 78' lang='lat' dir='ltr'><strong>ruerunt.</strong></span> 
     </span>
     <span class='ocr_line' id='line_1_94' title="bbox 1669 2585 1704 2617; baseline 0 0"><span class='ocrx_word' id='word_1_727' title='bbox 1669 2585 1704 2617; x_wconf 87' lang='lat'>3.</span> 
     </span>
    </p>

    <p class='ocr_par' dir='ltr' id='par_1_11' title="bbox 1163 2639 2219 3413">
     <span class='ocr_line' id='line_1_95' title="bbox 1205 2639 2210 2680; baseline -0.004 -8"><span class='ocrx_word' id='word_1_728' title='bbox 1205 2640 1271 2672; x_wconf 91' lang='lat' dir='ltr'><strong>Sub</strong></span> <span class='ocrx_word' id='word_1_729' title='bbox 1281 2639 1459 2673; x_wconf 86' lang='lat' dir='ltr'><strong>Theodosio</strong></span> <span class='ocrx_word' id='word_1_730' title='bbox 1470 2639 1603 2672; x_wconf 85' lang='lat' dir='ltr'><strong>Juniore</strong></span> <span class='ocrx_word' id='word_1_731' title='bbox 1619 2639 1812 2680; x_wconf 81' lang='lat' dir='ltr'><strong>imperatore</strong></span> <span class='ocrx_word' id='word_1_732' title='bbox 1827 2639 1940 2671; x_wconf 89' lang='lat' dir='ltr'><strong>Attilas</strong></span> <span class='ocrx_word' id='word_1_733' title='bbox 1952 2641 2142 2671; x_wconf 85' lang='lat' dir='ltr'><strong>Hunnorum</strong></span> <span class='ocrx_word' id='word_1_734' title='bbox 2157 2647 2210 2669; x_wconf 80' lang='lat' dir='ltr'>rex</span> 
     </span>
     <span class='ocr_line' id='line_1_96' title="bbox 1163 2691 2215 2732; baseline -0.004 -7"><span class='ocrx_word' id='word_1_735' title='bbox 1163 2693 1324 2725; x_wconf 83' lang='lat' dir='ltr'><strong>delectum</strong></span> <span class='ocrx_word' id='word_1_736' title='bbox 1339 2702 1375 2724; x_wconf 83' lang='lat' dir='ltr'>ex</span> <span class='ocrx_word' id='word_1_737' title='bbox 1390 2694 1456 2725; x_wconf 87' lang='lat' dir='ltr'><strong>suis</strong></span> <span class='ocrx_word' id='word_1_738' title='bbox 1470 2693 1604 2732; x_wconf 87' lang='lat' dir='ltr'><strong>habuit,</strong></span> <span class='ocrx_word' id='word_1_739' title='bbox 1619 2694 1651 2724; x_wconf 88' lang='lat' dir='ltr'>et</span> <span class='ocrx_word' id='word_1_740' title='bbox 1665 2692 1787 2724; x_wconf 86' lang='lat' dir='ltr'><strong>litteras</strong></span> <span class='ocrx_word' id='word_1_741' title='bbox 1796 2692 1836 2723; x_wconf 89' lang='lat' dir='ltr'>ad</span> <span class='ocrx_word' id='word_1_742' title='bbox 1848 2692 2072 2732; x_wconf 86' lang='lat' dir='ltr'><strong>imperatorem</strong></span> <span class='ocrx_word' id='word_1_743' title='bbox 2090 2691 2215 2731; x_wconf 84' lang='lat' dir='ltr'><strong>scripsit</strong></span> 
     </span>
     <span class='ocr_line' id='line_1_97' title="bbox 1164 2742 2216 2785; baseline -0.003 -9"><span class='ocrx_word' id='word_1_744' title='bbox 1164 2745 1203 2776; x_wconf 88' lang='lat' dir='ltr'>de</span> <span class='ocrx_word' id='word_1_745' title='bbox 1216 2745 1386 2785; x_wconf 76' lang='lat' dir='ltr'><strong>transfugis</strong></span> <span class='ocrx_word' id='word_1_746' title='bbox 1399 2747 1431 2777; x_wconf 90' lang='lat' dir='ltr'>et</span> <span class='ocrx_word' id='word_1_747' title='bbox 1443 2744 1482 2776; x_wconf 87' lang='lat' dir='ltr'>de</span> <span class='ocrx_word' id='word_1_748' title='bbox 1492 2744 1621 2776; x_wconf 89' lang='lat' dir='ltr'><strong>tributis</strong></span> <span class='ocrx_word' id='word_1_749' title='bbox 1631 2769 1639 2783; x_wconf 93' lang='lat'><strong>,</strong></span> <span class='ocrx_word' id='word_1_750' title='bbox 1653 2746 1700 2783; x_wconf 92' lang='lat' dir='ltr'>ut,</span> <span class='ocrx_word' id='word_1_751' title='bbox 1715 2752 1931 2784; x_wconf 82' lang='lat' dir='ltr'><strong>quaecumque</strong></span> <span class='ocrx_word' id='word_1_752' title='bbox 1941 2743 2107 2775; x_wconf 87' lang='lat' dir='ltr'><strong>occasione</strong></span> <span class='ocrx_word' id='word_1_753' title='bbox 2120 2742 2216 2782; x_wconf 87' lang='lat' dir='ltr'><strong>hujus</strong></span> 
     </span>
     <span class='ocr_line' id='line_1_98' title="bbox 1166 2794 2214 2836; baseline -0.003 -8"><span class='ocrx_word' id='word_1_754' title='bbox 1166 2797 1238 2829; x_wconf 86' lang='lat' dir='ltr'><strong>belli</strong></span> <span class='ocrx_word' id='word_1_755' title='bbox 1256 2797 1377 2828; x_wconf 85' lang='lat' dir='ltr'><strong>reddita</strong></span> <span class='ocrx_word' id='word_1_756' title='bbox 1394 2806 1457 2828; x_wconf 91' lang='lat' dir='ltr'>non</span> <span class='ocrx_word' id='word_1_757' title='bbox 1474 2798 1594 2831; x_wconf 75' lang='lat' dir='ltr'><strong>essent,</strong></span> <span class='ocrx_word' id='word_1_758' title='bbox 1611 2805 1708 2836; x_wconf 88' lang='lat' dir='ltr'><strong>quam</strong></span> <span class='ocrx_word' id='word_1_759' title='bbox 1727 2795 1877 2827; x_wconf 84' lang='lat' dir='ltr'><strong>citissime</strong></span> <span class='ocrx_word' id='word_1_760' title='bbox 1893 2795 1933 2827; x_wconf 88' lang='lat' dir='ltr'>ad</span> <span class='ocrx_word' id='word_1_761' title='bbox 1948 2804 1981 2827; x_wconf 91' lang='lat' dir='ltr'>se</span> <span class='ocrx_word' id='word_1_762' title='bbox 1997 2794 2214 2833; x_wconf 80' lang='lat' dir='ltr'><strong>mitterentur,</strong></span> 
     </span>
     <span class='ocr_line' id='line_1_99' title="bbox 1165 2847 2215 2889; baseline -0.003 -8"><span class='ocrx_word' id='word_1_763' title='bbox 1165 2850 1205 2881; x_wconf 86' lang='lat' dir='ltr'>de</span> <span class='ocrx_word' id='word_1_764' title='bbox 1218 2849 1348 2882; x_wconf 84' lang='lat' dir='ltr'><strong>tributis</strong></span> <span class='ocrx_word' id='word_1_765' title='bbox 1357 2850 1464 2880; x_wconf 87' lang='lat' dir='ltr'><strong>autem</strong></span> <span class='ocrx_word' id='word_1_766' title='bbox 1479 2850 1511 2880; x_wconf 94' lang='lat' dir='ltr'>in</span> <span class='ocrx_word' id='word_1_767' title='bbox 1526 2850 1688 2889; x_wconf 87' lang='lat' dir='ltr'><strong>posterum</strong></span> <span class='ocrx_word' id='word_1_768' title='bbox 1702 2848 1876 2888; x_wconf 87' lang='lat' dir='ltr'><strong>pendendis</strong></span> <span class='ocrx_word' id='word_1_769' title='bbox 1887 2848 1979 2888; x_wconf 83' lang='lat' dir='ltr'><strong>legati</strong></span> <span class='ocrx_word' id='word_1_770' title='bbox 1994 2856 2102 2880; x_wconf 87' lang='lat' dir='ltr'><strong>secum</strong></span> <span class='ocrx_word' id='word_1_771' title='bbox 2114 2847 2215 2878; x_wconf 86' lang='lat' dir='ltr'><strong>acturi</strong></span> 
     </span>
     <span class='ocr_line' id='line_1_100' title="bbox 1166 2901 2215 2940; baseline -0.004 -6"><span class='ocrx_word' id='word_1_772' title='bbox 1166 2902 1206 2934; x_wconf 90' lang='lat' dir='ltr'>ad</span> <span class='ocrx_word' id='word_1_773' title='bbox 1226 2912 1259 2934; x_wconf 77' lang='lat' dir='ltr'>se</span> <span class='ocrx_word' id='word_1_774' title='bbox 1275 2903 1422 2934; x_wconf 86' lang='lat' dir='ltr'><strong>venirent</strong></span> <span class='ocrx_word' id='word_1_775' title='bbox 1441 2915 1448 2934; x_wconf 69' lang='grc' dir='ltr'>ι</span> <span class='ocrx_word' id='word_1_776' title='bbox 1464 2911 1538 2933; x_wconf 89' lang='lat' dir='ltr'>nam</span> <span class='ocrx_word' id='word_1_777' title='bbox 1555 2902 1581 2933; x_wconf 93' lang='lat' dir='ltr'>si</span> <span class='ocrx_word' id='word_1_778' title='bbox 1595 2903 1825 2933; x_wconf 88' lang='lat' dir='ltr'><strong>cunctarentur</strong></span> <span class='ocrx_word' id='word_1_779' title='bbox 1841 2903 1897 2933; x_wconf 91' lang='lat' dir='ltr'>aut</span> <span class='ocrx_word' id='word_1_780' title='bbox 1915 2902 2035 2933; x_wconf 88' lang='lat' dir='ltr'><strong>bellum</strong></span> <span class='ocrx_word' id='word_1_781' title='bbox 2053 2901 2215 2940; x_wconf 63' lang='lat' dir='ltr'><strong>pararent,</strong></span> 
     </span>
     <span class='ocr_line' id='line_1_101' title="bbox 1166 2951 2215 2994; baseline -0.005 -8"><span class='ocrx_word' id='word_1_782' title='bbox 1166 2963 1207 2986; x_wconf 88' lang='lat' dir='ltr'>ne</span> <span class='ocrx_word' id='word_1_783' title='bbox 1219 2963 1253 2986; x_wconf 87' lang='lat' dir='ltr'>se</span> <span class='ocrx_word' id='word_1_784' title='bbox 1268 2954 1373 2994; x_wconf 84' lang='lat' dir='ltr'><strong>ipsum</strong></span> <span class='ocrx_word' id='word_1_785' title='bbox 1386 2953 1516 2994; x_wconf 85' lang='lat' dir='ltr'><strong>quidem</strong></span> <span class='ocrx_word' id='word_1_786' title='bbox 1534 2953 1724 2993; x_wconf 78' lang='lat' dir='ltr'><strong>Scytharum</strong></span> <span class='ocrx_word' id='word_1_787' title='bbox 1743 2953 1982 2984; x_wconf 87' lang='lat' dir='ltr'><strong>multitudinem</strong></span> <span class='ocrx_word' id='word_1_788' title='bbox 1997 2951 2117 2983; x_wconf 82' lang='lat' dir='ltr'><strong>(liutius</strong></span> <span class='ocrx_word' id='word_1_789' title='bbox 2139 2959 2215 2981; x_wconf 90' lang='lat' dir='ltr'><strong>con-</strong></span> 
     </span>
     <span class='ocr_line' id='line_1_102' title="bbox 1167 3007 2216 3047; baseline -0.004 -8"><span class='ocrx_word' id='word_1_790' title='bbox 1167 3008 1345 3039; x_wconf 83' lang='lat' dir='ltr'><strong>tenturum.</strong></span> <span class='ocrx_word' id='word_1_791' title='bbox 1390 3007 1448 3039; x_wconf 89' lang='lat' dir='ltr'>His</span> <span class='ocrx_word' id='word_1_792' title='bbox 1470 3007 1585 3038; x_wconf 89' lang='lat' dir='ltr'><strong>litteris</strong></span> <span class='ocrx_word' id='word_1_793' title='bbox 1600 3007 1703 3045; x_wconf 82' lang='lat' dir='ltr'><strong>lectis,</strong></span> <span class='ocrx_word' id='word_1_794' title='bbox 1724 3007 1895 3047; x_wconf 87' lang='lat' dir='ltr'><strong>imperator</strong></span> <span class='ocrx_word' id='word_1_795' title='bbox 1914 3014 2118 3047; x_wconf 82' lang='lat' dir='ltr'><strong>nequaquam</strong></span> <span class='ocrx_word' id='word_1_796' title='bbox 2138 3007 2216 3043; x_wconf 86' lang='lat' dir='ltr'><strong>Scy-</strong></span> 
     </span>
     <span class='ocr_line' id='line_1_103' title="bbox 1168 3058 2216 3099; baseline -0.004 -9"><span class='ocrx_word' id='word_1_797' title='bbox 1168 3060 1252 3098; x_wconf 87' lang='lat' dir='ltr'><strong>thas,</strong></span> <span class='ocrx_word' id='word_1_798' title='bbox 1266 3060 1321 3099; x_wconf 85' lang='lat' dir='ltr'>qui</span> <span class='ocrx_word' id='word_1_799' title='bbox 1338 3059 1378 3090; x_wconf 89' lang='lat' dir='ltr'>ad</span> <span class='ocrx_word' id='word_1_800' title='bbox 1395 3068 1428 3091; x_wconf 90' lang='lat' dir='ltr'>se</span> <span class='ocrx_word' id='word_1_801' title='bbox 1441 3060 1668 3099; x_wconf 81' lang='lat' dir='ltr'><strong>confugissent,</strong></span> <span class='ocrx_word' id='word_1_802' title='bbox 1680 3059 1875 3091; x_wconf 84' lang='lat' dir='ltr'><strong>traditurum</strong></span> <span class='ocrx_word' id='word_1_803' title='bbox 1887 3059 1989 3097; x_wconf 83' lang='lat' dir='ltr'><strong>dixit,</strong></span> <span class='ocrx_word' id='word_1_804' title='bbox 2000 3058 2054 3090; x_wconf 89' lang='lat' dir='ltr'>sed</span> <span class='ocrx_word' id='word_1_805' title='bbox 2069 3065 2132 3088; x_wconf 82' lang='lat' dir='ltr'>uua</span> <span class='ocrx_word' id='word_1_806' title='bbox 2143 3065 2216 3088; x_wconf 90' lang='lat' dir='ltr'>cum</span> 
     </span>
     <span class='ocr_line' id='line_1_104' title="bbox 1169 3109 2217 3151; baseline -0.005 -8"><span class='ocrx_word' id='word_1_807' title='bbox 1169 3112 1230 3143; x_wconf 87' lang='lat' dir='ltr'><strong>illis</strong></span> <span class='ocrx_word' id='word_1_808' title='bbox 1243 3111 1274 3142; x_wconf 90' lang='lat' dir='ltr'>in</span> <span class='ocrx_word' id='word_1_809' title='bbox 1292 3111 1400 3142; x_wconf 88' lang='lat' dir='ltr'><strong>animo</strong></span> <span class='ocrx_word' id='word_1_810' title='bbox 1413 3111 1472 3143; x_wconf 89' lang='lat' dir='ltr'><strong>sibi</strong></span> <span class='ocrx_word' id='word_1_811' title='bbox 1486 3120 1565 3151; x_wconf 86' lang='lat' dir='ltr'><strong>esse,</strong></span> <span class='ocrx_word' id='word_1_812' title='bbox 1576 3111 1651 3142; x_wconf 89' lang='lat' dir='ltr'><strong>belli</strong></span> <span class='ocrx_word' id='word_1_813' title='bbox 1665 3112 1815 3142; x_wconf 83' lang='lat' dir='ltr'><strong>eventum</strong></span> <span class='ocrx_word' id='word_1_814' title='bbox 1826 3112 2022 3150; x_wconf 87' lang='lat' dir='ltr'><strong>exspectare.</strong></span> <span class='ocrx_word' id='word_1_815' title='bbox 2067 3109 2217 3140; x_wconf 84' lang='lat' dir='ltr'><strong>Ceterum</strong></span> 
     </span>
     <span class='ocr_line' id='line_1_105' title="bbox 1169 3158 2216 3203; baseline -0.005 -9"><span class='ocrx_word' id='word_1_816' title='bbox 1169 3172 1203 3195; x_wconf 87' lang='lat' dir='ltr'>se</span> <span class='ocrx_word' id='word_1_817' title='bbox 1218 3163 1337 3202; x_wconf 81' lang='lat' dir='ltr'><strong>legatos</strong></span> <span class='ocrx_word' id='word_1_818' title='bbox 1359 3163 1531 3194; x_wconf 90' lang='lat' dir='ltr'><strong>missurum</strong></span> <span class='ocrx_word' id='word_1_819' title='bbox 1543 3187 1551 3202; x_wconf 92' lang='lat'><strong>,</strong></span> <span class='ocrx_word' id='word_1_820' title='bbox 1569 3164 1624 3203; x_wconf 88' lang='lat' dir='ltr'>qui</span> <span class='ocrx_word' id='word_1_821' title='bbox 1644 3162 1877 3194; x_wconf 85' lang='lat' dir='ltr'><strong>controversias</strong></span> <span class='ocrx_word' id='word_1_822' title='bbox 1893 3161 2089 3192; x_wconf 84' lang='lat' dir='ltr'><strong>dirimerent.</strong></span> <span class='ocrx_word' id='word_1_823' title='bbox 2113 3162 2155 3190; x_wconf 83' lang='lat' dir='ltr'>Ea</span> <span class='ocrx_word' id='word_1_824' title='bbox 2173 3158 2216 3189; x_wconf 92' lang='lat' dir='ltr'>si-</span> 
     </span>
     <span class='ocr_line' id='line_1_106' title="bbox 1170 3212 2219 3254; baseline -0.005 -7"><span class='ocrx_word' id='word_1_825' title='bbox 1170 3216 1235 3247; x_wconf 90' lang='lat' dir='ltr'><strong>cuti</strong></span> <span class='ocrx_word' id='word_1_826' title='bbox 1249 3215 1597 3247; x_wconf 86' lang='lat' dir='ltr'><strong>Romanidecreverant</strong></span> <span class='ocrx_word' id='word_1_827' title='bbox 1608 3240 1616 3254; x_wconf 95' lang='lat'><strong>,</strong></span> <span class='ocrx_word' id='word_1_828' title='bbox 1631 3215 1687 3246; x_wconf 90' lang='lat' dir='ltr'>ubi</span> <span class='ocrx_word' id='word_1_829' title='bbox 1701 3215 1814 3246; x_wconf 82' lang='lat' dir='ltr'><strong>Attilas</strong></span> <span class='ocrx_word' id='word_1_830' title='bbox 1826 3213 1966 3252; x_wconf 84' lang='lat' dir='ltr'><strong>rescivit,</strong></span> <span class='ocrx_word' id='word_1_831' title='bbox 1980 3213 2026 3244; x_wconf 89' lang='lat' dir='ltr'>ira</span> <span class='ocrx_word' id='word_1_832' title='bbox 2039 3212 2219 3243; x_wconf 82' lang='lat' dir='ltr'><strong>commotus</strong></span> 
     </span>
     <span class='ocr_line' id='line_1_107' title="bbox 1171 3262 2217 3307; baseline -0.009 -7"><span class='ocrx_word' id='word_1_833' title='bbox 1171 3270 1390 3300; x_wconf 87' lang='lat' dir='ltr'><strong>Romanorum</strong></span> <span class='ocrx_word' id='word_1_834' title='bbox 1405 3267 1484 3299; x_wconf 87' lang='lat' dir='ltr'><strong>fines</strong></span> <span class='ocrx_word' id='word_1_835' title='bbox 1501 3268 1655 3307; x_wconf 81' lang='lat' dir='ltr'><strong>vastavit,</strong></span> <span class='ocrx_word' id='word_1_836' title='bbox 1677 3268 1708 3299; x_wconf 89' lang='lat' dir='ltr'>et</span> <span class='ocrx_word' id='word_1_837' title='bbox 1725 3267 1864 3298; x_wconf 84' lang='lat' dir='ltr'><strong>castellis</strong></span> <span class='ocrx_word' id='word_1_838' title='bbox 1874 3264 2066 3306; x_wconf 72' lang='lat' dir='ltr'><strong>quibusdam</strong></span> <span class='ocrx_word' id='word_1_839' title='bbox 2081 3262 2194 3293; x_wconf 79' lang='lat' dir='ltr'><strong>dirutis</strong></span> <span class='ocrx_word' id='word_1_840' title='bbox 2209 3286 2217 3301; x_wconf 91' lang='lat'><strong>,</strong></span> 
     </span>
     <span class='ocr_line' id='line_1_108' title="bbox 1171 3315 2217 3360; baseline -0.009 -7"><span class='ocrx_word' id='word_1_841' title='bbox 1171 3321 1203 3353; x_wconf 87' lang='lat' dir='ltr'>in</span> <span class='ocrx_word' id='word_1_842' title='bbox 1216 3321 1388 3353; x_wconf 83' lang='lat' dir='ltr'><strong>Ratiariam</strong></span> <span class='ocrx_word' id='word_1_843' title='bbox 1409 3320 1519 3351; x_wconf 86' lang='lat' dir='ltr'><strong>urbem</strong></span> <span class='ocrx_word' id='word_1_844' title='bbox 1541 3329 1687 3360; x_wconf 82' lang='lat' dir='ltr'><strong>magnam</strong></span> <span class='ocrx_word' id='word_1_845' title='bbox 1706 3321 1738 3352; x_wconf 89' lang='lat' dir='ltr'>ct</span> <span class='ocrx_word' id='word_1_846' title='bbox 1764 3318 1871 3360; x_wconf 85' lang='lat' dir='ltr'><strong>populi</strong></span> <span class='ocrx_word' id='word_1_847' title='bbox 1890 3315 2093 3349; x_wconf 84' lang='lat' dir='ltr'><strong>multitudine</strong></span> <span class='ocrx_word' id='word_1_848' title='bbox 2117 3315 2217 3346; x_wconf 84' lang='lat' dir='ltr'><strong>abuu-</strong></span> 
     </span>
     <span class='ocr_line' id='line_1_109' title="bbox 1172 3371 1618 3413; baseline -0.004 -8"><span class='ocrx_word' id='word_1_849' title='bbox 1172 3373 1299 3405; x_wconf 83' lang='lat' dir='ltr'><strong>dantem</strong></span> <span class='ocrx_word' id='word_1_850' title='bbox 1311 3372 1518 3413; x_wconf 84' lang='lat' dir='ltr'><strong>irruptionem</strong></span> <span class='ocrx_word' id='word_1_851' title='bbox 1534 3371 1618 3404; x_wconf 80' lang='lat' dir='ltr'><strong>fecit.</strong></span> 
     </span>
    </p>
   </div>
  </div>
 </body>
</html>
