2326 3724
459 236 1075 329 MENANDER
1133 241 1844 374 PROTECTOR.

140 609 197 645 De
215 608 426 645 Menandro
446 609 667 644 Protectore
690 621 773 656 quae
795 614 991 657 comperta
1011 607 1129 644 habe-

85 679 169 703 mus
188 667 416 716 paucissima
434 667 541 702 brevi
558 667 783 702 Niebuhrius
809 667 835 702 l.
858 667 884 704 l.
903 679 944 715 p.
965 678 1050 702 xxn
1066 679 1128 702 ex-

86 726 197 774 ponit
224 725 326 761 hunc
351 726 391 759 in
410 725 566 760 modum
595 736 605 761 z
641 740 656 756 «
679 724 900 768 Menander,
931 724 1130 772 Euphratae

86 782 205 828 filius,
236 783 696 831 Constantinopolitanus,
718 783 758 817 in
780 781 980 828 juventute
1006 783 1130 829 legum

87 843 213 879 studio
234 854 311 878 sese
329 842 485 877 dederat
503 854 510 876 z
533 841 598 888 sed
613 842 795 888 quoniam
811 852 833 876 a
853 840 1131 876 causidicorum

86 912 243 936 munere
269 900 415 934 animus
436 898 685 942 abhorrebat,
721 898 770 933 ad
792 899 987 945 segnitiem
1019 897 1132 932 dela-

86 972 188 1007 psus,
199 960 238 993 in
250 959 353 994 circo
363 957 647 1004 factionumque
658 957 850 992 furoribus
861 956 1134 1004 patrimonium

87 1017 241 1061 effudit3
258 1015 408 1051 tandem
421 1027 511 1049 vero
526 1027 547 1049 a
563 1015 783 1049 necessitate
798 1014 845 1049 ad
859 1015 1017 1049 meliora
1031 1026 1134 1049 com-

87 1075 237 1123 pulsus,
256 1086 373 1120 quum
394 1085 415 1108 a
434 1073 618 1107 Mauricio
638 1072 866 1120 imperatore
879 1073 1047 1108 literatos
1063 1072 1132 1108 ho-

89 1133 208 1167 mines
223 1131 429 1180 splendidis
445 1130 609 1178 praemiis
630 1130 758 1164 ornari
770 1129 934 1175 videret,
948 1142 986 1165 se
1004 1130 1044 1164 in
1059 1130 1133 1165 hoc

87 1203 223 1239 genere
243 1190 405 1238 experiri
425 1188 567 1224 statuit.
596 1189 730 1235 Itaque
749 1188 943 1223 historiam
967 1189 1135 1236 Agathiae

89 1250 310 1284 continuare
323 1246 606 1294 sibiproposuit
622 1258 630 1281 :
651 1245 757 1293 quod
773 1246 820 1281 ab
836 1246 1002 1282 adventu
1015 1247 1134 1283 Catri-

88 1319 271 1355 gurorum
291 1305 568 1341 Hunnorumin
582 1304 800 1348 Thraciam,
821 1317 918 1351 quos
936 1305 1135 1341 Belisarius

86 1366 283 1414 repressit,
303 1375 478 1410 annoque
495 1361 569 1397 558
583 1389 594 1410 ,
613 1374 732 1409 usque
746 1361 795 1397 ad
812 1374 1004 1398 excessum
1021 1362 1136 1398 Tibe-

86 1424 135 1459 rii
149 1423 387 1471 imperatoris
401 1448 410 1465 ,
427 1433 488 1458 an.
510 1419 583 1456 582
596 1447 606 1462 ,
623 1420 796 1468 perfecit.
817 1421 1048 1456 Protectoris
1065 1433 1134 1456 co—

87 1494 264 1531 gnomen,
282 1494 359 1529 quo
372 1480 419 1515 ab
432 1480 565 1514 illustri
576 1487 690 1527 poeta
700 1480 827 1514 Attico
844 1479 1135 1525 discriminatur,

86 1541 230 1575 indicat
248 1552 334 1575 eum
361 1538 581 1574 cohortibus
599 1538 785 1585 praetoriis
804 1538 1044 1586 imperatoris
1068 1539 1136 1574 ad·

87 1599 270 1646 scriptum
292 1596 403 1632 fuisse
435 1609 443 1631 z
476 1609 558 1643 quae
588 1602 712 1631 tamen
745 1596 809 1631 illo
841 1609 920 1631 aevo
956 1608 1063 1644 aeque
1092 1609 1136 1632 ac

90 1657 269 1692 scholarii
286 1654 414 1690 fictam
436 1654 700 1690 tantummodo
718 1655 946 1690 exercebant
964 1656 1136 1690 militiam

91 1715 101 1764 (
117 1717 280 1762 Procop.
302 1713 446 1749 Anecd.
470 1717 534 1757 24,
551 1726 591 1761 p.
619 1726 637 1758 7
650 1726 663 1747 1
680 1712 708 1761 ).
728 1715 772 1748 In
791 1714 978 1749 scribendi
998 1726 1135 1762 genere

86 1785 242 1822 prorsus
270 1773 374 1807 simia
392 1772 557 1819 Agathiae
574 1778 650 1815 est3
673 1771 854 1806 ridendus
882 1773 1030 1820 quoties
1050 1784 1136 1807 sen-

87 1833 291 1868 tentiarum
322 1831 496 1866 acumine
530 1838 595 1865 aut
630 1830 836 1865 verborum
873 1830 1058 1877 elegantia
1100 1841 1138 1865 se

89 1896 278 1925 ostentare
304 1890 410 1937 cupit
432 1901 440 1924 ε
470 1895 731 1923 verumtamen
749 1888 789 1922 in
811 1887 924 1922 rebus
943 1889 1053 1935 gestis
1077 1899 1136 1922 re-

88 1947 250 1983 ferendis
282 1947 406 1982 bonus
437 1954 592 1990 auctor3
630 1946 731 1981 circa
759 1946 991 1993 populorum
1015 1958 1140 1981 mores

90 2013 352 2053 terrarumque
371 2006 665 2053 longinquarum
691 2005 804 2039 situm
827 2011 864 2039 et
887 2005 1138 2052 peregrinan-

90 2066 185 2100 tium
216 2065 353 2099 itinera
381 2064 588 2099 admodum
620 2063 791 2098 curiosus
821 2069 858 2098 et
885 2062 960 2098 fide
987 2063 1136 2111 dignus.

90 2122 270 2168 Ejusdem
297 2121 466 2170 Agathiae
495 2122 706 2156 imitatione
727 2121 840 2156 etiam
867 2121 1140 2169 epigrammata

93 2193 321 2229 componere
343 2181 500 2215 tentavit
520 2180 579 2228 (v.
610 2180 657 2215 fr.
687 2178 735 2215 35
754 2178 816 2228 a).
841 2177 932 2222 Quae
951 2191 1066 2228 supra
1093 2179 1140 2215 de

92 2239 172 2286 ejus
205 2240 349 2287 origine
370 2251 413 2274 ac
438 2238 636 2285 juventute
656 2237 756 2282 dixi,
779 2250 823 2273 ea
850 2238 977 2273 omnia
1003 2239 1081 2286 ipse
1102 2239 1141 2272 in

91 2299 279 2346 prooeinio
298 2298 462 2332 historiae
483 2296 695 2332 tradiderat
712 2295 780 2344 (fr.
806 2309 820 2332 1
840 2294 866 2346 ).
889 2312 904 2328 »
930 2317 978 2322 —
1007 2298 1141 2331 Praeter

93 2357 246 2393 Suidam
272 2357 501 2390 mentionem
531 2355 610 2402 ejus
631 2355 722 2390 facit
750 2354 1019 2392 Constantinus
1045 2356 1140 2390 Por-

93 2415 205 2464 phyr.
224 2416 280 2450 De
302 2414 416 2449 them.
436 2415 474 2457 Ι,
497 2426 535 2458 2,
553 2427 591 2462 p.
619 2414 685 2458 18,
709 2421 746 2448 et
764 2413 1066 2461 Theophylactus
1086 2414 1141 2448 Si-

93 2480 261 2508 mocatta
280 2473 373 2507 Hist.
394 2474 432 2516 1,
460 2472 480 2506 3
514 2472 572 2520 (v,
597 2472 641 2509 fr.
664 2471 764 2521 66),
790 2472 855 2519 qui
890 2472 1141 2506 Menandrum

92 2538 263 2566 nostrum
281 2530 526 2566 continuavit.

441 2628 806 2666 ARGUMENTUM.

149 2718 211 2755 Fr.
237 2730 269 2754 1.
294 2730 331 2753 2.
347 2713 406 2753 Ex
420 2716 628 2754 Prooemio.
654 2735 703 2743 -·
727 2714 763 2750 3.
788 2715 984 2750 Persarum
1001 2721 1038 2750 et
1063 2716 1143 2751 Ro-

96 2786 300 2814 manorum
322 2774 369 2810 de
389 2775 520 2810 Lazica
537 2775 691 2823 regione
712 2774 918 2809 certamina
939 2774 979 2807 in
997 2780 1143 2820 tempus

98 2841 395 2882 componuntur,
409 2834 531 2881 pactis
546 2833 720 2868 induciis.
737 2832 968 2867 Justinianus
983 2833 1142 2866 Hunnos

95 2893 278 2939 Utiguros
293 2891 341 2926 ad
359 2892 499 2926 bellum
517 2892 663 2927 Hunnis
681 2890 888 2938 Catriguris
906 2889 1144 2924 inferendum

96 2951 240 2985 excitat
258 2949 269 2998 (
284 2949 400 2998 558).
427 2971 471 2976 -
489 2955 526 2992 l..
547 2953 686 2986 Avares
703 2962 773 2998 pcr
791 2949 1026 2985 Zandichum
1043 2949 1143 2996 lega-

98 3015 179 3043 tum
196 3020 218 3043 a
237 3009 448 3043 Justiniano
463 3021 586 3044 annua
605 3008 792 3056 stipendia
811 3015 848 3043 et
860 3008 1056 3056 regionem
1071 3007 1144 3042 sibi

96 3067 301 3114 postulant.
317 3068 529 3115 Imperator
543 3079 669 3111 senex,
684 3079 761 3101 non
775 3066 812 3101 vi
829 3066 894 3101 sed
910 3073 990 3101 arte
1003 3067 1144 3100 Avares

99 3137 122 3160 a
135 3123 273 3160 finibus
287 3125 436 3173 imperii
453 3137 646 3161 removere
657 3125 787 3160 statuit
802 3122 812 3174 (
828 3123 875 3160 55
913 3123 940 3174 ).
956 3144 1008 3150 -
1025 3122 1061 3161 5.
1077 3125 1143 3159 Ju-

99 3184 279 3219 stinianus
316 3185 483 3218 Avarum
518 3184 743 3231 legationem
785 3183 894 3218 donis
936 3183 1144 3227 demulcet,

101 3243 291 3289 missoque
309 3242 507 3278 Valentino
527 3242 570 3276 iis
586 3241 805 3289 persuadet,
825 3248 868 3276 ut
888 3248 1021 3277 contra
1038 3241 1145 3276 Hun-

100 3301 202 3336 nicas
214 3307 341 3348 gentes
359 3299 501 3335 bellum
534 3300 750 3347 suscipiant.
784 3301 923 3335 Avares
940 3300 1144 3347 Utiguros,

101 3359 206 3394 Salos
218 3385 228 3403 ,
246 3357 399 3393 Sabiros
418 3358 586 3392 vincunt.
612 3378 664 3384 —-
682 3357 720 3394 6.
747 3370 784 3402 7.
806 3358 942 3393 Avares
961 3355 1145 3393 Mezame·

102 3430 206 3462 rum,
236 3419 418 3452 Antarum
437 3418 557 3464 gentis
586 3417 748 3464 legatum
763 3443 773 3461 ,
806 3417 1007 3464 occidunt,
1029 3418 1147 3452 Anta-

1190 621 1348 657 rumque
1368 611 1561 658 regionem
1576 617 1719 647 vastare
1736 617 1912 660 pergunt.
1932 631 1982 638 ·-
2007 610 2043 646 8.
2072 610 2228 646 Ammi-

1190 679 1257 716 gus
1270 694 1280 712 ,
1297 667 1372 704 dux
1391 669 1646 718 Francorum,
1663 681 1811 718 semper
1826 681 1864 704 sc
1879 669 2026 704 hostem
2041 669 2231 704 Romano-

1191 737 1275 760 rum
1288 725 1368 761 fore
1380 725 1545 762 declarat
1557 725 1568 775 (
1581 725 1627 763 56
1636 739 1650 762 1
1665 726 1692 775 ).
1708 748 1759 753 —
1771 739 1808 774 9.
1822 728 1842 762 J
1847 727 2053 762 ustinianus
2065 728 2231 762 Avarum

1194 783 1335 831 legatos
1350 796 1468 819 novas
1501 785 1572 820 sibi
1605 785 1710 820 sedes
1723 791 1893 833 petentes
1931 784 2100 831 Byzantii
2137 783 2232 820 deti-

1192 849 1268 876 net.
1288 843 1386 877 Hine
1399 843 1656 878 Romanorum
1668 850 1705 878 et
1713 844 1879 878 Avarum
1890 843 2092 878 inimicitiae
2108 840 2230 892 (562).

1193 920 1244 927 —
1281 913 1340 937 10.
1368 901 1566 936 Silzibulus
1591 913 1622 939 s.
1652 900 1856 936 Dizabulus
1867 927 1877 945 ,
1898 901 2108 936 Turcorum
2135 900 2230 946 dux,

1195 965 1328 994 contra
1343 959 1576 1007 Ephthalitas
1595 959 1737 995 bellum
1755 960 1860 1007 gerit.
1879 960 1964 1005 Quo
1981 959 2175 1004 absoluto,
2193 960 2234 994 in

1194 1019 1334 1052 Avares
1348 1028 1450 1052 arma
1461 1017 1650 1053 movenda
1663 1018 1807 1053 statuit.
1823 1017 1997 1064 Catulphi
2011 1017 2234 1065 Ephthalitae

1195 1074 1354 1110 dictum.
1372 1076 1584 1112 Sententiae.
1604 1095 1659 1103 —
1678 1088 1692 1110 1
1704 1088 1736 1112 1.
1753 1077 1883 1111 Petrus
1901 1075 2104 1119 Patricius,
2120 1075 2235 1110 Justi-

1195 1133 1300 1169 niani
1315 1134 1467 1182 legatus,
1487 1141 1525 1169 et
1543 1134 1843 1183 Jesdegusnaph,
1857 1132 1995 1170 Zichus
2020 1144 2042 1168 a
2067 1133 2236 1169 chosroe

1194 1193 1340 1238 missus,
1359 1193 1398 1227 in
1414 1191 1588 1228 confiniis
1605 1193 1803 1240 utriusque
1819 1191 1969 1240 imperii
1985 1172 2172 1239 emigressi
2188 1190 2236 1226 de

1194 1262 1290 1298 pace
1304 1251 1403 1286 inter
1412 1253 1603 1287 Romanos
1616 1258 1653 1287 et
1666 1252 1797 1287 Persas
1806 1249 1964 1286 firmiter
1973 1249 2238 1298 componenda

1196 1317 1324 1358 agunt.
1336 1311 1537 1347 Foederum
1550 1312 1672 1359 capita
1684 1310 1831 1358 singula
1839 1316 2094 1345 recensentur.
2111 1309 2238 1356 Quum

1195 1382 1286 1405 vero
1298 1371 1474 1406 Suaniam
1485 1371 1720 1419 provinciam
1729 1370 1902 1418 poscenti
1911 1370 2085 1404 Romano
2098 1379 2238 1415 nequa-

1197 1440 1310 1475 quam
1344 1429 1572 1464 concederet
1604 1429 1746 1476 legatus
1779 1429 1996 1472 Persarum,
2025 1428 2156 1463 Petrus
2189 1426 2239 1462 ad

1197 1487 1402 1522 Chosroem
1420 1488 1542 1535 ipsum
1558 1486 1826 1535 proficiscitur,
1852 1493 1896 1521 ut
1918 1485 1966 1520 ab
1983 1497 2029 1520 eo
2057 1484 2241 1532 aequiores

1198 1545 1431 1581 conditiones
1448 1547 1634 1594 impetret.
1656 1545 1742 1591 Ejus
1759 1557 1845 1579 cum
1862 1544 2026 1580 Chosroe
2047 1542 2239 1590 colloquia

1200 1600 1210 1650 (
1227 1602 1341 1653 562).
1372 1625 1421 1630 --
1453 1616 1514 1638 12.
1542 1604 1640 1639 Petri
1669 1603 1823 1638 Patricii
1838 1602 1995 1637 uberior
2014 1601 2170 1636 historia
2193 1601 2240 1636 de

1200 1663 1388 1710 legatione
1403 1663 1516 1710 ipsius
1530 1662 1578 1698 ad
1591 1662 1795 1700 Chosroem
1812 1661 2003 1696 laudatur.
2021 1679 2074 1686 -
2095 1658 2155 1697 13.
2172 1660 2241 1694 Pe·

1199 1728 1277 1756 trus
1295 1721 1341 1757 de
1361 1722 1498 1757 Suania
1512 1719 1606 1755 nihil
1619 1721 1778 1757 obtinet.
1798 1721 1895 1755 Pace
1907 1718 2137 1767 composita,
2157 1718 2242 1765 By-

1198 1782 1360 1814 zantium
1373 1779 1485 1824 redit,
1502 1780 1569 1814 ubi
1585 1792 1674 1814 mox
1693 1779 1792 1814 diem
1807 1778 1902 1814 obit.
1923 1798 1972 1804 —-
1994 1780 2055 1818 14.
2075 1777 2242 1812 Justinus

1198 1838 1364 1873 Avarum
1390 1837 1628 1872 conditiones
1655 1837 1816 1884 superbe
1840 1836 1984 1884 respuit
2008 1833 2151 1884 (565).
2187 1855 2241 1861 --

1205 1893 1264 1930 15.
1285 1896 1452 1930 Justinus
1465 1895 1624 1943 imperio
1646 1895 1790 1943 potitus
1814 1895 1998 1929 Joannem
2015 1893 2180 1941 legatum
2193 1891 2243 1927 ad

1201 1953 1408 1992 chosroem
1422 1954 1538 1988 mittit
1550 1980 1560 1998 ,
1573 1954 1639 2000 qui
1665 1953 1712 1988 de
1729 1952 1923 1988 reddenda
1943 1952 2078 1987 Suania
2093 1957 2240 1999 ageret3

1199 2024 1334 2048 verum
1367 2013 1397 2048 is
1430 2011 1571 2048 infecta
1598 2023 1639 2047 re
1671 2012 1893 2058 Byzantium
1913 2010 2012 2045 redit
2037 2007 2134 2057 (565
2149 2006 2172 2059 ).
2190 2029 2242 2036 -

1205 2071 1260 2107 16.
1273 2073 1293 2107 J
1297 2083 1436 2106 oannes
1448 2071 1497 2106 ob
1509 2083 1588 2106 rem
1598 2071 1695 2105 male
1707 2077 1847 2117 gestam
1856 2068 2066 2104 honoribus
2075 2068 2240 2106 exuitur.

1200 2150 1253 2156 --
1276 2143 1290 2165 1
1301 2143 1319 2176 7
1329 2158 1337 2165 .
1359 2130 1512 2176 Zichus,
1527 2136 1564 2164 et
1581 2136 1670 2178 post
1684 2129 1842 2164 Zichum
1855 2129 1893 2163 in
1906 2128 2039 2162 itinere
2051 2133 2244 2162 mortuum

1200 2188 1378 2224 Mebades
1398 2200 1418 2223 a
1432 2189 1630 2225 Persarum
1650 2198 1738 2235 rege
1757 2187 1900 2234 legatus
1922 2184 2140 2232 Byzantium
2158 2184 2244 2218 mit·

1201 2248 1293 2282 titur
1311 2259 1318 2282 :
1336 2258 1461 2294 neque
1482 2247 1561 2294 ipse
1574 2258 1697 2293 neque
1718 2246 1991 2280 Saracenorum
2008 2243 2136 2290 legati,
2150 2254 2246 2290 quo-

1202 2318 1287 2341 rum
1298 2317 1449 2341 causam
1461 2304 1643 2340 Mebodes
1660 2303 1762 2352 apud
1779 2304 2046 2351 imperatorem
2063 2301 2152 2348 agit,
2163 2313 2246 2348 quae

1203 2365 1362 2412 cupiunt
1377 2364 1580 2412 impetrant
1596 2361 1734 2411 (566).
1757 2383 1807 2388 —
1826 2360 1887 2396 18.
1906 2362 2118 2396 Turcorum
2133 2359 2246 2408 legati

1203 2435 1225 2458 a
1240 2424 1360 2458 Persis
1375 2422 1492 2470 spreti
1512 2422 1732 2469 Byzantium
1747 2419 2045 2468 proficiscuntur
2069 2417 2118 2453 ad
2138 2430 2244 2453 com-

1203 2481 1343 2516 mercia
1363 2493 1450 2516 cum
1473 2481 1655 2516 Romanis
1671 2478 1837 2528 petenda
1857 2476 1990 2528 (568).
2010 2497 2060 2503 —
2085 2468 2145 2524 19.
2171 2476 2247 2513 Ze-

1203 2540 1345 2574 marchi
1359 2540 1496 2587 legatio
1511 2539 1561 2574 ad
1575 2541 1718 2574 Turcos
1733 2536 1829 2586 (568
1844 2536 1868 2585 ).
1883 2556 1936 2563 —
1953 2548 2015 2572 20.
2032 2535 2246 2583 Descriptio

1203 2598 1346 2632 itineris
1366 2597 1446 2643 ejus
1466 2605 1503 2633 et
1523 2608 1742 2645 congressus
1760 2608 1846 2631 cum
1866 2594 2051 2630 Dizabulo
2064 2620 2074 2638 ,
2096 2594 2246 2628 Turco-

1202 2667 1288 2689 rum
1314 2655 1423 2691 duce.
1444 2677 1495 2681 —
1514 2668 1577 2692 21.
1606 2668 1666 2691 22.
1687 2654 1914 2692 Zemarchus
1941 2664 1963 2687 a
1992 2652 2179 2698 legatione
2198 2651 2246 2687 ad

1203 2714 1346 2748 Turcos
1376 2713 1525 2748 rediens
1551 2715 1696 2761 magnis
1727 2713 1870 2747 itineris
1903 2709 2190 2746 difficultatibus
2209 2716 2248 2745 et

1202 2772 1381 2818 periculis
1400 2771 1563 2808 laborat.
1583 2792 1636 2797 —
1651 2771 1713 2808 23.
1735 2772 1892 2813 Avares,
1915 2775 2146 2804 commeatus
2164 2768 2248 2803 ino-

1203 2830 1268 2878 pia
1286 2830 1502 2864 laborantes
1516 2857 1526 2874 ,
1545 2842 1566 2865 a
1581 2830 1736 2865 Francis
1747 2855 1756 2872 ,
1774 2828 2000 2875 quibuscum
2015 2826 2139 2861 soedus
2152 2827 2245 2861 inie-

1203 2894 1307 2932 rant,
1331 2894 1599 2923 sustentantur.
1621 2907 1672 2913 —-
1694 2891 1754 2929 24.
1774 2884 2117 2932 Longobardorum
2134 2884 2248 2931 legati

1205 2949 1342 2982 Avares
1367 2953 1499 2981 contra
1516 2945 1680 2992 Gepidas
1700 2952 1737 2979 et
1751 2945 1946 2978 Romanos
1963 2942 2180 2977 sollicitant.
2196 2966 2248 2972 .—

1207 3003 1271 3042 25.
1308 3003 1557 3052 Longobardi
1591 3015 1707 3050 quum
1746 3001 1896 3036 foederis
1929 3000 2166 3035 conditiones
2199 2999 2248 3034 ab

1205 3063 1392 3098 Avaribus
1410 3062 1624 3111 propositas
1642 3073 1719 3095 non
1739 3058 1988 3094 admittendas
2008 3057 2213 3102 ducerent,
2228 3069 2248 3093 a

1206 3122 1386 3158 Romanis
1402 3121 1539 3156 auxilia
1555 3125 1702 3167 petunt.
1722 3139 1774 3145 -
1794 3118 1854 3153 26.
1877 3116 2053 3163 Bajanus,
2086 3118 2249 3151 Avarum

1207 3181 1421 3229 Chaganus,
1440 3179 1616 3215 Sirmium
1629 3177 1866 3220 obsessurus,
1893 3176 2036 3223 legatos
2055 3176 2250 3210 Romano-

1206 3253 1291 3276 rum
1316 3240 1356 3275 in
1370 3239 1519 3274 vincula
1541 3236 1695 3283 conjicit
1720 3234 1855 3283 (568).
1877 3254 1929 3260 —
1949 3246 2011 3279 27.
2034 3233 2140 3268 Idem
2163 3241 2250 3281 post

1207 3299 1341 3334 multas
1370 3296 1662 3344 disceptationes
1707 3306 1794 3329 cum
1830 3294 1936 3328 Bono
1950 3321 1960 3341 ,
1990 3293 2250 3327 Romanorum

1209 3358 1320 3402 duce,
1337 3357 1453 3392 iratus
1472 3355 1519 3390 ab
1537 3353 1736 3390 obsidione
1753 3352 1874 3388 Sirmii
1886 3351 2031 3386 recedit
2047 3347 2179 3398 (568).
2197 3367 2251 3375 κ·

1210 3415 1271 3452 28.
1291 3428 1353 3463 29.
1382 3414 1589 3462 'sargitius,
1614 3413 1778 3447 Avarum
1801 3411 1962 3458 legatus,
1985 3410 2160 3445 Sirmium
2181 3421 2250 3456 op-

1154 3486 1182 3511 2⁴⁷
1190 3487 1207 3512 0
