2372 3704
986 228 1318 270 FRAGMENTA.

80 315 478 369 Πολυπραγμονήσαντα
493 315 529 355 δὲ
544 316 652 355 ἐλθεῖν
670 317 717 360 εἷς
732 315 796 363 τὴν
806 315 930 366 κώμην
939 316 999 354 καὶ
1015 318 1125 369 εὑρεῖν

79 375 183 413 αὐτὸν
203 374 319 427 θέρους
335 373 480 447 ἐχέτλην
505 361 641 428 ἀρότρῳ
657 375 987 427 προσαρμόττοντα,
1002 374 1062 414 καὶ
1078 377 1126 413 εἰ·

77 438 168 480 πεῖν,
186 451 202 468 «
222 433 324 480 Ἀλλ’,
341 450 370 472 ω
391 433 536 482 Μύσων,
553 434 619 486 οὗχ
635 433 709 486 ὥρα
727 437 784 471 νῦν
805 434 952 486 ἀρότρου
976 452 1003 470 ιι.
1024 451 1039 467 «
1056 433 1128 472 Καὶ

80 491 197 542 μάλα,
220 509 236 526 n
267 485 374 540 εἶπεν,
394 510 410 527 «
436 491 528 531 ὥστε
548 492 798 537 ἐπισκευάζειν.
830 510 845 527 υ
875 490 995 531 Ἄλλοι
1019 490 1055 530 δὲ
1071 492 1127 530 τὸν

77 550 240 602 χρησμὸν
257 549 364 594 οὕτως
383 549 476 602 ἔχειν
496 551 583 604 φασί
605 569 622 585 α
643 551 782 590 Ἠτεῖόν
799 550 877 590 τινά
894 566 1004 604 φημι·
1032 568 1048 584 υ
1069 550 1130 589 καὶ

79 610 221 655 ζητοῦσι
233 607 274 647 ’τί
291 610 384 647 ἐστιν
400 612 418 648 ὃ
435 609 589 653 Ἠτεῖος.
605 609 831 662 Παρμενίδης
849 608 910 660 μὲν
936 603 994 648 οὖν
1019 610 1129 660 δῆμον

79 660 168 705 εἶναι
187 669 414 717 Λακωνικῆς,
431 668 507 707 ὅθεν
524 663 611 707 εἶναι
630 668 687 707 τὸν
704 668 879 708 Μύσωνα.
901 668 1131 721 Σωσικράτης

79 725 109 763 δ’
127 726 163 763 ἐν
179 727 381 778 Διαδοχαῖς,
399 726 470 765 ἀπὸ
492 726 556 778 μὲν
573 727 704 779 πατρὸς
720 726 859 766 Ἠτεῖον
879 720 985 774 εἶναι,
1007 725 1075 764 ἀπὸ
1095 725 1131 764 δὲ

81 784 213 837 μητρὸς
229 784 365 832 Χηνέα.
387 785 584 839 Εὐθύφρων
603 787 632 824 δ’
649 788 667 824 ὁ
683 784 916 839 Ἡρακλείδου
932 788 992 823 τοῦ
1002 787 1131 824 Ποντι-

78 847 159 892 κοῦ,
179 844 306 896 Κρῆτά
323 860 428 898 φησιν
444 839 532 884 εἶναι
545 860 553 869 ·
571 844 714 884 Ἠτείαν
727 843 795 898 γὰρ
811 844 911 884 πόλιν
929 838 1016 883 εἶναι
1035 843 1130 897 Κρή-

22 956 25 958 -
80 916 163 948 της·
181 901 379 948 Ἀναξίλαος
397 904 426 942 δ’
444 903 608 956 Ἀρκάδα.

578 1003 638 1036 17.

133 1071 243 1108 Idem
260 1073 370 1118 VIII,
398 1072 437 1121 8,
461 1073 509 1109 de
530 1073 745 1122 Pythagora
764 1085 773 1108 z
794 1070 1025 1123 Σωσικράτης
1043 1070 1078 1108 δὲ
1098 1072 1133 1108 ἐν

81 1128 272 1180 Διαδοχαῖς
291 1129 397 1182 φησὶν
426 1129 529 1168 αὐτὸν
556 1129 772 1182 ἐρωτηθέντα
803 1129 872 1167 ὑπὸ
903 1129 1050 1173 Λέοντος
1073 1132 1133 1168 τοῦ

81 1187 267 1227 Φλιασίων
284 1187 474 1241 τυράννου,
495 1188 547 1232 τίς
566 1189 641 1236 εἴη;
659 1188 883 1241 Φιλόσοφος,
904 1189 1024 1226 εἰπεῖν.

579 1277 639 1314 18.

135 1363 242 1415 Idem
262 1364 316 1412 11,
339 1363 404 1409 84,
420 1364 469 1400 de
485 1365 680 1413 Aristippo
699 1377 707 1400 :
727 1361 841 1402 Ἔνιοι
861 1361 898 1400 δὲ
918 1361 978 1400 καὶ
995 1363 1134 1414 Διατρι-

83 1419 155 1458 ὃῶν
170 1420 273 1458 αὐτόν
287 1434 392 1473 φασιν
409 1419 444 1464 ἓξ
459 1420 688 1473 γεγραφέναι·
705 1422 736 1459 οἱ
755 1421 785 1458 δ’
799 1420 871 1458 οὐδ’
889 1418 976 1463 ὅλως
988 1418 1133 1472 γράψαι·

81 1472 131 1517 ὧν
149 1479 224 1529 ἐστι
242 1477 302 1517 καὶ
323 1478 553 1530 Σωσικράτης
572 1481 591 1516 ὁ
611 1478 758 1521 Ῥόδιος.

581 1589 641 1625 19.

388 1675 418 1711 E
445 1675 597 1712 LIBRO
626 1674 824 1712 TERTIO.

137 1775 245 1812 Idem
265 1776 334 1820 VI,
369 1774 414 1811 13
443 1786 452 1812 :
483 1774 629 1825 Πρῶτος
659 1771 939 1823 (Antisthenes)
964 1771 1136 1810 ἐδίπλωσε

83 1831 141 1872 τὸν
172 1831 345 1885 τρίὸωνα,
377 1831 468 1870 καθά
500 1847 585 1884 φησι
620 1833 788 1879 Διοκλῆς,
817 1830 878 1868 καὶ
912 1830 1007 1881 μόνῳ
1042 1832 1137 1883 αὐτῷ

84 1892 232 1944 ἐχρῆτο·
265 1889 412 1943 βάκτρον
445 1905 482 1928 τε
509 1889 659 1928 ἀνέλαὸε
690 1889 751 1928 καὶ
782 1888 912 1942 πήραν·
933 1891 1073 1942 πρῶτον
1102 1889 1138 1927 δὲ

84 1950 145 1989 καὶ
175 1949 334 1996 Νεάνθης
357 1948 462 2002 φησὶν
488 1949 662 1987 διπλῶσαι
692 1947 888 1998 θοιμάτιον·
909 1947 1140 2000 Σωσικράτης

88 2009 119 2047 δ’
139 2011 174 2047 ἐν
189 2007 289 2060 τρίτῃ
303 2008 500 2059 Διαδοχῶν,
517 2006 691 2060 Διόδωρον
707 2005 765 2044 τὸν
774 2006 972 2045 Ἀσπένδιον
986 2006 1046 2044 καὶ
1065 2006 1139 2044 πώ-

83 2083 180 2119 γωνα
199 2070 356 2105 καθεῖναι
375 2066 435 2104 καὶ
457 2064 599 2118 βάκτρῳ
619 2065 679 2104 καὶ
697 2064 796 2118 πήρα
815 2068 984 2118 χρῆσθαι.

84 2240 155 2272 Hoc
169 2238 260 2270 illum
277 2237 409 2269 oraculo
429 2237 637 2270 sollicitatum
655 2236 697 2269 ad
711 2237 821 2269 vicum
843 2235 1037 2277 pervenisse,
1053 2243 1141 2267 eum-

83 2299 149 2332 que
175 2289 330 2330 reperisse
347 2289 460 2322 aestate
476 2289 592 2322 stivam
614 2290 722 2321 aratro
743 2289 926 2329 aptantem,
944 2296 983 2319 ac
1004 2286 1139 2325 dixisse,

84 2343 200 2385 Atqui,
223 2352 244 2375 o
262 2345 388 2384 Myson‚
402 2351 467 2375 non
481 2344 587 2375 aratro
599 2342 733 2374 vacandi
755 2351 843 2374 nunc
861 2343 991 2381 tempus
1011 2341 1058 2372 est
1074 2349 1082 2371 :
1100 2340 1139 2371 il-

84 2397 220 2438 lumque
240 2396 457 2438 respondisse,
474 2398 544 2429 lmo
557 2404 636 2428 vero
652 2404 739 2428 nunc
754 2396 884 2436 tempus
900 2395 948 2427 est
964 2393 1136 2426 reficiendi.

85 2449 148 2483 Alii
161 2449 331 2481 oraculum
343 2448 425 2480 illud
439 2449 486 2480 sic
498 2448 622 2480 editum
639 2447 736 2480 fuisse
748 2446 860 2479 dicunt
870 2471 879 2486 ,
896 2448 1019 2479 Eccum
1032 2453 1139 2486 quen·

86 2501 170 2535 dam
182 2503 257 2538 aio,
275 2501 506 2542 inquiruntque
519 2501 596 2542 quid
606 2501 646 2533 sit
661 2502 770 2533 Eteus.
789 2498 995 2532 Parmenides
1010 2497 1139 2539 quidem

85 2565 204 2598 pagum
228 2565 296 2590 esse
314 2556 461 2589 Laconia!
473 2579 483 2596 ,
499 2555 586 2587 unde
600 2555 697 2587 ruerit
717 2557 830 2596 Myson
851 2567 858 2586 z
874 2554 1049 2587 Sosicrates
1064 2561 1140 2585 vero

84 2608 119 2640 in
147 2608 425 2649 successionibus,
452 2610 543 2649 patre
562 2609 696 2647 Eteum,
729 2608 833 2639 matre
855 2606 1022 2640 Cheneum
1046 2605 1141 2637 fuisse

84 2660 185 2693 tradit
212 2672 221 2692 ι
244 2659 457 2701 Euthyphron
485 2659 660 2692 Heraclidis
683 2658 807 2692 Pontici
839 2658 922 2691 filius
949 2659 1138 2691 Cretensem

85 2712 216 2753 asserit;
245 2720 313 2744 esse
329 2712 415 2744 enim
449 2712 482 2744 in
498 2713 594 2744 Creta
621 2711 774 2753 oppidum
803 2711 942 2743 Eteam:
966 2710 1141 2742 Anaxilaus

85 2763 241 2798 Arcadem
254 2763 365 2796 tradit.

586 2842 640 2874 17.

131 2907 302 2942 sosicrates
322 2909 355 2941 in
381 2909 645 2942 successionibus
660 2909 705 2942 ait
721 2909 934 2950 Pythagoram
962 2909 1108 2948 rogatum
1122 2916 1141 2939 a

87 2962 208 2993 Leonte
220 2961 430 2993 Phliasiorum
445 2962 582 3002 tyranno
598 2962 746 3002 quisnam
758 2962 857 3000 esset,
873 2960 1011 2993 dixisse:
1029 2960 1139 2992 Philo-

87 3012 217 3053 sophus.

585 3074 641 3106 18.

130 3136 269 3175 Quidam
283 3137 478 3178 Aristippum
494 3139 593 3171 etiam
606 3139 873 3172 Dissertationum
890 3140 988 3172 libros
1000 3149 1056 3172 sex
1069 3140 1140 3171 scri-

89 3188 186 3229 psisse
200 3190 364 3231 asserunt3
376 3191 428 3222 alii
444 3199 574 3231 prorsus
588 3191 751 3232 scripsisse
763 3200 838 3224 eum
862 3192 984 3232 aliquid
1006 3193 1140 3232 negant,

89 3248 130 3272 ex
143 3241 260 3282 quibus
269 3242 317 3274 est
325 3242 498 3275 Sosicrates
509 3243 663 3276 Rhodius.

588 3318 646 3350 19.

135 3379 336 3412 Antisthenes
352 3381 473 3421 primus
492 3381 623 3422 pallium
634 3405 643 3421 ‚
657 3383 694 3414 ut
710 3383 755 3414 ait
782 3382 929 3421 Diocles5
947 3381 1140 3422 duplicavit,

92 3429 225 3471 ipsoque
238 3431 306 3463 solo
324 3431 475 3465 utebatur
492 3432 701 3474 vestiment03
719 3433 935 3474 baculumque
957 3432 1092 3473 sumpsit
1105 3441 1141 3464 ac

2161 239 2238 274 503

1683 333 1747 356 20.

1243 407 1442 443 Athenaeus
1456 409 1522 454 IV,
1539 421 1580 456 p.
1604 407 1674 443 163
1687 435 1696 452 ,
1715 408 1746 445 F
1767 421 1774 442 ε
1796 406 2021 459 Σωσικράτης
2036 409 2064 445 δ’
2086 410 2119 446 ἐν
2135 407 2240 461 τρίτῳ

1190 463 1400 515 Φιλοσόφων
1418 465 1582 517 διαδοχῆς
1604 465 1704 516 βαθεῖ
1716 464 1859 513 πώγωνι
1878 465 2078 517 χρήσασθαι
2095 466 2151 504 τὸν
2163 467 2242 505 Διό·

1191 522 1300 574 δωρον
1322 523 1471 576 ἱστορεῖ,
1503 522 1563 560 καὶ
1582 521 1737 573 τρίὸωνα
1760 522 1961 573 ἀναλαὸεἷν,
1986 523 2098 573 κόμην
2119 540 2156 562 τε
2176 539 2242 577 φο·-

1193 581 1298 630 ρῆσαι
1310 609 1322 630 ,
1336 579 1428 618 κατά
1447 595 1524 618 τινα
1539 583 1643 632 τῦφον
1659 580 1722 627 τὴν
1739 579 1959 627 ἐπιτήδευσιν
1978 581 2108 628 ταύτην
2129 597 2243 634 προσ-

1192 638 1390 690 αγαγόντα,
1415 640 1484 677 τῶν
1513 637 1583 691 πρὸ
1611 640 1715 677 αὐτοῦ
1745 640 1996 690 Πυθαγορικῶν
2026 640 2175 692 λαμπρᾷ
2205 655 2243 677 τε

1192 698 1310 743 ἐσθῆτι
1338 696 1636 751 ἀμφιεννυμένων,
1666 697 1726 734 καὶ
1753 698 1905 749 λουτροῖς
1931 697 1991 735 καὶ
2026 696 2243 747 ἀλείμμασι,

1192 760 1301 809 κουρᾷ
1323 758 1432 808 τε’τῇ
1453 755 1590 802 συνήθει
1607 754 1816 808 χρωμένων.
1882 759 1884 761 ’

1688 857 1753 881 21.

1245 926 1359 974 Diog.
1379 926 1421 962 L.
1443 927 1508 973 VI,
1530 924 1595 973 80,
1610 925 1656 962 de
1673 926 1821 973 scriptis
1832 926 2013 974 Diogenis
2030 938 2038 963 :
2056 923 2246 976 Σωσικρά-

1193 998 1254 1029 της
1274 982 1303 1020 δ’
1323 984 1358 1020 ἐν
1379 985 1429 1035 τῷ
1448 981 1578 1035 πρώτῳ
1597 982 1773 1035 (τρίτῳΡ)
1791 985 1852 1029 τῆς
1870 983 2064 1033 Διαδοχῆς,
2088 982 2149 1020 καὶ
2171 983 2247 1022 Σά-

1194 1056 1293 1093 τυρος
1317 1042 1352 1079 ἐν
1372 1044 1422 1094 τῷ
1442 1040 1597 1094 τετάρτῳ
1615 1042 1684 1079 τῶν
1703 1039 1813 1090 Βίων,
1833 1039 1930 1078 οὗδὲν
1951 1034 2038 1078 εἶναι
2065 1039 2247 1092 Διογένους

1195 1099 1293 1152 φασί

1692 1170 1756 1197 22.

1247 1238 1445 1274 Athenaeus
1459 1238 1518 1284 X,
1531 1250 1569 1286 p.
1585 1243 1676 1283 422,
1692 1238 1719 1274 C
1740 1250 1748 1272 :
1767 1234 1838 1273 Καὶ
1857 1233 1999 1287 Κράτης
2019 1234 2048 1273 δ’
2065 1236 2082 1272 ὁ
2099 1234 2247 1281 κυνικὸς,

1195 1294 1242 1338 ὥς
1270 1310 1356 1347 φησι
1377 1294 1610 1347 Σωσικράτης
1643 1295 1677 1332 ἐν
1703 1298 1779 1336 ταῖς
1806 1294 2015 1344 Διαδοχαῖς,
2038 1292 2250 1346 ἐπερράπισε

1195 1352 1400 1405 Δημήτριον
1420 1353 1478 1391 τὸν
1496 1352 1672 1406 Φαληρέα
1684 1382 1693 1400 ,
1711 1352 1772 1389 σὺν
1793 1354 1836 1404 τῆ
1851 1351 1948 1404 πήρᾳ
1967 1354 2035 1389 τῶν
2054 1350 2168 1403 ἄρτων
2189 1351 2250 1390 καὶ

1196 1412 1344 1462 λάγυνον
1373 1411 1564 1464 πέμψαντα
1585 1410 1694 1449 οἴνου·
1719 1409 1802 1450 Εἴθε
1822 1410 1907 1463 γὰρ,
1930 1409 2017 1462 ἔφη,
2043 1409 2105 1454 τὰς
2121 1409 2251 1463 κρήνας

1196 1470 1256 1509 καὶ
1277 1469 1399 1522 ἄρτους
1416 1466 1456 1517 ἦν
1478 1470 1605 1523 φέρειν.
2243 1460 2245 1462 ¹

1693 1540 1756 1576 23.

1250 1621 1364 1669 Diog.
1379 1621 1424 1656 L.
1448 1621 1541 1664 VII,
1566 1619 1657 1665 163,
1678 1618 1726 1654 de
1745 1619 1894 1666 scriptis
1919 1618 2106 1655 Aristonis
2134 1618 2216 1654 Chii
2236 1631 2245 1653 ε

1201 1676 1392 1720 Παναίτιος
1417 1675 1452 1715 δὲ
1473 1677 1534 1714 καὶ
1554 1674 1783 1728 Σωσικράτης
1801 1673 1908 1725 μόνας
1931 1675 2035 1712 αὐτοῦ
2061 1673 2121 1717 τὰς
2148 1674 2252 1713 Ἐπι-

1201 1734 1328 1779 στολὰς
1357 1735 1459 1788 φασί·
1490 1735 1535 1772 τὰ
1567 1733 1604 1773 δὲ
1631 1734 1722 1772 ἄλλα
1751 1736 1811 1771 τοῦ
1841 1737 2117 1785 περιπατητικοῦ
2151 1732 2251 1785 Ἀρί-

1200 1809 1340 1838 στωνος.

1200 2241 1321 2274 peram.
1347 2234 1441 2265 Hunc
1468 2231 1566 2263 etiam
1596 2231 1756 2263 Neanthes
1782 2230 1923 2271 primum
1949 2230 2045 2262 refert
2076 2229 2255 2270 duplicasse

1201 2286 1334 2326 pallium
1350 2298 1357 2317 ι
1372 2286 1485 2317 contra
1497 2284 1667 2317 Sosicrates
1675 2283 1708 2314 in
1717 2283 1962 2315 successionum
1972 2282 2068 2314 tertio
2078 2282 2253 2314 Diodorum

1200 2338 1244 2370 ait
1258 2337 1453 2378 Aspendium
1469 2349 1475 2367 :
1486 2337 1518 2368 et
1529 2335 1662 2367 barbam
1676 2334 1857 2375 promisisse
1865 2336 1896 2366 et
1906 2334 2020 2366 baculo
2033 2336 2065 2365 et
2073 2343 2147 2374 pera
2158 2343 2253 2365 usum

1201 2399 1269 2423 esse
1282 2390 1338 2422 ait.

1695 2438 1753 2470 20.

1243 2507 1434 2546 Sosicrates‚
1461 2506 1558 2538 tertio
1582 2505 1665 2537 libro
1681 2505 1721 2537 de
1747 2505 2010 2545 Philosophorum
2029 2504 2254 2545 successione,

1201 2561 1327 2599 narrat,
1356 2559 1511 2600 promissa
1535 2567 1630 2591 usum
1655 2566 1724 2590 esse
1747 2557 1846 2590 barba
1867 2558 2060 2597 Diodorum,
2087 2560 2119 2590 et
2143 2559 2253 2590 tritum

1201 2613 1333 2653 pallium
1348 2612 1519 2652 sumpsisse
1530 2635 1538 2650 ,
1553 2619 1746 2651 comamque
1759 2611 1894 2650 aluisse,
1912 2611 2160 2651 institutumque
2177 2611 2254 2642 illud

1202 2673 1243 2696 ex
1257 2672 1340 2696 vana
1353 2663 1491 2704 quadam
1502 2663 1657 2703 jactantia
1669 2662 1861 2701 adhibuisse,
1876 2671 1976 2703 quum
1994 2668 2067 2694 ante
2081 2663 2183 2703 ipsum
2197 2665 2254 2703 Py-

1203 2715 1344 2756 thagorei
1361 2714 1526 2756 splendida
1535 2714 1646 2746 amicti
1661 2715 1748 2746 veste
1761 2714 1962 2753 incederent,
1977 2715 2009 2745 et
2020 2714 2140 2745 balneis
2153 2715 2184 2745 et
2198 2723 2255 2745 un-

1201 2769 1325 2810 guentis
1338 2768 1370 2799 et
1386 2768 1518 2799 tonsura
1534 2760 1592 2807 pro
1609 2766 1745 2797 aliorum
1760 2765 1927 2797 hominum
1954 2774 2042 2797 more
2060 2766 2109 2797 usi
2137 2767 2253 2797 essent.

1692 2840 1749 2871 21.

1245 2906 1418 2937 Sosicrates
1440 2905 1472 2937 in
1490 2905 1593 2946 primo
1624 2904 1763 2943 (terlio)
1784 2903 2000 2936 successionis
2025 2905 2057 2935 et
2075 2904 2207 2943 Satyrus
2224 2902 2255 2934 in

1201 2959 1317 2997 quarto
1330 2957 1477 2989 Vitarum
1499 2956 1577 2988 nihil
1595 2956 1750 2996 scriptum
1763 2964 1782 2987 a
1796 2955 1936 2996 Diogene
1951 2964 2019 2987 esse
2035 2955 2210 2987 affirmant.

1699 3033 1757 3065 22.

1244 3101 1356 3132 Crates
1379 3100 1537 3140 cynicus,
1555 3099 1592 3131 ut
1607 3099 1716 3130 narrat
1733 3098 1906 3131 sosicrates
1922 3098 1954 3129 in
1974 3097 2232 3130 successionibus
2243 3121 2252 3136 ‚

1202 3152 1376 3192 obiurgans
1398 3151 1598 3183 Demetrium
1618 3151 1824 3189 phalereum,
1842 3149 1928 3190 quod
1953 3158 2027 3181 cum
2045 3158 2161 3189 panum
2180 3156 2253 3188 pera

1203 3203 1301 3235 etiam
1327 3202 1394 3234 vini
1414 3203 1559 3243 lagenam
1577 3202 1604 3234 ei
1627 3202 1786 3234 misisset:
1803 3213 1818 3228 «
1839 3201 1986 3241 Utinam,
2001 3201 2122 3240 inquit,
2138 3208 2253 3239 panem

1202 3254 1300 3286 etiam
1317 3255 1435 3286 ferrent
1445 3254 1558 3286 fontes.
1577 3267 1592 3282 υ

1244 3380 1403 3413 Panaetius
1417 3382 1450 3412 et
1465 3380 1638 3412 Sosicrates
1647 3380 1730 3412 solas
1743 3379 1900 3419 Epistolas
1913 3375 2065 3409 Aristonis
2082 3374 2152 3406 Chii
2166 3382 2232 3405 esse
2242 3397 2250 3411 ,

1202 3432 1323 3473 reliqua
1339 3432 1457 3472 scripta
1472 3431 1513 3464 ad
1527 3431 1705 3463 Aristonem
1719 3429 1961 3471 peripateticum
1978 3425 2146 3468 pertinere.
