2326 3724
128 215 201 249 176

179 313 226 339 63.
258 299 488 351 Τιμόλαος
507 302 525 338 ὃ
550 303 762 352 Λαρισσαῖος
797 300 912 354 ῥήτωρ
944 302 1169 340 ἐδιπλασίασε

125 358 188 405 τὴν
203 359 337 398 Ἰλιάδα
348 389 359 411 ,
374 359 614 412 παρεμὸαλὼν
630 358 748 413 στίχον
769 360 854 413 πρὸς
866 360 998 413 στίχον.
1018 360 1123 414 Ἔχει
1134 360 1170 399 δὲ

126 417 246 462 οὕτως·

208 535 310 574 Μῆνιν
323 534 418 573 ἄειδε,
433 535 500 575 θεὰ,
513 535 699 574 Πηληιάδεω
712 535 872 577 Ἀχιλῆος,

209 583 246 620 ἢν
256 582 340 614 ἔθετο
353 583 479 624 Χρύσου
495 584 708 623 κεχολωμένος
722 584 824 614 εἵνεκα
840 582 965 624 κούρης,

209 629 389 670 οὐλομένην,
403 630 423 667 ἣ
437 629 516 670 μυρί’
530 629 659 670 Ἀχαιοῖς
670 629 753 669 ἄλγε’
765 630 855 667 ἔθηκε

209 677 426 717 μαρναμένοις,
445 677 496 708 ὅτε
507 678 532 708 T
534 678 628 718 ρωσὶν
643 677 714 717 ἄτερ
734 677 895 717 πολέμιζον
910 676 1051 713 ἄνακτος.

209 725 331 761 Πολλὰς
348 723 374 754 δ’
392 724 532 765 ἰφθίμους
545 725 648 765 ψυχὰς
661 724 731 755 Ἀΐδι
747 725 895 764 προΐαψεν

207 771 356 812 Ἕκτορος
366 771 396 803 ἐν
410 770 571 811 παλάμῃσι
590 770 777 811 δαϊζομένων
787 771 848 803 ὑπὸ
866 769 962 811 δουρί.

178 909 226 936 64.
258 895 428 947 Τριὸων
441 894 557 939 ιανὸς
583 894 783 933 κολακεύων
821 894 1065 934 Ἰουστινιανὸν
1108 898 1175 947 βα-

126 954 226 993 σιλέα
240 983 250 1000 ,
271 954 403 992 ἔπειθεν
421 953 537 1001 αὐτὸν,
557 951 608 991 ὅτι
628 955 691 992 οὐκ
708 957 953 1001 ἀποθανεῖται,
973 953 1064 992 ἀλλὰ
1083 953 1172 1003 μετὰ

126 1013 256 1066 σαρκὸς
276 1013 323 1056 εἷς
340 1011 483 1063 οὐρανὸν
510 1011 770 1064 ἇρπαγήσεται.
831 1005 903 1051 ῗΗν
931 1011 967 1050 δὲ
988 1014 1006 1049 ὃ
1025 1011 1172 1064 Τριὸω-

123 1070 237 1115 νιανὸς
252 1069 391 1118 ἽΞλλην
412 1069 472 1108 καὶ
490 1069 601 1114 ἄθεος.

178 1143 227 1169 65.
259 1129 476 1180 Τυρταῖόν
498 1144 585 1182 φασι
614 1128 674 1166 τὸν
702 1128 931 1180 ἐλεγειοποιὸν
957 1130 1026 1173 τοῖς
1055 1130 1174 1180 μέλεσι

125 1188 362 1241 χρησάμενον,
382 1187 438 1226 ὅτε
453 1187 725 1237 Λακεδαιμόνιοι
737 1187 953 1234 Μεσσηνίοις
965 1188 1171 1238 ἐπολέμουν,

123 1250 338 1299 παροτρῧναι
364 1246 683 1298 Λακεδαιμονίους,
707 1246 767 1285 καὶ
787 1246 896 1299 ταύτῃ
917 1246 1171 1299 ἐπικρατεστέ-

127 1321 204 1358 ρους
223 1308 380 1351 ποιῆσαι.

179 1377 227 1404 66.
260 1362 517 1416 Τυραννίων
538 1365 556 1401 ὃ
576 1362 766 1414 Ἐμισηνὸς
785 1364 830 1414 (l.
845 1362 1068 1414 Ἀμισηνὸς),
1083 1364 1173 1404 Θεό-

125 1439 276 1476 φραστος
295 1423 376 1476 πρὶν
400 1421 634 1474 καλούμενος,
666 1422 862 1483 μετεκΝλήΘη
892 1423 1109 1476 Τυραννίων,
1129 1426 1174 1467 ὡς

124 1481 352 1534 κατατρέχων
371 1483 440 1518 τῶν
459 1480 680 1533 ὃμοσχόλων.
730 1483 842 1525 Οὗτος
866 1482 1089 1533 αἰχμάλωτος
1108 1482 1174 1520 ὑπὸ

126 1540 346 1580 Λουκούλλου
369 1538 528 1593 ληφθεὶς,
553 1538 613 1578 καὶ
633 1539 798 1583 πλούσιος
818 1542 851 1578 ἐν
885 1540 999 1593 Ρώμῃ
1025 1540 1167 1593 γενόμε-

125 1614 200 1648 νος,
228 1598 399 1646 ἐκτήσατο
416 1596 563 1651 βιὸλίων
583 1596 671 1650 ὑπὲρ
690 1597 750 1642 τὰς
769 1599 860 1651 τρεῖς
880 1599 1064 1652 μυριάδας,

627 1715 671 1755 Υ.

179 1842 227 1868 67.
260 1826 403 1867 εΥπατ
416 1826 476 1875 ία,
494 1829 516 1874 ἧ
528 1825 667 1870 Θέωνος
681 1826 836 1879 θυγάτηρ
849 1828 909 1865 τοῦ
925 1826 1175 1880 Ἀλεξανδρέως

126 1887 312 1940 φιλοσόφου
325 1917 336 1938 ,
357 1885 418 1924 καὶ
438 1884 525 1932 αὐτὴ
547 1884 752 1938 φιλόσοφος,
772 1884 967 1933 διεσπάσθη
991 1886 1058 1924 ὑπὸ
1077 1886 1174 1926 Ἀλε-

127 1944 314 1997 ξανδρέων,
333 1943 394 1982 καὶ
405 1944 445 1983 τὸ
465 1946 569 1994 σῶμα
584 1945 690 1990 αὐτῆς
709 1942 906 1996 ἐνυὸρισθὲν
920 1947 999 1982 καθ’
1018 1945 1100 1992 ὅλης
1114 1948 1174 1992 τ’ἧς

126 2003 261 2047 πόλεως
280 2003 464 2055 διεσπάρη.
489 2004 522 2042 Τ
525 2005 604 2040 οῧτο
622 2001 658 2039 δὲ
679 2001 827 2040 πέπονθε
844 2001 900 2039 διὰ
919 2001 983 2048 τὴν
1001 2002 1172 2055 ὃπερὸοίλ-

126 2062 255 2100 λουσαν
289 2059 425 2113 σοφίαν,
453 2059 514 2099 καὶ
543 2059 698 2111 μάλιστα
732 2061 780 2105 εἷς
810 2058 855 2098 τὰ
886 2059 965 2114 περὶ
996 2063 1173 2115 ἀστρονο-

128 2119 220 2170 μίας.

561 2214 675 2253 -‹1>.

182 2331 231 2358 68.
264 2315 444 2356 Φαίδων
463 2316 619 2366 Ἠλεῖος,
639 2319 657 2356 ὁ
678 2317 886 2372 Σωκράτους
914 2319 1092 2370 μαθητὴς,
1121 2321 1172 2358 αἰ·

129 2376 316 2428 χμάλωτος
345 2374 412 2413 ὑπὸ
433 2375 555 2414 Ἰνδῶν
581 2377 741 2429 ληφθεὶς,
774 2371 848 2416 εἶτα
876 2378 1020 2431 πραθεὶς
1047 2394 1176 2430 πορνο-

130 2435 249 2486 ὅοσκῷ
286 2449 375 2480 τινι,
401 2433 553 2486 προέστη
587 2434 644 2471 ὑπ’
680 2435 785 2474 αὐτοῦ
817 2435 902 2488 πρὸς
935 2436 1110 2490 ἑταίρησιν
1140 2438 1175 2475 ἐν

130 2491 300 2539 Ἀθήναις.
333 2490 514 2543 Ἐντυχὼν
536 2490 571 2529 δὲ
589 2493 1020 2547 Σωκράτειέξηγουμένῳ,
1036 2494 1174 2547 ἠράσθη

129 2554 198 2590 τῶν
217 2551 329 2602 λόγων
357 2553 484 2598 αὐτοῦ,
505 2551 565 2589 καὶ
586 2553 676 2590 αἰτεῖ
693 2552 878 2591 λύσασθαι.
938 2553 984 2593 ‘O
1007 2553 1044 2592 δὲ
1064 2554 1175 2592 πείθει

130 2609 354 2655 Ἀλκιὸιάδην
375 2608 543 2662 πρίασθαι
566 2609 686 2648 αὐτόν·
707 2610 766 2648 καὶ
787 2606 828 2658 ἦν
843 2611 882 2649 τὸ
897 2612 1050 2649 ἐντεῦθεν
1074 2611 1174 2665 φιλό-

132 2684 248 2722 σοφος.
278 2662 392 2711 offro<
414 2662 495 2719 ἦρξε
515 2671 576 2714 τῆς
597 2670 660 2706 ἀπ’
690 2670 794 2708 αὐτοῦ
823 2669 1008 2718 κληθείσης
1034 2670 1176 2709 Ἢλεια-

131 2729 195 2772 κ’ῆς
214 2725 395 2778 αἱρέσεως,
423 2725 499 2773 ἥτις
517 2725 658 2780 ὕστερον
676 2727 742 2766 ὑπὸ
763 2728 970 2779 Μενεδήμου
991 2732 1050 2766 τοῦ
1072 2728 1175 2781 Ἐρε-

131 2785 251 2839 τριέως
269 2785 480 2838 Ἐρετριακὴ
499 2786 777 2838 προσηγορεύθη.

189 2859 237 2884 69.
271 2846 334 2883 Φε
347 2843 508 2896 ρεκύδη
520 2860 536 2882 ν
549 2845 607 2883 τὸν
623 2845 749 2898 Σύριον
767 2845 864 2898 (ἔστι
882 2845 917 2884 δὲ
931 2845 994 2897 μία
1011 2849 1078 2884 τῶν
1098 2848 1175 2886 Κυ-

133 2903 270 2940 κλάδων
299 2902 415 2949 νήσων
438 2906 460 2949 ἦ
491 2902 610 2956 Σύρα)
631 2904 734 2957 φασὶν
763 2906 802 2942 οὗ
828 2905 926 2957 σχεῖν
955 2905 1176 2953 διδάσκαλον,

134 2962 213 2999 ἀλλ’
244 2961 364 2999 ἑαυτὸν
391 2963 546 3007 ἀσκῆσαι
573 2964 793 3012 κτησάμενον
818 2963 861 3002 τὰ
888 2963 1065 3003 Φοινίκων
1085 2964 1174 3002 ἀπό·

134 3034 250 3071 κρυφα
274 3019 407 3071 βιὸλία.
427 3014 538 3063 Οὗτος
555 3023 690 3074 πρῶτος
705 3021 763 3059 τὸν
775 3021 856 3074 περὶ
873 3021 1177 3075 μετεμψυχώσεως

133 3077 235 3128 λόγον
250 3077 439 3128 εἰσήνεγκε.
455 3077 583 3129 Γέγονε
604 3077 639 3117 δὲ
660 3079 926 3133 φθειρόὸρωτος.

933 211 1177 252 HESYCHH
1209 213 1408 254 MlLEsss

1273 313 1325 342 63.
1344 310 1518 343 Timolaus
1536 312 1726 352 Larissaeus,
1745 312 1866 353 rhetor,
1888 315 2276 356 congeminavitlliadem,

1233 398 1360 423 versum
1375 400 1500 433 semper
1515 394 1621 426 versui
1638 394 1820 435 subjiciens,
1843 395 1904 427 hoc
1926 396 2022 428 modo
2042 410 2049 428 ε

1305 543 1391 578 Iram,
1403 544 1488 579 Diva,
1500 545 1571 573 mihi
1591 545 1701 574 Pelidae
1711 554 1835 582 suggere
1855 548 1976 576 Achillis
1985 569 1994 582 ‚

1305 598 1394 626 quam
1407 591 1527 628 Chrysae
1539 593 1578 620 ob
1589 595 1689 622 natam
1702 595 1826 631 sumpsit
1841 596 1849 630 (
1863 596 1911 623 cui
1927 596 2039 630 iniuria
2055 595 2132 625 facta
2141 599 2163 632 ),

1305 639 1438 675 letalem,
1450 648 1516 676 quae
1529 641 1609 670 mille
1622 643 1706 671 malis
1719 643 1846 672 involvit
1860 644 1990 673 Achivos
2002 666 2010 679 ,

1306 690 1471 724 pugnantes
1480 689 1551 717 dum
1563 690 1638 719 bella
1647 692 1728 720 cient
1743 691 1868 720 ductore
1882 696 2016 722 carentes
2025 715 2032 729 ,

1306 733 1491 770 heroumque
1507 735 1620 764 animas
1629 735 1722 765 fortes
1735 737 1853 766 demisit
1866 738 1901 766 ad
1916 741 2030 767 orcum

1311 780 1466 808 Hectoreis
1482 781 1633 818 manibus,
1647 790 1722 819 quos
1732 782 1830 813 hausit
1842 784 1950 814 missile
1970 784 2094 814 ferrum.

1278 912 1329 943 64.
1350 911 1582 944 Tribonianus
1592 913 1772 946 Justiniano
1785 914 1968 956 imperatori
1981 915 2116 949 adulans
2128 918 2284 958 persuasit

1236 994 1300 1018 non
1314 986 1509 1019 moriturum
1525 987 1646 1029 ipsum,
1657 989 1712 1022 sed
1729 999 1794 1023 una
1814 1000 1890 1024 cum
1911 1001 2045 1034 corpore
2061 995 2188 1035 raptum
2201 994 2283 1027 coeio

1236 1062 1507 1104 immigraturum.
1525 1066 1603 1097 Erat
1615 1065 1724 1098 autem
1740 1075 1882 1108 paganus
1898 1070 1931 1101 et
1946 1068 2074 1110 impius.

1278 1143 1328 1171 65.
1352 1141 1535 1181 Tyrtaeum,
1553 1140 1726 1182 elegiacum
1745 1145 1872 1184 poetam
1884 1169 1894 1184 ,
1921 1145 2116 1179 carminibus
2134 1147 2282 1181 Lacedae·
2324 1175 2326 1178 .

1236 1215 1360 1248 monios
1371 1241 1380 1256 ‚
1395 1225 1459 1257 quo
1472 1217 1615 1258 tempore
1628 1227 1703 1250 cum
1719 1220 1882 1252 Messeniis
1891 1219 2014 1253 bellum
2029 1221 2200 1264 gerebant,
2210 1224 2282 1256 ani-

1237 1301 1340 1325 masse
1351 1315 1359 1329 ‚
1375 1301 1478 1334 eaque
1487 1294 1610 1326 ratione
1622 1294 1792 1328 victoriam
1804 1296 1867 1328 illis
1876 1298 2034 1338 peperisse
2047 1299 2213 1340 proditum
2221 1301 2282 1334 est.

1279 1379 1330 1407 06.
1352 1377 1553 1416 Tyrannion
1573 1376 1762 1416 Amisenus‚
1782 1378 1869 1418 prius
1883 1373 2124 1420 Theophrastus
2140 1380 2203 1422 (ab
2217 1381 2283 1414 elo-

1236 1436 1302 1476 quii
1325 1435 1534 1476 divinitate),
1554 1437 1711 1477 posterius
1729 1438 1914 1478 Tyrannion
1937 1441 2063 1473 mutato
2087 1441 2219 1475 nomine
2233 1442 2284 1475 di-

1236 1500 1307 1528 ctus
1322 1496 1386 1536 est,
1402 1496 1487 1537 quod
1510 1497 1747 1537 condiscipulos
1763 1499 1951 1539 exagitaret.
1971 1501 2093 1542 captus
2105 1502 2167 1535 fuit
2184 1511 2204 1534 a
2218 1504 2284 1536 Lu-

1236 1556 1339 1596 cullo,
1356 1558 1532 1598 Romaeque
1559 1557 1592 1589 in
1605 1558 1727 1599 magnis
1751 1557 1871 1592 divitiis
1886 1561 1998 1594 vivens
2019 1562 2160 1603 possedit
2186 1572 2284 1606 supra

1235 1618 1300 1650 tres
1318 1617 1473 1651 librorum
1486 1618 1655 1659 myriades.

1714 1727 1801 1767 HY.

1278 1844 1330 1875 67.
1348 1842 1508 1883 Hypatia
1521 1842 1660 1875 Theonis
1670 1842 1874 1876 Alexandrini
1897 1844 2078 1886 philosophi
2095 1845 2160 1878 filia
2172 1846 2285 1888 etipsa
2323 1825 2326 1850 Σ

1236 1911 1442 1954 philosopha,
1463 1912 1504 1944 ab
1517 1912 1739 1945 Alexandrinis
1754 1913 1910 1954 discerpta
1927 1915 1994 1955 est,
2014 1916 2046 1948 et
2059 1915 2195 1949 cadaver
2213 1918 2295 1966 eJus'

1236 1982 1437 2027 contumeliis
1459 1982 1612 2014 affectum
1631 1990 1688 2023 per
1706 1983 1809 2015 totam
1826 1983 1941 2016 urbem
1962 1985 2122 2018 frustatim
2138 1993 2285 2027 sparsum

1235 2055 1283 2086 oet
1298 2066 1306 2086 ε
1321 2052 1410 2094 quod
1427 2052 1474 2084 illi
1487 2052 1603 2084 accidit
1618 2061 1657 2084 ex
1675 2052 1797 2085 invidia
1809 2054 1880 2086 orta
1895 2053 1938 2087 ob
1950 2053 2101 2087 exitniam
2113 2055 2261 2096 peritiam
2273 2080 2285 2097 ,

1235 2132 1344 2156 rerum
1363 2121 1540 2164 praesertim
1557 2122 1857 2155 astronomicarum.

1720 2222 1801 2262 PH.

1279 2342 1330 2370 68.
1347 2336 1500 2370 Phaedon
1517 2337 1634 2378 Eleus,
1649 2337 1788 2369 Socratis
1812 2337 1952 2378 auditor,
1977 2337 2019 2370 ab
2037 2337 2126 2371 Indis
2150 2339 2282 2382 captus,

1236 2412 1274 2435 ac
1289 2403 1397 2435 lenoni
1415 2402 1634 2443 venundatus,
1645 2401 1686 2434 ab
1700 2411 1738 2434 eo
1752 2402 1944 2443 prostitutus
1953 2403 2154 2444 Athenisfuit
2166 2404 2206 2437 ad
2217 2406 2284 2437 stu·
2321 2410 2326 2420 ··

1236 2478 1342 2511 prum.
1361 2470 1393 2501 Is
1407 2467 1490 2500 sorte
1510 2467 1543 2499 in
1565 2467 1730 2499 Socratem
1755 2466 1898 2499 incidens
1916 2467 2044 2508 publice
2061 2468 2282 2510 profitentem,

1236 2532 1504 2574 disputationibus
1519 2531 1580 2564 iliis
1596 2531 1675 2563 mire
1689 2531 1773 2563 affici
1784 2532 1900 2572 coepit,
1914 2532 2072 2574 petiitque
2090 2533 2226 2575 obnixe,
2245 2535 2284 2566 ut

1237 2598 1459 2630 redimeretur.
1477 2598 1589 2637 Itaque
1611 2595 1808 2628 Alcibiadem
1825 2596 1916 2629 flexit
1942 2598 2108 2638 Socrates,
2128 2598 2183 2639 qui
2207 2606 2282 2631 eum

1236 2662 1434 2694 mercaretur
1452 2669 1540 2701 :quo
1561 2660 1645 2692 sacto
1658 2660 1725 2701 jam
1749 2660 1823 2693 inde
1846 2650 2060 2702 philosophari
2081 2662 2188 2704 coepit.
2213 2665 2282 2697 Au-

1236 2721 1377 2761 spicatus
1393 2721 1441 2752 est
1457 2719 1598 2752 Eliacam
1614 2719 1735 2752 sectam
1748 2720 1787 2752 ab
1802 2720 1871 2760 ipso
1883 2729 2003 2753 nomen
2022 2720 2172 2762 adeptam
2182 2745 2192 2762 ‚
2209 2730 2282 2764 quae
2313 2751 2314 2754 ,

1236 2787 1346 2827 postea
1361 2794 1379 2816 a
1391 2784 1580 2817 Menedemo
1593 2784 1766 2816 Eretriensi
1779 2785 1944 2817 Eretriaca
1958 2784 2118 2826 appellata
2130 2787 2190 2819 est.

1279 2856 1332 2884 69.
1348 2850 1557 2890 Pherecydes
1583 2849 1694 2890 Syrius
1720 2850 1732 2890 (
1747 2851 1795 2882 est
1826 2851 1934 2882 autem
1951 2852 2030 2892 Syra
2055 2860 2073 2884 e
2090 2851 2283 2892 cycladibus
2310 2866 2312 2870 ·

1237 2910 1349 2942 insulis
1362 2918 1427 2940 una
1443 2909 1453 2950 )
1469 2909 1558 2940 nullo
1571 2917 1648 2940 usus
1659 2908 1754 2940 fuisse
1764 2909 1934 2949 magistro,
1950 2918 2074 2950 suoque
2089 2911 2192 2942 marte
2207 2919 2282 2951 pro·
2310 2911 2311 2914 ’

1238 2969 1347 3001 secisse
1369 2967 1498 3006 dicitur,
1523 2968 1692 3007 postquam
1712 2975 1828 2999 arcana
1851 2968 2037 3000 Phoenicum
2054 2969 2282 3002 commentaria

1236 3028 1350 3059 nactus
1372 3026 1486 3058 suerat.
1506 3025 1566 3057 Hic
1581 3025 1706 3065 primus
1718 3024 1900 3065 opinionem
1917 3025 1958 3057 de
1979 3026 2160 3058 animorum
2177 3028 2281 3058 trans-

1237 3085 1424 3126 migratione
1447 3083 1578 3116 invexit.
1599 3083 1796 3124 Absumptus
1813 3085 1923 3116 autem
1945 3084 1993 3116 est
2018 3092 2038 3115 a
2053 3083 2217 3125 pediculis.

175 3196 196 3237 ξ
209 3201 260 3229 63.
275 3197 387 3229 suidas
407 3209 415 3229 ι
430 3198 623 3239 Τιμόλαος
634 3225 642 3240 ,
659 3203 850 3242 Λαρισσαῖος
867 3203 902 3233 ἐκ
921 3202 1132 3242 Μακεδονίας,
1144 3202 1262 3244 ῥήτωρ,
1276 3201 1481 3242 Ἀναξιμένους
1497 3203 1552 3231 τοῦ
1569 3201 1786 3240 Λαμψακηνοῦ
1803 3198 1953 3240 μαθητής.
1969 3199 2026 3236 ’Ὀς
2047 3200 2101 3231 καὶ
2113 3202 2280 3237 ποιητικῶς

136 3243 218 3285 ἔχων
231 3244 418 3285 παρενέὸαλε
432 3247 470 3285 τῇ
491 3245 597 3277 Ἰλιάδι
617 3247 726 3288 στίχον
745 3249 820 3288 πρὸς
840 3249 961 3289 στίχον,
984 3250 1037 3280 καὶ
1057 3249 1211 3290 ἐπέγραψε
1226 3249 1262 3280 τὸ
1276 3249 1438 3289 σύνταγμα
1457 3247 1607 3288 Τρωικόν.
1629 3249 1727 3284 Μῆνιν
1741 3247 1823 3278 ἄειδε
1839 3246 1905 3277 κτλ.

177 3289 197 3330 §
210 3292 261 3321 64.
282 3290 420 3322 suidas:
443 3293 732 3335 Τριὸωνιανὸς,
750 3297 1003 3335 Μακεδονιανοῦ,
1026 3296 1087 3328 ἀπὸ
1101 3295 1272 3337 δικηγόρων
1290 3299 1352 3327 τῶν
1373 3294 1533 3336 ὑπάρχων.
1556 3294 1655 3331 Οὗτος
1677 3294 1695 3324 ὁ
1717 3293 1924 3334 Τριὸωνιανὸς
1949 3292 2062 3331 Ἕλλην
2084 3294 2204 3334 ὑπῆρχε
2225 3294 2279 3325 καὶ
2311 3326 2313 3331 .

137 3336 223 3373 ἄθεος
236 3337 289 3368 καὶ
305 3337 461 3377 ἀλλότριος
474 3339 556 3370 κατὰ
568 3339 670 3372 πάντα
682 3345 735 3378 τῆς
750 3344 810 3372 τῶν
825 3343 1017 3382 Χριστιανῶν
1029 3341 1163 3379 πίστεως
1173 3351 1181 3358 ·
1200 3342 1293 3379 κόλαξ
1305 3343 1338 3374 δὲ
1350 3342 1403 3374 καὶ
1417 3341 1561 3372 ἀπατεὼν
1577 3342 1630 3372 καὶ
1645 3342 1758 3373 πείθων
1775 3339 1990 3372 Ἰουστινιανὸν
2003 3341 2055 3373 τὸν
2070 3341 2201 3382 βασιλέα
2211 3362 2222 3380 ,
2236 3341 2279 3377 ὡς

137 3384 184 3415 ὅτι
197 3384 256 3414 οὐκ
271 3383 488 3425 ἀποθανεῖται,
506 3385 572 3416 ἀλλ’
585 3387 626 3423 εἷς
639 3387 708 3424 τοὺς
723 3387 868 3428 οὐρανοὺς
882 3388 959 3429 μετὰ
973 3389 1086 3430 σαρκὸς
1102 3389 1359 3430 ἀναληφθήσεται.
1375 3387 1436 3421 Ἦν
1449 3386 1481 3419 δὲ
1494 3386 1664 3428 κοιαίστωρ
1677 3386 1904 3419 Ἰουστινιανοῦ.

181 3430 200 3471 §
217 3433 351 3463 65—69.
369 3430 486 3463 Eadem
504 3432 626 3465 suidas.

2314 2474 2326 2594 L-najanffl
2317 2459 2326 2468 τ
2319 2388 2326 2403 υ..

2308 3532 2326 3724 *sm-”Alma
2310 3450 2326 3524 ξιξ-ρης
2310 3405 2326 3442 ²522
