2326 3724
139 228 211 261 186

240 328 278 364 6.
303 327 441 378 (Marc.
468 329 598 367 Aurel.
623 341 684 365 an.
711 342 776 376 103
802 342 873 376 170
895 343 936 379 p.
961 328 1051 382 C.?)

186 427 287 463 Ibid.
308 439 350 476 Ρ.
373 431 459 470 24:
479 424 565 465 εὈτι
591 425 849 480 Λαγγιὸάρδων
873 426 934 465 καὶ
954 427 1086 467 Ὀὅίων
1103 428 1182 474 ἑξα-

133 483 315 549 κισχιλίων
341 482 478 535 Ἴστρον
510 484 787 550 περαιωθέντων,
816 487 884 524 τῶν
921 487 1001 553 περὶ
1035 486 1180 526 Βίνδικα

133 535 268 574 ἱππέων
302 536 539 582 ἐξελασάντων
570 537 631 575 καὶ
658 540 727 576 τῶν
759 538 848 591 ἀμφὶ
876 538 1047 578 Κάνδιδον
1068 542 1180 585 πεζῶν

133 595 420 647 ἐπιφθασάντων,
451 598 497 639 εἷς
526 598 680 643 παντελῆ
707 597 818 650 φυγὴν
839 599 870 636 οἳ
892 597 1182 651 βάρὸαροιετρά-

133 667 252 694 ποντο.
276 653 356 707 Ἐφ’
384 658 433 698 οἷς
452 653 542 692 οὕτω
566 659 770 708 πραχθεῖσιν
793 658 829 694 ἓν
855 656 924 695 δέει
945 658 1182 702 καταστάντες

134 713 173 750 ἐκ
202 712 343 765 πρώτης
372 713 624 765 ἐπιχειρήσεως
641 716 671 752 οἱ
691 714 884 767 βάρὸαροι,
904 715 1068 768 πρέσὸεις
1085 716 1181 769 παρὰ

132 769 256 809 Αἴλιον
291 770 432 826 Βάσσον
467 771 530 818 τὴν
566 774 738 811 Παιονίαν
773 772 936 812 διέποντα
973 773 1179 823 στέλλουσι,

132 829 382 882 Βαλλομάριόν
409 845 448 868 τε
467 829 526 869 τὸν
555 831 704 882 βασιλέα
730 831 1001 884 Μαρκομάννων
1025 831 1085 870 καὶ
1106 831 1182 870 ἑτέ-

133 902 211 940 ρους
228 887 329 936 δέκα,
343 889 422 926 κατ’
439 888 530 933 ἔθνος
549 889 788 940 ἐπιλεξάμενοι
805 889 879 929 ἕνα.
899 890 971 928 Καὶ
991 889 1103 942 ὅρκοις
1118 890 1182 937 τὴν

131 945 271 998 εἰρήνην
292 948 322 985 οἵ
340 946 503 1000 πρέσὸεις
522 948 785 999 πιστωσάμενοι
803 947 920 986 οἴκαδε
940 953 1126 1002 χωροῦσιν.

182 1006 244 1042 Ad
257 1019 461 1054 quemnam
481 1019 622 1044 annum
638 1021 697 1044 res
709 1009 749 1044 h.
766 1009 791 1045 l.
806 1016 962 1044 narrata
975 1010 1180 1057 pertineat,

129 1066 342 1101 accuratius
363 1066 438 1102 dici
457 1067 520 1102 vix
538 1074 677 1114 potest.
701 1068 933 1103 Niebuhrius
953 1068 994 1103 in
1010 1069 1181 1117 margine

130 1123 362 1172 adscripsit:
392 1138 456 1160 αη.
490 1125 587 1171 167?
614 1126 829 1162 Tillemont.
860 1128 957 1164 Hist.
989 1127 1055 1162 des
1081 1139 1179 1175 emp.

129 1189 223 1218 tom.
244 1183 290 1227 V,
309 1195 350 1231 p.
377 1182 449 1218 631
475 1183 524 1219 ad
549 1195 638 1219 ann.
666 1195 739 1229 170
757 1195 796 1232 p.
822 1184 880 1230 C.,
897 1185 1017 1221 Marci
1040 1186 1184 1221 Aurelii

129 1252 189 1277 an.
215 1253 282 1287 10,
306 1241 544 1278 referendam
563 1254 641 1278 esse
658 1242 826 1290 conjicit.

265 1354 300 1387 7.
332 1339 468 1390 (Marc.
493 1342 622 1379 Aurei.
645 1353 705 1378 an.
727 1340 795 1387 153
828 1340 900 1388 175
926 1355 965 1390 p.
995 1343 1049 1391 C.)

185 1435 287 1471 Ibid.
321 1448 363 1484 p.
397 1441 444 1480 24
476 1447 485 1473 :
519 1432 604 1473 ιὍτι
638 1432 791 1472 Κούαδοι
825 1433 989 1486 πρέσὸεις
1021 1434 1183 1488 ἔπεμψαν

129 1491 214 1544 πρὸς
243 1492 394 1545 Μάρκον
424 1493 562 1545 εἰρήνην
593 1493 813 1545 αἰτούμενοι,
848 1493 909 1532 καὶ
941 1494 1078 1545 ἔτυχον.
1112 1495 1184 1534 Καὶ

129 1550 278 1594 πολλοὺς
305 1551 366 1600 μὲν
387 1551 534 1602 ἵππους,
564 1552 715 1596 πολλοὺς
738 1552 774 1590 δὲ
803 1552 885 1605 βόας
914 1552 1103 1600 δεδώκασι,
1124 1553 1184 1591 καὶ

131 1610 380 1662 αἰχμαλώτους
402 1611 480 1650 τότε
503 1611 565 1662 μὲν
587 1612 730 1664 μυρίους
748 1611 808 1650 καὶ
832 1612 1062 1665 τρισχιλίους,
1083 1611 1183 1650 ῧστε-

131 1685 189 1723 ρον
210 1672 327 1710 δὲκαὶ
348 1671 498 1745 ἑτέρους,
503 1672 584 1710 πλε
556 1688 687 1716 αιστους
707 1672 900 1713 ἀπέλυσαν.

182 1729 269 1769 εὈτι
287 1734 391 1778 ἦλθον
408 1731 468 1770 καὶ
483 1729 664 1784 Αστιγγοι
675 1731 735 1770 καὶ
748 1731 945 1784 Λακριγγοὶ
959 1733 1006 1775 εἷς
1021 1731 1183 1782 βοήθειαν

128 1792 187 1827 τοῦ
205 1789 369 1842 Μάρκου.

181 1850 412 1899 Ubicunque
431 1852 595 1888 Dionem
610 1852 710 1889 Cass.
729 1851 903 1888 conferre
922 1852 1032 1896 licet,
1049 1853 1183 1887 Petrus

128 1916 259 1944 noster
290 1910 533 1958 exscripsisse
562 1923 649 1946 eum
678 1918 848 1959 apparet.
879 1911 950 1946 Dio
977 1911 1127 1955 LXXI,
1165 1923 1180 1946 1

133 1966 246 2015 (Exn.
277 1965 399 2018 legg.)
424 1981 432 2004 ε
462 1969 508 2006 Οἱ
540 1967 575 2005 δὲ
603 1968 743 2020 εἰρήνην
769 1967 987 2018 αἰτούμενοι,
1010 1965 1130 2018 ὥσπερ
1153 1969 1184 2005 οἱ

130 2023 298 2072 Κούαδοι,
315 2025 374 2063 καὶ
395 2025 517 2078 ἔτυχόν
538 2042 577 2078 γε
595 2027 716 2072 αὐτῆς,
734 2025 792 2063 ἵνα
810 2041 846 2064 τε
868 2025 938 2064 ἀπὸ
953 2028 1022 2063 τῶν
1040 2027 1185 2078 Μαρκο-

133 2083 253 2132 μάνων
271 2085 548 2132 ἀποσπασθῶσι,
569 2086 630 2123 καὶ
647 2083 700 2123 ὅτι
719 2083 848 2128 ἵππους
867 2083 928 2122 καὶ
950 2087 1031 2136 βοῦς
1050 2083 1184 2127 πολλὰς

131 2141 278 2189 ἔδωκαν,
302 2142 379 2186 τούς
401 2159 439 2181 τε
467 2143 681 2194 αὐτομόλους
704 2143 837 2187 πάντας
865 2142 926 2181 καὶ
945 2142 1022 2186 τοὺς
1051 2143 1184 2194 αἰχμα-

134 2199 283 2249 λώτους,
316 2201 484 2254 πρότερον
513 2203 575 2254 μὲν
611 2205 644 2247 ἐς
683 2202 826 2254 μυρίους
856 2202 916 2240 καὶ
948 2201 1183 2254 τρισχιλίους,

136 2257 279 2311 ὕστερον
308 2260 343 2298 δὲ
375 2261 436 2299 καὶ
464 2261 542 2305 τοὺς
569 2260 710 2304 λοιποὺς
744 2261 938 2299 ἀποδώσειν
971 2259 1180 2311 ὑπέσχοντο.

130 2320 205 2355 Pro
223 2318 283 2356 καὶ
302 2318 380 2363 τοὺς
396 2319 537 2364 λοιποὺς
553 2319 747 2358 ἀποδώσειν
765 2319 959 2371 ὑπέσχοντο
975 2322 1108 2356 Petrus
1123 2321 1184 2356 vel

634 2437 670 2468 6.

175 2492 239 2522 Sex
258 2490 358 2522 millia
374 2490 662 2531 Longobardorum
687 2491 719 2522 et
735 2490 893 2522 Obiorum
911 2491 1030 2522 Istrum
1049 2489 1185 2529 traiece-

133 2542 229 2581 runt,
252 2541 283 2573 in
299 2551 380 2582 quos
404 2542 547 2574 Vindicis
564 2543 707 2582 equites,
735 2544 768 2574 et
793 2542 935 2582 pedites,
958 2550 1098 2582 quorum
1120 2541 1185 2571 dux

134 2595 204 2626 erat
229 2593 413 2634 Candidus,
444 2594 610 2639 irruerunt
634 2595 667 2626 et
683 2594 715 2625 in
745 2594 853 2634 sugam
870 2594 1049 2625 verterunt.
1080 2593 1188 2624 Prima

134 2646 243 2677 statim
254 2646 416 2678 invasione
426 2647 548 2678 terrore
558 2646 686 2678 barbari
699 2647 838 2686 perculsi
852 2671 861 2686 ,
876 2646 998 2686 legatos
1010 2645 1051 2677 ad
1069 2645 1186 2677 AElium

135 2699 268 2730 Bassum
279 2722 288 2738 ,
305 2698 359 2738 qui
390 2699 587 2730 Pannoniam
613 2698 810 2739 provinciam
837 2697 1026 2736 obtinebat,
1053 2697 1189 2728 mittunt

135 2751 366 2783 Ballomarium
380 2775 388 2790 ‚
408 2760 514 2792 regem
530 2753 833 2783 Marcomannorum
847 2774 856 2790 ,
880 2758 944 2781 una
957 2758 1033 2781 cum
1049 2749 1118 2780 aliis
1130 2748 1187 2780 de-

137 2813 206 2836 cem
217 2828 226 2843 ‚
240 2814 279 2836 ex
295 2814 490 2846 unaquaque
500 2807 594 2846 gente
610 2813 676 2836 uno
692 2805 803 2836 electo.
824 2804 875 2836 Sic
887 2812 964 2844 pace
981 2801 1188 2843 jurejurando

136 2856 262 2889 firmata
273 2881 283 2896 ‚
299 2857 392 2898 legati
405 2856 539 2889 domum
553 2857 727 2890 redierunt.

639 2914 674 2945 7.

180 2967 284 3003 Quadi
302 2967 422 3007 legatos
439 2967 596 2999 miserunt
612 2967 651 2999 ad
669 2969 815 2999 Marcum
829 2974 940 3007 pacem
962 2965 1137 3006 petituros,
1157 2965 1190 2996 et

139 3018 304 3049 consecuti
325 3019 411 3050 sunt.
427 3020 541 3058 ltaque
555 3019 676 3050 multos
691 3027 791 3059 equos
802 3022 833 3050 et
847 3017 967 3049 multas
981 3017 1080 3049 boves
1091 3015 1189 3048 dedc-

142 3070 218 3100 runt
233 3079 239 3100 :
254 3070 286 3101 et
299 3071 378 3100 tunc
403 3070 533 3110 quidem
550 3071 705 3102 tredecim
727 3070 827 3101 millia
840 3069 1059 3110 captivorum,
1081 3069 1190 3109 postea

139 3129 216 3153 vero
238 3121 335 3152 etiam
353 3122 494 3162 reliquos
508 3122 645 3153 libertati
660 3122 880 3154 restituerunt.

183 3173 348 3204 Venerunt
361 3174 392 3204 et
406 3173 526 3213 Aslingi
539 3174 572 3204 et
590 3172 737 3213 Lacringi
753 3173 784 3204 in
801 3172 959 3204 auxilium
976 3170 1087 3203 Marci.

644 3229 680 3259 8.

181 3282 360 3321 Carporum
384 3290 460 3321 gens
475 3281 595 3312 invidia
609 3281 782 3321 flagrabat,
799 3281 888 3321 quod
913 3280 1010 3313 Gothi
1034 3278 1190 3320 stipendia

141 3333 314 3371 quotannis
329 3341 347 3364 a
359 3332 509 3364 Romanis
525 3333 733 3372 accipiebant.
755 3334 868 3372 ltaque
884 3332 1073 3372 legationem
1092 3331 1189 3362 mise-

142 3385 216 3416 sunt
232 3383 273 3415 ad
301 3384 441 3429 Tullium
459 3383 678 3424 Menophilum
690 3407 698 3422 ‚
724 3385 757 3415 ct
775 3387 959 3423 arroganter
977 3382 1126 3423 pecunias
1149 3382 1190 3413 ab

144 3435 198 3467 illo
210 3436 382 3476 petierunt.
403 3437 477 3468 Erat
494 3436 546 3468 ille
559 3436 624 3468 dux
648 3436 767 3468 Moesiae
781 3437 812 3467 et
828 3435 958 3476 siugulis
975 3434 1088 3468 diebus
1101 3442 1190 3467 excr-

1014 223 1164 264 PETRI
1192 225 1416 266 PATRICII

1243 315 1322 363 ejus
1340 323 1543 365 excerptor
1564 328 1764 366 perperam
1785 319 1934 367 scripsit
1954 317 2013 357 καὶ
2029 319 2163 373 ἑτέρους
2187 323 2286 361 πλεί-

1244 387 1343 417 στους
1371 372 1562 412 ἀπέλυσαν.
1580 377 1678 412 Nam
1698 378 1958 425 promiserunt
1977 385 2123 416 tantum
2134 394 2287 431 ,neque

1242 439 1426 469 steterunt
1450 435 1669 488 promissis,
1696 436 1754 471 uti
1780 435 1899 484 liquet
1918 449 1963 472 ex
1989 439 2112 475 Dione
2136 441 2285 486 LXXI,

1248 491 1308 530 13,
1340 512 1395 520 —
1420 494 1478 528 De
1501 494 1620 529 alteio
1646 494 1733 530 loco
1761 494 1807 532 cf.
1830 496 1904 532 Dio
1929 497 2082 542 LXXI,
2113 510 2158 534 12
2177 497 2285 548 (Exc.

1241 550 1337 599 legg.
1349 550 1399 600 ).
1418 548 1632 602 Ἄστιγγοι
1614 549 1663 588 οὲ.
1655 579 1695 590 ...
1717 545 1819 598 ἦλθον
1836 550 1897 601 μὲν
1917 553 1950 595 ἐς
1962 552 2023 599 τὴν
2039 552 2172 592 Δακίαν
2190 556 2289 602 οἷκῆ-

1243 621 1321 654 σαι,
1341 607 1455 645 ἐλπίδι
1471 612 1530 646 τοῦ
1547 609 1607 647 καὶ
1623 608 1792 661 χρήματα
1808 625 1868 647 και
1886 610 2006 662 χώραν
2023 611 2080 649 ἐπὶ
2099 613 2288 671 συμμαχία

1242 665 1332 717 λήψε
1319 668 1415 703 εσθαι
1431 668 1509 707 κτλ.
1533 670 1608 716 Qui
1631 677 1764 705 nostro
1781 671 1869 706 loco
1897 670 2090 722 Λακριγγοὶ
2110 672 2290 710 dicuntur

1243 727 1347 774 apud
1359 728 1474 765 Dion
1491 729 1515 763 1.
1527 729 1552 766 l.
1571 729 1641 780 (ed.
1655 730 2124 780 Tauchnitz.)scrihuntur
2137 730 2290 784 Δάγκρι-

1243 798 1311 833 γοι.
1346 786 1523 834 Astingos
1551 788 1611 822 vel
1643 788 1830 837 Asdingos
1859 790 2006 838 regium
2032 791 2290 829 Vandalorum

1243 855 1360 891 genus
1391 856 1492 890 esse,
1527 846 1738 894 itidemque
1775 849 1978 896 Lacringos
2010 849 2131 885 videri
2169 851 2290 899 gentis

1243 903 1354 950 regiae
1383 903 1540 950 alicujus
1562 917 1703 941 nomen
1735 918 1810 942 esse
1841 919 1914 955 pro
1941 909 2107 944 nationis
2135 911 2290 947 nomine

1242 962 1429 1009 positum,
1457 963 1687 999 Niebuhrius
1706 972 1828 1001 censet
1855 966 1894 1000 in
1922 966 2052 1003 Indice
2080 969 2289 1006 nominum.

1379 1048 1417 1088 8.
1436 1049 1659 1099 (Alexandri
1675 1050 1761 1090 Sev.
1779 1064 1840 1091 an.
1858 1066 1902 1102 93
1922 1053 1998 1089 230
2010 1066 2050 1103 p.
2068 1055 2109 1094 C.
2124 1054 2156 1105 Ρ)

1299 1143 1397 1181 lbid.
1416 1157 1456 1193 p.
1479 1143 1562 1181 25·
1583 1141 1669 1183 “Oti
1691 1144 1834 1197 Κάρποι
1850 1145 1890 1183 τὸ
1904 1144 1995 1189 ἔθνος
2009 1149 2208 1199 φθονουντες
2224 1154 2292 1193 τοῖς

1245 1200 1349 1239 καθ’
1330 1217 1476 1240 εκαστον
1491 1201 1646 1240 ἐνιαυτον
1656 1203 1873 1254 τελουμένοις
1883 1210 1954 1248 τοῖς
1964 1207 1994 1244 Γ
1995 1205 2116 1254 οτθοις,
2128 1205 2290 1260 ἔπεμψαν

1246 1259 1331 1313 πρὸς
1363 1260 1534 1300 Ἰούλλιον
1563 1262 1575 1312 (
1584 1260 1750 1300 Ἰούλιον.ρ
1775 1264 1846 1314 Ν.)
1876 1263 2077 1317 Μηνόφιλον
2103 1264 2292 1316 πρεσὸείαν

1247 1320 1323 1367 μεθ’
1346 1321 1609 1380 ὑπερηφανείας
1639 1322 1868 1365 ἀπαιτοῦντες
1897 1321 2082 1375 χρήματα.
2115 1317 2228 1367 Ουτος
2255 1323 2292 1363 δὲ

1248 1377 1360 1422 δουξ’
1343 1394 1386 1425 ην
1407 1378 1568 1426 Μυσίας,
1590 1395 1650 1417 και
1666 1381 1744 1418 καθ’
1771 1380 1921 1428 ἑκάστην
1943 1380 2076 1434 ἡμέραν
2102 1381 2160 1420 τὸν
2185 1398 2291 1435 στρα-

1246 1435 1304 1473 τὸν
1323 1435 1512 1487 ἐγύμναζε,
1531 1437 1591 1475 καὶ
1610 1437 1800 1490 προμαθὼν
1821 1437 1912 1484 τὴν“
1901 1439 2156 1492 υπερηφάνειαν
2177 1442 2291 1479 αὐτῶν

1248 1494 1307 1532 ἐπὶ
1330 1495 1463 1538 πολλὰς
1485 1495 1620 1548 ἡμέρας
1639 1498 1702 1535 οὐκ
1721 1495 1860 1541 ἐδέξατο
1887 1498 2029 1544 αὐτοὺς,
2047 1496 2160 1542 διδους
2179 1499 2294 1544 αὐτοῖς

1247 1553 1364 1591 ἄδειαν
1385 1555 1468 1606 ὁρᾶν
1487 1552 1563 1597 τοὺς
1587 1554 1804 1606 στρατιώτας
1827 1555 2120 1607 γυμναζομένους.
2140 1556 2212 1595 Καὶ
2236 1556 2293 1595 ἵνα

1247 1615 1297 1664 τῷ
1316 1614 1554 1666 παρελκυσμῷ
1571 1614 1710 1651 καθέλοι
1727 1615 1840 1652 αὐτῶν
1854 1614 1898 1653 τὰ
1913 1614 2132 1667 φρονήματα,
2148 1614 2293 1659 καθίσας

1247 1670 1305 1709 ἐπὶ
1337 1670 1493 1724 βήματος
1515 1672 1649 1724 ὑψηλοῦ
1676 1671 1736 1710 καὶ
1755 1673 1988 1724 παραστήσας
2012 1671 2091 1717 τοὺς
2110 1673 2292 1724 μεγίστους

1245 1733 1306 1768 τοῦ
1326 1729 1558 1782 στρατοπέδου
1581 1729 1719 1774 ἐδέξατο
1740 1730 1882 1778 αὖτοὺς,
1901 1731 2033 1782 μηδένα
2056 1731 2158 1782 λόγον
2178 1734 2292 1771 αὐτῶν

1248 1787 1466 1838 ποιούμενος,
1499 1789 1579 1826 ἀλλ’
1611 1789 1645 1826 ἐν
1677 1790 1727 1842 τῷ
1757 1787 1855 1842 μέσῳ
1886 1789 2057 1840 λεγόντων
2080 1792 2194 1828 αὐτῶν
2229 1790 2292 1838 τὴν

1246 1847 1436 1899 πρεσὸείαν
1462 1849 1615 1899 συνεχῶς
1645 1847 1771 1900 ἑτέροις
1792 1847 1982 1899 διελέγετο,
2001 1850 2047 1893 ὡς
2066 1849 2109 1896 δὴ
2131 1848 2223 1887 ἄλλα
2239 1865 2294 1888 τι-

1250 1905 1404 1958 μιώτερα
1432 1905 1625 1958 πράγματα
1653 1906 1756 1957 ἔχων.
1779 1909 1825 1946 Οἱ
1855 1907 1891 1945 δὲ
1919 1907 2089 1959 περιδεεῖς
2113 1907 2292 1959 γενόμενοι

1249 1965 1345 2003 οὐδὲν
1369 1964 1455 2003 ἄλλο
1486 1965 1679 2018 εἰρήκασιν,
1700 1967 1729 2003 εἰ
1750 1965 1822 2015 μὴ,
1845 1964 1898 2003 ὅτι
1923 1983 1938 1998 «
1960 1964 2030 2004 Διὰ
2056 1966 2090 2004 τί
2118 1968 2150 2004 οἱ
2171 1966 2293 2006 Γότθοι

1247 2026 1401 2062 τοσαῦτα
1423 2023 1592 2076 χρήματα
1626 2024 1710 2075 παρ’
1733 2025 1829 2072 ὑμῶν
1847 2022 2088 2073 λαμὸάνουσι,
2114 2023 2175 2062 καὶ
2195 2025 2294 2075 ἡμεῖς

1247 2083 1285 2120 οὗ
1308 2081 1560 2132 λαμὸάνομεν;
1581 2100 1596 2115 υ
1614 2081 1659 2122 ‘O
1677 2081 1715 2120 δὲ
1731 2076 1840 2131 εἶπεν,
1859 2081 1911 2120 ὅτι
1929 2098 1945 2116 ι
1963 2081 2187 2134 αὐτοκράτωρ
2202 2084 2290 2121 πολ-

1247 2142 1318 2179 λῶν
1343 2140 1536 2193 χρημάτων
1557 2139 1671 2193 κύριός
1692 2142 1786 2188 ἐστι,
1809 2139 1868 2179 καὶ
1895 2142 1966 2184 τοῖς
1990 2140 2163 2190 δεομένοις
2189 2141 2294 2179 αὐτοῦ

1247 2201 1441 2251 χαρίζεται.
1461 2218 1477 2233 n
1490 2201 1537 2238 Οἱ
1553 2198 1588 2237 δὲ
1608 2199 1800 2250 ἐπήγαγον,
1819 2198 1904 2237 ὅτι]
1923 2199 1992 2238 Καὶ
2012 2202 2106 2249 ἡμᾶς
2119 2197 2229 2250 ἐχέτω
2245 2201 2294 2243 εἰς

1246 2257 1324 2301 τοὺς
1355 2257 1553 2308 δεομένους,
1579 2257 1641 2295 καὶ
1666 2258 1755 2296 δότω
1779 2258 1862 2307 ἡμῖν
1891 2261 2064 2295 τοσαῦτα·
2096 2257 2196 2307 ἡμεῖς
2225 2256 2294 2311 γὰρ

1246 2317 1440 2370 κρείττονες
1460 2317 1601 2355 ἐκείνων
1623 2317 1744 2368 ἐσμέν.
1767 2335 1782 2349 υ
1803 2315 1877 2355 Καὶ
1894 2316 2045 2367 γελάσας
2060 2318 2078 2354 ὃ
2093 2316 2295 2369 Μηνόφιλος

1248 2436 1348 2467 citum
1371 2436 1411 2468 ad
1425 2436 1546 2468 bellum
1561 2435 1731 2467 exercebat
1752 2447 1759 2466 ι
1777 2435 1810 2466 et
1828 2443 1928 2475 quum
1942 2435 2062 2475 carpos
2077 2434 2247 2466 insolentes
2261 2434 2295 2467 ct

1247 2488 1401 2528 superbos
1414 2496 1482 2519 esse
1493 2487 1674 2527 accepisset,
1688 2495 1743 2527 per
1756 2486 1862 2526 plures
1877 2486 1943 2518 dies
1949 2494 2004 2518 eos
2013 2494 2079 2517 non
2091 2485 2294 2526 admisit,sed

1247 2541 1353 2571 tamen
1367 2540 1556 2580 potestatem
1570 2539 1616 2570 eis
1629 2539 1703 2570 fecit
1712 2563 1720 2578 ,
1740 2547 1840 2579 quum
1853 2538 2013 2570 exercitus
2025 2536 2247 2578 exercebatur,
2258 2538 2295 2569 ut

1249 2591 1368 2623 milites
1380 2591 1602 2631 conspicerent
1623 2603 1631 2622 ε
1647 2591 1678 2622 et
1697 2599 1798 2630 quum
1813 2590 1889 2621 satis
1902 2589 2124 2630 prorogatione
2141 2589 2296 2629 temporis

1247 2643 1330 2673 diem
1343 2643 1382 2674 de
1395 2642 1448 2674 die
1460 2642 1581 2674 ducens
1594 2642 1750 2682 superbos
1767 2642 1894 2672 illorum
1908 2641 2038 2681 spiritus
2053 2641 2193 2681 fregisset
2202 2641 2234 2672 et
2246 2649 2294 2672 re-

1249 2693 1385 2725 tudisset
1394 2717 1403 2732 ‚
1416 2693 1528 2725 sedens
1540 2694 1572 2724 in
1588 2693 1654 2724 alto
1666 2695 1812 2732 suggestu
1823 2716 1831 2731 ‚
1843 2692 2010 2732 primarios
2023 2691 2123 2724 totius
2132 2691 2294 2724 exercitus

1248 2745 1336 2776 viros
1346 2745 1431 2776 circa
1442 2754 1476 2776 se
1485 2744 1632 2776 adhibuit
1644 2768 1652 2784 ,
1661 2746 1693 2775 et
1706 2746 1826 2784 Carpos
1842 2743 1984 2784 excepit,
1999 2743 2154 2782 nullaque
2165 2742 2293 2774 illorum

1250 2797 1358 2829 habita
1373 2797 1496 2829 ratione
1511 2797 1544 2828 in
1559 2796 1663 2828 medio
1680 2796 1817 2827 militum
1828 2821 1836 2835 ‚
1849 2796 1927 2827 dum
1939 2796 2127 2836 legationem
2137 2803 2227 2828 suam
2235 2803 2293 2827 ex-

1248 2850 1420 2890 ponerent,
1452 2851 1608 2888 tanquam
1631 2847 1718 2879 aliud
1743 2856 1839 2887 agens
1861 2849 1892 2879 et
1912 2848 2004 2887 longe
2019 2847 2078 2878 sibi
2103 2847 2207 2878 essent
2223 2855 2294 2887 gra·

1247 2902 1338 2932 viora
1347 2900 1490 2940 negotia,
1506 2908 1685 2931 sermonem
1700 2908 1774 2930 cum
1787 2899 1858 2930 aliis
1870 2899 2016 2930 habebat.
2033 2899 2073 2930 At
2085 2898 2131 2929 illi
2143 2898 2294 2930 timentes

1247 2953 1305 2986 sihi
1322 2953 1400 2984 nihil
1418 2951 1502 2984 aliud
1519 2951 1671 2983 dixerunt
1680 2951 1739 2982 nisi
1755 2964 1762 2982 :
1781 2963 1797 2978 ιι
1816 2951 1898 2988 Quia
1910 2949 2196 2990 Gothi,inquiunt‚
2207 2958 2291 2982 avo-

1248 3007 1297 3039 bis
1309 3005 1500 3046 stipendium
1516 3005 1688 3045 accipiunt,
1700 3013 1758 3035 cur
1769 3012 1828 3035 nos
1841 3012 1970 3044 quoque
1981 3012 2046 3034 non
2059 3003 2255 3043 accipimus?
2273 3018 2287 3031 -

1248 3058 1372 3096 Quibus
1387 3057 1612 3097 Menophilus:
1630 3068 1646 3084 «
1668 3058 1777 3093 Quum
1792 3055 1965 3095 imperator
1986 3055 2094 3086 noster
2114 3054 2292 3086 multarum

1248 3111 1455 3151 pecuniarum
1481 3109 1522 3141 sit
1537 3108 1704 3147 dominus,
1722 3106 1946 3139 liberalitatem
1962 3114 2053 3137 suam
2075 3107 2204 3137 exercet
2218 3114 2293 3145 erga

1249 3170 1303 3194 eos
1313 3186 1322 3202 ‚
1339 3162 1412 3202 qui,
1432 3162 1469 3192 ut
1492 3160 1552 3192 sibi
1578 3159 1784 3200 gratificetur,
1810 3157 1995 3198 suppliciter
2017 3158 2141 3197 petunt.
2168 3170 2184 3185 u
2210 3159 2292 3189 'rum

1248 3215 1294 3247 illi
1311 3226 1319 3247 :
1335 3228 1351 3243 ιι
1365 3216 1429 3247 Nos
1449 3222 1578 3254 quoque
1596 3211 1845 3253 supplicantium
1862 3219 1996 3242 numero
2009 3209 2144 3250 habeat,
2157 3213 2190 3242 et
2202 3210 2294 3242 nobis

1248 3266 1360 3299 eadem
1387 3266 1547 3306 largiatur.
1566 3266 1683 3296 Sumus
1709 3263 1793 3294 enim
1813 3262 1926 3294 Gothis
1950 3262 2196 3302 praestantiores.
2212 3274 2228 3288 υ
2243 3260 2292 3293 Ri-

1249 3318 1327 3349 dens
1341 3317 1557 3357 Menophilus,
1577 3328 1591 3342 ι-
1607 3317 1714 3346 Meum
1728 3316 1794 3352 est,
1812 3314 1874 3352 ait,
1891 3313 1930 3345 de
1950 3313 1998 3345 his
2014 3313 2052 3344 ad
2067 3313 2292 3353 imperatorem

1249 3371 1377 3402 referre.
1392 3368 1504 3400 Redite
1513 3367 1608 3407 igitur
1622 3367 1704 3398 intra
1717 3368 1871 3406 quattuor
1879 3373 2002 3397 menses
2016 3365 2047 3396 in
2060 3365 2147 3395 hunc
2155 3363 2291 3395 eundem

1249 3419 1374 3461 locum,
1395 3421 1427 3452 ct
1447 3427 1636 3460 responsum
1660 3418 1831 3458 accipietis.
1849 3430 1864 3444 »
1885 3418 1924 3450 Et
1946 3416 2040 3449 simul
2066 3415 2152 3447 illinc
2167 3414 2244 3447 abiit
2260 3415 2292 3447 et
