2326 3724
967 195 1300 235 FRAGMENTA.

0 318 6 326 ff
65 284 216 321 brevius
258 284 419 333 Eunapii
460 285 565 321 locus
599 290 815 320 contractus
847 291 901 319 est
935 284 975 319 in
1014 285 1106 320 Exc.

2 363 11 390 4
65 344 219 380 Joannis
233 344 456 380 Antiocheni
470 357 511 393 p.
535 343 611 393 849
625 344 748 381 vales.
766 343 822 380 Cf.
843 343 1040 382 Claudian.
1061 344 1108 379 In

66 401 246 439 Rufinum
261 403 303 449 Ι,
331 402 402 438 186
423 415 434 438 t

584 494 764 527 Fluctibus
777 496 861 526 auri

146 540 280 581 expleri
302 542 378 574 sitis
396 542 464 573 ista
481 543 614 583 nequit.
632 543 845 582 Cuicumque
859 541 985 573 monile

146 588 345 619 contextum
361 589 501 627 yemmz's
513 611 522 627 ‚
537 589 601 619 aut
612 587 754 628 praedia
770 587 866 619 culta
872 586 1032 626 fuissent
1042 609 1052 626 ,

147 632 268 672 Rufino
280 633 503 674 populandus
515 635 612 673 crat3
637 634 841 675 dominoque
857 632 1014 672 parabat

147 682 293 712 exitium
309 679 481 717 fecundus
497 689 591 721 ayer.
609 680 796 713 Metuenda
809 680 935 712 colonis

139 726 331 767 fertilitas
349 727 499 760 Laribus
514 727 641 768 pectit,
662 727 821 760 detrudit
837 727 943 759 avitis

139 772 285 815 finibus,
307 776 370 806 etc.

537 845 619 888 64.

119 927 252 964 Suidas
287 940 296 963 :
341 924 643 975 Ἀμείλικτον,
676 926 814 972 ἀπηνῆ,
841 926 1004 976 ἀκαμπῆ.
1030 925 1103 965 Καὶ

67 980 357 1035 ἀμείλικτος,
377 983 618 1037 ἀπάνθρωπος.
639 984 820 1028 Εὐνάπιος·
841 1002 856 1019 α
874 984 996 1028 Οὕτως
1010 984 1109 1034 ἀμεί-

66 1044 176 1082 λικτοι
205 1038 294 1091 ἦσαν
316 1043 421 1096 ἄμφω
441 1043 533 1081 κατὰ
557 1044 620 1090 τὴν
654 1043 830 1091 ἀλήθειαν,
857 1043 917 1081 καὶ
949 1043 987 1082 τὸ
1010 1043 1107 1096 ἔργον

67 1102 191 1155 ἐχώρει
217 1102 520 1155 περιφανέστερον.
545 1120 561 1137 ι»
582 1121 597 1137 «ι
617 1106 753 1153 Agitur
777 1104 876 1140 forte
897 1105 945 1140 de
967 1104 1108 1140 Rufino

68 1170 105 1199 et
121 1164 350 1201 Stelichone.
371 1179 387 1195 υ
407 1164 583 1199 Βο155οΝ.

554 1261 620 1300 65.

120 1351 247 1386 Primo
261 1350 414 1386 Arcadii
430 1361 531 1385 anno
545 1350 743 1386 Alarichus
755 1362 826 1398 per
839 1351 1112 1399 Thermopylas

59 1408 107 1445 ‘in
123 1410 304 1446 Graeciam
323 1410 534 1457 irrumpens
549 1410 734 1445 Boeotiam
750 1415 787 1445 et
809 1411 970 1445 Atticam
991 1417 1111 1447 vasta-

67 1469 142 1516 vit,
174 1469 346 1516 ipsasque
372 1480 596 1516 oppugnare
620 1480 815 1516 aggressus
846 1477 900 1504 est
920 1470 1109 1516 Athenas,

69 1539 162 1575 quas
187 1527 382 1563 tutabatur
410 1540 496 1562 cum
522 1527 668 1563 Achille
693 1528 877 1566 Minerva.
898 1530 954 1564 De
978 1528 1036 1564 his
1063 1529 1112 1565 ad

69 1585 317 1622 Historiarum
335 1597 486 1622 suarum
506 1586 701 1621 volumina
723 1587 915 1633 Eunapius
931 1587 1111 1623 lectorem

69 1644 217 1693 ablegat
231 1646 270 1679 in
283 1645 369 1682 Vita
383 1645 537 1680 Maximi
552 1657 590 1693 p.
607 1643 654 1680 52
674 1657 682 1679 :
753 1642 813 1681 καὶ
829 1644 891 1681 οὐκ
905 1645 952 1688 εἷς
972 1644 1111 1705 μακρὰν

70 1701 207 1740 πολλῶν
226 1702 287 1740 καὶ
305 1701 504 1752 ἀδιήγητων
533 1701 806 1739 ἐπικλυσθέντων
831 1705 950 1740 κακῶν
973 1697 1040 1756 (ὡν
1068 1703 1112 1742 τὰ

70 1757 133 1810 μὲν
151 1761 186 1798 3v
205 1766 275 1804 τοῖς
291 1759 357 1798 διεζ
343 1760 484 1805 οδικοῖς
499 1762 559 1806 τῆς
578 1759 733 1812 ἱστορίας
747 1760 900 1813 εἴρηται,
915 1761 960 1799 τὰ
980 1760 1067 1811 δὲ,’
1053 1762 1111 1800 εὰν

69 1819 236 1872 ἐπιτρέπῃ
250 1819 289 1858 τὸ
305 1823 405 1867 θεῖον,
419 1818 625 1871 λελέξεται),
640 1819 695 1857 ὅτε
711 1819 918 1872 Ἀλλάριχος
930 1820 1020 1872 ἔχων
1036 1821 1113 1866 τοὺς

71 1878 268 1931 βαρὸάρους
288 1878 344 1917 διὰ
360 1882 429 1917 τῶν
450 1880 578 1918 Πυλῶν
600 1880 789 1932 παρῆλθεν,
809 1878 927 1933 ὥσπερ
948 1880 1006 1919 διὰ
1027 1897 1112 1920 στα-

70 1937 142 1976 δίου
167 1938 227 1976 καὶ
252 1937 463 1990 ἱπποκράτου
491 1938 610 1976 πεδίου
637 1937 784 1990 τρέχων.
818 1939 993 1984 Τοιαύτας
1019 1942 1113 1995 αὐτῷ

69 1995 132 2040 τὰς
147 1995 260 2041 πύλας
274 1996 428 2040 ἀπέδειξε
445 1999 506 2042 τῆς
521 1996 730 2040 Ἑλλάδοςό
707 2012 771 2044 ητε
787 2013 855 2035 των
870 1997 915 2035 τὰ
931 1998 1017 2051 φαιὰ
1031 2000 1116 2049 ἱμά-

69 2070 127 2092 τια
147 2055 297 2107 ἐχόντων
327 2054 517 2098 ἀκωλύτως
535 2055 924 2108 προσπαρεισελθόντων
947 2057 1090 2095 ἀσέὸεια
1102 2087 1112 2104 ,

73 2107 135 2146 καὶ
147 2110 165 2145 6
182 2110 250 2146 τῶν
265 2110 511 2161 ἱεροφαντικῶν
527 2110 664 2157 θεσμῶν
681 2109 918 2160 παραρραγεις
933 2109 1036 2158 νόμος
1054 2110 1114 2148 καὶ

71 2164 272 2217 σύνθεσμος.
299 2168 499 2204 Postremis
513 2169 723 2216 Eunapius,
745 2170 1067 2216 ⁷Wyttenbachio
1058 2184 1115 2206 in-

72 2234 252 2275 terprete,
283 2226 471 2276 significat
498 2227 728 2263 Christianos
760 2228 968 2264 monachos
1005 2230 1114 2266 simul

71 2298 159 2321 cum
173 2286 304 2323 Gothis
316 2299 387 2335 per
399 2286 698 2341 Thermopylas'
689 2299 726 2322 m
741 2286 949 2323 Graeciam
939 2290 1115 2326 invasisse

71 2352 108 2381 et
125 2346 251 2394 patria
272 2347 448 2393 avitaque
467 2335 608 2393 templa
627 2340 815 2380 evertisse.
836 2344 975 2394 (Aliter
998 2348 1114 2384 Tille-

70 2405 218 2440 montl.
241 2405 268 2442 l.
298 2406 346 2450 V,
375 2418 415 2453 p.
442 2404 532 2447 434.
544 2405 554 2452 )
580 2405 625 2439 In
644 2405 715 2439 isto
739 2405 904 2440 tumultu
919 2406 1116 2453 perierunt

70 2463 218 2498 Priscus
230 2463 308 2507 ille,
318 2464 338 2498 J
341 2463 458 2498 uliani
471 2464 561 2498 olim
572 2463 700 2498 favore
708 2463 867 2511 pollens,
878 2470 915 2498 et
923 2464 996 2499 Pro
1002 2466 1114 2501 terius

71 2527 108 2556 et
122 2521 285 2557 Hilarius
299 2521 469 2569 quidam,
492 2528 583 2557 teste
596 2522 768 2570 Eunapio
782 2522 821 2556 in
833 2523 915 2559 Vita
935 2523 1051 2559 Prisci
1069 2537 1110 2573 p.

72 2579 120 2626 67
145 2593 154 2615 :
187 2578 261 2617 Καὶ
281 2578 338 2616 ἐπὶ
357 2584 445 2616 πᾶσι
470 2578 509 2617 τὸ
541 2575 626 2630 βαθὺ
657 2578 896 2631 διαφυλάττων
929 2574 1009 2626 ἦθος
1040 2581 1110 2631 (sc.

70 2638 263 2687 Priscus),
293 2637 353 2675 καὶ
382 2638 493 2689 γελῶν
514 2635 575 2684 τὴν
596 2637 815 2689 ἀνθρωπίνην
836 2631 1025 2687 ἀσθένειαν,
1045 2645 1114 2683 τοῖς

70 2710 133 2741 της
151 2694 350 2739 Ἑλλάδος’
341 2701 474 2748 ιεροῖς..
480 2695 749 2734 .συναπώλετο·
766 2698 904 2735 πολλῶν
918 2697 977 2736 καὶ
998 2698 1112 2737 ἄλλων

73 2755 108 2792 ἐν
127 2756 215 2793 τῶδε
237 2757 287 2807 τῷ
306 2755 420 2808 χρόνῳ
440 2758 507 2794 τῶν
528 2754 590 2804 μὲν
609 2754 665 2794 διὰ
683 2755 797 2804 λύπην
823 2756 1040 2808 προϊεμένων
1056 2758 1114 2796 τὸν

73 2813 160 2863 βίον,
189 2815 220 2851 οἱ
246 2795 312 2851 δὲ(
300 2813 366 2851 υπὸ
390 2815 459 2851 τῶν
487 2813 675 2867 βαρὸάρων
706 2814 982 2854 κατεκόπτοντο·
1002 2818 1036 2855 ἐν
1066 2820 1114 2860 οῖς

77 2870 263 2924 Προτέριός
292 2887 330 2909 τε
347 2875 389 2919 ἠν
414 2888 464 2915 τις
485 2873 523 2910 ἐκ
553 2873 799 2925 Κεφαλληνίας
822 2877 882 2921 τ’ἧς
909 2874 1033 2922 νήσου,
1054 2875 1114 2913 καὶ

73 2931 300 2984 ἐμαρτυρεῖτο
319 2931 423 2974 καλὸς
450 2931 510 2968 καὶ
534 2932 660 2983 ἀγαθὸς
688 2926 960 2984 εἰναι.1λάριον
989 2933 1114 2972 δὲκαὶ

73 2992 91 3027 ὁ
107 2994 217 3028 ταῦτα
230 2990 371 3042 γράφων
381 2989 568 3040 ἠπίστατο,
585 2990 692 3043 ἄνδρα
707 2991 849 3030 Βιθυνὸν
865 2990 927 3042 μὲν
943 2991 981 3030 τὸ
999 2991 1112 3042 γένος,

73 3047 236 3096 Ἀθήνησι
262 3048 297 3086 δὲ
320 3048 615 3102 καταγηράσαντα
629 3079 640 3101 ,
661 3049 746 3102 πρὸς
765 3049 801 3087 δὲ
819 3053 868 3102 τῷ
894 3052 1036 3102 καθαρῷ
1054 3054 1115 3097 τῆς

75 3106 184 3155 ἄλλης
202 3107 362 3152 παιδείας
374 3137 384 3155 ,
404 3107 495 3146 κατὰ
512 3107 684 3161 γραφικὴν
708 3108 798 3147 οὕτω
814 3109 1114 3162 φιλοσοφήσαντα,

74 3164 165 3204 ὥστε
177 3167 240 3204 οὐκ
259 3166 432 3213 ἐτεθνήκει
446 3169 481 3205 ἐν
495 3168 569 3210 ταῖς
589 3167 719 3206 ἐκείνου
733 3168 852 3220 χερσὶν
868 3171 885 3206 6
901 3168 1110 3220 Εὐφράνωρ.
1140 3137 1146 3223 Ι

75 3224 147 3263 Καὶ
166 3226 184 3262 6
199 3229 309 3263 ταῦτα
325 3227 465 3279 γράφων
479 3225 535 3264 διὰ
547 3230 649 3265 τοῦτο
666 3226 768 3265 αὐτὸν
785 3226 824 3265 τὸ
842 3228 876 3265 ἐν
889 3227 994 3265 εἴδεσι
1007 3227 1113 3264 καλὸν
1140 3224 1147 3270 l

2159 209 2206 241 43

1169 287 1342 338 ἐθαύμαζε
1363 286 1422 325 καὶ
1439 286 1662 338 ὑπερηγάπα.
1687 286 1777 327 Ἀ)λ’
1793 288 1886 339 ὅμως
1904 290 1963 328 καὶ
1982 290 2128 345 Ἱλάριος
2146 296 2215 334 τῶν

1170 345 1476 384 ἀπολαυσάντων
1459 362 1500 392 ην
1510 348 1572 391 τῆς
1582 348 1696 393 κοινῆς
1707 354 1925 400 συμφορᾶς,ε
1911 347 1976 393 ἔξω
1992 349 2054 399 μὲν
2069 351 2193 404 εὓρεθε
2169 369 2217 396 ις

1168 408 1236 443 τῶν
1251 406 1400 453 Ἀθηνων
1418 404 1577 456 (πλησίον
1590 404 1657 456 γάρ
1673 421 1739 443 που
1755 407 1923 458 Κορίνθου
1941 408 1989 445 διε
1976 407 2128 461 ’τριὸε),
2150 426 2217 448 κα-

1168 463 1331 507 τακοπεὶς
1344 463 1380 502 δὲ
1395 462 1492 516 παρὰ
1506 465 1574 501 τῶν
1591 463 1779 516 βαρὸάρων
1794 463 1870 514 ἅμα
1885 466 1954 508 τοῖς
1967 467 2127 511 οἰκέταις.
2146 469 2217 508 Καὶ

1169 526 1281 560 ταῦτα
1300 521 1362 573 μὲν
1383 524 1417 561 ἓν
1436 523 1506 566 τοῖς
1531 521 1749 571 διεξοδικοῖς,
1773 522 1832 561 ἐὰν
1861 526 1911 577 τῷ
1941 525 2079 575 δαίμονι
2109 527 2214 579 δόξῃ,

1168 581 1401 634 γραφήσεται,
1414 582 1452 619 οὐ
1467 580 1511 619 τὰ
1525 580 1602 619 καθ’
1618 580 1764 620 ἕκαστον
1776 581 1916 634 ἔχοντα,
1932 583 2022 621 ἀλλὰ
2036 583 2074 622 τὸ
2086 586 2214 636 κοινὸν,

1168 640 1186 678 ὃ
1201 642 1273 678 ἐκεῖ
1284 639 1494 693 σαφέστερον
1504 639 1694 685 λελέξεται.
1709 658 1723 674 α
1742 644 1823 678 Hac
1838 644 2048 680 Gothorum
2063 647 2102 681 in
2118 647 2218 684 Grae-

1169 702 1266 737 ciam
1285 701 1521 746 incursione,
1538 702 1855 749 VVyttenbachius
1868 705 1935 752 ait,
1956 705 2122 741 Athenas
2140 720 2220 742 non

1169 767 1293 808 captas
1309 772 1405 805 esse,
1425 766 1461 795 et
1480 760 1542 795 hic
1557 759 1745 809 significat
1759 761 1951 810 Eunapius
1963 790 1972 807 ‚
1991 769 2027 798 et
2045 764 2084 798 in
2105 777 2220 812 opere

1169 819 1341 854 Historiae
1359 820 1540 854 Romanae
1557 818 1671 854 fusius
1686 818 1895 855 declarasse
1914 820 2080 870 videtur,
2099 824 2219 871 siqui-

1169 877 1256 913 dem
1278 876 1358 923 ejus
1389 884 1555 913 sectator
1585 878 1755 913 Zosimus
1774 879 1820 923 V,
1853 879 1876 915 6
1904 880 2078 927 copiosus
2107 889 2160 917 est
2183 883 2222 917 in

1168 935 1241 971 hoc
1268 935 1356 971 loco
1370 963 1382 984 ,
1402 936 1538 971 urbem
1566 935 1695 971 divino
1715 948 1872 972 munere
1891 949 1935 972 ex
1957 938 2029 973 isto
2050 939 2221 986 periculo

1168 1001 1353 1029 servatam
1380 993 1554 1036 tradens,
1588 994 1847 1030 circumeunte
1875 1008 2005 1031 muros
2029 997 2220 1042 Minerva,

1171 1060 1207 1088 et
1239 1061 1325 1088 ante
1355 1065 1419 1088 eos
1450 1059 1571 1088 stante
1602 1054 1747 1089 Achille
1782 1065 1791 1091 τ
1824 1066 1990 1101 quorum
2018 1063 2223 1103 conspectu

1169 1113 1361 1159 perculsos
1373 1113 1499 1147 hostes
1514 1112 1761 1161 oppugnandi
1773 1114 2017 1161 propositum
2031 1114 2220 1160 abjecisse.

1171 1171 1216 1207 At
1249 1171 1310 1206 alii
1343 1178 1490 1206 veteres
1519 1171 1655 1206 urbem
1686 1172 1844 1218 pariter,
1875 1179 1918 1207 ut
1950 1173 2040 1208 alias
2072 1173 2222 1209 Graecas

1171 1230 1284 1265 urbes
1297 1257 1306 1274 ,
1342 1237 1491 1277 captam
1521 1230 1726 1277 perhibent
1755 1243 1763 1266 :
1798 1243 1965 1278 quorum
1999 1232 2223 1267 testimoniis

1171 1289 1344 1323 nituntur
1376 1288 1637 1324 Tillemontius
1671 1290 1734 1337 (V,
1766 1301 1805 1337 p.
1845 1289 1938 1337 188)
1974 1297 2010 1325 et
2043 1291 2223 1327 Corsinus

1175 1345 1237 1394 (F.
1260 1349 1338 1384 Att.
1361 1348 1426 1390 IV,
1447 1359 1487 1394 p.
1526 1347 1617 1394 ¹97)
1642 1359 1651 1382 z
1675 1348 1850 1383 nituntur
1869 1349 1982 1383 etiam
2011 1360 2080 1393 ρο,
2115 1350 2224 1396 quod

1172 1406 1363 1453 Eunapius
1378 1417 1490 1453 supra
1504 1406 1543 1439 in
1560 1406 1725 1441 Maximo
1740 1419 1780 1454 p.
1796 1405 1843 1441 52
1864 1406 1958 1442 dixit
1971 1419 2042 1455 per
2055 1408 2224 1444 Alarichi

1172 1465 1428 1500 incursionem
1463 1465 1637 1511 mysteria
1674 1465 1818 1500 Cereris
1852 1466 2008 1501 Athenis
2045 1478 2220 1512 ccssasse3

1175 1535 1257 1570 quae
1273 1534 1361 1558 sane
1384 1522 1599 1557 ratiuncula
1620 1523 1709 1559 levis
1731 1530 1785 1558 est
1805 1522 1854 1558 ad
1879 1522 1995 1559 fidem
2014 1524 2062 1559 de
2081 1532 2224 1562 servata

1174 1582 1271 1617 urbe
1302 1580 1525 1617 elevandam
1561 1593 1569 1616 :
1602 1587 1639 1616 et
1667 1581 1805 1617 diserte
1833 1582 2018 1618 refellitur
2044 1590 2225 1631 praesente

1174 1641 1261 1676 loco
1292 1641 1453 1688 Eunapii
1467 1667 1477 1685 ,
1515 1652 1593 1688 quo
1626 1652 1696 1688 per
1726 1641 1843 1676 verba
1875 1638 1941 1683 ἔξω
1971 1642 2040 1677 τῶν
2072 1640 2223 1687 Ἀθηνῶν

1176 1699 1402 1744 ostenditur,
1425 1711 1508 1743 eos,
1533 1699 1598 1746 qni
1619 1700 1719 1735 intra
1737 1700 1871 1735 urbem
1896 1701 2124 1747 manserint,
2142 1714 2225 1737 ser-

1172 1765 1278 1794 vatos
1297 1770 1373 1794 esse
1397 1770 1406 1793 :
1429 1757 1479 1793 ad
1503 1770 1616 1805 quem
1631 1758 1759 1793 locum
1786 1759 1841 1794 illi
1859 1759 1931 1794 viri
1950 1772 2029 1794 non
2045 1760 2223 1796 attende-

1174 1825 1277 1853 runt.
1312 1816 1500 1864 Equidem
1530 1816 1635 1852 haud
1664 1816 1799 1852 dubito
1832 1818 1872 1852 in
1899 1816 2049 1864 judicio
2078 1818 2123 1855 de
2152 1819 2224 1855 hac

1174 1875 1312 1912 Zosimi
1335 1875 1555 1910 narratione
1574 1876 1682 1922 sequi
1705 1875 1802 1910 duos
1819 1875 2040 1911 novissimos
2060 1874 2139 1922 ejus
2158 1888 2225 1911 an-

1175 1942 1369 1970 notatores
1398 1945 1407 1971 :
1429 1946 1595 1982 quorum
1619 1935 1907 1981 Reitemeyerus
1924 1947 2010 1970 eum
2030 1947 2117 1974 cum
2146 1935 2226 1970 aliis

1175 1993 1215 2028 in
1232 1992 1483 2028 concordiam
1505 1991 1627 2040 redigi
1650 2004 1762 2039 posse
1784 1999 1914 2040 putat,
1932 2000 1974 2028 ut
1993 1993 2119 2031 Attica
2136 2000 2225 2028 tan-

1178 2060 1256 2088 tum
1275 2053 1382 2101 regio
1395 2079 1404 2096 ‚
1424 2052 1534 2087 salvis
1553 2052 1709 2087 Athenis
1727 2052 1834 2099 ipsis,
1857 2052 2023 2087 hostium
2044 2051 2224 2098 injuriam

1177 2118 1331 2159 experta
1346 2122 1421 2146 esse
1436 2110 1614 2146 credatur
1630 2122 1638 2147 :
1655 2111 1927 2159 Philostorgius
1939 2124 2032 2147 vero
2049 2110 2150 2159 (XII,
2166 2111 2220 2160 2),

1175 2169 1396 2205 Alarichum
1430 2169 1585 2204 intrasse
1617 2168 1783 2204 Athenas
1820 2169 1972 2214 dicens,
2007 2168 2057 2204 ad
2084 2170 2225 2206 Zosimi

1175 2229 1290 2264 verba
1322 2228 1374 2264 ita
1406 2228 1630 2275 explicetur,
1663 2233 1706 2262 ut
1738 2227 1815 2263 dux
1834 2227 2000 2263 hostium
2027 2240 2108 2263 non
2137 2240 2225 2263 cum

1177 2288 1314 2336 copiis,
1345 2294 1382 2322 et
1414 2286 1558 2322 foedere
1590 2293 1698 2322 antea
1730 2279 1944 2334 composito
1961 2314 1972 2334 ,
2007 2287 2222 2324 intraverit.

1177 2348 1345 2395 Heynius
1361 2353 1485 2382 autem
1502 2344 1712 2393 prudenter
1728 2352 1914 2392 monetp.
1932 2345 2005 2388 641
2033 2358 2041 2380 :
2066 2361 2081 2377 «
2098 2347 2224 2392 Quum

1175 2406 1375 2442 Christiani
1403 2405 1469 2440 illo
1495 2416 1574 2439 aevo
1602 2404 1696 2438 nihil
1721 2403 1814 2450 fere,
1844 2404 1952 2451 quod
1979 2404 2226 2440 memorabile

1175 2471 1282 2509 esset,
1298 2465 1374 2499 sine
1387 2462 1571 2498 miraculo
1589 2461 1732 2497 factum
1747 2461 1938 2508 jactarent
1952 2489 1962 2507 ‚
1982 2462 2222 2498 tolerandum

1173 2536 1260 2559 sane
1290 2523 1431 2559 eratin
1460 2521 1695 2566 Gentilibus,
1730 2522 1759 2555 si
1791 2528 1828 2556 et
1858 2521 1913 2555 illi
1943 2533 2009 2556 sua
2039 2522 2225 2557 miracula

1173 2582 1426 2619 venditarent,
1446 2596 1461 2612 »
1477 2581 1704 2627 Quanquam
1720 2580 1760 2614 in
1770 2579 1844 2614 hoc
1858 2579 2090 2615 Athenarum
2103 2592 2222 2627 nego-

1174 2641 1227 2676 tio
1239 2668 1248 2685 ‚
1265 2646 1301 2676 et
1322 2639 1472 2686 objecta
1486 2638 1658 2673 hostibus
1670 2638 1794 2685 specie
1805 2638 1984 2673 Minervae
1999 2644 2035 2673 et
2051 2637 2221 2681 Achillis,

1174 2700 1340 2735 humana
1355 2698 1505 2734 solertia
1514 2697 1671 2732 valuisse
1686 2703 1807 2744 potest
1827 2709 1836 2731 x
1852 2697 1972 2744 qualis
1990 2696 2148 2730 valuisse
2166 2695 2224 2730 di-

1175 2760 1273 2794 citur
1294 2759 1335 2793 in
1352 2761 1472 2806 specie
1498 2757 1694 2801 Minervae,
1715 2755 1847 2790 AEtolis
1873 2755 2010 2790 urbem
2030 2755 2222 2790 Pellenam

1175 2816 1483 2866 oppugnantibus
1514 2813 1685 2861 objecta,
1716 2814 1820 2861 apud
1847 2815 2065 2862 Polyaenum
2097 2811 2219 2863 (VIII,

1177 2874 1246 2926 59)
1273 2883 1310 2912 et
1335 2874 1582 2910 Plutarchum
1601 2873 1641 2907 in
1664 2874 1783 2908 Arato
1809 2885 1850 2921 p.
1888 2876 2009 2916 1042,
2041 2872 2130 2919 qui,
2149 2884 2221 2919 pro

1174 2937 1344 2971 Minerva
1362 2935 1525 2970 Dianam
1545 2932 1745 2977 exhibens,
1768 2938 1893 2967 cetera
1911 2931 2108 2966 consentit.
2132 2946 2148 2962 »ι
2170 2952 2222 2957 —

1175 2994 1288 3041 Quod
1312 2993 1428 3028 Prisci
1452 2998 1614 3026 mortem
1635 2991 1787 3036 attinet,
1816 3002 1899 3026 eam
1919 3002 1998 3024 non
2023 2988 2122 3024 eide
2146 3001 2221 3036 qua

1175 3053 1370 3099 loquimur
1404 3050 1572 3087 Alarichi
1603 3050 1810 3085 incursioni
1846 3047 2109 3101 assignandam
2142 3059 2217 3083 esse

1175 3109 1489 3157 W⁷yttenbachius
1519 3115 1649 3156 putat,
1679 3107 1745 3144 sed
1776 3107 1826 3143 ad
1856 3108 1989 3155 priora
2023 3112 2215 3153 tempora,

1174 3169 1421 3216 chronologia
1446 3168 1530 3203 vitae
1558 3167 1676 3207 Prisci
1702 3172 1848 3210 motus,
1882 3165 2015 3201 referri
2049 3163 2216 3206 mavult,

1174 3228 1355 3276 quoniam
1370 3226 1452 3273 jam
1472 3234 1581 3262 antea
1600 3226 1670 3261 sub
1691 3225 1904 3261 Theodosio
1918 3251 1928 3269 ,
1951 3223 2111 3259 maxime
2130 3221 2219 3256 iude

80 3299 2207 3317 ——--—-——-——.---—.————--—-———-———-—-——--

1107 3339 1166 3372 64.

116 3391 204 3425 Adeo
220 3392 315 3425 ambo
342 3395 433 3426 erant
457 3403 568 3427 revera
583 3395 810 3435 inexorabiles,
833 3397 866 3428 et
888 3395 1009 3427 facinus
1040 3394 1119 3426 illud
1143 3395 1245 3428 evasit
1270 3394 1432 3427 illustrius.
