2326 3724
92 277 164 310 244

90 413 226 463 ἐγένετο
247 416 357 466 ἀγχοῦ
378 413 723 463 Θεοδοσιουπόλεως,
743 413 932 461 κατενόησε
948 412 1011 460 τὴν
1027 411 1131 458 πόλιν,

90 466 128 509 εὖ
148 471 245 523 μάλα
268 472 328 510 καὶ
344 474 390 516 ὡς
409 473 543 519 ἀληθῶς
559 473 593 516 ἐς
610 470 655 510 τὰ
674 471 823 523 πολέμια
841 471 1128 524 παρεσκευασμέ-

90 546 166 577 νην.
202 530 274 570 Καί
302 546 402 568 τινων
433 529 561 580 μεταξὺ
590 528 782 580 γενομένων
808 529 930 582 ἀφίησι
961 527 1128 581 βασιλεὺς

91 591 108 626 ὁ
144 591 291 642 Περσῶν
322 589 505 640 Θεόδωρον
538 590 570 632 ἐς
601 587 787 632 Βυζάντιον
822 587 1064 637 ἐλευσόμενον,
1094 587 1128 624 ἐν

90 646 276 697 γράμμασι
307 647 368 697 μὲν
403 646 600 693 κατάδηλον
628 646 776 692 ποιήσας
800 649 850 697 τῷ
879 645 1055 697 Καίσαρι,
1081 647 1128 688 ὥς

89 704 211 751 ἥδεται
230 706 288 744 καὶ
309 705 409 749 αὐτος
428 722 470 757 τῃ
493 704 628 758 εἰρήνῃ,
649 703 709 742 καὶ
729 706 774 747 ὡς
771 733 798 775 ‚-⁷
818 706 848 742 εἷ
874 704 954 757 πρὶν
980 706 1128 756 ἐκστρα-

89 762 182 800 τεύοι
197 763 337 813 ἀφίκετο
353 763 550 815 Θεόδωρος,
569 762 685 800 οὖδὲε
671 762 851 807 ἐξετάξατο
869 762 909 799 ἂν
929 762 1030 806 αυτὸς
1051 761 1130 799 οὐδέ

89 837 127 872 γε
153 822 288 868 ἐκίνησε
317 821 378 866 τὰς
411 821 587 872 δυνάμεις.
619 824 692 860 Νῦν
714 821 749 858 δὲ
777 819 897 864 ἀκλεὲς
924 822 1018 858 αὐτῶ
1042 824 1129 858 εἶναι

90 881 217 918 δοκεῖ’
203 879 534 932 εκστρατευσαμένῳ
554 879 621 926 ἤδη
648 880 813 917 διαλῦσαι
839 878 879 916 τὸ
907 877 1128 929 στράτευμα·

89 939 167 982 τοὺς
185 939 252 990 γὰρ
271 938 470 990 ἀνθρώπους
486 937 508 984 ἢ
525 941 585 975 τοῦ
606 937 792 989 κερδαλέου
812 952 849 989 γε
871 935 970 974 ἕκατι
988 935 1010 982 ἢ
1033 935 1130 982 δόξης

89 997 312 1049 ὀρεγομένους
333 997 473 1034 ἅπαντα
501 995 686 1047 πράσσειν.
716 994 977 1046 Ἔπηγγέλλετο
1003 993 1064 1044 δὲ,
1083 996 1129 1037 ὡς

90 1055 333 1100 ἀπονοστήσας
361 1055 394 1097 ἐς
421 1053 464 1091 τὰ
486 1056 595 1091 οἰκεῖα
617 1053 790 1106 ἔκπέμψοι
809 1053 887 1096 τοὺς
915 1051 1130 1099 ἐπιτηδείους

90 1116 183 1167 αὐτῷ
205 1114 374 1165 ἄρχοντας
389 1115 422 1151 ἐν
439 1113 507 1155 τοῖς
523 1112 626 1164 ὁρίοις
639 1115 698 1159 τῆς
716 1111 761 1150 ἕω
772 1142 781 1160 ,
797 1111 1130 1163 διαλεχθησομένους

88 1189 125 1212 τε
145 1172 205 1211 καὶ
225 1171 450 1217 διαθήσοντας
470 1170 514 1208 τὰ
533 1170 611 1223 περὶ
631 1174 693 1217 τῆς
721 1171 858 1222 εἰρήνης
888 1169 963 1219 ἅμα
981 1174 1051 1212 τοῖς
1071 1171 1131 1207 ἐκ-

88 1230 387 1284 πεμφθησομένοις
416 1229 608 1280 Ῥωμαίων
627 1229 807 1280 ἡγεμόσιν.
831 1231 956 1267 Ταῦτα
978 1228 1042 1278 μὲν
1071 1224 1128 1266 οὖν

89 1290 242 1340 ἐσήμηνε
261 1291 312 1341 τῷ
333 1288 502 1340 Καίσαρι.
538 1288 827 1340 Ἑκλιπαροῧντος
853 1286 889 1324 δὲ
910 1287 1013 1324 αὐτὸν
1037 1287 1128 1325 Θεο·

88 1348 199 1400 δώρου
220 1346 310 1385 ὥστε
330 1347 487 1398 ἐπισχεῖν
512 1346 575 1393 τὴν
600 1346 781 1393 εἷσὸολὴν,
810 1345 921 1389 ἔδοξεν
941 1344 1129 1392 ἐπινεύειν,

87 1405 120 1443 εἴ
138 1422 176 1457 γε
199 1406 280 1458 ἄχρι
299 1406 330 1444 λ’
348 1408 488 1458 ἡμερῶν
510 1405 656 1456 ἀγγελία
678 1405 836 1457 φοιτήσοι
853 1406 899 1447 ὡς
919 1404 1021 1441 αὐτὸν
1045 1419 1129 1441 στα·

89 1466 188 1502 λεῖσα
217 1480 256 1502 εκ
289 1468 348 1502 τοῦ
384 1464 564 1516 Καίσαρος
591 1463 634 1501 τὰ
670 1463 790 1501 δέοντα
833 1461 1125 1514 βουλευσαμένου.

88 1522 132 1561 1<
134 1521 236 1568 πειοη
258 1523 292 1559 δὲ
310 1521 492 1574 Θεόδωρον
512 1524 662 1571 ἀφηκεν,
682 1523 727 1565 ὡς
745 1522 832 1590 ἔΝγνω
855 1521 943 1570 μήτε
960 1520 993 1564 ἐξ
1009 1521 1129 1573 ἐφόδου

87 1581 150 1627 τὴν
179 1580 469 1620 Θεοδοσιουπολιν
491 1579 599 1618 οἷόντε
628 1579 664 1617 ὂν
686 1581 781 1632 αὗτῳ
807 1579 951 1626 εξελεῒν,
977 1578 1065 1628 μήτε
1090 1595 1128 1628 γε

90 1640 158 1690 μὴν
179 1639 363 1691 πολιορκίᾳ
386 1653 423 1677 τε
452 1638 512 1677 καὶ
537 1638 790 1691 μηχανήμασιν
807 1637 948 1676 ἔσεσθαί
967 1639 997 1676 οἱ
1026 1640 1059 1681 ἐς
1086 1639 1125 1676 τὸ

87 1697 262 1741 λυσιτελὲς
290 1700 566 1750 ἀποπειραθῆναι
593 1700 653 1735 τοῦ
683 1697 818 1749 τείχους
841 1695 1130 1747 (ξυνελεύσεσθαι

88 1757 156 1809 γὰρ
173 1758 206 1794 ἐν
222 1756 374 1809 τοσούτῳ
385 1756 444 1800 τὰς
459 1755 664 1807 Ῥωμαϊκὰς
678 1756 857 1807 δυνάμεις)
868 1785 877 1804 ,
889 1755 948 1793 καὶ
959 1754 1000 1803 δὴ
1017 1757 1128 1809 ἀφῆκε

87 1816 150 1863 τὴν
171 1815 474 1856 Θεοδοσιούπολιν.

335 1903 397 1941 42.
418 1896 539 1947 (5763
558 1899 695 1934 Justini
712 1911 771 1936 an.
798 1897 881 1946 12.)

143 1987 232 2021 Exc.
255 1986 310 2020 De
326 1985 398 2032 leg.
421 1996 462 2032 p.
490 1996 562 2031 119
582 1995 589 2021 :
607 1980 693 2021 “O-ct
720 1981 775 2020 ἐπὶ
802 1979 964 2032 Τιὸερίου
987 1979 1127 2018 Καίσα-

88 2058 143 2094 ρος
161 2044 191 2080 οἱ
211 2044 278 2079 τῶν
299 2040 489 2091 Ῥωμαίων
510 2039 698 2091 στρατηγοὶ
716 2037 878 2084 εἷσὸολὴν
896 2040 928 2080 ἐς
944 2036 1128 2075 Ἀλὸανίαν

86 2099 334 2150 ποιησάμενοι,
368 2099 428 2136 καὶ
462 2098 613 2150 ὁμήρους
645 2097 810 2140 λαδόντες
847 2095 1028 2147 Σαὸείρων
1063 2095 1124 2133 καὶ

833 267 1104 308 MENANDRI
1133 268 1484 308 PROTECTORIS

91 358 108 392 ὁ
127 357 295 408 Περσῶν,
315 355 395 407 πρὶν
412 354 434 402 ἢ
449 354 632 407 Θεόδωρον
648 353 731 407 πρὸς
751 355 857 394 αὐτοῦ
876 357 1064 408 ἀφεθῆναι,
1082 356 1127 397 ὥς
1146 361 1150 367 ’

1191 353 1306 392 ἄλλων
1326 356 1429 393 ἐθνῶν
1443 384 1455 404 ,
1476 349 1559 402 ἧκον
1586 354 1620 397 ἐς
1637 353 1837 398 Βυζάντιον.
1867 352 2107 406 Ἀφικομένους
2132 353 2168 393 δὲ
2185 355 2220 393 ἐν

1189 414 1368 466 Βυζαντίῳ
1406 413 1484 458 τοὺς
1512 412 1676 466 πρέσόεις
1712 414 1780 451 τῶν
1811 412 2046 451 ἐνδεδωκότων
2081 412 2223 457 ἑαυτοὺς

1186 471 1337 510 Ἀλανῶν
1357 486 1396 510 τε
1417 471 1476 510 καὶ
1498 470 1679 524 Σαὸείρων
1699 473 1716 509 ὃ
1739 472 1878 522 Καῖσαρ
1901 470 2040 522 δέχεται
2063 471 2223 514 ἐπιεικῶς

1186 528 1246 567 καὶ
1279 528 1370 568 ποίνυ
1401 528 1670 582 φιλανθρώπως·
1701 528 1890 580 πυθόμενός
1924 544 1960 566 τε
1992 528 2076 580 παρ’
2108 529 2222 567 αὐτῶν

1189 586 1304 625 ὁπόσα
1336 586 1505 639 χρήματα
1534 588 1649 630 αὐτοῖς
1675 587 1787 625 ἐδίδου
1816 590 1834 625 ὁ
1863 589 2009 638 Περσῶν
2041 585 2221 638 βασιλεὺς,

1187 643 1343 688 δεδωκώς
1360 660 1398 683 τε
1418 644 1573 689 ἐξουσίαν
1592 645 1708 698 σφίσιν
1735 646 1768 687 ἐς
1793 644 1872 682 ὅσον
1892 644 2080 694 ἦὸούλοντο
2105 644 2224 696 ἐξᾶραι

1187 706 1229 754 τῇ
1246 702 1452 755 ψευδολογίᾳ
1470 702 1508 740 τὸ
1527 705 1649 754 χρῆμα
1663 702 1722 741 καὶ
1735 705 1784 756 τῷ
1798 702 1925 755 κόμπῳ
1939 702 2085 750 τάληθὲς
2102 704 2224 741 ἐπικα-

1186 760 1311 812 λύψαι,
1327 777 1342 794 «
1362 759 1540 799 Διπλοίσια
1554 760 1682 799 τούτων
1699 760 1806 812 ἔγωγε
1820 761 1978 812 παρέξω,
1996 779 2010 795 u
2026 761 2090 813 ἔφη
2100 790 2110 808 ,
2125 778 2140 794 ἰ
2155 763 2225 804 τοῖς

1186 834 1222 855 τε
1241 820 1275 856 ἐν
1294 817 1386 856 τέλει
1405 820 1524 868 ὑμῶν,
1547 818 1632 870 πρὸς
1650 817 1686 856 δὲ
1704 818 1746 864 δὴ
1771 818 1830 856 καὶ
1850 822 1931 869 ὑμῖν
1953 820 2081 862 αὐτοῖς.
2102 837 2118 853 ι»
2139 817 2225 858 Ἐπὶ

1186 877 1316 920 τούτοις
1340 876 1494 923 ἥσθησάν
1518 891 1555 914 τε
1585 878 1616 915 οἱ
1646 877 1833 929 βάρὸαροι,
1861 877 1921 915 καὶ
1947 877 2084 916 ἐδόκουν
2115 876 2223 929 χάριν

1187 933 1311 972 εἰδέναι
1330 937 1379 986 τῷ
1406 933 1573 986 κρείττονι
1600 934 1672 973 ἄνθ’
1700 930 1747 973 ὧν
1767 934 1912 981 ὑπήκοοι
1940 935 2127 985 Ῥωμαίων
2148 934 2227 986 ἐγέ-

1187 1006 1298 1030 νοντο.
1314 990 1489 1044 Ἤγγελον
1505 992 1540 1030 δὲ
1550 994 1620 1040 ,ὡς
1637 995 1655 1030 ὃ
1668 992 1816 1045 Ἀὅειρ
1798 995 1931 1040 απέστη
1947 994 2010 1032 οὐκ
2023 995 2055 1036 ἐς
2069 993 2226 1046 μακρὰν,

1187 1049 1290 1100 ὀλίγα
1313 1065 1350 1087 τε
1372 1049 1556 1110 φροντίσας
1582 1052 1651 1088 τῶν
1680 1050 1822 1102 ὁμήρων
1843 1050 1998 1103 Πέρσαις
2017 1050 2223 1103 προσετέθη.

1187 1109 1270 1151 Ἰοῖς
1296 1107 1357 1157 μὲν
1387 1111 1444 1146 οὐν
1479 1107 1666 1161 πρέσὸεσιν
1686 1105 1814 1152 αὖθις’
1799 1124 1834 1146 εν
1861 1108 2024 1162 συνουσία
2048 1108 2228 1160 γενόμενος

1187 1167 1365 1218 ὃΚαῖσαρ
1389 1165 1433 1205 τὰ
1456 1165 1521 1204 ὅσα
1543 1166 1695 1218 ἁρμόδια
1724 1166 1903 1218 διελέχθη,
1922 1167 1982 1205 καὶ
2008 1165 2072 1220 ἔφη
2090 1166 2168 1210 τούς
2189 1182 2228 1205 τε

1187 1228 1477 1277 προσχωροῦντας
1497 1226 1592 1277 αὐτῷ
1617 1225 1728 1263 ἑκοντὶ
1749 1225 1845 1274 μάλα
1866 1225 2099 1277 εὐεργετήσειν
2113 1255 2125 1274 ,
2149 1223 2229 1269 τοὺς

1189 1282 1224 1319 δέ
1242 1298 1280 1333 γε
1300 1284 1337 1321 οὐ
1359 1282 1586 1334 βουλομένους
1604 1283 1663 1320 καὶ
1683 1282 1830 1326 ἄκοντας
1849 1281 1934 1327 ἕξειν
1953 1283 2020 1321 ὑπὸ
2035 1282 2098 1330 τὴν
2119 1285 2227 1321 αὑτοῦ

1187 1346 1287 1392 χεῖρα
1307 1341 1366 1393 βία
1386 1341 1445 1379 καὶ
1465 1341 1623 1392 δυνάμει.

1605 1440 1668 1483 43.
1692 1438 1810 1490 (576.)

1434 1532 1500 1569 ΕΚ
1529 1531 1632 1570 ΤΟΥ
1662 1530 1706 1569 1-1'
1735 1532 1900 1570 ΛΟΓΟΥ
1921 1529 1982 1580 (²⁶).

1242 1623 1333 1660 Exc.
1357 1624 1411 1658 De
1430 1623 1500 1671 leg.
1518 1625 1629 1660 Rom.
1648 1636 1689 1671 p.
1720 1622 1924 1666 164—164
1949 1635 1957 1657 :
1979 1619 2065 1660 εὈτι
2086 1621 2166 1674 περὶ
2187 1622 2228 1660 τὸ

1188 1678 1343 1731 δεύτερον
1359 1679 1431 1722 ἔτος
1446 1683 1506 1726 τῆς
1520 1679 1682 1732 Τιὸερίου
1699 1679 1875 1732 Καίσαρος
1889 1679 2076 1729 ἡγεμονίας
2088 1710 2097 1726 ,
2114 1681 2230 1733 μικρῷ

1188 1738 1355 1789 πρότερον
1375 1737 1396 1784 ἢ
1415 1738 1496 1775 τάδε
1517 1739 1758 1790 ξυνενεχθῆναι
1777 1737 1821 1775 τὰ
1840 1737 1919 1791 περὶ
1940 1737 2124 1790 Χοσρόην,
2141 1753 2229 1790 πρε-

1189 1796 1289 1834 σὸεία
1304 1796 1432 1843 ἐστάλη
1447 1801 1541 1840 αὖθις
1556 1796 1624 1834 ἀπο
1644 1795 1867 1845 Ῥωμαίων(
1849 1812 1895 1839 ως
1913 1795 2109 1855 Τούρκους,
2131 1796 2231 1834 Οὔα-

1187 1854 1376 1893 λεντίνου
1361 1871 1395 1899 ες
1424 1859 1524 1893 τοῦτο
1558 1853 1874 1927 χειροτονηθέντος·
1906 1857 1952 1895 εἱς
1980 1852 2016 1890 δὲ
2046 1857 2142 1896 ουτος
2161 1854 2231 1890 τῶν

1191 1912 1374 1965 βασιλείων
1411 1913 1620 1966 ξιφηφόρων.
1659 1913 1730 1952 Καὶ
1765 1928 1823 1950 ουν
1852 1912 1926 1950 ἐπεὶ
1956 1914 2051 1964 αὐτῶ
2082 1910 2229 1957 ἐπετέθη

1230 2015 1270 2054 (*)
1288 2027 1302 2041 τι
1321 2017 1467 2046 Errorem
1485 2015 1515 2047 in
1529 2023 1663 2046 numero
1676 2014 1747 2045 libri
1762 2022 1830 2045 esse
1841 2013 1990 2053 apparet,
2007 2011 2164 2053 siquidem
2178 2011 2229 2043 le-

1189 2062 1274 2100 gatio
1291 2061 1332 2093 ad
1357 2063 1479 2093 Turcas
1502 2071 1587 2093 anno
1603 2061 1744 2093 secundo
1760 2060 1878 2092 Tiberii
1894 2059 2047 2099 Caesaris,
2064 2058 2233 2100 superstite

1192 2109 1337 2148 Justino,
1361 2110 1455 2140 missa
1477 2110 1536 2140 est.
1559 2121 1575 2136 »
1596 2111 1756 2140 Nissaunn.

85 2213 272 2254 significavit
281 2237 290 2252 ‚
301 2221 334 2244 se
347 2221 476 2252 quoque
490 2219 566 2252 pace
579 2210 750 2249 delectari,
766 2210 798 2241 et
811 2210 836 2241 si
849 2210 1022 2249 antequam
1036 2217 1125 2240 exer-

86 2266 188 2297 citum
202 2265 434 2304 comparasset,
449 2262 637 2295 Theodorus
649 2261 847 2299 advenisset,
861 2269 965 2300 neque
979 2261 1083 2300 ipsum
1097 2260 1129 2291 in

87 2317 187 2348 aciem
202 2316 430 2347 descensurum
446 2314 558 2353 fuisse,
576 2322 680 2353 neque
694 2314 800 2352 copias
817 2312 1021 2343 educturum.
1039 2313 1131 2343 Nunc

87 2368 238 2408 quoniam
252 2376 327 2398 cum
341 2366 483 2398 exercitu
500 2365 654 2403 moverit,
671 2364 728 2395 sibi
742 2363 890 2395 dedecori
905 2363 989 2402 sore,
1004 2363 1029 2394 si
1038 2372 1131 2394 exer-

87 2422 188 2452 citum
201 2420 302 2451 solvat
316 2419 347 2450 et
360 2418 490 2449 missum
510 2417 612 2448 saciat.
631 2417 747 2447 Omnia
761 2416 843 2446 enim
859 2415 1012 2446 mortales
1026 2416 1128 2446 facere

87 2473 143 2504 aut
156 2472 298 2512 quaestus
311 2469 410 2510 gratia
420 2493 429 2508 ‚
444 2469 500 2500 aut
514 2477 577 2508 quo
591 2467 650 2499 sibi
664 2467 795 2506 gloriam
810 2467 969 2507 quaerant.
983 2466 1132 2497 Promisit

87 2525 195 2555 autem
208 2546 217 2561 ‚
247 2521 438 2560 simulatque
463 2519 594 2550 domum
630 2518 814 2556 revertisse,
838 2527 871 2548 se
902 2517 1073 2549 missurum
1099 2517 1130 2548 in

87 2575 167 2606 fines
181 2573 321 2606 Orientis
333 2581 373 2604 ex
387 2571 582 2612 principibus
597 2570 657 2602 sibi
679 2569 912 2601 necessitudine
931 2569 1128 2607 conjunctis,

87 2626 142 2667 qui
161 2634 235 2657 cum
250 2623 411 2665 ,primariis
427 2623 501 2653 viris
518 2631 559 2654 ex
576 2621 744 2658 Romanis,
767 2629 848 2660 quos
868 2621 974 2651 Caesar
995 2619 1064 2658 ejus
1087 2620 1131 2650 rei

87 2679 188 2719 gratia
204 2677 363 2716 delegaret
375 2699 384 2712 .
409 2675 449 2706 de
463 2674 511 2706 bis
523 2699 532 2714 ,
552 2683 626 2714 quae
641 2673 680 2704 ad
702 2681 812 2713 pacem
827 2673 966 2703 facerent
978 2696 986 2710 ‚
1001 2671 1083 2702 inter
1098 2681 1131 2703 se

88 2731 300 2770 disceptarent
322 2729 354 2759 et
377 2728 565 2758 statuerent.
590 2727 667 2756 Haec
688 2724 783 2764 igitur
797 2723 837 2754 ad
863 2725 1021 2755 Caesarem
1034 2723 1131 2754 misit.

89 2785 197 2820 Quum
213 2790 289 2812 vero
307 2779 493 2811 Theodorus
505 2786 579 2809 eum
597 2776 781 2816 suppliciter
794 2776 900 2806 oraret
913 2776 949 2805 nt
965 2774 1006 2805 ab
1022 2774 1131 2805 iucur-

89 2833 232 2864 sionibus
248 2831 445 2871 abstineret,
473 2829 503 2860 id
530 2828 660 2869 quidem
686 2826 926 2858 concedendum
949 2826 1088 2864 censuit,
1105 2825 1130 2856 si

90 2886 173 2916 intra
186 2883 395 2924 quadraginta
415 2882 480 2912 dies
494 2880 628 2911 nuntius
641 2879 680 2910 ad
694 2887 727 2910 se
741 2887 759 2909 a
775 2881 900 2909 Caesare
917 2877 1056 2915 veniret,
1074 2877 1129 2916 qui

89 2938 180 2968 illum
191 2961 199 2975 ,
212 2935 287 2975 quid
299 2944 364 2967 suae
375 2933 551 2965 voluntatis
562 2933 655 2970 esset,
668 2931 835 2962 certiorem
850 2930 976 2960 faceret.
992 2929 1128 2959 Dimisso

90 2988 278 3027 Theodoro,
296 2988 332 3017 nt
351 2985 498 3025 cognovit
513 2985 542 3015 in
558 2992 615 3015 sua
629 2983 784 3023 potestate
799 2980 931 3012 minime
949 2980 1044 3011 sitnm
1065 2988 1131 3010 esse

91 3040 263 3081 improvisa
278 3039 439 3070 invasione
454 3037 719 3076 'l'beodosiopolin
742 3043 853 3075 capere
864 3057 873 3073 ,
887 3042 992 3072 neque
1004 3034 1029 3063 si
1045 3032 1131 3063 obsi-

90 3093 185 3124 dione
201 3092 256 3122 aut
271 3089 425 3121 machinis
436 3097 548 3119 muros
560 3089 714 3125 tentaret,
726 3086 897 3126 quicquam
911 3085 1130 3124 profecturum

91 3153 158 3175 esse
184 3144 422 3183 (Romanorum
443 3139 526 3170 enini
547 3138 654 3178 copias
674 3138 754 3169 inter
775 3137 806 3167 id
822 3135 976 3175 temporis
991 3134 1128 3174 spatium

91 3195 340 3232 conventuros),
358 3193 398 3223 ab
414 3191 576 3222 obsidione
593 3189 852 3229 Theodosiopolis
867 3188 1021 3219 discessit.

582 3245 638 3276 42.

133 3304 200 3337 Sub
211 3301 337 3335 Tiberio
350 3301 474 3332 Caesare
487 3301 703 3330 Romanorum
720 3297 834 3335 duces,
852 3296 972 3336 impetu
986 3295 1018 3326 in
1035 3294 1128 3326 Alba-

92 3359 177 3389 niam
201 3356 285 3388 facto
296 3379 304 3393 ,
319 3352 482 3385 obeidibus
495 3360 513 3382 a
535 3349 653 3381 Sabiris
675 3351 706 3380 et
728 3349 796 3379 aliis
811 3347 958 3387 gentibus
974 3346 1130 3386 acceptis,

93 3409 280 3450 Byzantium
289 3407 454 3438 venerunt.
467 3406 509 3435 Eo
517 3412 616 3442 quum
627 3402 716 3439 legati
730 3402 902 3432 Alanorum
910 3401 941 3430 et
949 3399 1131 3431 Sabirorum

93 3462 268 3500 xenissent,
282 3459 335 3499 qui
352 3466 385 3490 se
400 3456 550 3490 Romanis
566 3454 739 3493 dederant,
755 3455 862 3485 caesar
876 3460 931 3484 eos
946 3452 1082 3491 benigne
1099 3452 1131 3482 et

1190 2209 1371 2241 humaniter
1383 2210 1519 2249 excepit.
1540 2211 1647 2246 Quum
1662 2209 1768 2240 autem
1782 2216 1823 2239 ex
1835 2216 1946 2240 eorum
1961 2206 2064 2238 verbis
2075 2205 2232 2243 audisset,

1191 2263 1327 2301 quantas
1353 2262 1503 2302 pecunias
1524 2261 1586 2293 illis
1602 2263 1770 2293 Persarum
1787 2269 1844 2292 rex
1860 2259 1990 2300 largitus
2007 2258 2136 2298 fuisset,
2150 2258 2234 2289 sacta

1189 2314 1344 2353 potestate
1353 2337 1362 2352 ‚
1372 2314 1529 2354 quantum
1543 2313 1660 2344 vellent
1672 2312 1815 2343 oratione
1828 2320 1896 2342 rem
1909 2318 2098 2350 exaggerare
2108 2333 2118 2349 ,
2135 2310 2168 2341 et
2182 2317 2234 2340 ve-

1191 2374 1263 2396 rum
1280 2365 1415 2397 dicendo
1428 2365 1600 2397 obscurare
1610 2389 1619 2404 ‚
1635 2377 1650 2391 «
1666 2364 1770 2404 Duplo
1783 2363 1905 2403 majora
1919 2362 2048 2403 praemia
2059 2359 2150 2392 vobis
2163 2360 2228 2391 lar-

1190 2417 1269 2456 giar,
1291 2417 1413 2458 inquit,
1426 2425 1490 2448 non
1510 2416 1615 2447 solum
1637 2415 1713 2447 viris
1733 2415 1766 2446 in
1788 2414 1940 2454 dignitate
1955 2411 2154 2449 constitutis,
2176 2411 2231 2443 sed

1191 2468 1286 2500 etiam
1302 2469 1476 2508 unicuique
1493 2469 1644 2500 vestrum.
1666 2479 1680 2494 υ
1699 2468 1775 2498 Haec
1792 2465 1934 2498 barbaris
1949 2463 2093 2496 laetitiam
2111 2462 2231 2494 attule-

1191 2521 1285 2557 runt,
1302 2522 1335 2551 et
1352 2519 1409 2551 visi
1424 2521 1498 2551 sunt
1515 2519 1575 2550 deo
1591 2518 1725 2558 gratiam
1741 2517 1859 2549 habere
1871 2539 1880 2556 ‚
1903 2514 1990 2556 quod
2005 2513 2140 2554 subjecti
2156 2513 2234 2545 facti

1191 2572 1295 2603 essent
1317 2571 1480 2603 Romanis.
1510 2570 1703 2602 Retulerunt
1728 2569 1858 2607 autem,
1882 2567 2011 2599 Abit-em
2031 2563 2232 2605 (subirem)

1191 2623 1297 2662 paullo
1311 2623 1384 2654 ante
1397 2621 1549 2654 defecisse
1562 2622 1612 2661 et,
1624 2621 1712 2652 nulla
1723 2619 1871 2652 obsidum
1883 2617 1992 2650 habita
2004 2616 2144 2655 ratione,
2158 2623 2233 2646 cum

1193 2675 1294 2706 Persis
1304 2683 1336 2706 se
1347 2675 1561 2714 conjunxisse.
1576 2672 1699 2704 Deinde
1709 2673 1814 2704 Caesar
1827 2678 1902 2702 cum
1916 2669 2026 2709 legatis
2035 2674 2232 2707 congressus,

1192 2735 1263 2766 quae
1274 2728 1347 2766 apta
1359 2726 1564 2764 videbantur,
1577 2723 1727 2755 disseruit
1737 2723 1768 2754 et
1778 2722 1860 2753 dixit
1870 2746 1879 2761 ,
1890 2729 1963 2760 erga
1973 2728 2027 2751 eos
2036 2742 2045 2758 ,
2057 2719 2111 2760 qui
2120 2718 2234 2758 sponte

1193 2777 1223 2808 in
1234 2777 1302 2816 ejus
1316 2778 1504 2817 potestatem
1519 2775 1680 2813 venirent,
1691 2783 1725 2806 se
1738 2773 1900 2806 liberalem
1915 2772 2078 2808 futurum,
2092 2768 2147 2801 sed
2159 2776 2231 2807 eos,

1191 2829 1245 2868 qui
1274 2837 1307 2860 se
1330 2837 1395 2860 sum.
1421 2827 1569 2868 potestati
1595 2825 1784 2857 submittere
1807 2823 2010 2863 recusarent,
2029 2821 2061 2853 vi
2079 2821 2112 2853 et
2136 2818 2233 2852 armis

1191 2890 1248 2913 suo
1263 2882 1396 2921 imperio
1411 2888 1520 2921 parere
1536 2880 1736 2911 coacturum.

1675 2981 1734 3014 43⁴

1508 3089 1564 3119 Ex
1587 3087 1708 3118 Lumo
1731 3084 1915 3116 OCTAVO.

1235 3188 1381 3222 Secundo
1394 3186 1511 3219 Tiberii
1528 3184 1664 3217 Caesaris
1676 3181 1800 3223 imperii
1814 3189 1898 3212 anno
1909 3202 1918 3218 ‚
1934 3179 2031 3220 paulo
2044 3179 2117 3210 ante
2130 3186 2229 3218 quam

1193 3251 1229 3274 ea
1240 3266 1247 3278 ‚
1262 3250 1334 3281 quae
1347 3239 1387 3270 de
1400 3239 1540 3270 Cliosroe
1553 3236 1754 3268 narravimus
1764 3257 1772 3271 ,
1785 3232 1982 3272 gererentur,
1997 3230 2111 3270 legatio
2124 3229 2231 3261 denuo

1193 3293 1288 3324 missa
1311 3292 1359 3322 est
1374 3299 1392 3321 a
1410 3289 1559 3321 Romanis
1575 3286 1615 3318 ad
1636 3289 1767 3318 Turcos.
1785 3283 1975 3315 Valentinus
1989 3281 2036 3321 (is
2057 3281 2126 3312 erat
2143 3288 2228 3311 unus

1193 3341 1440 3383 eximperatoris
1452 3338 1659 3378 satellitibus)
1671 3336 1711 3368 ad
1722 3335 1753 3367 id
1765 3334 1905 3365 muneris
1914 3335 1962 3365 est
1971 3332 2114 3364 delectus
2122 3355 2131 3370 ‚
2142 3329 2230 3370 quod

1194 3398 1249 3430 ubi
1263 3396 1307 3427 illi
1319 3393 1546 3426 demandatum
1561 3390 1639 3429 suit,
1654 3397 1728 3420 cum
1742 3387 1790 3418 bis
1800 3412 1808 3426 ,
1821 3387 1875 3426 qui
1890 3394 1965 3416 eum
1979 3383 2226 3420 comitabantur,

1194 3448 1353 3490 profectus
1371 3447 1428 3478 est.
1455 3446 1524 3476 Una
1540 3450 1669 3483 quoque
1688 3441 1817 3472 centum
1834 3447 1885 3469 sex
1904 3439 2025 3468 “rurcos
2041 3433 2224 3475 assumpsit,
