2372 3704
122 268 195 300 ⁴38

119 348 203 387 λάου
221 365 256 387 τε
271 352 316 393 εἷς
336 349 398 397 τὴν
416 351 586 398 Φοινίκην
607 352 719 404 ἄφιξιν
740 354 799 391 καὶ
818 354 861 392 τὰ
879 356 958 408 περὶ
980 356 1154 410 Εἴραμον,

116 407 209 451 ὅστις
228 410 410 458 Σολομωνι
429 412 480 462 τῷ
500 410 678 449 Ἰουδαίων
697 413 835 463 βασιλέι
852 414 936 465 πρὸς
954 414 1064 465 γάμον
1082 415 1157 461 δοὺς

115 465 178 511 τὴν
210 468 332 505 ἑαυτοῦ
351 468 522 521 θυγατέρα
542 468 601 506 καὶ
620 467 728 512 ξύλων
756 473 988 511 παντοδαπῶν
1006 473 1090 520 ὕλην
1111 477 1158 518 εἷς

115 516 178 569 τὴν
195 527 254 562 τοῦ
280 523 346 562 νεὼ
366 526 586 573 κατασκευὴν
605 527 818 580 ἐδωρησατο.
855 530 927 568 Καὶ
954 530 1157 583 Μένανδρος

115 579 150 617 δὲ
169 583 186 618 ὁ
206 582 434 634 Περγαμηνὸς
447 583 526 635 περὶ
542 586 609 622 τῶν
625 586 736 623 αὐτῶν
749 585 845 632 τὴν’
826 587 1028 639 αναγραφὴν
1044 588 1159 634 ἐποιή-

114 654 210 676 σατο.

167 700 335 735 Clemens
355 702 461 738 Alex.
479 703 551 740 Str.
571 704 587 738 I
599 716 664 751 ‚p.
688 708 776 748 140,
803 703 861 749 18,
881 705 1020 752 Sylb.:
1043 704 1153 757 Εἴρα-

114 772 176 805 μσς
192 756 254 803 τὴν
283 760 405 796 ἑαυτοῦ
437 759 607 811 θυγατέρα
625 761 813 810 Σαλομῶνι
841 761 961 799 δίδωσι
991 763 1069 799 καθ’
1101 762 1156 806 οὒς

112 813 256 866 χρόνους
273 814 362 865 μετὰ
381 814 444 862 τὴν
465 817 593 868 Τροίας
613 816 743 856 ἅλωσιν
766 810 947 856 Μενελάου
965 820 1012 862 εἷς
1032 820 1154 858 Φοινί-

113 887 177 919 κην
206 872 335 925 ἄφιξις,
367 872 414 917 ὥς
441 889 524 926 φησι
555 874 752 927 Μένανδρος
784 879 802 913 ὃ
834 876 1065 928 Περγαμηνος
1096 893 1155 915 και

112 932 241 974 Δαῖτος
260 933 294 969 ἐν
314 934 382 975 τοῖς
402 933 624 976 Φοινικικοῖς.

165 990 323 1032 Λαῒτος
339 990 352 1040 ]
378 992 554 1028 Tatianus
582 992 729 1036 Χαῖτος,
767 1005 828 1041 ap.
865 994 1001 1031 Euseb.
1035 997 1150 1044 vulgo

111 1044 264 1093 Ἄσιτος,
285 1050 351 1085 sed
373 1044 505 1091 Ἄδιτος
518 1051 605 1086 cod.
628 1052 668 1087 C.
693 1052 734 1086 E.
751 1052 794 1087 F.
814 1051 858 1088 G.
872 1052 904 1086 Ι.
924 1052 1149 1100 Gaisfordii;

117 1123 132 1139 ιι
156 1106 393 1153 ΑΔΙΤΟΣ,ἰ.
413 1121 448 1146 e.
466 1109 606 1154 Δαῖτος,
625 1109 820 1156 quomodo
831 1111 970 1158 legitur
978 1112 1019 1147 in
1031 1112 1148 1151 Clem.

117 1167 177 1204 Al.
197 1166 336 1204 strom.
357 1168 388 1202 I.
413 1183 428 1198 n
454 1165 562 1212 Gffd·
579 1189 631 1194 -—
648 1169 665 1203 ὁ
678 1165 753 1217 καὶ]
773 1169 826 1204 sic
842 1169 994 1215 Euseb.,
1011 1169 1070 1206 καὶ
1085 1172 1102 1207 ὃ
1115 1173 1154 1206 in

111 1225 282 1261 Tatiano.
303 1225 468 1273 Vulgatae
485 1226 632 1261 Tatiani
651 1227 814 1262 innitens
831 1227 1006 1263 lacunam
1025 1230 1155 1264 statuit

109 1283 257 1318 Jonsius
275 1284 323 1318 H.
345 1284 412 1331 ph.
436 1296 473 1331 p.
499 1283 588 1330 257.
609 1300 624 1318 (ι
643 1285 830 1332 Quoniam
851 1286 959 1321 Philo
977 1287 1151 1334 Byblius,

108 1341 178 1385 ait,
216 1342 554 1378 Sanchuniathonis
585 1343 805 1378 Phoenicum
847 1345 1074 1393 theologiam
1114 1347 1152 1381 in

108 1398 278 1434 Graecum
300 1400 443 1436 idioma
467 1402 675 1445 transtulit,
696 1409 732 1437 et
760 1402 806 1438 de
831 1403 1038 1439 illustribus
1063 1405 1153 1440 viris

108 1458 239 1493 itidem
251 1460 414 1508 scripsit,
427 1467 516 1495 teste
526 1460 630 1496 Suid.
647 1473 684 1495 v.
702 1458 838 1507 Φίλων,
850 1462 1152 1510 investigandum

108 1516 276 1562 ulterius,
291 1529 419 1552 annon
432 1518 533 1553 idem
549 1518 656 1553 Philo
669 1525 812 1554 ceteros
831 1531 984 1567 quoque
1000 1521 1148 1556 Phoeni-

111 1575 190 1611 cios
203 1577 407 1624 scriptores
424 1589 518 1624 quos
541 1578 665 1613 Laetus
678 1578 908 1613 transtulerit
921 1605 931 1625 ‚
953 1579 1004 1614 ita
1019 1586 1062 1614 ut
1081 1580 1153 1628 legi

109 1634 229 1680 possit
243 1635 369 1669 Loetus
388 1643 427 1669 et
442 1634 571 1678 Philo,
595 1638 658 1682 qui
679 1643 850 1671 accurate
867 1637 914 1671 de
927 1636 1154 1686 philosophis

108 1695 269 1740 scripsit.
294 1709 310 1725 n
346 1694 435 1739 Quae
460 1705 595 1742 parum
614 1694 783 1742 placent3
804 1701 904 1730 certe
921 1707 966 1730 ex
982 1696 1098 1732 Suida
1115 1710 1150 1735 v,

108 1749 230 1788 Φίλων
248 1752 443 1799 quomodo
464 1753 631 1788 Philonis
658 1752 704 1788 de
723 1753 960 1801 philosophis
976 1767 1072 1803 opus
1087 1757 1151 1791 eli-

110 1821 194 1845 cere
216 1810 358 1857 possis‚
374 1810 478 1846 haud
495 1822 685 1858 assequor.
707 1832 760 1838 —
782 1827 796 1842 κ
815 1812 992 1848 Diversus
1016 1814 1062 1849 ab
1079 1814 1152 1850 hoc

109 1870 214 1904 Laeto
229 1876 280 1904 est
294 1870 341 1915 Q.
363 1869 482 1905 AElius
499 1870 632 1915 Laetus,
648 1870 844 1918 praefectus
857 1871 926 1906 sub
941 1872 1151 1909 Commodo

107 1939 168 1975 ap.
188 1927 395 1963 Herodian.
410 1928 610 1965 Commod.
628 1942 660 1966 c.
678 1941 699 1964 2
714 1937 751 1965 et
763 1929 1023 1978 Lampridium
1040 1931 1151 1969 Com-

106 1985 212 2023 mod.
237 1998 270 2023 c.
290 1985 327 2021 5.
350 1988 492 2022 Laetum
516 1987 667 2036 AEgypti
689 1988 908 2036 praefectum
927 1989 994 2024 suh
1013 1990 1149 2026 Severo

106 2043 200 2091 imp.
220 2043 351 2079 laudat
364 2044 573 2080 Herodian.
593 2046 632 2080 in
649 2046 786 2081 Severo
801 2072 811 2090 ‚
825 2046 962 2084 Euseb.
979 2046 1025 2085 H.
1043 2049 1147 2083 Eccl.

110 2102 160 2137 VI
178 2130 188 2148 ,
223 2114 243 2136 2
262 2129 272 2146 ,
303 2101 510 2150 Nicephor.
527 2104 574 2140 H.
599 2104 702 2139 Eccl.
730 2105 783 2148 V,
808 2104 843 2140 3.
864 2121 879 2135 υ
902 2106 1058 2143 ,101151115
1075 2107 1100 2144 l.
1126 2108 1148 2143 l.

106 2162 136 2197 A
147 2157 189 2195 άϊ
200 2174 218 2195 τ
229 2174 271 2202 ος
283 2189 292 2205 ,
316 2161 490 2209 physicus
502 2189 512 2206 ,
534 2162 591 2198 bis
607 2170 837 2198 memoratur
850 2175 872 2199 a
890 2164 1090 2200 Plutarcho
1111 2166 1150 2200 in

107 2219 247 2266 Quaest.
277 2221 412 2257 Natur.
446 2233 478 2258 c.
503 2233 524 2256 2
549 2229 586 2257 et
611 2221 656 2266 6,
688 2235 728 2270 p.
765 2221 862 2258 1115
890 2230 927 2258 et
952 2235 1050 2268 1117
1083 2223 1145 2260 ed.

106 2275 235 2313 Didot.
264 2279 300 2313 Is
325 2277 481 2314 fortasse
501 2278 601 2315 idem
622 2281 686 2327 qui
712 2280 856 2316 Moschi
878 2281 1092 2329 theologica
1112 2289 1149 2318 et

105 2335 259 2383 physica
277 2337 478 2372 transtulit.

158 2395 178 2429 J
182 2407 242 2429 am
256 2395 360 2442 quod
374 2396 568 2432 Phoenices
578 2397 669 2432 istos
681 2398 887 2446 scriptores
895 2400 1041 2448 attinet,
1056 2411 1149 2446 quo-

104 2464 190 2487 rum
217 2465 333 2500 opera
351 2455 472 2489 Laetus
494 2466 614 2502 graeca
633 2454 741 2499 fecit,
766 2458 897 2492 Mocm
916 2459 1147 2493 mentionem

105 2509 247 2545 faciunt
270 2523 277 2545 :
301 2512 501 2548 Athenaeus
516 2514 572 2548 III
586 2539 595 2557 ‚
616 2525 657 2560 p.
682 2513 768 2558 126,
785 2516 817 2550 A
835 2515 902 2550 ubi
925 2528 934 2550 ε
951 2513 1058 2566 Παρὰ
1078 2519 1147 2557 τοῖς

106 2567 151 2602 τὰ
172 2567 358 2605 Φοινικικὰ
374 2569 593 2621 συγγράψασι
611 2569 837 2608 Σουνιαίθωνι
852 2570 910 2608 καὶ
929 2573 1052 2623 Μωχῷ
1069 2572 1145 2624 (sic)

105 2629 174 2667 τοῖς
199 2630 269 2668 σοῖς
303 2626 480 2676 (Ulpiani
518 2629 647 2678 Tyrii)
675 2627 844 2672 πολίταις.
869 2631 1003 2667 Strabo
1035 2633 1145 2678 XVI,

110 2696 136 2731 p
173 2683 245 2729 757
267 2696 277 2721 ε
299 2685 343 2722 Εἰ
364 2684 398 2722 δὲ
418 2685 467 2723 δεῖ
483 2685 704 2738 Ποσειδωνίῳ
724 2690 929 2734 πιστεῦσαι,
943 2687 1002 2725 καὶ
1016 2687 1054 2726 τὸ
1069 2660 1145 2740 περς

109 2748 179 2783 τῶν
202 2745 340 2796 ἀτόμων
362 2747 475 2799 δόγμα
498 2749 646 2788 παλαιὸν
667 2749 759 2788 ἐστὶν
787 2750 905 2803 ἀνδρὸς
932 2751 1148 2790 Σιδωνίου

105 2804 240 2855 Μώχου
258 2808 321 2850 (sic
339 2809 450 2844 codd.
464 2811 651 2858 plerique.
670 2811 872 2847 Tzschuck.
889 2811 950 2847 ed.
966 2809 1146 2861 Μόσχος),

108 2862 176 2914 πρὸ
189 2865 256 2900 τῶν
270 2865 438 2916 Ἰρωϊκῶν
455 2865 587 2917 χρόνων
599 2866 788 2917 γεγονότος.
801 2870 915 2918 Diog
920 2871 963 2907 L.
982 2870 1144 2908 Ριοοειῃ.

112 2935 126 2958 1
152 2935 160 2958 :
181 2920 234 2960 Τὸ
250 2923 309 2967 τῆς
327 2923 562 2975 φιλοσοφίας”
543 2939 641 2977 εργον
658 2925 740 2963 ἔνιοί
757 2940 858 2978 φασιν
874 2925 943 2964 ἀπὸ
959 2925 1145 2978 βαρὸάρων

107 2973 207 3018 ειναι.
234 2979 414 3019 .Φοίνικά
443 2997 479 3019 τε
510 2984 665 3031 γενέσθαι
696 2978 814 3035 Ὠχον
838 2985 933 3035 (scr.
965 2986 1097 3036 Μῶχον
1114 2984 1144 3036 ),

105 3037 165 3075 καὶ
184 3011 311 3090 Ορᾷκα
341 3039 514 3088 Ζάμολξιν
535 3041 593 3078 καὶ
625 3041 731 3080 Λίὸον
751 3041 938 3083 Ἄτ.λαντα
967 3046 1063 3080 Hinc
1083 3057 1148 3080 sua

102 3098 218 3133 habet
237 3098 369 3134 Suidas
381 3112 414 3134 v.
435 3099 557 3149 Ωχος.
579 3102 757 3137 Praeterea
774 3104 928 3138 Mochus
944 3104 1042 3139 inter
1058 3103 1147 3139 Φοι-

103 3157 241 3193 νικικῶν
266 3164 438 3193 auctores
457 3166 671 3194 recensetur
686 3173 747 3208 ap.
768 3163 787 3196 J
792 3162 919 3209 oseph.
938 3163 1027 3198 Ant.
1051 3163 1070 3197 J
1075 3162 1141 3199 ud.

102 3266 269 3305 acciderit,
295 3268 326 3299 et
349 3268 511 3300 Menelaus
531 3268 563 3300 in
590 3269 772 3301 Phoenicien
797 3271 936 3311 venerit;
961 3271 1143 3312 ibidemque

102 3322 274 3352 narrantur
297 3329 347 3352 res
359 3321 472 3360 lrami,
498 3321 554 3362 qui
576 3322 736 3353 Salomoni
753 3323 940 3355 Judaeorum
966 3325 1029 3364 regi
1045 3324 1142 3355 filiam

102 3379 195 3404 suam
208 3371 239 3402 in
252 3371 492 3403 matrimonium
506 3372 693 3412 collocavit,
710 3374 742 3404 et
759 3382 854 3404 omne
869 3383 968 3413 genus
986 3375 1143 3415 lignorum

102 3421 143 3453 ad
161 3422 409 3454 exstructionem
439 3423 549 3463 templi
580 3423 721 3455 donavit.
750 3427 796 3456 Ac
822 3425 994 3457 Menander
1015 3434 1143 3466 quoque

103 3475 314 3514 Pergamenus
332 3474 372 3507 de
393 3474 504 3507 iisdem
518 3475 611 3508 rebus
622 3475 834 3508 narrationem
849 3475 995 3509 instituit.

837 268 1546 323 LAOSTHENIDAE,LEOCR1NIS,

1216 364 1307 411 13,
1332 376 1373 411 9,
1403 372 1441 400 et
1465 377 1511 401 ex
1540 379 1585 402 eo
1615 380 1679 416 ap.
1710 370 1846 405 Euseb.
1878 371 1921 408 P.
1950 373 1993 408 F..
2024 386 2064 422 p.
2098 375 2186 422 415,
2210 379 2259 423 Ι),

1216 420 1379 468 Syncell.
1395 435 1435 470 p.
1454 423 1518 471 43,
1537 425 1584 470 A,
1604 424 1758 463 Cedren.
1772 440 1812 476 p.
1839 441 1878 464 11
1901 429 1912 477 (
1933 442 1968 467 v.
1988 443 2100 480 supra
2122 436 2261 471 Histiaei

1217 477 1261 515 fr.
1299 478 1359 527 2).
1391 481 1565 517 Ceterum
1597 495 1641 519 ex
1670 485 1850 533 Diogenis
1877 494 1916 522 et
1943 489 2138 528 Strabonis
2166 494 2261 530 locis

1217 538 1372 586 colligas
1389 539 1435 574 de
1448 541 1589 577 Mocho
1606 542 1740 578 eodem
1756 543 1832 580 sere
1845 546 1962 582 modo
1977 559 2020 583 ac
2035 548 2082 585 de
2095 550 2261 587 Sanclio-

1216 596 1395 632 niathone
1415 599 1652 635 statuendum
1672 613 1763 637 esse.

1270 655 1325 690 De
1355 657 1590 692 HYrsmnA‘m
1609 665 1645 694 et
1667 660 1876 696 Tnnonoro
1893 662 2113 700 Phoenicum
2133 666 2261 715 lingua

1214 724 1273 747 res
1287 725 1419 749 eorum
1436 715 1670 752 tradentibus
1688 718 1842 754 aliunde
1857 732 1935 755 non
1951 729 2096 758 constat
2108 749 2119 768 ,
2135 735 2179 759 ac
2196 738 2259 761 ve·

1215 769 1408 807 hementer
1426 784 1562 808 vereor
1576 786 1624 809 ne
1639 775 1696 810 his
1714 776 1834 811 subsit
1846 789 1966 816 error.
1983 799 2033 806 -—-
2047 781 2104 816 De
2119 783 2260 831 Hypsi-

1215 836 1316 864 crate
1340 831 1516 867 Amiseno
1544 837 1756 884 συγγραφεῖ,
1791 835 1880 872 vide
1899 844 1980 874 not.
2001 838 2049 874 ad
2079 839 2256 878 strabon.

1214 885 1346 935 fragm.
1370 888 1435 934 13,
1457 896 1548 927 tom.
1570 891 1639 936 111,
1661 904 1699 939 p.
1725 892 1816 941 493.

1621 1035 1836 1051 ——-··-·-—-

1267 1129 1510 1167 LAMISCUS
1538 1130 1719 1169 SAMIUS
1733 1160 1743 1178 ,
1766 1134 2004 1186 συγγραφεὺς,
2026 1139 2259 1175 memoratur

1213 1187 1315 1235 apud
1342 1188 1597 1236 Palaephatum
1627 1203 1667 1239 p.
1698 1191 1774 1228 268
1801 1193 1863 1229 ed.
1895 1196 2012 1232 West.
2040 1196 2135 1233 Vide
2160 1197 2256 1234 infra

1213 1244 1344 1293 fragm.
1360 1245 1507 1283 Melissi.

1628 1373 1837 1387 ἢσθιον-

1444 1478 2019 1540 LAOSTHENIDAS.

1265 1614 1458 1651 Diodorus
1480 1617 1523 1661 V,
1545 1615 1609 1665 80,
1633 1619 1672 1661 4,
1691 1616 1738 1652 de
1752 1618 1984 1664 auctoribus,
2001 1631 2098 1667 quos
2111 1620 2150 1655 in
2166 1619 2255 1658 Cre·

1212 1673 1294 1708 ticis
1313 1673 1387 1716 suis
1405 1680 1549 1709 secutus
1561 1675 1623 1719 sit,
1643 1675 1801 1722 loquens
1824 1687 1832 1713 :
1854 1676 1936 1718 Τοῖς
1951 1674 2018 1727 γὰρ
2038 1675 2082 1713 τὰ
2098 1674 2259 1715 πιθανώέ

1213 1745 1296 1781 τερα
1321 1730 1481 1780 λέγουσι,
1503 1733 1568 1777 ait,
1590 1731 1650 1769 καὶ
1667 1731 1820 1781 μάλιστα
1847 1733 2105 1783 πιστευομένοις
2124 1736 2253 1782 ἐπηκο-

1210 1787 1441 1838 λουθήσαμεν,
1455 1788 1477 1826 ἃ
1492 1789 1554 1838 μὲν
1566 1789 1772 1842 Ἐπιμενίδῃ
1787 1793 1836 1843 τῷ
1844 1791 1992 1844 Θεολόγῳ
2006 1793 2252 1845 προσσχόντες,

1214 1845 1236 1882 ἃ
1257 1845 1291 1883 δὲ
1312 1846 1477 1898 Δωσιάδῃ
1498 1847 1558 1884 καὶ
1574 1847 1791 1900 Σωσικράτει
1817 1849 1876 1887 καὶ
1898 1850 2114 1903 Λαοσθενίδᾳ
2132 1854 2142 1902 (
2162 1855 2255 1889 Lao·

1210 1906 1398 1942 sclzernicle
1406 1907 1607 1956 Poggius).
1623 1929 1676 1935 —-
1688 1909 1851 1946 Aliunde
1863 1909 1909 1946 de
1928 1923 1974 1946 eo
1993 1923 2069 1946 non
2091 1919 2251 1948 constat.

1211 1964 1433 2001 Lasthenem
1451 1966 1618 2001 nobilem
1642 1967 1875 2014 Cretensem,
1894 1969 1959 2016 qui
1983 1971 2166 2006 Demetrii
2183 1971 2254 2006 Ni·-

1211 2024 1348 2059 catoris
1390 2025 1400 2073 (
1415 2026 1599 2060 Demetrii
1630 2026 1771 2062 Soteris
1799 2026 1850 2075 f.)
1881 2028 2113 2065 consiliarius
2153 2029 2246 2074 fuit,

1209 2083 1383 2118 novimus
1402 2095 1446 2118 ex
1464 2084 1630 2132 Josepho
1652 2086 1739 2122 Ant.
1761 2085 1849 2123 Jud.
1868 2086 1980 2131 XIII,
1998 2090 2017 2129 4
2033 2113 2043 2132 ,
2060 2086 2099 2135 3,
2113 2094 2151 2123 et
2161 2089 2253 2124 Dio-

1211 2140 1308 2176 doro
1325 2141 1522 2187 XXXIII,
1546 2147 1591 2187 43
1612 2142 1705 2187 XL,
1725 2156 1739 2178 1
1755 2169 1767 2188 ,
1787 2143 1823 2178 3.

1621 2271 1828 2286 “ooo-—

1514 2371 1934 2430 LEOCRINES.

1260 2509 1382 2556 Etym.
1397 2510 1448 2544 M.
1450 2521 1516 2567 p.
1539 2507 1636 2554 515,
1659 2521 1707 2544 20
1731 2522 1769 2543 v.
1799 2507 1916 2559 Κρίσα
1941 2522 1950 2544 :
1983 2508 2184 2560 Λεωκρίνης
2212 2507 2248 2546 δὲ

1206 2566 1342 2637 ἡγεῖται
1360 2564 1419 2602 δύο
1439 2568 1525 2602 εἶναι
1545 2565 1679 2612 πόλεις,
1701 2566 1810 2612 ἄλλην
1830 2565 1892 2612 τὴν
1911 2567 2045 2618 Κρῖσαν
2060 2581 2120 2604 και
2139 2565 2250 2612 ἄλλην

1209 2622 1270 2668 τὴν
1292 2623 1440 2676 Κίρραν.
1461 2623 1666 2662 Ἀντίκειται
1685 2624 1750 2661 δὲ
1738 2624 1804 2661 υπὸ
1826 2625 1976 2662 πολλῶν·
1997 2623 2073 2662 οὔτε
2095 2623 2161 2676 γὰρ
2179 2626 2248 2662 τῶν

1209 2682 1420 2734 γεωγράφων
1441 2676 1517 2719 εἰπέ
1539 2698 1589 2724 τις
1615 2682 1731 2726 πόλεις
1757 2684 1817 2720 δύο
1837 2682 2040 2735 διαφόρους,
2074 2683 2153 2720 ἀλλ’
2172 2682 2248 2721 οὐδὲ

1207 2742 1274 2778 τῶν
1294 2743 1527 2792 περιηγητῶν·
1549 2739 1650 2790 μόνος
1666 2739 1702 2778 δὲ
1713 2740 1811 2785 αὐτὸς
1824 2773 1833 2791 ,
1854 2741 1912 2779 καὶ
1933 2744 2032 2779 τοῦτο
2051 2741 2094 2779 δι’
2110 2740 2248 2793 ἄγνοιαν

1208 2797 1267 2835 καὶ
1293 2798 1493 2848 ἷδιωτισμὸν
1514 2802 1572 2837 τοῦ
1593 2799 1734 2843 πάθους·
1755 2798 1829 2838 ὅθεν
1850 2799 2005 2851 ἱστορίαν
2034 2798 2152 2838 δίδωσι
2181 2800 2249 2837 διε·

1206 2856 1418 2908 ψευσμένην,

1245 3273 1370 3304 lramus
1382 3263 1481 3303 filiam
1493 3279 1584 3303 suam
1597 3270 1759 3303 Salomoni
1771 3270 1906 3303 elocavit
1916 3295 1924 3310 ‚
1940 3280 2004 3311 quo
2019 3272 2164 3311 tempore
2175 3273 2246 3312 post

1205 3322 1311 3362 Troiae
1332 3322 1492 3354 excidium
1506 3322 1667 3354 Menelaus
1680 3322 1712 3353 in
1730 3322 1899 3354 Phoenicen
1923 3323 2009 3354 venit
2020 3346 2028 3360 ‚
2049 3324 2085 3354 ut
2113 3323 2158 3354 ait
2176 3325 2246 3355 Me*

1204 3374 1325 3406 nander
1336 3377 1549 3413 Pergamenus
1563 3374 1596 3405 et
1610 3375 1715 3405 Laetus
1727 3375 1760 3405 in
1778 3374 1913 3406 Historia
1927 3374 2124 3405 Phoenicum.

1244 3426 1458 3458 —Leocrines
1467 3425 1548 3458 duos
1558 3426 1669 3457 statuit
1682 3425 1774 3458 urbes
1786 3434 1864 3465 esse,
1878 3426 2010 3457 alteram
2024 3426 2158 3465 Crisam,
2171 3428 2244 3458 aut·-

1205 3487 1270 3510 ram
1286 3478 1440 3512 Cirrham.
