2372 3704
950 198 1297 251 FRAGMENTA.
2128 228 2204 262 579

53 306 122 351 κὼς
137 308 186 360 τῷ
202 305 255 346 Νέ
278 320 351 343 ωνι·
370 305 429 343 καὶ
445 303 511 357 γὰρ
523 304 565 352 δὴ
579 305 639 343 καὶ
659 299 755 350 οὗτος
765 299 827 358 ᾖδε
843 304 928 358 πρὸς
947 306 1103 358 κιθάραν,

52 365 178 418 Νέρων
187 380 223 403 τε
232 321 320 403 εἶξαι
331 362 539 414 ἐπλάττετο,
550 362 612 402 καὶ
627 362 894 417 διαπεφευγέναι
905 363 1017 403 πάλαι
1027 363 1105 409 τοὺς

55 425 110 462 ἐπ’
132 423 235 462 αὐτὸν
253 421 442 466 σταλέντας
460 420 698 475 στρατιώτας,
721 423 756 460 ἐν
774 423 898 475 ἀφανεῖ
915 421 952 460 δέ
967 437 1034 461 που
1048 438 1106 461 πε-

53 485 220 530 ποιῆσθαι
232 481 294 526 τὰς
313 479 492 533 διατριὸὰς
508 481 541 524 ἐς
559 479 649 519 τόδε.
671 479 830 524 Πολλοὺς
844 483 926 533 γοῦν
939 480 977 519 ἔκ
993 497 1029 519 τε
1043 484 1105 528 τ’ῆς

54 541 151 582 κάτω
169 540 286 585 Ἀσίας
305 539 437 584 τούτοις
456 538 645 587 ἀπατήσας
662 545 732 584 τοῖς
751 539 885 591 λόγοις,
908 538 1052 579 ἕπεσθαί
1071 542 1104 579 οἱ

55 599 250 648 ἀνέπεισεν,
263 599 323 638 καὶ
340 598 398 637 ἐπὶ
415 597 473 636 τὸν
490 598 678 652 Εὐφράτην
692 597 822 651 προϊὼν
836 599 956 651 πολλῷ
968 598 1106 644 πλείους

53 658 348 713 προσεποιήσατο.
371 657 482 701 Τέλος
499 657 583 710 πρὸς
601 657 823 710 Παρθυαίους
836 688 846 706 ,
868 659 914 702 ὡς
931 657 992 696 καὶ
1012 659 1105 711 ὄφει-

52 717 203 769 λομένης
220 718 312 770 αὐτῷ
333 730 418 769 προς
441 714 581 754 ἐκείνων
610 715 760 766 ἀμοιὸης
777 731 865 760 τινος
885 716 941 755 διὰ
962 715 1024 763 τὴν
1045 733 1106 764 της

54 776 235 830 Ἀρμενίας
248 775 428 823 ἀπόδοσιν,
443 773 719 827 κατέφυγεν.οὖ
736 775 805 826 μὴν
816 774 909 820 ἄξιόν
919 791 952 814 τι
962 777 1022 822 τῆς
1034 777 1107 814 ἔπι-

52 836 146 881 νοίας
161 834 362 889 εἰργάσατο,
378 831 468 873 ἀλλὰ
479 832 647 886 φωραθεὶς
661 828 727 877 ὃς’
706 850 763 885 ην,
781 834 915 886 ταχέως
930 832 1104 874 ἀπώλετο.

535 909 622 948 105.

107 1000 207 1039 lbid.
230 1013 270 1049 p.
292 1011 338 1046 27
358 997 457 1038 :⁰022
477 998 615 1036 πολλῶν
641 998 779 1049 ἀγαθῶν
799 997 901 1035 ἕνεκα
926 997 1015 1049 πέρα
1039 1000 1100 1036 τοῦ

54 1057 220 1104 συνήθους
239 1056 324 1109 πρὸς
337 1055 479 1094 πάντων
495 1054 706 1106 ποθούμενός
719 1071 757 1093 τε
774 1055 834 1094 καὶ
848 1055 1106 1106 θαυμαζόμενος

53 1115 144 1170 νόσῳ
163 1117 307 1169 τελευτᾷ
337 1114 396 1154 τὸν
429 1114 502 1167 βίον
530 1113 682 1188 προστὰς
704 1116 765 1160 τ’ἧς
794 1113 978 1188 ἡγεμονίας
1008 1113 1105 1152 Ῥω-

55 1174 168 1225 μαίων
191 1174 222 1227 β’
241 1174 301 1221 ἔτη
319 1173 405 1227 πρὸς
419 1172 525 1224 μησὶν
541 1173 589 1219 η’.
605 1172 731 1224 Γέγονε
754 1171 817 1222 μὲν
833 1165 892 1210 ουν
907 1173 1048 1216 πολλοῖς
1066 1173 1104 1211 οὖ

56 1232 115 1271 διὰ
132 1239 259 1286 μικρᾶς
271 1231 434 1276 ὖπονοίας
448 1231 735 1270 ε’πιὸουλευθέντα
751 1230 812 1281 μὲν
830 1230 914 1283 πρὸς
927 1233 997 1269 τοῦ·
1004 1231 1105 1269 ἀδελ-

55 1295 120 1345 φοῦ
137 1289 358 1339 τεθνηκέναι,
375 1290 482 1342 λαγὸν
496 1289 713 1328 θαλάσσιον’
699 1304 733 1327 εν
748 1288 876 1342 δείπνῳ
892 1287 958 1326 τινὶ
977 1303 1103 1340 προσε-

54 1350 279 1402 νεγκάμενον.
303 1348 404 1389 Φασὶ
423 1348 458 1387 δὲ
478 1362 655 1402 προειπειν
675 1348 770 1400 αὐτῷ
789 1346 847 1385 τὸν
861 1344 1104 1394 Ἀπολλώνιον,

57 1409 291 1463 φυλάττεσθαι
307 1408 462 1459 μάλιστα
475 1406 537 1455 τὴν
553 1406 622 1445 ἀπὸ
638 1408 707 1445 τῶν
723 1405 946 1445 οἰκειοτάτων
963 1404 1105 1444 ἐπιδου-

54 1468 119 1516 λὴν
132 1498 143 1516 ,
162 1472 222 1507 τοῦ
238 1467 273 1506 δὲ
287 1466 470 1520 ἐρομένου,
483 1484 498 1500 «
517 1468 759 1517 ἀποθανοῦμαι
776 1464 811 1503 δὲ
827 1464 903 1503 τίνα
919 1464 1048 1517 τρόπον
1066 1482 1103 1512 ν,
1093 1480 1101 1488 ·

56 1529 166 1566 εἰπεῖν
184 1527 242 1566 τὸν
263 1524 505 1566 Απολλώνιον·
536 1542 551 1558 «
578 1524 615 1562 ὅν
631 1540 670 1576 γε
705 1522 895 1567 Ὀδυσσεὺς
913 1524 1052 1573 λέγεται
1069 1539 1103 1558 »-

55 1585 140 1640 φασὶ
157 1583 225 1638 γὰρ
248 1583 398 1637 κάκείνῳ
418 1585 457 1622 ἔκ
476 1582 651 1630 θαλάττης
670 1581 855 1635 ἀφικέσθαι
868 1581 925 1620 τὸν
946 1581 1103 1620 θάνατον.

58 1643 159 1684 Φασὶ
181 1643 216 1682 δὲ
248 1641 331 1697 [ὅτι
349 1641 588 1693 Δομετιανὸς]
617 1640 720 1678 αὐτὸν
743 1639 794 1678 ἔτι
825 1639 977 1691 ἔμπνουν
998 1639 1082 1679 ὄντα
1094 1670 1104 1688 ,

55 1703 116 1742 καὶ
134 1702 239 1755 τυχὸν
260 1701 543 1754 περιγενόμενον,
561 1701 593 1743 ἐς
602 1699 760 1753 λάρνακα
776 1698 894 1750 πλήρη
914 1698 1027 1750 χιόνος
1043 1700 1106 1748 ἐμ-

56 1761 200 1812 6αλὼν,
220 1764 266 1805 ὡς
286 1760 328 1799 ἂν
348 1764 469 1799 θᾶττον
491 1759 560 1797 ἀπὸ
579 1758 711 1812 ψύχους
731 1757 906 1805 ἐκλείποι,
929 1757 1030 1800 αὐτὸς
1046 1755 1105 1795 ἐπὶ

55 1819 119 1868 τὴν
137 1819 282 1871 Ῥώμην
296 1818 590 1871 παραληψόμενος
599 1817 661 1865 τὴν
677 1816 887 1869 βασιλείαν’
869 1816 1101 1869 αφίππευσεν.

54 1879 140 1919 Ὄδ’
156 1873 214 1919 ουν
231 1878 334 1923 Τίτος
349 1879 580 1938 ψυχορραγῶν
593 1875 698 1924 ’ᾔδη’
680 1891 744 1929 εφη
762 1894 777 1910 ει
792 1875 827 1913 ἓν
843 1874 946 1925 μόνον
964 1876 1106 1925 ἐπλημ-

59 1938 209 1989 μέλησα·
232 1954 248 1972 n
265 1937 306 1976 τὸ
325 1936 361 1975 δὲ
382 1936 414 1974 τί
430 1951 531 1975 τουτο
547 1939 608 1984 ἠν,
623 1935 725 1979 αὐτὸς
745 1934 807 1984 μὲν
824 1936 862 1973 οὐ
884 1934 1105 1987 διεσάφησεν·

56 1998 88 2035 οἳ
105 1995 142 2034 δὲ
163 1995 331 2047 παρόντες
350 1996 384 2039 ἐς
397 1993 455 2033 τὸν
484 1993 697 2044 Δομετιανὸν
726 1994 789 2032 οὐκ
816 1992 881 2038 ἔξω
900 1996 959 2031 τοῦ
980 1993 1108 2037 εἰκότος

57 2055 250 2093 ἀποτείνειν
280 2052 503 2104 ἐλογίσαντο,
523 2051 575 2090 ὅτι
614 2051 717 2090 αὐτὸν
747 2051 1043 2090 ἐπιδουλεύσαντά
1076 2053 1107 2090 οἱ

56 2113 225 2156 πολλάκις
243 2111 364 2150 λαὸὼν
403 2114 552 2162 μεθῆκε,
572 2110 632 2149 καὶ
659 2109 875 2162 περιέμεινεν
907 2109 1009 2153 αὐτὸς
1046 2110 1106 2147 ὑπ’

57 2171 189 2211 ἐκείνου
212 2171 464 2224 διαφθαρῆναι,
485 2169 546 2207 καὶ
564 2168 627 2216 τὴν
648 2168 760 2221 ἀρχὴν
792 2169 838 2211 εἷς
861 2167 970 2218 ἄνδρα
1000 2166 1108 2205 κακὸν

58 2230 119 2269 καὶ
136 2229 358 2282 ἀνοσιουργὸν
376 2229 581 2281 περιελθεῖν.

1512 324 1857 366 ΔΟΜΕΤΙΑΝΟΣ.

1648 414 1732 452 106.

1218 483 1309 520 Exc.
1330 486 1387 521 De
1406 487 1492 523 virt.
1508 499 1547 535 p.
1566 486 1674 533 817:
1696 485 1778 525 Οτι
1793 490 2210 542 Δομετιανοςοβασιλευς

1166 539 1368 591 Ῥωμαίων,
1386 542 1530 595 ἀδελφὸς
1545 543 1653 583 Τίτου
1670 543 1843 597 νεώτερος,
1863 546 2000 598 Νέρωνι
2016 547 2075 586 καὶ
2099 551 2210 588 Καλι-

1164 597 1252 652 γόλα
1271 598 1331 637 καὶ
1350 599 1524 654 Τιὸερίῳ,
1545 604 1614 645 τοῖς
1636 602 1802 655 αἴσχιστα
1822 619 1882 642 και
1902 606 2102 657 φαυλότατα
2119 623 2210 660 προ-

1165 661 1267 695 στᾶσι
1293 673 1355 704 της
1375 658 1582 710 ἡγεμονίας,
1601 659 1692 713 ἤπερ
1710 664 1759 714 τῶ
1785 662 1892 714 πατρὶ
1911 662 1970 700 καὶ
1994 680 2044 716 τῳ
2071 666 2209 720 ἀδελφῶ

1167 717 1383 768 προσεοικὼς
1411 718 1469 757 τὸν
1497 719 1638 772 τρόπον.
1673 720 1840 774 Μετρίοις
1859 721 1926 774 γὰρ
1957 722 1999 769 δὴ
2021 726 2082 771 τῆς
2102 725 2212 777 ἀρχῆς

1165 775 1356 827 προοιμίοις
1374 778 1596 830 χρησάμενος
1607 809 1617 829 ,
1636 778 1733 823 εὐθὺς
1750 782 1798 824 εἰς
1813 781 1957 819 πλείονά
1970 797 2008 820 τε
2024 782 2120 820 mi*
2098 798 2211 822 ατοπα

1166 835 1229 880 τῆς
1259 835 1401 886 γνώμης
1436 837 1598 876 ἐκπίπτει
1620 839 1925 890 μειονεκτήματα,
1941 840 2141 886 πλεονεξίαν
2173 858 2213 881 τε

1165 894 1275 930 νοσῶν
1300 892 1449 948 ἄμετρον
1477 895 1537 934 καὶ
1558 897 1762 949 ἀσέλγειαν,
1785 901 1895 946 θυμου
1915 914 1953 937 τε
1984 898 2186 951 ἀκρατὴς*
2164 916 2212 939 ων

1165 950 1225 989 καὶ
1246 952 1485 1005 ἀπαραίτητος
1509 971 1544 993 εν
1573 961 1648 1001 ταῖς
1673 956 2150 1010 κολάσεσι,<ριλαπεχθήμιο)ν
2174 975 2211 997 τε

1164 1009 1224 1048 καὶ
1241 1010 1449 1065 φιλάργυρος
1469 1015 1498 1051 εἰ
1529 1013 1590 1052 καί
1614 1029 1665 1058 τις
1686 1013 1811 1088 ἕτερος,
1836 1015 1986 1067 Ταχέως
2015 1019 2097 1068 γοῦν
2129 1017 2214 1069 πρὸς

1165 1067 1329 1108 ἁπάντων
1351 1073 1450 1121 μῖσος
1466 1071 1717 1124 ἐφειλκύσατο,
1734 1075 1782 1116 ὡς
1799 1072 1839 1111 τό
1855 1089 1893 1112 τε
1906 1076 1966 1112 τοῦ
1988 1075 2138 1127 ἀδελφοῦ
2153 1075 2213 1114 καὶ

1164 1131 1224 1165 τοῦ
1244 1128 1374 1180 πατρὸς
1394 1129 1590 1169 ἀποσὸέσαι
1605 1130 1714 1175 κλέος.
1736 1133 1897 1184 Σφαγαῒς
1921 1148 1954 1170 τε
1971 1132 2039 1185 γὰρ
2056 1136 2124 1172 τῶν
2142 1149 2213 1172 επι·

1166 1202 1287 1236 σημων
1307 1190 1368 1235 τῆς
1389 1190 1516 1241 βουλῆς
1535 1190 1685 1238 ἑκάστης
1703 1192 1838 1244 ἡμέρας
1855 1191 1988 1242 ἐμίαινε
2007 1191 2070 1239 τὴν
2086 1192 2209 1243 πόλιν,

1164 1244 1225 1288 τάς
1245 1261 1281 1284 τε
1301 1245 1377 1290 ἴσας
1395 1253 1464 1291 τοῖς
1480 1248 1652 1300 κρείττοσι
1669 1249 1894 1300 μεταδιώκων
1909 1249 2029 1300 τιμὰς,
2046 1253 2110 1303 οὐχ
2125 1252 2212 1290 ὑπέ·

1165 1318 1278 1352 μεινεν
1300 1305 1425 1357 ἑτερων
1443 1307 1538 1359 αὖτῳ
1557 1306 1711 1358 γίνεσθαι
1734 1307 1824 1346 κατὰ
1844 1323 1882 1346 το
1907 1309 2170 1347 Καπιτώλιον’
2151 1325 2211 1348 αν-

1165 1361 1331 1415 δριάντων
1353 1363 1474 1402 στάσιν
1493 1363 1552 1411 ἢ’
1538 1381 1576 1403 εκ
1594 1381 1726 1418 χρυσου
1741 1382 1777 1404 τε
1798 1383 1858 1406 και
1879 1366 2030 1420 ἀργύρου
2057 1384 2209 1415 πεποιη-

1165 1419 1291 1469 μένων.
1309 1421 1497 1474 Ἀπέσχετο
1515 1421 1551 1461 δὲ
1561 1423 1637 1462 οὐδὲ
1656 1428 1714 1462 τοῦ
1724 1426 1792 1462 τῶν
1810 1427 1983 1498 συγγενῶν
2001 1424 2120 1478 φόνου,
2135 1426 2213 1464 ἀλλ’

1164 1478 1364 1523 ἐπιπάντας
1381 1479 1458 1524 τους
1470 1481 1527 1534 ἀφ’
1545 1479 1693 1532 αἵματος
1708 1481 1770 1529 τὴν
1795 1482 1935 1521 ἀνοσίαν
1955 1483 2066 1535 ἤγαγε
2083 1483 2212 1536 δεξιὰν,

1165 1535 1242 1575 οὔτε
1259 1537 1354 1582 θεους
1371 1538 1570 1590 ὁμογνίους,
1592 1539 1670 1578 οὔτε
1689 1539 1786 1588 δίκην
1804 1541 2015 1592 αἰδούμενος,
2033 1542 2110 1580 ἀλλ’
2126 1545 2213 1593 ὁμοῦ

1164 1595 1209 1633 τά
1224 1612 1261 1634 τε
1278 1599 1352 1635 θεια
1372 1600 1585 1650 περιφρονῶν
1605 1598 1664 1636 καὶ
1682 1598 1726 1637 τὰ
1741 1599 1952 1652 ἀνθρώπινα.

1650 1701 1733 1734 107.

1219 1759 1309 1795 Exc.
1328 1759 1385 1794 De
1404 1758 1475 1795 ins.
1491 1770 1532 1805 p.
1551 1757 1600 1794 28
1622 1770 1631 1796 :
1651 1755 1735 1795 “On
1753 1756 1882 1795 ἅπασιν
1897 1760 1914 1795 ὃ
1932 1758 2142 1809 Δομετιανὸς
2159 1758 2216 1797 διὰ

1165 1812 1205 1851 τὸ
1224 1813 1362 1867 φονικὸν
1380 1813 1441 1852 καὶ
1461 1815 1625 1865 θηριῶδες
1640 1817 1701 1862 τῆς
1721 1815 1862 1866 γνώμης
1878 1815 2035 1869 ἔχθιστος
2051 1816 2118 1865 ὢν,
2131 1817 2216 1871 πρὸς

1165 1874 1234 1910 τῶν
1280 1872 1414 1911 οἰκείων
1450 1873 1650 1911 συστάντων
1689 1877 1745 1912 ἐπ’
1784 1877 1880 1927 αὐτῷ
1925 1876 2189 1914 κατακτείνεται
2203 1907 2214 1925 ,

1166 1931 1193 1969 ε’
1213 1931 1273 1969 καὶ
1282 1930 1469 1983 λ’γενονὼς
1488 1931 1560 1979 ἔτη,
1580 1931 1684 1984 ἄρξας
1695 1932 1730 1970 δὲ
1750 1933 1802 1971 ιε’.
1821 1932 1872 1972 Τό
1890 1948 1929 1983 γε
1947 1934 2015 1983 μὴν
2030 1935 2133 1984 σῶμα
2154 1939 2213 1974 τοῦ

1167 1991 1288 2044 ἀνδρὸς
1317 1991 1383 2030 ὑπὸ
1417 1995 1486 2030 τῶν
1524 1992 1743 2043 ἀτιμοτάτων
1769 1997 1830 2040 τῆς
1862 1993 1995 2038 πόλεως
2025 1993 2213 2047 ἀφορηθὲν,

1168 2051 1296 2104 ἀσήμῳ
1312 2067 1349 2090 τε
1366 2051 1424 2089 καὶ
1441 2053 1589 2104 ἀπρεπεῖ
1606 2052 1780 2104 παρεδόθη
1803 2056 1911 2105 ταφῇ.
1936 2053 2213 2092 Ἐπιὲουλεῦσαι

1168 2109 1204 2148 δὲ
1224 2110 1379 2160 μάλιστα
1399 2109 1510 2162 τούτῳ
1533 2109 1590 2148 τὸν
1625 2110 1725 2163 φόνον
1763 2111 1955 2164 Παρθένιόν
1978 2127 2016 2149 τε
2050 2111 2111 2150 καὶ
2147 2113 2210 2150 Σι-

1167 2167 1272 2220 γηρὸν
1286 2167 1364 2212 τοὺς
1379 2167 1581 2220 προκοίτους
1599 2168 1659 2207 καὶ
1675 2168 1864 2209 Ἔντελλον
1891 2169 1947 2207 τὸν
1973 2170 2017 2207 τὰ
2044 2173 2104 2217 τῆς
2133 2172 2208 2222 ἀρ·-

1133 2244 1139 2259 v·
1167 2229 1235 2278 χῆς
1258 2227 1422 2264 διέποντα
1441 2226 1608 2278 βιὸλίδια·
1629 2227 1708 2266 οὔτε
1733 2231 1794 2275 τῆς
1808 2227 1980 2278 Δομετίας
1999 2231 2059 2275 τῆς
2078 2231 2138 2267 τοῦ
2153 2244 2212 2266 τυ-

58 2343 170 2375 τούτου
189 2343 242 2374 καὶ
256 2343 274 2374 ὁ
287 2341 493 2383 Ψευδονέρων
508 2341 604 2381 ἐφάνη
615 2364 623 2379 ,
645 2341 677 2377 ὃς
691 2340 828 2376 Ἀσιανὸς
845 2339 883 2379 ἦν
893 2363 902 2378 ,
923 2339 1063 2371 ἐκαλεῖτο
1079 2339 1112 2371 δὲ
1126 2339 1283 2380 Τερέντιος
1298 2338 1456 2380 Μάξιμος,
1473 2340 1667 2380 προσεοικὼς
1680 2340 1711 2371 δὲ
1725 2343 1771 2381 τῷ
1793 2341 1914 2381 Νέρωνι
1929 2342 1982 2372 καὶ
2004 2341 2040 2372 τὸ
2061 2341 2139 2377 εἶδος
2159 2342 2213 2372 καὶ

57 2392 113 2430 τὴν
128 2390 231 2432 φωνήν
245 2400 253 2407 ·
267 2390 320 2421 καὶ
334 2389 393 2430 γὰρ
407 2389 459 2420 καὶ
473 2387 663 2428 ἐκιθαρῲδει.
677 2386 739 2418 ’Έκ
752 2397 785 2418 τε
797 2390 851 2424 τῆς
869 2385 969 2422 Ἀσίας
994 2386 1078 2422 τινὰς
1095 2386 1349 2426 προσεποιήσατο
1359 2410 1369 2426 ,
1385 2387 1438 2418 καὶ
1453 2387 1502 2418 ἐπὶ
1525 2388 1577 2419 τὸν
1594 2387 1752 2428 Εὐφράτην
1765 2390 1939 2429 προχωρῶν
1961 2388 2067 2428 πολλῷ
2084 2387 2210 2424 πλείους

58 2439 255 2480 ἀνηρτήσατο
265 2461 274 2477 ,
287 2438 341 2468 καὶ
355 2437 440 2472 τέλος
454 2435 528 2476 πρὸς
551 2434 733 2476 Ἀρτάὸανον
749 2434 801 2465 τὸν
819 2436 882 2464 τῶν
903 2433 1036 2474 Πάρθων
1051 2432 1221 2472 κατέφυγεν
1234 2432 1372 2473 ἀρχηγόν
1384 2441 1391 2449 ’
1419 2433 1453 2469 ὃς
1466 2434 1519 2464 καὶ
1542 2434 1581 2464 δι’
1605 2433 1698 2473 ὀργῆς
1715 2434 1768 2465 τὸν
1785 2434 1878 2466 Τίτον
1891 2434 2076 2475 ποιούμενος
2090 2435 2213 2472 ἐδέξατο

57 2489 167 2518 τοῦτον
183 2485 237 2516 καὶ
251 2485 440 2523 καταγαγεῖν
460 2483 502 2518 εἰς
515 2482 639 2519 Ῥώμην
653 2480 912 2522 παρεσκευάζετο.

99 2535 154 2565 Fr.
178 2536 250 2564 105.
274 2528 300 2571 β’
318 2529 384 2567 ἔτη
401 2529 496 2570 πρὸς
513 2529 629 2569 μησὶν
646 2539 665 2565 η
668 2526 693 2568 'J
725 2526 882 2568 Regnavit
910 2526 1000 2558 'ritus
1025 2536 1126 2560 annos
1152 2526 1252 2568 duos,
1282 2536 1472 2568 mensesque
1499 2527 1581 2560 duos
1606 2528 1639 2560 et
1665 2527 1732 2560 dies
1756 2528 1886 2568 viginti,
1913 2529 1960 2560 uti
1986 2537 2025 2561 ex
2053 2528 2214 2569 Xiphilino

59 2580 198 2620 (LXVI,
217 2581 254 2610 18
272 2578 303 2609 et
320 2576 400 2616 26),
418 2577 539 2607 zonara
556 2575 642 2615 (ΧΙ,
663 2578 720 2614 18,
739 2583 771 2615 p.
797 2577 874 2613 578,
892 2573 958 2614 Α),
982 2575 1135 2606 Suetonio
1152 2574 1163 2615 (
1174 2574 1237 2606 Tit
1258 2577 1343 2606 c.11
1357 2574 1386 2615 )‚
1404 2575 1535 2607 Victore
1552 2574 1633 2616 (Ep.
1652 2576 1703 2615 X,
1723 2578 1736 2607 1
1750 2574 1761 2616 )
1778 2576 1922 2615 constat3
1946 2584 1984 2608 ac
1999 2576 2132 2608 omnino
2159 2585 2212 2608 res

57 2628 151 2659 extra
169 2623 401 2657 dubitationem
420 2623 524 2663 posita
546 2623 604 2654 est.
623 2622 721 2663 Igitur
735 2630 767 2652 n.
783 2621 805 2653 l.
819 2620 1027 2653 scribendum
1044 2621 1125 2653 foret
1144 2621 1220 2662 μησὶ
1239 2619 1282 2662 β,
1304 2622 1480 2662 praesertim
1493 2630 1596 2662 quum
1611 2621 1689 2653 nihil
1704 2621 1902 2662 frequentius
1920 2623 1961 2655 sit
1980 2623 2214 2664 permutatione

58 2673 225 2705 literarum
250 2671 277 2711 β’
298 2666 335 2702 et
358 2668 398 2708 η’.
424 2669 530 2702 Nihilo
551 2668 655 2701 secius
678 2677 811 2700 manum
834 2668 982 2700 abstinui.
1005 2670 1086 2700 Nam
1109 2677 1214 2708 neque
1230 2668 1343 2700 scribae
1369 2676 1474 2708 neque
1490 2668 1687 2709 excerptoris
1716 2677 1821 2709 neque
1846 2669 1946 2709 ipsius
1973 2670 2105 2702 Joannis
2124 2678 2213 2702 error

58 2721 185 2759 subest3
203 2727 316 2751 verum
342 2718 445 2749 literae
461 2717 530 2749 istae
547 2716 689 2748 confusae
709 2715 776 2755 jam
795 2716 910 2748 erant·
901 2725 934 2748 in
951 2716 1039 2748 fonte
1054 2716 1141 2749 unde
1157 2717 1334 2748 hauserunt
1351 2717 1491 2748 Joannes
1506 2717 1539 2748 et
1555 2716 1747 2757 Eutropius,
1773 2716 1830 2757 qui
1849 2717 1928 2749 item
1946 2717 2073 2749 habet·
2065 2741 2073 2748 .
2097 2717 2215 2749 morbo

56 2769 195 2809 periit..
203 2768 301 2807 ,post
331 2764 526 2803 biennium,
550 2772 682 2796 menses
700 2765 792 2803 occa,
816 2762 888 2796 dies
910 2765 1046 2804 viqinti.
1070 2764 1121 2796 Cf.
1136 2763 1174 2795 fr.
1191 2767 1249 2796 108
1263 2764 1347 2795 extr.
1366 2765 1624 2804 -προειπεῖν
1642 2763 1770 2805 αὐτῷ]
1786 2774 1837 2805 πρ.
1860 2764 1953 2796 αὐτὸν
1971 2764 2041 2796 cod.
2068 2764 2214 2796 Finxerit

62 2815 125 2847 hoc
140 2823 179 2847 ex
195 2813 377 2846 Philostrat
398 2812 464 2844 Vit.
483 2812 587 2852 Apoll.
604 2821 634 2852 p.
656 2815 715 2843 126
731 2810 782 2842 ed.
800 2813 932 2852 Kayser.
954 2830 994 2837 —
1006 2811 1052 2843 ὅτι
1075 2811 1284 2853 Δομετιανὸς]
1301 2810 1456 2851 supplevi.
1470 2811 1640 2852 -τυχὸν
1658 2811 1990 2854 περιγενόμενον]
2009 2813 2210 2853 περιγενησὸ-

59 2862 173 2902 μενονῗ
189 2861 242 2892 καὶ
258 2859 342 2900 τάχα
358 2859 568 2899 περιγενέσθαι
591 2858 758 2900 δυνάμενον
781 2859 933 2898 xiphilin.
956 2867 984 2889 c.
1004 2863 1043 2890 26
1059 2860 1092 2890 et
1111 2861 1249 2890 Zonaras
1266 2859 1286 2889 Ι.
1310 2859 1333 2890 1

102 2912 156 2942 Fr.
182 2912 252 2940 106.
274 2906 393 2939 Eadem
407 2905 521 2938 Suidas
532 2914 564 2937 v.
580 2906 780 2947 Δομετιανός.
798 2907 1019 2946 Eutrop.V11‚
1041 2909 1101 2938 15·
1118 2907 1339 2938 Domitianus
1353 2913 1434 2936 τηατ
1447 2906 1576 2945 accepit
1589 2906 1793 2945 imperium,
1804 2905 1928 2945 frater
1947 2907 2211 2946 ipsiusjunior;

60 2957 187 2989 Neroni
203 2956 267 2987 aut
288 2953 457 2994 Caliyulae
473 2954 538 2985 aut
560 2953 693 2985 Tiberio
708 2954 854 2985 similior
868 2961 976 2995 quam
989 2954 1085 2993 patri
1103 2954 1155 2985 vel
1160 2952 1282 2992 fratri
1299 2960 1370 2983 suo.
1390 2953 1517 2983 Primis
1535 2954 1651 2983 tamen
1669 2954 1775 2983 annis
1790 2952 1992 2984 moderatus
2013 2955 2048 2985 in
2066 2955 2211 2993 imperio

60 3003 131 3037 fuit
140 3011 153 3038 ‚·
166 3010 248 3034 mox
266 3000 317 3033 ad
329 3001 483 3040 inqentia
502 3001 591 3032 vitia
604 3008 806 3040 proyressus
823 3001 982 3033 libidinis
993 3024 1002 3040 ,
1017 3000 1212 3033 iracundiae
1225 3023 1233 3038 ,
1250 2999 1469 3032 crudelitatis
1481 3023 1491 3039 ,
1505 3000 1670 3031 avaritiae
1681 3023 1689 3038 ‚
1707 3002 1847 3032 tantum
1866 3002 1902 3032 in
1916 3009 1951 3032 se
1968 3000 2087 3032 odium
2100 3004 2208 3033 conci-

61 3051 168 3088 tavit,
182 3050 222 3081 ul
235 3049 362 3079 merita
375 3048 409 3078 et
428 3048 548 3087 patris
564 3048 597 3078 et
610 3045 746 3085 fratris
769 3046 929 3079 aboleret.
948 3046 1126 3085 Interfecit
1152 3047 1375 3078 nobilissimos
1398 3055 1440 3078 ex
1455 3049 1581 3079 senatu
1604 3058 1615 3080 .·
1640 3047 1818 3079 dominum
1836 3055 1872 3079 se
1890 3049 1923 3079 et
1948 3047 2052 3080 deum
2072 3050 2210 3088 primus

58 3096 234 3138 appellari
253 3094 361 3134 jussit
372 3103 383 3124 :
397 3093 538 3125 nullam
550 3093 614 3125 sibi
628 3095 696 3125 nisi
709 3102 856 3125 auream
870 3095 903 3126 et
916 3095 1117 3133 arqenteam
1133 3095 1291 3125 statuam
1313 3096 1351 3126 in
1376 3093 1544 3133 Capitolio
1564 3095 1646 3134 pom·
1664 3102 1790 3134 passus
1802 3097 1852 3126 est
1874 3106 1884 3125 .-
1899 3095 2119 3127 consobrinos
2132 3102 2211 3126 suos

49 3142 240 3182 'interfecit
254 3152 264 3173 :
279 3140 443 3181 superbia
459 3148 593 3181 quoque
610 3142 646 3172 in
663 3149 700 3173 eo
718 3140 942 3173 consecrabilis
948 3140 1037 3179 suit.
1055 3159 1095 3166 -
1108 3139 1377 3181 προσεοικὼς]
1394 3141 1451 3171 aut
1467 3141 1703 3180 comparativus
1717 3140 1927 3179 desideratur,
1941 3142 1998 3173 aut
2017 3149 2078 3172 vox
2094 3141 2209 3179 μᾶλλον

58 3192 130 3230 post
144 3198 176 3220 v.
190 3189 307 3229 Νέρωνι
324 3187 455 3219 excidit.
471 3206 510 3213 -
525 3190 590 3225 τῆς
605 3186 781 3228 γνώμης]
797 3191 851 3225 τῆς
870 3196 935 3218 om.
951 3187 1077 3219 suidas.
1096 3207 1138 3214 —
1160 3188 1251 3229 πρὸς
1276 3186 1460 3218 ἁπάντων
1488 3186 1625 3228 μῖσος]
1647 3188 1682 3219 τὸ
1699 3197 1751 3227 πρ.
1766 3188 1797 3219 ἁ.
1827 3199 1860 3229 μ.
1880 3187 1951 3219 cod.
1972 3190 2008 3219 A.
2027 3187 2152 3219 Suidas.
2166 3204 2208 3210 —

57 3240 124 3268 τοῦ
139 3233 307 3276 πατρὸς]
325 3237 380 3266 τοῦ
394 3234 468 3266 add.
484 3243 502 3266 e
516 3234 626 3267 suida.
643 3253 682 3258 —
696 3235 839 3276 ἑτέρων
855 3233 979 3275 αὐτῷ]
993 3235 1017 3266 ἑ.
1033 3234 1128 3266 αὐτοῦ
1142 3234 1264 3266 Suidas.

99 3285 149 3315 Fr.
178 3286 246 3315 107.
269 3283 400 3322 Eutrop.
434 3282 456 3313 1.
479 3282 500 3313 1.
530 3295 537 3314 z
567 3283 690 3314 Verum
719 3290 827 3323 quum
854 3282 900 3323 ob>
920 3282 1051 3314 scelera
1077 3282 1251 3313 universis
1280 3287 1403 3311 exosus
1431 3287 1502 3312 esse
1533 3282 1710 3321 coepisset,
1744 3279 1951 3319 interfectus
1985 3282 2034 3311 esc
2062 3287 2206 3310 suorum

58 3330 298 3369 conjuratione
331 3330 369 3359 in
392 3329 528 3369 palatio
540 3353 548 3369 ‚
582 3337 675 3361 anno
705 3331 820 3360 aetatis
855 3330 962 3368 XLV,
997 3331 1135 3369 imperii
1170 3328 1300 3360 decimo
1331 3329 1466 3368 quinto.
1507 3328 1633 3359 Funus
1666 3327 1739 3367 ejus
1772 3335 1851 3359 cum
1876 3327 2011 3367 inqentz·
2042 3325 2206 3357 dedecore

57 3385 121 3418 per
137 3376 337 3415 vespillones
354 3377 599 3415 exportatum,
627 3378 660 3407 et
688 3376 885 3416 iqnobiliter
915 3378 964 3408 esc
991 3376 1175 3417 sepultum.
1203 3391 1243 3396 —
1268 3382 1291 3406 ε’
1313 3375 1378 3406 καὶ
1395 3372 1442 3415 λ’]
1471 3374 1584 3406 scribae
1608 3374 1701 3413 vitio,
1727 3375 1763 3405 ut
1788 3373 1926 3410 videtur,
1947 3380 2003 3412 pro
2026 3370 2048 3402 ε’
2079 3371 2130 3401 καὶ
2160 3370 2203 3410 μ’.

60 3426 100 3456 V.
122 3423 286 3463 interpret.
302 3422 342 3454 ad
355 3423 450 3455 Dion.
465 3425 581 3455 van
593 3447 602 3464 ,
623 3426 670 3463 18,
693 3424 759 3455 not.
791 3427 857 3456 106.
874 3442 910 3446 -
927 3422 963 3454 ”E
973 3424 1061 3454 ντελ
1070 3424 1133 3455 λον
1150 3421 1238 3462 τὸν]
1256 3421 1454 3453 ἐντελλόντων
1472 3420 1542 3453 cod.
1560 3422 1716 3461 Excerpta
1738 3422 1812 3452 sunt
1825 3429 1864 3452 ex
1888 3419 1979 3450 Dionr
2001 3418 2113 3449 LXVI!
2125 3439 2133 3455 ,
2157 3419 2204 3447 15.

1998 3478 2043 3503 37.
