2372 3704
877 186 928 225 lN
960 184 1159 226 VOLUMl
1169 185 1197 223 N
1207 186 1234 223 E
1267 185 1331 224 lV.

30 293 84 330 ροι
101 279 170 315 τῶν
189 274 502 329 ἱερογραμματέων
531 274 589 313 τὸν
611 274 692 327 περὶ
712 276 796 313 θεῶν
813 274 955 327 φυσικὸν
976 271 1076 323 λόγον
1102 271 1109 279 '

28 336 208 390 κρύπτειν,
230 335 272 373 δι’
290 336 532 387 ἀλληγορικῶν
549 333 610 372 καὶ
625 333 811 384 συμ6όλων
832 332 994 371 τοιούτων
1015 331 1075 369 καὶ

27 394 252 450 γραμμάτων
277 396 347 437 τοῖς
373 392 469 437 ἰδίοις
494 392 625 436 τέκνοις
661 391 752 430 αὐτὰ
781 391 1000 464 παρεδίδουν,
1031 392 1077 433 ὥς

27 457 46 494 ὁ
70 451 368 507 ἱερογραμματεὺς
387 451 584 504 Χαιρήμων
604 449 702 503 φησί.
726 450 798 489 Koa
827 449 902 488 ἀντι
926 449 970 499 μὲ
955 465 989 486 ν
1009 463 1077 500 χα-

30 519 92 566 ρᾶς
111 517 262 565 γυναῖκα
281 510 566 561 τυμπανίζουσαν
593 508 755 562 ἔγραφον·
785 508 862 546 ἀντι
880 509 993 555 λυπῆς
1017 506 1078 544 ἄν-

29 577 167 626 θρωπον
196 586 240 622 τῃ
263 585 356 622 χειρι
383 569 423 607 τὸ
441 568 573 620 γένειον
590 572 786 621 κρατοῦντα
813 567 874 606 καὶ
894 566 979 619 πρὸς
1013 568 1077 616 γῆν

29 629 190 677 νεύοντα,
213 629 290 667 ἀντι
308 628 342 666 δὲ
364 634 543 681 συμφορᾶς
570 627 749 680 ὀφθαλμὸν
769 626 985 677 δακρύοντα,
1003 624 1080 663 ἀντι

31 693 94 728 τοῦ
111 687 201 740 μὴ’
183 704 274 741 εχειν
292 687 353 726 δύο
368 687 489 740 χεῖρας
511 685 611 731 κενὰς
632 685 881 737 ἐκτεταμένας,
902 684 977 723 ἀντὶ
995 686 1079 722 ἀνα-

24 747 164 796 ’τολῆς”
144 762 220 799 οφιν
236 745 489 799 ἐξερχόμενον”
471 762 510 784 εκ
519 761 608 789 τινος
625 747 726 793 ὀπῆς,
740 744 815 783 ἀντὶ
830 744 958 787 δύσεως
969 745 1082 795 εἰσερ-

30 805 224 860 χόμενον,’
205 805 280 844 αντὶ
296 804 518 848 ἀνα6ιώσεως
531 804 723 857 βάτραχον,
737 802 812 840 ἀντι
823 801 1081 856 ψυχῆςὶέρακα,

32 864 83 903 ἔτι
98 865 159 922 καὶ
188 863 264 902 ἀντὶ
286 863 382 910 ἡλίου
414 863 474 901 καὶ
496 866 593 902 θεου·
617 863 692 902 ἀντὶ
712 861 900 934 θηκλυγόνου
922 859 1082 912 γυναικὸς

32 923 92 962 καὶ
112 923 242 976 μητρὸς
260 922 320 961 καὶ
337 922 464 975 χρόνου
483 922 542 961 καὶ
559 924 704 995 οὗρανρῢ
725 937 842 973 γυπα,
870 920 945 958 ἀντὶ
977 923 1082 972 βασι

35 979 119 1026 λέως
136 980 318 1032 μέλισσαν,
339 981 415 1019 ἀντι
435 980 600 1031 γενέσεως
618 980 678 1018 καὶ
698 981 875 1033 αὖτοφυων
901 994 960 1017 και
980 979 1083 1031 ἀρρέ-

32 1055 98 1080 νων
116 1039 303 1093 κάνθαρον,
319 1039 394 1078 ἀντὶ
411 1043 475 1091 γῆς
493 1042 593 1092 βοῦν·
619 1038 755 1083 λέοντος
778 1038 813 1076 δὲ
833 1037 992 1090 προτομὴ
1010 1043 1083 1075 πᾶ-

35 1113 102 1137 σαν
124 1098 237 1151 ἀρχὴν
257 1099 317 1137 καὶ
330 1097 488 1151 φυλακὴν
507 1099 605 1144 δηλοῖ
624 1099 703 1136 κατ’
719 1096 842 1140 αὐτοὺς
855 1127 866 1146 ,
891 1096 974 1150 οὐρὰ
990 1095 1082 1135 λέον·

33 1171 90 1200 τος
108 1157 278 1209 ἀνάγκην,
303 1157 461 1210 ἔλαφος’
446 1157 618 1195 ενιαυτόν·
639 1155 766 1207 ὁμοίως
785 1158 803 1194 6
818 1154 946 1209 φοῖνιξ·
968 1157 986 1193 6
1002 1160 1084 1199 παῖς

35 1217 134 1262 δηλοῖ
151 1215 197 1254 τὰ
208 1215 449 1266 αὐξανόμενα,
465 1218 483 1254 6
500 1216 610 1268 γέρων
623 1216 667 1254 τὰ
682 1214 912 1274 φθειρόμενα,
931 1215 969 1252 τὸ
988 1214 1082 1259 τόξον

34 1273 97 1321 τὴν
114 1274 226 1319 ὀξεῖαν
254 1275 418 1325 δύναμιν·
437 1274 496 1312 καὶ
516 1273 616 1326 ἕτερα
639 1273 764 1325 μυρία·
791 1268 893 1318 ἐξὼν
922 1272 1084 1346 ‘'Op-nge<

35 1333 148 1371 ταυτά
166 1349 286 1387 φησιν.
309 1333 372 1373 Ἐν
389 1333 487 1386 ἄλλῳ
503 1332 539 1371 δὲ
553 1333 650 1385 τόπῳ
660 1331 784 1384 ,εἴπερ
805 1333 979 1384 αἱρεῖσθε,
1003 1330 1084 1368 ἷδὼν

36 1393 76 1430 ἐκ
103 1395 164 1430 τοῦ
199 1393 422 1444 Χαιρήμονος
441 1391 502 1430 καὶ
530 1391 593 1436 τὰς
622 1394 691 1429 τῶν
718 1390 938 1444 γραμμάτιον
970 1391 1084 1428 αὐτῶν

36 1450 246 1503 ἐκφωνήσεις
267 1452 478 1494 Αἷθιοπικῶς
495 1449 596 1491 εἴπω.

89 1508 182 1559 Pag.
204 1508 302 1555 530,
322 1511 390 1547 lin.
411 1509 448 1548 5.
467 1531 519 1536 —
533 1511 607 1546 Pro
640 1506 702 1554 τὴν
724 1507 867 1559 Κύπρον
889 1506 1085 1559 ἐπολιόρκει

40 1568 272 1616 Droysenius
292 1567 529 1618 (Hellenism.
551 1569 568 1604 Ι
581 1595 591 1614 ,
610 1581 647 1617 p.
667 1566 762 1617 343)
784 1567 986 1616 legendum
997 1579 1085 1602 cen-

39 1634 94 1662 set
113 1624 176 1672 τὴν
197 1624 311 1677 Τύρον
332 1624 540 1676 ἐπολιόρκει.

91 1684 186 1735 Pag.
207 1684 306 1735 534,
324 1687 362 1721 in
377 1693 459 1723 not.
495 1685 544 1721 ad
572 1696 658 1734 cap.
692 1682 736 1720 15
755 1685 837 1734 lege

35 1757 74 1793 p.
97 1757 181 1792 170.

92 1805 182 1852 Pag.
206 1803 281 1840 608
299 1804 333 1849 b,
354 1804 418 1839 lin.
440 1815 477 1841 2.
496 1824 549 1830 ——
565 1804 653 1839 Post
672 1800 820 1847 Λούκιος
832 1810 869 1838 et
879 1809 966 1839 ante
986 1800 1086 1855 Μάρ·

41 1861 162 1904 κελλος
175 1862 317 1899 excidit
336 1875 344 1897 ;
365 1860 544 1903 Ἀκίλλιος.

93 1920 187 1970 Pag.
202 1921 294 1967 623,
318 1921 366 1958 fr.
387 1919 450 1969 59.
471 1921 606 1956 ——Pro
623 1917 807 1970 Εὐρυόπης
823 1920 973 1969 legend.
993 1928 1087 1969 puto

41 1978 258 2031 Εὗρυρρόης,
281 1987 319 2015 et
343 1979 391 2016 fr.
426 1979 476 2014 60
506 1991 579 2027 pro
601 1976 784 2029 Εὐρυόπης
803 1980 876 2028 leg.
901 1977 1085 2030 Εὐρώπης.

42 2039 99 2077 Cf.
114 2038 351 2088 Hippostrati
370 2038 418 2075 fr.
442 2050 476 2081 1,
493 2045 584 2074 tom.
602 2038 674 2082 IV,
694 2050 731 2085 p.
755 2037 843 2080 432.

95 2091 187 2141 Pag.
213 2091 306 2129 636.
327 2112 382 2118 —
412 2090 523 2126 Nulla
546 2090 693 2126 Charax
725 2092 873 2139 scripsit
906 2088 1087 2136 Ἰταλικά,

44 2163 133 2187 nam
146 2150 194 2186 fr.
227 2163 271 2186 21
294 2162 368 2199 pro
389 2147 515 2200 Χάραξ
544 2149 826 2185 emendandum
850 2156 905 2185 est
932 2146 1088 2199 Πάρθαξ.

45 2211 90 2245 V.
110 2216 203 2246 tom.
224 2210 287 2254 lv,
310 2221 350 2257 p.
370 2208 460 2252 466.

98 2265 192 2316 Pag.
213 2267 304 2310 641.
325 2288 376 2294 —
396 2267 490 2304 Dele
517 2266 649 2315 fragm.
669 2265 739 2311 26,
771 2266 934 2315 videque
960 2273 1093 2302 notata

45 2325 94 2362 ad
109 2326 302 2362 Parthacis
321 2325 453 2374 fragm.
469 2332 562 2363 tom.
587 2326 651 2370 IV,
670 2338 708 2374 p.
732 2325 822 2367 466.

99 2383 193 2433 Pag.
211 2386 300 2434 639,
321 2385 369 2421 ad
398 2384 530 2433 fiagm.
554 2397 598 2420 10
619 2392 657 2419 et
690 2397 752 2421 11.
772 2406 824 2411 —
846 2385 955 2422 Adde
975 2388 1092 2425 schol.

49 2444 199 2480 A1istid.
218 2457 260 2493 p.
292 2457 360 2490 17,
390 2448 438 2486 24
460 2443 520 2480 ed.
551 2443 713 2479 Dindf.:
749 2445 810 2480 Δεῖ
831 2442 866 2480 δὲ
889 2446 1018 2494 γνῶναι
1041 2445 1094 2482 ’ὅτι

49 2503 68 2538 ὁ
85 2499 215 2552 Χάραξ
245 2500 376 2552 ἱστορεῖ
404 2499 482 2543 τους
503 2499 699 2546 Ἀθηναίους
724 2500 887 2544 ἀποίκους
913 2505 1001 2540 εἰναι
1026 2519 1093 2540 των

50 2561 201 2599 Σαϊτῶν.
215 2558 355 2599 Ἐστι
338 2559 373 2597 οὲ
390 2559 477 2603 Σάϊς
495 2559 594 2602 πόλις
613 2559 825 2611 Αἰγυπτίων,
840 2559 899 2598 καὶ
914 2563 1095 2614 οἰκιστῆρα

51 2618 153 2671 ἔσχεν
168 2618 337 2671 Ερεχθέα
357 2619 461 2669 (deb.
478 2617 683 2670 Κέκροπα).
709 2618 770 2657 Διὸ
782 2634 841 2656 και
857 2619 960 2672 διφυῆ
981 2636 1095 2673 προσ-

52 2677 278 2728 αγορεύεσθαί
295 2693 398 2730 φησιν
423 2676 507 2715 ὄντα
526 2676 849 2730 ἄγλωσσον-ἕτεροι
870 2678 907 2716 δέ
923 2695 1026 2732 φασιν
1045 2679 1097 2718 ὅτι

870 1695 879 1721 :
911 1692 996 1722 tom.
1014 1686 1078 1727 II,

2103 194 2179 227 669

1138 271 1198 309 καὶ
1226 271 1348 325 ἀνδρὸς
1375 271 1453 315 τοὺς
1488 272 1719 323 γεννωμένους
1755 274 1973 326 παράγεσθαι
1991 286 1999 295 ·
2033 275 2092 313 καὶ
2126 274 2183 313 διὰ

1139 334 1240 368 τοῦτο
1270 329 1392 382 διφυὴς
1409 329 1601 375 ἐδοξάζετο.
1629 331 1718 383 Περὶ
1750 331 1812 382 μὲν
1837 327 1895 370 οὗν
1920 332 2042 372 τούτου
2066 333 2182 381 πολλὴ

1140 388 1301 442 διαφορά.
1320 388 1387 427 Ἐκ
1403 388 1440 428 δὲ
1467 391 1529 435 τῆς
1547 389 1709 432 ἀποικίας
1725 389 1923 440 ὠνομάσθαι
1946 391 2031 444 φησὶ
2043 394 2181 431 πολιοῦ-

1139 462 1202 499 χον
1223 447 1286 494 τὴν
1316 447 1480 494 Ἀθηνᾶν·
1514 446 1586 485 ἔστι
1603 447 1669 500 γὰρ
1689 451 1710 494 ἡ
1744 449 1830 492 Σάϊς
1859 450 2058 500 Αἰγυπτίων
2087 454 2184 504 φωνῇ

1140 508 1223 560 παρ’
1243 506 1418 554 ἽΞλλησιν
1442 507 1583 554 Ἀθηνᾶ.
1608 507 1679 546 Καὶ
1709 509 1830 546 τούτου
1850 509 2000 561 παράγει
2026 510 2185 563 μάρτυρα

1141 566 1180 604 τὸ
1199 566 1262 613 τὴν
1278 566 1422 613 Ἀθηνᾶν
1448 567 1650 618 ἐποχεῖσθαι
1670 567 1988 619 κροκοδείλῳ-πρὸς
2008 572 2051 620 τῇ
2081 571 2187 622 ἀκρο-

1141 625 1262 676 πόλει,
1282 625 1455 667 δηλοῦσαν
1485 625 1547 671 τὴν
1569 624 1732 663 ἀποικίαν
1754 627 1792 663 ἐκ
1817 629 1877 663 τοῦ
1900 625 2027 664 Νείλου
2053 627 2183 679 τυγχά·

1142 699 1279 723 νουσαν.
1293 705 1348 713 -
1365 687 1410 721 In
1423 686 1469 721 fr.
1492 698 1537 721 10
1555 685 1601 722 de
1622 686 1769 734 origine
1787 683 1908 736 διφυὴς
1921 687 2078 734 epitheti
2092 688 2186 723 Cha-

1142 745 1221 780 raci
1231 744 1448 781 vindicatur
1468 756 1512 780 ea
1527 745 1725 790 sententia,
1749 756 1862 793 quam
1871 745 2007 780 Noster
2023 745 2188 781 secundo

1143 804 1230 839 loco
1248 804 1370 851 ponit.

1196 862 1302 898 Idem
1321 875 1361 910 p.
1380 860 1452 906 65,
1485 874 1531 909 9,
1550 861 1618 897 uhi
1649 860 1697 897 de
1728 863 1930 910 Areopago
1952 873 2076 898 sermo
2097 869 2151 898 est
2179 875 2187 896 ε

1142 915 1289 970 ’Άριστα
1314 917 1349 956 δὲ
1373 920 1391 956 6
1429 917 1552 989 Χάραξ
1583 933 1622 955 ιι)
1645 918 1700 967 (ἐν
1727 917 1804 968 η’ἳ)
1844 917 1947 970 φησὶν
1987 918 2039 956 ὅτι
2081 917 2191 969 πάγος

1144 983 1211 1020 πᾶς
1231 976 1395 1030 ὑψηλός’
1380 991 1453 1014 στι
1463 991 1596 1019 τοπος
1645 973 1774 1028 Ἄρης,
1796 978 1814 1013 6
1833 975 1944 1026 φόνος.

1197 1038 1239 1075 Ρ.
1255 1035 1346 1073 656.
1360 1056 1414 1063 —
1427 1036 1487 1072 Ad
1503 1037 1630 1071 locum
1644 1036 1847 1084 Theophili
1862 1035 1958 1071 adde
1974 1035 2082 1071 haec:
2101 1036 2191 1083 Quae

1146 1095 1283 1131 deinde
1304 1095 1407 1144 apud
1424 1095 1675 1142 Theophilum
1705 1102 1916 1142 sequuntur
1938 1093 1986 1130 de
2006 1096 2187 1142 tempori-

1145 1155 1216 1190 bus
1229 1155 1503 1202 imperatorum
1514 1155 1790 1197 Romanorum,
1804 1165 1922 1200 quum
1938 1153 2191 1201 probabiliter

1146 1225 1191 1249 ex
1207 1213 1456 1260 Chryserote‚
1478 1224 1592 1260 quem
1606 1211 1722 1247 modo
1741 1217 1937 1247 auctorem
1961 1211 2192 1260 Theophilus

1146 1270 1370 1315 adduxerat,
1384 1271 1585 1319 depromta
1594 1271 1682 1314 sint,
1696 1270 1909 1306 exscribere
1919 1270 2031 1306 liceat
2046 1268 2193 1321 εἘκρά-

1145 1343 1257 1374 τησαν
1272 1323 1329 1365 οὖν
1351 1326 1541 1378 Ῥωμαίων
1562 1326 1746 1374 ἐνιαύσιοι,
1763 1325 1809 1370 ὥς
1835 1341 1962 1379 φαμεν,
1983 1325 2075 1365 ἔτεσι
2101 1327 2188 1379 υνγ’.

1147 1385 1300 1427 Ἔπειτα
1345 1385 1451 1429 οὕτως
1483 1380 1589 1438 ἧρξαν
1617 1387 1648 1423 οἱ
1687 1385 1938 1437 αὐτοκράτορες
1966 1384 2188 1437 καλούμενοι.

1151 1447 1294 1497 Πρῶτος
1313 1444 1365 1483 l'
1345 1450 1418 1488 αϊος
1438 1443 1602 1492 Ἰούλιος,
1631 1443 1666 1487 ὃς
1688 1443 1910 1482 ἓ6ασίλευσεν
1927 1442 1987 1491 ἔτη
2012 1443 2058 1495 γ’,
2081 1447 2194 1497 μῆνας

1149 1505 1190 1552 δ’,
1206 1503 1342 1556 ἡμέρας
1358 1502 1406 1547 ἕξ.
1440 1502 1593 1542 Ἔπειτα
1614 1501 1845 1563 Αὔγουστος”
1827 1518 1886 1549 ετη
1914 1501 1968 1546 ναῖ’
1973 1533 1983 1553 ,
2002 1506 2113 1553 μῆνας
2140 1504 2192 1552 δ’,

1148 1561 1281 1635 ἡμέραν
1302 1561 1399 1612 μίαν.
1415 1560 1504 1600 Τι6έ
1489 1576 1574 1613 εριος
1588 1560 1649 1607 ἔτη
1670 1559 1741 1600 κ6’.
1767 1554 1856 1599 Εἶτα
1884 1560 1989 1605 Γάϊος
2004 1559 2115 1612 ἕτερος
2134 1560 2194 1608 ἔτη

1149 1620 1207 1671 γ’,
1225 1624 1336 1671 μῆνας
1349 1619 1401 1668 η’,
1428 1619 1561 1672 ἡμέρας
1581 1619 1624 1664 ζ’.
1648 1618 1854 1662 Κλαύδιος”
1837 1633 1895 1664 ετη
1915 1618 1985 1670 κγ’,
2018 1622 2128 1669 μῆνας
2143 1619 2195 1668 η’,

1149 1679 1283 1732 ἡμέρας
1303 1678 1354 1717 κδ’
1362 1711 1371 1719 .
1391 1677 1548 1730 Νέρων”
1531 1694 1590 1724 ετη
1607 1677 1650 1728 ιγ’
1655 1707 1665 1725 ,
1678 1680 1788 1725 μῆνας
1805 1677 1853 1728 ς’,
1868 1676 2004 1729 ἡμέρας
2017 1693 2067 1730 κη,
2079 1707 2087 1715 .
2103 1677 2196 1717 Γάλ-

1150 1738 1214 1781 6ας
1233 1737 1292 1784 ἔτη
1309 1737 1355 1789 β’,
1377 1740 1487 1788 μῆνας
1504 1736 1546 1785 ζ’,
1563 1737 1697 1788 ἡμέρας
1717 1736 1765 1779 ς’.
1781 1734 1899 1775 Ὄθων
1921 1738 2032 1785 μῆνας
2045 1734 2090 1787 γ’,
2104 1735 2197 1786 ἠμέ-

1151 1813 1211 1850 ρας
1232 1798 1273 1836 ε’.
1295 1796 1496 1839 Οὐιτέλλιος
1518 1798 1628 1846 μῆνας
1646 1795 1694 1842 ς’,
1717 1794 1850 1846 ἡμέρας
1870 1794 1944 1833 κ6’.
1966 1795 2198 1832 Οὐεσπασια-

1150 1856 1204 1899 νὸς
1219 1855 1277 1901 ἔτη
1295 1855 1340 1906 θ’,
1357 1858 1469 1905 μῆνας
1489 1853 1551 1905 ια’,
1564 1853 1698 1906 ἡμέρας
1711 1852 1783 1891 κ6’.
1800 1852 1903 1896 Τίτος
1919 1852 1977 1897 ἔτη
1995 1853 2043 1904 β’,
2064 1852 2198 1903 ἡμέρας

1150 1914 1195 1960 ς’.
1214 1913 1370 1966 Νερούας
1382 1912 1551 1959 ἐνιαυτὸν,
1566 1915 1680 1963 μῆνας
1694 1911 1736 1958 δ’,
1750 1910 1883 1962 ἡμέρας
1901 1910 1937 1950 ι’.
1951 1910 2122 1962 Τραϊανὸς
2136 1909 2196 1957 ἔτη

1153 1973 1192 2011 ιθ’
1197 2003 1207 2021 ,
1224 1976 1335 2023 μῆνας
1351 1972 1397 2019 ἓξ,
1419 1971 1553 2023 ἡμέρας
1576 1971 1633 2016 ις’.
1657 1969 1863 2022 Ἀδριανὸς”
1845 1985 1905 2016 ετη
1938 1969 1986 2019 κ’,
2016 1971 2127 2018 μῆνας
2157 1969 2195 2017 ι’,

1151 2031 1282 2084 ἡμέρας
1297 2031 1369 2077 κη’.
1393 2030 1590 2073 Ἀντωνῖνος
1617 2029 1675 2076 ἔτη
1697 2028 1753 2066 κ6’
1760 2058 1769 2075 ,
1800 2028 1971 2078 μῆναςζ’,
1991 2027 2126 2079 ἡμέρας
2145 2027 2193 2070 ς’.

1153 2089 1327 2142 Οὐῆρος”
1309 2106 1370 2136 ετη
1401 2089 1442 2126 ιθ’
1449 2088 1612 2140 ,ἡμερας
1643 2087 1676 2126 ι’.
1704 2088 1841 2125 Ιίνεται
1865 2089 1923 2124 οὖν
1941 2088 1958 2123 ὁ
1981 2085 2102 2138 χρόνος
2128 2101 2195 2123 των

1155 2149 1345 2200 Καισάρων
1364 2164 1406 2198 με
1409 2163 1485 2199 χρις
1506 2148 1646 2199 Οὐήρου
1663 2149 1722 2184 τοῦ
1739 2145 1991 2197 αὐτοκράτορος
2011 2145 2193 2192 τελευτῆς,

1154 2208 1214 2254 ἔτη
1234 2206 1303 2252 σλζ’
1311 2236 1320 2254 ,
1337 2206 1467 2257 ἡμέραι
1487 2205 1531 2245 ε’.

1208 2267 1299 2316 Pag.
1324 2267 1398 2315 696
1412 2293 1422 2311 ‚
1445 2265 1468 2315 5
1489 2278 1529 2311 7,
1560 2266 1627 2303 lin.
1648 2265 1687 2302 6.
1708 2284 1762 2292 —-
1783 2264 1872 2300 Post
1886 2263 2005 2299 verba
2023 2274 2032 2300 :
2065 2262 2200 2301 Πτολε-

1156 2324 1259 2374 μαίου
1276 2322 1395 2373 Λάγου
1413 2323 1509 2360 adde
1527 2336 1535 2358 z
1553 2321 1656 2374 (deb.
1675 2322 1746 2360 Πτ.
1770 2319 1993 2372 Κεραυνοῦ).

1209 2383 1298 2432 Pag.
1322 2383 1397 2431 696
1413 2410 1422 2428 ‚
1440 2382 1462 2431 S
1478 2382 1512 2418 8.
1531 2402 1586 2409 —
1605 2381 1745 2417 Eadem
1761 2381 1876 2416 habet
1895 2381 2060 2428 Symeon
2074 2380 2201 2428 Logo-

1156 2444 1258 2478 theta
1272 2443 1311 2476 in
1331 2441 1419 2478 cod.
1442 2441 1611 2476 Parisino
1634 2452 1754 2486 1712,
1777 2439 1845 2477 fol.
1865 2437 1928 2484 73.

1210 2500 1302 2549 Pag.
1325 2504 1398 2546 704
1420 2512 1461 2543 a,
1485 2499 1553 2536 lin.
1587 2511 1648 2535 10.
1680 2518 1734 2526 -
1760 2499 1851 2533 Post
1877 2496 1995 2532 verba
2022 2496 2203 2544 Aleaeippi

1157 2562 1361 2596 Larissaeus
1380 2558 1602 2594 exciderunt
1624 2556 1703 2593 haec
1727 2568 1737 2594 :
1762 2557 1904 2592 Deinde
1925 2554 2203 2591 Cleomachides

1158 2620 1254 2655 Enei
1274 2617 1367 2667 (sic)
1387 2619 1606 2652 Larissaeus.

1213 2676 1306 2725 Pag.
1327 2675 1402 2723 715
1419 2682 1539 2722 ,not.‚
1559 2676 1626 2711 lin.
1658 2687 1678 2710 2
1701 2675 1748 2710 ab
1769 2675 1858 2709 ima.
1885 2693 1938 2701 -
1956 2673 2028 2709 Pro
2061 2672 2205 2720 Grypus

51 2739 186 2789 πρῶτος
206 2736 360 2782 ἐδόξαζεν
389 2735 532 2788 (ἔδειξεν
563 2738 611 2776 al.
641 2736 785 2788 schol.)
817 2736 854 2775 ἔκ
883 2753 919 2775 τε
941 2739 1101 2789 γυναικὸς
1162 2737 1244 2785 lege
1257 2736 1469 2784 Philippus.

879 2958 1237 3018 VOLUMEN
1274 2961 1371 3017 IV.

110 3100 204 3150 Pag.
227 3101 313 3146 103,
330 3101 373 3138 fr.
396 3114 459 3147 27.
479 3122 532 3129 -
551 3102 694 3138 Eadem
722 3115 765 3138 ex
798 3103 929 3139 Prisco
960 3104 1101 3139 exseri-

1215 3102 1309 3151 Pag.
1339 3101 1432 3147 133,
1466 3101 1512 3137 fr.
1543 3105 1602 3143 14.
1623 3121 1676 3128 -
1707 3102 1782 3136 Pro
1813 3097 2014 3137 Δαλίσανδα
2044 3100 2206 3134 Joannes

58 3161 132 3207 psit
144 3162 308 3196 Joannes
326 3161 583 3196 Antiochenus
603 3161 650 3198 fr.
676 3174 750 3197 202
766 3189 776 3206 ‚
797 3163 864 3210 qui
886 3163 1041 3197 omnino
1062 3163 1102 3196 in
1166 3162 1390 3200 Antiochen.
1408 3161 1457 3196 fr.
1481 3173 1526 3196 21
1539 3173 1552 3196 1
1573 3160 1688 3196 habet
1698 3156 1930 3197 Δαλίσανδον.
1947 3156 2158 3194 Dalisandis
2169 3157 2206 3190 in

4 3225 5 3237 ¹
58 3218 128 3254 hac
140 3218 304 3254 historiae
319 3225 428 3266 parte
447 3218 615 3254 Priscum
632 3221 815 3267 sequitur.

114 3275 204 3324 Pag.
227 3282 296 3320 104
312 3303 321 3321 ,
340 3276 384 3311 fr.
403 3289 467 3324 29.
486 3298 540 3304 -
555 3278 750 3313 Postrema
768 3278 880 3325 hujus
904 3278 1103 3326 fragmenti

61 3334 174 3369 verba
198 3334 302 3382 apud
341 3337 526 3370 Joannem
551 3337 831 3372 Antiochenam
861 3337 985 3384 prima
1022 3343 1108 3371 sunt
1168 3343 1247 3371 tum
1279 3343 1422 3380 exstat,
1462 3337 1522 3371 cui
1558 3336 1687 3371 titulus
1715 3342 1769 3370 est

62 3392 263 3442 fragmenti
282 3398 354 3436 204
368 3420 377 3438 ,
399 3394 464 3429 ubi
479 3394 578 3432 vide.

1165 3221 1334 3257 custodia
1350 3226 1430 3255 erat
1451 3220 1586 3256 Verina
1606 3220 1784 3267 Augusta.

1219 3278 1311 3327 Pag.
1334 3278 1419 3316 138.
1439 3299 1488 3304 —
1500 3280 1544 3314 In
1562 3278 1694 3313 codice
1719 3277 1888 3312 Parisino
1906 3273 2001 3310 1555
2018 3273 2203 3320 fragmen-

1806 3347 1814 3369 :
1848 3330 2040 3369 Εὖσταθίου
2055 3329 2206 3378 Ἐπιφα-

1169 3392 1251 3436 νέως
1269 3392 1396 3445 Συρίας
1410 3391 1556 3443 ἐπιτομὴ
1579 3395 1639 3439 τῆς
1661 3389 1904 3443 ἀρχαιολογίας
1932 3386 2115 3434 Ἰωσήπου,
2132 3398 2203 3421 no-
