2326 3724
92 254 167 286 248

96 335 165 372 τῶν
183 332 386 383 Ῥωμαίων,
407 335 476 372 κάκ
497 333 618 372 τούτου
639 333 757 384 γέγονε
777 334 894 381 δῆλον,
916 335 962 378 ὡς
991 335 1140 386 Τοῧρκοι

95 392 403 443 ἐξεπολεμήθησαν
420 391 632 443 Ῥωμαίοις.
646 393 709 444 Τῷ
729 406 782 430 τοι
800 391 868 446 ἄρα
885 392 945 431 καὶ
962 391 1039 436 τοὺς
1056 408 1140 430 στα-

91 451 259 502 λέντας,’
245 467 279 489 εν
299 446 347 495 οἷς
368 452 631 495 Οὐαλεντῗνοςζ
618 454 775 503 υπῆρχε,
793 451 999 503 κατέσχενδ
1019 453 1053 491 Γ
1057 467 1139 504 ουρ-

92 510 230 558 ξανθος,
248 509 440 563 ἐφυὸρίζων
456 526 493 549 τε
511 512 543 554 ἐς
558 508 682 553 αὐτους
700 509 760 548 καὶ
774 510 1052 562 ἀποφενακίζων,
1076 525 1137 548 και

90 569 134 606 τὰ
154 569 243 610 ἄλλα
258 571 375 613 κακῶς
386 567 583 621 χρώμενος,
599 571 674 606 εἶτα
689 567 834 611 οὕτως’
815 583 961 621 αφηκεν.

347 663 410 706 46.
433 663 543 712 (577.
562 665 699 699 Justini
717 675 778 699 an.
804 662 883 711 13.)

144 747 239 782 Exc.
257 747 314 782 De
332 746 407 795 leg.
422 753 521 795 gent.
536 758 583 795 Ρ.
597 758 612 781 1
624 757 806 794 19—120
828 759 836 782 :
852 742 939 783 “Ort
949 747 1017 783 τῶν
1035 761 1142 797 στρα-

96 804 214 855 τηγῶν
232 802 406 855 δῃούντων
424 801 488 850 τὴν
506 804 654 854 Περσῶν
671 801 866 854 Ἀρμενίαν,
895 804 930 840 ἐν
951 803 1063 857 τούτῳ
1075 819 1143 842 πα-

97 859 254 913 ρεγένετο
274 861 447 913 Ναδώης,
464 863 498 905 ἐς
518 861 581 907 τὴν
599 860 790 911 λεγομένην
820 859 971 914 σμικρὰν
987 876 1142 915 χειροτο-

98 919 208 967 νηθεὶς
221 920 424 973 πρεσὸείαν,
441 919 527 972 πρὸς
542 918 703 971 Χοσρόου
717 919 942 973 ἐκπεμφθείς·
960 919 996 964 ὃς
1010 923 1071 967 τῆς
1085 919 1142 959 διὰ

95 978 283 1031 Θεοδώρου
293 983 354 1018 τοῦ
366 978 510 1030 Βάκχου
522 977 710 1031 πρεσὸείας
723 977 834 1022 ἔδοξεν
848 978 1040 1028 ἀμοιὸαίαν
1055 980 1142 1018 ἀπο-

95 1037 250 1087 κομίζειν
269 1039 307 1076 ἐκ
320 1041 379 1076 τοῦ
405 1036 563 1088 Χοσρόου
582 1036 762 1087 ἀγγελίαν,
785 1035 912 1089 κυρίως
935 1036 971 1074 δὲ
985 1038 1032 1080 ὡς
1050 1039 1143 1075 ἑτοι-

95 1096 235 1145 μότατα
257 1095 331 1148 ἔχοι
347 1094 407 1134 καὶ
427 1094 529 1138 αὐτὸς
551 1096 686 1132 στεῖλαι
701 1092 779 1137 τοὺς
793 1093 966 1146 ἄρχοντας
987 1094 1079 1134 κατὰ
1100 1095 1142 1143 δὴ

98 1155 143 1192 τὰ
163 1154 240 1206 ὅρια
265 1158 327 1201 τῆς
348 1153 412 1202 ἕω,
439 1157 485 1198 ὡς
503 1153 544 1191 ἂν
559 1154 593 1190 ἐν
613 1154 662 1206 τῷ
681 1154 775 1205 αὐτῷ
797 1152 974 1204 γενόμενοι
1006 1159 1078 1197 τοῖς
1104 1156 1143 1194 ἐκ

92 1212 283 1263 Ῥωμαίων
314 1211 656 1265 ἐκπεμφθησομένοις
674 1210 885 1259 σκοπήσοιέν
909 1227 946 1250 τε
977 1212 1038 1250 καὶ
1066 1213 1138 1252 δια-

95 1271 278 1325 σκέψοιντο
304 1271 397 1316 ὅπως
415 1270 484 1342 χρὴ
508 1270 553 1308 τὰ
572 1268 664 1309 ὅπλα
691 1270 918 1313 καταθέσθαι.
943 1271 1139 1325 Ἀνακρινο-

97 1329 201 1381 μένου
219 1329 340 1368 τούτου
356 1330 495 1382 πρώτου
515 1329 566 1373 τίς
585 1329 653 1382 ἄρα
673 1329 832 1368 πολιτεία
853 1332 915 1377 τῆς
928 1329 1059 1373 λύσεως
1073 1333 1142 1369 τῶν

95 1387 438 1435 πεντηκοντουτίδων
454 1388 610 1426 σπονδῶν
628 1387 722 1426 αἰτία
741 1386 893 1438 ἐγένετο;
924 1381 1022 1440 ᾡτινί
1040 1405 1079 1441 γε
1100 1389 1142 1436 δή

93 1462 160 1485 που
181 1446 443 1499 ἐμφρονέστατα
453 1463 526 1490 πως
542 1446 754 1497 ἀπεκρίνατο
771 1449 788 1484 ὃ
809 1447 1007 1498 Καῖσαρ,ι
988 1464 1034 1492 ως
1053 1463 1140 1501 πρε-

94 1504 254 1557 σὸυτέρῳ
268 1504 474 1556 τυγχάνοντι
489 1507 627 1556 βασιλεῖ
641 1507 788 1558 Περσῶν
804 1506 904 1548 αὐτὸς
918 1506 969 1543 ἔτι
991 1505 1064 1550 νέος
1081 1505 1141 1554 ὢν,

94 1563 154 1602 καὶ
174 1563 254 1602 ὅσον
274 1564 332 1602 ἐπὶ
348 1566 391 1614 τῇ
414 1564 512 1615 ἀκμῇ
525 1566 586 1609 τῆς
601 1563 740 1611 ἡλικίας
760 1563 918 1614 Χοσρόου
937 1565 1019 1608 παῖς
1038 1569 1140 1603 καθε-

95 1622 201 1669 στὼς,
222 1621 358 1672 ἕτοιμος
373 1621 425 1669 εἴη
439 1622 494 1674 ἐφ’
512 1620 595 1674 ὅπερ
613 1621 653 1660 ἂν
671 1624 799 1666 ἐκεῖνος
812 1622 978 1674 ἡγήσοιτο
995 1622 1140 1674 ἕπεσθαί

94 1683 146 1730 οἳ,
163 1681 245 1732 καὶ,
267 1681 336 1719 εἴτε
355 1681 399 1718 τὰ
429 1680 507 1733 ξίφη
529 1680 686 1732 βούλοιτο
703 1682 773 1719 εἴτε
789 1681 851 1728 τὴν
874 1682 1040 1734 ἡσυχίαν,
1058 1684 1139 1720 ἀκο-

94 1739 292 1786 λουθήσειν.
311 1738 541 1791 Ἀποπέμψας
563 1734 620 1777 οῧν
642 1739 699 1778 ἐπὶ
722 1742 869 1779 τοιοῖσδε
898 1741 956 1779 τὸν
987 1740 1138 1790 Ναδώην

94 1801 112 1836 ὃ
133 1800 275 1850 Καῖσαρ
297 1799 360 1836 οὐκ
393 1800 426 1842 ἐς
451 1798 589 1850 μακρὰν
613 1798 673 1836 καὶ
691 1799 791 1842 αὐτὸς
818 1798 950 1837 ἔστειλε
967 1799 1059 1837 κατὰ
1075 1798 1138 1846 τὴν

95 1856 187 1908 ἑῴαν
197 1856 275 1900 τοὺς
294 1851 331 1894 εῧ
343 1857 570 1904 διαθήσοντας
586 1857 629 1895 τὰ
645 1857 846 1909 ἀμφίὸολα,
867 1858 899 1900 ἐς
918 1857 1042 1895 ταύτὸν
1066 1873 1137 1896 συν-

95 1915 343 1966 ελευσομένους
372 1921 442 1958 τοῖς
455 1918 602 1967 Περσῶν
620 1915 803 1966 ἡγεμόσιν.
818 1910 936 1954 *How
959 1915 993 1953 δὲ
1013 1917 1044 1954 οἳ
1055 1931 1138 1954 στα-

94 1974 208 2017 λέντες
228 1974 408 2026 Θεόδωρος
429 1977 447 2012 ὃ
461 1974 620 2027 Πέτρου,
638 1974 673 2018 ὃς
685 1976 751 2011 τῶν
772 1976 806 2012 ἐν
827 1976 869 2025 τῇ
898 1974 986 2025 αὐλῇ
997 1975 1145 2013 καταλό-

95 2047 165 2082 γων
201 2031 268 2084 πρὸ
301 2032 423 2070 τούτου
453 2032 634 2083 γενόμενος
669 2032 808 2084 ἡγεμὼν
843 2036 1036 2079 τηνικαῦτα
1077 2035 1144 2071 τῶν

100 2091 239 2141 βασιλεῖ
263 2089 450 2141 ἀνειμένων
481 2089 702 2142 προειστήκει
731 2092 936 2142 θησαυρῶν,
967 2090 1056 2142 οἵγε
1077 2091 1146 2129 ἀπὸ

94 2204 188 2244 legati
211 2203 297 2244 apud
316 2205 454 2243 Turcos3
477 2212 518 2235 ex
542 2212 580 2235 eo
597 2203 670 2234 inde
691 2206 835 2243 tempore
853 2203 948 2234 Turci
974 2203 1145 2235 adversum

94 2257 254 2287 Romanos
266 2256 375 2296 aperte
387 2255 507 2287 bellum
525 2255 688 2295 gerebant.
704 2257 765 2286 Eos
779 2255 888 2295 igitur,
903 2255 960 2295 qui
973 2255 1060 2286 missi
1075 2256 1146 2287 sue-

94 2310 185 2347 rant,
199 2308 281 2339 inter
307 2317 388 2348 quos
404 2309 473 2340 erat
486 2309 519 2340 et
532 2308 722 2340 Valentinus
734 2331 743 2347 ,
770 2308 980 2339 'rurxanthus
1002 2308 1146 2346 retinuit,

94 2368 200 2399 neque
212 2359 298 2399 prius
311 2359 441 2398 dimisit,
457 2367 555 2399 quam
568 2359 655 2390 omni
673 2358 800 2390 ludibrii
814 2367 928 2399 genere
938 2367 992 2391 eos
1007 2359 1149 2391 illuserat

96 2413 127 2442 et
141 2411 366 2450 exagitaverat.

597 2462 656 2494 46.

142 2517 227 2546 Dum
244 2517 462 2547 Romanorum
476 2515 573 2546 duces
583 2516 752 2546 Persarum
766 2516 948 2547 Armeniam
965 2516 1147 2556 populatio-

97 2567 192 2599 nibus
211 2569 385 2607 vexarent,
403 2567 532 2599 advenit
556 2567 680 2599 Nadoes
696 2567 817 2599 electus
835 2568 867 2599 et
880 2576 899 2599 a
919 2568 1062 2600 chosroe
1076 2569 1148 2600 mis-

97 2629 152 2652 sus
178 2620 218 2652 ad
245 2620 401 2652 minorem
413 2644 422 2660 ,
453 2629 550 2660 quarn
575 2621 711 2659 vocant,
738 2619 928 2660 legationem
952 2621 1146 2652 obeundam.

98 2673 193 2703 Hunc
214 2680 401 2712 responsum
420 2672 501 2703 ferre
521 2671 560 2702 ad
578 2671 768 2709 legationem
783 2670 942 2703 Theodori
955 2671 1073 2703 Bacchi
1092 2672 1149 2703 tilii

95 2724 187 2764 iussit
203 2724 360 2756 chosroes
370 2747 380 2763 ,
394 2724 426 2755 et
437 2722 626 2754 nominatim
641 2722 790 2754 nuntiare
801 2722 964 2762 Romanis,
978 2731 1046 2755 sese
1059 2732 1149 2764 para-

97 2781 168 2808 tum
184 2785 251 2808 esse
274 2776 402 2808 mittere
415 2775 582 2816 primarios
595 2775 680 2807 viros
701 2775 741 2807 ad
761 2775 840 2807 fines
853 2775 1009 2814 Orientis,
1025 2777 1061 2807 ut
1074 2784 1149 2807 cum

98 2829 158 2869 his,
176 2837 256 2869 quos
272 2828 407 2860 Romani
423 2827 607 2866 mitterent,
630 2826 848 2868 prospicerent
866 2830 898 2858 et
914 2826 1071 2866 viderent,
1087 2835 1149 2867 qua

99 2882 223 2913 ratione
237 2889 326 2912 arma
351 2880 559 2920 deponerent.
590 2881 699 2917 Quum
722 2880 777 2912 ille
806 2879 946 2920 primum
972 2881 1149 2920 quaereret,

99 2941 247 2973 quaenam
265 2940 359 2963 causa
373 2933 404 2963 et
423 2932 504 2963 ratio
519 2931 614 2964 tuerit
633 2931 863 2972 quinquaginta
874 2939 1034 2963 annorum
1059 2931 1150 2963 indu-

100 2985 164 3016 cias
179 2982 337 3014 violandi:
352 2983 526 3023 prudenter
540 2985 646 3015 caesar
661 2983 835 3023 respondit,
853 2991 887 3015 se
899 2981 1029 3023 quidem
1043 2992 1150 3024 regem

101 3040 272 3069 Persarum
283 3059 292 3074 ‚
306 3035 362 3075 qui
373 3036 478 3066 senior
491 3036 584 3075 esset,
597 3036 714 3076 quippe
725 3035 792 3076 qui,
806 3044 840 3067 se
860 3035 966 3067 adhuc
978 3044 1095 3076 puero,
1119 3036 1150 3067 in

102 3089 179 3119 llore
194 3087 299 3118 aetatis
309 3095 376 3118 suae
396 3087 588 3118 constitutus
601 3088 695 3126 soret,
710 3088 908 3127 secuturum,
920 3088 952 3119 et
965 3087 1031 3119 sive
1046 3096 1148 3127 arma,

101 3141 167 3171 sive
178 3147 287 3180 pacem
303 3138 418 3177 velletf,
429 3140 538 3170 utrum
549 3138 704 3178 elegisset,
712 3141 837 3178 gratum
850 3140 1083 3180 acceptumque
1092 3140 1149 3171 ha-

102 3192 256 3224 biturum.
267 3193 322 3224 His
330 3192 424 3224 dictis
435 3194 541 3224 caesar
549 3192 688 3224 Nadoem
696 3193 828 3232 dimisit,
837 3201 897 3225 nec
908 3193 1012 3225 multo
1019 3194 1089 3233 post
1098 3193 1150 3224 de·

102 3244 219 3284 legavit
231 3244 270 3275 ad
282 3247 388 3284 partes
399 3243 549 3283 Orientis,
564 3244 619 3284 qui
637 3245 868 3276 controversias
881 3245 1109 3286 componerent
1119 3245 1151 3276 et

103 3304 178 3326 cum
196 3298 362 3327 Persarum
388 3293 583 3335 principibus
599 3295 817 3327 convenirent.
843 3298 988 3328 Fuerunt
1006 3305 1084 3328 vero
1094 3295 1150 3335 qui

103 3347 283 3378 missisunt
307 3355 325 3377 a
342 3346 494 3378 RomaniS
523 3346 729 3385 ¹l'heodorus,
758 3347 843 3378 Petri
869 3347 964 3387 filius,
991 3350 1065 3379 ante
1084 3347 1149 3378 dux

103 3397 376 3438 numerariorum,
397 3399 475 3429 tunc
499 3397 653 3438 temporis
678 3398 902 3430 thesaurorum
922 3407 1051 3438 eomes,
1069 3406 1150 3439 quos

104 3451 285 3491 largitiones
309 3452 452 3484 Romana
475 3450 581 3490 lingna
605 3451 719 3483 vocant
737 3450 866 3492 (largos
896 3451 980 3484 enim
1002 3461 1073 3491 eos,
1094 3452 1148 3492 qui

838 246 1114 287 MENANDRI
1145 247 1494 288 PROTECTORlS

1203 336 1265 382 τῆς
1301 335 1480 388 δαψιλείας
1510 339 1552 388 τῇ
1579 335 1766 386 Ῥωμαίων
1796 337 2110 390 προσαγορεύονται
2143 341 2242 393 φωνῇ

1207 393 1390 446 (Ααργους
1407 392 1474 447 γὰρ
1504 396 1534 433 οἱ
1570 397 1712 434 Λατῖνοι
1733 394 1773 433 τὸ
1799 397 1940 448 δαψιλὲς
1970 395 2071 448 [τους
2086 399 2241 451 δαψιλεῖς

1202 453 1312 491 Nieb.
1323 452 1621 506 ]·ὀνομάζουσιν),
1642 453 1807 500 Ἰωάννης
1828 470 1866 492 τε
1884 454 1946 493 καὶ
1961 455 2117 508 Πέτρος,
2137 455 2244 510 ἄμφω

1201 513 1245 562 τῇ
1262 512 1329 548 τῶν
1348 511 1490 549 ὑπάτων
1513 511 1739 563 τετιμημένοι
1757 511 1857 566 ἀξία,
1879 512 1965 566 πρός
1985 529 2024 565 γε
2043 514 2104 552 καὶ
2119 517 2242 568 Ζαχα-

1205 568 1280 620 ρίας
1299 569 1332 606 ἐν
1364 574 1435 613 τοῖς
1462 570 1649 622 βασιλείοις
1667 570 1970 622 καταταττόμενος
1996 575 2139 626 ἰατροῖς.
2195 573 2246 613 Οἳ

1203 626 1245 673 δὴ
1264 627 1441 678 γενόμενοι
1468 630 1502 672 ἐς
1518 628 1788 668 Κωνσταντίναν
1809 629 1926 680 πόλιν,
1940 629 2003 677 τὴν
2031 629 2162 682 μεταξὺ
2176 633 2246 670 τῶν

1203 687 1385 735 ποταμῶν,
1405 686 1568 738 ἀνέμενον
1588 687 1812 739 ἐλευσόμενον
1833 689 1872 727 ἐκ
1890 692 1952 728 τοῦ
1968 688 2129 742 Χοσρόου
2146 691 2180 734 ἐς
2201 689 2248 730 τὰ

1203 743 1282 796 περὶ
1299 744 1438 783 Νίσιὸιν
1455 744 1516 784 καὶ
1532 745 1572 784 τὸ
1588 745 1709 799 Δάρας
1727 746 1904 795 Μεὸώδην
1922 747 1980 786 τὸν
2002 749 2246 802 Σανναχοερύ-

1203 817 1281 853 γαν,
1299 796 1328 840 ω
1350 802 1393 850 δὴ
1410 802 1450 842 τὸ
1470 807 1572 856 κ’ὔρος
1586 806 1655 843 τῶν
1673 805 1750 858 περὶ
1771 804 1834 852 τὴν
1858 805 1997 857 εἰρήνην
2015 806 2162 855 ἔπεθηκε
2171 808 2247 847 Xo-

1203 859 1321 913 σρόης.
1345 860 1434 900 Κατ’
1454 861 1558 900 αὐτὸν
1575 860 1611 901 δὲ
1625 861 1683 901 τὸν
1697 862 1820 915 χρόνον
1833 863 1895 902 καὶ
1909 863 2102 917 Ἀστέριος,
2113 859 2162 909 εις
2176 867 2246 904 τῶν

1206 919 1391 970 βασιλείων
1403 921 1604 971 διαιτητῶν,
1623 920 1680 965 οὒς
1695 920 1736 968 δὴ
1752 922 1984 976 ἀντιγραφέας
2001 922 2246 972 ἀποκαλέσοις,

1205 978 1422 1030 δορυάλωτος
1453 976 1502 1015 ὢν
1531 979 1680 1031 ἀνῃρέθη
1701 979 1769 1018 ὑπὸ
1798 980 1976 1031 Χοσρόου,
2003 980 2173 1034 φωραθεὶς
2200 984 2248 1027 ὥς

1203 1036 1356 1088 κρύὸδην
1379 1036 1562 1090 ἐγεγράφει
1585 1039 1721 1090 βασιλεῖ
1748 1040 1817 1076 τῶν
1847 1038 2038 1090 Ῥωμαίων
2068 1040 2267 1085 ἐπιθέσθαι.

1203 1094 1460 1146 κεκακωμένοις
1472 1099 1531 1134 νῦν
1557 1097 1724 1150 Πέρσαις.
1783 1097 1956 1136 Μεὸώδου
1981 1096 2016 1136 δὲ
2037 1099 2247 1152 ἀφικομένου

1205 1155 1239 1192 ἐν
1256 1155 1326 1197 τοῖς
1345 1154 1448 1207 ὁρίοις
1465 1153 1599 1205 ἅμιλλα
1619 1154 1682 1206 μέν
1702 1171 1754 1198 τις
1766 1155 1887 1207 γέγονε
1898 1156 2066 1209 πρότερον
2089 1157 2184 1209 αὐτῷ
2211 1171 2249 1195 τε

1203 1213 1263 1251 καὶ
1277 1215 1346 1257 τοῖς
1357 1212 1448 1266 ἀμφὶ
1465 1213 1639 1267 Θεοδώρῳ
1652 1214 1714 1252 καὶ
1729 1213 1894 1268 Ζαχαρία
1904 1214 1984 1268 περὶ
1996 1230 2056 1254 του
2074 1214 2154 1254 ὅποι
2169 1213 2248 1254 δέον

1203 1271 1418 1318 ποιήσασθαι
1435 1270 1498 1318 τὴν
1518 1272 1726 1317 ξυνέλευσιν.
1756 1272 1931 1324 Ῥωμαῖοι
1953 1273 2015 1323 μὲν
2043 1271 2114 1326 γαρ
2129 1272 2248 1321 ἠξίουν

1203 1331 1238 1369 ἐν
1259 1336 1327 1374 τοῖς
1344 1331 1500 1368 τελοῦσιν
1519 1331 1576 1369 ἐπὶ
1597 1331 1636 1369 τὸ
1660 1331 1780 1384 Δάρας
1794 1331 1955 1384 χωρίοις,
1975 1325 2031 1370 οἷα
2049 1331 2091 1379 δὴ
2114 1331 2250 1376 οἰκείοις

1203 1391 1398 1428 καθεστωσι
1412 1419 1423 1439 ,
1455 1388 1716 1443 ξυγκροτεισθαι
1751 1389 1814 1438 τὴν
1854 1389 2064 1439 ἐκκλησίαν·
2094 1389 2185 1444 ἀτὰρ
2219 1392 2251 1429 οἱ

1206 1447 1345 1500 Πέρσαι
1375 1447 1542 1500 ἔφασκον,
1563 1448 1640 1487 ἐπεὶ
1669 1452 1691 1496 ἡ
1717 1449 1818 1492 πόλις
1834 1450 1949 1493 αὐτοῖς
1977 1451 2028 1503 τῷ
2057 1451 2174 1503 θεσμῷ
2189 1453 2250 1489 τοῦ

1205 1506 1360 1556 πολέμου
1372 1506 1541 1554 ὑπεκλίθη
1554 1536 1564 1554 ,
1588 1508 1652 1545 οὐκ
1673 1507 1742 1545 ἀπὸ
1754 1508 1901 1581 τρόπου,
1922 1507 2040 1546 καὶτὰ
2051 1508 2116 1548 ὅσα
2129 1523 2169 1560 γε
2183 1507 2249 1547 υπὸ

1203 1564 1268 1610 τὴν
1283 1564 1383 1603 πόλιν
1400 1565 1563 1618 ἁρμόζειν
1584 1566 1718 1613 αὐτοῖς,
1733 1565 1793 1604 καὶ
1805 1567 1844 1604 οὐ
1865 1565 1939 1604 δέον
1958 1567 2071 1604 ἐκεῖσε
2086 1565 2248 1615 ξυνιέναι,

1204 1626 1260 1661 οἷα
1281 1622 1330 1673 μὴ
1343 1624 1571 1662 καθεστώτων
1585 1624 1782 1676 ὁροθεσίων.
1798 1624 1900 1663 Μετὰ
1915 1640 1996 1675 γουν
2010 1640 2145 1675 ταυτα,
2160 1624 2250 1664 ουτω

1204 1682 1325 1720 δοκοῦν
1347 1681 1553 1734 ἀμφοτέροις
1564 1688 1636 1726 τοῖς
1650 1682 1794 1735 μέρεσι,
1817 1682 2014 1730 ξυνηλθον’
1999 1699 2034 1721 εν
2059 1699 2109 1721 τω
2127 1682 2169 1730 δὴ
2182 1685 2249 1722 λε-

1203 1740 1342 1793 γομένῳ
1360 1740 1577 1793 Ἀθραήλων·
1599 1741 1688 1794 πρὸς
1705 1747 1779 1785 τοῖς
1793 1741 1852 1780 καὶ
1873 1743 1903 1779 οἱ
1921 1741 2102 1794 ἐπιχώριοι
2124 1741 2250 1794 ἄρχον·

1203 1815 1258 1843 τες
1283 1799 1460 1844 πολιτείας
1481 1799 1697 1852 ἀμφοτέρας.
1722 1801 1796 1839 Καὶ
1824 1800 1936 1838 τοίνυν
1958 1799 2187 1853 προύτίθεσαν
2214 1801 2252 1844 ἅς

1204 1873 1242 1909 γε
1263 1857 1431 1903 δήπουθεν
1458 1857 1565 1909 ᾤοντο
1585 1859 1664 1896 κατ’
1694 1858 1858 1905 ἀλλήλων
1877 1858 1940 1902 τὰς
1962 1859 2138 1902 πολιτείας
2158 1858 2250 1911 ἔχειν

1206 1916 1337 1963 αἰτίας,
1366 1919 1412 1960 ὡς
1444 1919 1504 1963 τῆς
1529 1916 1647 1967 ἑτέρας
1672 1915 1735 1963 τὴν
1765 1916 1884 1969 ἑτέραν
1906 1916 2010 1955 ἄδικοί
2035 1933 2074 1956 τε
2100 1917 2159 1955 καὶ
2182 1919 2248 1970 οὐχ

1207 1975 1286 2013 ὅσια
1315 1974 1561 2027 εἰργασμένης,
1582 1975 1927 2029 παρασπονδησάσης
1943 1992 1982 2014 τε
2006 1975 2067 2014 καὶ
2091 1976 2246 2027 πόλεμον
2289 2003 2291 2006 .

1210 2032 1328 2071 ἄδικον
1349 2034 1527 2084 ἑλομένης.
1558 2035 1739 2073 Πλείστων
1766 2035 1800 2072 δὲ
1825 2033 1914 2073 δ’σων
1942 2035 2108 2088 ῥημάτων
2126 2034 2160 2079 ἐξ
2177 2037 2249 2085 ἀμ-

1211 2098 1286 2144 φοῖν
1306 2094 1377 2131 τοῖν
1395 2093 1530 2146 μεροῖν,
1545 2092 1591 2136 ὥς
1606 2109 1656 2140 πη
1675 2092 1811 2144 ἔτυχεν,
1827 2093 2054 2146 ἐρριμμένων,
2073 2092 2186 2145 χύδην
2209 2108 2245 2130 τε

1208 2204 1371 2237 liberalius
1383 2214 1441 2237 sua
1454 2205 1673 2246 profundunt,
1690 2205 1793 2237 Latini
1814 2205 1972 2245 vocant),
1988 2207 2128 2237 Joannes
2150 2206 2183 2238 et
2195 2207 2254 2238 Pe-

1207 2258 1278 2289 trus
1293 2257 1388 2288 ambo
1401 2257 1588 2289 consulatus
1604 2257 1757 2297 dignitate
1773 2258 1876 2289 ornati
1893 2269 1900 2289 ε
1915 2258 2068 2297 praeterea
2084 2257 2253 2289 Zacharias

1194 2308 1241 2354 »in
1263 2309 1423 2349 regiorum
1445 2307 1644 2340 medicorum
1658 2317 1828 2340 numerum
1850 2308 1978 2341 relatus.
1993 2309 2035 2341 Hi
2052 2317 2128 2340 vero
2139 2308 2196 2340 ubi
2219 2309 2253 2341 in

1208 2361 1450 2392 Constantinam
1474 2360 1587 2392 urbem
1611 2360 1643 2391 in
1660 2361 1888 2401 Mesopotamia
1898 2377 1904 2381 -
1915 2361 2008 2392 sitam
2035 2359 2251 2400 advenerunt,

1207 2412 1376 2444 Mebodem
1391 2413 1704 2453 Sannachoerygam,
1717 2413 1772 2454 qui
1782 2422 1801 2444 a
1811 2413 1952 2445 Chosroe
1964 2413 1996 2445 in
2014 2412 2084 2444 loca
2098 2412 2183 2445 circa
2192 2413 2251 2446 Ni-

1207 2463 1287 2496 sibin
1298 2465 1330 2496 et
1346 2467 1446 2496 Daras
1457 2465 1572 2496 missus
1579 2466 1659 2503 erat,
1674 2466 1912 2504 exspectarunt.
1933 2464 2017 2496 Huic
2029 2464 2115 2496 enim
2125 2464 2251 2505 plenam

1208 2516 1293 2556 pacis
1319 2515 1548 2547 confirmandae
1575 2515 1800 2547 auctoritatem
1832 2516 1990 2548 chosroes
2033 2516 2251 2549 commiserat.

1209 2568 1329 2600 Eodem
1356 2568 1420 2600 fere
1440 2569 1586 2608 tempore
1601 2568 1758 2600 chosroes
1782 2568 1942 2600 Asterium
1962 2568 2015 2608 (is
2032 2568 2102 2600 erat
2115 2577 2200 2602 nnus
2211 2577 2252 2601 ex

1208 2621 1413 2660 imperatoris
1436 2620 1615 2661 judicibus,
1643 2630 1723 2661 quos
1739 2621 1972 2654 contrascribas
1987 2621 2176 2662 vocaveris)
2194 2630 2253 2654 oc-

1208 2672 1304 2712 eidit,
1322 2672 1396 2712 quia
1418 2672 1634 2712 deprehensus
1650 2674 1715 2712 est,
1733 2672 1812 2705 dum
1827 2673 1973 2713 captivus
1994 2674 2094 2713 osset,
2111 2673 2196 2705 clam
2211 2673 2252 2705 li-

1208 2725 1292 2755 teras
1304 2723 1464 2764 scripsisse
1476 2723 1517 2755 ad
1536 2724 1761 2764 imperatorem
1783 2726 2018 2765 Romanorum,
2040 2726 2089 2764 ut,
2112 2724 2190 2756 dum
2202 2733 2255 2758 res

1210 2777 1378 2806 Persarum
1391 2775 1517 2807 afflictae
1527 2777 1648 2815 essent,
1663 2784 1717 2807 eos
1730 2775 1922 2808 adoriretur.
1938 2776 2089 2809 Mebodes
2098 2785 2200 2818 quum
2211 2776 2253 2809 ad

1209 2826 1324 2858 limites
1334 2826 1534 2865 accessisset,
1548 2828 1710 2858 certamen
1725 2826 1771 2858 illi
1787 2835 1861 2858 cum
1873 2827 2040 2860 Theodoro
2055 2829 2088 2860 et
2099 2827 2254 2861 Zacharia

1210 2877 1355 2918 inprimis
1372 2878 1449 2917 suit,
1467 2886 1532 2918 quo
1550 2877 1583 2909 in
1602 2878 1673 2909 loeo
1691 2879 1910 2910 convenirent.
1926 2879 2063 2911 Romani
2089 2879 2252 2920 petebant,

1208 2931 1402 2962 conventum
1428 2930 1477 2970 agi
1500 2930 1531 2962 in
1558 2930 1700 2962 finitimis
1728 2932 1826 2962 Daras
1840 2931 1939 2971 locis,
1959 2931 2076 2972 quippe
2096 2941 2172 2973 quoe
2193 2940 2254 2965 sua

1209 2983 1323 3015 essent.
1341 2983 1460 3015 contra
1477 2985 1580 3015 Persae
1590 2983 1750 3023 dicebant,
1763 2983 2024 3024 quandoquidem
2040 2993 2078 3016 ea
2090 2985 2167 3017 urbs
2177 2985 2252 3026 jure

1209 3034 1282 3067 belli
1293 3034 1443 3068 Romanis
1451 3033 1592 3074 subjecta
1603 3035 1696 3074 esset,
1708 3043 1773 3066 non
1786 3043 1804 3066 a
1817 3034 2095 3068 verisimilitudine
2110 3036 2251 3070 alienum

1184 3083 1190 3088 ”
1209 3096 1295 3128 esse,
1316 3095 1445 3119 omnem
1464 3088 1622 3128 regionem
1639 3087 1724 3118 circa
1740 3087 1826 3119 illam
1851 3095 1962 3119 eorum
1978 3088 2124 3128 partibus
2141 3089 2252 3122 adhae-

1210 3148 1298 3178 rere,
1315 3147 1419 3179 neque
1436 3138 1500 3170 illic
1522 3138 1562 3170 ad
1588 3139 1784 3179 colloquium
1802 3139 1973 3171 convenire
1996 3141 2161 3179 oportere,
2177 3141 2252 3182 quia

1210 3190 1341 3222 minime
1353 3190 1440 3230 regio
1453 3189 1507 3221 illa
1520 3192 1601 3221 esset
1614 3189 1696 3222 inter
1705 3190 1882 3222 limitaneas
1898 3192 2066 3223 censenda.
2080 3193 2154 3224 Post
2167 3193 2251 3232 hmo,

1210 3244 1255 3275 sic
1270 3242 1356 3274 enim
1372 3242 1516 3282 utrisque
1531 3242 1648 3280 visum,
1663 3242 1702 3273 ad
1715 3242 1964 3282 colloquendum
1980 3246 2200 3276 convenerunt
2219 3244 2252 3277 in

1210 3295 1281 3327 loco
1293 3293 1349 3334 qui
1361 3293 1479 3325 dieitur
1493 3294 1687 3332 Athraelon,
1706 3294 1739 3325 et
1757 3302 1830 3324 cum
1858 3293 1918 3325 illis
1943 3302 2070 3334 quoque
2087 3295 2254 3336 utriusque

1211 3345 1404 3386 reipublicae
1430 3345 1603 3385 principes,
1619 3345 1674 3385 qui
1689 3353 1741 3376 eas
1761 3344 1904 3384 regiones
1927 3345 2118 3378 incolebant.
2138 3346 2207 3378 lllic
2219 3347 2252 3378 in

1211 3398 1352 3430 medium
1368 3398 1620 3438 proposuerunt,
1646 3405 1727 3437 quas
1742 3397 1829 3428 ultro
1854 3399 2000 3438 citroque
2028 3389 2253 3431 existimabant

1212 3450 1328 3483 habere
1338 3458 1371 3482 se
1385 3451 1497 3482 mutuo
1510 3450 1679 3482 accusandi
1693 3457 1802 3482 causas
1811 3473 1819 3489 ,
1833 3459 1905 3490 quae
1917 3450 1995 3482 alter
2009 3451 2144 3492 populus
2161 3450 2252 3484 alteri
