2326 3724
0 267 12 286 ⁴2
0 247 11 259 ·„
7 236 9 238 -
0 186 15 228 ΤΥΣ
0 164 11 179 Ν
0 86 22 158 '‘ms-:f
0 0 19 78 {⁸343}

955 206 1291 247 FRAGMENTA.

307 312 371 357 34.
397 311 510 363 (366.
529 314 646 351 Leon.
668 324 728 349 an.
754 311 842 363 30.)

98 402 190 440 Exc.
216 402 273 438 De
291 402 365 450 leg.
393 408 496 450 gent.
528 414 570 450 p.
603 400 666 443 43.
691 404 739 444 44
773 413 781 435 :
811 396 898 437 “Ort
919 397 1007 449 μετὰ
1035 398 1092 437 τὸν

0 447 14 451 >⁷
47 457 257 511 ἐμπρησμὸν
275 460 338 505 τῆς
353 458 486 502 πόλεως
501 457 561 497 τὸν
580 458 638 496 ἐπὶ
661 457 808 500 Λέοντος
825 452 909 504 ἧκεν
925 459 943 495 ὃ
963 457 1092 496 Γωὸά-

14 528 25 562 Ϊ·
47 518 107 563 ζης
123 515 185 554 σὺν
202 515 371 568 Διονυσίῳ
390 517 424 560 ἐς
439 515 501 562 τὴν
522 514 765 555 Κωσταντίνου
777 545 788 566 ,
804 513 984 566 Περσικὴν
1001 515 1090 568 ἔχων

974 571 1044 612 ΑΟν
1063 574 1093 610 οἱ

47 573 172 621 στολὴν
188 573 248 612 καὶ
269 576 319 627 τῷ
337 575 487 627 Μηδικῷ
506 572 796 626 δορυφορούμενος
814 573 947 626 τρόπῳ.

12 658 15 670 «
47 631 135 686 ἀμφὶ
153 631 197 670 τὰ
217 632 378 684 βασίλεια
395 631 575 681 δεξάμενοι
590 632 757 684 πρότερον
778 631 838 682 μὲν
856 635 918 671 τοῦ
934 647 1093 684 νεωτερι-

46 694 135 742 σμοῦ
155 690 448 752 κατεμέμψαντο,
464 690 585 729 ἔπειτα
605 691 640 728 δὲ
659 690 1026 744 (ριλοφρονησάμενοι’
1007 690 1095 729 απέ-

45 729 210 804 πεμψαν·
228 744 296 788 εἷλε
315 750 384 803 γὰρ
406 749 529 794 αὐτους
549 752 592 800 τῇ
606 765 643 787 τε
663 750 794 788 θωπεία
810 752 878 788 τῶν
898 749 1020 801 λόγων,
1034 749 1094 788 καὶ

45 808 91 848 τὰ
103 811 171 848 τῶν
191 810 410 861 Χριστιανῶν
436 808 680 862 ἐπιφερόμενος
699 789 878 859 σύμέολα.

97 871 325 918 Fragmento
341 869 389 905 26
407 870 566 918 legimus
583 870 775 908 Gobazem
791 869 840 905 ad
856 871 1022 905 Leonem
1034 881 1095 905 ve-

45 928 127 965 nire
142 927 309 975 jussum,
339 935 543 976 antequam
575 928 862 976 obsequeretur,
884 929 1094 977 postulasse

44 994 88 1024 ut
105 987 306 1035 Dionysius
326 987 376 1023 ad
402 999 441 1023 se
472 987 636 1032 veniret,
667 987 734 1034 qui
763 985 878 1023 fidem
901 994 1096 1035 praestaret

45 1046 139 1082 nihil
154 1046 276 1093 iniqui
287 1046 479 1083 Gobazem
493 1058 695 1095 passurum
709 1058 800 1082 esse.
819 1047 908 1084 Haec
929 1046 1095 1094 assigna-

44 1105 167 1141 vimus
196 1116 297 1141 anno
333 1103 432 1151 456,
464 1105 644 1140 suadente
670 1111 751 1140 tum
781 1105 966 1140 Marciani
996 1106 1095 1153 regis

45 1165 260 1208 mentione,
282 1171 362 1199 tum
381 1165 476 1200 serie
496 1171 778 1212 excerptorum.
794 1163 935 1201 Contra
948 1171 1092 1209 nostra,

46 1235 165 1271 quum
180 1223 286 1258 urbis
311 1223 490 1269 incendio
511 1222 597 1272 (die
619 1235 640 1258 2
658 1234 777 1258 mens.
794 1223 898 1271 Sept.
915 1234 978 1258 an.
999 1221 1093 1270 465)
1111 1233 1119 1241 ·

45 1283 261 1331 posteriora
276 1283 372 1327 sint,
397 1282 446 1318 ad
466 1281 580 1318 finem
601 1282 690 1317 anni
724 1281 798 1323 465
818 1282 879 1317 vel
897 1282 1026 1330 potius
1043 1282 1091 1317 ad

47 1351 110 1377 an.
133 1339 209 1381 466
228 1340 419 1388 pertinere
438 1339 599 1384 debent,
627 1346 665 1375 et
684 1352 772 1374 cum
798 1340 845 1374 iis
865 1352 948 1387 quae
968 1339 1014 1374 fr.
1045 1339 1093 1375 26

46 1405 262 1443 narrantur,
283 1398 464 1447 componi
488 1410 568 1433 non
584 1405 763 1447 possunt,
784 1405 828 1433 ut
842 1405 946 1434 recte
965 1399 1095 1434 statuit

47 1457 263 1494 Tillemont.
290 1458 342 1494 VI
354 1484 366 1506 ,
382 1470 424 1506 p.
451 1456 528 1504 389
544 1463 581 1492 et
598 1456 690 1492 633.

373 1542 438 1580 35.
462 1542 523 1593 (c.
548 1556 611 1582 an.
644 1543 770 1594 466.)

101 1631 248 1668 Ibidem
265 1644 305 1680 p.
325 1635 403 1674 44;
421 1628 509 1670 ’Ότι
522 1630 646 1680 Σκίροι
659 1629 719 1668 καὶ
738 1631 768 1669 l
770 1629 861 1668 ότθοι
875 1631 922 1674 εἷς
937 1629 1092 1681 πόλεμον

40 1681 263 1730 συνελθόντες
277 1705 336 1728 και
353 1690 668 1742 διαχωρισθέντες’
649 1689 840 1750 αμφότεροι
853 1690 938 1742 πρὸς
951 1690 1094 1741 συμμά·

48 1763 121 1800 χων
141 1747 354 1799 μετάκλησιν
370 1748 687 1800 παρεσκευάζοντο·
706 1751 740 1787 ἐν
761 1743 809 1793 οἶς
823 1749 882 1787 καὶ
899 1748 997 1801 παρὰ
1016 1749 1094 1794 τους

50 1804 153 1860 ἑῴους
172 1800 290 1854 ηλθον.
307 1806 380 1846 Καὶ
400 1805 539 1860 Ἄσπαρ
563 1806 625 1858 μὲν
646 1810 764 1859 ἡγεῖτο
788 1807 989 1860 μηδετέροις
1008 1823 1094 1859 συμ·

49 1871 190 1918 μαχεῖν,
210 1866 262 1904 ὁ
244 1866 279 1904 οὲ
301 1867 526 1919 αὐτοκράτωρ
554 1865 654 1905 Λέων
675 1865 884 1905 ἐδούλετοῗ
855 1867 993 1919 ..κίροις
1013 1868 1094 1905 ἐπι-

48 1927 194 1976 κουρεῒν.
213 1924 284 1964 Καὶ
299 1924 340 1972 δὴ
361 1925 556 1976 γράμματα
572 1924 658 1978 πρὸς
671 1924 728 1963 τὸν
747 1928 780 1964 ἐν
796 1925 975 1977 Ἰλλυριοῖς
990 1941 1093 1978 στρα-

48 1982 152 2034 τηγὸν
173 1982 343 2034 ἔπεμπεν,
365 1982 605 2033 ἐντελλόμενος
624 1998 741 2036 σφισιν
755 1982 847 2022 κατὰ
866 1986 934 2021 τῶν
955 1983 1093 2023 Γότθων

50 2041 210 2094 βοήθειαν
225 2039 287 2088 τὴν
304 2041 548 2095 προσήκουσαν
565 2041 729 2093 πέμπειν.

533 2129 598 2168 36.

459 2206 525 2244 Οτι
545 2199 610 2252 ἧκε
629 2203 721 2244 κατὰ
742 2207 861 2243 τοῦτον
882 2205 941 2243 τὸν
969 2203 1094 2256 χρόνον

98 2207 248 2244 Ibidem
268 2219 307 2256 p.
330 2210 378 2249 44
408 2218 418 2244 :
440 2203 457 2220 ⁸'

547 2319 603 2353 34.

89 2388 164 2420 Post
186 2386 368 2419 incendium
393 2387 553 2427 civitatis,
567 2380 654 2427 quod
667 2385 783 2418 accidit
798 2385 858 2418 sub·
880 2387 1005 2426 Leone,
1029 2388 1092 2418 Go-

48 2438 141 2471 hazes
153 2438 241 2471 venit
259 2437 572 2479 Constantinopolim
591 2446 666 2469 cum
683 2437 854 2478 Dionysio,
872 2438 954 2470 stola
968 2438 1093 2470 Persica

48 2489 196 2530 indutus,
210 2491 243 2522 et
255 2490 422 2522 Medorum
435 2490 468 2521 in
483 2499 605 2521 morem
618 2489 808 2522 satellitibus
828 2490 974 2530 stipatus.
998 2490 1093 2522 Hunc

47 2542 219 2584 imperator
241 2542 386 2583 excepit,
402 2541 435 2574 et
452 2542 591 2582 primum
604 2541 737 2582 quidem
751 2542 792 2574 ob
809 2551 965 2574 novarum
982 2541 1092 2575 rerum

47 2586 188 2627 studium
201 2594 415 2634 vituperavit,
426 2593 540 2625 deinde
550 2595 684 2626 comiter
695 2603 770 2625 eum
780 2594 948 2635 amplexus
957 2594 1091 2626 dimisit.

49 2647 191 2680 Gobazes
206 2647 290 2680 enim
301 2669 310 2684 ‚
328 2647 585 2679 Christianorum
607 2646 755 2688 symbola
772 2649 935 2680 ostentans
947 2671 956 2688 ,
978 2647 1092 2679 blanda

47 2699 189 2731 oratione
203 2707 278 2731 eum
295 2699 390 2740 cepit.

538 2759 596 2791 35.

89 2824 167 2857 Sciri
183 2825 331 2857 etGothi
348 2825 416 2857 acie
431 2824 649 2864 decertantes,
664 2827 696 2858 et
711 2835 730 2857 a
745 2834 850 2867 pugna
864 2826 995 2867 utrique
1008 2835 1090 2858 recc-

49 2874 159 2908 dcntes
169 2901 178 2916 ‚
194 2876 235 2907 ad
251 2876 441 2908 accersenda
456 2877 576 2908 auxilia
592 2877 737 2909 animum
753 2877 949 2918 adiecerunt.
969 2880 1040 2916 Qua
1052 2878 1092 2910 de

49 2935 83 2959 re
92 2929 251 2960 Romanos
264 2936 391 2969 quoque
403 2928 581 2960 orientales
592 2928 753 2961 adierunt.
768 2932 868 2970 Aspar
877 2929 1008 2970 quidem
1020 2938 1092 2962 cen·

46 2977 130 3020 suit,
151 2979 272 3012 neutris
286 2979 505 3020 opitulandum
527 2989 606 3012 esse.
627 2980 688 3012 Sed
704 2981 876 3021 imperator
899 2983 965 3013 Leo
981 2983 1093 3014 statuit

49 3031 142 3065 sciris
151 3041 245 3073 opem
256 3033 348 3065 serre.
361 3034 472 3073 ltaque
482 3033 602 3065 litteras
612 3033 652 3065 ad
663 3034 851 3074 praelectum
864 3035 981 3075 lllyrici
993 3036 1091 3076 misit,

49 3083 323 3126 iussitquequoad
338 3094 467 3118 necesse
488 3088 587 3127 osset,
609 3087 781 3120 auxiliares
796 3089 904 3129 copias
918 3088 1014 3121 sciris
1034 3089 1092 3121 ad·

50 3143 160 3169 versus
175 3138 300 3170 Gothos
312 3137 466 3178 praebere.

541 3199 598 3231 36.

91 3261 210 3294 Eodem
222 3263 366 3302 tempore
379 3262 466 3294 venit
478 3266 509 3294 et
526 3262 567 3294 ad
580 3264 719 3295 Leonem
733 3263 961 3304 imperatorem
979 3263 1093 3304 legatio

50 3321 69 3344 a
83 3312 154 3346 filiis
169 3314 294 3354 Attilae,
317 3316 370 3353 ut,
387 3314 537 3346 omnibus
553 3316 685 3348 omnino
702 3317 939 3356 praeteritorum
952 3316 1092 3348 dissidio-

51 3372 125 3396 rum
143 3366 246 3397 causis
265 3366 432 3405 resecatis,
452 3371 564 3407 pacem
587 3367 719 3406 init-ent,
741 3369 773 3399 et
789 3368 873 3399 inter
889 3375 939 3408 se,
964 3369 1000 3399 ut
1015 3368 1093 3400 olim

29 3438 33 3443 .
55 3417 122 3448 erat
141 3416 170 3448 in
191 3425 280 3449 more
297 3417 452 3458 positum,
470 3417 510 3449 ad
525 3419 642 3450 istrum
659 3415 900 3459 convenientes,
915 3421 1091 3451 mercatum

2127 217 2196 251 107

1153 292 1251 346 παρὰ
1261 295 1330 332 τῶν
1348 291 1496 339 Ἀττήλα
1513 292 1647 331 παίδων
1664 294 1710 336 ὡς
1723 293 1780 331 τὸν
1804 293 1952 346 βασιλέα
1969 294 2100 334 Λέοντα
2115 312 2201 349 πρε-

1155 351 1276 399 σὸεία,
1297 350 1359 396 τὰς
1378 351 1491 396 αἰτίας
1508 351 1699 390 διαλύουσα
1716 355 1778 398 τῆς
1793 352 2063 405 προϋπαρξάσης
2081 355 2202 408 ’διαφο-

1156 417 1233 463 ρᾶς,
1259 411 1319 450 καὶ
1350 414 1396 455 ὡς
1419 411 1488 463 χρὴ
1524 410 1646 455 αὐτοὺς
1676 411 1734 450 ἐπὶ
1754 411 1873 464 εἰρήνῃ
1895 411 2121 461 σπένδεσθαι,
2141 415 2202 452 καὶ

1155 469 1246 508 κατὰ
1265 469 1304 508 τὸ
1321 470 1471 507 παλαιὸν
1493 468 1566 512 ἔθος
1586 469 1684 522 παρὰ
1700 469 1758 507 τὸν
1778 469 1915 521 Ἴστρον
1938 471 1971 513 ἐς
1987 471 2111 508 ταύτὸν
2129 472 2203 510 ἰόν-

1155 543 1217 571 τας
1235 526 1428 578 Ῥωμαίοις
1452 527 1651 580 προτιθέναι
1671 526 1815 579 ἀγορὰν,
1843 527 1902 565 καὶ
1932 527 2203 578 ἀντιλαμὸάνειν

1155 589 1202 624 ὠν
1228 586 1268 625 ἂν
1289 586 1444 643 δεόμενοι
1463 587 1614 653 τύχοιεν.
1640 586 1713 626 Και
1732 590 1754 633 ἠ
1783 585 1846 636 μὲν
1867 588 1961 637 σφῶν
1983 587 2095 624 αὐτῶν
2116 602 2204 639 πρε-

1156 639 1291 677 σ6εία’
1274 656 1309 678 εν
1325 641 1438 678 τοῖσδε
1458 643 1545 678 οὐσα
1567 639 1746 692 ἄπρακτος
1765 638 1929 690 ἐπανῃει·
1947 640 1985 677 οὗ
2005 639 2072 691 γὰρ
2093 640 2204 677 ἐδόκει

1155 700 1206 752 τῷ
1231 698 1448 750 βασιλεύοντι
1472 698 1624 743 Οὔννους
1641 714 1709 736 των
1737 697 1951 748 Ῥωμαίκῶν
1979 697 2204 748 συμὸολαίων

1157 757 1317 810 μετέχειν
1335 757 1450 796 πολλὰ
1468 756 1530 804 τὴν
1553 759 1659 796 αὐτοῦ
1679 756 1908 800 κακώσαντας
1927 759 2009 807 γῆν·
2028 758 2059 794 οἱ
2087 755 2122 794 δὲ
2144 760 2203 795 τοῦ

1156 816 1306 863 Ἀττήλα
1329 817 1450 860 παῖδες
1477 815 1540 863 τὴν
1558 815 1616 853 ἐπὶ
1636 818 1680 869 τῇ
1707 815 1876 868 πρεσὸεία
1898 814 2080 866 ἀπόκρισιν
2103 814 2205 859 δεξά-

1156 890 1252 925 μενοι
1269 875 1352 933 πρὸς
1369 881 1456 928 σφᾶς
1470 874 1682 928 διεφέροντο·
1695 877 1713 912 ὁ
1725 872 1786 924 μὲν
1800 874 1867 927 γὰρ
1884 874 2050 934 Δεγγιζιχ
2061 903 2071 923 ,
2088 874 2205 926 ἀπρά-

1156 949 1245 977 κτως
1261 930 1520 972 ἐπανελθόντων
1538 949 1606 971 των
1625 932 1820 985 πρέσὸεων,
1841 930 2002 983 πόλεμον
2013 931 2205 982 ‘Pmpat'ozq

1157 993 1299 1045 ἐπάγειν
1316 993 1496 1040 ἐδούλετο,
1515 995 1532 1031 ὃ
1553 992 1588 1030 δὲ
1607 991 1748 1044 Ἤρνὰχ
1760 991 1844 1044 πρὸς
1860 991 1992 1038 ταύτην
2009 992 2206 1043 ἀπηγόρευε

1155 1051 1218 1098 τὴν
1235 1051 1474 1104 παρασκευὴν,
1489 1054 1534 1095 ὡς
1553 1053 1622 1089 τῶν
1636 1050 1727 1090 κατὰ
1743 1050 1863 1104 χώραν
1881 1050 2086 1103 ἀπαγόντων
2102 1050 2206 1089 αὐτὸν

1156 1110 1334 1161 πολέμων.

1647 1211 1712 1257 37.

1209 1324 1360 1360 Ibidem
1377 1337 1419 1373 p.
1453 1327 1541 1366 44:
1571 1320 1658 1360 Ὅτι
1679 1320 1899 1374 Σαράγουροι
1925 1321 2115 1373 Ἀκατίροις
2145 1321 2206 1360 καὶ

1157 1381 1274 1439 ρ’ίλλοις
1291 1381 1420 1419 ἔθνεσιν
1441 1381 1637 1430 ἐπιθέμενοι
1658 1380 1715 1418 ἐπὶ
1736 1379 1903 1433 Πέρσας’
1888 1380 2108 1434 εστράτευον.
2132 1381 2204 1421 Καὶ

1155 1440 1321 1492 πρότερον
1352 1440 1414 1488 μὲν
1447 1438 1504 1477 ἐπι
1535 1438 1700 1482 Κασπίας
1731 1438 1962 1491 παρεγένοντο
1987 1440 2118 1482 πύλας·
2146 1441 2206 1479 καὶ

1157 1498 1307 1551 φρουρὰν
1340 1497 1517 1550 Περσικὴν
1545 1499 1579 1535 ἐν
1611 1498 1731 1541 αὐταῖς
1758 1499 2023 1548 ἐγκαθεστῶσαν
2051 1498 2207 1551 εὑρόντες

1155 1556 1274 1609 ἑτέραν
1292 1556 1368 1594 ὁδὸν
1382 1555 1594 1608 ἐτράποντο,
1611 1556 1653 1593 δι’
1671 1551 1712 1603 ἧς
1731 1556 1789 1594 ἐπὶ
1801 1557 1878 1601 τοὺς
1894 1555 2042 1609 'tenpore
2053 1559 2206 1602 ἐλθόντες

1155 1616 1218 1662 τήν
1238 1631 1276 1653 τε
1296 1617 1410 1653 αὐτῶν
1430 1614 1550 1666 ἐδῄουν
1567 1614 1626 1653 καὶ
1644 1614 1688 1652 τὰ
1706 1615 1892 1667 Ἀρμενίων
1909 1616 2024 1668 χωρία
2040 1616 2204 1669 κατέτρε-

1155 1691 1230 1727 χον,
1250 1674 1340 1713 ὥστε
1362 1674 1501 1727 Πέρσας
1519 1673 1605 1727 πρὸς
1621 1676 1671 1727 τῷ
1690 1674 1835 1728 πολέμῳ
1851 1677 1920 1713 τῶν
1939 1676 2134 1728 Κιδαριτῶν
2155 1678 2205 1728 τῷ

1155 1735 1267 1773 πάλαι
1287 1735 1402 1777 αὐτοῖς
1422 1732 1586 1772 συστάντι
1605 1733 1664 1771 καὶ
1684 1733 1815 1780 ταύτην
1832 1733 2106 1783 εὐλαὸουμένους
2125 1733 2205 1788 ἔφο-

1157 1795 1231 1842 δον,
1250 1792 1348 1846 παρὰ
1375 1792 1575 1843 Ῥωμαίους
1601 1792 1884 1845 πρεσὸεύσασθαι
1905 1793 1964 1831 καὶ
1988 1795 2095 1831 αἷτεῖν
2115 1793 2205 1845 χρή-

1157 1852 1254 1902 ματά
1277 1867 1393 1905 σφισιν
1415 1853 1530 1895 αὐτοῖς
1554 1850 1709 1888 δίδοσθαι
1729 1851 1751 1898 ἢ
1782 1851 1908 1902 ἄνδρας
1935 1852 2020 1904 πρὸς
2047 1853 2205 1905 φυλακὴν

1157 1915 1216 1950 τοῦ
1248 1910 1494 1964 Ἰουροειπαὰχ
1527 1909 1757 1962 (Οὖροεισὰχ
1789 1912 1901 1962 cod.)
1928 1911 2111 1964 φρουρίου,
2145 1911 2205 1950 καὶ

1157 1970 1268 2022 λέγειν
1298 1969 1388 2021 ἅπερ
1418 1971 1533 2012 αὐτοῖς
1563 1969 1732 2012 πολλάκις
1755 1968 1872 2021 εἴρητο
1898 1969 2204 2021 πρεσὸευομένοις,

1159 2028 1236 2080 [ὅτι
1247 2030 1279 2081 ],
1295 2030 1407 2066 αὐτῶν
1422 2028 1663 2080 ὑφισταμένων
1676 2027 1737 2071 τὰς
1752 2027 1871 2080 μάχας
1887 2028 1946 2066 καὶ
1961 2027 2052 2080 [μὴ]
2069 2044 2206 2080 συγχω-

1159 2087 1306 2139 ρούντων
1321 2085 1366 2124 τὰ
1383 2085 1524 2124 ἐπιόντα
1539 2085 1617 2132 ἔθνη
1635 2085 1797 2138 βάρὸαρα
1812 2086 1961 2139 πάροδον
1977 2086 2082 2138 ἔχειν,
2097 2090 2119 2133 ἡ
2136 2089 2204 2125 τῶν

1157 2144 1348 2195 Ῥωμαίων
1367 2144 1524 2196 ἀδῄωτος
1543 2144 1697 2195 διαμένει
1717 2143 1833 2197 χώρα.
1855 2144 1992 2183 Τῶν’δὲ
2013 2146 2217 2196 ἀποκρινα--

1161 2203 1291 2255 μένων,
1318 2206 1363 2247 ὡς
1382 2203 1527 2241 ἕκαστον
1549 2203 1684 2254 ἀνάγκη
1705 2206 1767 2250 τῆς
1788 2202 1915 2247 οἰκείας
1934 2205 2203 2256 ὑπερμαχοῦντα

1155 2314 1354 2347 celebrarent
1364 2339 1373 2353 ,
1388 2323 1431 2346 ex
1444 2323 1509 2355 quo
1524 2314 1664 2346 invicem
1679 2323 1716 2346 ea
1726 2338 1735 2354 ,
1749 2323 1823 2355 quoe
1836 2314 1896 2346 sibi
1913 2323 1994 2355 opus
2010 2318 2133 2355 essent,
2148 2315 2204 2347 de-

1154 2369 1330 2400 sumerent.
1356 2368 1396 2399 Et
1412 2375 1449 2399 ea
1468 2366 1600 2407 quidem
1616 2366 1732 2406 legatio
1743 2390 1752 2407 ,
1775 2375 1850 2407 quae
1865 2367 1950 2398 circa
1967 2367 2039 2399 hacc
2055 2368 2204 2400 versaba-

1152 2421 1221 2460 tur,
1247 2428 1282 2451 re
1312 2419 1429 2451 insecta
1454 2418 1556 2450 rediit.
1579 2420 1645 2450 Nec
1669 2418 1754 2450 enim
1777 2418 1949 2459 imperator
1974 2411 2205 2452 commercium

1153 2473 1373 2504 Romanorum
1399 2479 1475 2502 cum
1498 2470 1642 2510 Hunnis,
1661 2470 1718 2510 qui
1732 2479 1787 2502 eos
1802 2471 1851 2502 tot
1867 2469 1993 2502 damnis
2008 2472 2041 2502 et
2060 2471 2206 2503 cladibus

1154 2523 1345 2563 affecerant,
1363 2521 1605 2554 concedendum
1629 2530 1698 2554 esse
1717 2521 1822 2553 duxit.
1844 2523 1885 2554 At
1901 2530 1977 2553 vero
2000 2523 2110 2555 Attilae
2127 2523 2183 2554 filii
2197 2546 2205 2562 ,

1154 2576 1337 2608 renuntiata
1359 2576 1539 2616 legatione,
1563 2575 1650 2607 inter
1667 2583 1702 2606 se
1723 2574 1952 2606 dissenserunt.
1971 2575 2097 2607 Etenim
2121 2578 2203 2608 Den-

1154 2628 1252 2669 gisich
1263 2651 1271 2667 ‚
1286 2627 1396 2667 legatis
1409 2628 1499 2659 nulla
1511 2636 1546 2659 re
1560 2627 1729 2667 impetrata
1742 2626 1879 2658 reversis
1888 2650 1897 2666 ,
1913 2626 2034 2658 bellum
2051 2627 2203 2659 Romanis

1151 2680 1268 2712 inferre
1280 2679 1409 2711 volebat
1422 2692 1429 2711 :
1442 2678 1493 2710 cui
1505 2679 1636 2710 consilio
1647 2678 1761 2710 Irnacli
1772 2677 1987 2718 repugnabat,
1999 2678 2085 2718 quod
2100 2679 2204 2711 turba}

1151 2733 1317 2765 intestinae
1333 2741 1353 2764 a
1370 2732 1454 2764 bello
1470 2732 1656 2764 avocarent.

1645 2789 1704 2820 37.

1192 2844 1341 2884 Saraguri
1366 2852 1440 2875 cum
1473 2843 1608 2875 Acatiris
1638 2843 1772 2882 aliisque
1804 2843 1953 2883 gentibus
1983 2843 2146 2883 conjuncti
2170 2845 2204 2876 in

1152 2898 1263 2928 Persas
1284 2895 1462 2927 exercitum
1484 2894 1662 2926 duxerunt.
1708 2894 1852 2926 Primum
1875 2895 2005 2935 quidem
2030 2896 2071 2926 ad
2095 2898 2203 2936 portas

1151 2949 1279 2989 Caspias
1285 2948 1498 2986 accesserunt,
1510 2947 1565 2979 ubi
1577 2956 1679 2988 quum
1690 2947 1874 2988 praesidium
1884 2948 2045 2980 Persicum
2055 2949 2201 2981 ostendis·

1150 3002 1240 3041 sent,
1266 3000 1305 3032 ad
1332 3000 1427 3032 aliam
1446 2999 1533 3031 viam
1549 2999 1766 3039 deflexerunt,
1783 3008 1848 3040 qua
1863 2999 1903 3031 ad
1929 3000 2036 3032 lberos
2058 3001 2202 3032 conversi

1150 3054 1310 3094 regionem
1324 3054 1508 3092 vastarunt,
1524 3054 1556 3085 et
1570 3048 1775 3085 excursiones
1790 3052 1822 3084 in
1838 3052 1955 3093 oppida
1978 3053 2200 3085 Armeniorum

1152 3107 1264 3139 fecere.
1274 3108 1380 3143 Quare
1395 3109 1510 3146 Persae,
1520 3106 1576 3146 qui
1590 3107 1662 3147 post
1675 3105 1820 3146 superius
1831 3099 1905 3138 cum
1919 3106 2069 3138 Cidaritis
2081 3106 2200 3139 bellum

1151 3159 1234 3191 hanc
1255 3168 1383 3200 quoque
1402 3159 1634 3200 aggressionem
1653 3158 1829 3198 timebant,
1847 3159 1966 3199 legatos
1980 3158 2020 3189 ad
2039 3160 2201 3191 Romanos

1151 3212 1320 3252 miserunt,
1329 3212 1384 3254 qui
1396 3213 1437 3244 ab
1447 3212 1509 3244 illis
1516 3211 1667 3253 pecunias
1679 3213 1737 3243 aut
1749 3211 1866 3243 milites
1878 3211 1917 3243 ad
1928 3211 2105 3243 custodiam
2119 3212 2202 3242 arcis
2225 3207 2231 3212 '

1151 3263 1319 3304 luroipach
1337 3265 1499 3304 peterent,
1511 3265 1543 3296 et
1557 3263 1644 3304 quod
1651 3263 1719 3303 jam
1732 3271 1818 3303 saepe
1832 3271 1888 3303 per
1904 3262 2025 3302 legatos
2043 3261 2198 3302 egissent,

1151 3317 1314 3357 docerent,
1324 3317 1349 3349 si
1362 3317 1420 3358 ipsi
1427 3317 1602 3349 certamina
1609 3316 1802 3350 sustinerent
1813 3317 1845 3347 et
1852 3315 2005 3347 barbaros
2015 3313 2197 3354 aggredien-

1154 3371 1199 3399 tes
1209 3368 1250 3399 ab
1262 3368 1351 3399 aditu
1374 3368 1598 3409 prohiberent,
1616 3370 1704 3399 tutos
1719 3367 1786 3398 fore
1804 3368 2022 3398 Romanorum
2038 3365 2124 3396 fines.
2144 3364 2199 3397 His

1152 3429 1229 3452 vero
1240 3419 1501 3461 respondentibus
1518 3420 1632 3451 rationi
1646 3420 1895 3451 consentaneum
1909 3425 1976 3449 esse
1987 3424 2198 3456 unumquem-
