2326 3724
83 302 91 310 ,
112 266 185 299 300

607 245 961 287 AMPHICRATIS
991 244 1004 296 <
1017 241 1398 293 ATHENIENS!S)‚
1431 240 1755 281 AMPHILOCHI

1222 328 1317 379 ι.ι.)

111 335 630 445 AMPHICRATES
708 378 727 445 (
751 379 1156 438 ATHENIEN-
1225 401 1264 438 p.
1283 385 1356 434 573
1378 388 1437 424 ea
1455 387 1619 424 Didot.:
1638 378 1728 423 Εἶτά
1748 399 1786 422 σε
1807 382 2266 430 κελεύσειζηλοῦνεχεινους

554 459 656 516 Sls
676 453 714 521 >

314 589 437 629 ΠΕΡΙ
465 587 705 628 ΕΝΔΟΞΩΝ
733 586 956 626 ΑΝΔΡΩΝ.

622 699 654 724 1.

169 794 368 830 Athenaeus
387 792 485 828 XIII
498 818 508 836 ‚
534 803 575 839 p.
602 789 678 836 576
692 816 703 835 ,
725 790 753 826 C
774 800 783 826 :
805 787 859 827 Οὔ
879 786 940 825 καὶ
970 785 1070 829 αὐτὸς
1089 786 1162 824 Θε-

117 851 307 901 μιστοκλῆς
327 849 361 894 ἐξ
378 847 517 900 ἑταίρας
540 842 582 893 ἦν
601 844 850 898 γεγενημένος,
868 844 978 894 ὄνομα
1000 842 1162 895 Ἀδροτό-

117 923 199 956 νου,
221 910 267 951 ὡς
289 905 524 960 Ἀμφικράτης
552 907 682 957 ἱστορεῖ
701 905 736 942 ἐν
757 905 806 955 τῷ
828 902 918 954 Περὶ
941 901 1084 946 ἐνδόξων
1102 902 1162 938 ἀν-

117 967 206 1019 δρῶν
226 964 494 1018 συγγράμματι·

162 1070 338 1112 Ἀὃρὸτονον
352 1069 495 1110 Θρήισσα
508 1068 584 1109 γυνὴ
597 1067 683 1108 γένος
692 1075 699 1083 ·
715 1066 793 1098 ἀλλὰ
810 1066 956 1098 τεκέσθαι

201 1118 254 1150 τὸν
266 1118 362 1158 μέγαν
375 1117 523 1154 ιἛλλησιν
537 1116 611 1156 φασὶ
623 1114 848 1155 Θεμιστοκλέα.

117 1217 167 1255 V.
189 1218 414 1254 Plutarchus
432 1217 473 1253 in
489 1216 563 1254 vit.
589 1215 832 1254 Themistocl.
855 1227 888 1253 c.
917 1227 950 1252 1.

623 1321 662 1346 2.

169 1410 359 1458 Diogenes
377 1409 504 1447 Laert.
522 1409 582 1456 11,
611 1420 699 1456 101,
717 1407 765 1444 de
788 1406 996 1445 Theodoro
1022 1406 1135 1443 atheo
1155 1419 1163 1442 z

120 1466 194 1506 Καὶ
217 1465 335 1517 μέντοι
361 1465 446 1519 παρ’
466 1465 582 1515 ὀλίγον
602 1463 834 1503 ἐκινδύνευσεν
853 1466 900 1508 εἷς
917 1461 1052 1517 Ἄρειον
1076 1465 1166 1501 ἀνα-

119 1528 249 1577 χθῆναι
279 1525 409 1575 πάγον,
443 1523 544 1576 εἰμὴ
576 1523 776 1575 Δημήτριος
809 1522 912 1561 αὐτὸν
938 1525 956 1561 ὁ
980 1525 1167 1577 Φαληρεὺς

119 1583 302 1636 ἐρρύσατο.
319 1582 558 1636 Ἀμφικράτης
575 1582 610 1620 δὲ
631 1583 665 1619 ἐν
681 1584 731 1634 τῷ
754 1581 843 1634 Περὶ
871 1580 1015 1626 ἐνδόξων
1033 1583 1166 1637 ἀνδρῶν

119 1642 205 1693 φησὶ
219 1647 359 1680 κωνεῖον
378 1640 482 1679 αὐτὸν
497 1645 586 1679 πιεῖν
607 1639 921 1680 καταδικασθέντα.

172 1704 246 1739 Hie
274 1702 537 1751 Amphicrates
561 1701 814 1750 probabiliter
838 1709 891 1737 est
930 1702 1168 1739 Atheniensis

118 1761 181 1797 ille
212 1768 358 1809 orator,
380 1761 447 1808 qui
477 1761 627 1796 Luculli
651 1760 890 1808 temporibus
914 1761 1017 1797 vixit.
1048 1764 1104 1798 De
1120 1775 1166 1798 eo

119 1820 200 1856 haec
240 1820 464 1856 Plutarchus
494 1818 642 1857 Lucull.
678 1831 709 1855 c.
746 1831 794 1855 22
827 1830 835 1856 :
867 1816 1098 1865 Ἐτελεύτησε
1131 1818 1167 1856 δὲ

121 1876 219 1929 παρὰ
238 1878 289 1930 τῷ
313 1875 475 1929 Τιγράνῃ
496 1875 557 1914 καὶ
585 1874 823 1928 Ἀμφικράτης
849 1877 866 1914 ὁ
901 1875 1037 1929 ῥήτωρ·
1067 1878 1097 1915 εἷ
1117 1878 1169 1916 δεῖ

121 1936 182 1974 καὶ
210 1935 333 1973 τούτου
366 1934 509 1986 μνήμην
538 1933 617 1972 τινὰ
645 1934 805 1985 γενέσθαι
831 1934 887 1972 διὰ
918 1935 981 1979 τὰς
1010 1934 1165 1982 Ἀθήνας.

122 1993 274 2045 Λέγεται
290 1992 357 2046 γὰρ
375 1998 492 2047 φυγεῖν
512 1992 574 2042 μὲν
596 1991 699 2030 αὐτὸν
720 1994 766 2036 εἷς
791 1992 1005 2031 Σελεύκειαν
1028 1993 1092 2040 τὴν
1111 1994 1167 2032 ἐπὶ

123 2051 282 2105 Τίγριδι·
307 2051 479 2102 δεομένων
512 2051 542 2088 δ’
574 2050 692 2090 αὐτόθι
723 2050 955 2103 σοφιστεύειν,
977 2053 1165 2104 ὑπεριδεῖν,

122 2109 527 2159 καταλαζονευσάμενον,
549 2111 595 2152 ὡς
615 2108 691 2147 οὐδὲ
707 2109 838 2156 λεκάνη
860 2110 1002 2162 δελφῖνα
1021 2110 1167 2163 χωροίη·

127 2168 353 2219 μεταστάντα
373 2167 409 2206 δὲ
429 2168 515 2220 πρὸς
536 2167 782 2221 Κλεοπάτραν,
802 2167 866 2214 τὴν
884 2169 1098 2220 Μιθριδάτου
1116 2172 1169 2208 θυ-

123 2227 276 2280 γατέρα,
298 2226 458 2280 Ἰιγράνῃ
474 2225 509 2264 δὲ
523 2241 766 2274 συνοικουσαν,
785 2228 820 2265 ἐν
842 2227 987 2279 διαὸολῃ
1007 2227 1169 2279 γενέσθαι

125 2285 235 2338 ταχυ,
252 2285 312 2324 καὶ
331 2288 393 2333 τ’ἤς
411 2284 495 2337 πρὸς
515 2284 594 2328 τους
610 2285 790 2331 υΕλληνας
805 2285 982 2336 ἐπιμιξίας
1006 2285 1168 2359 εἰργόμε-

124 2359 181 2382 νον
201 2345 380 2395 ἀποκαρτε
385 2345 504 2395 ρ’ῆσαι.
539 2342 762 2396 Ταφηναιδὲ
791 2345 851 2382 και
876 2347 997 2383 τοῦτον
1024 2344 1171 2396 ἐντίμως

125 2402 193 2440 ὑπὸ
212 2418 274 2449 της
303 2401 554 2454 Κλεοπάτρας,
585 2401 646 2441 καὶ
671 2405 806 2441 κεῖσθαι
833 2419 913 2456 περι
937 2403 1075 2457 Σαφὰν,
1100 2405 1172 2443 ἐκεῖ

123 2477 156 2500 τι
175 2461 303 2514 χωρίον
326 2459 416 2499 οὕτω
431 2459 659 2510 καλούμενον.

176 2522 341 2570 Longin.
357 2522 415 2557 De
433 2520 531 2559 subl.
557 2520 595 2566 3,
616 2533 636 2556 2
650 2548 660 2568 ‚
678 2528 884 2570 postquam
899 2521 1069 2570 Gorgiae,
1088 2523 1172 2559 Cal-

125 2581 305 2626 listhenis,
325 2579 504 2616 Clitarchi
522 2579 706 2626 ampullas
723 2580 1006 2628 vituperaverat
1026 2591 1035 2618 z
1055 2579 1111 2618 Τά
1132 2595 1172 2631 γε

126 2635 196 2685 μὴν
215 2634 468 2688 Ἀμφικράτους
499 2638 644 2672 τοιαῦτα
663 2634 724 2672 καὶ
749 2634 922 2686 Ἡγησίου
946 2635 1006 2673 καὶ
1033 2636 1170 2689 Μάτρι-

125 2693 193 2736 δος.
229 2694 419 2745 Πολλαχοῦ
444 2690 510 2745 γὰρ
540 2693 716 2731 ἐνθουσιᾶν
744 2693 879 2735 ἑαυτοῖς
910 2693 1106 2741 δοκοῦντες,
1133 2696 1171 2732 οὖ

128 2751 375 2804 βακχεύουσιν,
392 2750 483 2789 ἀλλὰ
499 2750 697 2796 παίζουσιν.
715 2753 773 2792 Cf.
795 2753 847 2790 id.
866 2753 918 2791 ih.
934 2757 994 2798 4,4
1016 2765 1024 2791 :
1045 2752 1171 2805 Ἀμφι-

129 2810 250 2861 κράτει
281 2810 341 2848 καὶ
368 2811 405 2848 οὐ
427 2809 628 2862 Ξενοφῶντι
657 2810 778 2863 (Rep.
805 2811 926 2861 Lac.)
951 2809 1079 2863 ἔπρεπε
1111 2810 1172 2854 τὰς

128 2869 162 2906 ἐν
191 2869 261 2912 τοῖς
292 2870 482 2921 ὀφθαλμοῖς
512 2870 616 2919 ’ἡμῶν
648 2867 754 2920 κόρας
788 2867 900 2919 λέγειν
925 2867 1173 2920 παρθένους

127 2943 149 2966 α
160 2928 230 2975 ἷδή
244 2943 295 2978 μο
306 2945 322 2967 ν
336 2944 357 2966 α
367 2945 395 2972 ς.

180 2988 286 3024 Idem
305 3000 444 3024 nomen
457 2988 732 3024 restituendum
750 2988 895 3026 Weisk.
918 2986 990 3038 (ad
1004 2990 1170 3038 Longin.

347 3114 415 3152 DE
435 3114 575 3154 VIRIS
594 3115 949 3155 ILLUSTRIBUS.

173 3208 200 3237 1.
219 3206 332 3237 Nonne
344 3207 376 3238 et
394 3207 460 3247 ipse
479 3207 706 3240 Themistocles
725 3217 766 3240 ex
790 3208 959 3241 meretrice
975 3208 1070 3241 natus
1086 3209 1173 3248 erat,

129 3257 180 3288 cui
197 3266 314 3290 nomen
329 3258 548 3291 Abrotonum?
563 3253 601 3292 iit
617 3260 715 3292 tradit
730 3260 949 3301 Amphicratcs
968 3261 1001 3292 in
1026 3261 1108 3293 libro
1125 3263 1174 3293 De

129 3308 205 3341 viris
221 3309 417 3342 illustribus:

200 3378 388 3408 Abrotonum
399 3379 523 3408 Thressa
537 3380 644 3409 muller
657 3387 782 3415 genere:
796 3381 847 3410 sed
860 3382 1005 3419 peperisse

235 3431 376 3460 magnum
388 3426 498 3454 Graecis
506 3426 590 3455 aiunt
602 3425 837 3455 Themistoclem.

1222 445 1300 488 τους
1327 444 1493 498 ἀρχαίους
1514 443 1660 495 ἄνδρας,
1689 441 1783 480 ἕωλα
1814 441 2084 502 παραδείγματα
2113 456 2267 493 παρατι-

1223 503 1291 547 θεὶς
1301 519 1371 541 των
1387 502 1497 552 λόγων
1513 503 1551 540 οὖ
1567 500 1668 554 ῥοίδια
1685 501 1886 551 μιμεῖσθαι,
1903 503 1957 538 οἱα
1968 499 2013 538 τὰ
2033 503 2093 546 τῆς
2112 501 2268 542 παλαιας

1224 561 1388 616 ἐργασίας
1406 560 1514 608 ἐστὶν,
1537 559 1706 611 Ἡγησίου
1721 559 1780 597 καὶ
1794 562 1860 597 τῶν
1879 559 1968 611 ἀμφὶ
1987 558 2135 611 Κράτην
2153 559 2164 609 (
2179 557 2269 611 Κρί·

1222 636 1295 658 τιον
1310 621 1373 660 ed.
1397 621 1515 659 Paris.
1529 634 1539 667 3
1554 621 1581 660 l.
1602 617 1691 671 ἀμφὶ
1710 617 1970 671 Ἀμφικράτην)
1989 616 2049 654 καὶ
2063 616 2265 663 Νησιώτην,

1222 678 1303 717 κτλ.

1278 752 1294 770 α
1319 737 1450 772 Matris
1466 735 1731 784 intelligendus
1746 735 1896 771 videtur
1909 735 2041 771 Matris
2050 734 2267 782 Thebanus,

1225 796 1292 843 qui
1311 796 1526 831 encomium
1542 795 1582 830 in
1594 794 1797 830 Herculem
1813 795 1963 842 scripsit
1975 821 1986 839 ‚
2009 793 2126 841 idque
2144 793 2269 829 soluta

1226 854 1416 900 oratioue,
1437 854 1468 889 si
1492 853 1722 901 Langbaenio
1742 852 1961 890 credideris.
1982 852 2184 889 Athenaeus
2201 852 2240 888 X
2254 877 2266 897 ,

1225 925 1268 961 p.
1293 917 1368 955 412
1390 923 1400 950 τ
1427 908 1567 961 Μάτρις
1584 908 1620 947 δὲ
1642 910 1677 947 ἐν
1702 911 1752 962 τῷ
1775 912 1836 947 τοῦ
1853 908 2068 961 Ἡρακλέους
2084 907 2269 961 ἐγκωμίῳ,

1226 969 1286 1007 καὶ
1310 970 1357 1014 εἷς
1379 967 1598 1007 πολυποσίαν
1624 967 1710 1021 φησὶ
1743 966 1801 1006 τὸν
1827 965 2008 1021 Ἡρακλέα
2029 970 2270 1020 προκληθῆναι

1183 1050 1187 1055 -
1228 1027 1296 1067 ὑπὸ
1312 1031 1373 1066 τοῦ
1397 1026 1565 1079 Λεπρέως
1577 1056 1588 1077 ,
1610 1025 1671 1064 καὶ
1699 1024 1805 1064 πάλιν
1823 1028 2006 1073 νικηθῆναι
2023 1025 2034 1078 (
2053 1040 2090 1064 V.
2109 1027 2270 1065 Casaub.

1228 1089 1276 1124 ad
1289 1089 1329 1126 h.
1349 1088 1373 1124 1.
1385 1086 1412 1136 ).
1432 1087 1542 1123 Idem
1557 1087 1617 1132 11,
1632 1099 1673 1134 p.
1692 1090 1739 1128 44
1757 1086 2018 1122 Atheniensem
2035 1091 2149 1121 vocat
2165 1097 2173 1120 :
2194 1082 2272 1122 Μά-

1228 1161 1300 1198 τρις
1317 1144 1352 1182 δὲ
1369 1146 1386 1182 ὁ
1403 1144 1580 1191 Ἀθηναῖος
1593 1173 1604 1193 ,
1630 1142 1713 1181 ὅσον
1732 1142 1818 1180 ἐὸίω
1837 1141 1979 1195 χρόνον,
2009 1139 2106 1180 οὐδὲν
2125 1143 2271 1180 ἐσιτεῖτο

1227 1202 1249 1250 ἢ
1267 1202 1434 1256 μυρσίνης
1449 1201 1579 1253 ὀλίγον.
1599 1205 1740 1240 Verum
1759 1204 1981 1238 Ptolemaeus
2000 1201 2274 1252 Hephaestionis

1229 1263 1240 1313 (
1255 1277 1293 1312 p.
1315 1263 1429 1314 187,2
1446 1264 1484 1299 in
1502 1263 1694 1311 Mythogr.
1714 1262 1777 1299 ed.
1799 1263 1997 1298 Westerm.
2012 1259 2041 1310 )‚
2056 1259 2159 1296 unde
2173 1260 2272 1296 hane

1229 1322 1396 1358 fabulam
1410 1328 1603 1357 mutuatus
1614 1328 1667 1357 est
1682 1321 1896 1365 Athenaeus,
1912 1319 2126 1355 Thebanum
2133 1325 2247 1354 vocat
2261 1331 2269 1353 :

1230 1379 1368 1431 Μάτρις
1404 1382 1422 1418 ὃ
1455 1378 1616 1426 Θηὸαῒος
1643 1376 1863 1430 ὖμνογράφος
1894 1374 2061 1428 μυρσίνας
2093 1374 2177 1427 παρ’
2193 1373 2273 1412 ὅλον

1229 1437 1286 1476 τὸν
1309 1437 1382 1490 βίον
1409 1439 1569 1476 ἐσιτεῖτο.
1605 1438 1732 1485 Quare
1764 1449 1829 1486 ap.
1852 1437 1986 1472 Athen.
2019 1435 2089 1484 leg.
2125 1434 2275 1470 videtur

1230 1498 1283 1535 M.
1303 1499 1321 1534 ὃ
1331 1495 1503 1543 Θηὸαῒος.
1521 1512 1536 1529 »
1556 1498 1673 1533 Toup.
1684 1496 1857 1532 Eundem
1871 1495 1913 1531 in
1926 1495 2100 1532 Herculis
2116 1494 2274 1530 historia

1229 1556 1360 1593 laudat
1380 1556 1543 1593 Diodor.
1560 1557 1597 1601 Ι,
1616 1559 1682 1600 24,
1712 1559 1747 1597 4.

1648 1711 1864 1727 *-

1465 1843 2022 1908 AMPHILOCHUS.

1284 1999 1558 2048 Amphilochus
1585 1998 1687 2047 apud
1713 1997 1895 2034 Clement.
1918 1997 2025 2034 Alex.
2047 1996 2185 2034 strom.
2202 1997 2250 2033 VI
2264 2022 2275 2040 ,

1230 2070 1270 2106 p.
1286 2057 1414 2106 267,9
1449 2069 1535 2092 cum
1556 2056 1764 2099 Aristode,
1794 2055 1990 2101 Leandro,
2021 2055 2274 2098 Anaximene,

1231 2116 1444 2160 Hellanico,
1459 2116 1658 2163 Hecataeo,
1677 2115 1758 2150 aliis
1772 2114 1869 2149 inter
1881 2125 1946 2149 eos
1964 2119 2193 2159 recensetur,
2210 2111 2276 2160 qui

1230 2174 1468 2222 Melesagorae
1485 2173 1628 2238 scripta
1644 2173 1826 2221 expilasse
1842 2171 2036 2208 dicuntur.

1285 2232 1413 2268 Schol.
1447 2222 1734 2280 Eu11p.Phoen.
1766 2230 1842 2276 670
1873 2241 1882 2267 :
1912 2227 2119 2280 Ἀμφίλοχος
2156 2224 2212 2264 διὰ
2236 2225 2276 2263 τὸ

1233 2287 1450 2340 ἐπεσπάρθαι
1476 2288 1546 2331 τοῖς
1570 2285 1719 2325 οἰκοῦσιν
1738 2289 1771 2325 ἐν
1789 2286 1931 2333 Θήὸαις
1953 2287 1964 2336 (
1976 2299 2036 2323 .sc.
2052 2284 2130 2329 τοὺς
2151 2285 2276 2335 Σπαρ-

1232 2345 1311 2390 τους
1329 2345 1499 2393 κληθηναί
1518 2361 1620 2398 φησιν
1640 2345 1664 2397 ).

1285 2407 1390 2442 Alius
1397 2406 1669 2455 Amphilochus
1677 2405 1790 2441 fuerit
1798 2404 2030 2440 Atheniensis
2037 2403 2103 2451 qui
2112 2402 2158 2438 de
2167 2403 2279 2438 histo-

1232 2467 1290 2502 ria
1307 2467 1470 2502 naturali
1481 2465 1670 2514 scripsisse
1684 2465 1847 2501 videtur.
1862 2465 2011 2499 Nomen
2029 2461 2107 2509 ejus
2119 2462 2278 2510 ponitur

1232 2525 1272 2560 in
1288 2524 1418 2560 Indice
1434 2531 1635 2559 auctorum
1651 2522 1699 2558 ad
1723 2522 1835 2557 Plinii
1855 2522 1950 2558 Hist.
1972 2521 2060 2557 Nat.
2080 2520 2147 2555 lib.
2169 2521 2275 2562 vul,

1232 2583 1269 2618 X
1283 2610 1294 2630 ,
1323 2583 1417 2627 XII,
1444 2583 1558 2626 XIII,
1574 2581 1678 2629 XIV,
1697 2580 1764 2616 XV
1793 2586 1830 2615 et
1851 2579 1977 2615 XVIII
1990 2605 2001 2624 ‚
2026 2577 2092 2623 16,
2111 2577 2179 2612 ubi
2197 2576 2278 2624 ejus

1233 2642 1289 2676 De
1324 2644 1440 2687 cytiso
1486 2641 1666 2675 volumen
1701 2645 1956 2682 memoratur3
1994 2636 2082 2672 add.
2119 2638 2276 2672 Auctor.

1233 2699 1338 2736 latin.
1354 2699 1425 2734 Rei
1446 2706 1539 2736 rust.
1562 2711 1602 2746 p.
1625 2697 1688 2741 54.
1715 2697 1800 2739 164,
1818 2695 1933 2745 Apud
1951 2695 2071 2732 schol.
2093 2693 2276 2733 Nicandr.

1233 2757 1343 2792 Ther.
1363 2757 1438 2802 617
1461 2757 1598 2791 citatur
1613 2753 1648 2791 ’A
1662 2753 1869 2804 ντίλοχος
1890 2753 1925 2789 ἐν
1941 2753 1990 2803 τῷ
2010 2751 2098 2803 Περὶ
2119 2750 2273 2789 κυτίσου.

1234 2815 1364 2850 Scribe
1398 2812 1620 2865 Ἀμφίλοχος.
1659 2813 1837 2850 Similiter
1863 2811 2104 2860 Amphilochi
2137 2823 2278 2846 nomen

1234 2869 1498 2921 reponendum
1514 2879 1627 2919 atque
1647 2871 1887 2918 Melesagorae
1907 2869 2154 2917 expilatorem
2173 2869 2279 2904 intel-

1234 2931 1427 2979 ligendum
1470 2942 1548 2966 esse
1581 2929 1771 2978 putaveris
1806 2939 1866 2975 ap.
1903 2925 2134 2962 Theodoret.
2179 2926 2279 2961 The-

1234 3001 1317 3038 rap.
1350 2987 1462 3034 VIII,
1499 3001 1540 3036 p.
1567 2987 1643 3036 908
1671 2999 1679 3024 :
1713 2983 1908 3030 Ἀθήνησιν,
1943 2985 1989 3026 ὡς
2019 2981 2214 3034 Ἀντίλοχος
2243 2983 2278 3020 ἐν

1736 3096 1771 3128 2.

1277 3180 1393 3210 Parum
1407 3177 1510 3209 abfuit
1533 3176 1609 3217 quin
1629 3175 1815 3207 Theodorus
1830 3175 1994 3215 raperetur
2010 3174 2106 3214 injus
2126 3173 2165 3205 ad
2183 3176 2280 3205 Areo·

1235 3239 1350 3271 pagum
1362 3253 1371 3270 ,
1385 3229 1444 3261 nisi
1467 3237 1543 3260 eum
1559 3227 1737 3259 Demetrius
1754 3227 1923 3258 Phalereus
1942 3225 2084 3266 periculo
2100 3224 2276 3265 eripuisset.

1235 3281 1454 3322 Amphicrates
1463 3287 1539 3311 vero
1553 3279 1584 3310 in
1598 3278 1678 3310 libro
1694 3279 1739 3309 De
1749 3277 1826 3309 viris
1838 3277 2015 3310 illustribus
2033 3276 2077 3309 ait
2088 3276 2177 3308 illum
2190 3274 2279 3308 dam-

1236 3336 1347 3367 natum
1361 3333 1499 3366 cicutam
1518 3331 1644 3364 bibisse.

1358 335 1470 379 putat
1497 328 1602 377 apud
1630 328 1789 365 Lucian.
1814 327 1972 363 Rhetor.
2007 339 2120 374 praec.
2153 339 2194 363 c
2224 338 2263 374 9,
2324 361 2326 365 .
