2326 3724
0 267 6 274 f

0 495 7 526 ww
0 442 6 485 -uu
0 389 6 434 -v
0 365 3 370 -
0 327 7 356 vv

0 650 6 678 ἱ

962 209 1295 250 FRAGMENTA.

54 291 169 338 λήσιοι
190 289 384 338 συνέδησαν
405 288 466 327 σὺν
496 287 689 341 ἐπικούροις
718 287 779 327 ’καὶ
805 293 919 340 τεῖχος
949 289 1097 341 πρὸτῆς

53 349 186 393 πόλεως
210 345 560 398 ἓνοικοδομησάμενοι
580 346 644 394 τήν
672 361 710 384 τε
734 345 854 399 χώραν
873 346 1014 398 ἔτεμνον
1036 348 1098 386 καὶ

53 406 294 459 κατείρξαντες
316 405 395 450 τοὺς
420 404 571 450 Ναξίους
599 403 800 458 ἐφρούρουν,
827 403 905 444 τότε
931 405 1097 458 παρθένος

53 466 301 519 ἀπολειφθεῖσα
317 463 409 504 κατά
424 479 502 503 τινα
518 465 668 515 δαίμονα
685 464 719 502 ἐν
731 463 851 516 Δηλίῳ
863 465 962 518 ἱερῷ,
975 463 993 503 ὃ
1005 466 1096 512 πλη-

54 523 127 564 σίον
143 527 206 573 τ’ἥς
231 525 365 569 πόλεως
385 529 517 571 κεῖται,
537 522 739 576 Πολυκρίτη
771 522 880 574 ὄνομα
901 525 1010 576 αὐτῇ,
1038 524 1096 562 τὸν

53 585 122 623 τῶν
139 583 356 637 Ἐρυθραίων
380 581 538 634 ἡγεμόνα
561 581 750 634 Διόγνητον
774 576 879 633 εἷλεν,
911 581 946 625 ὃς
966 582 1096 621 οἰκείαν

54 640 241 692 δύναμιν”
222 647 312 694 εχων
341 639 532 692 συνεμάχει
558 640 629 684 τοῖς
655 639 852 713 Μιλησίοις.
911 642 1040 680 Πολλῶ
1061 639 1097 679 δὲ

0 703 7 733 ἕ
53 700 254 752 ἐνεχόμενος
270 699 367 751 πόθῳ
386 698 596 749 διεπέμπετο
611 698 695 750 πρὸς
713 698 840 746 αὐτήν·
856 701 894 737 οὐ
917 698 984 749 γὰρ
1005 698 1046 746 δή
1057 714 1096 750 γε

53 754 239 810 θεμιτὸνῗ
217 775 276 810 ην,
305 738 413 799 ἱκέτιν
441 751 547 796 οὖσαν
567 759 601 795 ἓν
618 760 668 811 τῷ
691 759 773 811 ἱερῶ
802 757 999 811 βιάζεσθαι·
1018 761 1040 805 ἡ
1059 757 1096 796 δὲ

54 815 146 868 ἕως
140 816 202 856 αέν
228 833 317 862 τινος
334 818 372 856 οὗ
392 816 555 870 προσίετο
579 815 658 860 τους
684 817 1001 869 παραγινομένους·
1022 816 1097 856 ἐπεὶ

0 876 15 904 ³*-
52 874 169 926 μέντοι
192 875 299 920 πολὺς
328 875 491 924 ἐνέκειτο,
518 876 581 914 οὒκ
606 874 671 928 ἔφη
703 875 952 922 πεισθήσεσθαι
977 876 1098 929 αὐτῷ,

0 944 2 954 ³
51 935 82 973 εἶ
110 933 160 986 μὴ
194 934 351 985 ὄμόσειεν
379 933 609 986 ὖπηρετήσειν
642 935 730 986 αὐτῇ
752 933 772 972 δ’
797 950 830 972 τι
859 933 899 973 ἂν
931 935 1100 987 βουληθῇ.

52 990 98 1032 Ὀ
132 991 168 1032 δὲ
201 992 408 1044 Διόγνητος,
438 993 535 1031 οὐδὲν
566 992 789 1039 ὑποτοπήσας
819 991 971 1040 τοιόνδε,
1004 992 1101 1044 μάλα

52 1050 237 1103 προθύμως
258 1051 395 1102 ὤμοσεν
419 1050 594 1105 Ἄρτεμιν,
621 1054 818 1103 χαριεῖσθαι
839 1052 927 1104 αὐτῇ
955 1048 982 1089 δ’
1003 1066 1037 1088 τι
1060 1050 1100 1089 ἂν

57 1112 287 1161 προαιρῆται·
307 1108 595 1160 κατομοσαμένου
611 1109 648 1147 δὲ
668 1109 817 1158 ἐκείνου,
837 1109 897 1148 καὶ
919 1107 1099 1159 λαὸομένη

55 1167 118 1212 τ’ἥς
129 1166 244 1219 χειρὸς
255 1168 360 1206 αὐτοῦ
379 1170 401 1214 ἡ
425 1166 625 1220 Πολυκρίτη
644 1167 880 1218 μιμνήσκεται
904 1166 985 1221 περὶ
1009 1181 1098 1220 προ-

25 1233 28 1236 ”
58 1224 175 1269 δοσίας
189 1228 250 1264 τοῦ
273 1225 429 1278 χωρίου,
457 1224 519 1264 καὶ
544 1227 661 1264 πολλὰ
687 1225 903 1275 καθικετεύει
923 1224 1029 1272 αὐτήν
1062 1240 1100 1263 τε

21 1308 24 1311 «
59 1283 238 1336 οἰκτείρειν
257 1283 317 1322 καὶ
334 1282 396 1327 τὰς
414 1282 595 1337 συμφορὰς
611 1287 673 1331 τῆς
683 1283 830 1327 πόλεως.
850 1282 897 1323 ‘O
914 1282 1100 1334 Διόγνητος

58 1341 209 1386 ἀκούσας
222 1346 282 1381 τοῦ
303 1341 407 1394 λόγου
425 1341 523 1386 ἐκτός
538 1357 575 1381 τε
592 1341 728 1394 ἐγένετο
748 1344 851 1381 αὑτοῦ
878 1341 940 1380 καὶ
959 1341 1101 1380 σπασά-

58 1415 158 1450 μενος
170 1399 233 1448 τὴν
251 1400 429 1454 μάχαιραν
444 1399 607 1454 ὥρμησεν
624 1400 875 1453 διεργάσασθαι
890 1400 954 1448 τὴν
976 1399 1097 1452 κόρην.

58 1458 121 1498 Ἔν
135 1461 183 1511 νῷ
200 1458 318 1510 μέντοι
337 1458 457 1498 λαὸὼν
476 1459 516 1498 τὸ
545 1459 723 1511 εὔγνωμον
747 1460 854 1505 αὐτῆς
874 1458 934 1498 καὶ
953 1457 1028 1508 ἅμα
1044 1457 1102 1496 ὑπ’

0 1505 9 1524 'r
57 1515 182 1570 ἔρωτος
202 1515 436 1570 κρατούμενος
463 1517 558 1568 (ἔδει
576 1516 657 1569 γὰρ,
678 1520 725 1562 ὡς
754 1517 863 1565 ἔοικε,
880 1516 940 1556 καὶ
962 1515 1103 1561 Ναξίοις

58 1574 258 1624 μεταὸολὴν
273 1575 432 1626 γενέσθαι
451 1578 519 1614 τῶν
536 1575 718 1628 παρόντων
743 1576 911 1626 κακῶν),
935 1573 1013 1612 τότε
1039 1572 1102 1624 μὲν

57 1632 154 1672 οὐδὲν
183 1633 414 1687 ἀπεκρίνατο,
443 1633 687 1686 βουλευόμενος
715 1634 749 1671 τί
773 1632 934 1680 ποιητέον
965 1631 1038 1679 εἴη·
1058 1634 1101 1684 τῇ

0 1739 2 1742 Ι
60 1691 89 1729 δ’
108 1691 273 1745 ὑστεραίᾳ
292 1691 615 1744 καθωμολογήσατο
631 1690 836 1745 προδώσειν.
859 1690 930 1730 Καὶ
944 1691 978 1728 ἐν
993 1691 1043 1743 τῷ
1057 1690 1099 1737 δὴ

57 1749 130 1794 τοῖς
156 1749 344 1797 Μιλησίοις
364 1750 466 1804 ἑορτὴ
495 1750 585 1801 μετὰ
600 1750 719 1803 τρίτην
746 1749 883 1803 ἡμέραν
909 1749 1098 1802 Θαργήλια

57 1807 158 1860 ἐπῄει
169 1840 178 1856 ,
191 1810 225 1847 ἐν
239 1804 381 1861 ᾗπολύν
392 1824 429 1848 τε
444 1808 601 1862 ἄκρατον
613 1811 852 1862 εἷσφοροῧνται
871 1807 930 1846 καὶ
944 1807 987 1845 τὰ
1001 1806 1099 1846 πλεί-

58 1881 139 1904 στου
152 1865 230 1910 ἅξια
252 1866 568 1905 καταναλίσκουσι·
586 1866 663 1905 τότε
685 1865 962 1919 παρεσκευάζετο
975 1865 1100 1917 προδι-

58 1924 154 1962 δόναι
171 1924 210 1963 τὸ
226 1924 368 1977 χωρίον.
391 1926 462 1964 Καὶ
482 1924 607 1968 εὐθέως
624 1924 681 1963 διὰ
694 1928 757 1972 τῆς
769 1924 989 1976 Πολυκρίτης
1006 1922 1101 1961 ἐνθέ-

60 1997 159 2033 μενος
187 1984 233 2026 εἷς
259 1982 362 2035 ἄρτον
397 1982 606 2033 μολυὸδίνην
635 1981 823 2029 ἐπιστολὴν
860 1980 1101 2031 [ἐπιστέλλει]

2127 226 2200 259 303

1160 292 1228 336 τοῖς
1263 293 1423 343 ἀδελφοῖς
1449 293 1573 340 αὐτῆς,
1606 292 1794 346 ἐτύγχανον
1822 293 1901 332 δὲ’
1879 310 1947 347 αρα
1974 311 2035 342 της
2063 294 2198 339 πόλεως

1161 349 1349 425 ἡγεμόνες
1341 354 1452 398 οὗτοι,
1468 349 1561 394 οπως
1577 352 1623 394 εἷς
1638 351 1770 398 ἐκείνην
1781 351 1844 398 τὴν
1859 352 1964 390 νύκτα
1975 368 2202 405 παρασκευα-

1161 409 1307 459 σάμενοι
1325 408 1478 456 ηκωσιν·
1502 414 1646 460 σημεῖον
1674 409 1710 447 δὲ
1729 411 1844 454 αὐτοῖς
1864 411 2075 463 ἀνασχίσειν
2099 412 2200 455 αὐτὸς

1162 465 1227 519 ἔφη
1245 468 1454 519 λαμπτῆρα.
1475 467 1549 506 Καὶ
1569 470 1591 514 ἡ
1608 467 1809 520 Πολυκρίτη
1831 468 1865 506 δὲ
1890 472 1940 520 τῷ
1957 469 2130 518 κομίζοντι
2142 470 2200 507 τὸν

1164 525 1266 578 ἄρτον
1286 525 1425 579 φράζειν
1443 524 1582 564 ἐκέλευε
1603 531 1673 569 τοῖς
1698 527 1856 578 ἀδελφοῖς
1874 526 1922 576 μὴ
1941 528 2200 578 ἐνδοιασθῆναι,

1161 585 1208 627 ὡς
1226 585 1287 631 τῆς
1305 583 1461 636 πράξεως
1480 583 1537 622 ἐπὶ
1551 582 1649 627 τέλος
1671 583 1935 635 ἀχθησομένης,
1955 585 1984 621 εἷ
2008 583 2057 634 μὴ
2081 585 2203 622 ἐκεῖνοι

1164 643 1408 682 ἐνδοιασθεῖεν.
1465 644 1539 682 Τοῦ
1562 641 1598 680 δὲ
1625 642 1772 693 ἀγγέλου
1797 641 1933 694 ταχέως
1963 644 2010 686 εἷς
2027 641 2090 688 τὴν
2106 641 2206 679 πόλιν

1164 702 1337 750 ἐλθόντος,
1357 702 1564 751 Πολυκλῆς,
1587 702 1605 739 ὃ
1633 703 1694 747 τῆς
1726 699 1941 752 Πολυκρίτης
1970 699 2135 752 ἀδελφὸς,
2169 701 2203 737 ἐν

1162 760 1275 812 πολλῇ
1307 759 1459 813 φροντίδι
1485 758 1634 811 ἐγίνετο,
1661 758 1729 797 εἴτε
1760 758 1916 805 πεισθείη
1940 763 2010 802 τοῖς
2033 758 2206 795 ἐπεσταλ-

1163 817 1296 867 μένοις,
1323 817 1391 856 εἴτε
1419 817 1488 869 μή·
1508 817 1605 862 τέλος
1631 817 1689 866 δὲ,
1712 819 1758 862 ὥς
1786 817 1897 856 ἐδόκει
1915 823 2003 855 πᾶσι
2028 816 2205 854 πείθεσθαι

1165 875 1226 914 καὶ
1255 876 1313 919 νὺξ
1341 878 1502 925 ἐπῆλθεν,
1526 878 1560 915 ἐν
1581 872 1605 929 ᾗ
1623 875 1876 930 προσετέτακτο
1905 882 1992 914 πᾶσι
2011 873 2205 927 παραγίνε-

1163 938 1254 984 σθαι,
1270 935 1384 974 πολλὰ
1397 935 1646 987 κατευξάμενοι
1662 941 1732 979 τοῖς
1749 939 1852 983 θεοῖς,
1870 933 2065 987 δεχομένων
2081 932 2205 976 αὐτοὺς

1165 996 1231 1032 τῶν
1251 993 1341 1046 ἀμφὶ
1373 993 1577 1046 Διόγνητον,
1605 995 1829 1033 ἐσπίπτουσιν
1857 994 1905 1036 εἷς
1932 992 1971 1031 τὸ
1998 992 2111 1044 τεῖχος
2135 993 2204 1029 τῶν

1164 1053 1364 1101 Μιλησίων,
1388 1054 1418 1091 οἳ
1436 1052 1499 1103 μέν
1515 1068 1603 1096 τινες
1618 1051 1709 1091 κατὰ
1731 1050 1794 1099 τὴν
1816 1050 2038 1104 ἀνεῳγμένην
2058 1048 2206 1096 πυλίδα,

1163 1113 1192 1150 οἳ
1212 1111 1247 1149 δὲ
1264 1111 1324 1149 καὶ
1341 1111 1380 1149 τὸ
1403 1116 1515 1163 τεῖχος
1537 1109 1795 1163 ὑπερελθόντες,
1811 1110 1926 1162 ἀθρόοι
1942 1125 1980 1147 τε
1997 1108 2090 1152 ἐντὸς
2108 1107 2207 1159 γενό-

1165 1185 1262 1219 μενοι
1278 1169 1483 1208 κατέκαινον
1499 1186 1576 1213 τους
1587 1168 1797 1215 Μιλησίους·
1815 1167 1896 1207 ἔνθα
1908 1167 1949 1214 δὴ
1967 1167 2045 1206 κατ’
2062 1166 2203 1217 ἄγνοιαν

1165 1227 1376 1275 ἀποθνήσκει
1393 1228 1593 1288 Διόγνητος.
1612 1229 1668 1280 Τῇ
1689 1227 1718 1266 δ’
1728 1226 1873 1277 ἐπιούσῃ
1892 1228 1923 1265 οἱ
1943 1225 2066 1270 Νάξιοι
2082 1224 2208 1267 πάντες

1164 1284 1274 1324 πολυν
1290 1285 1394 1324 πόθον
1415 1290 1508 1338 εἰχον
1528 1284 1719 1323 θεάσασθαι
1734 1284 1797 1331 τὴν
1812 1285 1934 1337 κόρην·
1951 1282 2011 1321 καὶ
2026 1299 2057 1321 οι
2074 1282 2137 1333 μέν
2153 1298 2206 1320 τι-

1167 1359 1220 1382 σιν
1234 1343 1342 1390 αὐτὴν
1360 1343 1497 1396 μίτραις
1512 1343 1669 1393 ἀνέδουν,
1689 1345 1720 1382 οἱ
1739 1342 1774 1381 δε
1792 1342 1925 1389 ζώναις,
1944 1345 1997 1385 αἱς
2015 1340 2205 1394 βαρηθεῖσα

1164 1404 1185 1448 ἡ
1219 1404 1300 1446 παῖς
1321 1401 1376 1440 διὰ
1406 1404 1535 1448 πλῆθος
1563 1403 1631 1440 τῶν
1661 1403 1909 1453 ἐπιρριπτουμε
1895 1415 1978 1438 ..νων
2011 1398 2202 1449 ἀπεπνίγη.

1165 1454 1238 1493 Καὶ
1263 1454 1370 1500 αὐτὴν
1402 1453 1556 1505 δημοσίᾳ
1588 1453 1775 1492 θάπτουσιν
1800 1455 1834 1491 ἐν
1854 1454 1904 1504 τῶ
1928 1451 2061 1504 πεδίῳ,
2089 1450 2205 1488 πάντα

1165 1512 1286 1551 ἑκατὸν
1299 1512 1519 1564 ἔναγίσαντες
1539 1513 1640 1563 αυτῇ.
1643 1510 1761 1571 m(Into-t
1780 1510 1817 1549 δέ
1836 1526 1923 1554 τινες
1942 1509 2002 1548 καὶ
2018 1482 2206 1560 Δίόγνητον

1165 1573 1199 1609 ἐν
1220 1574 1270 1609 τῶ
1291 1572 1386 1609 αὐτῶ
1415 1586 1568 1620 καηναι,
1585 1571 1620 1608 ἐν
1639 1573 1668 1607 ὡ
1689 1585 1749 1608 και
1766 1572 1787 1615 ἡ
1806 1574 1907 1619 παῖς,
1927 1566 2198 1606 σπουδασάντων

1165 1610 1319 1675 Ναξίων.
1340 1610 1399 1670 C'f:
1415 1631 1628 1668 Aristotelis
1644 1630 1690 1668 fr.
1712 1629 1836 1667 168b.
1854 1637 1944 1665 tom.
1964 1629 2026 1676 ΙΙ,
2051 1641 2090 1677 p.
2119 1625 2207 1663 156.

1443 1749 1473 1783 E
1499 1746 1652 1783 LIBRO
1682 1744 1920 1784 SECUNDO.

1671 1862 1707 1886 2.

1219 1921 1440 1958 Parthenius
1483 1921 1588 1958 Erat.
1630 1931 1676 1967 19
1717 1931 1725 1954 τ
1764 1915 1877 1969 Περὶ
1899 1917 2204 1967 Παγκρατοῦς.

1166 1977 1314 2031 Ἱστορεῖ
1343 1976 1536 2029 Ἀνδρίσκος
1556 1977 1591 2013 ἐν
1620 1974 1807 2019 Ναξιακῶν
1839 1974 1885 2026 β’.
1919 1973 2066 2016 Σκέλλις
2093 1987 2130 2010 τε
2147 1973 2208 2010 καὶ

57 2092 176 2123 Naxios
185 2092 297 2124 Milesii
306 2100 380 2124 cum
391 2092 597 2124 auxiliaribus
606 2092 704 2133 copiis
713 2092 847 2133 profecti
857 2093 943 2131 sunt,
953 2091 1102 2131 valloque

58 2144 132 2175 ante
158 2143 322 2175 civitatem
338 2144 520 2183 exstructo,
535 2144 696 2183 regionem
709 2143 918 2183 excidebant,
937 2142 1104 2183 prohibitis

57 2196 165 2229 Naxiis
178 2205 218 2228 ne
229 2197 308 2228 urbe
316 2195 552 2237 egrederentur.
567 2198 613 2228 Eo
622 2198 766 2237 tempore
779 2196 867 2236 virgo
877 2195 1005 2227 nomine
1016 2195 1105 2235 Poly·

58 2247 138 2279 crita
149 2271 158 2287 ,
173 2256 249 2279 casu
263 2247 402 2288 quodam
416 2247 449 2279 in
467 2247 558 2280 Delio
570 2248 690 2288 templo
703 2271 712 2288 ,
728 2247 812 2287 quod
831 2255 929 2288 prope
942 2246 1104 2278 civitatem

59 2299 138 2338 erat,
150 2299 270 2338 relicta,
282 2299 523 2338 Erythraeorum
535 2298 651 2331 ducem
661 2299 852 2338 Diognetum
863 2299 895 2330 in
903 2306 1044 2330 amorem
1056 2296 1105 2329 sui

59 2350 168 2387 traxit,
179 2350 235 2390 qui
244 2349 435 2381 domesticas
445 2350 553 2391 copias
559 2350 681 2382 ducens
693 2350 880 2382 auxiliarius
893 2351 961 2381 erat
973 2348 1106 2381 Milesio-

60 2409 142 2431 rum.
156 2403 187 2434 ls
198 2401 306 2441 itaque
314 2401 416 2432 multo
423 2401 492 2440 ejus
499 2401 654 2433 desiderio
660 2402 783 2441 captus,
794 2402 955 2433 oratorem
966 2400 1051 2432 misit
1064 2399 1105 2432 ad

60 2451 160 2483 illam.
176 2454 246 2484 Non
257 2452 343 2484 enim
357 2452 403 2495 sas
411 2455 479 2484 erat
491 2452 666 2493 supplicem
677 2452 818 2493 puellam
830 2452 971 2484 maxime
981 2452 1013 2483 in
1022 2453 1101 2484 tem-

60 2502 113 2543 plo
125 2502 158 2534 vi
168 2511 290 2544 cogere.
305 2503 364 2535 illa
375 2505 484 2535 autem
497 2503 683 2544 aliquandiu
700 2504 821 2544 legatos
833 2513 896 2535 non
905 2503 1103 2536 admittebat.

61 2554 168 2590 Quum
178 2563 253 2586 vero
260 2554 433 2594 plurimum
440 2554 583 2595 instaret,
592 2555 673 2587 dixit
679 2555 737 2587 sibi
745 2555 924 2596 persuaderi
930 2564 994 2587 non
1002 2563 1105 2596 posse,

61 2604 120 2636 nisi
127 2605 310 2645 juramento
322 2606 465 2646 praestito
477 2606 669 2638 effecturum
682 2615 715 2638 se
726 2606 940 2647 polliceretur,
952 2606 1106 2647 quicquid

63 2656 191 2688 tandem
207 2657 275 2697 ipsa
284 2657 393 2690 vellet.
411 2656 583 2698 Diognetus
595 2659 705 2690 autem
727 2658 806 2689 nihil
821 2658 886 2690 tale
907 2658 1104 2698 suspicatus,

62 2706 154 2739 valde
167 2709 313 2748 prompte
326 2707 447 2748 juravit
461 2717 517 2749 per
532 2709 665 2740 Dianam
678 2717 712 2741 se
723 2709 936 2750 praebiturum
951 2709 1104 2750 quicquid

62 2758 190 2791 tandem
201 2761 341 2800 cuperet.
354 2762 452 2793 Facto
465 2761 573 2802 itaque
592 2761 775 2801 juramento
786 2786 795 2802 ‚
809 2762 1017 2802 apprehendit
1032 2771 1106 2794 eum

63 2817 159 2841 manu
181 2810 354 2851 Polycrita,
372 2820 410 2843 ac
422 2812 569 2844 meminit
584 2812 624 2844 de
637 2812 799 2852 prodenda
820 2813 964 2853 regione,
983 2813 1105 2854 suppli-

63 2860 142 2892 citer
166 2861 259 2902 plane
283 2866 411 2903 precata
419 2886 429 2902 ,
454 2872 519 2904 quo
544 2863 643 2903 ipsius
666 2864 868 2896 misereretur
891 2865 923 2896 et
941 2865 1105 2896 calamita-

63 2913 133 2944 tum
151 2913 300 2946 civitatis.
315 2915 489 2955 Diognetus
509 2924 585 2947 vero
600 2915 711 2948 audito
729 2925 875 2948 sermone
891 2917 1057 2957 obstupuit
1070 2926 1107 2948 ac

23 2970 30 2977 ·
53 2964 153 3004 ,quasi
170 2966 262 2997 extra
282 2974 316 2997 se
331 2966 452 3006 positus
465 2966 544 3007 fuit,
562 2968 770 3008 extractaque
787 2968 946 3000 machaera
967 2969 1106 3009 puellam

64 3016 229 3055 penetrare
245 3017 378 3057 parabat
394 3027 402 3048 :
420 3027 534 3049 verum
547 3018 705 3051 aestimata
726 3019 812 3060 apud
829 3028 864 3051 se
876 3020 944 3060 eius
968 3020 1107 3060 benigni·

63 3065 146 3106 tate,
163 3075 263 3107 quum
286 3068 380 3100 simul
399 3069 582 3101 vinceretur
594 3069 636 3101 ab
661 3078 770 3102 amore
792 3070 803 3110 (
819 3071 986 3110 oportebat
1002 3072 1106 3110 enim,

65 3118 102 3149 ut
121 3119 308 3161 verisimile,
331 3121 449 3152 Naxios
473 3130 492 3153 a
507 3122 718 3162 praesentibus
733 3123 825 3154 malis
841 3123 1009 3164 liberari),
1029 3125 1107 3155 tunc

60 3168 191 3208 ,quidem
207 3170 286 3202 nihil
302 3171 483 3212 respondit,
505 3174 690 3205 consultans
702 3173 780 3214 quid
803 3174 986 3207 faciendum
1011 3176 1104 3206 esset.

65 3222 215 3260 Sequenti
228 3223 336 3254 autem
348 3223 399 3256 die
411 3224 579 3265 despondit
591 3234 625 3257 se
635 3226 849 3266 proditurum.
864 3227 906 3258 Et
919 3236 1019 3266 quum
1034 3228 1107 3267 post

65 3270 206 3319 triduum
221 3273 348 3306 Milesiis
372 3275 469 3307 festus
493 3276 625 3308 instaret
648 3270 716 3309 dies
731 3277 973 3317 Thargeliorum
993 3278 1025 3308 in
1041 3287 1106 3318 quo

66 3323 203 3357 multum
219 3326 298 3358 meri
322 3327 505 3367 insumunt,
521 3337 559 3360 ac
576 3329 734 3361 maximos
755 3330 902 3370 sumptus
915 3330 1053 3370 faciunt,
1067 3339 1106 3362 eo

66 3381 142 3407 sane
155 3375 299 3418 tempore
314 3379 486 3419 apparabat
503 3380 635 3420 prodere
652 3381 821 3421 regionem.
840 3382 880 3413 Et
893 3382 1000 3413 statim
1009 3390 1106 3422 ‚opera

1165 2088 1339 2129 Polycrites
1352 2087 1532 2128 impositam
1545 2087 1577 2118 in
1587 2095 1701 2127 panem
1715 2085 1898 2126 plumbeam
1917 2084 2084 2124 epistolam
2106 2082 2208 2114 fratri·

1162 2142 1223 2174 bus
1238 2140 1352 2182 puellae
1369 2139 1544 2172 transmisit
1565 2139 1678 2179 (erant
1693 2138 1778 2170 enim
1794 2137 1826 2169 hi
1839 2136 1926 2168 urbis
1941 2135 2082 2177 praefecti
2099 2136 2131 2175 )‚
2145 2143 2210 2175 quo
2225 2178 2228 2182 ,

1163 2195 1196 2226 in
1211 2194 1266 2226 illa
1275 2194 1341 2234 ipsa
1354 2193 1449 2225 nocte
1462 2191 1632 2233 praeparati
1648 2191 1789 2223 veniant.
1808 2190 1938 2231 Signum
1952 2189 1997 2221 eis
2013 2189 2081 2220 fore
2096 2187 2211 2220 arden-

1163 2247 1230 2278 tem
1242 2245 1380 2277 faculam
1393 2268 1402 2285 ,
1417 2252 1515 2284 quam
1526 2252 1560 2275 se
1572 2243 1675 2283 ipsum
1687 2243 1869 2274 erecturum
1883 2240 2041 2282 promisit.
2053 2239 2212 2279 Polycrita

1164 2298 1273 2329 autem
1289 2305 1362 2328 eum
1381 2295 1434 2327 cui
1454 2303 1570 2336 panem
1581 2293 1788 2326 deserendum
1801 2293 1919 2333 dabat,
1936 2291 2087 2324 fratribus
2105 2291 2212 2323 dicere

1162 2349 1272 2389 iussit,
1285 2358 1325 2381 ne
1345 2348 1424 2389 quid
1439 2348 1644 2387 dubitarent,
1661 2347 1806 2378 futurum
1824 2347 1860 2378 ut
1876 2354 1927 2377 res
1941 2345 1982 2377 ad
1997 2345 2120 2376 exitum
2136 2352 2208 2384 per-

1165 2400 1313 2439 ducatur,
1327 2399 1424 2431 modo
1438 2399 1497 2440 ipsi
1515 2398 1594 2430 nihil
1609 2398 1850 2430 cunctarentur.
1867 2396 2006 2429 Nuntius
2018 2404 2094 2436 ergo
2109 2403 2210 2435 quum

1165 2452 1330 2484 confestim
1356 2451 1390 2483 in
1410 2451 1574 2483 civitatem
1599 2450 1754 2489 venisset,
1775 2449 1917 2489 Polycles
1931 2448 2098 2488 Polycritae
2115 2447 2212 2478 frater

1164 2504 1267 2535 multa
1279 2501 1492 2535 sollicitudine
1505 2501 1679 2541 angebatur
1688 2524 1697 2540 ‚
1715 2509 1835 2533 numne
1857 2499 1952 2532 fidem
1965 2499 2130 2540 praestaret
2145 2498 2211 2537 epi·

1164 2556 1254 2587 stolae
1272 2563 1373 2587 necne
1389 2564 1397 2585 ε
1421 2554 1616 2594 postremum
1635 2561 1712 2584 vero
1727 2560 1830 2592 quum
1845 2559 1956 2583 omnes
1970 2548 2211 2590 obsequendum

1164 2616 1231 2640 esse
1250 2606 1435 2646 censerent,
1452 2606 1484 2638 et
1501 2605 1634 2637 instaret
1648 2613 1714 2636 nox
1726 2628 1734 2644 ‚
1752 2604 1785 2635 in
1798 2612 1862 2644 qua
1876 2602 1955 2644 Jussi
1973 2604 2063 2634 erant
2083 2601 2209 2639 venire,

1164 2658 1324 2699 supplices
1340 2658 1433 2690 antea
1460 2657 1520 2689 diis
1546 2656 1640 2696 raeti,
1663 2655 1909 2695 suscipientibus
1933 2662 1988 2686 eos
2010 2652 2059 2684 his
2071 2660 2208 2692 quorum

1164 2711 1334 2751 praefectus
1345 2711 1413 2742 erat
1425 2709 1610 2749 Diognetus,
1620 2708 1747 2739 irruunt
1759 2708 1792 2739 in
1803 2706 1983 2747 praesidium
1996 2705 2209 2741 Milesiorum,

1164 2763 1216 2795 alii
1232 2772 1288 2804 per
1313 2763 1456 2803 apertam
1475 2762 1617 2802 portam,
1637 2760 1691 2792 alii
1712 2759 1980 2800 transgredientes
2002 2758 2134 2789 vallum.
2158 2757 2210 2788 Sic

1164 2814 1336 2846 acervatim
1350 2813 1435 2845 intra
1449 2812 1722 2853 propugnaculum
1734 2811 1919 2843 exsistentes
1934 2810 2071 2842 Milesios
2088 2807 2210 2840 occide·

1165 2867 1251 2898 runt.
1278 2865 1327 2897 lbi
1355 2873 1411 2905 per
1431 2863 1640 2904 ignorantiam
1669 2862 1842 2902 Diognetus
1862 2870 1990 2902 quoque
2006 2860 2129 2892 occisus
2149 2861 2208 2890 est.

1166 2921 1264 2951 Porro
1280 2917 1425 2958 sequenti
1447 2916 1499 2948 die
1523 2924 1634 2947 omnes
1655 2914 1746 2947 Naxii
1763 2923 1878 2955 magno
1898 2914 2053 2946 desiderio
2072 2912 2209 2953 puellam

1165 2971 1310 3003 certatim
1330 2970 1486 3001 honorare
1507 2961 1689 3009 cupientes,
1711 2967 1763 2999 alii
1788 2968 1893 3007 vittis,
1911 2967 1964 2999 alii
1983 2965 2117 3006 cingulis
2138 2972 2208 2996 eam

1165 3021 1463 3060 circumdederunt,
1477 3020 1521 3051 ita
1536 3021 1573 3051 ut
1597 3019 1702 3059 puella
1718 3018 1857 3059 pondere
1869 3027 1980 3051 eorum
1996 3026 2069 3058 quae
2084 3015 2207 3055 injicie-

1165 3075 1281 3105 bantur
1293 3080 1440 3113 oppressa
1450 3071 1792 3108 suffocaretur-..Quare
1801 3071 1901 3111 ipsam
1912 3069 2039 3110 publice
2052 3068 2084 3099 in
2096 3074 2209 3106 campo

1164 3124 1373 3165 sepelierunt,
1390 3122 1531 3154 centenis
1542 3121 1691 3153 omnibus
1703 3122 1732 3154 ei
1749 3122 1961 3162 parentantes.
1983 3120 2081 3152 Aiunt
2100 3120 2209 3150 autem

1164 3175 1262 3215 aliqui
1272 3175 1461 3214 Diognetum
1471 3173 1674 3205 combustum
1685 3181 1753 3205 esse
1764 3172 1796 3204 in
1806 3172 1918 3205 eodem
1929 3172 2001 3204 loco
2009 3179 2082 3202 cum
2091 3169 2207 3210 puella,

1164 3227 1317 3268 apparatu
1333 3225 1452 3258 scilicet
1469 3225 1655 3258 Naxiorum.

1672 3303 1706 3335 2.

1212 3383 1258 3414 De
1284 3383 1470 3414 Pancrato.
1493 3382 1609 3414 Narrat
1633 3381 1803 3413 Andriscus
1820 3380 1860 3412 de
1878 3379 1971 3411 rebus
1992 3376 2099 3409 Naxiis
2123 3374 2204 3406 libro
