2326 3724
995 198 1325 242 FRAGMENTA.

64 287 252 327 ἀπολέσθαι
284 284 458 330 καθάπαξ.
499 283 676 324 Ἐνταῦθα
709 280 904 342 ἀναγκαίαν
935 279 1100 326 ἐόιάσθην

59 336 240 397 ’σύμὸασιν
264 344 349 398 πρὸς
380 342 500 387 αὐτους
529 341 763 389 ποιήσασθαι·
794 343 843 383 οἷς
871 337 941 392 χρὴ
971 336 1104 384 πολλὴν

63 405 167 457 χάριν
188 403 292 456 ἔχειν,
312 403 394 440 ὅτιε
382 401 436 454 υφ’
465 402 562 451 ὑμῶν
594 398 805 452 προδοθέντα
835 398 1017 447 δυνάμενοι
1045 395 1105 434 καὶ

65 463 260 515 διαφθειραι
280 459 449 498 διέσωσάν
468 474 507 510 γε
526 457 634 509 ὅμως.
655 475 670 490 1»
688 455 913 507 Ἀδαμάντιος
930 454 966 493 δὲ
982 456 1049 493 τῶν
1067 469 1103 491 τε

64 524 124 559 τοῦ
147 518 317 572 βασιλέως
337 519 446 568 τιμῶν
475 515 576 554 αὐτὸν
599 514 854 565 ἀνεμίμνησκε,
875 512 935 551 καὶ
953 511 1005 551 ὅτι
1035 527 1101 549 πα-

66 577 195 630 τρίκιον
209 577 268 615 καὶ
285 574 477 628 στρατηγὸν
492 573 656 621 ποιήσας,
672 572 694 610 ἃ
709 574 778 615 τοῖς
793 572 939 609 πλεῖστα
956 573 1108 619 καμοῦσι

66 635 164 688 παρὰ
184 633 370 682 Ῥωμαίοις
385 634 470 685 γέρα
488 631 579 678 ἐστὶ,
595 630 655 669 καὶ
672 632 739 669 τῶν
761 630 876 667 ἄλλων
896 630 1031 680 δωρεῶν
1048 627 1108 666 καὶ

66 693 217 731 πὶούτου
238 692 440 738 ἐνέπλησεν,
458 691 528 728 ἀνθ’
547 684 594 728 ων
611 689 679 727 ἔδει
697 688 870 739 μηδέποτε
889 687 975 740 πρὸς
1006 685 1108 723 αὐτὸν

69 752 184 794 ἄλλως
201 766 274 794 πως
293 749 315 796 ἢ
335 749 417 801 πρὸς
433 747 569 800 πατέρα
592 749 725 800 φρονεῖν
747 762 782 785 τε
806 745 866 784 καὶ
883 745 1107 784 διατίθεσθαι.

70 810 142 850 Καὶ
171 809 215 847 τὰ
249 824 317 846 των
352 810 438 859 παρ’
463 808 567 845 αὑτοῦ
598 805 794 856 ἐγκλήσεων
817 799 880 856 (ἠν
911 803 978 857 γὰρ
1010 807 1110 853 οἶμαι

69 853 206 919 ἀληθῆ)
235 865 476 918 διακρούεσθαι
506 867 678 917 ἐπειρᾶτο.
709 861 826 903 Kat⁰
803 879 857 900 οτι
888 863 952 900 οὐκ
985 861 1111 899 ἀνεκτὰ

70 925 246 971 ποιήσειεν
261 926 295 962 ἐν
306 924 491 977 πρεσὸείας
503 923 616 962 ἐλπίδι
627 921 839 960 καταλαὸὼν
854 920 898 959 τὰ
911 919 1112 970 Ῥωμαίων,

70 983 104 1022 οἳ
135 983 195 1022 καὶ
221 981 530 1031 ἀποκεκλεισμένον
557 983 590 1019 ἐν
621 980 746 1034 Θρᾴκῃ
773 979 909 1032 ἔχοντες
937 978 1030 1031 ὄρεσι
1053 978 1113 1015 καὶ

73 1047 244 1091 ποταμοῖς
263 1041 322 1079 καὶ
341 1040 509 1093 περιὸολῇ
531 1039 783 1092 στρατοπέδων,
801 1039 894 1088 ὅμως
914 1035 1112 1088 συνεχώρη-

73 1115 139 1138 σαν
159 1099 292 1143 ἑκόντες
308 1098 497 1142 διεξελθεῖν·
513 1099 552 1136 οὐ
569 1097 635 1149 γὰρ
649 1097 689 1135 ἂν
709 1097 759 1148 μὴ
779 1096 995 1148 βουλομένων
1012 1095 1114 1133 αὐτὸν

74 1160 202 1196 ἐκεῖθεν
222 1160 421 1205 κινηθῆναι,
441 1157 517 1195 οὐδὲ
549 1157 579 1194 εἷ
609 1155 846 1194 δεκαπλασίαν
870 1150 944 1206 εἶχε
969 1153 1114 1204 δύναμιν

76 1219 137 1262 τῆς
156 1217 345 1268 παρούσης.
367 1218 441 1254 Νῦν
462 1231 498 1253 τε
515 1213 763 1265 συμὸουλεύειν
778 1215 872 1264 αὐτῷ
888 1211 1115 1265 μετριώτερον

75 1273 196 1312 ἑαυτὸν
216 1276 265 1327 τῷ
287 1275 424 1326 βασιλεῖ
441 1273 618 1325 παρέχειν·
639 1274 676 1309 οὐ
697 1271 763 1323 γὰρ
784 1271 824 1310 ἂν
849 1272 1034 1318 δυνηθῆναι
1053 1270 1115 1316 τὴν

75 1330 264 1381 Ἱ)ωμαίων
298 1332 346 1374 εἷς
379 1330 437 1368 τέλ
440 1346 489 1390 οςω
506 1330 734 1402 bitsfffisssw
768 1336 869 1381 χεῖρα
901 1327 1116 1380 πανταχόθεν

81 1387 331 1440 ἐφεστηκότων.
353 1389 432 1426 Δεῖν
450 1391 521 1435 οὖν,
538 1389 567 1424 εἰ
584 1389 678 1440 αὖτῳ
698 1386 869 1435 πείθοιτο,
886 1388 1038 1424 ἐκλιπεῖν
1056 1384 1118 1434 μὲν

74 1447 138 1493 τὴν
156 1445 322 1499 Ἤπειρον
341 1445 400 1484 καὶ
417 1445 478 1489 τὰς
505 1445 622 1482 αὐτόθι
646 1445 762 1488 πόλεις
784 1444 920 1495 (οὐδενὶ
945 1443 1011 1495 γὰρ
1032 1446 1119 1481 εἶναι

76 1505 225 1558 φορητὸν
244 1507 361 1549 πόλεις
379 1504 471 1543 οὕτω
492 1504 667 1555 μεγάλας,
687 1506 756 1542 τῶν
773 1503 961 1555 οἰκητόρων
989 1502 1119 1548 ἐκὸλη-

77 1563 219 1614 θέντων,
252 1563 308 1601 ὑπ’
340 1564 446 1601 αὐτοῦ
477 1561 708 1613 κατέχεσθαι)
725 1593 734 1609 ,
769 1563 877 1600 ἐλθεῖν
911 1561 946 1599 δὲ
981 1562 1027 1604 εἷς
1056 1559 1118 1605 τὴν

79 1621 288 1674 Δαρδανίαν,
309 1623 343 1660 ἐν
362 1617 386 1673 ἧ
405 1620 524 1673 χώραν
552 1615 639 1658 εἶναι
667 1620 799 1667 πολλὴν
819 1618 915 1673 παρὰ
934 1619 978 1657 τὰ
1007 1618 1122 1657 οἰκού-

81 1675 188 1730 μενα,
208 1680 319 1727 καλὴν
338 1679 400 1730 μὲν
423 1679 482 1717 καὶ
508 1678 651 1730 εὔγειον,
676 1680 774 1717 ἐνδεᾶ
799 1677 835 1716 δὲ
859 1678 1059 1730 οἰκητόρων,
1080 1677 1121 1723 ἣν

84 1738 228 1776 δύναται
243 1741 405 1790 γεωργῶν
420 1740 453 1776 ἐν
468 1743 574 1775 πᾶσιν
590 1736 743 1789 ἀφθόνοις
760 1739 863 1775 αὑτοῦ
878 1736 940 1783 τὴν
956 1735 1121 1786 στρατιὰν

88 1796 232 1848 διάγειν.
259 1796 304 1836 ‘O
325 1795 361 1834 δὲ
390 1796 600 1847 Θευδέριχος
626 1796 727 1838 αὐτὸς
747 1795 808 1846 μὲν
835 1794 995 1846 ἐπώμνυε
1014 1798 1124 1832 ταῦτα

83 1853 286 1907 βούλεσθαι,
303 1856 341 1893 οὐ
356 1853 473 1905 μέντοι
484 1854 661 1899 ἀνέξεσθαι
675 1856 778 1892 αὐτοῦ
793 1854 831 1892 τὸ
849 1855 996 1901 πλῆθος,
1010 1852 1125 1892 πολλὰ

82 1978 199 2018 quibus
211 1987 358 2018 magnam
377 1978 508 2018 gratiam
522 1978 640 2010 babere
655 1980 798 2018 oportet,
819 1978 906 2018 quod
921 1987 987 2018 me,
1005 1986 1023 2009 a
1034 1978 1125 2009 vobis

84 2030 263 2070 proditum,
277 2039 378 2070 quum
391 2031 535 2062 occidere
551 2032 694 2070 possent,
712 2032 820 2062 tamen
845 2032 1023 2062 servarunt.
1044 2044 1060 2058 n
1078 2030 1125 2062 Ad

85 2081 156 2112 baec
169 2082 376 2113 Adamantius
399 2081 444 2113 illi
458 2082 490 2112 in
509 2082 698 2113 memoriam
711 2082 891 2120 revocavit,
903 2082 1019 2121 quibus
1034 2082 1125 2113 illum

85 2131 258 2171 imperator
284 2131 457 2163 honoribus
486 2132 663 2171 affecisset,
693 2133 729 2163 ut
753 2133 922 2172 patricium
949 2134 982 2165 et
1011 2133 1126 2164 ducem

87 2185 240 2224 creasset,
257 2193 331 2224 quae
354 2185 457 2216 essent
469 2184 554 2225 apud
570 2186 730 2216 Romanos
747 2185 879 2225 praemia
898 2185 958 2225 bis,
972 2185 1026 2226 qui
1045 2187 1127 2217 stre-

87 2245 184 2268 nuam
203 2236 246 2268 rei
273 2236 409 2277 publicae
437 2236 625 2268 navaverint
643 2246 791 2277 operam,
810 2238 984 2269 constituta
1002 2239 1130 2279 amplis-

87 2287 184 2326 sima,
205 2289 242 2319 ut
258 2296 331 2319 eum
350 2287 460 2319 multis
483 2287 574 2318 donis
590 2289 622 2319 et
632 2288 818 2320 muneribus
837 2289 1049 2328 cumulasset,
1070 2298 1127 2330 pro

87 2338 204 2378 quibus
219 2338 368 2370 decuerat
395 2339 618 2379 imperatorem
640 2339 724 2370 baud
746 2348 848 2378 secus,
866 2349 962 2381 quam
987 2343 1129 2381 patrem,

89 2390 193 2421 colere
203 2391 235 2421 et
250 2389 401 2422 revereri.
445 2391 594 2421 Ceterum
604 2398 652 2430 ea,
664 2390 706 2422 de
719 2391 836 2431 quibus
850 2391 1072 2431 imperatorem
1087 2392 1130 2423 in·

89 2440 262 2472 simulabat
278 2441 290 2480 (
301 2442 333 2472 et
356 2441 447 2473 erant
469 2441 580 2481 opinor
602 2442 716 2482 vera),
734 2442 856 2484 diluere
871 2444 903 2474 et
922 2443 1060 2475 refutare
1077 2452 1131 2475 co-

90 2494 185 2523 natus
203 2492 259 2523 est.
305 2494 388 2524 Sane
412 2492 544 2523 minime
571 2492 736 2524 toleranda
765 2493 976 2533 commisisse,
996 2495 1051 2535 qui
1078 2504 1133 2535 per

90 2544 227 2583 speciem
236 2544 397 2584 legationis
407 2544 542 2576 Romani
558 2545 678 2584 imperii
692 2536 813 2586 partem
829 2546 977 2579 invaserit
989 2549 1022 2579 et
1037 2556 1132 2579 occu-

91 2596 192 2636 parit,
207 2596 381 2636 praesertim
400 2605 501 2637 quum
519 2597 583 2637 illi,
602 2598 731 2630 tametsi
753 2599 853 2639 copiae
865 2599 933 2640 ejus
951 2600 984 2631 in
1000 2601 1134 2633 Thracia

94 2647 257 2678 montibus
270 2650 302 2679 et
318 2647 425 2679 fluviis
437 2648 568 2679 inclusae
578 2649 610 2680 et
621 2649 760 2680 militum
776 2659 870 2681 manu
882 2653 979 2691 septae
987 2653 1133 2684 teneren-

94 2699 161 2737 tur,
171 2698 280 2729 tamen
297 2697 395 2730 libere
405 2698 492 2730 exire
505 2700 726 2732 concesserint.
772 2701 898 2732 Etenim
917 2702 942 2732 si
962 2703 1135 2735 noluissent

94 2749 127 2780 et
145 2748 349 2789 restitissent,
370 2749 494 2781 etiamsi
514 2749 583 2790 ejus
599 2751 697 2791 copiae
714 2751 818 2784 decies
833 2761 967 2784 numero
989 2763 1135 2794 superas·

95 2801 167 2831 sent
203 2808 256 2831 eas
297 2808 377 2840 quas
419 2809 507 2832 nunc
535 2801 685 2842 haberet,
722 2812 883 2844 nunquam
921 2806 1028 2836 tamen
1063 2805 1137 2837 inde

96 2851 210 2892 pedem
223 2852 340 2884 referre
351 2853 540 2893 potuissent.
588 2856 680 2886 Nunc
698 2856 794 2895 igitur
812 2865 846 2888 se
862 2856 907 2888 illi
929 2857 1081 2898 suadere,
1101 2859 1137 2890 ut

100 2911 134 2934 se
145 2903 344 2935 summissius
359 2912 432 2944 erga
457 2904 681 2945 imperatorem
696 2907 795 2947 gerat.
819 2909 884 2939 Nec
902 2909 988 2940 enim
1006 2909 1137 2942 tandem

99 2954 132 2985 in
156 2953 225 2993 ejus
246 2955 402 2994 potestate
440 2955 507 2987 sore
544 2958 778 2998 Romanorum’,
819 2959 875 2999 qui
919 2959 966 2991 illi
995 2960 1138 3001 undique

99 3005 322 3047 imminerent,
349 3016 463 3040 manus
487 3008 635 3049 effugere.
664 3011 820 3050 oportere
839 3011 946 3052 igitur,
971 3011 996 3043 si
1023 3021 1058 3044 se
1078 3021 1138 3044 au-

105 3058 190 3098 diat,
213 3058 307 3099 Epiro
327 3060 359 3091 et
371 3059 439 3099 ejus
454 3060 590 3100 regionis
605 3061 738 3094 urbibus
750 3063 871 3095 cedere.
888 3066 953 3096 Nec
968 3064 1052 3096 enim
1072 3065 1139 3097 ullo

102 3109 199 3141 modo
213 3109 376 3141 ferendum
386 3134 395 3150 ,
410 3113 474 3142 tam
489 3120 618 3151 magnas
639 3113 746 3153 urbes,
761 3114 901 3154 expulsis
917 3115 1028 3148 incolis
1040 3139 1048 3155 ,
1065 3125 1140 3148 eum

103 3161 223 3192 tenere.
241 3161 342 3193 Abeat
372 3161 466 3202 igitur
494 3162 526 3194 in
549 3163 762 3204 Dardaniam,
776 3165 832 3196 ubi
859 3166 944 3206 regio
962 3166 1003 3198 sit
1023 3169 1140 3207 praeter

104 3218 194 3250 eam,
211 3220 286 3252 quae
314 3212 486 3253 habitetur,
503 3214 626 3254 ampla,
643 3223 770 3247 amoena
792 3217 824 3248 et
844 3216 972 3255 fertilis,
992 3226 1065 3258 quae
1090 3218 1140 3249 in-

107 3262 184 3306 colis
203 3262 360 3303 indigeat;
375 3272 472 3304 quam
485 3264 510 3296 si
532 3266 616 3297 colat
628 3290 637 3305 ,
651 3266 796 3298 omnium
812 3276 919 3300 rerum
944 3268 1142 3301 abundantia

106 3314 284 3347 exercitum
307 3324 402 3347 suum
429 3317 514 3348 alere
541 3318 573 3349 et
601 3319 779 3351 sustentare
807 3328 908 3360 posse.
966 3321 1142 3353 'theuderi-

108 3364 188 3397 ebus
208 3365 414 3406 jurejurando
435 3368 624 3409 affirmavit,
649 3369 681 3401 id
702 3370 833 3410 quidem
859 3371 917 3404 sibi
934 3372 1023 3404 cordi
1050 3381 1141 3405 esse:

254 3429 440 3454 maenam-A
461 3431 586 3455 ms'ron.
607 3433 662 3455 cn.
683 3442 716 3448 -
735 3434 807 3458 von.
828 3435 872 3457 iv.

2133 207 2203 239 12⁹

1165 279 1229 328 μὲν
1262 276 1656 330 προτεταλαιπωρηκὸς,
1690 276 1789 326 μόλις
1821 276 1856 316 δὲ
1891 278 2116 322 ἀναπαύσεως
2147 282 2206 316 νῦν

1167 336 1432 387 ἐπιλαὸόμενον·
1449 334 1506 378 οὒς
1525 336 1562 372 οὗ
1584 334 1753 373 δύνασθαι
1783 334 1890 384 μήπω
1926 337 2208 380 ἀναπνεύσαντας

1167 395 1274 468 ἄγειν
1281 393 1418 445 μακρὰν
1436 392 1527 431 οὕτω
1543 391 1719 463 πορείαν.
1724 392 1830 431 Ἀλλὰ
1849 397 1907 430 νῦν
1929 394 1991 444 μὲν
2013 394 2133 438 αὐτοὺς
2149 397 2207 432 ἐᾶν

1169 455 1274 491 αὐτοῦ
1290 450 1532 504 ἐπιχειμασαι,
1550 450 1638 501 μήτε
1651 449 1772 503 πρόσω
1781 454 1979 503 χωροῦντας
1997 447 2109 503 [ὦν]”
2092 469 2106 490 ε
2109 468 2209 504 χουσι

1166 512 1312 559 πόλεων,
1324 510 1412 561 μήτε
1426 510 1694 570 ἐπιφθείροντας·
1709 509 1945 559 συνθέμενον
1928 510 1962 547 οὲ
1976 510 2054 562 περὶ
2071 512 2209 548 πάντων

1168 571 1226 608 ἐπὶ
1256 569 1387 613 τούτοις
1419 568 1492 619 ἅμα
1514 571 1564 606 τῶ
1592 571 1650 620 ἠρι
1682 567 1821 620 πέμψαι
1839 567 1896 606 τὸν
1919 568 2043 612 ἄξοντα
2073 569 2130 607 ἐπι
2149 569 2211 615 τὴν

1168 628 1364 682 Δαρδανίαν
1384 627 1491 671 ἔνὸως
1523 628 1710 678 (ἐπιεικως
1738 629 1784 666 Ν.
1776 656 1800 674 .,
1833 627 1977 677 ἑτοίμως
2006 630 2048 666 B.
2065 643 2075 675 3
2102 627 2213 678 ἀσμέ-

1169 690 1256 731 νωςΡ
1269 689 1281 738 >
1296 685 1648 730 ἐπακολουθήσοντας.
1664 683 1793 735 Ἔλεγε
1811 683 1861 734 δὲ,
1876 687 1921 728 ὡς
1934 685 2070 736 ἕτοιμος
2083 685 2135 732 εἴη
2150 685 2212 732 τὴν

1171 748 1275 784 αὑτοῦ
1294 743 1512 791 κατασκευὴν
1533 743 1592 782 καὶ
1611 743 1650 781 τὸ
1673 743 1813 796 ἄμαχον
1834 745 1961 788 πλῆθος
1981 742 2215 794 καταθέμενος

1171 805 1206 842 ἐν
1224 804 1324 842 πόλει
1337 834 1348 850 ,
1367 799 1391 855 ἧ
1407 802 1565 855 βούλοιτο
1581 800 1762 853 βασιλεὺς,
1777 801 1837 839 καὶ
1851 801 2001 854 ὁμήρους
2019 801 2214 854 παρασχὼν

1170 866 1230 909 τῆς
1247 862 1386 908 ἁπάσης
1402 861 1549 905 πίστεως
1568 860 1631 907 τήν
1652 875 1687 898 τε
1709 859 1846 912 μητέρα
1865 861 1925 898 καὶ
1946 858 2109 913 ἀδελφὴν,
2127 861 2215 911 μετὰ

1173 920 1413 972 ἑξακισχιλίων
1432 922 1500 958 τῶν
1517 919 1670 969 μάλιστα
1689 917 1855 970 μαχίμων
1873 919 1980 956 ἐλθεῖν
1998 921 2043 962 ὡς
2059 917 2215 970 τάχιστα

1173 981 1207 1023 ἐς
1227 979 1385 1032 Θρᾴκην·
1404 978 1464 1017 καὶ
1483 980 1725 1029 ὑπισχνεῖσθαι
1745 977 1805 1015 σὺν
1823 975 1955 1021 τούτοις
1974 976 2033 1015 καὶ
2051 983 2120 1021 τοῖς
2146 977 2216 1016 Ἰλ-

1173 1041 1300 1093 λυριοῖς
1327 1037 1555 1091 στρατιώταις
1574 1037 1633 1075 καὶ
1660 1038 1794 1084 ἄλλοις,
1816 1036 1998 1079 ὁπόσους
1982 1053 2022 1075 αν
2055 1036 2218 1089 βασιλευς

1176 1098 1384 1149 ἀποστείλῃ,
1417 1096 1494 1140 τους
1526 1097 1561 1133 ἐν
1593 1098 1636 1147 τῇ
1673 1094 1798 1149 Θράκῃ
1842 1095 1989 1139 Ιότθους
2025 1095 2218 1134 ἀναλώσειν

1177 1156 1350 1206 ἅπαντας,
1378 1154 1428 1208 ἐφ’
1457 1158 1485 1207 ᾧ
1511 1169 1570 1203 τε,
1597 1156 1626 1191 εἰ
1654 1157 1754 1192 τοῦτο
1773 1154 1935 1200 ποιήσοι,
1957 1154 2059 1191 αὐτόν
2080 1169 2116 1192 τε
2143 1153 2219 1191 ἀντὶ

1175 1213 1394 1265 Θευδερίχου
1421 1212 1616 1263 στρατηγὸν
1643 1212 1825 1263 γενέσθαι,
1847 1212 1907 1249 καὶ
1929 1213 2149 1264 εἰσδεχθῆναι
2174 1213 2220 1255 εἰς

1175 1269 1236 1317 τὴν
1255 1271 1354 1309 πόλιν
1369 1270 1425 1308 τὸν
1444 1270 1644 1321 Ῥωμαϊκὸν
1662 1269 1912 1309 πολιτεύσοντα
1930 1270 2069 1322 τρόπον·
2086 1269 2220 1320 ἕτοιμος

1178 1328 1232 1376 δὲ,
1250 1331 1278 1366 εἰ
1305 1328 1508 1381 προστάξειε
1531 1328 1712 1380 βασιλευς,
1733 1344 1793 1366 και
1815 1330 1861 1371 εἰς
1881 1328 2088 1379 Δαλματίαν
2109 1331 2221 1366 ἀπελ-

1179 1390 1264 1437 θεῖν,
1297 1390 1342 1431 ὡς
1369 1387 1524 1426 Νέπωτα
1546 1386 1718 1431 κατάξων.
1752 1387 1977 1438 Αδαμάντιος
2005 1387 2039 1425 δὲ
2070 1389 2132 1425 οὐκ
2157 1387 2221 1439 ἔφη

1178 1445 1294 1498 κύριος
1311 1449 1398 1483 εἰναι
1414 1444 1509 1484 ουδὲν
1528 1447 1620 1483 αὐτῶ
1637 1444 1818 1483 συνθέσθαι
1837 1445 1972 1496 μένοντι
1989 1447 2023 1483 ἐν
2043 1449 2086 1498 τῇ
2104 1446 2222 1497 χώρᾳ,

1183 1503 1275 1541 ἀλλὰ
1300 1505 1368 1541 δεῖν
1406 1502 1552 1555 βασιλέα
1587 1519 1721 1551 πρωτον
1744 1503 1832 1576 περὶ
1869 1503 1998 1542 τούτων
2031 1504 2221 1542 πείθεσθαι.

1181 1562 1343 1600 Ἀνοίσειν
1364 1566 1422 1601 οὖν
1442 1562 1579 1614 ἐκείνιΗ)
1597 1562 1656 1600 καὶ
1677 1562 1777 1606 αὐτὸς
1794 1565 1982 1611 ἐπιμενεῖν,
2002 1562 2063 1606 ἕως
2081 1562 2143 1608 τὴν
2163 1566 2223 1600 τοῦ

1182 1624 1389 1673 κρατοῦντος
1421 1620 1630 1668 διαπύθηται
1658 1620 1816 1670 γνώμην.

1182 1682 1291 1725 θησαν
1324 1679 1382 1716 ἀπ’
1414 1679 1591 1725 ἀλλήλων.

1842 1621 1926 1659 Ἐπὶ
1951 1621 2081 1664 τούτοις
2111 1620 2227 1658 διελύ-

1616 1679 1677 1718 Ἑν
1705 1679 1776 1717 όσω
1808 1678 1843 1717 δὲ
1876 1679 2102 1729 Ἀδαμαντιος
2137 1679 2227 1731 ἀμφὶ

1184 1741 1294 1776 ταῦτα
1317 1733 1372 1785 ἧν,
1401 1737 1622 1785 συνεληλύθει
1655 1737 1717 1786 μὲν
1739 1738 1853 1776 πολλὰ
1873 1740 1941 1776 τῶν
1967 1738 2155 1789 ταγμάτων
2181 1740 2227 1780 εἰς

1185 1795 1248 1843 τὴν
1286 1796 1468 1848 Λυχνηδὸν
1506 1796 1597 1834 κατὰ
1628 1795 1691 1842 τὴν
1723 1800 1783 1834 τοῦ
1812 1801 2006 1848 στρατηγοῦ
2047 1796 2224 1847 ἀγγελίαν,

1185 1855 1281 1906 λέγει
1300 1854 1336 1892 δέ
1353 1871 1403 1899 τις
1421 1858 1471 1907 τῷ
1490 1855 1690 1907 Σαδινιανῷ
1703 1884 1714 1905 ,
1735 1857 1780 1898 ὡς
1799 1856 1830 1892 οἱ
1853 1855 2023 1907 βάρὸαροι
2048 1870 2228 1907 καταφρο-

1185 1978 1239 2009 sed
1256 1979 1434 2010 exercitum
1451 1988 1545 2010 suum
1567 1980 1799 2011 reluctaturum
1819 1988 1899 2019 esse,
1917 1979 1970 2019 qui
1990 1980 2035 2010 tot
2051 1978 2136 2009 mala
2157 1986 2229 2018 per·

1187 2038 1311 2069 pessus,
1330 2031 1383 2061 vix
1401 2039 1487 2062 nunc
1506 2031 1612 2071 quiete
1629 2032 1796 2062 frueretur.
1813 2031 1893 2062 Fieri
1912 2031 1995 2062 enim
2009 2039 2072 2061 non
2089 2038 2180 2069 posse
2196 2030 2231 2060 ut

1187 2081 1479 2121 milites,n0ndum
1497 2091 1515 2114 a
1540 2083 1703 2114 laboribus
1727 2083 1929 2122 respirantes,
1957 2084 2084 2113 tantum
2111 2081 2232 2113 itineris

1187 2132 1390 2165 ducerentur.
1409 2134 1470 2166 Sed
1483 2137 1630 2174 oportere
1654 2135 1737 2174 ipsos
1755 2135 1857 2165 sinere
1874 2134 1905 2165 in
1923 2134 1972 2164 bis
1995 2133 2073 2164 locis
2091 2133 2231 2164 hiemare

1188 2192 1224 2215 ea
1237 2184 1417 2216 conditione
1426 2209 1435 2223 ,
1450 2187 1563 2217 utnon
1580 2186 1665 2217 ultra
1679 2185 1710 2216 in
1723 2185 1882 2216 tentandis
1897 2184 2029 2216 urbibus
2042 2184 2122 2223 aliis,
2133 2191 2231 2223 quam

1189 2243 1268 2274 quas
1290 2236 1466 2275 haberent,
1487 2238 1542 2268 aut
1562 2237 1820 2276 populationibus
1841 2236 1989 2267 faciendis
2006 2235 2232 2275 progrederen-

1190 2288 1253 2317 tur.
1269 2287 1392 2324 Quibus
1408 2288 1452 2319 ita
1465 2289 1667 2328 compositis,
1682 2288 1722 2319 ab
1742 2287 1932 2327 imperatore
1947 2287 2037 2327 petiit
2052 2288 2088 2318 ut
2104 2286 2233 2317 ineunte

1191 2346 1263 2370 vere
1272 2339 1390 2378 virum,
1401 2341 1454 2380 qui
1466 2341 1560 2371 eosin
1575 2340 1764 2372 Dardaniam
1777 2339 1960 2378 deduceret,
1976 2339 2134 2378 mitteret;
2150 2339 2234 2379 ipsos

1191 2390 1274 2421 enim
1288 2390 1422 2422 libenter
1435 2392 1598 2423 secuturos
1613 2400 1691 2423 esse.
1707 2391 1853 2430 Addidit,
1873 2399 1907 2422 se
1922 2399 2052 2422 omnem
2067 2399 2163 2422 suum
2176 2398 2234 2430 ap-

1192 2443 1339 2481 paratum
1357 2442 1507 2474 bellicum
1534 2444 1566 2474 et
1595 2451 1725 2474 omnem
1755 2442 1916 2474 imbellem
1934 2442 2062 2474 turbam
2087 2443 2234 2482 paratum

1192 2501 1259 2524 esse
1271 2493 1304 2524 in
1320 2502 1357 2525 ea
1374 2494 1470 2532 urbe,
1489 2503 1587 2534 quam
1601 2494 1771 2535 imperator
1786 2493 2024 2534 praescripserit,
2042 2493 2233 2533 relinquere.

1193 2545 1276 2581 Quin
1287 2568 1296 2584 ‚
1315 2546 1416 2576 matre
1429 2554 1557 2585 quoque
1575 2547 1607 2577 et
1620 2555 1727 2577 sorore
1741 2545 1778 2576 ad
1796 2545 2157 2587 tidemconfirmandam
2174 2544 2235 2575 ob-

1193 2595 1314 2628 sidibus
1329 2596 1428 2635 datis,
1442 2605 1476 2628 se
1497 2597 1600 2636 ipsum
1623 2597 1790 2628 Thraciam
1808 2605 1883 2628 cuin
1909 2605 1963 2628 sex
1984 2595 2151 2626 bominum
2169 2595 2236 2626 for-

1194 2648 1389 2680 tissimorum
1406 2649 1548 2681 millibus
1565 2658 1662 2689 quam
1682 2649 1847 2681 celerrime
1875 2649 2062 2688 petiturum.
2082 2649 2164 2680 Cum
2189 2647 2237 2679 bis

1195 2701 1227 2731 et
1251 2699 1384 2740 Illyricis
1399 2701 1554 2732 militibus
1567 2703 1598 2732 et
1617 2700 1686 2732 aliis
1698 2724 1706 2739 ‚
1728 2709 1809 2740 quos
1828 2700 2011 2740 imperatori
2028 2699 2154 2730 mittere
2167 2699 2237 2738 pla-

1195 2752 1318 2792 cuerit,
1338 2761 1372 2784 se
1393 2754 1463 2784 tota
1477 2753 1612 2785 Thracia
1629 2754 1752 2784 Gothos
1768 2753 2056 2784 exterminaturum
2081 2751 2234 2791 polliceri.

1196 2807 1276 2842 Quze
1301 2805 1326 2836 si
1347 2809 1516 2837 exsecutus
1533 2806 1638 2844 fuerit,
1665 2809 1782 2845 petere,
1798 2807 1835 2837 ut
1850 2805 1916 2837 dux
1942 2805 2011 2836 loco
2027 2804 2237 2836 Tbeuderichi

1197 2858 1333 2896 creetur,
1363 2857 1396 2888 et
1431 2856 1560 2888 civitate
1587 2857 1724 2888 donetur
1746 2861 1777 2888 et
1805 2859 2022 2888 Romanorum
2051 2864 2140 2887 more
2169 2863 2238 2886 rem

1197 2907 1358 2947 publicam
1381 2908 1439 2939 sibi
1468 2908 1690 2940 administrare
1714 2908 1817 2939 liceat.
1839 2910 1908 2939 lmo
1929 2907 1953 2939 si
1976 2907 2149 2947 imperator
2167 2907 2237 2946 jus-

1197 2960 1283 2999 serit,
1308 2961 1453 3000 paratum
1483 2968 1551 2991 esse
1571 2960 1603 2990 et
1629 2959 1660 2990 in
1678 2959 1870 2990 Dalmatiam
1894 2959 1957 2998 ire,
1982 2961 2019 2989 ut
2035 2957 2108 2989 inde
2132 2960 2238 2997 Nepo-

1197 3012 1263 3042 tem
1287 3011 1427 3042 reducat.
1452 3010 1660 3042 Adamantius
1678 3010 1858 3050 respondit,
1878 3019 1942 3041 non
1969 3009 2027 3040 sibi
2050 3008 2238 3039 mandatum

1198 3063 1372 3102 quicquam
1395 3070 1468 3093 cum
1488 3062 1542 3093 illo
1561 3062 1695 3102 pacisci,
1715 3061 1870 3101 quamdiu
1901 3061 1933 3091 in
1956 3069 1993 3092 ea
2021 3059 2149 3099 regione
2173 3068 2237 3090 ma-

1199 3117 1308 3153 neret;
1337 3113 1519 3153 imperatori
1552 3113 1621 3145 baec
1645 3114 1752 3144 onmia
1778 3121 1845 3144 esse
1869 3111 2042 3152 probanda.
2068 3114 2174 3148 Quare
2206 3118 2240 3141 se

1199 3165 1245 3197 illi
1262 3165 1331 3196 haec
1345 3165 1534 3204 relaturum,
1552 3166 1583 3197 et
1597 3166 1856 3205 exspectaturum
1873 3172 1958 3203 esse,
1981 3163 2057 3194 dnm
2074 3162 2143 3201 eius
2166 3170 2239 3192 sen-

1200 3217 1333 3249 tentiam
1350 3217 1551 3257 compererit.
1581 3218 1656 3248 Post
1682 3216 1750 3248 baec
1773 3215 1994 3247 discesserunt.
2021 3215 2145 3246 Interea
2161 3212 2239 3245 dum

1200 3269 1269 3300 baec
1287 3268 1415 3308 gerebat
1439 3268 1659 3307 Adamantius,
1686 3267 1867 3307 complures
1894 3266 2013 3297 milites
2040 3263 2238 3303 Lychnidum

1201 3320 1240 3352 ad
1257 3319 1397 3351 edictum
1422 3319 1512 3351 ducis
1535 3319 1769 3356 convenerant,
1788 3319 1820 3349 et
1841 3317 1881 3348 ad
1906 3316 2048 3347 osticium
2069 3314 2239 3345 redierant.

1202 3374 1273 3410 Quo
1302 3372 1446 3412 tempore
1472 3371 1578 3402 nescio
1606 3370 1678 3411 quis
1702 3369 1872 3402 Sabiniano
1890 3367 2067 3404 nuntiavit,
2090 3364 2241 3396 barbaros

2064 3425 2081 3450 9
