2372 3704
135 239 211 272 568

135 316 214 368 περὶ
233 314 294 359 τὰς
312 318 379 353 τῶν
401 315 516 354 ἄλλων
538 315 654 359 οὐσίας
679 315 876 354 συνέὸαινε·
899 316 1014 355 καίτοι
1039 322 1115 360 ταῖς
1138 332 1176 354 τε

130 374 285 425 γυναιξὶν
311 377 379 412 τῶν
403 374 659 427 ἀναιρουμένων
681 374 743 419 τὰς
762 376 926 427 προῖκας,
953 375 1012 413 καὶ
1032 380 1103 419 τοῖς
1121 374 1178 413 τέ-

133 448 224 475 κνοις
235 432 274 470 τὸ
295 432 435 471 δέκατον
455 436 515 480 τῇς
536 433 654 476 οὐσίας
673 432 775 485 μέρος
793 436 959 484 παρεῖχεν
979 436 997 471 ὁ
1018 434 1173 485 Καῖσαρ.

133 491 336 543 Ἐπορθεῖτο
351 495 432 543 γοῦν
446 492 562 534 πάντα
582 493 703 535 ἀδεῶς.
723 494 802 531 Τῶν
819 491 880 542 μὲν
895 491 961 543 γὰρ
979 491 1131 529 ἐνοικίων
1146 495 1177 530 οἱ

132 550 296 603 κτήτορες
316 551 377 603 [τὸ
405 550 506 603 ὅλον]
535 553 750 604 ἀφῃροῦντο,
775 553 844 588 τῶν
869 550 905 588 δὲ
933 550 1111 603 προσόδων
1138 551 1178 588 τὸ

132 608 254 658 ἥμισυ.
272 610 343 648 Καὶ
354 610 438 659 πρός
451 625 488 662 γε
503 609 582 653 τοὺς
598 609 813 662 στρατιώτας
829 609 1018 662 ἀπέτρεφον
1034 615 1175 661 προῖκα.

133 668 292 712 Δεκάτας
306 684 343 706 τε
360 662 455 712 αὐθις
470 669 637 722 εἰσφέρειν
653 671 720 706 τῶν
734 667 913 720 προσόδων
929 667 1174 719 ἐπιτραπέντες

133 726 230 775 μόλις
248 726 345 764 αὐτοὶ
370 726 512 764 δέκατον
533 728 745 778 ἐκαρποῦντο
762 725 879 777 μέρος.
901 725 1087 772 Αὐξήσεως
1107 725 1175 777 γὰρ

131 786 198 821 τῶν
225 785 332 822 τελῶν
355 785 487 830 πολλῇς
511 784 715 834 γενομένης,
735 784 794 821 καὶ
814 783 899 835 πρὸς
919 783 1068 834 ἀνάγκης
1088 785 1121 827 ἐς
1136 782 1176 821 τὸ

133 841 293 880 ναυτικὸν
308 841 557 892 ἀπαιτούμενοι
572 842 699 885 παῖδας
710 873 720 890 ,
739 841 830 880 ἔστιν
844 840 900 879 ὅτε
914 841 974 879 καὶ
988 841 1176 891 ὠνούμενοι

132 900 303 939 ἐδίδοσαν.
327 900 402 943 Τάς
413 917 449 938 τε
467 899 563 943 ὁδοὺς
579 899 713 944 οἰκείοις
727 900 974 950 δαπανήμασιν
991 900 1176 938 ἐπεσκεύα-

131 962 202 1005 ζον.
228 959 334 999 Μόνοι
356 958 390 997 δὲ
408 962 438 997 οἳ
452 959 495 997 τὰ
507 959 600 997 ὅπλα
616 959 752 1011 ἔχοντες
763 959 965 998 ἐπλούτουν.
979 961 1024 998 Οἱ
1037 958 1176 1011 μὲνγὰρ

129 1017 191 1062 τὰς
200 1019 317 1061 οὐσίας
326 1020 394 1059 τῶν
403 1017 681 1064 τελευτησάντων
695 1017 779 1064 δ’λας
793 1017 853 1055 καὶ
867 1017 970 1069 ᾔτουν
990 1017 1050 1056 καὶ
1060 1018 1175 1069 ἐλάμ-

131 1076 256 1124 ὅανον,
278 1078 309 1115 οἱ
334 1077 369 1114 δὲ
396 1076 455 1114 καὶ
487 1078 520 1119 ἐς
540 1075 583 1114 τὰ
614 1078 681 1113 τῶν
699 1075 834 1120 ζώντων
856 1075 907 1113 ἔτι
935 1076 1106 1127 γερόντων
1138 1092 1175 1114 τε

129 1136 188 1173 καὶ
203 1134 354 1172 ἀτέκνων
374 1134 454 1186 γένη
469 1134 698 1179 ἐσεὸιάζοντο.
718 1134 779 1177 'Ec
797 1137 958 1172 τοσοῦτον
977 1132 1043 1186 γὰρ
1061 1135 1176 1181 ἀπλη-

130 1193 226 1236 στίας
256 1193 316 1231 καὶ
343 1193 592 1245 ἀναισχυντίας
611 1191 810 1244 ἐχώρησαν,
831 1190 921 1229 ὥστε
942 1191 1020 1229 τινὰ
1036 1191 1096 1230 καὶ
1113 1191 1175 1238 τὴν

127 1255 189 1298 τῇς
206 1251 339 1294 Ἀττίας
358 1254 418 1298 τῇς
432 1254 491 1288 τοῦ
507 1250 682 1303 Καίσαρος
703 1250 830 1301 μητρὸς
848 1250 1085 1296 ἀποθανούσης
1098 1249 1175 1287 τότε

128 1311 188 1349 καὶ
205 1310 357 1362 δημοσίᾳ
384 1313 477 1362 ταφῇ
496 1310 700 1358 τιμηθείσης
728 1309 846 1348 οὐσίαν
871 1308 955 1360 παρ’
983 1310 1086 1346 αὐτοῦ
1114 1312 1174 1346 τοῦ

130 1369 309 1420 Καίσαρος
328 1370 483 1413 αἰτῇσαι.
517 1370 674 1407 Τοιαῦτα
704 1370 735 1406 οἱ
764 1373 854 1419 τρεῖς
882 1366 1001 1419 ἄνδρες
1037 1366 1174 1404 ἐποίουν

129 1429 270 1479 Καῖσαρ
289 1426 349 1464 καὶ
365 1426 514 1470 Λέπιδος
529 1426 590 1464 καὶ
605 1425 793 1470 Ἀντώνιος.

617 1505 678 1551 76.

182 1571 271 1607 Exc.
292 1571 348 1605 De
366 1570 437 1605 ins.
462 1582 502 1617 p.
528 1581 575 1604 22
603 1582 611 1604 :
631 1565 716 1606 ’Ότι
736 1566 823 1617 μετὰ
841 1565 880 1604 τὸ
904 1566 1035 1604 ἀνελεῖν
1062 1567 1172 1617 Βροῦ-

128 1642 186 1664 τον
206 1625 266 1664 καὶ
289 1625 443 1665 Κάσσιον
469 1624 548 1670 τοὺς
576 1625 739 1668 αὐθέντας
759 1623 925 1676 Καίσαρα
951 1623 1008 1662 τὸν
1038 1623 1174 1675 Αὔγου-

128 1701 207 1724 στον
242 1684 302 1722 καὶ
337 1685 516 1736 διαλαχεῖν
547 1683 666 1736 κλήρῳ
702 1683 764 1730 τὴν
796 1683 922 1736 ἀρχὴν,
955 1681 1131 1726 Ἀντώνιος
1156 1685 1173 1720 ὁ

127 1744 256 1786 ὕπατος
280 1743 431 1793 πόλεμον
458 1742 546 1793 ἔγνω
565 1744 668 1781 κινεῖν
690 1742 781 1780 κατὰ
807 1742 868 1788 τὴν
889 1741 1042 1781 Ἰταλίαν
1060 1740 1171 1794 ἐμφύ-

125 1805 214 1842 λιον,
232 1795 302 1839 ἾΙν
323 1800 358 1838 δὲ
378 1795 474 1844 οὗτος
488 1801 632 1853 ἀδελφὸς
647 1801 794 1853 Μάρκου
815 1799 996 1839 Ἀντωνίου
1009 1830 1019 1847 ,
1035 1803 1096 1838 τοῦ
1111 1800 1170 1837 σὺν

126 1860 283 1911 Καίσαρι
309 1858 450 1911 Βρούτῳ
476 1859 535 1896 καὶ
561 1859 708 1911 Κασσίῳ
736 1858 1089 1908 συμπττολεμήσαντος.Η
1119 1860 1171 1898 Οὐ

125 1920 247 1970 πολλῷ
279 1933 318 1966 γε
345 1916 414 1967 μὴν
446 1917 560 1970 χρόνῳ
579 1919 614 1955 ἐν
643 1918 820 1970 Περουσίᾳ
845 1918 943 1955 πόλει
972 1919 1173 1969 Τυρρηνικῇ

127 1977 260 2029 σφόδρα
287 1978 356 2014 τῶν
375 1975 572 2027 ἀναγκαίων
598 1977 709 2029 ἐνδείᾳ
730 1975 898 2024 πιεσθεὶς,
925 1975 1001 2022 ἥλω
1030 1975 1108 2025 μὲν,
1137 1977 1173 2014 οὐ

126 2037 196 2086 μὴν
213 2035 381 2087 ἀνῃρέθη,
404 2036 446 2072 ἀλ
473 2035 482 2048 ’
502 2034 650 2082 ἐξηλάθη
669 2038 728 2080 τῇς
740 2034 884 2084 Ἱ)ώμης
903 2033 988 2086 πρὸς
1000 2037 1058 2071 τοῦ
1077 2034 1172 2072 Καί-

125 2110 248 2146 σαρος,
272 2093 332 2132 σὺν
365 2096 407 2144 τῇ
442 2097 579 2146 γαμετῇ
613 2097 672 2132 τοῦ
693 2092 873 2132 Ἀντωνίου
905 2092 1082 2145 Φολουία·
1116 2092 1173 2134 οὒς

124 2157 143 2191 ὁ
160 2155 301 2205 Καῖσαρ
313 2152 443 2199 ἤλασεν
458 2155 503 2196 ὡς
520 2151 783 2205 νεωτεροποιοὺς
794 2152 853 2190 καὶ
865 2151 1170 2204 πολυπράγμονας.

617 2244 677 2277 77·

177 2298 266 2331 Exc.
289 2298 346 2331 De
383 2298 469 2333 virt.
498 2308 538 2343 p.
577 2294 648 2330 801
677 2291 788 2332 :‘'O¹ct
818 2292 907 2342 μετὰ
926 2291 988 2336 τὰς
1014 2292 1167 2336 σπονδάς

125 2368 209 2405 φασι
232 2354 379 2390 δειπνεῖν
398 2352 494 2404 παρὰ
514 2354 562 2404 τῷ
582 2351 759 2403 Πομπηίῳ
782 2354 832 2403 τῷ
855 2352 954 2389 παιδὶ
976 2351 1168 2400 Πομπηίου

124 2411 182 2448 τόν
203 2425 241 2447 τε
263 2410 426 2461 Καίσαρα
447 2409 629 2460 (Ἰούλιον)
647 2410 706 2451 καὶ
726 2410 914 2456 Ἀντώνιον,
937 2411 971 2447 ἐν
991 2413 1033 2459 τῇ
1052 2425 1168 2462 στραι-

123 2468 238 2518 τηγίδι
258 2468 314 2514 νηὶ
338 2467 690 2519 παρασκευασαμένῳ
714 2468 752 2505 τὸ
785 2469 932 2508 δεῖπνον.
961 2471 1074 2509 Τοῦτο
1107 2467 1167 2520 γὰρ

929 231 952 269 J
955 230 1144 271 o'ANle
1170 232 1484 272 ANTIOCHENI

1241 316 1307 370 ἔφη
1327 319 1422 370 αὐτῷ
1438 317 1541 368 μόνον
1555 318 1824 370 καταλελεῖφθαι
1837 320 1998 371 πατρῷον
2012 311 2120 357 οἷκον.
2137 317 2234 367 Ἤδη
2249 320 2286 358 δὲ

1239 375 1333 414 ἔνδον
1347 375 1453 414 ὄντων
1470 375 1532 414 καὶ
1550 378 1612 422 τῇς
1637 376 1818 420 συνουσίας
1836 376 2060 426 ἀκμαζούσης
2079 379 2205 424 Μηνᾶν
2223 378 2284 416 τὸν

1239 433 1405 485 πειρατὴν
1418 432 1463 472 τὰ
1483 434 1646 472 πλείστου
1666 434 1744 479 ἄξια
1759 437 1810 487 τῷ
1827 435 2010 488 Πομπηίῳ
2029 438 2283 488 ὑπηρετοῦντα,

1238 491 1299 530 καὶ
1315 493 1391 530 τότε
1412 493 1612 544 προσελθεῖν
1644 508 1682 531 τε
1706 495 1802 547 αὐτῷ
1830 496 1970 545 ἡσυχῇ,
1996 493 2078 543 καὶ,
2100 512 2116 528 οι
2135 494 2282 542 Βούλει,

1240 549 1366 602 φάναι,
1383 549 1445 593 τὰς
1463 548 1617 603 ἀγκύρας
1631 553 1693 597 τῆς
1710 550 1793 594 νεὼς
1819 551 2001 602 ὑποτεμὼν
2017 551 2154 598 ποιήσω
2173 567 2213 590 σε
2231 551 2283 602 μὴ

1241 609 1402 651 Σικελίας
1420 608 1479 646 καὶ
1500 609 1695 659 Σαρδῶνος,
1709 608 1800 647 ἀλλὰ
1818 612 1879 656 τῇς
1896 610 2084 660 Ῥωμαίων
2099 610 2286 661 ἡγεμονίας

1240 664 1376 715 κύριον;
1397 684 1412 699 >¹
1432 665 1504 705 Τὸν
1524 665 1559 704 δὲ
1577 666 1766 715 Πομπήιον
1787 667 2059 718 ἀποκρίνασθαι·
2078 686 2095 702 α
2117 667 2219 707 Ἔδει
2229 683 2283 718 σε,

1240 717 1269 760 ὦ
1290 726 1416 773 Μηνᾶ,
1439 727 1540 762 τοῦτο
1565 725 1792 772 πεποιηκέναι
1812 724 1862 773 μὴ
1884 726 2094 778 προειπόντα
2118 727 2285 776 ἐμοὶ,τὴν

1240 782 1469 834 ἐπιχείρησιν.
1496 785 1570 822 Νῦν
1590 782 1626 836 δὲ
1651 784 1690 821 οὐ
1720 783 1806 836 πρὸς
1822 786 1923 835 ἡμῶν
1944 785 2136 838 ἐπιορκεῖν·
2151 784 2197 824 τὰ
2215 800 2287 829 πα-

1241 840 1344 908 ρόντα
1364 841 1575 894 στέργωμεν.
1597 857 1613 875 ι

1626 923 1901 963 AUGUSTUS.

1731 997 1793 1045 78.

1291 1068 1382 1104 Exc.
1402 1068 1556 1105 Salmas.
1571 1081 1611 1117 p.
1629 1068 1703 1118 392
1718 1080 1727 1107 :
1748 1065 1932 1110 Ὀκταύῖος
1944 1067 1959 1119 [
1971 1067 2203 1121 ἐδασίλευσε]
2223 1068 2285 1117 ἔτη

1238 1123 1283 1173 ζ’,
1297 1123 1430 1175 ἡμέρας
1451 1124 1497 1176 β’.
1521 1124 1680 1178 Ἡμέρας
1697 1131 1777 1175 μιᾶς
1791 1124 1859 1177 πρὸ
1875 1128 2039 1177 τεχθῆναι
2053 1129 2186 1174 τοῦτον,
2197 1120 2285 1166 εἶδεν

1238 1185 1260 1228 ἡ
1282 1181 1400 1234 μήτηρ
1426 1185 1551 1234 αὐτοῦ,
1571 1186 1616 1228 ὡς
1634 1183 1678 1222 τὰ
1705 1183 1891 1235 σπλάγχνα
1910 1186 2018 1231 αὐτῇς
2044 1183 2286 1236 ἐξαρπαγέντα

1241 1241 1289 1282 εἷς
1305 1239 1449 1291 οὐρανὸν
1467 1241 1606 1293 ἐφέρετο
1618 1257 1626 1264 ·
1644 1241 1704 1279 καὶ
1726 1243 1761 1279 ἐν
1788 1245 1832 1293 τῇ
1852 1242 1950 1280 νυκτὶ
1970 1237 1995 1294 ἦ
2011 1242 2175 1291 ἐγεννήθη
2196 1237 2285 1282 εἶδεν

1239 1300 1256 1335 ὁ
1268 1296 1387 1350 πατὴρ
1408 1300 1514 1337 αὐτοῦ
1534 1299 1586 1338 ὅτι
1614 1300 1653 1337 ἐκ
1670 1302 1739 1338 τῶν
1756 1292 1894 1338 κόλπων
1916 1303 1977 1346 τῇς
1995 1301 2102 1339 αὐτοῦ
2126 1301 2286 1351 γυναικὸς

1239 1356 1410 1394 ἀνέτειλεν
1439 1360 1456 1395 ὃ
1476 1357 1584 1404 ἥλιος.
1602 1358 1755 1408 Νιγίδιος
1770 1358 1808 1397 δέ
1826 1375 1876 1402 τις
1900 1359 2087 1410 βουλευτὴς
2112 1360 2284 1412 ἀστρολόσ-

1237 1429 1317 1465 γος,
1336 1415 1541 1467 βραδύτερον
1567 1417 1790 1468 προελθόντος
1811 1421 1870 1455 τοῦ
1891 1417 2022 1469 πατρὸς
2041 1419 2164 1466 αὐτοῦ,
2188 1417 2286 1469 ἠρώ-

1236 1486 1321 1517 τησε
1342 1470 1403 1517 τὴν
1427 1473 1556 1523 αἰτίαν,
1576 1472 1643 1511 ὁδὲ
1663 1473 1727 1525 ἔφη
1748 1474 1818 1512 υἱὸν
1837 1476 1931 1526 αὐτῷ
1954 1478 2138 1527 τεχθῆναι·
2157 1479 2283 1519 κάκεῖ-

1237 1545 1307 1579 νος,
1324 1547 1339 1564 «
1354 1529 1407 1574 Ὢ
1421 1531 1455 1568 τί
1469 1531 1657 1583 ἐποίησας;
1674 1532 1844 1579 δεσπότην
1857 1536 1942 1582 ἡμῖν
1958 1534 2160 1585 ἐγέννησας,
2172 1552 2188 1568 ν
2205 1537 2284 1576 ἀνε-

1237 1587 1354 1635 ὅόησε.
1373 1591 1406 1627 Τ
1409 1589 1594 1642 ρεφομένου
1610 1590 1645 1628 δὲ
1659 1595 1718 1631 τοῦ
1732 1591 1854 1635 παιδὸς
1868 1593 1902 1629 ἐν
1923 1594 2019 1644 ἀγρῷ
2031 1623 2040 1638 ,
2057 1593 2155 1636 ἀετὸς
2171 1608 2282 1631 κατα·

1235 1645 1323 1690 πτὰς
1341 1646 1443 1699 ἄρτον
1471 1649 1510 1686 ἐκ
1527 1650 1654 1699 χειρῶν
1672 1649 1777 1687 αὐτοῦ
1800 1649 1978 1701 ἀφείλετο,
2005 1650 2064 1688 καὶ
2084 1652 2282 1690 ἐπανελθὼν

1236 1704 1340 1742 πάλιν
1361 1705 1464 1743 αὐτὸν
1485 1707 1530 1749 εἷς
1566 1706 1627 1750 τὰς
1641 1713 1760 1759 χεῖρας
1786 1709 1892 1746 αὐτοῦ
1909 1708 2068 1749 ἀπέθετο.
2097 1709 2160 1749 Ἐν
2180 1709 2283 1750 παισὶ

1240 1763 1275 1801 δὲ
1292 1766 1459 1802 τελοῦντα
1495 1758 1563 1807 εἶδε,
1583 1765 1659 1803 καθ’
1693 1765 1817 1810 ὕπνους
1846 1767 1948 1810 αὐτὸν
1977 1766 2134 1820 Κικέρων
2167 1772 2281 1822 χρυσῇ

1237 1822 1358 1860 ἁλύσει
1379 1822 1574 1873 δεδεμένον,
1603 1824 1663 1862 καὶ
1685 1824 1839 1876 μάστιγα
1864 1830 2060 1877 κρατοῦντα
2078 1828 2113 1864 ἐν
2130 1830 2180 1879 τῷ
2204 1830 2282 1867 Κα-

1235 1881 1391 1933 πιτωλίῳ
1425 1883 1646 1934 χαλασθῇναι
1675 1884 1871 1936 οὐρανόθεν.
1894 1884 1958 1924 Ἔν
1988 1884 2030 1931 δὴ
2064 1888 2113 1937 τῷ
2141 1885 2281 1935 μέλλειν

1236 1941 1338 1978 αὐτὸν
1358 1942 1538 1991 τελευτᾶν,
1569 1941 1733 1993 κεραυνὸς
1754 1941 1916 1991 ἐμπεσὼν
1938 1944 1984 1987 εἷς
2001 1942 2062 1990 τὴν
2077 1944 2195 1982 εἰκόνα
2217 1947 2278 1984 αὐ-

1234 2003 1295 2037 τοῦ
1312 1999 1351 2037 τὸ
1379 2002 1516 2050 πρῶτον
1539 2000 1688 2052 γράμμα
1714 2003 1774 2038 τοῦ
1797 2001 1966 2051 ὀνόματος
1994 2004 2098 2041 αὐτοῦ
2115 1996 2281 2056 ἠφάνισε,

1233 2056 1293 2094 καὶ
1313 2058 1478 2108 προεῖπον
1495 2060 1525 2096 οἱ
1542 2059 1682 2107 μάντεις
1701 2057 1754 2096 δ’τι
1773 2060 2010 2099 ἀποθανεῖται.

1285 2129 1316 2156 2.
1348 2110 1460 2160 Οὗτος
1482 2116 1560 2160 τοὺς
1590 2117 1723 2167 λογίους
1741 2121 1852 2167 τιμῶν
1872 2118 2158 2173 μετεωρολέσχας
2183 2121 2281 2169 ἀπή·

1231 2175 1356 2222 λαυνε,
1375 2174 1451 2213 τόδε
1471 2175 1510 2214 τὸ
1533 2175 1647 2227 λόγιον
1666 2175 1938 2230 προφερόμενος·

1315 2258 1398 2295 Μήτι
1414 2258 1552 2299 πελώρια
1569 2259 1664 2299 μέτρα
1679 2258 1755 2296 γύης
1770 2259 1831 2290 ὑπὸ
1845 2260 1904 2296 σὴν
1917 2259 2010 2300 φρένα
2024 2258 2159 2301 βάλλου,

1316 2305 1392 2344 μηδὲ
1410 2304 1510 2345 μέτρει
1525 2305 1625 2346 μέτρῳ
1639 2306 1744 2343 ἠελίου
1758 2306 1888 2342 κανόνας
1899 2307 2115 2348 συναθροίσας·

1312 2351 1412 2382 ἀϊδίου
1427 2353 1522 2392 βουλῇ
1537 2353 1655 2392 φέρεται
1669 2353 1783 2393 πατρὸς
1794 2377 1802 2392 ,
1818 2353 1876 2393 οὐχ
1891 2353 1994 2385 ἕνεκεν
2011 2358 2070 2385 σοῦ
2083 2363 2091 2370 ·

1312 2399 1452 2440 ἀστέριον
1468 2399 1669 2441 προπόλευμα
1682 2401 1768 2431 σέθεν
1781 2400 1869 2443 χάριν
1883 2400 1941 2433 οὐκ
1953 2402 2114 2442 ἐλοχεύθη,

1279 2481 1310 2507 3.
1339 2468 1494 2520 Δρούσου
1516 2469 1669 2524 θυγάτηρ
1685 2470 1813 2514 Atqui«
1833 2469 1969 2522 γαμετὴ
1989 2464 2032 2517 ἧν
2051 2469 2210 2522 Νέρωνός
2227 2485 2280 2510 τι-

125 2580 199 2617 θηκε
209 2603 217 2619 ,
232 2579 284 2610 καὶ
298 2579 332 2610 τὸ
346 2578 450 2619 στόμα
465 2579 558 2617 αὐτῆς
576 2579 717 2616 διοίξασα
732 2578 774 2619 (Ἰ.
787 2577 978 2619 διανοίξασα,
994 2582 1029 2611 ut
1042 2588 1093 2620 ap.
1109 2581 1226 2620 Xiphil.
1242 2582 1274 2613 et
1287 2590 1319 2612 n.
1336 2582 1357 2613 l.
1373 2583 1403 2622 ),
1418 2582 1473 2620 τήν
1483 2593 1516 2613 τε
1528 2583 1674 2621 γλῶσσαν
1688 2581 1842 2618 ἐξείλκυσε
1857 2582 1910 2613 καὶ
1925 2585 1992 2618 ταῖς
2007 2581 2164 2623 βελόναις,
2183 2582 2232 2618 αἱς
2249 2581 2278 2618 ἐς

124 2628 179 2665 τήν
201 2627 334 2666 κεφαλὴν
348 2627 476 2667 ἐχρῆτο,
493 2627 716 2664 κατεκέντησε,
732 2627 830 2658 πολλὰ
847 2627 912 2670 ἅμα
928 2628 981 2657 καὶ
999 2627 1094 2667 μιαρὰ
1112 2628 1448 2667 προσεπισκώπτουσα.
1467 2630 1528 2660 Καὶ
1545 2629 1630 2660 οὗτοι
1653 2628 1679 2660 δ’
1694 2629 1747 2660 οὖν
1763 2629 1848 2669 ὅμως
1864 2628 1987 2660 ἔσωσάν
2012 2639 2095 2664 τινας
2112 2652 2120 2666 ,
2138 2628 2211 2670 παρ’
2235 2629 2278 2660 ὢν

123 2685 159 2715 γε
169 2675 222 2706 καὶ
235 2673 332 2705 πλείω
351 2675 495 2714 χρήματα
506 2674 613 2705 ἔλαῧον
630 2674 648 2711 ἢ
662 2673 907 2710 τελευτησάντων
922 2674 1059 2713 εὑρήσειν
1067 2674 1212 2710 ἤλπισαν.
1229 2676 1289 2706 Καὶ
1302 2676 1354 2706 ἵνα
1364 2677 1405 2715 μή
1417 2686 1453 2716 γε
1466 2677 1549 2707 κεναὶ
1565 2678 1596 2707 αἱ
1610 2677 1641 2707 ἐν
1654 2679 1718 2712 τοῖς
1731 2676 1912 2715 λευκώμασι
1926 2679 2026 2716 χῶραι
2041 2678 2104 2706 τῶν
2117 2674 2278 2716 ὀνομάτων

124 2724 226 2756 αὐτῶν
238 2724 315 2755 ὦσιν
327 2747 335 2760 ,
349 2724 467 2763 ἑτέρους
479 2723 717 2763 ἁντενέγραψαν.
736 2723 905 2762 Sequentia
915 2723 1009 2754 simili
1024 2722 1119 2753 modo
1133 2723 1290 2762 exscripta
1305 2724 1378 2754 sunt
1392 2731 1410 2754 e
1426 2732 1495 2763 cap.
1519 2725 1551 2754 14
1573 2732 1658 2763 sqq.,
1673 2723 1727 2754 ubi
1741 2725 1775 2754 tu
1792 2724 1856 2763 ipse
1869 2723 1987 2754 videas.

166 2773 218 2803 Fr.
240 2773 291 2802 76.
311 2772 442 2809 Eutrop.
458 2772 515 2801 Vl!
529 2794 537 2809 ‚
555 2774 572 2800 2
589 2779 596 2800 :
619 2772 735 2801 Primo
746 2770 869 2810 proelz'o
887 2771 971 2802 victi
990 2771 1074 2801 sunt
1091 2771 1259 2800 Antonius
1278 2771 1310 2800 ει
1331 2771 1458 2805 Caesar,
1478 2771 1583 2809 periit
1603 2771 1718 2802 tamen
1742 2769 1816 2801 dux
1834 2769 2027 2801 nobilitatis
2051 2769 2186 2800 Cassius
2199 2779 2211 2800 :
2231 2777 2278 2801 sea

124 2818 236 2850 cundo
252 2819 383 2849 Brutus
397 2818 430 2848 et
449 2816 592 2855 infinita
613 2816 798 2852 nominas,
815 2824 891 2856 quae
909 2824 988 2848 cum
1002 2817 1046 2846 iis
1065 2816 1193 2848 bellum
1209 2819 1372 2856 qesserat.
1390 2819 1436 2849 Ac
1449 2818 1497 2849 sic
1510 2818 1601 2848 inter
1615 2826 1668 2849 eos
1680 2817 1795 2849 divisa
1812 2819 1863 2848 esc
1876 2817 2089 2856 respublica,
2103 2818 2144 2847 ut
2161 2819 2277 2856 Auqu·

123 2867 199 2896 scus
214 2865 419 2903 Hispanias,
439 2864 593 2899 Gallias,
622 2864 767 2894 Idaliam
786 2865 932 2901 teneret,
954 2864 1122 2895 Antonius
1138 2866 1272 2902 Asiam,
1291 2866 1459 2903 Pontum,
1478 2865 1660 2895 orientem.
1680 2863 1747 2896 Sed
1765 2866 1864 2895 intra
1881 2863 2023 2894 ltaliam
2045 2865 2081 2894 L.
2098 2864 2272 2894 Antonius

124 2911 243 2943 consul
259 2910 386 2942 bellam
399 2910 500 2941 civile
522 2911 719 2948 commovit,
730 2909 853 2949 frater
874 2910 966 2949 ejus,
991 2911 1052 2950 qm?
1073 2918 1152 2941 cum
1172 2912 1303 2949 Caesare
1318 2911 1438 2941 contra
1456 2911 1607 2941 Brutum
1623 2912 1655 2941 ec
1685 2911 1840 2942 Cassiam
1857 2908 2099 2940 dimicaverat.
2126 2910 2160 2940 Is
2176 2908 2275 2948 apud

124 2959 327 2993 Perusiam,
350 2958 473 2988 Tusciae
486 2958 660 2988 civitatem
671 2980 679 2994 ‚
695 2959 804 2988 victus
821 2958 854 2988 ec
867 2958 989 2996 captus
1003 2958 1054 2988 esc
1065 2980 1074 2995 ,
1091 2965 1200 2998 neque
1216 2959 1358 2988 occisus.
1375 2957 1444 2994 -ἥ
1457 2957 1508 2988 λω
1529 2955 1618 2996 μὲν]
1635 2957 1701 2993 ἥλω
1717 2957 1776 2996 μὴν
1788 2980 1797 2995 ,
1813 2956 1849 2987 οὐ
1864 2956 1917 2995 μὲν
1933 2955 2006 2986 cod.

165 3006 216 3035 Fr.
238 3006 290 3035 77.
308 3003 423 3034 Eadem
439 3002 478 3033 de
495 3005 593 3034 Sexto
615 3003 765 3042 Pompeio
779 3002 874 3034 habet
889 3002 1002 3034 suidas
1017 3015 1025 3034 ε
1042 3004 1067 3034 Π
1078 3003 1264 3044 ομπήιος,
1278 3002 1444 3043 Ῥωμαίων
1459 3002 1646 3042 στρατηγός·
1664 3002 1732 3039 περὶ
1746 3001 1782 3032 αὖ
1801 3012 1893 3041 φασιν
1907 3001 1953 3031 ὅτι
1967 3000 2045 3040 μετὰ
2057 3000 2112 3035 τὰς
2132 3000 2267 3037 σπονδὰς

122 3051 253 3082 δειπνεῖν
263 3050 315 3081 τὸν
331 3049 474 3089 Καίσαρα
487 3051 539 3080 καὶ
560 3049 717 3080 Ἀντώνιον
733 3050 818 3091 παρα
837 3050 989 3090 Πομπηίῳ
1008 3053 1054 3090 τῷ
1069 3051 1154 3081 παιδὶ
1171 3049 1335 3090 Πομπηίου
1349 3049 1380 3080 ἐν
1395 3052 1434 3088 τῇ
1448 3047 1627 3089 στρατηγίδι
1642 3050 1704 3078 etc.
1720 3066 1762 3078 —
1773 3049 1891 3081 τοῦτο
1905 3046 1976 3087 γὰρ
1990 3045 2002 3086 j
2019 3049 2128 3077 τοῦτον
2144 3046 2203 3086 γὰρ
2219 3046 2276 3086 ἔφη

124 3097 216 3138 μόνον
230 3097 314 3136 αὐτῷ
325 3095 411 3126 Suid.
427 3114 467 3118 —
486 3097 528 3136 βο
540 3096 580 3127 ύλ
589 3107 620 3127 ει
631 3095 643 3136 ]
655 3097 699 3127 sic
712 3105 769 3136 pro
785 3106 834 3136 vg.
852 3097 948 3138 βούλῃ
966 3096 1072 3128 Suidae
1084 3097 1176 3128 codd.
1190 3099 1216 3128 V
1228 3099 1264 3128 E.
1276 3115 1318 3128 --
1329 3109 1344 3127 ν
1353 3097 1401 3127 εὼ
1410 3094 1446 3136 ς]
1459 3095 1528 3132 νηὸς
1546 3094 1672 3134 scripsit
1687 3093 1869 3134 Bernhardy
1884 3102 1935 3133 ap.
1952 3094 2042 3126 suid.
2059 3113 2100 3119 —
2110 3095 2176 3125 στέ
2185 3105 2276 3135 ργω-

124 3142 216 3185 μεν]
239 3152 257 3175 e
275 3143 390 3181 Suida;
412 3143 576 3183 στέργομεν
594 3143 665 3173 cod.
686 3145 762 3174 Haeo
775 3143 871 3174 etiam
887 3152 938 3183 ap.
957 3142 1086 3174 suidam
1105 3152 1132 3174 v.
1149 3144 1264 3184 στέρξω
1280 3143 1457 3174 afferuntur
1473 3142 1517 3172 ita
1537 3154 1544 3173 ι
1571 3141 1738 3177 ΙΙολύὸιος·
1766 3153 1782 3168 «
1798 3142 1860 3171 Νῦν
1880 3140 1912 3176 δὲ
1927 3141 1963 3171 οὐ
1978 3141 2052 3181 πρὸς
2066 3142 2156 3181 ἡμῶν
2171 3141 2275 3182 ἐπιορ-

122 3194 199 3224 κεῖν·
213 3191 252 3222 τὰ
265 3190 402 3231 παρόντα
419 3191 619 3231 στέρξωμεν.»
636 3211 675 3216 -
692 3192 815 3224 Partem
831 3190 926 3230 hujus
940 3191 1000 3222 loci
1016 3191 1130 3222 iterum
1143 3190 1236 3221 affert
1251 3190 1364 3222 suidas
1374 3198 1406 3220 v.
1420 3189 1460 3220 τὰ
1473 3188 1622 3225 πλείστου
1636 3188 1716 3226 ἀξια,
1729 3188 1878 3219 Ceterum
1891 3186 1930 3218 de
1941 3187 1988 3217 his
2001 3189 2151 3223 Joannes,
2165 3189 2276 3218 contra

122 3248 220 3281 quam
236 3238 334 3277 solet,
353 3237 452 3268 Dione
466 3238 572 3268 cassio
588 3238 737 3276 (XLvnn
751 3262 758 3274 ‚
774 3241 812 3269 38
826 3239 835 3277 )
850 3238 978 3269 uberior
997 3239 1044 3268 est
1058 3262 1066 3276 ,
1081 3239 1117 3268 ut
1129 3237 1265 3277 suspicio
1284 3236 1369 3268 nasci
1383 3235 1481 3276 possit
1493 3235 1628 3267 Dionem
1642 3235 1674 3266 in
1689 3234 1736 3265 his
1749 3242 1816 3267 esse
1829 3233 2022 3266 breviatum.
2039 3234 2188 3265 Attamen
2208 3232 2274 3265 fieri

122 3286 227 3327 potest
249 3286 285 3315 ut
297 3292 355 3315 sua
372 3285 511 3315 Joanues
526 3283 706 3315 duxeritex
723 3285 886 3317 Plutarch.
904 3285 1021 3315 Anton.
1044 3292 1072 3314 c.
1090 3288 1140 3315 32.

164 3336 216 3365 Fr.
241 3335 291 3364 78.
308 3331 326 3372 §
350 3335 374 3362 1.
394 3330 648 3370 ἑὸασίλευσε]
667 3330 791 3368 addidi,
806 3331 911 3362 nescio
933 3340 973 3361 an
994 3331 1088 3362 reete.
1106 3330 1186 3366 Illud
1201 3327 1339 3368 intellige
1359 3329 1486 3367 tempus
1505 3326 1591 3367 quod
1611 3326 1651 3358 ab
1674 3335 1781 3367 pugna
1806 3326 1934 3358 Actiaca
1962 3325 2080 3357 labitur
2106 3334 2208 3367 usque
2233 3325 2274 3358 ad

122 3391 174 3414 an.
197 3385 256 3419 23,
270 3388 334 3419 quo
350 3378 541 3410 octavianus
557 3386 672 3408 nomen
690 3379 821 3416 Augusti
839 3377 983 3409 adscivit.
1011 3379 1054 3408 De
1080 3377 1244 3417 prodigiis,
1262 3384 1335 3415 quoe
1358 3375 1390 3405 in
1413 3383 1501 3414 seqq.
1526 3376 1757 3410 memoramur.
1773 3373 1940 3404 disertiora
1965 3372 2036 3404 vide
2061 3381 2113 3411 ap.
2141 3373 2272 3404 sueton.

123 3430 235 3461 octav.
253 3436 282 3458 c.
297 3428 335 3458 94
352 3428 383 3457 et
403 3428 453 3457 97.
472 3424 543 3464 -§
559 3430 585 3456 2.
602 3425 669 3456 τόδε
683 3426 717 3456 τὸ
732 3426 796 3465 λογ.
811 3424 820 3465 ]
838 3425 871 3456 τὸ
886 3426 917 3456 δὲ
931 3424 996 3463 λόγ.
1013 3424 1115 3455 codex
1142 3424 1212 3464 -ς
1233 3428 1262 3455 3.
1279 3421 1444 3462 Λιουία]
1467 3421 1580 3453 Ἰουλία
1597 3420 1709 3452 codex.
1731 3421 1909 3453 Fluxerunt
1930 3421 1997 3452 hoec
2010 3429 2051 3452 ex
2066 3420 2167 3452 Dione
2185 3421 2271 3457 Cass²
