2372 3704
130 291 205 324 380

181 374 351 410 Stohaeus
374 375 553 424 Florileg.
575 376 769 421 XXXIX,
803 376 874 414 33:
895 377 1110 430 Δημαράτου
1137 379 1170 416 ἓν

127 430 232 483 τρίτῳ
252 431 575 484 Τραγῳδουμένων.
594 432 781 480 Ἀθηναίων
798 434 882 487 πρὸς
907 435 1096 486 Εὔμολπον
1112 437 1170 474 τὸν

126 490 279 542 Θρᾳκῶν
312 489 460 542 βασιλέα
489 490 641 542 πόλεμον
674 491 837 544 ἐχόντων,
865 493 1048 546 Ἐρεχθεὺς
1074 498 1091 533 6
1111 499 1171 541 τῆς

128 546 284 594 Ἀττικῆς
310 548 564 601 προϊστάμενος
589 550 751 603 χρησμὸν
788 550 924 600 ἔλαὸεν,
954 552 1007 591 ὅτι
1035 553 1169 600 νικήσει

125 604 203 649 τοὺς
230 606 389 659 ἐχθροὺς,
413 606 472 645 ἐὰν
503 607 565 654 τὴν
589 608 836 660 πρεσὸυτάτην
873 613 941 648 τῶν
973 611 1168 663 θυγατέρων

127 664 332 719 Περσεφόνῃ
354 665 456 717 θύσῃ.
477 666 763 720 Παραγενόμενος
784 668 813 705 δ’
832 669 879 712 εἷς
900 668 1043 715 Ἀθήνας
1064 672 1168 722 Πρα-

118 721 219 776 ’ξιθέᾳ
239 727 283 776 τῇ
300 724 440 776 γυναικὶ
457 724 519 772 τὴν
545 725 797 777 Πυθόχρηστον
815 726 981 776 μαντείαν
1000 727 1170 779 ἀπήγγει-

125 783 202 819 λεν·
230 776 291 820 εἷθ’
325 782 416 821 οὕτω
443 782 506 829 τὴν
540 783 646 836 κόρην
673 783 906 836 προσαγαγὼν
937 790 1007 828 τοῖς
1041 789 1171 836 βωμοῖς

125 841 259 887 ἀνεῖλε,
278 841 338 879 καὶ
361 841 554 892 συμὸαλὼν
573 841 631 879 τὸν
659 841 811 891 πόλεμον
833 842 1004 895 ἐγκρατὴς
1037 842 1170 894 ἐγένετο

123 901 186 945 τῆς
203 899 314 947 νίκης.

631 959 668 998 5.

177 1022 304 1058 Schol.
326 1023 455 1072 Apoll.
477 1023 552 1062 Rh.
569 1024 608 1068 Ι,
627 1022 675 1066 45
701 1035 709 1060 :
737 1019 895 1074 Ἴφικλος
923 1021 994 1065 υἱὸς
1023 1016 1064 1069 ἦν
1089 1023 1171 1060 Φυ-

123 1078 233 1118 λάκου
264 1079 324 1118 καὶ
356 1078 542 1130 Κλυμένης
560 1082 621 1126 τῆς
657 1079 807 1119 Μινύου.
843 1081 976 1119 Τοῦτον
1011 1080 1171 1125 Ἡσίοδος

125 1138 197 1186 (fr.
221 1138 318 1187 162)
339 1137 396 1174 ἐπὶ
422 1136 575 1189 πυρίνων
599 1136 731 1190 ἀθέρων
758 1137 893 1190 τρέχειν
914 1138 1020 1191 φησὶ,
1043 1138 1169 1188 Δημά·

123 1210 224 1247 ρατος
245 1196 280 1233 δὲ
304 1194 362 1234 ἐπὶ
390 1197 452 1242 τῆς
478 1195 672 1243 θαλάσσης.
703 1198 758 1236 Cf.
787 1198 934 1234 Ahrens
954 1198 1004 1234 ad
1033 1198 1166 1248 fragm.

121 1256 302 1305 Sophocl.
321 1270 359 1306 p.
380 1256 455 1293 306
474 1255 535 1294 ed.
552 1256 686 1295 Didot.

175 1409 404 1458 Apollodor.
439 1412 482 1458 Ι,
515 1422 559 1459 9,
595 1423 663 1459 19,
697 1423 717 1457 7
741 1421 750 1448 ε
772 1409 983 1461 Δημάρατος
1009 1410 1044 1447 δὲ
1068 1409 1172 1448 αὐτὸν

121 1468 131 1518 (
149 1464 370 1517 Herculem)
387 1467 433 1510 εἷς
453 1465 610 1518 Κόλχους
626 1466 850 1505 πεπλευκότα
867 1466 1065 1519 παρέδωκε.
1088 1473 1170 1506 Διο-

120 1524 233 1569 νύσιος
257 1525 319 1574 μὲν
352 1525 420 1577 γὰρ
449 1526 555 1563 αὐτὸν
575 1525 635 1563 καὶ
662 1525 818 1576 ἡγεμόνα
844 1528 912 1563 τῶν
931 1526 1166 1578 Ἀργοναυτῶν

119 1583 291 1635 γενέσθαι.
306 1586 465 1622 Codices
481 1583 712 1637 Δημαρέτης;
730 1598 879 1624 correx.
896 1587 1036 1636 AEgius.

173 1645 301 1682 Schol.
323 1645 449 1692 Apoll.
469 1645 542 1680 Rh..
563 1646 602 1690 Ι,
632 1656 757 1693 1290:
775 1643 953 1686 Διονύσιος
982 1642 1018 1681 δὲ
1053 1646 1070 1681 6
1091 1646 1167 1683 Μι-

119 1701 301 1747 τυληναῖος
321 1700 627 1752 συμπεπλευκέναι
644 1701 728 1754 φησὶ
750 1701 803 1739 τὸν
824 1700 924 1754 ἥρωα
942 1701 1166 1754 (Ἡρακλέα)

119 1765 190 1802 τοῖς
211 1761 409 1811 ἀριστεῦσιν
435 1760 495 1798 καὶ
513 1759 557 1798 τὰ
584 1760 665 1812 περὶ
686 1760 846 1807 Μήδειαν
869 1761 1163 1813 συμπεπραχέναι

119 1820 170 1871 τῷ
193 1818 337 1858 Ἰάσονι.
361 1818 517 1869 εΟμοίως
535 1817 594 1856 καὶ
614 1819 839 1870 Δημάρατος.

171 1879 365 1914 Demarati
393 1891 534 1914 nomen
559 1879 637 1915 sine
666 1891 777 1915 causa
806 1879 1001 1915 Berkelius
1024 1880 1171 1915 restitui

118 1936 240 1971 voluit
263 1949 325 1984 ap.
345 1937 523 1984 Stephan.
539 1938 625 1984 Byz.
645 1950 684 1976 v,
708 1935 830 1982 Ἀκτή,
851 1938 920 1973 ubi
934 1938 1023 1973 libri
1038 1935 1170 1986 Δημά-

119 2009 237 2044 γητος.
258 1995 353 2032 Vide
370 1996 502 2044 fragm.
521 1997 706 2045 Timageti
729 1994 816 2046 Περὶ
835 1993 1001 2045 λιμένων.

543 2105 746 2120 “-·-...0·-

147 2194 571 2254 DEMETRIUS
610 2193 1142 2256 CALLATIANUS.

171 2318 360 2366 Diogenes
381 2319 427 2356 L.
454 2320 499 2363 V,
521 2318 568 2355 83
588 2329 597 2355 2
623 2314 756 2360 ἽΞκτος
775 2317 786 2368 <
806 2316 1035 2370 Δημήτριος)
1068 2318 1168 2356 Καλ-

122 2374 284 2417 λατιανὸς
297 2404 306 2420 ,
321 2377 338 2411 6
352 2374 533 2427 γεγραφὼς
550 2374 638 2426 Περὶ
657 2374 772 2417 Ἀσίας
789 2376 849 2413 καὶ
868 2376 1042 2428 Εὐρώπης
1060 2376 1170 2414 εἴκοσι

122 2432 275 2483 βίὸλους.
291 2435 454 2482 Scymno
469 2437 664 2483 antiquior
676 2443 743 2480 est,
760 2448 836 2471 una
849 2463 858 2480 ‚
881 2444 987 2484 puto,
1004 2438 1062 2472 vel
1079 2437 1170 2472 dua-

119 2493 190 2528 bus
206 2493 523 2541 generationibus,
548 2495 679 2540 Neque
711 2495 827 2528 alium
849 2502 963 2542 atque
987 2497 1169 2531 Nostrum

119 2553 344 2588 intellexisse
371 2552 525 2587 videtur
559 2553 766 2599 Dionysius
796 2552 916 2588 Halic.
948 2556 1005 2590 De
1044 2567 1168 2602 comp.

95 2650 99 2654 ,
119 2611 227 2648 verb.
247 2618 343 2648 tom.
364 2613 410 2656 V,
425 2623 465 2659 p.
487 2611 534 2647 30
552 2612 619 2656 R.‚
640 2611 712 2667 ¹qui
733 2612 969 2647 Demetrium
987 2619 1074 2659 post
1096 2614 1168 2647 Po-

162 2723 354 2753 Demaratus
366 2722 461 2752 tertio
480 2721 748 2762 Tragodumenbn
768 2721 838 2752 haec
854 2723 974 2753 narrat.
1000 2722 1167 2754 Athenien·

121 2775 208 2806 sibus
232 2776 344 2806 contra
361 2772 555 2814 Eumolpum
575 2774 738 2806 Thracum
756 2783 860 2814 regem
888 2774 1009 2806 bellum
1035 2775 1169 2815 gerenti-

121 2827 200 2866 bus,
214 2827 429 2866 Erechtheus,
447 2827 560 2859 Atticae
580 2829 743 2867 princeps,
759 2827 926 2858 oraculum
946 2828 1088 2867 accepit,
1104 2828 1171 2859 sore

121 2881 158 2910 ut
170 2879 301 2910 victoria
318 2879 486 2919 potiretur,
499 2879 524 2911 si
542 2882 619 2911 natu
635 2879 810 2911 maximam
822 2879 959 2911 filiarum
975 2880 1170 2920 Proserpinae

121 2931 324 2963 sacrificaret.
355 2934 513 2964 Reversus
534 2933 675 2965 Athenas
699 2932 823 2973 Pythiae
848 2942 1032 2973 responsum
1059 2934 1169 2965 Praxi-

121 2985 206 3016 theae
230 2985 323 3016 uxori
348 2985 530 3024 nuntiavit,
553 2987 651 3026 atque
669 2987 714 3019 sic
736 2986 833 3018 liliam
851 2986 891 3017 ad
904 2995 994 3018 aram
1010 2986 1171 3019 adducens

122 3037 292 3076 mactavit,
312 3036 426 3068 deinde
438 3038 585 3077 proelium
605 3047 775 3071 conserens
791 3038 956 3070 victoriam
976 3038 1167 3079 deportavit.

626 3099 660 3131 5.

163 3150 303 3190 lphiclus
314 3149 399 3182 filius
409 3152 477 3182 erat
490 3151 618 3192 Phylaci
630 3154 661 3184 et
674 3154 839 3194 Clymenae
850 3153 956 3193 Minya
966 3155 1061 3184 natae.
1078 3154 1170 3184 Hunc

122 3201 278 3234 Hesiodus
289 3210 383 3242 super
399 3202 495 3234 tritici
507 3203 601 3244 spicis
613 3230 621 3244 ,
636 3207 826 3237 Demaratus
839 3214 934 3246 super
949 3205 1029 3236 mari
1042 3213 1170 3236 currere

122 3254 261 3296 potuisse
275 3253 398 3286 dicunt.

629 3314 662 3346 6.

163 3373 354 3404 Demaratus
378 3372 546 3404 Herculem
566 3373 604 3404 ad
631 3373 769 3406 Colchos
794 3383 867 3405 cum
901 3374 1087 3414 Argonautis
1110 3383 1167 3406 na-

124 3423 243 3463 vigasse
265 3423 373 3456 tradit.
399 3424 568 3466 Dionysius
593 3433 665 3457 eum
689 3425 785 3457 etiam
806 3425 921 3457 ducem
945 3435 1056 3458 eornm
1075 3427 1169 3458 fuisse

122 3474 211 3508 dicit.

901 289 1158 331 DEMETRII
1186 291 1506 346 CALLAT1AN1,

1229 382 1375 428 lybium
1399 391 1435 419 et
1455 385 1635 420 Psaonem
1655 386 1752 422 inter
1771 399 1835 423 eos
1854 396 2040 434 recenset,
2063 390 2129 437 qui
2152 396 2276 438 aptam

1229 442 1434 477 verborum
1475 445 1793 491 compositionem
1824 458 1981 494 prorsus
2023 448 2275 495 neglexerint,

1231 506 1345 546 atque
1364 498 1526 542 τοιαύτας
1546 499 1720 544 συντάξεις
1737 501 1940 554 κατέλιπον,
1963 502 2038 547 οἵας
2057 503 2166 547 οὐδεὶς
2186 507 2272 542 ὑπο-

1231 554 1326 605 μένει
1347 556 1451 608 μέχρι
1467 557 1649 610 κορωνίδος
1670 559 1828 599 διελθεῖν.

1392 650 1514 688 ΠΕΡΙ
1545 652 1698 690 ΑΣΙΑΣ
1736 653 1823 691 ΚΑΙ
1861 653 2114 694 ΕΥΡΩΠΗΣ.

1737 742 1770 764 1.

1282 799 1467 846 Scymnus
1497 774 1534 838 vi
1575 801 1648 847 718
1682 802 1743 840 ed.
1779 803 1978 842 Meinek.:

1312 877 1402 909 Μετὰ
1417 881 1516 910 ταῦτα
1532 879 1558 911 δ’
1576 879 1640 911 ἔσθ’
1655 881 1672 911 ὁ
1688 880 1816 920 Πόντος,
1834 881 1870 913 οὗ
1888 882 1926 920 δὴ
1939 883 1994 921 τὴν
2007 883 2090 916 θέσιν

1313 925 1330 954 ὁ
1345 925 1554 962 Καλλατιανὸς
1577 927 1761 968 συγγράφων
1772 929 1945 970 Δημήτριος

1315 971 1413 1003 ἔοικεν
1425 972 1670 1013 ἐπιμελεστάτως
1684 975 1890 1015 πεπυσμένος.

1231 1043 1355 1088 Quare
1374 1043 1413 1077 in
1429 1044 1669 1092 sequentibus
1695 1045 1745 1080 ad
1770 1046 1873 1082 hunc
1895 1047 2055 1083 maxime
2081 1056 2278 1085 auctorem

1230 1101 1486 1136 narrationem
1539 1103 1846 1140 accommodasse
1880 1106 2064 1152 Scymnus
2107 1107 2274 1144 videtur.

1232 1158 1358 1195 Patria
1375 1161 1559 1196 Demetrii
1579 1170 1814 1199 memoratur
1833 1164 1946 1200 etiam
1963 1177 2001 1202 v,
2024 1165 2098 1211 760
2120 1177 2129 1202 z

1766 1249 1784 1265 *
1797 1249 1815 1265 *
1829 1252 1844 1269 *
1858 1250 2010 1287 Κάλλατις

1317 1292 1448 1324 ἀποικία
1467 1293 1521 1334 μὲν
1537 1293 1759 1333 Ἡρακλεωτῶν
1775 1297 1923 1336 γενομένη

1314 1339 1396 1370 κατὰ
1409 1340 1561 1380 χρησμόν·
1577 1340 1702 1372 ἔκτισαν
1715 1341 1747 1372 δὲ
1761 1342 1875 1380 ταύτην
1885 1342 1977 1380 ἡνίκα

1315 1387 1370 1424 τὴν
1383 1386 1575 1418 Μακεδόνων
1589 1387 1686 1428 ἀρχὴν
1699 1387 1844 1429 Ἀμύντας
1858 1389 2042 1430 παρέλαὸεν.

1232 1462 1382 1498 Deinde
1410 1475 1448 1500 v.
1468 1458 1581 1512 '789‚
1610 1471 1809 1512 postquam
1833 1466 1918 1501 Istri
1944 1466 2102 1502 insulam
2130 1467 2279 1503 Peucen

1232 1522 1566 1565 commemoravit,
1585 1523 1712 1572 pergit

1686 1600 1762 1632 Μετ’
1772 1602 1867 1640 αὐτὴν
1881 1602 2014 1643 πελαγία

1315 1646 1477 1687 Ἀχιλλέως
1491 1649 1510 1685 ἡ
1526 1647 1619 1685 νῆσός
1635 1648 1699 1679 ἐστι
1713 1648 1849 1689 κειμένη.

1314 1694 1403 1735 Ἔχει
1418 1695 1451 1726 δὲ
1468 1696 1582 1733 πλῆθος
1595 1695 1750 1736 χειρόηθες
1763 1696 1887 1737 ὀρνέων,

1315 1741 1386 1772 Θέαν
1403 1743 1568 1783 ἱεροπρεπῆ
1579 1753 1611 1774 τε
1622 1745 1686 1778 τοῖς
1703 1742 1946 1783 ἀφικνουμένοις.

1313 1787 1360 1819 Οὐ
1376 1788 1504 1820 δυνατόν
1523 1789 1586 1820 ἐστ’
1599 1789 1724 1830 ἤπειρον
1738 1790 1801 1821 ἀπὸ
1817 1791 1930 1829 ταύτης
1943 1793 2017 1824 ἰδεῖν

1313 1834 1425 1876 καίπερ
1439 1835 1616 1877 ἀπεχούσης
1633 1836 1744 1868 στάδια
1753 1840 1806 1874 τῆς
1822 1838 1927 1879 χώρας
1940 1839 2003 1871 ἄπο

1313 1881 1503 1923 τετρακόσι’,
1524 1884 1566 1920 ὡς
1580 1883 1617 1922 δὴ
1637 1882 1805 1925 συγγράφει
1820 1885 2005 1926 Δημήτριος.

1230 1949 1339 1987 Idem
1370 1963 1407 1989 v.
1439 1950 1515 1987 880
1549 1964 1557 1987 :

1313 2024 1393 2056 Εἶτα
1408 2026 1487 2066 μετὰ
1499 2025 1626 2062 τούτους
1640 2026 1705 2057 ἐστὶ
1721 2027 1878 2058 Μαιωτῶν
1890 2028 1976 2068 γένος

1315 2071 1508 2113 Ἰαξαματῶν
1524 2073 1702 2113 λεγόμενον,
1720 2075 1762 2109 ὡς
1776 2075 1949 2115 Δημήτριος

1314 2118 1326 2160 [
1339 2121 1356 2151 ὁ
1373 2121 1563 2161 συγγραφεὺς
1579 2119 1590 2160 ]
1606 2120 1738 2161 εἴρηκεν,
1751 2123 1792 2158 ὡς
1806 2122 1832 2153 δ’
1847 2122 1976 2163 Ἔφορος
1986 2123 2080 2163 λέγει,

1316 2168 1524 2208 Σαυροματῶν
1538 2168 1659 2207 λέγεται
1677 2168 1772 2203 ἔθνος.

1233 2237 1375 2274 Eadem
1409 2239 1449 2273 in
1479 2239 1671 2286 Anonym.
1704 2239 1857 2287 Periplo
1898 2241 2009 2278 Pont.
2052 2242 2148 2277 Eux.
2195 2242 2276 2276 init.

1235 2295 1245 2345 (
1266 2304 1358 2334 tom.
1378 2298 1456 2342 111,
1477 2310 1516 2345 p.
1533 2298 1624 2343 206,
1646 2298 1707 2336 ed.
1732 2298 1814 2334 Gail
1834 2298 1858 2347 ).

1283 2355 1390 2391 Idem
1418 2356 1601 2403 Scymnus
1620 2369 1656 2394 v.
1691 2369 1704 2391 1
1717 2369 1761 2402 17
1779 2357 2014 2392 Demetrium
2034 2357 2278 2393 Callatianum

1231 2414 1330 2450 inter
1349 2414 1471 2450 fontes
1483 2427 1569 2450 suos
1584 2421 1764 2450 recenset.

1735 2496 1769 2521 2.

1283 2553 1419 2589 Strabo
1437 2554 1472 2599 Ι,
1486 2566 1526 2602 p.
1546 2553 1596 2590 60
1613 2567 1621 2590 z
1638 2551 1837 2605 Δημήτριος
1859 2553 1887 2590 δ’
1904 2555 1921 2590 6
1945 2552 2186 2598 Καλλατιανὸς
2200 2552 2278 2598 τοὺς
2338 2557 2341 2559 ’

1198 2649 1201 2659 ,
1229 2613 1306 2648 καθ’
1329 2611 1412 2658 ὅλην
1431 2611 1493 2658 τὴν
1517 2611 1674 2652 Ἑλλάδα
1705 2612 1907 2663 γενομένους
1917 2612 2000 2650 ποτὲ
2015 2612 2177 2663 σεισμοὺς
2195 2614 2278 2660 διη-

1476 2753 1544 2791 DE
1571 2752 1689 2792 ASIA
1718 2753 1784 2805 ET
1813 2754 2031 2794 EUROPA.

1738 2839 1771 2870 1.

1274 2903 1347 2933 Post
1364 2902 1432 2934 haec
1446 2902 1566 2934 Pontus
1575 2904 1635 2941 est,
1649 2902 1740 2943 cujus
1756 2903 1853 2935 situm
1869 2903 2069 2943 Demetrius,
2083 2904 2278 2936 Callatianus

1230 2952 1375 2992 scriptor,
1391 2954 1519 2985 videtur
1532 2954 1746 2986 curiosissime
1768 2955 1960 2994 explorasse.

1273 3007 1347 3037 Post
1365 3008 1490 3038 Peucen
1504 3006 1536 3037 in
1550 3006 1614 3037 alto
1626 3006 1704 3037 mari
1718 3006 1847 3038 Achillis
1860 3007 1962 3038 insula
1975 3007 2119 3047 (Leuce)
2135 3007 2195 3038 sita
2211 3008 2276 3046 est,

1229 3065 1326 3096 qnam
1343 3057 1440 3088 habet
1461 3059 1628 3088 mansueta
1653 3057 1826 3089 multitudo
1848 3058 1990 3096 avium„
2002 3066 2128 3090 sacrum
2147 3058 2278 3090 advenis

1229 3109 1459 3149 spectaculum.
1478 3110 1548 3140 Non
1567 3111 1671 3149 potest
1695 3119 1734 3140 ex
1755 3118 1791 3141 ea
1819 3111 1904 3141 terra
1929 3110 2095 3142 continens
2116 3110 2277 3151 conspici,

1229 3169 1425 3201 quamquam
1436 3161 1674 3201 quadringentis
1686 3162 1812 3192 tantum
1820 3161 1914 3193 distet
1926 3161 2047 3201 stadiis,
2061 3161 2154 3193 sicuti
2168 3162 2278 3194 scribit

1231 3214 1420 3245 Demetrius.

1271 3267 1346 3297 Post
1361 3265 1417 3296 hos
1434 3264 1631 3304 (Sarmatas)
1650 3266 1698 3297 est
1713 3266 1901 3297 Moeotarum
1918 3274 1993 3305 gens
2005 3290 2014 3305 ‚
2032 3265 2086 3305 qui
2103 3266 2276 3298 Iaxamatae

1229 3318 1392 3358 dicuntur,
1409 3319 1447 3349 ut
1469 3317 1514 3349 ait
1530 3318 1710 3350 Demetrius
1731 3318 1885 3358 scriptor;
1900 3320 1935 3350 ut
1960 3327 2037 3350 vero
2053 3318 2197 3359 Ephorus
2210 3319 2276 3350 tra·

1229 3369 1326 3409 didit,
1338 3370 1600 3401 Sauromatarum
1611 3378 1697 3409 gens.

1276 3479 1458 3512 Demetrius
1499 3479 1697 3512 Callatianus
1728 3480 1822 3512 terrae
1854 3480 1962 3511 motus
1990 3479 2046 3520 qui
2077 3478 2118 3510 ab
2134 3475 2274 3518 antiquis
