<?xml version="1.0" encoding="UTF-8"?>
<!DOCTYPE html PUBLIC "-//W3C//DTD XHTML 1.0 Transitional//EN"
    "http://www.w3.org/TR/xhtml1/DTD/xhtml1-transitional.dtd">
<html xmlns="http://www.w3.org/1999/xhtml" xml:lang="en" lang="en">
 <head>
  <title>
</title>
<meta http-equiv="Content-Type" content="text/html;charset=utf-8" />
  <meta name='ocr-system' content='tesseract 3.04.00' />
  <meta name='ocr-capabilities' content='ocr_page ocr_carea ocr_par ocr_line ocrx_word'/>
</head>
<body>
  <div class='ocr_page' id='page_1' title='image "./fragmentahistori04mueluoft/fragmentahistori04mueluoft_0418.png"; bbox 0 0 2372 3704; ppageno 0'>
   <div class='ocr_carea' id='block_1_1' title="bbox 95 310 170 342">
    <p class='ocr_par' dir='ltr' id='par_1_1' title="bbox 95 310 170 342">
     <span class='ocr_line' id='line_1_1' title="bbox 95 310 170 342; baseline 0 0"><span class='ocrx_word' id='word_1_1' title='bbox 95 310 170 342; x_wconf 79' lang='lat'><strong>400</strong></span> 
     </span>
    </p>
   </div>
   <div class='ocr_carea' id='block_1_2' title="bbox 93 381 1130 444">
    <p class='ocr_par' dir='ltr' id='par_1_2' title="bbox 93 381 1130 444">
     <span class='ocr_line' id='line_1_2' title="bbox 93 381 1130 444; baseline 0.002 -17"><span class='ocrx_word' id='word_1_2' title='bbox 93 397 258 442; x_wconf 80' lang='grc' dir='ltr'>τεχνᾶται</span> <span class='ocrx_word' id='word_1_3' title='bbox 277 393 295 428; x_wconf 88' lang='grc' dir='ltr'><strong><em>ὃ</em></strong></span> <span class='ocrx_word' id='word_1_4' title='bbox 315 381 500 434; x_wconf 82' lang='grc' dir='ltr'>Φάλανθος</span> <span class='ocrx_word' id='word_1_5' title='bbox 524 390 654 430; x_wconf 84' lang='grc' dir='ltr'>τοιόνδε</span> <span class='ocrx_word' id='word_1_6' title='bbox 679 407 726 432; x_wconf 89' lang='grc' dir='ltr'><strong>τι.</strong></span> <span class='ocrx_word' id='word_1_7' title='bbox 766 392 989 440; x_wconf 70' lang='grc' dir='ltr'>Καταὸαλὼν</span> <span class='ocrx_word' id='word_1_8' title='bbox 1020 394 1130 444; x_wconf 80' lang='grc' dir='ltr'>ἱερεῖα</span> 
     </span>
    </p>
   </div>
   <div class='ocr_carea' id='block_1_3' title="bbox 92 447 1166 503">
    <p class='ocr_par' dir='ltr' id='par_1_3' title="bbox 92 447 1166 503">
     <span class='ocr_line' id='line_1_3' title="bbox 92 447 1166 503; baseline 0.002 -17"><span class='ocrx_word' id='word_1_9' title='bbox 92 449 151 486; x_wconf 75' lang='grc' dir='ltr'><strong>καὶ</strong></span> <span class='ocrx_word' id='word_1_10' title='bbox 168 449 228 493; x_wconf 82' lang='grc' dir='ltr'><strong>τὰς</strong></span> <span class='ocrx_word' id='word_1_11' title='bbox 244 449 376 492; x_wconf 81' lang='grc' dir='ltr'><strong>κοιλίας</strong></span> <span class='ocrx_word' id='word_1_12' title='bbox 390 450 605 502; x_wconf 78' lang='grc' dir='ltr'>ἐκκαθάρας,</span> <span class='ocrx_word' id='word_1_13' title='bbox 621 452 655 488; x_wconf 82' lang='grc' dir='ltr'>ἐν</span> <span class='ocrx_word' id='word_1_14' title='bbox 672 450 814 494; x_wconf 78' lang='grc' dir='ltr'><strong>ταύταις</strong></span> <span class='ocrx_word' id='word_1_15' title='bbox 827 453 987 503; x_wconf 79' lang='grc' dir='ltr'>ἐπειρᾶτο</span> <span class='ocrx_word' id='word_1_16' title='bbox 999 450 1133 501; x_wconf 79' lang='grc' dir='ltr'>ἐξάγειν</span> <span class='ocrx_word' id='word_1_17' title='bbox 1162 447 1166 467; x_wconf 69' lang='lat'>³</span> 
     </span>
    </p>
   </div>
   <div class='ocr_carea' id='block_1_4' title="bbox 89 507 1135 1553">
    <p class='ocr_par' dir='ltr' id='par_1_4' title="bbox 89 507 1135 1553">
     <span class='ocr_line' id='line_1_4' title="bbox 92 507 1134 562; baseline 0.002 -18"><span class='ocrx_word' id='word_1_18' title='bbox 92 509 233 559; x_wconf 79' lang='grc' dir='ltr'>χρυσίον</span> <span class='ocrx_word' id='word_1_19' title='bbox 263 507 323 545; x_wconf 80' lang='grc' dir='ltr'><strong>καὶ</strong></span> <span class='ocrx_word' id='word_1_20' title='bbox 344 507 521 560; x_wconf 83' lang='grc' dir='ltr'>ἀργύριον.</span> <span class='ocrx_word' id='word_1_21' title='bbox 545 509 759 559; x_wconf 86' lang='grc' dir='ltr'>Αἷσθόμενος</span> <span class='ocrx_word' id='word_1_22' title='bbox 778 508 814 547; x_wconf 81' lang='grc' dir='ltr'>δὲ</span> <span class='ocrx_word' id='word_1_23' title='bbox 845 512 863 547; x_wconf 83' lang='grc' dir='ltr'>ὁ</span> <span class='ocrx_word' id='word_1_24' title='bbox 882 508 1035 562; x_wconf 78' lang='grc' dir='ltr'>Ἴφικλος</span> <span class='ocrx_word' id='word_1_25' title='bbox 1065 510 1134 547; x_wconf 88' lang='grc' dir='ltr'>διε-</span> 
     </span>
     <span class='ocr_line' id='line_1_5' title="bbox 92 565 1133 620; baseline 0.004 -19"><span class='ocrx_word' id='word_1_26' title='bbox 92 565 240 606; x_wconf 78' lang='grc' dir='ltr'>κώλυσε.</span> <span class='ocrx_word' id='word_1_27' title='bbox 267 566 528 620; x_wconf 85' lang='grc' dir='ltr'>Προσφέροντός</span> <span class='ocrx_word' id='word_1_28' title='bbox 552 582 589 605; x_wconf 91' lang='grc' dir='ltr'><strong>τε</strong></span> <span class='ocrx_word' id='word_1_29' title='bbox 606 571 666 606; x_wconf 76' lang='grc' dir='ltr'><strong>τοῦ</strong></span> <span class='ocrx_word' id='word_1_30' title='bbox 686 567 873 607; x_wconf 81' lang='grc' dir='ltr'><strong>Φαλάνθου</strong></span> <span class='ocrx_word' id='word_1_31' title='bbox 892 568 950 605; x_wconf 85' lang='grc' dir='ltr'><strong>τὸν</strong></span> <span class='ocrx_word' id='word_1_32' title='bbox 967 567 1079 620; x_wconf 80' lang='grc' dir='ltr'>ὅρκον,</span> <span class='ocrx_word' id='word_1_33' title='bbox 1097 567 1133 605; x_wconf 81' lang='grc' dir='ltr'>ὃν</span> 
     </span>
     <span class='ocr_line' id='line_1_6' title="bbox 92 624 1131 678; baseline 0 -16"><span class='ocrx_word' id='word_1_34' title='bbox 92 624 244 674; x_wconf 83' lang='grc' dir='ltr'>ὤμοσεν,</span> <span class='ocrx_word' id='word_1_35' title='bbox 260 625 374 663; x_wconf 77' lang='grc' dir='ltr'>ἐάσειν</span> <span class='ocrx_word' id='word_1_36' title='bbox 389 625 568 675; x_wconf 82' lang='grc' dir='ltr'>ἐξάγεσθαι</span> <span class='ocrx_word' id='word_1_37' title='bbox 589 625 609 663; x_wconf 81' lang='grc' dir='ltr'><strong>δ’</strong></span> <span class='ocrx_word' id='word_1_38' title='bbox 633 642 665 663; x_wconf 88' lang='grc' dir='ltr'><strong>τι</strong></span> <span class='ocrx_word' id='word_1_39' title='bbox 679 626 769 664; x_wconf 79' lang='grc' dir='ltr'>κατὰ</span> <span class='ocrx_word' id='word_1_40' title='bbox 785 626 934 678; x_wconf 81' lang='grc' dir='ltr'>γαστρὸς</span> <span class='ocrx_word' id='word_1_41' title='bbox 949 625 1131 678; x_wconf 82' lang='grc' dir='ltr'>αἴρωνται,</span> 
     </span>
     <span class='ocr_line' id='line_1_7' title="bbox 93 684 1132 736; baseline 0.002 -16"><span class='ocrx_word' id='word_1_42' title='bbox 93 684 364 736; x_wconf 74' lang='grc' dir='ltr'>ἀντισοφίζεται,</span> <span class='ocrx_word' id='word_1_43' title='bbox 381 685 486 722; x_wconf 85' lang='grc' dir='ltr'>πλοῖα</span> <span class='ocrx_word' id='word_1_44' title='bbox 505 685 620 729; x_wconf 77' lang='grc' dir='ltr'>αὐτοῖς</span> <span class='ocrx_word' id='word_1_45' title='bbox 639 684 769 733; x_wconf 79' lang='grc' dir='ltr'>διδοὺς,</span> <span class='ocrx_word' id='word_1_46' title='bbox 784 684 840 722; x_wconf 82' lang='grc' dir='ltr'><strong>ἵνα</strong></span> <span class='ocrx_word' id='word_1_47' title='bbox 858 687 1132 735; x_wconf 82' lang='grc' dir='ltr'>ἀποκομισθῶσι,</span> 
     </span>
     <span class='ocr_line' id='line_1_8' title="bbox 92 741 1131 794; baseline 0.001 -15"><span class='ocrx_word' id='word_1_48' title='bbox 92 744 297 794; x_wconf 86' lang='grc' dir='ltr'>παραλύσας</span> <span class='ocrx_word' id='word_1_49' title='bbox 316 741 359 779; x_wconf 82' lang='grc' dir='ltr'><strong>τὰ</strong></span> <span class='ocrx_word' id='word_1_50' title='bbox 379 742 534 789; x_wconf 86' lang='grc' dir='ltr'>πηδάλια</span> <span class='ocrx_word' id='word_1_51' title='bbox 556 743 615 781; x_wconf 84' lang='grc' dir='ltr'><strong>καὶ</strong></span> <span class='ocrx_word' id='word_1_52' title='bbox 635 742 695 787; x_wconf 85' lang='grc' dir='ltr'><strong>τὰς</strong></span> <span class='ocrx_word' id='word_1_53' title='bbox 719 742 839 786; x_wconf 87' lang='grc' dir='ltr'>κώπας</span> <span class='ocrx_word' id='word_1_54' title='bbox 858 742 918 781; x_wconf 81' lang='grc' dir='ltr'><strong>καὶ</strong></span> <span class='ocrx_word' id='word_1_55' title='bbox 945 742 989 781; x_wconf 85' lang='grc' dir='ltr'><strong>τὰ</strong></span> <span class='ocrx_word' id='word_1_56' title='bbox 1017 742 1131 793; x_wconf 88' lang='grc' dir='ltr'>ἱστία,</span> 
     </span>
     <span class='ocr_line' id='line_1_9' title="bbox 92 801 1135 853; baseline 0.001 -15"><span class='ocrx_word' id='word_1_57' title='bbox 92 801 219 850; x_wconf 85' lang='grc' dir='ltr'>ὀμόσαι</span> <span class='ocrx_word' id='word_1_58' title='bbox 235 801 348 853; x_wconf 83' lang='grc' dir='ltr'>φήσας</span> <span class='ocrx_word' id='word_1_59' title='bbox 368 802 473 839; x_wconf 85' lang='grc' dir='ltr'>πλοῖα</span> <span class='ocrx_word' id='word_1_60' title='bbox 490 801 661 853; x_wconf 85' lang='grc' dir='ltr'>παρέξειν,</span> <span class='ocrx_word' id='word_1_61' title='bbox 677 801 762 840; x_wconf 87' lang='grc' dir='ltr'>ἄλλο</span> <span class='ocrx_word' id='word_1_62' title='bbox 782 801 817 839; x_wconf 83' lang='grc' dir='ltr'>δὲ</span> <span class='ocrx_word' id='word_1_63' title='bbox 834 801 944 841; x_wconf 81' lang='grc' dir='ltr'>οὐδέν.</span> <span class='ocrx_word' id='word_1_64' title='bbox 966 802 1029 840; x_wconf 81' lang='grc' dir='ltr'>Ἔν</span> <span class='ocrx_word' id='word_1_65' title='bbox 1047 804 1135 839; x_wconf 87' lang='grc' dir='ltr'>ἀπο·</span> 
     </span>
     <span class='ocr_line' id='line_1_10' title="bbox 94 858 1134 912; baseline 0.002 -17"><span class='ocrx_word' id='word_1_66' title='bbox 94 858 150 911; x_wconf 77' lang='grc' dir='ltr'><strong>ρίᾳ</strong></span> <span class='ocrx_word' id='word_1_67' title='bbox 167 858 202 896; x_wconf 83' lang='grc' dir='ltr'>δὲ</span> <span class='ocrx_word' id='word_1_68' title='bbox 223 861 254 897; x_wconf 83' lang='grc' dir='ltr'><strong>οἱ</strong></span> <span class='ocrx_word' id='word_1_69' title='bbox 272 859 432 902; x_wconf 86' lang='grc' dir='ltr'>Φοίνικες</span> <span class='ocrx_word' id='word_1_70' title='bbox 450 858 628 911; x_wconf 78' lang='grc' dir='ltr'>ἐχόμενοι,</span> <span class='ocrx_word' id='word_1_71' title='bbox 643 859 757 899; x_wconf 87' lang='grc' dir='ltr'>πολλὰ</span> <span class='ocrx_word' id='word_1_72' title='bbox 775 859 837 910; x_wconf 82' lang='grc' dir='ltr'><strong>μὲν</strong></span> <span class='ocrx_word' id='word_1_73' title='bbox 854 863 921 898; x_wconf 85' lang='grc' dir='ltr'><strong>τῶν</strong></span> <span class='ocrx_word' id='word_1_74' title='bbox 940 860 1134 912; x_wconf 86' lang='grc' dir='ltr'>χρημάτων</span> 
     </span>
     <span class='ocr_line' id='line_1_11' title="bbox 92 916 1134 970; baseline 0.002 -17"><span class='ocrx_word' id='word_1_75' title='bbox 92 916 330 967; x_wconf 75' lang='grc' dir='ltr'>κατώρυσσον,</span> <span class='ocrx_word' id='word_1_76' title='bbox 352 917 661 967; x_wconf 83' lang='grc' dir='ltr'>ἐπισημαινόμενοι</span> <span class='ocrx_word' id='word_1_77' title='bbox 680 917 757 961; x_wconf 77' lang='grc' dir='ltr'>τοὺς</span> <span class='ocrx_word' id='word_1_78' title='bbox 776 918 916 965; x_wconf 85' lang='grc' dir='ltr'>τόπους,</span> <span class='ocrx_word' id='word_1_79' title='bbox 932 917 974 956; x_wconf 79' lang='grc' dir='ltr'>ἵν’</span> <span class='ocrx_word' id='word_1_80' title='bbox 993 917 1134 970; x_wconf 76' lang='grc' dir='ltr'>ὕστερόν</span> 
     </span>
     <span class='ocr_line' id='line_1_12' title="bbox 92 974 1135 1028; baseline 0.003 -17"><span class='ocrx_word' id='word_1_81' title='bbox 92 990 175 1012; x_wconf 88' lang='grc' dir='ltr'>ποτε</span> <span class='ocrx_word' id='word_1_82' title='bbox 195 974 386 1013; x_wconf 81' lang='grc' dir='ltr'>ἀνέλωνται</span> <span class='ocrx_word' id='word_1_83' title='bbox 406 975 627 1027; x_wconf 84' lang='grc' dir='ltr'>ἀφικόμενοι,</span> <span class='ocrx_word' id='word_1_84' title='bbox 646 975 761 1014; x_wconf 74' lang='grc' dir='ltr'>πολλὰ</span> <span class='ocrx_word' id='word_1_85' title='bbox 777 975 813 1014; x_wconf 81' lang='grc' dir='ltr'>δὲ</span> <span class='ocrx_word' id='word_1_86' title='bbox 832 978 881 1028; x_wconf 80' lang='grc' dir='ltr'><strong>τῷ</strong></span> <span class='ocrx_word' id='word_1_87' title='bbox 899 976 1043 1028; x_wconf 79' lang='grc' dir='ltr'>Ἰφίκλῳ</span> <span class='ocrx_word' id='word_1_88' title='bbox 1065 991 1135 1014; x_wconf 88' lang='grc' dir='ltr'><strong>κα-</strong></span> 
     </span>
     <span class='ocr_line' id='line_1_13' title="bbox 91 1027 1134 1087; baseline 0.001 -17"><span class='ocrx_word' id='word_1_89' title='bbox 91 1034 260 1072; x_wconf 84' lang='grc' dir='ltr'>τέλειπον.</span> <span class='ocrx_word' id='word_1_90' title='bbox 292 1033 577 1084; x_wconf 82' lang='grc' dir='ltr'>Ἀπαλλαγέντων</span> <span class='ocrx_word' id='word_1_91' title='bbox 597 1027 655 1072; x_wconf 60' lang='grc' dir='ltr'><strong>οὖν</strong></span> <span class='ocrx_word' id='word_1_92' title='bbox 674 1034 785 1087; x_wconf 86' lang='grc' dir='ltr'>τούτῳ</span> <span class='ocrx_word' id='word_1_93' title='bbox 804 1036 854 1087; x_wconf 84' lang='grc' dir='ltr'><strong>τῷ</strong></span> <span class='ocrx_word' id='word_1_94' title='bbox 873 1034 991 1087; x_wconf 81' lang='grc' dir='ltr'>τρόπῳ</span> <span class='ocrx_word' id='word_1_95' title='bbox 1017 1036 1056 1072; x_wconf 83' lang='grc' dir='ltr'><strong>ἐκ</strong></span> <span class='ocrx_word' id='word_1_96' title='bbox 1073 1037 1134 1081; x_wconf 74' lang='grc' dir='ltr'><strong>τῆς</strong></span> 
     </span>
     <span class='ocr_line' id='line_1_14' title="bbox 91 1089 1133 1143; baseline 0.002 -17"><span class='ocrx_word' id='word_1_97' title='bbox 91 1089 208 1141; x_wconf 80' lang='grc' dir='ltr'>χώρας</span> <span class='ocrx_word' id='word_1_98' title='bbox 224 1092 292 1127; x_wconf 83' lang='grc' dir='ltr'><strong>τῶν</strong></span> <span class='ocrx_word' id='word_1_99' title='bbox 313 1090 504 1139; x_wconf 81' lang='grc' dir='ltr'>Φοινίκων,</span> <span class='ocrx_word' id='word_1_100' title='bbox 522 1090 695 1142; x_wconf 80' lang='grc' dir='ltr'>κατέσχον</span> <span class='ocrx_word' id='word_1_101' title='bbox 717 1090 761 1129; x_wconf 85' lang='grc' dir='ltr'><strong>τὰ</strong></span> <span class='ocrx_word' id='word_1_102' title='bbox 779 1091 975 1143; x_wconf 87' lang='grc' dir='ltr'>πράγματα</span> <span class='ocrx_word' id='word_1_103' title='bbox 996 1093 1027 1130; x_wconf 81' lang='grc' dir='ltr'><strong>οἱ</strong></span> <span class='ocrx_word' id='word_1_104' title='bbox 1042 1089 1133 1130; x_wconf 84' lang='grc' dir='ltr'><strong>Ἕλ-</strong></span> 
     </span>
     <span class='ocr_line' id='line_1_15' title="bbox 93 1147 1134 1201; baseline 0.003 -17"><span class='ocrx_word' id='word_1_105' title='bbox 93 1153 204 1194; x_wconf 85' lang='grc' dir='ltr'>ληνες.</span> <span class='ocrx_word' id='word_1_106' title='bbox 230 1165 244 1181; x_wconf 75' lang='grc' dir='ltr'><strong>ιι</strong></span> <span class='ocrx_word' id='word_1_107' title='bbox 262 1147 320 1186; x_wconf 82' lang='grc' dir='ltr'><strong>Τὰ</strong></span> <span class='ocrx_word' id='word_1_108' title='bbox 341 1148 369 1185; x_wconf 87' lang='grc' dir='ltr'>δ’</span> <span class='ocrx_word' id='word_1_109' title='bbox 396 1147 485 1186; x_wconf 82' lang='grc' dir='ltr'>αὐτὰ</span> <span class='ocrx_word' id='word_1_110' title='bbox 503 1149 690 1201; x_wconf 82' lang='grc' dir='ltr'>ἱστορήσας</span> <span class='ocrx_word' id='word_1_111' title='bbox 705 1150 764 1188; x_wconf 86' lang='grc' dir='ltr'><strong>καὶ</strong></span> <span class='ocrx_word' id='word_1_112' title='bbox 782 1150 984 1197; x_wconf 85' lang='grc' dir='ltr'>Πολύζηλος</span> <span class='ocrx_word' id='word_1_113' title='bbox 1011 1151 1047 1187; x_wconf 84' lang='grc' dir='ltr'>ἐν</span> <span class='ocrx_word' id='word_1_114' title='bbox 1065 1155 1134 1194; x_wconf 87' lang='grc' dir='ltr'>τοῖς</span> 
     </span>
     <span class='ocr_line' id='line_1_16' title="bbox 92 1205 1134 1260; baseline 0.003 -17"><span class='ocrx_word' id='word_1_115' title='bbox 92 1205 287 1250; x_wconf 82' lang='grc' dir='ltr'>Ῥοδιακοῖς</span> <span class='ocrx_word' id='word_1_116' title='bbox 305 1225 320 1240; x_wconf 75' lang='lat'><strong>«¹</strong></span> <span class='ocrx_word' id='word_1_117' title='bbox 336 1205 394 1245; x_wconf 82' lang='grc' dir='ltr'><strong>Τὰ</strong></span> <span class='ocrx_word' id='word_1_118' title='bbox 411 1206 489 1258; x_wconf 73' lang='grc' dir='ltr'>περὶ</span> <span class='ocrx_word' id='word_1_119' title='bbox 511 1207 639 1259; x_wconf 83' lang='grc' dir='ltr'>ἰχθύων</span> <span class='ocrx_word' id='word_1_120' title='bbox 659 1207 785 1260; x_wconf 80' lang='grc' dir='ltr'>(φησὶ)</span> <span class='ocrx_word' id='word_1_121' title='bbox 802 1208 863 1247; x_wconf 80' lang='grc' dir='ltr'><strong>καὶ</strong></span> <span class='ocrx_word' id='word_1_122' title='bbox 886 1211 953 1246; x_wconf 87' lang='grc' dir='ltr'><strong>τῶν</strong></span> <span class='ocrx_word' id='word_1_123' title='bbox 975 1209 1134 1260; x_wconf 78' lang='grc' dir='ltr'>κοράκων</span> 
     </span>
     <span class='ocr_line' id='line_1_17' title="bbox 89 1263 1133 1320; baseline 0.004 -20"><span class='ocrx_word' id='word_1_124' title='bbox 89 1263 188 1311; x_wconf 79' lang='grc' dir='ltr'>μόνοι</span> <span class='ocrx_word' id='word_1_125' title='bbox 207 1264 336 1316; x_wconf 82' lang='grc' dir='ltr'>ᾔδεσαν</span> <span class='ocrx_word' id='word_1_126' title='bbox 355 1267 372 1302; x_wconf 88' lang='grc' dir='ltr'>ὁ</span> <span class='ocrx_word' id='word_1_127' title='bbox 393 1265 520 1308; x_wconf 88' lang='grc' dir='ltr'>Φάκας</span> <span class='ocrx_word' id='word_1_128' title='bbox 537 1265 597 1304; x_wconf 85' lang='grc' dir='ltr'><strong>καὶ</strong></span> <span class='ocrx_word' id='word_1_129' title='bbox 619 1269 641 1312; x_wconf 88' lang='grc' dir='ltr'>ἡ</span> <span class='ocrx_word' id='word_1_130' title='bbox 669 1267 823 1319; x_wconf 86' lang='grc' dir='ltr'>θυγάτηρ</span> <span class='ocrx_word' id='word_1_131' title='bbox 843 1269 966 1317; x_wconf 75' lang='grc' dir='ltr'>αὐτοῦ,</span> <span class='ocrx_word' id='word_1_132' title='bbox 991 1268 1133 1320; x_wconf 86' lang='grc' dir='ltr'>Δορκία.</span> 
     </span>
     <span class='ocr_line' id='line_1_18' title="bbox 95 1322 1134 1380; baseline 0.005 -19"><span class='ocrx_word' id='word_1_133' title='bbox 95 1322 191 1370; x_wconf 75' lang='grc' dir='ltr'>Αὕτη</span> <span class='ocrx_word' id='word_1_134' title='bbox 213 1325 242 1362; x_wconf 90' lang='grc' dir='ltr'>δ’</span> <span class='ocrx_word' id='word_1_135' title='bbox 273 1325 457 1375; x_wconf 85' lang='grc' dir='ltr'>ἐρασθεῖσα</span> <span class='ocrx_word' id='word_1_136' title='bbox 486 1328 544 1362; x_wconf 78' lang='grc' dir='ltr'><strong>τοῦ</strong></span> <span class='ocrx_word' id='word_1_137' title='bbox 565 1324 740 1377; x_wconf 77' lang='grc' dir='ltr'>Ἰφίκλου,</span> <span class='ocrx_word' id='word_1_138' title='bbox 761 1326 821 1365; x_wconf 84' lang='grc' dir='ltr'><strong>καὶ</strong></span> <span class='ocrx_word' id='word_1_139' title='bbox 840 1327 1029 1377; x_wconf 84' lang='grc' dir='ltr'>συνθεμένη</span> <span class='ocrx_word' id='word_1_140' title='bbox 1054 1328 1134 1380; x_wconf 77' lang='grc' dir='ltr'>περὶ</span> 
     </span>
     <span class='ocr_line' id='line_1_19' title="bbox 92 1382 1134 1438; baseline 0.005 -19"><span class='ocrx_word' id='word_1_141' title='bbox 92 1382 207 1432; x_wconf 84' lang='grc' dir='ltr'>γάμου</span> <span class='ocrx_word' id='word_1_142' title='bbox 237 1382 293 1420; x_wconf 83' lang='grc' dir='ltr'><strong>διὰ</strong></span> <span class='ocrx_word' id='word_1_143' title='bbox 315 1386 377 1430; x_wconf 71' lang='grc' dir='ltr'><strong>τῆς</strong></span> <span class='ocrx_word' id='word_1_144' title='bbox 397 1387 545 1435; x_wconf 76' lang='grc' dir='ltr'>τροφοῦ,</span> <span class='ocrx_word' id='word_1_145' title='bbox 567 1383 682 1422; x_wconf 85' lang='grc' dir='ltr'>ἔπεισε</span> <span class='ocrx_word' id='word_1_146' title='bbox 711 1384 769 1423; x_wconf 86' lang='grc' dir='ltr'><strong>τὸν</strong></span> <span class='ocrx_word' id='word_1_147' title='bbox 798 1384 947 1437; x_wconf 84' lang='grc' dir='ltr'>φέροντα</span> <span class='ocrx_word' id='word_1_148' title='bbox 977 1385 1015 1424; x_wconf 83' lang='grc' dir='ltr'><strong>τὸ</strong></span> <span class='ocrx_word' id='word_1_149' title='bbox 1043 1386 1134 1438; x_wconf 77' lang='grc' dir='ltr'>ὕδωρ</span> 
     </span>
     <span class='ocr_line' id='line_1_20' title="bbox 93 1441 1132 1496; baseline 0.007 -19"><span class='ocrx_word' id='word_1_150' title='bbox 93 1443 187 1491; x_wconf 70' lang='grc' dir='ltr'>ἰχθῦς</span> <span class='ocrx_word' id='word_1_151' title='bbox 207 1442 364 1492; x_wconf 84' lang='grc' dir='ltr'>ἀγαγεῖν,</span> <span class='ocrx_word' id='word_1_152' title='bbox 382 1441 441 1479; x_wconf 78' lang='grc' dir='ltr'><strong>καὶ</strong></span> <span class='ocrx_word' id='word_1_153' title='bbox 457 1441 624 1491; x_wconf 72' lang='grc' dir='ltr'>ἐμὸαλεὶν</span> <span class='ocrx_word' id='word_1_154' title='bbox 641 1445 687 1486; x_wconf 85' lang='grc' dir='ltr'><strong>εἷς</strong></span> <span class='ocrx_word' id='word_1_155' title='bbox 701 1442 758 1481; x_wconf 85' lang='grc' dir='ltr'><strong>τὸν</strong></span> <span class='ocrx_word' id='word_1_156' title='bbox 773 1447 932 1496; x_wconf 72' lang='grc' dir='ltr'>κρατῆρα</span> <span class='ocrx_word' id='word_1_157' title='bbox 943 1475 953 1493; x_wconf 90' lang='grc'><strong>,</strong></span> <span class='ocrx_word' id='word_1_158' title='bbox 971 1445 1030 1483; x_wconf 83' lang='grc' dir='ltr'><strong>καὶ</strong></span> <span class='ocrx_word' id='word_1_159' title='bbox 1046 1445 1132 1491; x_wconf 83' lang='grc' dir='ltr'>αὐτὴ</span> 
     </span>
     <span class='ocr_line' id='line_1_21' title="bbox 92 1498 803 1553; baseline 0.004 -17"><span class='ocrx_word' id='word_1_160' title='bbox 92 1498 126 1536; x_wconf 82' lang='grc' dir='ltr'>δὲ</span> <span class='ocrx_word' id='word_1_161' title='bbox 146 1498 226 1542; x_wconf 75' lang='grc' dir='ltr'>τοὺς</span> <span class='ocrx_word' id='word_1_162' title='bbox 239 1499 390 1552; x_wconf 83' lang='grc' dir='ltr'>κόρακας</span> <span class='ocrx_word' id='word_1_163' title='bbox 406 1499 604 1538; x_wconf 84' lang='grc' dir='ltr'>λευκάνασα</span> <span class='ocrx_word' id='word_1_164' title='bbox 625 1502 771 1553; x_wconf 77' lang='grc' dir='ltr'>ἀφῆκεν.</span> <span class='ocrx_word' id='word_1_165' title='bbox 789 1519 803 1535; x_wconf 80' lang='grc' dir='ltr'><strong>υ</strong></span> 
     </span>
    </p>
   </div>
   <div class='ocr_carea' id='block_1_5' title="bbox 509 1607 724 1623">
    <p class='ocr_par' dir='ltr' id='par_1_5' title="bbox 509 1607 724 1623">
     <span class='ocr_line' id='line_1_22' title="bbox 509 1607 724 1623; baseline -0.009 -5"><span class='ocrx_word' id='word_1_166' title='bbox 509 1607 724 1623; x_wconf 36' lang='lat'><strong>40-—</strong></span> 
     </span>
    </p>
   </div>
   <div class='ocr_carea' id='block_1_6' title="bbox 469 1700 752 1757">
    <p class='ocr_par' dir='ltr' id='par_1_6' title="bbox 469 1700 752 1757">
     <span class='ocr_line' id='line_1_23' title="bbox 469 1700 752 1757; baseline 0 -2"><span class='ocrx_word' id='word_1_167' title='bbox 469 1700 752 1757; x_wconf 86' lang='lat' dir='ltr'><strong>ERXIAS.</strong></span> 
     </span>
    </p>
   </div>
   <div class='ocr_carea' id='block_1_7' title="bbox 91 1811 1136 2210">
    <p class='ocr_par' dir='ltr' id='par_1_7' title="bbox 91 1811 1136 2210">
     <span class='ocr_line' id='line_1_24' title="bbox 145 1811 1136 1866; baseline 0.003 -18"><span class='ocrx_word' id='word_1_168' title='bbox 145 1814 268 1860; x_wconf 88' lang='lat' dir='ltr'><strong>Etym.</strong></span> <span class='ocrx_word' id='word_1_169' title='bbox 289 1813 342 1849; x_wconf 87' lang='lat' dir='ltr'><strong>M.</strong></span> <span class='ocrx_word' id='word_1_170' title='bbox 367 1812 464 1858; x_wconf 84' lang='lat'><strong>376,</strong></span> <span class='ocrx_word' id='word_1_171' title='bbox 489 1811 533 1849; x_wconf 82' lang='lat'><strong>51</strong></span> <span class='ocrx_word' id='word_1_172' title='bbox 556 1825 565 1851; x_wconf 88' lang='lat'>:</span> <span class='ocrx_word' id='word_1_173' title='bbox 590 1811 747 1864; x_wconf 83' lang='grc' dir='ltr'>Ἐρξίας,</span> <span class='ocrx_word' id='word_1_174' title='bbox 765 1812 873 1863; x_wconf 79' lang='grc' dir='ltr'>ὄνομα</span> <span class='ocrx_word' id='word_1_175' title='bbox 891 1813 1021 1865; x_wconf 87' lang='grc' dir='ltr'>κύριον·</span> <span class='ocrx_word' id='word_1_176' title='bbox 1040 1813 1136 1866; x_wconf 87' lang='grc' dir='ltr'>παρὰ</span> 
     </span>
     <span class='ocr_line' id='line_1_25' title="bbox 91 1868 1136 1923; baseline 0.003 -16"><span class='ocrx_word' id='word_1_177' title='bbox 91 1869 131 1907; x_wconf 80' lang='grc' dir='ltr'><strong>τὸ</strong></span> <span class='ocrx_word' id='word_1_178' title='bbox 143 1868 226 1922; x_wconf 83' lang='grc' dir='ltr'>ῥέξω</span> <span class='ocrx_word' id='word_1_179' title='bbox 238 1868 359 1921; x_wconf 80' lang='grc' dir='ltr'>ῥεξίας·</span> <span class='ocrx_word' id='word_1_180' title='bbox 371 1869 625 1923; x_wconf 73' lang='grc' dir='ltr'>ὑπερὸιὸασμῷ</span> <span class='ocrx_word' id='word_1_181' title='bbox 637 1870 748 1922; x_wconf 80' lang='grc' dir='ltr'>ἓρξίας</span> <span class='ocrx_word' id='word_1_182' title='bbox 759 1873 776 1909; x_wconf 85' lang='grc' dir='ltr'><strong><em>ὃ</em></strong></span> <span class='ocrx_word' id='word_1_183' title='bbox 789 1871 995 1923; x_wconf 74' lang='grc' dir='ltr'>πρακτικός·</span> <span class='ocrx_word' id='word_1_184' title='bbox 1010 1872 1136 1922; x_wconf 88' lang='grc' dir='ltr'>ὁμοίως</span> 
     </span>
     <span class='ocr_line' id='line_1_26' title="bbox 92 1926 1135 1981; baseline 0.004 -17"><span class='ocrx_word' id='word_1_185' title='bbox 92 1930 141 1979; x_wconf 79' lang='grc' dir='ltr'><strong>τῷ</strong></span> <span class='ocrx_word' id='word_1_186' title='bbox 159 1927 298 1980; x_wconf 77' lang='grc' dir='ltr'>ῥέκτης,</span> <span class='ocrx_word' id='word_1_187' title='bbox 325 1926 460 1979; x_wconf 86' lang='grc' dir='ltr'>ἔρκτης.</span> <span class='ocrx_word' id='word_1_188' title='bbox 493 1930 546 1966; x_wconf 93' lang='lat' dir='ltr'><strong>Cf.</strong></span> <span class='ocrx_word' id='word_1_189' title='bbox 567 1943 671 1968; x_wconf 91' lang='lat' dir='ltr'><strong>nom.</strong></span> <span class='ocrx_word' id='word_1_190' title='bbox 696 1944 755 1979; x_wconf 85' lang='lat' dir='ltr'><strong>pr.</strong></span> <span class='ocrx_word' id='word_1_191' title='bbox 774 1929 920 1981; x_wconf 80' lang='grc' dir='ltr'>Ἐρξίων</span> <span class='ocrx_word' id='word_1_192' title='bbox 941 1943 1004 1980; x_wconf 88' lang='lat' dir='ltr'><strong>ap.</strong></span> <span class='ocrx_word' id='word_1_193' title='bbox 1029 1934 1135 1968; x_wconf 89' lang='lat' dir='ltr'><strong>Ana-</strong></span> 
     </span>
     <span class='ocr_line' id='line_1_27' title="bbox 94 1987 1130 2040; baseline 0.004 -18"><span class='ocrx_word' id='word_1_194' title='bbox 94 1995 239 2025; x_wconf 86' lang='lat' dir='ltr'><strong>creont.</strong></span> <span class='ocrx_word' id='word_1_195' title='bbox 257 1989 297 2022; x_wconf 90' lang='lat' dir='ltr'><strong>in</strong></span> <span class='ocrx_word' id='word_1_196' title='bbox 316 1988 453 2023; x_wconf 86' lang='lat' dir='ltr'><strong>Athen.</strong></span> <span class='ocrx_word' id='word_1_197' title='bbox 478 1989 556 2033; x_wconf 89' lang='lat' dir='ltr'><strong>XI,</strong></span> <span class='ocrx_word' id='word_1_198' title='bbox 577 2002 618 2038; x_wconf 92' lang='lat' dir='ltr'><strong>p.</strong></span> <span class='ocrx_word' id='word_1_199' title='bbox 642 1989 733 2039; x_wconf 76' lang='lat'><strong>498,</strong></span> <span class='ocrx_word' id='word_1_200' title='bbox 749 1990 798 2035; x_wconf 84' lang='lat' dir='ltr'><strong>C·;</strong></span> <span class='ocrx_word' id='word_1_201' title='bbox 818 1987 1051 2040; x_wconf 84' lang='grc' dir='ltr'>Ἐρξικλείδης</span> <span class='ocrx_word' id='word_1_202' title='bbox 1067 2003 1130 2040; x_wconf 88' lang='lat' dir='ltr'><strong>ap.</strong></span> 
     </span>
     <span class='ocr_line' id='line_1_28' title="bbox 93 2044 1131 2097; baseline 0.004 -16"><span class='ocrx_word' id='word_1_203' title='bbox 93 2047 250 2082; x_wconf 85' lang='lat' dir='ltr'><strong>Pausan.</strong></span> <span class='ocrx_word' id='word_1_204' title='bbox 265 2047 321 2090; x_wconf 89' lang='lat' dir='ltr'><strong>X,</strong></span> <span class='ocrx_word' id='word_1_205' title='bbox 346 2045 383 2090; x_wconf 87' lang='lat'><strong>5,</strong></span> <span class='ocrx_word' id='word_1_206' title='bbox 406 2044 691 2097; x_wconf 70' lang='grc' dir='ltr'>ι3ςἘρξιμένης</span> <span class='ocrx_word' id='word_1_207' title='bbox 710 2061 770 2096; x_wconf 82' lang='lat' dir='ltr'><strong>ap.</strong></span> <span class='ocrx_word' id='word_1_208' title='bbox 790 2045 956 2087; x_wconf 84' lang='lat' dir='ltr'><strong>Boeckh.</strong></span> <span class='ocrx_word' id='word_1_209' title='bbox 975 2048 1019 2086; x_wconf 91' lang='lat' dir='ltr'><strong>C.</strong></span> <span class='ocrx_word' id='word_1_210' title='bbox 1039 2050 1069 2086; x_wconf 93' lang='lat' dir='ltr'><strong>I.</strong></span> <span class='ocrx_word' id='word_1_211' title='bbox 1091 2051 1131 2094; x_wconf 90' lang='grc' dir='ltr'><strong>Ι,</strong></span> 
     </span>
     <span class='ocr_line' id='line_1_29' title="bbox 92 2103 1134 2156; baseline 0.005 -16"><span class='ocrx_word' id='word_1_212' title='bbox 92 2117 130 2141; x_wconf 89' lang='lat' dir='ltr'><strong>n.</strong></span> <span class='ocrx_word' id='word_1_213' title='bbox 165 2103 250 2141; x_wconf 79' lang='lat'><strong>165.</strong></span> <span class='ocrx_word' id='word_1_214' title='bbox 282 2103 493 2156; x_wconf 82' lang='grc' dir='ltr'>Ἔρξανδρος</span> <span class='ocrx_word' id='word_1_215' title='bbox 511 2107 743 2154; x_wconf 83' lang='lat' dir='ltr'><strong>Mytilenaeus</strong></span> <span class='ocrx_word' id='word_1_216' title='bbox 768 2120 830 2156; x_wconf 86' lang='lat' dir='ltr'><strong>ap.</strong></span> <span class='ocrx_word' id='word_1_217' title='bbox 858 2107 1044 2143; x_wconf 87' lang='lat' dir='ltr'><strong>Herodot.</strong></span> <span class='ocrx_word' id='word_1_218' title='bbox 1068 2110 1134 2153; x_wconf 89' lang='lat' dir='ltr'><strong>IV,</strong></span> 
     </span>
     <span class='ocr_line' id='line_1_30' title="bbox 94 2163 311 2210; baseline -0.005 0"><span class='ocrx_word' id='word_1_219' title='bbox 94 2176 158 2210; x_wconf 77' lang='lat'><strong>97·</strong></span> <span class='ocrx_word' id='word_1_220' title='bbox 175 2164 227 2208; x_wconf 72' lang='lat' dir='ltr'><strong>X,</strong></span> <span class='ocrx_word' id='word_1_221' title='bbox 249 2163 311 2209; x_wconf 81' lang='lat'><strong>37·</strong></span> 
     </span>
    </p>
   </div>
   <div class='ocr_carea' id='block_1_8' title="bbox 414 2265 803 2309">
    <p class='ocr_par' dir='ltr' id='par_1_8' title="bbox 414 2265 803 2309">
     <span class='ocr_line' id='line_1_31' title="bbox 414 2265 803 2309; baseline -0.003 -7"><span class='ocrx_word' id='word_1_222' title='bbox 414 2265 803 2309; x_wconf 83' lang='grc' dir='ltr'>ΚΟΛΟΦΩΝΙΑΚΑ.</span> 
     </span>
    </p>
   </div>
   <div class='ocr_carea' id='block_1_9' title="bbox 97 2355 1139 2702">
    <p class='ocr_par' dir='ltr' id='par_1_9' title="bbox 97 2355 1139 2702">
     <span class='ocr_line' id='line_1_32' title="bbox 149 2355 1137 2409; baseline 0.002 -18"><span class='ocrx_word' id='word_1_223' title='bbox 149 2358 346 2392; x_wconf 76' lang='lat' dir='ltr'><strong>Athenaeus</strong></span> <span class='ocrx_word' id='word_1_224' title='bbox 370 2359 541 2406; x_wconf 88' lang='lat' dir='ltr'><strong>XIII‚p.</strong></span> <span class='ocrx_word' id='word_1_225' title='bbox 562 2357 653 2408; x_wconf 85' lang='lat'>561,</span> <span class='ocrx_word' id='word_1_226' title='bbox 678 2359 732 2397; x_wconf 86' lang='lat' dir='ltr'><strong>F:</strong></span> <span class='ocrx_word' id='word_1_227' title='bbox 755 2357 884 2407; x_wconf 83' lang='grc' dir='ltr'>Σάμιοι</span> <span class='ocrx_word' id='word_1_228' title='bbox 899 2355 1016 2406; x_wconf 81' lang='grc' dir='ltr'>δὲ,ὥς</span> <span class='ocrx_word' id='word_1_229' title='bbox 1036 2371 1137 2409; x_wconf 85' lang='grc' dir='ltr'>φησιν</span> 
     </span>
     <span class='ocr_line' id='line_1_33' title="bbox 97 2413 1138 2467; baseline 0.001 -16"><span class='ocrx_word' id='word_1_230' title='bbox 97 2414 233 2465; x_wconf 79' lang='grc' dir='ltr'>Ἐρξίας</span> <span class='ocrx_word' id='word_1_231' title='bbox 268 2415 302 2450; x_wconf 83' lang='grc' dir='ltr'>ἐν</span> <span class='ocrx_word' id='word_1_232' title='bbox 336 2415 638 2466; x_wconf 75' lang='grc' dir='ltr'>Κολοφωνιακοῖς,</span> <span class='ocrx_word' id='word_1_233' title='bbox 660 2415 851 2466; x_wconf 88' lang='grc' dir='ltr'>γυμνάσιον</span> <span class='ocrx_word' id='word_1_234' title='bbox 878 2413 1058 2457; x_wconf 81' lang='grc' dir='ltr'>ἀναθέντες</span> <span class='ocrx_word' id='word_1_235' title='bbox 1088 2416 1138 2467; x_wconf 79' lang='grc' dir='ltr'><strong>τῷ</strong></span> 
     </span>
     <span class='ocr_line' id='line_1_34' title="bbox 97 2470 1136 2525; baseline 0 -16"><span class='ocrx_word' id='word_1_236' title='bbox 97 2470 233 2522; x_wconf 81' lang='grc' dir='ltr'>Ἔρωτι</span> <span class='ocrx_word' id='word_1_237' title='bbox 258 2470 321 2516; x_wconf 82' lang='grc' dir='ltr'><strong>τὴν</strong></span> <span class='ocrx_word' id='word_1_238' title='bbox 349 2470 405 2508; x_wconf 79' lang='grc' dir='ltr'><strong>διὰ</strong></span> <span class='ocrx_word' id='word_1_239' title='bbox 431 2471 561 2510; x_wconf 88' lang='grc' dir='ltr'>τούτων</span> <span class='ocrx_word' id='word_1_240' title='bbox 591 2473 764 2525; x_wconf 86' lang='grc' dir='ltr'>ἀγομένην</span> <span class='ocrx_word' id='word_1_241' title='bbox 794 2473 915 2525; x_wconf 78' lang='grc' dir='ltr'>ἑορτὴν</span> <span class='ocrx_word' id='word_1_242' title='bbox 934 2472 1136 2524; x_wconf 76' lang='grc' dir='ltr'>Ἐλευθέρια</span> 
     </span>
     <span class='ocr_line' id='line_1_35' title="bbox 97 2529 1139 2582; baseline 0 -15"><span class='ocrx_word' id='word_1_243' title='bbox 97 2529 401 2582; x_wconf 87' lang='grc' dir='ltr'>προσηγόρευσαν·</span> <span class='ocrx_word' id='word_1_244' title='bbox 430 2531 472 2567; x_wconf 88' lang='grc' dir='ltr'><strong>δι’</strong></span> <span class='ocrx_word' id='word_1_245' title='bbox 493 2530 529 2569; x_wconf 81' lang='grc' dir='ltr'>ὃν</span> <span class='ocrx_word' id='word_1_246' title='bbox 557 2531 630 2569; x_wconf 81' lang='grc' dir='ltr'>θεὸν</span> <span class='ocrx_word' id='word_1_247' title='bbox 655 2532 712 2570; x_wconf 80' lang='grc' dir='ltr'><strong>καὶ</strong></span> <span class='ocrx_word' id='word_1_248' title='bbox 743 2532 915 2578; x_wconf 87' lang='grc' dir='ltr'>Ἀθηναῖοι</span> <span class='ocrx_word' id='word_1_249' title='bbox 947 2531 1139 2582; x_wconf 81' lang='grc' dir='ltr'>ἐλευθερίας</span> 
     </span>
     <span class='ocr_line' id='line_1_36' title="bbox 97 2588 1138 2643; baseline -0.002 -16"><span class='ocrx_word' id='word_1_250' title='bbox 97 2589 231 2641; x_wconf 78' lang='grc' dir='ltr'>ἔτυχον.</span> <span class='ocrx_word' id='word_1_251' title='bbox 257 2589 326 2627; x_wconf 81' lang='grc' dir='ltr'><strong>Καὶ</strong></span> <span class='ocrx_word' id='word_1_252' title='bbox 345 2590 375 2627; x_wconf 82' lang='grc' dir='ltr'><strong>οἱ</strong></span> <span class='ocrx_word' id='word_1_253' title='bbox 405 2590 688 2643; x_wconf 67' lang='grc' dir='ltr'>Πεισιστρατίδαι</span> <span class='ocrx_word' id='word_1_254' title='bbox 708 2589 927 2635; x_wconf 85' lang='grc' dir='ltr'>ἐκπεσόντες,</span> <span class='ocrx_word' id='word_1_255' title='bbox 957 2588 1138 2640; x_wconf 66' lang='grc' dir='ltr'>ἐπεχείρη-</span> 
     </span>
     <span class='ocr_line' id='line_1_37' title="bbox 97 2647 1137 2702; baseline -0.002 -16"><span class='ocrx_word' id='word_1_256' title='bbox 97 2664 160 2686; x_wconf 93' lang='grc' dir='ltr'><strong>σαν</strong></span> <span class='ocrx_word' id='word_1_257' title='bbox 200 2648 399 2686; x_wconf 71' lang='grc' dir='ltr'>διαὸάλλειν</span> <span class='ocrx_word' id='word_1_258' title='bbox 437 2651 567 2702; x_wconf 83' lang='grc' dir='ltr'>πρῶτοι</span> <span class='ocrx_word' id='word_1_259' title='bbox 605 2649 666 2693; x_wconf 87' lang='grc' dir='ltr'><strong>τὰς</strong></span> <span class='ocrx_word' id='word_1_260' title='bbox 700 2649 779 2702; x_wconf 86' lang='grc' dir='ltr'>περὶ</span> <span class='ocrx_word' id='word_1_261' title='bbox 816 2648 872 2686; x_wconf 86' lang='grc' dir='ltr'><strong>τὸν</strong></span> <span class='ocrx_word' id='word_1_262' title='bbox 908 2647 982 2686; x_wconf 83' lang='grc' dir='ltr'>θεὸν</span> <span class='ocrx_word' id='word_1_263' title='bbox 1019 2651 1137 2686; x_wconf 71' lang='grc' dir='ltr'>τοῦτον</span> 
     </span>
    </p>
   </div>
   <div class='ocr_carea' id='block_1_10' title="bbox 97 2706 248 2757">
    <p class='ocr_par' dir='ltr' id='par_1_10' title="bbox 97 2706 248 2757">
     <span class='ocr_line' id='line_1_38' title="bbox 97 2706 248 2757; baseline -0.007 -12"><span class='ocrx_word' id='word_1_264' title='bbox 97 2706 248 2757; x_wconf 85' lang='grc' dir='ltr'>πράξεις.</span> 
     </span>
    </p>
   </div>
   <div class='ocr_carea' id='block_1_11' title="bbox 97 2816 1139 2962">
    <p class='ocr_par' dir='ltr' id='par_1_11' title="bbox 97 2816 1139 2962">
     <span class='ocr_line' id='line_1_39' title="bbox 97 2816 1138 2858; baseline -0.002 -10"><span class='ocrx_word' id='word_1_265' title='bbox 97 2818 171 2849; x_wconf 88' lang='lat' dir='ltr'><strong>litus</strong></span> <span class='ocrx_word' id='word_1_266' title='bbox 181 2819 240 2857; x_wconf 90' lang='lat' dir='ltr'><strong>est,</strong></span> <span class='ocrx_word' id='word_1_267' title='bbox 254 2818 377 2858; x_wconf 79' lang='lat' dir='ltr'><strong>navigia</strong></span> <span class='ocrx_word' id='word_1_268' title='bbox 393 2818 454 2849; x_wconf 90' lang='lat' dir='ltr'><strong>illis</strong></span> <span class='ocrx_word' id='word_1_269' title='bbox 466 2817 544 2849; x_wconf 88' lang='lat' dir='ltr'><strong>dans</strong></span> <span class='ocrx_word' id='word_1_270' title='bbox 559 2817 676 2858; x_wconf 86' lang='lat' dir='ltr'><strong>quibus</strong></span> <span class='ocrx_word' id='word_1_271' title='bbox 689 2817 977 2858; x_wconf 85' lang='lat' dir='ltr'><strong>proficiscerentur,</strong></span> <span class='ocrx_word' id='word_1_272' title='bbox 988 2816 1042 2847; x_wconf 90' lang='lat' dir='ltr'><strong>sed</strong></span> <span class='ocrx_word' id='word_1_273' title='bbox 1053 2816 1138 2847; x_wconf 90' lang='lat' dir='ltr'><strong>dem-</strong></span> 
     </span>
     <span class='ocr_line' id='line_1_40' title="bbox 100 2868 1139 2910; baseline -0.002 -9"><span class='ocrx_word' id='word_1_274' title='bbox 100 2869 161 2909; x_wconf 83' lang='lat' dir='ltr'><strong>ptis</strong></span> <span class='ocrx_word' id='word_1_275' title='bbox 170 2869 392 2909; x_wconf 81' lang='lat' dir='ltr'><strong>gubernaculis</strong></span> <span class='ocrx_word' id='word_1_276' title='bbox 399 2870 558 2910; x_wconf 88' lang='lat' dir='ltr'><strong>remisque</strong></span> <span class='ocrx_word' id='word_1_277' title='bbox 566 2871 598 2901; x_wconf 88' lang='lat' dir='ltr'><strong>et</strong></span> <span class='ocrx_word' id='word_1_278' title='bbox 608 2870 685 2901; x_wconf 89' lang='lat' dir='ltr'><strong>velis</strong></span> <span class='ocrx_word' id='word_1_279' title='bbox 697 2882 705 2901; x_wconf 88' lang='lat'><strong>:</strong></span> <span class='ocrx_word' id='word_1_280' title='bbox 715 2869 838 2909; x_wconf 72' lang='lat' dir='ltr'><strong>iurasse</strong></span> <span class='ocrx_word' id='word_1_281' title='bbox 847 2877 880 2900; x_wconf 87' lang='lat' dir='ltr'><strong>se</strong></span> <span class='ocrx_word' id='word_1_282' title='bbox 889 2868 1032 2909; x_wconf 89' lang='lat' dir='ltr'><strong>quidem,</strong></span> <span class='ocrx_word' id='word_1_283' title='bbox 1041 2869 1139 2907; x_wconf 91' lang='lat' dir='ltr'><strong>aiens,</strong></span> 
     </span>
     <span class='ocr_line' id='line_1_41' title="bbox 99 2919 1139 2962; baseline -0.002 -11"><span class='ocrx_word' id='word_1_284' title='bbox 99 2921 223 2961; x_wconf 83' lang='lat' dir='ltr'><strong>navigia</strong></span> <span class='ocrx_word' id='word_1_285' title='bbox 246 2921 307 2952; x_wconf 91' lang='lat' dir='ltr'><strong>illis</strong></span> <span class='ocrx_word' id='word_1_286' title='bbox 322 2921 493 2958; x_wconf 85' lang='lat' dir='ltr'><strong>daturum,</strong></span> <span class='ocrx_word' id='word_1_287' title='bbox 513 2921 568 2953; x_wconf 85' lang='lat' dir='ltr'><strong>sed</strong></span> <span class='ocrx_word' id='word_1_288' title='bbox 590 2923 745 2962; x_wconf 86' lang='lat' dir='ltr'><strong>praeterea</strong></span> <span class='ocrx_word' id='word_1_289' title='bbox 770 2920 859 2952; x_wconf 91' lang='lat' dir='ltr'><strong>nihil.</strong></span> <span class='ocrx_word' id='word_1_290' title='bbox 879 2921 927 2952; x_wconf 85' lang='lat' dir='ltr'><strong>lta</strong></span> <span class='ocrx_word' id='word_1_291' title='bbox 942 2928 1043 2960; x_wconf 86' lang='lat' dir='ltr'><strong>quum</strong></span> <span class='ocrx_word' id='word_1_292' title='bbox 1063 2919 1139 2950; x_wconf 84' lang='lat' dir='ltr'>nihil</span> 
     </span>
    </p>
   </div>
   <div class='ocr_carea' id='block_1_12' title="bbox 98 2970 1189 3013">
    <p class='ocr_par' dir='ltr' id='par_1_12' title="bbox 98 2970 1189 3013">
     <span class='ocr_line' id='line_1_42' title="bbox 98 2970 1189 3013; baseline -0.001 -11"><span class='ocrx_word' id='word_1_293' title='bbox 98 2972 287 3011; x_wconf 82' lang='lat' dir='ltr'><strong>proficerent</strong></span> <span class='ocrx_word' id='word_1_294' title='bbox 298 2972 479 3012; x_wconf 80' lang='lat' dir='ltr'><strong>Phoenices,</strong></span> <span class='ocrx_word' id='word_1_295' title='bbox 494 2981 642 3012; x_wconf 86' lang='lat' dir='ltr'><strong>magnam</strong></span> <span class='ocrx_word' id='word_1_296' title='bbox 654 2972 861 3012; x_wconf 81' lang='lat' dir='ltr'>pecuniarum</span> <span class='ocrx_word' id='word_1_297' title='bbox 874 2972 996 3013; x_wconf 86' lang='lat' dir='ltr'><strong>partem</strong></span> <span class='ocrx_word' id='word_1_298' title='bbox 1014 2970 1141 3002; x_wconf 75' lang='lat' dir='ltr'><strong>derode-</strong></span> <span class='ocrx_word' id='word_1_299' title='bbox 1180 2977 1189 2987; x_wconf 87' lang='lat'><strong>·</strong></span> 
     </span>
    </p>
   </div>
   <div class='ocr_carea' id='block_1_13' title="bbox 98 3021 1142 3529">
    <p class='ocr_par' dir='ltr' id='par_1_13' title="bbox 98 3021 1142 3529">
     <span class='ocr_line' id='line_1_43' title="bbox 98 3021 1141 3063; baseline -0.002 -9"><span class='ocrx_word' id='word_1_300' title='bbox 98 3025 192 3062; x_wconf 87' lang='lat' dir='ltr'><strong>runt,</strong></span> <span class='ocrx_word' id='word_1_301' title='bbox 220 3023 363 3054; x_wconf 91' lang='lat' dir='ltr'><strong>locorum</strong></span> <span class='ocrx_word' id='word_1_302' title='bbox 385 3026 471 3054; x_wconf 86' lang='lat' dir='ltr'><strong>certa</strong></span> <span class='ocrx_word' id='word_1_303' title='bbox 497 3024 585 3063; x_wconf 84' lang='lat' dir='ltr'><strong>signa</strong></span> <span class='ocrx_word' id='word_1_304' title='bbox 603 3023 661 3055; x_wconf 91' lang='lat' dir='ltr'><strong>sibi</strong></span> <span class='ocrx_word' id='word_1_305' title='bbox 678 3024 844 3063; x_wconf 89' lang='lat' dir='ltr'><strong>notantes,</strong></span> <span class='ocrx_word' id='word_1_306' title='bbox 870 3023 907 3054; x_wconf 87' lang='lat' dir='ltr'><strong>ut</strong></span> <span class='ocrx_word' id='word_1_307' title='bbox 931 3022 1062 3063; x_wconf 88' lang='lat' dir='ltr'><strong>posthac</strong></span> <span class='ocrx_word' id='word_1_308' title='bbox 1078 3021 1141 3052; x_wconf 90' lang='lat' dir='ltr'><strong>alio</strong></span> 
     </span>
     <span class='ocr_line' id='line_1_44' title="bbox 98 3074 1141 3115; baseline -0.002 -10"><span class='ocrx_word' id='word_1_309' title='bbox 98 3077 242 3114; x_wconf 86' lang='lat' dir='ltr'><strong>tempore</strong></span> <span class='ocrx_word' id='word_1_310' title='bbox 263 3074 399 3113; x_wconf 84' lang='lat' dir='ltr'><strong>reversi,</strong></span> <span class='ocrx_word' id='word_1_311' title='bbox 425 3083 536 3106; x_wconf 86' lang='lat' dir='ltr'><strong>eruere</strong></span> <span class='ocrx_word' id='word_1_312' title='bbox 568 3076 715 3115; x_wconf 85' lang='lat' dir='ltr'><strong>possent;</strong></span> <span class='ocrx_word' id='word_1_313' title='bbox 745 3083 891 3113; x_wconf 83' lang='lat' dir='ltr'><strong>magnam</strong></span> <span class='ocrx_word' id='word_1_314' title='bbox 911 3082 988 3105; x_wconf 89' lang='lat' dir='ltr'><strong>vero</strong></span> <span class='ocrx_word' id='word_1_315' title='bbox 1018 3074 1141 3113; x_wconf 78' lang='lat' dir='ltr'><strong>partem</strong></span> 
     </span>
     <span class='ocr_line' id='line_1_45' title="bbox 98 3118 1139 3166; baseline -0.002 -9"><span class='ocrx_word' id='word_1_316' title='bbox 98 3125 219 3166; x_wconf 83' lang='lat' dir='ltr'><strong>Iphiclo</strong></span> <span class='ocrx_word' id='word_1_317' title='bbox 240 3125 448 3165; x_wconf 85' lang='lat' dir='ltr'><strong>reliquerunt.</strong></span> <span class='ocrx_word' id='word_1_318' title='bbox 468 3125 591 3162; x_wconf 85' lang='lat' dir='ltr'><strong>Quibus</strong></span> <span class='ocrx_word' id='word_1_319' title='bbox 604 3126 659 3156; x_wconf 90' lang='lat' dir='ltr'><strong>tali</strong></span> <span class='ocrx_word' id='word_1_320' title='bbox 679 3125 774 3156; x_wconf 85' lang='lat' dir='ltr'><strong>modo</strong></span> <span class='ocrx_word' id='word_1_321' title='bbox 796 3134 836 3157; x_wconf 85' lang='lat' dir='ltr'><strong>ex</strong></span> <span class='ocrx_word' id='word_1_322' title='bbox 853 3125 956 3156; x_wconf 87' lang='lat' dir='ltr'><strong>insula</strong></span> <span class='ocrx_word' id='word_1_323' title='bbox 974 3118 1139 3164; x_wconf 69' lang='lat' dir='ltr'><strong>profectis,</strong></span> 
     </span>
     <span class='ocr_line' id='line_1_46' title="bbox 98 3177 1132 3217; baseline -0.001 -9"><span class='ocrx_word' id='word_1_324' title='bbox 98 3177 203 3209; x_wconf 80' lang='lat' dir='ltr'><strong>Graeci</strong></span> <span class='ocrx_word' id='word_1_325' title='bbox 222 3185 328 3208; x_wconf 90' lang='lat' dir='ltr'><strong>rerum</strong></span> <span class='ocrx_word' id='word_1_326' title='bbox 347 3177 435 3217; x_wconf 85' lang='lat' dir='ltr'><strong>potiti</strong></span> <span class='ocrx_word' id='word_1_327' title='bbox 449 3180 532 3208; x_wconf 78' lang='lat' dir='ltr'><strong>sunt.</strong></span> <span class='ocrx_word' id='word_1_328' title='bbox 552 3191 566 3204; x_wconf 69' lang='grc' dir='ltr'><strong><em>ι</em></strong></span> <span class='ocrx_word' id='word_1_329' title='bbox 584 3177 724 3208; x_wconf 83' lang='lat' dir='ltr'>Eandem</span> <span class='ocrx_word' id='word_1_330' title='bbox 740 3185 815 3208; x_wconf 86' lang='lat' dir='ltr'><strong>vero</strong></span> <span class='ocrx_word' id='word_1_331' title='bbox 833 3185 900 3208; x_wconf 80' lang='lat' dir='ltr'><strong>rem</strong></span> <span class='ocrx_word' id='word_1_332' title='bbox 920 3185 1053 3207; x_wconf 86' lang='lat' dir='ltr'><strong>narrans</strong></span> <span class='ocrx_word' id='word_1_333' title='bbox 1071 3178 1132 3207; x_wconf 88' lang='lat' dir='ltr'><strong>Po-</strong></span> 
     </span>
     <span class='ocr_line' id='line_1_47' title="bbox 99 3228 1142 3270; baseline -0.002 -9"><span class='ocrx_word' id='word_1_334' title='bbox 99 3230 220 3270; x_wconf 89' lang='lat' dir='ltr'><strong>lyzelus</strong></span> <span class='ocrx_word' id='word_1_335' title='bbox 231 3230 264 3261; x_wconf 93' lang='lat' dir='ltr'><strong>in</strong></span> <span class='ocrx_word' id='word_1_336' title='bbox 275 3229 380 3261; x_wconf 83' lang='lat' dir='ltr'><strong>Rebus</strong></span> <span class='ocrx_word' id='word_1_337' title='bbox 395 3229 602 3268; x_wconf 86' lang='lat' dir='ltr'><strong>Rhodiorum,</strong></span> <span class='ocrx_word' id='word_1_338' title='bbox 617 3230 680 3260; x_wconf 88' lang='lat' dir='ltr'><strong>ait:</strong></span> <span class='ocrx_word' id='word_1_339' title='bbox 696 3243 710 3257; x_wconf 76' lang='grc' dir='ltr'><strong>α</strong></span> <span class='ocrx_word' id='word_1_340' title='bbox 724 3228 897 3261; x_wconf 79' lang='lat' dir='ltr'><strong>Oraculum</strong></span> <span class='ocrx_word' id='word_1_341' title='bbox 912 3229 951 3260; x_wconf 92' lang='lat' dir='ltr'><strong>de</strong></span> <span class='ocrx_word' id='word_1_342' title='bbox 959 3229 1097 3269; x_wconf 85' lang='lat' dir='ltr'><strong>piscibus</strong></span> <span class='ocrx_word' id='word_1_343' title='bbox 1109 3228 1142 3259; x_wconf 86' lang='lat' dir='ltr'><strong>et</strong></span> 
     </span>
     <span class='ocr_line' id='line_1_48' title="bbox 98 3278 1140 3324; baseline -0.004 -11"><span class='ocrx_word' id='word_1_344' title='bbox 98 3282 138 3313; x_wconf 89' lang='lat' dir='ltr'><strong>de</strong></span> <span class='ocrx_word' id='word_1_345' title='bbox 148 3281 252 3313; x_wconf 86' lang='lat' dir='ltr'><strong>corvis</strong></span> <span class='ocrx_word' id='word_1_346' title='bbox 268 3281 443 3312; x_wconf 84' lang='lat' dir='ltr'><strong>Phalantho</strong></span> <span class='ocrx_word' id='word_1_347' title='bbox 454 3280 565 3312; x_wconf 88' lang='lat' dir='ltr'><strong>datum</strong></span> <span class='ocrx_word' id='word_1_348' title='bbox 575 3304 584 3320; x_wconf 91' lang='lat'>‚</span> <span class='ocrx_word' id='word_1_349' title='bbox 602 3280 657 3324; x_wconf 75' lang='lat' dir='ltr'><strong>uui</strong></span> <span class='ocrx_word' id='word_1_350' title='bbox 671 3282 783 3311; x_wconf 92' lang='lat' dir='ltr'><strong>notum</strong></span> <span class='ocrx_word' id='word_1_351' title='bbox 796 3281 899 3311; x_wconf 84' lang='lat' dir='ltr'><strong>suerat</strong></span> <span class='ocrx_word' id='word_1_352' title='bbox 915 3280 1041 3318; x_wconf 80' lang='lat' dir='ltr'><strong>Phacae,</strong></span> <span class='ocrx_word' id='word_1_353' title='bbox 1056 3278 1140 3318; x_wconf 82' lang='lat' dir='ltr'><strong>ejus-</strong></span> 
     </span>
     <span class='ocr_line' id='line_1_49' title="bbox 98 3330 1142 3373; baseline -0.004 -8"><span class='ocrx_word' id='word_1_354' title='bbox 98 3342 161 3373; x_wconf 85' lang='lat' dir='ltr'><strong>que</strong></span> <span class='ocrx_word' id='word_1_355' title='bbox 175 3332 249 3364; x_wconf 89' lang='lat' dir='ltr'><strong>filiae</strong></span> <span class='ocrx_word' id='word_1_356' title='bbox 264 3332 403 3365; x_wconf 79' lang='lat' dir='ltr'><strong>Dorciae.</strong></span> <span class='ocrx_word' id='word_1_357' title='bbox 421 3333 495 3363; x_wconf 84' lang='lat' dir='ltr'><strong>Haec</strong></span> <span class='ocrx_word' id='word_1_358' title='bbox 517 3339 593 3363; x_wconf 91' lang='lat' dir='ltr'><strong>vero</strong></span> <span class='ocrx_word' id='word_1_359' title='bbox 604 3355 613 3371; x_wconf 92' lang='lat'>‚</span> <span class='ocrx_word' id='word_1_360' title='bbox 638 3331 747 3372; x_wconf 81' lang='lat' dir='ltr'><strong>Iphicli</strong></span> <span class='ocrx_word' id='word_1_361' title='bbox 764 3339 872 3362; x_wconf 86' lang='lat' dir='ltr'><strong>amore</strong></span> <span class='ocrx_word' id='word_1_362' title='bbox 885 3332 996 3371; x_wconf 84' lang='lat' dir='ltr'><strong>capta,</strong></span> <span class='ocrx_word' id='word_1_363' title='bbox 1011 3331 1042 3362; x_wconf 87' lang='lat' dir='ltr'><strong>et</strong></span> <span class='ocrx_word' id='word_1_364' title='bbox 1068 3330 1142 3361; x_wconf 87' lang='lat' dir='ltr'><strong>huic</strong></span> 
     </span>
     <span class='ocr_line' id='line_1_50' title="bbox 98 3382 1140 3423; baseline -0.004 -7"><span class='ocrx_word' id='word_1_365' title='bbox 98 3383 313 3416; x_wconf 84' lang='lat' dir='ltr'><strong>intercedente</strong></span> <span class='ocrx_word' id='word_1_366' title='bbox 327 3383 452 3415; x_wconf 82' lang='lat' dir='ltr'><strong>nutrice</strong></span> <span class='ocrx_word' id='word_1_367' title='bbox 470 3382 680 3423; x_wconf 80' lang='lat' dir='ltr'><strong>desponsata,</strong></span> <span class='ocrx_word' id='word_1_368' title='bbox 697 3383 896 3422; x_wconf 81' lang='lat' dir='ltr'><strong>persuaserat</strong></span> <span class='ocrx_word' id='word_1_369' title='bbox 910 3383 938 3413; x_wconf 91' lang='lat' dir='ltr'><strong>ei</strong></span> <span class='ocrx_word' id='word_1_370' title='bbox 953 3382 1007 3422; x_wconf 90' lang='lat' dir='ltr'><strong>qui</strong></span> <span class='ocrx_word' id='word_1_371' title='bbox 1024 3390 1140 3422; x_wconf 90' lang='lat' dir='ltr'><strong>aquam</strong></span> 
     </span>
     <span class='ocr_line' id='line_1_51' title="bbox 98 3433 1135 3476; baseline -0.005 -8"><span class='ocrx_word' id='word_1_372' title='bbox 98 3436 237 3475; x_wconf 87' lang='lat' dir='ltr'><strong>serebat,</strong></span> <span class='ocrx_word' id='word_1_373' title='bbox 251 3437 287 3467; x_wconf 90' lang='lat' dir='ltr'><strong>ut</strong></span> <span class='ocrx_word' id='word_1_374' title='bbox 303 3434 404 3476; x_wconf 87' lang='lat' dir='ltr'><strong>pisces</strong></span> <span class='ocrx_word' id='word_1_375' title='bbox 425 3434 555 3466; x_wconf 79' lang='lat' dir='ltr'><strong>afferret</strong></span> <span class='ocrx_word' id='word_1_376' title='bbox 569 3435 601 3466; x_wconf 90' lang='lat' dir='ltr'><strong>et</strong></span> <span class='ocrx_word' id='word_1_377' title='bbox 618 3434 650 3465; x_wconf 95' lang='lat' dir='ltr'><strong>in</strong></span> <span class='ocrx_word' id='word_1_378' title='bbox 663 3435 819 3466; x_wconf 80' lang='lat' dir='ltr'><strong>craterem</strong></span> <span class='ocrx_word' id='word_1_379' title='bbox 841 3433 982 3473; x_wconf 83' lang='lat' dir='ltr'><strong>injiceret</strong></span> <span class='ocrx_word' id='word_1_380' title='bbox 999 3445 1006 3464; x_wconf 76' lang='grc' dir='ltr'><strong>ι</strong></span> <span class='ocrx_word' id='word_1_381' title='bbox 1023 3441 1135 3464; x_wconf 73' lang='lat' dir='ltr'><strong>corvos</strong></span> 
     </span>
     <span class='ocr_line' id='line_1_52' title="bbox 98 3484 749 3529; baseline -0.005 -10"><span class='ocrx_word' id='word_1_382' title='bbox 98 3489 203 3521; x_wconf 81' lang='lat' dir='ltr'><strong>autem</strong></span> <span class='ocrx_word' id='word_1_383' title='bbox 218 3487 300 3529; x_wconf 82' lang='lat' dir='ltr'><strong>ipsa,</strong></span> <span class='ocrx_word' id='word_1_384' title='bbox 315 3495 332 3518; x_wconf 87' lang='lat' dir='ltr'><strong>a</strong></span> <span class='ocrx_word' id='word_1_385' title='bbox 343 3495 376 3518; x_wconf 87' lang='lat' dir='ltr'><strong>se</strong></span> <span class='ocrx_word' id='word_1_386' title='bbox 389 3485 569 3525; x_wconf 81' lang='lat' dir='ltr'><strong>dealbatos,</strong></span> <span class='ocrx_word' id='word_1_387' title='bbox 587 3484 716 3517; x_wconf 89' lang='lat' dir='ltr'><strong>dimisit.</strong></span> <span class='ocrx_word' id='word_1_388' title='bbox 735 3497 749 3513; x_wconf 89' lang='lat'>»</span> 
     </span>
    </p>
   </div>
   <div class='ocr_carea' id='block_1_14' title="bbox 691 306 1631 355">
    <p class='ocr_par' dir='ltr' id='par_1_14' title="bbox 691 306 1631 355">
     <span class='ocr_line' id='line_1_53' title="bbox 691 306 1631 355; baseline 0.003 -11"><span class='ocrx_word' id='word_1_389' title='bbox 691 306 888 354; x_wconf 83' lang='lat' dir='ltr'><strong>ERXIAE,</strong></span> <span class='ocrx_word' id='word_1_390' title='bbox 918 306 1176 346; x_wconf 88' lang='lat' dir='ltr'><strong>EUAGORAE</strong></span> <span class='ocrx_word' id='word_1_391' title='bbox 1205 307 1385 355; x_wconf 79' lang='lat' dir='ltr'><strong>L1NDH,</strong></span> <span class='ocrx_word' id='word_1_392' title='bbox 1417 306 1631 347; x_wconf 83' lang='lat' dir='ltr'><strong>EUALCIS</strong></span> 
     </span>
    </p>
   </div>
   <div class='ocr_carea' id='block_1_15' title="bbox 1347 422 2082 482">
    <p class='ocr_par' dir='ltr' id='par_1_15' title="bbox 1347 422 2082 482">
     <span class='ocr_line' id='line_1_54' title="bbox 1347 422 2082 482; baseline -0.004 -3"><span class='ocrx_word' id='word_1_393' title='bbox 1347 423 1740 482; x_wconf 88' lang='lat' dir='ltr'><strong>EUAGORAS</strong></span> <span class='ocrx_word' id='word_1_394' title='bbox 1777 422 2082 480; x_wconf 90' lang='lat' dir='ltr'><strong>LINDIUS.</strong></span> 
     </span>
    </p>
   </div>
   <div class='ocr_carea' id='block_1_16' title="bbox 1195 535 2238 765">
    <p class='ocr_par' dir='ltr' id='par_1_16' title="bbox 1195 535 2238 765">
     <span class='ocr_line' id='line_1_55' title="bbox 1248 535 2236 591; baseline -0.004 -15"><span class='ocrx_word' id='word_1_395' title='bbox 1248 539 1382 576; x_wconf 90' lang='lat' dir='ltr'><strong>Suidas</strong></span> <span class='ocrx_word' id='word_1_396' title='bbox 1410 553 1419 576; x_wconf 89' lang='lat'><strong>:</strong></span> <span class='ocrx_word' id='word_1_397' title='bbox 1450 539 1652 591; x_wconf 76' lang='grc' dir='ltr'>Εὐαγόρας,</span> <span class='ocrx_word' id='word_1_398' title='bbox 1681 539 1818 582; x_wconf 88' lang='grc' dir='ltr'>Λίνδιος</span> <span class='ocrx_word' id='word_1_399' title='bbox 1831 568 1842 590; x_wconf 81' lang='grc'><strong>,</strong></span> <span class='ocrx_word' id='word_1_400' title='bbox 1861 537 2045 590; x_wconf 82' lang='grc' dir='ltr'>ἱστορικός.</span> <span class='ocrx_word' id='word_1_401' title='bbox 2074 535 2236 589; x_wconf 74' lang='grc' dir='ltr'>Ἔγραψε</span> 
     </span>
     <span class='ocr_line' id='line_1_56' title="bbox 1196 595 2237 648; baseline -0.005 -13"><span class='ocrx_word' id='word_1_402' title='bbox 1196 595 1295 635; x_wconf 88' lang='grc' dir='ltr'>Βίον</span> <span class='ocrx_word' id='word_1_403' title='bbox 1316 596 1596 648; x_wconf 83' lang='grc' dir='ltr'>Τιμαγένους</span> <span class='ocrx_word' id='word_1_404' title='bbox 1611 596 1684 634; x_wconf 80' lang='grc' dir='ltr'><strong>καὶ</strong></span> <span class='ocrx_word' id='word_1_405' title='bbox 1699 596 1855 648; x_wconf 72' lang='grc' dir='ltr'>ἑτέρων</span> <span class='ocrx_word' id='word_1_406' title='bbox 1873 596 2020 644; x_wconf 89' lang='grc' dir='ltr'>λογίων</span> <span class='ocrx_word' id='word_1_407' title='bbox 2036 611 2044 619; x_wconf 91' lang='grc'><em>·</em></span> <span class='ocrx_word' id='word_1_408' title='bbox 2066 595 2237 642; x_wconf 76' lang='grc' dir='ltr'>Ζητήσεις</span> 
     </span>
     <span class='ocr_line' id='line_1_57' title="bbox 1195 652 2237 707; baseline -0.001 -16"><span class='ocrx_word' id='word_1_409' title='bbox 1195 652 1287 691; x_wconf 87' lang='grc' dir='ltr'>κατὰ</span> <span class='ocrx_word' id='word_1_410' title='bbox 1306 659 1474 705; x_wconf 85' lang='grc' dir='ltr'>στοιχεῖον</span> <span class='ocrx_word' id='word_1_411' title='bbox 1492 654 1727 693; x_wconf 84' lang='grc' dir='ltr'>Θουκυδίδου·</span> <span class='ocrx_word' id='word_1_412' title='bbox 1748 655 1884 705; x_wconf 75' lang='grc' dir='ltr'>Τέχνην</span> <span class='ocrx_word' id='word_1_413' title='bbox 1912 653 2094 707; x_wconf 80' lang='grc' dir='ltr'>ῥητορικὴν</span> <span class='ocrx_word' id='word_1_414' title='bbox 2125 655 2158 690; x_wconf 87' lang='grc' dir='ltr'>ἐν</span> <span class='ocrx_word' id='word_1_415' title='bbox 2180 655 2237 704; x_wconf 86' lang='grc' dir='ltr'><strong>βι-</strong></span> 
     </span>
     <span class='ocr_line' id='line_1_58' title="bbox 1196 709 2238 765; baseline -0.002 -15"><span class='ocrx_word' id='word_1_416' title='bbox 1196 712 1303 755; x_wconf 71' lang='grc' dir='ltr'>ὅλίοις</span> <span class='ocrx_word' id='word_1_417' title='bbox 1322 712 1361 749; x_wconf 82' lang='grc' dir='ltr'><strong>ε’·</strong></span> <span class='ocrx_word' id='word_1_418' title='bbox 1382 714 1464 752; x_wconf 85' lang='grc' dir='ltr'>Τῶν</span> <span class='ocrx_word' id='word_1_419' title='bbox 1483 712 1580 765; x_wconf 84' lang='grc' dir='ltr'>παρὰ</span> <span class='ocrx_word' id='word_1_420' title='bbox 1609 713 1805 764; x_wconf 81' lang='grc' dir='ltr'>Θουκυδίδῃ</span> <span class='ocrx_word' id='word_1_421' title='bbox 1823 711 2040 760; x_wconf 87' lang='grc' dir='ltr'>ζητουμένων</span> <span class='ocrx_word' id='word_1_422' title='bbox 2064 710 2154 749; x_wconf 79' lang='grc' dir='ltr'>κατὰ</span> <span class='ocrx_word' id='word_1_423' title='bbox 2180 709 2238 748; x_wconf 85' lang='grc' dir='ltr'>λέ-</span> 
     </span>
    </p>
   </div>
   <div class='ocr_carea' id='block_1_17' title="bbox 1175 768 2235 824">
    <p class='ocr_par' dir='ltr' id='par_1_17' title="bbox 1175 768 2235 824">
     <span class='ocr_line' id='line_1_59' title="bbox 1175 768 2235 824; baseline -0.002 -16"><span class='ocrx_word' id='word_1_424' title='bbox 1175 771 1257 818; x_wconf 86' lang='grc' dir='ltr'>-ξιν,</span> <span class='ocrx_word' id='word_1_425' title='bbox 1278 770 1493 823; x_wconf 88' lang='grc' dir='ltr'>Ἱστορίαν</span> <span class='ocrx_word' id='word_1_426' title='bbox 1512 786 1554 809; x_wconf 90' lang='grc' dir='ltr'><strong>τε</strong></span> <span class='ocrx_word' id='word_1_427' title='bbox 1580 771 1873 824; x_wconf 86' lang='grc' dir='ltr'>περιέχουσαν</span> <span class='ocrx_word' id='word_1_428' title='bbox 1893 769 1968 814; x_wconf 90' lang='grc' dir='ltr'><strong>τὰς</strong></span> <span class='ocrx_word' id='word_1_429' title='bbox 1985 768 2235 820; x_wconf 77' lang='grc' dir='ltr'>Αἰγυπτίων</span> 
     </span>
    </p>
   </div>
   <div class='ocr_carea' id='block_1_18' title="bbox 1194 828 2241 2050">
    <p class='ocr_par' dir='ltr' id='par_1_18' title="bbox 1198 828 1640 880">
     <span class='ocr_line' id='line_1_60' title="bbox 1198 828 1640 880; baseline -0.009 -14"><span class='ocrx_word' id='word_1_430' title='bbox 1198 831 1248 880; x_wconf 86' lang='grc' dir='ltr'><strong>βα</strong></span> <span class='ocrx_word' id='word_1_431' title='bbox 1257 844 1278 866; x_wconf 89' lang='grc' dir='ltr'><strong>σ</strong></span> <span class='ocrx_word' id='word_1_432' title='bbox 1287 829 1325 866; x_wconf 92' lang='grc' dir='ltr'><strong>ιλ</strong></span> <span class='ocrx_word' id='word_1_433' title='bbox 1335 844 1350 866; x_wconf 87' lang='grc' dir='ltr'>ε</span> <span class='ocrx_word' id='word_1_434' title='bbox 1359 828 1369 866; x_wconf 91' lang='grc' dir='ltr'><strong>ί</strong></span> <span class='ocrx_word' id='word_1_435' title='bbox 1375 844 1396 866; x_wconf 92' lang='grc' dir='ltr'><strong>α</strong></span> <span class='ocrx_word' id='word_1_436' title='bbox 1407 846 1436 872; x_wconf 90' lang='grc' dir='ltr'>ς.</span> <span class='ocrx_word' id='word_1_437' title='bbox 1638 859 1640 862; x_wconf 78' lang='grc'>,</span> 
     </span>
    </p>

    <p class='ocr_par' dir='ltr' id='par_1_19' title="bbox 1194 885 2241 2050">
     <span class='ocr_line' id='line_1_61' title="bbox 1249 885 2239 939; baseline -0.002 -15"><span class='ocrx_word' id='word_1_438' title='bbox 1249 886 1424 939; x_wconf 76' lang='grc' dir='ltr'>ἔγραψε...</span> <span class='ocrx_word' id='word_1_439' title='bbox 1446 886 1599 939; x_wconf 72' lang='grc' dir='ltr'>βιὸλίους</span> <span class='ocrx_word' id='word_1_440' title='bbox 1615 886 1664 939; x_wconf 84' lang='grc' dir='ltr'><strong>ε’]</strong></span> <span class='ocrx_word' id='word_1_441' title='bbox 1680 902 1753 926; x_wconf 89' lang='lat' dir='ltr'><strong>om.</strong></span> <span class='ocrx_word' id='word_1_442' title='bbox 1776 888 1863 926; x_wconf 92' lang='lat' dir='ltr'><strong>cod.</strong></span> <span class='ocrx_word' id='word_1_443' title='bbox 1883 890 1926 925; x_wconf 93' lang='lat' dir='ltr'><strong>A.</strong></span> <span class='ocrx_word' id='word_1_444' title='bbox 1946 889 1990 925; x_wconf 95' lang='lat' dir='ltr'><strong>B.</strong></span> <span class='ocrx_word' id='word_1_445' title='bbox 2013 889 2057 925; x_wconf 90' lang='lat' dir='ltr'><strong>V.</strong></span> <span class='ocrx_word' id='word_1_446' title='bbox 2078 888 2167 923; x_wconf 87' lang='lat' dir='ltr'><strong>Post</strong></span> <span class='ocrx_word' id='word_1_447' title='bbox 2184 885 2239 923; x_wconf 82' lang='grc' dir='ltr'><strong>λο-</strong></span> 
     </span>
     <span class='ocr_line' id='line_1_62' title="bbox 1195 945 2240 998; baseline -0.003 -15"><span class='ocrx_word' id='word_1_448' title='bbox 1195 945 1278 996; x_wconf 85' lang='grc' dir='ltr'>γίων</span> <span class='ocrx_word' id='word_1_449' title='bbox 1314 947 1462 985; x_wconf 85' lang='lat' dir='ltr'><strong>Eudoc.</strong></span> <span class='ocrx_word' id='word_1_450' title='bbox 1498 961 1538 996; x_wconf 89' lang='lat' dir='ltr'><strong>p.</strong></span> <span class='ocrx_word' id='word_1_451' title='bbox 1576 947 1647 984; x_wconf 83' lang='lat'><strong>163</strong></span> <span class='ocrx_word' id='word_1_452' title='bbox 1685 948 1791 984; x_wconf 90' lang='lat' dir='ltr'><strong>addit</strong></span> <span class='ocrx_word' id='word_1_453' title='bbox 1825 945 1972 998; x_wconf 78' lang='grc' dir='ltr'>ἀνδρῶν.</span> <span class='ocrx_word' id='word_1_454' title='bbox 2015 945 2072 984; x_wconf 87' lang='lat' dir='ltr'><strong>Cf.</strong></span> <span class='ocrx_word' id='word_1_455' title='bbox 2105 945 2240 982; x_wconf 89' lang='lat' dir='ltr'><strong>Suidas</strong></span> 
     </span>
     <span class='ocr_line' id='line_1_63' title="bbox 1196 1003 2235 1055; baseline -0.001 -14"><span class='ocrx_word' id='word_1_456' title='bbox 1196 1019 1233 1041; x_wconf 90' lang='lat' dir='ltr'><strong>v.</strong></span> <span class='ocrx_word' id='word_1_457' title='bbox 1249 1004 1460 1055; x_wconf 85' lang='grc' dir='ltr'>Τιμαγένης.</span> <span class='ocrx_word' id='word_1_458' title='bbox 1477 1027 1529 1033; x_wconf 88' lang='grc'>-</span> <span class='ocrx_word' id='word_1_459' title='bbox 1549 1004 1707 1051; x_wconf 84' lang='grc' dir='ltr'>ζητήσεις</span> <span class='ocrx_word' id='word_1_460' title='bbox 1722 1020 1757 1042; x_wconf 91' lang='grc' dir='ltr'>κ.</span> <span class='ocrx_word' id='word_1_461' title='bbox 1778 1019 1813 1041; x_wconf 92' lang='grc' dir='ltr'><strong>σ.</strong></span> <span class='ocrx_word' id='word_1_462' title='bbox 1830 1007 1879 1044; x_wconf 82' lang='grc' dir='ltr'><strong>Θ.</strong></span> <span class='ocrx_word' id='word_1_463' title='bbox 1896 1012 1934 1041; x_wconf 88' lang='lat' dir='ltr'><strong>et</strong></span> <span class='ocrx_word' id='word_1_464' title='bbox 1950 1005 2018 1040; x_wconf 86' lang='grc' dir='ltr'><strong>τῶν</strong></span> <span class='ocrx_word' id='word_1_465' title='bbox 2032 1018 2073 1040; x_wconf 91' lang='grc' dir='ltr'><strong>π.</strong></span> <span class='ocrx_word' id='word_1_466' title='bbox 2087 1003 2137 1042; x_wconf 83' lang='grc' dir='ltr'><strong>Θ.</strong></span> <span class='ocrx_word' id='word_1_467' title='bbox 2160 1005 2235 1048; x_wconf 87' lang='grc' dir='ltr'>ζητ.</span> 
     </span>
     <span class='ocr_line' id='line_1_64' title="bbox 1195 1063 2239 1114; baseline -0.001 -16"><span class='ocrx_word' id='word_1_468' title='bbox 1195 1076 1230 1102; x_wconf 83' lang='grc' dir='ltr'>κ.</span> <span class='ocrx_word' id='word_1_469' title='bbox 1253 1063 1288 1101; x_wconf 91' lang='grc' dir='ltr'><strong>λ.</strong></span> <span class='ocrx_word' id='word_1_470' title='bbox 1308 1077 1427 1100; x_wconf 90' lang='lat' dir='ltr'><strong>unum</strong></span> <span class='ocrx_word' id='word_1_471' title='bbox 1444 1065 1620 1112; x_wconf 89' lang='lat' dir='ltr'><strong>idemque</strong></span> <span class='ocrx_word' id='word_1_472' title='bbox 1639 1077 1736 1114; x_wconf 89' lang='lat' dir='ltr'><strong>opus</strong></span> <span class='ocrx_word' id='word_1_473' title='bbox 1751 1065 1961 1112; x_wconf 87' lang='lat' dir='ltr'><strong>designant.</strong></span> <span class='ocrx_word' id='word_1_474' title='bbox 1983 1064 2025 1098; x_wconf 89' lang='lat' dir='ltr'><strong>In</strong></span> <span class='ocrx_word' id='word_1_475' title='bbox 2038 1063 2239 1111; x_wconf 85' lang='lat' dir='ltr'><strong>postremis</strong></span> 
     </span>
     <span class='ocr_line' id='line_1_65' title="bbox 1196 1119 2239 1175; baseline -0.001 -17"><span class='ocrx_word' id='word_1_476' title='bbox 1196 1123 1392 1159; x_wconf 86' lang='lat' dir='ltr'><strong>Eudocian</strong></span> <span class='ocrx_word' id='word_1_477' title='bbox 1417 1121 1571 1173; x_wconf 86' lang='grc' dir='ltr'>ἱστορίαν</span> <span class='ocrx_word' id='word_1_478' title='bbox 1597 1122 1676 1175; x_wconf 79' lang='grc' dir='ltr'>περὶ</span> <span class='ocrx_word' id='word_1_479' title='bbox 1708 1125 1768 1168; x_wconf 81' lang='grc' dir='ltr'><strong>τῆς</strong></span> <span class='ocrx_word' id='word_1_480' title='bbox 1783 1123 1863 1169; x_wconf 83' lang='grc' dir='ltr'>Αἷγ.</span> <span class='ocrx_word' id='word_1_481' title='bbox 1901 1119 2102 1172; x_wconf 71' lang='grc' dir='ltr'>βασιλείας,</span> <span class='ocrx_word' id='word_1_482' title='bbox 2133 1121 2239 1170; x_wconf 92' lang='lat' dir='ltr'><strong>quod</strong></span> 
     </span>
     <span class='ocr_line' id='line_1_66' title="bbox 1194 1175 2237 1231; baseline -0.001 -14"><span class='ocrx_word' id='word_1_483' title='bbox 1194 1182 1346 1230; x_wconf 75' lang='lat' dir='ltr'><strong>praefert</strong></span> <span class='ocrx_word' id='word_1_484' title='bbox 1363 1182 1490 1218; x_wconf 91' lang='lat' dir='ltr'><strong>Ebert.</strong></span> <span class='ocrx_word' id='word_1_485' title='bbox 1527 1183 1623 1219; x_wconf 88' lang='lat' dir='ltr'><strong>Diss.</strong></span> <span class='ocrx_word' id='word_1_486' title='bbox 1656 1183 1730 1219; x_wconf 89' lang='lat' dir='ltr'><strong>Sic.</strong></span> <span class='ocrx_word' id='word_1_487' title='bbox 1755 1195 1795 1231; x_wconf 91' lang='lat' dir='ltr'><strong>p.</strong></span> <span class='ocrx_word' id='word_1_488' title='bbox 1820 1180 1906 1217; x_wconf 81' lang='lat'><strong>132.</strong></span> <span class='ocrx_word' id='word_1_489' title='bbox 1927 1201 1977 1207; x_wconf 90' lang='lat'>—</span> <span class='ocrx_word' id='word_1_490' title='bbox 1999 1193 2091 1230; x_wconf 86' lang='grc' dir='ltr'>τεχν.</span> <span class='ocrx_word' id='word_1_491' title='bbox 2128 1175 2237 1231; x_wconf 56' lang='lat' dir='ltr'><strong>pun]</strong></span> 
     </span>
     <span class='ocr_line' id='line_1_67' title="bbox 1195 1238 2237 1289; baseline -0.003 -14"><span class='ocrx_word' id='word_1_492' title='bbox 1195 1240 1414 1288; x_wconf 83' lang='lat' dir='ltr'><strong>Bernhardy</strong></span> <span class='ocrx_word' id='word_1_493' title='bbox 1429 1251 1438 1277; x_wconf 74' lang='lat' dir='ltr'><strong>t</strong></span> <span class='ocrx_word' id='word_1_494' title='bbox 1451 1256 1466 1273; x_wconf 71' lang='lat' dir='ltr'><strong>c&lt;</strong></span> <span class='ocrx_word' id='word_1_495' title='bbox 1479 1242 1586 1277; x_wconf 81' lang='lat' dir='ltr'><strong>Hanc</strong></span> <span class='ocrx_word' id='word_1_496' title='bbox 1604 1239 1814 1289; x_wconf 85' lang='lat' dir='ltr'><strong>significare</strong></span> <span class='ocrx_word' id='word_1_497' title='bbox 1823 1239 1974 1275; x_wconf 77' lang='lat' dir='ltr'><strong>videtur</strong></span> <span class='ocrx_word' id='word_1_498' title='bbox 1987 1240 2177 1286; x_wconf 84' lang='lat' dir='ltr'><strong>Anonym.</strong></span> <span class='ocrx_word' id='word_1_499' title='bbox 2199 1238 2237 1272; x_wconf 85' lang='lat' dir='ltr'><strong>in</strong></span> 
     </span>
     <span class='ocr_line' id='line_1_68' title="bbox 1195 1296 2235 1347; baseline -0.005 -12"><span class='ocrx_word' id='word_1_500' title='bbox 1195 1299 1268 1335; x_wconf 84' lang='lat' dir='ltr'><strong>Rh.</strong></span> <span class='ocrx_word' id='word_1_501' title='bbox 1283 1298 1351 1336; x_wconf 89' lang='lat' dir='ltr'><strong>Gr.</strong></span> <span class='ocrx_word' id='word_1_502' title='bbox 1369 1299 1460 1342; x_wconf 87' lang='lat' dir='ltr'><strong>Vll,</strong></span> <span class='ocrx_word' id='word_1_503' title='bbox 1478 1311 1519 1347; x_wconf 91' lang='lat' dir='ltr'><strong>p.</strong></span> <span class='ocrx_word' id='word_1_504' title='bbox 1541 1311 1601 1334; x_wconf 70' lang='grc' dir='ltr'><strong>ια.</strong></span> <span class='ocrx_word' id='word_1_505' title='bbox 1619 1299 1716 1334; x_wconf 86' lang='lat' dir='ltr'><strong>Nam</strong></span> <span class='ocrx_word' id='word_1_506' title='bbox 1727 1297 1773 1334; x_wconf 89' lang='lat' dir='ltr'><strong>de</strong></span> <span class='ocrx_word' id='word_1_507' title='bbox 1789 1297 1944 1344; x_wconf 89' lang='lat' dir='ltr'><strong>reliquis</strong></span> <span class='ocrx_word' id='word_1_508' title='bbox 1963 1296 2071 1341; x_wconf 88' lang='lat' dir='ltr'><strong>locis,</strong></span> <span class='ocrx_word' id='word_1_509' title='bbox 2091 1296 2158 1343; x_wconf 88' lang='lat' dir='ltr'><strong>qui</strong></span> <span class='ocrx_word' id='word_1_510' title='bbox 2171 1307 2235 1344; x_wconf 72' lang='lat' dir='ltr'><strong>pei</strong></span> 
     </span>
     <span class='ocr_line' id='line_1_69' title="bbox 1197 1355 2240 1405; baseline -0.002 -13"><span class='ocrx_word' id='word_1_511' title='bbox 1197 1357 1488 1392; x_wconf 87' lang='lat' dir='ltr'><strong>commentarios</strong></span> <span class='ocrx_word' id='word_1_512' title='bbox 1507 1358 1546 1392; x_wconf 88' lang='lat' dir='ltr'><strong>in</strong></span> <span class='ocrx_word' id='word_1_513' title='bbox 1577 1358 1854 1405; x_wconf 85' lang='lat' dir='ltr'><strong>Hermogenem</strong></span> <span class='ocrx_word' id='word_1_514' title='bbox 1881 1355 2000 1404; x_wconf 88' lang='lat' dir='ltr'><strong>sparsi</strong></span> <span class='ocrx_word' id='word_1_515' title='bbox 2027 1356 2240 1403; x_wconf 80' lang='lat' dir='ltr'><strong>Euagoram</strong></span> 
     </span>
     <span class='ocr_line' id='line_1_70' title="bbox 1195 1413 2237 1464; baseline -0.002 -13"><span class='ocrx_word' id='word_1_516' title='bbox 1195 1415 1467 1464; x_wconf 89' lang='lat' dir='ltr'><strong>philosophum</strong></span> <span class='ocrx_word' id='word_1_517' title='bbox 1486 1428 1572 1451; x_wconf 88' lang='lat' dir='ltr'><strong>cum</strong></span> <span class='ocrx_word' id='word_1_518' title='bbox 1593 1416 1728 1463; x_wconf 88' lang='lat' dir='ltr'><strong>Aquila</strong></span> <span class='ocrx_word' id='word_1_519' title='bbox 1740 1414 1903 1463; x_wconf 87' lang='lat' dir='ltr'><strong>jungunt</strong></span> <span class='ocrx_word' id='word_1_520' title='bbox 1921 1413 2047 1462; x_wconf 88' lang='lat' dir='ltr'><strong>(velut</strong></span> <span class='ocrx_word' id='word_1_521' title='bbox 2064 1413 2158 1451; x_wconf 88' lang='lat' dir='ltr'><strong>ibid.</strong></span> <span class='ocrx_word' id='word_1_522' title='bbox 2172 1414 2237 1462; x_wconf 88' lang='lat' dir='ltr'><strong>lv,</strong></span> 
     </span>
     <span class='ocr_line' id='line_1_71' title="bbox 1195 1468 2239 1523; baseline -0.005 -12"><span class='ocrx_word' id='word_1_523' title='bbox 1195 1487 1233 1523; x_wconf 89' lang='lat' dir='ltr'><strong>p.</strong></span> <span class='ocrx_word' id='word_1_524' title='bbox 1258 1475 1328 1510; x_wconf 84' lang='lat'><strong>130</strong></span> <span class='ocrx_word' id='word_1_525' title='bbox 1348 1487 1356 1509; x_wconf 74' lang='lat' dir='ltr'><strong><em>z</em></strong></span> <span class='ocrx_word' id='word_1_526' title='bbox 1378 1474 1459 1511; x_wconf 82' lang='grc' dir='ltr'>Τῶν</span> <span class='ocrx_word' id='word_1_527' title='bbox 1477 1472 1512 1509; x_wconf 85' lang='grc' dir='ltr'>δὲ</span> <span class='ocrx_word' id='word_1_528' title='bbox 1534 1471 1602 1523; x_wconf 82' lang='grc' dir='ltr'><strong>πρὸ</strong></span> <span class='ocrx_word' id='word_1_529' title='bbox 1628 1471 1860 1523; x_wconf 86' lang='grc' dir='ltr'>Ἑρμογένους</span> <span class='ocrx_word' id='word_1_530' title='bbox 1885 1469 2130 1522; x_wconf 78' lang='grc' dir='ltr'>τεχνογράφων</span> <span class='ocrx_word' id='word_1_531' title='bbox 2156 1468 2239 1507; x_wconf 89' lang='grc' dir='ltr'>ἔνιοι</span> 
     </span>
     <span class='ocr_line' id='line_1_72' title="bbox 1196 1525 2238 1580; baseline -0.006 -11"><span class='ocrx_word' id='word_1_532' title='bbox 1196 1530 1256 1569; x_wconf 77' lang='grc' dir='ltr'><strong>καὶ</strong></span> <span class='ocrx_word' id='word_1_533' title='bbox 1274 1533 1340 1568; x_wconf 85' lang='grc' dir='ltr'><strong>τῶν</strong></span> <span class='ocrx_word' id='word_1_534' title='bbox 1359 1530 1434 1580; x_wconf 90' lang='grc' dir='ltr'>μετ’</span> <span class='ocrx_word' id='word_1_535' title='bbox 1456 1531 1583 1568; x_wconf 78' lang='grc' dir='ltr'>ἐκεῖνον</span> <span class='ocrx_word' id='word_1_536' title='bbox 1600 1529 1744 1573; x_wconf 86' lang='grc' dir='ltr'>Ἀκύλας</span> <span class='ocrx_word' id='word_1_537' title='bbox 1761 1545 1797 1567; x_wconf 87' lang='grc' dir='ltr'><strong>τε</strong></span> <span class='ocrx_word' id='word_1_538' title='bbox 1814 1529 1873 1566; x_wconf 88' lang='grc' dir='ltr'><strong>καὶ</strong></span> <span class='ocrx_word' id='word_1_539' title='bbox 1894 1528 2075 1579; x_wconf 84' lang='grc' dir='ltr'>Εὐαγόρας</span> <span class='ocrx_word' id='word_1_540' title='bbox 2088 1556 2098 1573; x_wconf 92' lang='grc'><strong>,</strong></span> <span class='ocrx_word' id='word_1_541' title='bbox 2121 1529 2151 1564; x_wconf 87' lang='grc' dir='ltr'><strong>οἱ</strong></span> <span class='ocrx_word' id='word_1_542' title='bbox 2176 1525 2238 1576; x_wconf 78' lang='grc' dir='ltr'><strong>μὲν</strong></span> 
     </span>
     <span class='ocr_line' id='line_1_73' title="bbox 1197 1585 2241 1643; baseline -0.006 -15"><span class='ocrx_word' id='word_1_543' title='bbox 1197 1592 1235 1628; x_wconf 80' lang='grc' dir='ltr'><strong>ἐκ</strong></span> <span class='ocrx_word' id='word_1_544' title='bbox 1254 1589 1454 1643; x_wconf 79' lang='grc' dir='ltr'>φιλοσοφίας</span> <span class='ocrx_word' id='word_1_545' title='bbox 1469 1588 1663 1638; x_wconf 69' lang='grc' dir='ltr'>ἐπιστήμην</span> <span class='ocrx_word' id='word_1_546' title='bbox 1693 1592 1736 1641; x_wconf 76' lang='grc' dir='ltr'><strong>τῇ</strong></span> <span class='ocrx_word' id='word_1_547' title='bbox 1757 1587 1908 1641; x_wconf 82' lang='grc' dir='ltr'>ῥητόρων</span> <span class='ocrx_word' id='word_1_548' title='bbox 1934 1585 2164 1637; x_wconf 83' lang='grc' dir='ltr'>συμμίξαντες</span> <span class='ocrx_word' id='word_1_549' title='bbox 2184 1585 2241 1623; x_wconf 90' lang='grc' dir='ltr'><strong>τέ-</strong></span> 
     </span>
     <span class='ocr_line' id='line_1_74' title="bbox 1196 1647 2239 1701; baseline -0.005 -15"><span class='ocrx_word' id='word_1_550' title='bbox 1196 1649 1284 1701; x_wconf 84' lang='grc' dir='ltr'>χνῃ)</span> <span class='ocrx_word' id='word_1_551' title='bbox 1298 1679 1307 1695; x_wconf 91' lang='grc'><strong>,</strong></span> <span class='ocrx_word' id='word_1_552' title='bbox 1322 1663 1400 1686; x_wconf 90' lang='lat' dir='ltr'><strong>non</strong></span> <span class='ocrx_word' id='word_1_553' title='bbox 1416 1651 1534 1686; x_wconf 88' lang='lat' dir='ltr'><strong>ausim</strong></span> <span class='ocrx_word' id='word_1_554' title='bbox 1553 1650 1754 1685; x_wconf 84' lang='lat' dir='ltr'><strong>decernere</strong></span> <span class='ocrx_word' id='word_1_555' title='bbox 1775 1649 1961 1684; x_wconf 88' lang='lat' dir='ltr'><strong>hunccine</strong></span> <span class='ocrx_word' id='word_1_556' title='bbox 1981 1659 2028 1682; x_wconf 88' lang='lat' dir='ltr'><strong>an</strong></span> <span class='ocrx_word' id='word_1_557' title='bbox 2048 1647 2239 1682; x_wconf 86' lang='lat' dir='ltr'><strong>diversum</strong></span> 
     </span>
     <span class='ocr_line' id='line_1_75' title="bbox 1196 1707 2235 1757; baseline -0.002 -13"><span class='ocrx_word' id='word_1_558' title='bbox 1196 1711 1409 1757; x_wconf 84' lang='lat' dir='ltr'><strong>Euagoram</strong></span> <span class='ocrx_word' id='word_1_559' title='bbox 1422 1709 1583 1745; x_wconf 85' lang='lat' dir='ltr'><strong>tradant.</strong></span> <span class='ocrx_word' id='word_1_560' title='bbox 1598 1708 1653 1744; x_wconf 88' lang='lat' dir='ltr'><strong>Cf.</strong></span> <span class='ocrx_word' id='word_1_561' title='bbox 1672 1707 1878 1744; x_wconf 82' lang='lat' dir='ltr'><strong>Walz.Rh.</strong></span> <span class='ocrx_word' id='word_1_562' title='bbox 1899 1707 1966 1742; x_wconf 80' lang='lat' dir='ltr'><strong>Gr.</strong></span> <span class='ocrx_word' id='word_1_563' title='bbox 1980 1719 2021 1754; x_wconf 88' lang='lat' dir='ltr'><strong>p.</strong></span> <span class='ocrx_word' id='word_1_564' title='bbox 2043 1718 2115 1754; x_wconf 88' lang='lat'><strong>179</strong></span> <span class='ocrx_word' id='word_1_565' title='bbox 2146 1709 2235 1753; x_wconf 72' lang='lat'><strong>²94·</strong></span> 
     </span>
     <span class='ocr_line' id='line_1_76' title="bbox 1199 1764 2241 1815; baseline -0.004 -13"><span class='ocrx_word' id='word_1_566' title='bbox 1199 1766 1286 1815; x_wconf 86' lang='lat'><strong>295.</strong></span> <span class='ocrx_word' id='word_1_567' title='bbox 1308 1766 1397 1815; x_wconf 84' lang='lat'><strong>298.</strong></span> <span class='ocrx_word' id='word_1_568' title='bbox 1425 1783 1440 1798; x_wconf 73' lang='lat' dir='ltr'><strong>u</strong></span> <span class='ocrx_word' id='word_1_569' title='bbox 1463 1788 1513 1793; x_wconf 89' lang='lat'><strong>——</strong></span> <span class='ocrx_word' id='word_1_570' title='bbox 1533 1766 1724 1814; x_wconf 86' lang='lat' dir='ltr'><strong>Reliquias</strong></span> <span class='ocrx_word' id='word_1_571' title='bbox 1739 1766 1866 1814; x_wconf 88' lang='lat' dir='ltr'><strong>operis</strong></span> <span class='ocrx_word' id='word_1_572' title='bbox 1885 1765 2057 1800; x_wconf 84' lang='lat' dir='ltr'><strong>historici</strong></span> <span class='ocrx_word' id='word_1_573' title='bbox 2072 1776 2150 1799; x_wconf 88' lang='lat' dir='ltr'><strong>non</strong></span> <span class='ocrx_word' id='word_1_574' title='bbox 2181 1764 2241 1798; x_wconf 90' lang='lat' dir='ltr'><strong>in—</strong></span> 
     </span>
     <span class='ocr_line' id='line_1_77' title="bbox 1195 1822 2241 1873; baseline -0.005 -12"><span class='ocrx_word' id='word_1_575' title='bbox 1195 1827 1295 1863; x_wconf 88' lang='lat' dir='ltr'><strong>veni.</strong></span> <span class='ocrx_word' id='word_1_576' title='bbox 1313 1846 1365 1852; x_wconf 98' lang='lat'><strong>—</strong></span> <span class='ocrx_word' id='word_1_577' title='bbox 1379 1827 1436 1862; x_wconf 90' lang='lat' dir='ltr'><strong>De</strong></span> <span class='ocrx_word' id='word_1_578' title='bbox 1455 1827 1629 1873; x_wconf 84' lang='lat' dir='ltr'><strong>Euagora</strong></span> <span class='ocrx_word' id='word_1_579' title='bbox 1650 1825 1661 1873; x_wconf 93' lang='lat'>(</span> <span class='ocrx_word' id='word_1_580' title='bbox 1676 1838 1712 1862; x_wconf 91' lang='lat' dir='ltr'><strong>v.</strong></span> <span class='ocrx_word' id='word_1_581' title='bbox 1729 1822 1924 1872; x_wconf 87' lang='lat' dir='ltr'><strong>Euagone)</strong></span> <span class='ocrx_word' id='word_1_582' title='bbox 1945 1823 2080 1859; x_wconf 87' lang='lat' dir='ltr'><strong>Thasio</strong></span> <span class='ocrx_word' id='word_1_583' title='bbox 2093 1850 2103 1867; x_wconf 91' lang='lat'><strong>‚</strong></span> <span class='ocrx_word' id='word_1_584' title='bbox 2120 1822 2241 1857; x_wconf 87' lang='lat' dir='ltr'><strong>histo-</strong></span> 
     </span>
     <span class='ocr_line' id='line_1_78' title="bbox 1195 1881 2237 1932; baseline -0.002 -13"><span class='ocrx_word' id='word_1_585' title='bbox 1195 1885 1258 1919; x_wconf 87' lang='lat' dir='ltr'><strong>riae</strong></span> <span class='ocrx_word' id='word_1_586' title='bbox 1274 1884 1454 1919; x_wconf 86' lang='lat' dir='ltr'><strong>naturalis</strong></span> <span class='ocrx_word' id='word_1_587' title='bbox 1466 1884 1664 1932; x_wconf 82' lang='lat' dir='ltr'><strong>scriptore,</strong></span> <span class='ocrx_word' id='word_1_588' title='bbox 1683 1896 1717 1918; x_wconf 92' lang='lat' dir='ltr'><strong>v.</strong></span> <span class='ocrx_word' id='word_1_589' title='bbox 1739 1883 1880 1918; x_wconf 88' lang='lat' dir='ltr'><strong>Plinius</strong></span> <span class='ocrx_word' id='word_1_590' title='bbox 1899 1883 1948 1919; x_wconf 90' lang='lat' dir='ltr'><strong>H.</strong></span> <span class='ocrx_word' id='word_1_591' title='bbox 1971 1883 2016 1918; x_wconf 91' lang='lat' dir='ltr'><strong>N.</strong></span> <span class='ocrx_word' id='word_1_592' title='bbox 2038 1881 2116 1917; x_wconf 87' lang='lat' dir='ltr'><strong>ind.</strong></span> <span class='ocrx_word' id='word_1_593' title='bbox 2136 1887 2237 1917; x_wconf 89' lang='lat' dir='ltr'><strong>auct.</strong></span> 
     </span>
     <span class='ocr_line' id='line_1_79' title="bbox 1196 1941 2230 1980; baseline -0.002 -2"><span class='ocrx_word' id='word_1_594' title='bbox 1196 1943 1261 1980; x_wconf 89' lang='lat' dir='ltr'><strong>lib.</strong></span> <span class='ocrx_word' id='word_1_595' title='bbox 1282 1944 1384 1979; x_wconf 79' lang='lat' dir='ltr'><strong>VIII.</strong></span> <span class='ocrx_word' id='word_1_596' title='bbox 1402 1943 1453 1979; x_wconf 83' lang='lat' dir='ltr'><strong>X.</strong></span> <span class='ocrx_word' id='word_1_597' title='bbox 1470 1942 1570 1979; x_wconf 85' lang='lat' dir='ltr'><strong>XIV.</strong></span> <span class='ocrx_word' id='word_1_598' title='bbox 1587 1943 1672 1978; x_wconf 88' lang='lat' dir='ltr'><strong>XV.</strong></span> <span class='ocrx_word' id='word_1_599' title='bbox 1687 1942 1807 1978; x_wconf 87' lang='lat' dir='ltr'><strong>XVII.</strong></span> <span class='ocrx_word' id='word_1_600' title='bbox 1823 1941 1962 1977; x_wconf 83' lang='lat' dir='ltr'><strong>XVIII.</strong></span> <span class='ocrx_word' id='word_1_601' title='bbox 1984 1943 2094 1976; x_wconf 86' lang='lat' dir='ltr'><strong>Auct.</strong></span> <span class='ocrx_word' id='word_1_602' title='bbox 2113 1941 2160 1976; x_wconf 88' lang='lat' dir='ltr'><strong>R.</strong></span> <span class='ocrx_word' id='word_1_603' title='bbox 2181 1941 2230 1976; x_wconf 79' lang='lat' dir='ltr'><strong>R.</strong></span> 
     </span>
     <span class='ocr_line' id='line_1_80' title="bbox 1198 2000 1517 2050; baseline -0.003 -15"><span class='ocrx_word' id='word_1_604' title='bbox 1198 2002 1263 2038; x_wconf 86' lang='lat' dir='ltr'><strong>lat.</strong></span> <span class='ocrx_word' id='word_1_605' title='bbox 1282 2014 1319 2050; x_wconf 89' lang='lat' dir='ltr'><strong>p.</strong></span> <span class='ocrx_word' id='word_1_606' title='bbox 1340 2000 1404 2045; x_wconf 77' lang='lat'><strong>54,</strong></span> <span class='ocrx_word' id='word_1_607' title='bbox 1432 2000 1517 2043; x_wconf 79' lang='lat'><strong>164.</strong></span> 
     </span>
    </p>
   </div>
   <div class='ocr_carea' id='block_1_19' title="bbox 1618 2100 1832 2115">
    <p class='ocr_par' dir='ltr' id='par_1_20' title="bbox 1618 2100 1832 2115">
     <span class='ocr_line' id='line_1_81' title="bbox 1618 2100 1832 2115; baseline -0.005 -2"><span class='ocrx_word' id='word_1_608' title='bbox 1618 2100 1832 2115; x_wconf 46' lang='lat'><strong>⁴000*—</strong></span> 
     </span>
    </p>
   </div>
   <div class='ocr_carea' id='block_1_20' title="bbox 1538 2206 1883 2360">
    <p class='ocr_par' dir='ltr' id='par_1_21' title="bbox 1538 2206 1883 2360">
     <span class='ocr_line' id='line_1_82' title="bbox 1538 2206 1883 2265; baseline -0.014 0"><span class='ocrx_word' id='word_1_609' title='bbox 1538 2206 1883 2265; x_wconf 88' lang='lat' dir='ltr'><strong>EUALCES.</strong></span> 
     </span>
     <span class='ocr_line' id='line_1_83' title="bbox 1578 2312 1855 2360; baseline -0.018 0"><span class='ocrx_word' id='word_1_610' title='bbox 1578 2312 1855 2360; x_wconf 75' lang='grc' dir='ltr'>ΕΦΕΣΙΑΚΑ.</span> 
     </span>
    </p>
   </div>
   <div class='ocr_carea' id='block_1_21' title="bbox 1198 2406 2240 2756">
    <p class='ocr_par' dir='ltr' id='par_1_22' title="bbox 1200 2406 2240 2583">
     <span class='ocr_line' id='line_1_84' title="bbox 1253 2406 2240 2463; baseline -0.008 -11"><span class='ocrx_word' id='word_1_611' title='bbox 1253 2417 1450 2452; x_wconf 76' lang='lat' dir='ltr'><strong>Athenaeus</strong></span> <span class='ocrx_word' id='word_1_612' title='bbox 1471 2416 1583 2458; x_wconf 87' lang='lat' dir='ltr'><strong>XIII,</strong></span> <span class='ocrx_word' id='word_1_613' title='bbox 1609 2428 1649 2463; x_wconf 92' lang='lat' dir='ltr'><strong>p.</strong></span> <span class='ocrx_word' id='word_1_614' title='bbox 1678 2411 1767 2459; x_wconf 80' lang='lat'><strong>573,</strong></span> <span class='ocrx_word' id='word_1_615' title='bbox 1789 2414 1820 2448; x_wconf 92' lang='lat' dir='ltr'><strong>A</strong></span> <span class='ocrx_word' id='word_1_616' title='bbox 1838 2423 1847 2448; x_wconf 89' lang='lat'>:</span> <span class='ocrx_word' id='word_1_617' title='bbox 1877 2408 2040 2453; x_wconf 74' lang='grc' dir='ltr'>Εὐάλκης</span> <span class='ocrx_word' id='word_1_618' title='bbox 2065 2406 2151 2445; x_wconf 83' lang='grc' dir='ltr'><strong>δὲέν</strong></span> <span class='ocrx_word' id='word_1_619' title='bbox 2170 2412 2240 2450; x_wconf 86' lang='grc' dir='ltr'>τοῖς</span> 
     </span>
     <span class='ocr_line' id='line_1_85' title="bbox 1200 2464 2239 2526; baseline -0.01 -14"><span class='ocrx_word' id='word_1_620' title='bbox 1200 2474 1421 2526; x_wconf 66' lang='grc' dir='ltr'>Ἰἰφεσιακοῖς</span> <span class='ocrx_word' id='word_1_621' title='bbox 1441 2472 1499 2510; x_wconf 82' lang='grc' dir='ltr'><strong>καὶ</strong></span> <span class='ocrx_word' id='word_1_622' title='bbox 1519 2475 1552 2510; x_wconf 85' lang='grc' dir='ltr'>ἐν</span> <span class='ocrx_word' id='word_1_623' title='bbox 1573 2470 1712 2522; x_wconf 83' lang='grc' dir='ltr'>Ἐφέσῳ</span> <span class='ocrx_word' id='word_1_624' title='bbox 1727 2468 1830 2522; x_wconf 81' lang='grc' dir='ltr'>φησὶν</span> <span class='ocrx_word' id='word_1_625' title='bbox 1851 2466 1928 2518; x_wconf 79' lang='grc' dir='ltr'>ἱερὰ</span> <span class='ocrx_word' id='word_1_626' title='bbox 1946 2467 2104 2519; x_wconf 75' lang='grc' dir='ltr'>ἱδρῦσθαι</span> <span class='ocrx_word' id='word_1_627' title='bbox 2119 2464 2239 2517; x_wconf 72' lang='grc' dir='ltr'>ἑταίρα</span> 
     </span>
     <span class='ocr_line' id='line_1_86' title="bbox 1200 2531 1392 2583; baseline -0.016 -13"><span class='ocrx_word' id='word_1_628' title='bbox 1200 2531 1392 2583; x_wconf 84' lang='grc' dir='ltr'>Ἀφροδίτῃ.</span> 
     </span>
    </p>

    <p class='ocr_par' dir='ltr' id='par_1_23' title="bbox 1198 2584 2240 2756">
     <span class='ocr_line' id='line_1_87' title="bbox 1252 2584 2240 2638; baseline -0.009 -11"><span class='ocrx_word' id='word_1_629' title='bbox 1252 2591 1451 2627; x_wconf 85' lang='lat' dir='ltr'><strong>Antecedit</strong></span> <span class='ocrx_word' id='word_1_630' title='bbox 1477 2591 1609 2638; x_wconf 82' lang='lat' dir='ltr'><strong>fragm.</strong></span> <span class='ocrx_word' id='word_1_631' title='bbox 1640 2587 1806 2626; x_wconf 85' lang='lat' dir='ltr'><strong>Alexidis</strong></span> <span class='ocrx_word' id='word_1_632' title='bbox 1833 2586 1961 2624; x_wconf 85' lang='lat' dir='ltr'><strong>Samii.</strong></span> <span class='ocrx_word' id='word_1_633' title='bbox 1982 2586 2058 2621; x_wconf 90' lang='lat' dir='ltr'><strong>Alii</strong></span> <span class='ocrx_word' id='word_1_634' title='bbox 2084 2584 2240 2622; x_wconf 86' lang='lat' dir='ltr'><strong>Eualces</strong></span> 
     </span>
     <span class='ocr_line' id='line_1_88' title="bbox 1198 2643 2238 2693; baseline -0.008 -8"><span class='ocrx_word' id='word_1_635' title='bbox 1198 2657 1455 2685; x_wconf 82' lang='lat' dir='ltr'><strong>memorantur</strong></span> <span class='ocrx_word' id='word_1_636' title='bbox 1474 2662 1481 2684; x_wconf 93' lang='lat'>:</span> <span class='ocrx_word' id='word_1_637' title='bbox 1497 2648 1729 2684; x_wconf 87' lang='lat' dir='ltr'><strong>Atheniensis</strong></span> <span class='ocrx_word' id='word_1_638' title='bbox 1748 2658 1810 2693; x_wconf 86' lang='lat' dir='ltr'><strong>ap.</strong></span> <span class='ocrx_word' id='word_1_639' title='bbox 1828 2645 2006 2693; x_wconf 87' lang='lat' dir='ltr'><strong>Xenoph.</strong></span> <span class='ocrx_word' id='word_1_640' title='bbox 2023 2645 2071 2680; x_wconf 88' lang='lat' dir='ltr'><strong>H.</strong></span> <span class='ocrx_word' id='word_1_641' title='bbox 2087 2643 2152 2680; x_wconf 87' lang='lat' dir='ltr'><strong>Gr.</strong></span> <span class='ocrx_word' id='word_1_642' title='bbox 2175 2643 2238 2686; x_wconf 83' lang='lat' dir='ltr'><strong>IV,</strong></span> 
     </span>
     <span class='ocr_line' id='line_1_89' title="bbox 1205 2699 2237 2756; baseline -0.01 -13"><span class='ocrx_word' id='word_1_643' title='bbox 1205 2720 1240 2752; x_wconf 92' lang='lat'><strong>1,</strong></span> <span class='ocrx_word' id='word_1_644' title='bbox 1263 2711 1332 2756; x_wconf 72' lang='grc'>40,</span> <span class='ocrx_word' id='word_1_645' title='bbox 1353 2714 1389 2742; x_wconf 89' lang='lat' dir='ltr'><strong>et</strong></span> <span class='ocrx_word' id='word_1_646' title='bbox 1413 2707 1595 2742; x_wconf 86' lang='lat' dir='ltr'><strong>Cretensis</strong></span> <span class='ocrx_word' id='word_1_647' title='bbox 1617 2707 1657 2740; x_wconf 90' lang='lat' dir='ltr'><strong>in</strong></span> <span class='ocrx_word' id='word_1_648' title='bbox 1672 2704 1826 2740; x_wconf 89' lang='lat' dir='ltr'><strong>Anthol.</strong></span> <span class='ocrx_word' id='word_1_649' title='bbox 1847 2703 1965 2738; x_wconf 83' lang='lat' dir='ltr'><strong>Palat.</strong></span> <span class='ocrx_word' id='word_1_650' title='bbox 1987 2703 2055 2746; x_wconf 91' lang='lat' dir='ltr'><strong>VI,</strong></span> <span class='ocrx_word' id='word_1_651' title='bbox 2075 2714 2114 2749; x_wconf 92' lang='lat' dir='ltr'><strong>p.</strong></span> <span class='ocrx_word' id='word_1_652' title='bbox 2138 2699 2237 2743; x_wconf 80' lang='lat'><strong>262,</strong></span> 
     </span>
    </p>
   </div>
   <div class='ocr_carea' id='block_1_22' title="bbox 1519 2847 1917 2888">
    <p class='ocr_par' dir='ltr' id='par_1_24' title="bbox 1519 2847 1917 2888">
     <span class='ocr_line' id='line_1_90' title="bbox 1519 2847 1917 2888; baseline -0.013 0"><span class='ocrx_word' id='word_1_653' title='bbox 1519 2851 1583 2888; x_wconf 85' lang='lat' dir='ltr'><strong>DE</strong></span> <span class='ocrx_word' id='word_1_654' title='bbox 1606 2847 1917 2888; x_wconf 87' lang='lat' dir='ltr'><strong>COLOPHONE.</strong></span> 
     </span>
    </p>
   </div>
   <div class='ocr_carea' id='block_1_23' title="bbox 1199 2947 2237 3258">
    <p class='ocr_par' dir='ltr' id='par_1_25' title="bbox 1199 2947 2237 3258">
     <span class='ocr_line' id='line_1_91' title="bbox 1240 2947 2236 2994; baseline -0.013 -6"><span class='ocrx_word' id='word_1_655' title='bbox 1240 2956 1357 2994; x_wconf 85' lang='lat' dir='ltr'><strong>Samii,</strong></span> <span class='ocrx_word' id='word_1_656' title='bbox 1378 2957 1413 2988; x_wconf 89' lang='lat' dir='ltr'><strong>ut</strong></span> <span class='ocrx_word' id='word_1_657' title='bbox 1445 2954 1555 2987; x_wconf 84' lang='lat' dir='ltr'><strong>Erxias</strong></span> <span class='ocrx_word' id='word_1_658' title='bbox 1578 2952 1677 2984; x_wconf 82' lang='lat' dir='ltr'><strong>tradit</strong></span> <span class='ocrx_word' id='word_1_659' title='bbox 1705 2951 1737 2982; x_wconf 89' lang='lat' dir='ltr'><strong>in</strong></span> <span class='ocrx_word' id='word_1_660' title='bbox 1757 2947 2022 2989; x_wconf 87' lang='lat' dir='ltr'><strong>Colophoniacis‚</strong></span> <span class='ocrx_word' id='word_1_661' title='bbox 2044 2954 2145 2988; x_wconf 89' lang='lat' dir='ltr'><strong>quum</strong></span> <span class='ocrx_word' id='word_1_662' title='bbox 2178 2954 2236 2985; x_wconf 84' lang='lat' dir='ltr'><strong>gy-</strong></span> 
     </span>
     <span class='ocr_line' id='line_1_92' title="bbox 1199 2996 2237 3041; baseline -0.012 0"><span class='ocrx_word' id='word_1_663' title='bbox 1199 3009 1357 3041; x_wconf 90' lang='lat' dir='ltr'><strong>mnasium</strong></span> <span class='ocrx_word' id='word_1_664' title='bbox 1379 3009 1407 3039; x_wconf 75' lang='lat' dir='ltr'><strong>lli</strong></span> <span class='ocrx_word' id='word_1_665' title='bbox 1419 2996 1529 3039; x_wconf 76' lang='lat' dir='ltr'><strong>herent</strong></span> <span class='ocrx_word' id='word_1_666' title='bbox 1552 3005 1660 3038; x_wconf 85' lang='lat' dir='ltr'><strong>Amori</strong></span> <span class='ocrx_word' id='word_1_667' title='bbox 1675 3002 1875 3039; x_wconf 85' lang='lat' dir='ltr'><strong>dedicatum,</strong></span> <span class='ocrx_word' id='word_1_668' title='bbox 1903 3000 1999 3031; x_wconf 77' lang='lat' dir='ltr'><strong>festos</strong></span> <span class='ocrx_word' id='word_1_669' title='bbox 2023 2998 2090 3030; x_wconf 88' lang='lat' dir='ltr'><strong>dies</strong></span> <span class='ocrx_word' id='word_1_670' title='bbox 2118 2998 2174 3038; x_wconf 92' lang='lat' dir='ltr'><strong>qui</strong></span> <span class='ocrx_word' id='word_1_671' title='bbox 2205 2998 2237 3029; x_wconf 93' lang='lat' dir='ltr'><strong>in</strong></span> 
     </span>
     <span class='ocr_line' id='line_1_93' title="bbox 1200 3049 2233 3100; baseline -0.012 -8"><span class='ocrx_word' id='word_1_672' title='bbox 1200 3061 1294 3100; x_wconf 79' lang='lat' dir='ltr'><strong>huJ&#39;us</strong></span> <span class='ocrx_word' id='word_1_673' title='bbox 1320 3059 1370 3091; x_wconf 80' lang='lat' dir='ltr'><strong>dei</strong></span> <span class='ocrx_word' id='word_1_674' title='bbox 1401 3059 1551 3091; x_wconf 87' lang='lat' dir='ltr'><strong>honorem</strong></span> <span class='ocrx_word' id='word_1_675' title='bbox 1578 3055 1754 3096; x_wconf 85' lang='lat' dir='ltr'><strong>agebantur</strong></span> <span class='ocrx_word' id='word_1_676' title='bbox 1780 3051 1987 3085; x_wconf 65' lang='lat' dir='ltr'><strong>Eleutheria</strong></span> <span class='ocrx_word' id='word_1_677' title='bbox 2015 3049 2233 3083; x_wconf 86' lang='lat' dir='ltr'><strong>nominabant.</strong></span> 
     </span>
     <span class='ocr_line' id='line_1_94' title="bbox 1201 3101 2234 3152; baseline -0.014 -8"><span class='ocrx_word' id='word_1_678' title='bbox 1201 3114 1331 3152; x_wconf 86' lang='lat' dir='ltr'><strong>Propter</strong></span> <span class='ocrx_word' id='word_1_679' title='bbox 1347 3111 1482 3142; x_wconf 89' lang='lat' dir='ltr'><strong>eundem</strong></span> <span class='ocrx_word' id='word_1_680' title='bbox 1500 3108 1704 3140; x_wconf 87' lang='lat' dir='ltr'><strong>Athenienses</strong></span> <span class='ocrx_word' id='word_1_681' title='bbox 1724 3105 1820 3138; x_wconf 87' lang='lat' dir='ltr'><strong>etiam</strong></span> <span class='ocrx_word' id='word_1_682' title='bbox 1839 3103 2019 3135; x_wconf 87' lang='lat' dir='ltr'><strong>libertatem</strong></span> <span class='ocrx_word' id='word_1_683' title='bbox 2033 3101 2118 3132; x_wconf 86' lang='lat' dir='ltr'><strong>nacti</strong></span> <span class='ocrx_word' id='word_1_684' title='bbox 2136 3102 2211 3132; x_wconf 89' lang='lat' dir='ltr'><strong>sunt</strong></span> <span class='ocrx_word' id='word_1_685' title='bbox 2227 3111 2234 3131; x_wconf 90' lang='lat'>:</span> 
     </span>
     <span class='ocr_line' id='line_1_95' title="bbox 1199 3153 2236 3202; baseline -0.014 -4"><span class='ocrx_word' id='word_1_686' title='bbox 1199 3168 1232 3198; x_wconf 89' lang='lat' dir='ltr'><strong>et</strong></span> <span class='ocrx_word' id='word_1_687' title='bbox 1254 3163 1474 3201; x_wconf 78' lang='lat' dir='ltr'><strong>Pisistratidae‚</strong></span> <span class='ocrx_word' id='word_1_688' title='bbox 1489 3170 1589 3202; x_wconf 85' lang='lat' dir='ltr'><strong>quum</strong></span> <span class='ocrx_word' id='word_1_689' title='bbox 1605 3159 1796 3192; x_wconf 81' lang='lat' dir='ltr'><strong>excidissent</strong></span> <span class='ocrx_word' id='word_1_690' title='bbox 1812 3156 1956 3197; x_wconf 86' lang='lat' dir='ltr'><strong>imperio,</strong></span> <span class='ocrx_word' id='word_1_691' title='bbox 1973 3153 2065 3195; x_wconf 83' lang='lat' dir='ltr'><strong>primi</strong></span> <span class='ocrx_word' id='word_1_692' title='bbox 2081 3154 2148 3186; x_wconf 88' lang='lat' dir='ltr'><strong>ausi</strong></span> <span class='ocrx_word' id='word_1_693' title='bbox 2162 3155 2236 3185; x_wconf 88' lang='lat' dir='ltr'><strong>sunt</strong></span> 
     </span>
     <span class='ocr_line' id='line_1_96' title="bbox 1200 3211 1751 3258; baseline -0.016 -8"><span class='ocrx_word' id='word_1_694' title='bbox 1200 3227 1249 3250; x_wconf 59' lang='lat' dir='ltr'><strong>res</strong></span> <span class='ocrx_word' id='word_1_695' title='bbox 1259 3219 1360 3258; x_wconf 81' lang='lat' dir='ltr'><strong>gestas</strong></span> <span class='ocrx_word' id='word_1_696' title='bbox 1378 3215 1431 3255; x_wconf 87' lang='lat' dir='ltr'><strong>huj</strong></span> <span class='ocrx_word' id='word_1_697' title='bbox 1437 3223 1472 3247; x_wconf 92' lang='lat' dir='ltr'><strong>us</strong></span> <span class='ocrx_word' id='word_1_698' title='bbox 1486 3213 1536 3246; x_wconf 91' lang='lat' dir='ltr'><strong>dei</strong></span> <span class='ocrx_word' id='word_1_699' title='bbox 1552 3211 1751 3245; x_wconf 87' lang='lat' dir='ltr'><strong>calumniari.</strong></span> 
     </span>
    </p>
   </div>
   <div class='ocr_carea' id='block_1_24' title="bbox 1559 3311 1871 3354">
    <p class='ocr_par' dir='ltr' id='par_1_26' title="bbox 1559 3311 1871 3354">
     <span class='ocr_line' id='line_1_97' title="bbox 1559 3311 1871 3354; baseline -0.019 0"><span class='ocrx_word' id='word_1_700' title='bbox 1559 3315 1627 3354; x_wconf 89' lang='lat' dir='ltr'><strong>DE</strong></span> <span class='ocrx_word' id='word_1_701' title='bbox 1661 3311 1871 3352; x_wconf 87' lang='lat' dir='ltr'><strong>EPHESO.</strong></span> 
     </span>
    </p>
   </div>
   <div class='ocr_carea' id='block_1_25' title="bbox 1202 3412 2238 3512">
    <p class='ocr_par' dir='ltr' id='par_1_27' title="bbox 1202 3412 2238 3512">
     <span class='ocr_line' id='line_1_98' title="bbox 1240 3412 2238 3461; baseline -0.015 -3"><span class='ocrx_word' id='word_1_702' title='bbox 1240 3425 1374 3458; x_wconf 82' lang='lat' dir='ltr'><strong>Eualces</strong></span> <span class='ocrx_word' id='word_1_703' title='bbox 1385 3424 1416 3456; x_wconf 92' lang='lat' dir='ltr'><strong>in</strong></span> <span class='ocrx_word' id='word_1_704' title='bbox 1429 3423 1516 3456; x_wconf 84' lang='lat' dir='ltr'><strong>libris</strong></span> <span class='ocrx_word' id='word_1_705' title='bbox 1535 3424 1582 3454; x_wconf 91' lang='lat' dir='ltr'><strong>De</strong></span> <span class='ocrx_word' id='word_1_706' title='bbox 1605 3420 1740 3461; x_wconf 80' lang='lat' dir='ltr'><strong>Epheso,</strong></span> <span class='ocrx_word' id='word_1_707' title='bbox 1755 3419 1787 3450; x_wconf 93' lang='lat' dir='ltr'><strong>in</strong></span> <span class='ocrx_word' id='word_1_708' title='bbox 1797 3418 1857 3449; x_wconf 85' lang='lat' dir='ltr'><strong>hac</strong></span> <span class='ocrx_word' id='word_1_709' title='bbox 1871 3423 2000 3458; x_wconf 88' lang='lat' dir='ltr'><strong>quoque</strong></span> <span class='ocrx_word' id='word_1_710' title='bbox 2024 3413 2103 3446; x_wconf 75' lang='lat' dir='ltr'><strong>urbe</strong></span> <span class='ocrx_word' id='word_1_711' title='bbox 2120 3412 2238 3445; x_wconf 77' lang='lat' dir='ltr'><strong>Veneri</strong></span> 
     </span>
     <span class='ocr_line' id='line_1_99' title="bbox 1202 3471 1826 3512; baseline -0.016 0"><span class='ocrx_word' id='word_1_712' title='bbox 1202 3479 1359 3512; x_wconf 87' lang='lat' dir='ltr'><strong>meretrici</strong></span> <span class='ocrx_word' id='word_1_713' title='bbox 1375 3479 1447 3510; x_wconf 85' lang='lat' dir='ltr'><strong>sana</strong></span> <span class='ocrx_word' id='word_1_714' title='bbox 1458 3475 1639 3509; x_wconf 79' lang='lat' dir='ltr'><strong>consecrata</strong></span> <span class='ocrx_word' id='word_1_715' title='bbox 1654 3481 1720 3506; x_wconf 83' lang='lat' dir='ltr'><strong>esse</strong></span> <span class='ocrx_word' id='word_1_716' title='bbox 1738 3471 1826 3504; x_wconf 89' lang='lat' dir='ltr'><strong>dicit.</strong></span> 
     </span>
    </p>
   </div>
  </div>
 </body>
</html>
