2372 3704
139 250 216 283 608

138 331 268 383 ράχθη.
290 330 388 370 Καιὸ
402 329 542 378 Οὐάλης
555 332 598 382 τῇ
615 327 706 367 κατὰ
719 329 882 368 Βιθυνίαν
897 330 1065 382 ὁργισθεις
1079 331 1182 369 Χαλ-

135 389 277 439 κηδόνι,
306 383 362 428 οἶα
384 405 434 441 τῳ
454 388 610 441 τυράννῳ
639 387 870 439 συνελθούσῃ,
891 388 951 426 καὶ
976 388 1078 426 αὐτὸν
1103 387 1182 433 ἐξυ-

136 447 289 499 ὅρισάσῃ
303 478 312 496 ,
337 447 414 491 τους
432 446 494 497 μὲν
521 449 566 490 εἷς
589 445 695 492 αὐτὴν
713 447 888 489 οἰκοῦντας
911 445 1100 498 διέφθειρε,
1122 445 1182 483 καὶ

134 505 197 551 τὴν
214 509 273 544 τοῦ
290 506 425 558 τείχους
440 506 547 551 αὐτῆς
564 503 754 543 κατάλυσιν
773 505 942 551 ἐποιεῖτο,
958 503 1035 547 τοὺς
1055 505 1181 542 ἐκεῖθεν

134 564 247 608 λίθους
273 566 319 608 εἷς
338 564 377 603 τὸ
395 564 580 614 λεγόμενον
612 563 878 601 Κωνσταντίνου
900 562 1042 614 λουτρὸν
1071 577 1179 612 μετα-

136 621 262 674 φέρων·
283 622 365 660 ἔνθα
394 621 454 659 καὶ
484 619 644 672 χρησμὸν
672 622 852 673 εὑρεθῆναι
881 619 1180 671 ἐγκεκολαμμένον

133 679 228 724 ἐντὸς
245 682 312 717 τῶν
331 679 574 731 ἀφελκομένων
591 679 709 718 λίθων.

186 752 217 776 2.
248 735 334 777 ‘'O-cz
351 737 492 784 Οὐάλης
507 739 524 774 6
540 736 773 788 ἀρειανόφρων
789 734 827 774 τὸ
846 737 914 773 τῶν
929 734 1067 774 Γότθων
1087 733 1181 785 γένος

135 797 382 847 χριστιανίζειν
402 794 697 846 παρασκευάσας,
720 795 777 831 ὑπ’
804 795 915 831 αὐτῶν
937 792 1078 844 ὕστερον
1094 794 1181 830 ἐπο-

135 855 293 904 λεμεῖτο,
313 857 359 898 ὡς
381 854 441 892 καὶ
462 852 566 905 μέχρι
585 855 711 904 τειχῶν
736 854 797 898 τῆς
821 851 954 894 πόλεως
979 850 1177 903 ἀφικέσθαι.

135 911 328 965 Ἀπέσφαξε
353 911 388 950 δὲ
409 912 469 950 καὶ
489 911 544 949 τὸν
564 910 771 962 Μάρκελλον
787 909 847 947 καὶ
867 909 1015 952 πολλοὺς
1035 908 1180 955 ἄλλους,

135 972 173 1008 ἐκ
189 974 251 1017 τῆς
272 972 318 1013 εἷς
335 970 512 1022 βασιλείαν
531 968 692 1021 ὑποψίας·
713 968 772 1005 καὶ
789 968 909 1011 ἁπλῶς
928 967 1035 1005 εἰπεῖν
1055 996 1066 1016 ,
1087 968 1182 1004 ε’κιν-

134 1027 270 1066 δύνευον
297 1027 466 1074 ἅπαντες,
494 1028 566 1064 ὅσοι
593 1026 633 1065 τὸ
657 1028 692 1065 Θ
724 1025 836 1077 ἀρχὴν
858 1027 918 1071 τῆς
947 1024 1182 1078 προσηγορίας

134 1085 354 1134 ἐλάμὸανον,
383 1085 536 1135 μάλιστα
567 1083 748 1123 Θεοδόσιοι
780 1083 839 1120 καὶ
867 1082 1044 1122 Θεόδοτοι·
1076 1085 1178 1120 τοῦτο

132 1142 200 1195 γὰρ
230 1147 252 1190 ἡ
281 1146 341 1190 τῆς
369 1142 504 1187 νεκυίας
535 1143 630 1195 αὐτῷ
661 1141 808 1192 μαντεία
830 1141 1027 1194 ἀπέφηνεν·
1052 1140 1178 1178 αὐτίκα

133 1202 168 1240 δὲ
189 1202 279 1241 κατὰ
293 1205 361 1241 τῶν
377 1201 562 1256 βαρὸάρων
578 1201 714 1254 ἐχώρει·
729 1200 790 1240 καὶ
805 1204 949 1254 τελευτᾷ
967 1200 1140 1248 ἡττηθείς.

502 1312 807 1352 ΓΡΑΤΙΑΝΟΣ.

615 1418 630 1441 1
639 1403 701 1443 85.

185 1489 276 1524 Exc.
298 1488 355 1522 De
374 1486 461 1521 virt.
480 1498 522 1534 p.
542 1485 616 1529 846
636 1499 645 1521 ε
665 1482 956 1535 σΟτιΓρατιανὸς
969 1484 1015 1525 ὣς
1036 1481 1180 1520 ἐπύθετο

131 1544 194 1588 τὴν
213 1546 272 1581 τοῦ
287 1542 483 1585 Οὐάλεντος
499 1545 560 1580 τοῦ
574 1541 663 1580 θείου
677 1544 839 1588 τελευτὴν
852 1571 861 1587 ,
879 1541 1004 1579 αὐτίκα
1018 1540 1102 1592 πρὸς
1115 1540 1179 1586 τὴν

131 1601 222 1655 ἑῴαν
238 1600 381 1651 Ῥώμην
400 1601 523 1648 διέθει,
542 1600 600 1638 καὶ
616 1599 808 1651 καταγνοὺς
825 1603 885 1646 τῆς
902 1603 961 1637 τοῦ
978 1600 1068 1637 θείου
1083 1599 1180 1638 Οὐά-

130 1662 245 1702 λεντος
265 1659 344 1711 περὶ
364 1659 440 1703 τοὺς
459 1658 688 1711 Χριστιανοὺς
716 1658 914 1708 ὠμότητος,
934 1657 1014 1700 τοὺς
1035 1657 1096 1707 μὲν
1119 1659 1178 1695 ὑπ’

131 1717 259 1755 ἐκείνου
281 1717 510 1769 ε’ξορισθέντας
527 1716 582 1755 διὰ
600 1716 736 1768 ταχέων
758 1717 979 1763 ἀνεκαλεῖτο,
1000 1715 1116 1759 οὐσίας
1143 1731 1179 1753 τε

132 1776 247 1818 αὐτοῖς
264 1775 445 1819 ἀποδιδοὺς
465 1776 523 1812 καὶ
541 1775 739 1828 θεραπεύων
765 1774 826 1818 τὰς
853 1774 999 1825 βλάὸας·
1027 1773 1115 1811 πᾶσί
1142 1789 1178 1811 τε

133 1831 238 1881 νόμον
255 1837 423 1884 παρεῖχεν
444 1833 551 1876 ἀδεῶς
571 1833 631 1871 καὶ
648 1833 818 1884 ἀδηρίτως
845 1834 880 1870 ἐν
899 1838 975 1876 ταῖς
995 1832 1097 1875 ἰδίαις
1121 1834 1178 1870 ἐκ·

131 1890 293 1938 κλησίαις
316 1891 545 1942 συνάγεσθαι,
569 1891 692 1941 μόνους
709 1891 743 1929 δὲ
763 1894 832 1929 τῶν
861 1891 1049 1944 εὖκτηρίων
1070 1890 1179 1943 εἴργε-

131 1953 210 1987 σθαι
227 1949 481 2000 Εὐνομιανοὺς,
499 1949 776 1997 Φωτεινιανοῦς,
796 1950 1027 2002 Μανιχαίους.

501 2058 723 2097 ΘΕΟΔΟΣΙ
731 2058 811 2096 ΟΣ.

614 2169 628 2191 1
638 2155 699 2192 86.

182 2236 275 2274 Exc.
293 2238 350 2272 De
372 2236 443 2271 ins.
465 2249 505 2284 p.
531 2235 580 2278 64
602 2249 610 2272 z
631 2233 724 2274 αΟτι
744 2233 802 2272 ἐπὶ
821 2234 1010 2274 Θεοδοσίου
1030 2238 1091 2273 τοῦ
1112 2238 1175 2286 βα-

128 2293 250 2336 σιλέως
276 2292 435 2342 Μάξιμος
459 2295 498 2330 ἐκ
528 2295 596 2331 τῶν
624 2293 704 2346 περὶ
730 2291 791 2336 τὰς
825 2294 1035 2344 Βρεττανίας
1063 2295 1176 2345 μερῶν

129 2351 328 2394 ἐπαναστὰς
341 2354 383 2400 τῇ
402 2350 590 2400 Ῥωμαίων
608 2353 721 2403 ἀρχῇ,
738 2351 904 2401 κάμνοντι
927 2354 975 2404 τῷ
994 2354 1176 2404 Γρατιανῷ

129 2411 176 2452 εἰς
205 2408 261 2446 τὸν
281 2407 372 2446 κατὰ
401 2409 606 2458 Ἀλαμανῶν
639 2410 789 2459 πόλεμον
820 2410 1029 2457 ἐπιτίθεται,
1050 2410 1110 2447 καὶ
1131 2412 1173 2448 δι’

129 2467 394 2519 Ἇνδραγαθίου,
419 2471 479 2504 τοῦ
499 2470 559 2512 τῆς
585 2468 781 2520 τυραννίδος
799 2474 980 2515 κοινωνοῦ,
1002 2469 1069 2521 πρὸ
1090 2471 1172 2507 Λου-

127 2523 271 2575 γδούνου
299 2528 360 2571 τῆς
389 2527 423 2563 ἐν
452 2526 587 2577 Γαλλίᾳ
615 2527 748 2568 πόλεως
772 2526 929 2577 ποταμὸν
962 2527 1173 2564 διαὸαίνοντι

129 2581 390 2620 ἐπιδουλεύεται
411 2582 545 2626 δολίως.
569 2582 759 2622 Ἐτελεύτα
787 2583 848 2632 μὲν
876 2580 933 2622 οὖν
955 2584 1145 2636 Γρατιανὸς
1159 2614 1168 2632 ,

131 2640 260 2692 βιώσας
281 2640 340 2686 ἔτη
357 2641 426 2690 κδ’,
446 2641 654 2692 βασιλεύσας
669 2641 727 2688 ἔτη
744 2642 796 2680 ιε’.

937 240 1148 282 JOANNIS
1177 240 1401 282 ANTIOCH
1408 241 1494 280 ENI

1242 328 1331 382 ξίμῳ
1356 328 1495 381 γέγονεν
1525 328 1602 376 ἥδε.
1623 322 1734 373 Οῧτος
1760 330 1938 383 Θεοδοσίῳ
1968 333 2017 384 τῷ
2037 332 2176 383 βασιλεῖ
2196 331 2289 371 κατὰ

1241 386 1302 433 τὴν
1326 387 1539 440 Βρεττανίαν
1566 389 1912 439 συστρατευσάμενος
1939 392 1973 428 ἐν
1993 395 2063 433 τοῖς
2093 390 2290 435 Οὐάλεντος

1243 445 1398 497 χρόνοις,
1423 447 1691 498 δυσανασχετῶν
1712 445 1764 485 ὅτι
1789 447 1976 491 Θεοδόσιος
2004 448 2072 486 ἀπὸ
2093 451 2287 500 Γρατιανοῦ

1246 503 1425 553 βασιλείας
1445 502 1599 550 ἠξιώθη,
1626 503 1727 548 αὐτὸς
1759 505 1794 542 δὲ
1825 505 1901 543 οὐδὲ
1930 507 1975 549 εἷς
2007 506 2119 558 ἀρχὴν
2152 506 2289 557 ἔντιμον

1242 560 1343 612 ἔτυχε
1361 561 1560 614 προελθὼν,
1583 561 1700 614 ἤγειρε
1718 562 1796 606 τοὺς
1814 564 1848 600 ἐν
1865 564 2057 615 Βρεττανίᾳ
2075 564 2291 615 στρατιώτας

1242 619 1287 661 εἷς
1312 620 1351 656 τὸ
1372 619 1463 656 κατὰ
1482 623 1543 657 τοῦ
1564 618 1736 671 βασιλέως
1753 619 1862 672 ἔχθος·
1887 621 1947 659 καὶ
1972 622 2183 675 ἀνηγορεύθη
2203 624 2288 676 παρ’

1241 677 1354 714 αὐτῶν
1373 676 1545 728 βασιλεύς.

1293 747 1322 773 3.
1345 736 1416 773 Τοῦ
1437 735 1550 773 τοίνυν
1565 737 1759 787 Γρατιανοῦ
1779 736 1870 774 κατὰ
1886 736 1944 775 τὸν
1965 738 2143 790 εἰρημένον
2162 739 2289 791 τρόπον

1241 792 1495 844 ἀναιρεθέντος,
1515 796 1698 846 περιῆλθεν
1711 797 1733 840 ἡ
1753 794 1844 847 ἀρχὴ
1863 797 1910 840 εἷς
1928 797 2214 837 Οὐαλεντινιανὸν
2231 799 2288 838 τὸν

1241 850 1316 888 νέον
1346 851 1406 888 καὶ
1430 851 1632 892 Θεοδόσιον.
1657 852 1836 900 Ὁπηνίκα
1861 853 1896 891 δὲ
1928 854 1988 892 τὸν
2018 859 2078 893 τοῦ
2116 856 2288 908 βασιλέως
2310 855 2314 858 ”

1241 908 1342 961 φόνον
1373 909 1560 962 εἰργάσατο
1593 909 1756 961 Μάξιμος
1769 941 1781 961 ,
1813 911 1971 955 εὖθεως
1957 912 2014 950 επι
2047 913 2110 959 τὴν
2140 913 2287 965 Ῥώμην

1241 966 1392 1019 ἀφίκετο.
1412 967 1501 1006 Τότε
1519 968 1561 1015 δὴ
1579 969 1640 1007 καὶ
1657 972 1675 1007 6
1696 969 1858 1020 βασιλευς
1878 971 2096 1044 Θερδόσιος’
2080 987 2116 1010 εν
2135 973 2289 1026 φροντίδι

1242 1024 1388 1077 μεγίστῃ
1410 1026 1618 1074 καθίστατο,
1641 1026 1788 1077 δύναμίν
1805 1043 1843 1066 τε
1856 1028 1947 1066 κατὰ
1966 1032 2027 1066 τοῦ
2042 1030 2209 1081 τυράννου
2225 1033 2287 1078 ηὗ-

1241 1083 1418 1135 τρέπιζεν,
1440 1085 1694 1135 εὗλαὸούμενος
1715 1085 1763 1135 μὴ
1784 1086 1842 1123 και
1858 1088 1907 1124 τῶ
1926 1086 2082 1140 νεωτέρῳ
2096 1089 2288 1127 Οὖαλεντι-

1240 1145 1347 1189 νιανῶ
1367 1142 1657 1182 ἐπιδουλεύσειεν.
1676 1144 1748 1182 Καὶ
1764 1146 1782 1181 ὃ
1801 1143 1863 1194 μὲν
1881 1125 2042 1196 βασιλεὺς
2061 1147 2107 1189 εἷς
2122 1146 2180 1184 τὸν
2195 1146 2287 1185 κατὰ

1242 1199 1404 1250 Μαξίμου
1423 1201 1576 1251 πόλεμον
1597 1201 1744 1250 ἤλαυνε,
1759 1203 1962 1240 καταλιπὼν
1982 1203 2016 1240 ἐν
2029 1206 2072 1254 τῇ
2096 1205 2286 1242 Κώνσταν-

1240 1258 1334 1296 τίνου
1354 1258 1454 1297 πόλει
1487 1259 1668 1312 Ἀρκάδιον
1700 1259 1942 1310 βασιλεύοντα.
1978 1260 2047 1299 Καὶ
2073 1260 2286 1300 καταλαὸὼν

1240 1315 1302 1363 τὴν
1321 1318 1606 1366 Θεσσαλονίκην,
1631 1318 1782 1370 εὑρίσκει
1798 1318 1878 1362 τοὺς
1898 1319 1977 1371 περὶ
1996 1320 2285 1359 Οὐαλεντινιανὸν

1241 1375 1275 1412 ἐν
1295 1376 1409 1428 πολλῇ
1433 1376 1565 1428 ἀθυμίᾳ
1585 1376 1784 1427 διάγοντας,
1817 1375 1870 1414 ὅτι
1901 1378 1945 1415 δι’
1967 1378 2121 1428 ἀνάγκην
2140 1378 2200 1417 τὸν
2223 1378 2284 1417 τύ·

1243 1449 1363 1485 ραννον
1393 1436 1438 1478 ὡς
1461 1434 1611 1483 βασιλέα
1632 1434 1805 1479 ἐδέξαντο.
1835 1435 2037 1474 Ἀναλαὸὼν
2057 1431 2115 1475 οῦν
2139 1433 2202 1481 τὰς
2225 1439 2284 1476 δυ-

1241 1492 1358 1542 νάμεις
1378 1495 1446 1530 τῶν
1473 1495 1731 1545 στρατιωτικῶν
1753 1494 1960 1544 ταγμάτων,
1986 1495 2044 1532 ἐπὶ
2065 1494 2128 1542 τὴν
2149 1491 2284 1535 Μεδιό-

1239 1552 1342 1589 λανον
1375 1550 1512 1603 ἐχώρει·
1538 1552 1610 1589 ἐκεῖ
1639 1550 1706 1604 γὰρ
1737 1554 1754 1589 ὁ
1774 1551 1939 1602 Μάξιμος
1962 1552 2007 1590 τὰ
2040 1557 2100 1591 τοῦ
2128 1554 2283 1604 πολέμου

1240 1609 1410 1661 διήρτυεν.
1439 1612 1486 1649 Οἱ
1515 1609 1551 1648 δὲ
1573 1609 1653 1662 περὶ
1674 1610 1731 1648 τὸν
1751 1611 1941 1681 τύραννον,
1956 1613 2001 1654 ὥς
2019 1610 2082 1658 τὴν
2099 1615 2160 1650 τοῦ
2182 1615 2283 1664 βασι·

1241 1667 1326 1711 ὶέως
1350 1666 1462 1720 ἄφιξιν
1484 1666 1727 1714 ἐπύθοντο,οὖ
1745 1668 1829 1720 πρὸς
1847 1668 1968 1720 μικρὸν
1986 1685 2048 1715 την
2063 1669 2205 1721 ὁρμὴν’
2190 1686 2284 1722 ενεγ-

1239 1726 1310 1762 κεῒν
1331 1724 1575 1772 ἠδυνήθησαν,
1602 1725 1692 1764 ἀλλὰ
1710 1726 1994 1773 καταπτήξαντες
2021 1727 2161 1779 δέσμιον
2188 1731 2283 1783 αὐτῷ

1239 1782 1295 1820 τὸν
1314 1783 1517 1834 Μάξιμον”
1495 1799 1657 1834 αγουσιν,
1674 1783 1708 1826 ὃς
1731 1785 1917 1836 ἀνῃρέθη’
1902 1801 1935 1823 εν
1956 1789 1999 1838 τῇ
2017 1786 2048 1824 κ’
2071 1790 2131 1825 τοῦ
2147 1789 2214 1827 Αὖ
2205 1788 2283 1838 γού·

1239 1855 1322 1878 στου
1353 1842 1472 1891 μηνός.
1507 1841 1752 1894 Ἀνδραγάθιος
1769 1842 1804 1880 δὲ
1830 1845 1848 1881 6
1867 1846 1926 1881 τοῦ
1950 1843 2120 1896 βασιλέως
2137 1845 2281 1898 φονεὺς,

1238 1901 1300 1944 τῆς
1318 1898 1426 1946 ἥττης
1453 1899 1660 1951 γενομένης,
1688 1902 1735 1944 εἷς
1759 1900 1816 1939 τὸν
1845 1902 2101 1963 παρακείμενον
2123 1905 2281 1955 ποταμὸν

1241 1957 1274 2010 ῥί
1276 1959 1342 2010 ψας
1362 1958 1484 1996 ἑαυτον
1506 1958 1696 2010 ἀπεπνίγη.
1718 1959 1808 1999 Τότε
1836 1963 1893 1998 οὖν
1912 1963 1942 1999 οι
1965 1962 2120 2012 βασιλεῖς
2140 1964 2283 2016 νικηφό-

1241 2031 1291 2067 ροι
1331 2016 1388 2054 ἐπὶ
1421 2015 1485 2064 τὴν
1521 2016 1666 2066 Ῥώμην
1697 2016 1850 2070 ἐχώρουν
1864 2048 1874 2065 ,
1907 2024 2283 2095 συμπαρομαρτοῦντος

1240 2076 1356 2119 αὐτοῖς
1374 2091 1434 2114 και
1454 2078 1512 2115 τοῦ
1534 2076 1724 2115 Θεοδοσίου
1742 2076 1865 2121 παιδὸς
1884 2076 2069 2130 Ὀνωρίου.
2090 2072 2208 2118 ῗΗσαν
2222 2074 2281 2119 ουν

1239 2133 1273 2170 ἐν
1303 2137 1346 2186 τῇ
1381 2133 1506 2185 Ῥώμῃ
1528 2134 1716 2178 επινικίους
1746 2135 1866 2186 ἑορτὰς
1886 2137 2130 2181 ἐπιτελοῦντες·
2158 2137 2214 2176 ὅτε
2237 2138 2280 2186 δὴ

1237 2191 1297 2229 καὶ
1316 2191 1380 2239 τὴν
1412 2195 1537 2231 ἑαυτοῦ
1567 2193 1778 2244 ἀγαθότητα·
1789 2194 1975 2238 Θεοδόσιος
1990 2196 2070 2247 περὶ
2099 2195 2158 2234 τὸν
2174 2195 2281 2246 Σύμ-

1239 2265 1353 2302 μαχον
1385 2251 1594 2296 ἐπεδείξατο.
1618 2246 1730 2298 Οὗτος
1753 2252 1822 2304 γὰρ
1853 2254 1900 2296 εἷς
1931 2252 2009 2296 τους
2037 2253 2106 2291 ἀπὸ
2133 2254 2282 2300 ὑπατίας

1236 2310 1346 2347 τελῶν
1368 2309 1551 2362 βασιλικὸν
1569 2310 1668 2361 λόγον
1687 2312 1733 2353 εἷς
1752 2309 1809 2348 τὸν
1830 2309 1994 2365 Μάξιμον
2011 2312 2202 2360 διεξῆλθεν,
2219 2311 2280 2352 καὶ

1238 2368 1358 2412 δεδιὼς
1372 2368 1411 2406 τὸ
1431 2371 1493 2414 τ’ἦς
1518 2367 1756 2412 καθοσιώσεως
1776 2368 1937 2419 ἔγκλημα
1950 2399 1959 2416 ,
1981 2375 2050 2414 τοῖς
2068 2372 2136 2408 τῶν
2152 2371 2278 2419 ἐκκλη·

1237 2429 1320 2463 σιῶν
1338 2426 1478 2471 ἀσύλοις
1497 2428 1794 2479 προσκατέφυγεν·
1817 2427 1853 2465 ὃν
1871 2430 1888 2465 6
1909 2428 2072 2480 βασιλευς
2089 2428 2205 2476 πάσης
2223 2445 2278 2483 φι-

1234 2485 1454 2548 λανθρωπίας
1466 2485 1610 2533 ἠξίωσε,
1624 2486 1683 2524 καὶ
1700 2501 1749 2539 τῳ
1765 2488 1825 2532 τῆς
1841 2486 1966 2538 βουλῆς
1979 2487 2134 2538 τάγματι
2148 2502 2277 2538 συγκα-

1233 2536 1418 2590 τεγραψεν.

1715 2609 1800 2656 187.

180 2712 210 2739 2.
239 2698 342 2737 Αἶτία
360 2697 395 2736 δὲ
420 2702 480 2746 τῆς
506 2698 596 2737 κατὰ
622 2702 813 2751 Γρατιανοῦ
832 2699 999 2745 κινήσεως
1017 2702 1066 2752 τῷ
1087 2702 1168 2739 Μα·
1286 2703 1385 2740 Ibid.
1408 2717 1449 2752 p.
1473 2702 1521 2739 65
1552 2716 1560 2740 :
1581 2701 1668 2741 “Ort
1699 2701 1756 2740 ἐπὶ
1784 2701 1972 2742 Θεοδοσίου
1991 2705 2051 2741 τοῦ
2082 2701 2252 2755 βασιλέως
2265 2726 2282 2752 ,’

127 2809 475 2850 -διεσπαράχθη]
502 2810 717 2851 δισσπαράχῦη
744 2810 816 2842 cod.
831 2811 945 2851 capite
961 2811 1145 2842 truncatum
1171 2820 1238 2843 esse
1256 2812 1397 2843 referunt
1418 2813 1576 2844 Ammian.
1592 2815 1714 2851 XXVI,
1741 2816 1758 2844 8
1778 2814 1809 2844 et
1834 2813 2022 2853 Philostorg.
2042 2815 2106 2852 lv,
2129 2818 2167 2853 53
2186 2813 2274 2846 Zosi-

127 2865 199 2887 mus
214 2858 257 2887 lV
267 2880 275 2894 ‚
288 2862 305 2888 8
322 2865 419 2895 genus
434 2857 579 2896 supplicii
596 2866 659 2888 non
673 2857 827 2888 definivit.
847 2859 929 2889 Cum
945 2859 1068 2889 Joanne
1081 2859 1188 2889 autem
1201 2859 1274 2890 facit
1287 2861 1433 2890 Socrates
1451 2862 1488 2890 H.
1507 2860 1590 2890 Eccl.
1608 2861 1650 2891 {V
1660 2883 1669 2897 ‚
1685 2864 1702 2891 5
1716 2883 1725 2898 ,
1740 2860 1832 2898 cujus
1845 2860 2058 2891 narrationem
2069 2860 2142 2899 jure
2153 2860 2272 2900 respuit

126 2902 309 2934 Tillemont.
325 2903 369 2941 V,
394 2911 424 2942 p.
444 2907 515 2934 693.
536 2903 654 2943 —§2.
668 2904 866 2942 ἀπέσφαξε
888 2903 1135 2945 Μάρκελλον]
1156 2908 1196 2937 V.
1221 2906 1380 2936 Ammian.
1406 2908 1530 2944 XXVI,
1560 2910 1612 2945 10,
1635 2906 1887 2946 13Zosi1n.1V,
1905 2910 1944 2945 8,
1961 2910 2043 2938 3.-
2064 2906 2150 2938 ὄσοι
2166 2907 2208 2939 τὸ
2224 2905 2272 2947 θ’]

128 2951 204 2981 Haec
222 2949 382 2989 jungenda
396 2951 469 2980 sunt
485 2959 558 2980 cum
576 2951 756 2982 narratione
781 2951 820 2982 de
836 2950 1056 2991 conjuratione
1082 2950 1267 2986 Theodori,
1287 2950 1327 2982 de
1349 2959 1413 2990 qua
1435 2959 1466 2982 v.
1485 2950 1599 2982 Zosim.
1619 2953 1661 2982 IV
1675 2973 1684 2990 ,
1706 2954 1755 2982 13.

168 2997 219 3026 Fr.
239 2999 308 3027 185.
335 2994 453 3025 Eadem
479 2996 593 3028 suidas
613 3006 645 3028 v.
663 2997 841 3037 Γρατιανός.

167 3043 221 3073 Fr.
245 3045 314 3072 186.
334 3040 352 3080 §
374 3045 399 3071 1.
419 3043 576 3082 Excerpta
589 3045 664 3074 sunt
679 3052 719 3074 ex
735 3045 857 3075 socrat.
875 3045 914 3075 H.
933 3044 1018 3075 Eccl.
1035 3045 1083 3082 V,
1105 3046 1150 3074 11.
1166 3062 1203 3070 --
1219 3041 1462 3083 Ἀλαμανῶν]
1477 3043 1600 3074 socrat.
1615 3054 1624 3082 ;
1638 3043 1828 3083 Ἀλαμαννῶν
1842 3042 1960 3074 codex.
1975 3042 2096 3074 Eodem
2114 3042 2210 3074 modo
2230 3041 2271 3075 de

126 3091 231 3120 morte
248 3089 389 3120 Gratiani
401 3088 469 3127 (an.
481 3090 560 3128 383)
574 3090 703 3129 exponit
714 3092 911 3122 sozomenus
923 3093 996 3130 Vll,
1015 3094 1063 3122 13.
1081 3093 1127 3122 De
1139 3090 1275 3121 aliorum
1289 3088 1524 3120 narrationibus
1541 3097 1571 3119 v.
1588 3089 1770 3120 Tinemont.
1786 3090 1826 3129 V,
1840 3098 1870 3129 p.
1890 3092 1958 3121 179.
1973 3090 2080 3125 -ἐτη
2102 3087 2166 3129 ιε’]
2181 3097 2198 3120 e
2214 3090 2270 3120 So-

127 3137 214 3166 crate
229 3136 262 3166 et
274 3136 450 3165 sozomeno
465 3136 590 3175 reposui
604 3145 661 3175 pro
675 3136 727 3173 ἔτη
745 3136 781 3167 ιΘ’
794 3159 802 3175 ,
818 3137 904 3176 quod
926 3139 1035 3176 aperte
1048 3139 1235 3176 corruptum
1249 3138 1306 3167 est.
1324 3138 1365 3167 V.
1385 3135 1568 3166 Tillemont.
1583 3136 1629 3174 V,
1653 3144 1682 3175 p.
1702 3137 1773 3166 724.
1787 3135 1858 3175 —§
1873 3140 1902 3166 2.
1920 3137 1995 3166 Haec
2010 3144 2074 3166 non
2091 3135 2187 3166 habet
2209 3137 2270 3167 So·

126 3183 239 3214 crates.
254 3197 294 3204 —-
307 3179 325 3219 §
339 3183 369 3212 3.
389 3181 599 3213 Οὐαλεντιν
611 3182 738 3223 ιανὸν]
759 3184 982 3215 Οὐαλεντιανὸν
1000 3184 1101 3215 codex
1115 3184 1147 3214 h.
1163 3184 1184 3215 1.
1198 3187 1229 3215 et
1242 3184 1272 3215 in
1289 3192 1357 3223 sqq.
1369 3198 1411 3205 —
1426 3182 1511 3213 τότε
1529 3180 1595 3221 δὴ]
1614 3181 1683 3212 τότε
1699 3182 1731 3212 δὲ
1744 3184 1890 3213 Socrates
1905 3184 1952 3221 V,
1971 3186 2006 3213 12
2023 3181 2184 3222 sq.,unde
2199 3182 2270 3214 hmo

127 3228 288 3268 descripta
301 3230 393 3258 sunt:
403 3246 444 3252 -
456 3229 520 3259 τὸν
533 3229 671 3269 τύρανν
681 3229 741 3269 ον]
755 3239 800 3261 sc.
817 3230 1012 3269 Maximum5
1032 3233 1087 3261 τοῦ
1100 3230 1247 3268 τυράννου
1261 3229 1375 3260 codex.⁴
1388 3227 1479 3259 -ἐν
1495 3231 1538 3269 τῇ
1555 3228 1604 3268 κ’]
1618 3229 1648 3259 ἐν
1666 3231 1703 3269 τῇ
1716 3229 1793 3269 αὐτῇ
1810 3229 1956 3270 ὑπατείᾳ,
1972 3229 2086 3269 ἑὸδόμῃ
2100 3229 2153 3260 καὶ
2169 3229 2268 3261 εἰκάδι

125 3279 181 3307 τοῦ
194 3274 375 3314 Αὐγούστου
390 3275 484 3315 μηνός
498 3277 646 3307 Socrates
663 3277 690 3306 V
701 3299 709 3314 ,
730 3278 778 3307 14.
792 3294 833 3298 -
851 3276 1033 3317 ἀσύλοις]
1056 3280 1170 3317 σημαῖς
1187 3277 1307 3315 codex3
1322 3278 1466 3308 Cramer.
1485 3274 1573 3306 dedit
1589 3276 1771 3315 συγκλήτοις
1782 3299 1791 3315 ,
1809 3276 1840 3307 in
1858 3278 1933 3307 nota
1947 3284 2079 3307 monens
2097 3288 2105 3307 :
2123 3288 2138 3302 «
2154 3276 2268 3308 Dubiae

125 3323 258 3356 lecturae
270 3323 318 3353 est
332 3321 402 3353 haec
425 3330 501 3353 vox.
521 3334 535 3350 υ
553 3324 700 3354 socrates
721 3322 742 3355 Ι.
758 3323 782 3354 l.
805 3335 812 3355 ε
839 3323 898 3354 Διὰ
913 3327 1004 3355 τοῦτο
1021 3324 1057 3361 δὴ
1071 3324 1176 3361 δεδιὼς
1188 3324 1241 3356 τὸν
1254 3323 1402 3363 θάνατον,
1415 3326 1452 3364 τῇ
1467 3322 1616 3364 ἐκκλησίᾳ
1629 3323 1829 3364 προσέφυγεν.
1841 3342 1882 3349 -
1896 3324 1960 3355 καὶ
1978 3325 2029 3363 τῷ
2044 3326 2108 3361 τῆς
2125 3323 2267 3363 βουλῆς

124 3379 236 3409 ταγμ.
253 3367 384 3408 συγκ.]
403 3370 450 3400 De
468 3368 517 3400 his
533 3369 609 3399 nihi}
623 3369 707 3409 apud
725 3371 902 3401 Socratem.

169 3417 220 3448 Fr.
250 3417 317 3447 187.
338 3415 559 3447 Narrationem
575 3416 657 3448 hanc
672 3416 782 3448 eodem
807 3417 902 3448 modo
919 3417 1093 3449 introducit
1109 3418 1140 3450 et
1163 3417 1362 3458 persequitur
1377 3416 1520 3449 Zosimus
1539 3417 1604 3456 lv,
1624 3420 1661 3448 53
1681 3424 1751 3457 sqq.
1764 3440 1772 3456 ‚
1790 3415 1848 3447 nisi
1867 3415 1951 3456 quod
1972 3423 2035 3447 non
2052 3414 2141 3447 novit
2157 3422 2265 3456 preces
