2372 3704
159 222 232 255 528

151 319 202 346 τις
220 301 288 354 πρὸ
306 304 366 348 τῆς
389 300 554 347 Ευὸοίας,
579 299 618 338 τὸ
646 299 810 351 πρότερον
832 297 952 346 Οἰνοίη
973 299 1170 349 καλουμένη
1184 329 1196 350 ,

153 360 209 398 διὰ
238 359 278 398 τὸ
298 363 385 398 εἶναι
409 358 515 405 αὐτὴν
544 357 801 429 ἀμπελόφυτον.
833 357 1056 407 Μνημονεύει
1081 356 1117 395 δὲ
1137 361 1199 430 τῆς

154 417 407 468 μετονομασίας
427 416 646 468 Ξεναγόρας,
662 415 774 465 λέγων
790 414 841 452 ὅτι
861 415 1112 466 μετωνομάσθη
1131 415 1199 453 ἀπὸ

155 475 297 515 Σικίνου
313 478 388 514 υἱου
406 474 562 518 Θόαντος
578 474 638 512 καὶ
657 473 785 521 Νηίδος
800 471 949 526 νύμφης.

649 551 709 588 13.

207 622 334 659 Schol.
354 621 404 657 ad
428 621 587 657 Lucian.
606 620 712 656 Alex.
734 631 768 656 e.
800 622 820 661 4
835 645 845 663 ,
862 631 900 666 p.
923 618 996 666 139
1015 618 1196 656 Jacobitz.

155 678 387 727 (adLucian.
398 680 538 723 vol.II‚
549 691 589 727 p.
603 690 690 723 170,
706 676 767 726 10)
780 689 789 713 :
800 674 885 726 ὑπὲρ
896 673 973 717 τοὺς
985 673 1196 745 Κέρκωπας]

155 739 263 775 Οὗτοι
276 738 309 773 ἐν
323 735 474 774 Βοιωτία
487 736 535 772 διε
521 733 654 786 ’τριὸον
667 732 874 784 Οἷχαλιεῒς”
855 747 948 776 οντες
958 733 1065 781 γένος,
1076 732 1199 776 Σίλλος

155 794 215 831 καὶ
235 796 268 832 Γ
271 793 432 845 ριὸαλλος
457 791 722 842 ὀνομαζόμενοι,
750 790 903 842 ἐπίορκοι
930 789 989 827 καὶ
1019 789 1158 842 ἀργοί..

156 851 433 898 Απελιθωθησαν
446 849 482 888 δὲ
495 844 604 896 οὗτοι,
618 851 663 892 ὥς
674 847 875 900 Φερεκύδης
887 846 984 898 φησί.
999 847 1199 919 Ξεναγόρας

156 908 191 946 δὲ
212 910 258 952 εἷς
273 908 437 954 πιθήκους
455 907 510 945 διὰ
525 906 731 952 κακοήθειαν
751 905 961 956 μεταὸαλεῒν
977 920 1079 957 φησιν
1098 907 1132 943 ἐν
1149 907 1199 958 τῷ

156 966 246 1018 Περὶ
265 966 392 1012 νήσων.
413 967 554 1002 Eadem
566 967 792 1001 Bachmann.
818 965 958 1000 Anecd.
976 966 1028 1009 ΙΙ,
1043 978 1083 1012 p.
1108 965 1196 1008 340.

209 1026 513 1074 Harpocration:
539 1022 711 1074 Κέρκωψ·
728 1021 931 1072 Αἷσχίνης’
916 1036 950 1059 εν
969 1023 1017 1058 τῶ
1039 1021 1127 1072 Περὶ
1141 1037 1200 1067 της

155 1081 342 1133 πρεσὸείας
363 1081 406 1131 (S
420 1080 506 1131 4ο).
529 1079 592 1118 Ἐν
608 1084 678 1122 τοῖς
695 1080 742 1122 εἷς
760 1076 924 1130 υΟμηρον
936 1078 1201 1152 ἀναφερομένοις

160 1140 342 1192 Κέρκωψιν
365 1139 564 1185 δηλουταιε
545 1153 590 1180 ως
607 1136 868 1189 ἐξαπατητηρές
885 1151 922 1174 τε
936 1141 1024 1184 ἦσαν
1044 1137 1103 1175 καὶ
1120 1139 1183 1190 ψε
1165 1155 1200 1175 υ-

156 1214 236 1236 σται
255 1199 286 1235 οἱ
304 1196 511 1249 Κέρκωπες.
534 1195 737 1247 Ξεναγόρας
765 1195 801 1232 δὲ
831 1196 878 1238 εἷς
897 1194 1059 1242 πιθήκους
1081 1196 1202 1240 αὐτους

157 1256 366 1306 μεταὸαλεῖν
387 1270 489 1308 φησι,
506 1253 566 1291 καὶ
582 1253 643 1297 τὰς
664 1254 908 1300 Πιθηκούσσας
923 1253 1046 1300 νήσους
1065 1253 1125 1291 ἀπ’
1140 1256 1201 1292 αὗ-

155 1317 222 1353 τῶν
240 1316 422 1360 κληθῆναι.
443 1312 612 1363 Αἰσχίνης
633 1311 833 1364 (Αἰσχρίων
850 1314 1018 1352 Lobeck.
1037 1316 1094 1350 De
1113 1315 1201 1351 Cer-

156 1375 314 1422 copibus
342 1380 377 1409 et
401 1373 550 1409 Cobalis
580 1385 620 1420 p.
659 1371 700 1420 1)
740 1370 775 1407 δὲ
799 1373 816 1408 ὃ
848 1369 1039 1422 Σαρδιανὸς
1068 1372 1101 1408 ἐν
1133 1374 1203 1415 τοῖς

157 1430 314 1480 ’Idy-3025
332 1429 392 1466 καὶ
420 1427 464 1467 τὰ
484 1428 639 1478 ὀνόματα
659 1429 772 1465 αὐτῶν
793 1428 1003 1480 ἀναγράφει,
1026 1427 1202 1466 Ἀνδοῧλον

157 1487 216 1525 καὶ
233 1485 419 1526 Ἄτλαντον
442 1487 452 1539 (
469 1486 668 1526 Κάνδουλον
687 1486 747 1523 καὶ
771 1485 944 1524 Ἄτλαντα
961 1500 1034 1525 see.
1053 1488 1158 1526 Suid.
1173 1488 1199 1536 ).

158 1547 214 1584 Cf.
236 1548 392 1582 Photius
411 1554 447 1582 et
469 1547 601 1582 Suidas
614 1559 644 1584 s,
663 1559 700 1583 v,
721 1546 910 1581 Zenobius
930 1548 993 1590 IV,
1017 1545 1065 1581 50
1083 1559 1124 1594 p.
1153 1558 1203 1594 99

160 1605 226 1643 eda-
258 1606 432 1643 Leutsch.
450 1612 487 1640 et
516 1604 789 1641 Schneidewin.
819 1604 994 1652 Apostol.
1026 1605 1103 1649 XI,
1137 1608 1200 1646 24.

158 1663 271 1698 Duris
301 1662 346 1700 fr.
369 1662 432 1699 38.
462 1662 573 1698 Plura
591 1661 678 1697 vide
698 1673 758 1709 ap.
788 1662 954 1699 Lobeck.
988 1662 1012 1697 l.
1040 1662 1067 1696 1.
1098 1668 1135 1697 et
1164 1662 1204 1696 in

162 1721 350 1770 Aglaoph.
368 1734 407 1770 p.
434 1720 547 1770 1296.
564 1719 676 1756 1308.
699 1720 847 1756 Miiller.
874 1721 964 1755 Dor.
984 1721 1027 1766 1,
1049 1732 1086 1768 p.
1110 1718 1200 1766 457.

517 1909 572 1964 X
581 1909 624 1964 E
635 1909 680 1964 N
692 1901 845 1970 ION.

549 2024 788 2063 KPHTIKA.

665 2118 699 2142 1.

213 2183 359 2217 Tzetzes
377 2180 425 2216 ad
440 2182 531 2228 Lyc.
554 2184 652 2223 1214
672 2191 681 2218 ε
704 2178 776 2217 Καὶ
791 2177 924 2216 Ξενίων
941 2179 977 2216 δὲ
994 2180 1028 2216 ἐν
1046 2181 1095 2231 τῷ
1116 2179 1206 2232 Περὶ

161 2237 302 2289 Κρήτης
315 2235 376 2280 τὰς
389 2237 511 2274 ἑκατὸν
526 2237 643 2280 πόλεις
655 2239 715 2283 τ’ἥς
732 2236 873 2288 Κρήτης
886 2239 964 2274 κατ’
979 2237 1087 2287 ὄνομα
1098 2237 1203 2288 λέγει.

160 2357 232 2380 noee
245 2350 375 2387 vocata,
388 2348 474 2388 quod
494 2349 575 2380 esset
589 2348 707 2380 vitibus
730 2348 862 2380 consita.
885 2350 1126 2381 Commemorat
1147 2359 1202 2381 no-

161 2400 257 2432 minis
283 2399 492 2431 mutationem
512 2401 709 2439 Xenagoras,
727 2400 835 2432 dicens
847 2400 1085 2432 denominatam
1101 2409 1168 2433 esse
1190 2409 1208 2433 a

161 2453 268 2485 Sicino
284 2452 438 2485 Thoantis
450 2453 483 2484 et
496 2452 603 2484 Naidis
615 2453 766 2493 nymphae
779 2452 856 2484 filio.

654 2518 710 2550 13.

203 2586 361 2622 Cercopes
376 2585 410 2616 in
429 2585 553 2617 Boeotia
569 2583 726 2624 degebant
739 2584 958 2616 OEchalienses
970 2593 1082 2625 genere
1091 2609 1100 2625 ,
1114 2585 1210 2617 Silius

161 2637 194 2668 et
205 2635 365 2668 Triballus
374 2660 382 2676 ,
398 2636 514 2676 perjuri
527 2637 558 2667 et
571 2644 692 2675 segnes.
707 2635 746 2667 111
760 2636 792 2666 111
805 2635 923 2676 lapides
935 2637 1051 2668 mutati
1065 2638 1157 2676 sunt,
1172 2638 1209 2668 ut

161 2687 361 2728 Pherecydes
375 2688 430 2720 ait.
444 2691 627 2728 Xenagoras
642 2696 719 2719 vero
734 2688 768 2719 in
782 2688 889 2720 simias
905 2690 1032 2729 propter
1047 2689 1203 2721 malitiam

162 2742 304 2772 mutatos
329 2748 413 2780 esse,
431 2740 472 2772 ab
492 2740 594 2780 iisque
611 2740 810 2772 Pithecussas
824 2740 942 2773 insulas
963 2750 1080 2773 nomen
1092 2741 1209 2774 habere

162 2792 259 2826 refert
271 2791 303 2823 in
313 2792 394 2823 libro
407 2794 454 2823 Dc
468 2791 590 2823 insulis.

569 2871 718 2910 CRETI
723 2871 799 2911 CA.

670 2967 702 2998 1.

203 3037 327 3070 xenion
338 3036 371 3069 in
381 3037 462 3069 libro
472 3038 518 3068 De
529 3037 623 3069 Creta
633 3038 765 3070 centum
778 3038 893 3072 insulae
906 3039 1002 3072 urbes
1015 3039 1206 3072 nominatim

163 3089 316 3122 recenset.

667 3135 702 3166 2.

205 3204 388 3244 Arcesium3
418 3203 463 3235 sic
489 3205 622 3236 vocatur
647 3207 775 3237 antrum
802 3206 866 3238 ldae
885 3207 919 3239 in
942 3209 1056 3247 Creta,
1082 3216 1102 3239 a
1129 3215 1208 3240 voce

164 3258 290 3299 ἀρκέσαι
300 3281 309 3298 ,
321 3256 506 3287 auxiliari.
519 3255 664 3287 Tradunt
677 3258 762 3288 enim
779 3258 811 3289 id
821 3267 840 3289 a
853 3259 1025 3291 Curetibus
1041 3259 1085 3291 sic
1101 3259 1208 3300 appel-

167 3311 271 3342 latum
292 3317 377 3348 esse,
395 3307 483 3348 quod
498 3307 574 3348 ipsis
589 3309 761 3341 Saturnum
781 3310 972 3350 rugientibus
991 3312 1023 3343 et
1041 3311 1119 3342 illud
1134 3311 1206 3343 sub-

165 3362 314 3394 euntibus
334 3361 441 3401 ibique
458 3369 492 3393 se
516 3361 752 3394 occultantibus
775 3363 895 3395 auxilio
909 3364 1015 3396 suerit.
1035 3364 1086 3396 Sic
1099 3364 1208 3396 narrat

165 3415 287 3449 Xenion
298 3415 330 3446 in
346 3413 433 3447 libris
448 3416 494 3446 De
507 3415 611 3446 Creta.

1104 212 1344 252 XENIONIS

1763 313 1798 336 2.

1313 372 1436 418 Etym.
1462 370 1515 406 M.
1537 382 1577 417 p.
1614 373 1708 414 144,
1730 368 1778 404 36
1798 380 1808 406 :
1830 366 2020 420 Ἀρκέσιον·
2056 369 2146 408 οὕτω
2173 369 2302 410 καλού-

1261 442 1360 477 μενον
1383 426 1503 478 ἄντρον
1523 429 1582 471 τῆς
1602 428 1779 476 Κρητικῆς
1794 424 1909 473 Ἴδης,
1925 425 2020 479 παρὰ
2041 427 2078 465 τὸ
2094 429 2115 466 ἀ
2128 428 2302 480 ρκέσαι,

1259 484 1298 522 τὸ
1320 487 1505 536 βοηθῆσαι.
1533 483 1653 522 Φασὶν
1680 482 1763 521 αὐτὸ
1782 483 1849 521 ὑπὸ
1874 486 1942 522 τῶν
1962 485 2153 538 Κουρήτων
2173 489 2304 538 ὄνομα-
2349 525 2358 533 ,

1260 546 1399 589 σθῆναι,
1423 541 1475 580 ὅτι
1502 541 1559 579 τὸν
1581 541 1710 593 Κρόνον
1726 542 1840 586 αὐτοῖς
1866 542 2029 595 φεύγουσι
2057 545 2116 583 καὶ
2144 547 2191 590 εἷς
2218 546 2304 585 αὐτὸ

1260 601 1430 638 καταδῦσι
1452 600 1512 637 καὶ
1531 598 1776 651 κρυπτομένοις
1801 599 1990 653 ἐπήρκεσεν
2040 602 2146 642 Οὕτω
2169 605 2302 642 Ξενίων

1261 660 1294 696 ἐν
1313 659 1382 701 τοῖς
1398 657 1487 709 Περὶ
1506 657 1659 709 Κρήτης.

1313 792 1523 839 Stephanus
1531 792 1643 839 Byz.:
1656 789 1936 842 Ἀρκάδες,πόλις
1949 792 2135 845 Κρήτηςᾙ
2109 810 2163 837 ως
2170 794 2303 834 Ξενίων

1261 850 1294 886 ἐν
1317 849 1515 900 Κρητικοῖς.
1538 849 1585 886 Οἱ
1604 849 1743 885 πολῖται
1770 850 1895 898 ὁμοίως
1915 849 2086 902 Ἀρκάδες.
2107 851 2306 906 Δημήτριος

1261 905 1297 943 δὲ
1325 908 1386 943 οὐκ
1414 904 1576 958 Ἀρκάδες
1603 905 1665 951 τὴν
1694 905 1807 954 πόλιν,
1838 907 1915 945 ἀλλ’
1947 908 2127 960 Ἀρκαδίαν
2146 910 2263 962 φησίν.

1765 980 1800 1019 ι..

1316 1045 1449 1082 Idem:
1471 1041 1655 1094 Δραγμὸς,
1676 1042 1776 1086 πόλις
1796 1043 1994 1095 Κρήτης,ε
1975 1062 2022 1089 ως
2037 1045 2168 1084 Ξενίων
2183 1047 2218 1084 ἓν
2233 1049 2304 1092 τοῖς

1265 1103 1463 1152 Κρητικοῖς.
1493 1100 1545 1140 Τὸ
1567 1100 1697 1139 ἐθνικὸν
1720 1101 1898 1154 Δράγμιος
1926 1102 1948 1150 ἢ
1979 1104 2197 1158 Δραγμίτης,
2218 1104 2305 1159 ὅπερ

1265 1158 1418 1209 ἄμεινον.

1765 1218 1802 1256 5.

1317 1294 1450 1330 Idem.
1470 1290 1634 1337 Εἴνατος,
1651 1290 1750 1335 πόλις
1766 1291 1952 1344 Κρήτης,
1933 1308 1979 1336 ως
1991 1292 2124 1331 Ξενίων
2137 1293 2237 1355 φησί.
2251 1294 2305 1334 Τὸ

1264 1350 1394 1388 ἐθνικὸν
1415 1350 1585 1392 Εἷνάτιος.
1605 1349 1705 1392 Τινὲς
1728 1350 1802 1388 δὲ’
1782 1365 1858 1402 ορος
1876 1350 1936 1388 καὶ
1953 1351 2122 1402 ποταμὸν,
2142 1353 2176 1389 ἕν
2200 1346 2229 1406 ᾧ
2253 1368 2306 1390 τι·

1265 1411 1396 1458 μασθαι
1410 1407 1473 1453 την
1488 1407 1685 1446 Εἰλείθυιαν
1697 1407 1875 1455 Εἷνατίην,
1888 1410 1941 1447 Cf.
1954 1412 2075 1459 Etym.
2091 1413 2144 1448 M.
2156 1425 2196 1461 p.
2217 1412 2305 1459 302,

1268 1480 1328 1503 12.
1347 1467 1476 1516 Steph.
1498 1468 1605 1504 Thes.
1622 1480 1659 1506 v.
1679 1465 1842 1505 Ε’ίνατον.

1763 1549 1800 1586 6.

1311 1606 1425 1658 *Idem
1438 1634 1446 1660 z
1462 1620 1626 1672 Ἔλυρος,
1640 1621 1738 1666 πόλις
1750 1621 1901 1675 Κρήτης,
1915 1625 1961 1666 ὡς
1975 1621 2106 1662 Ξενίων
2118 1623 2153 1660 ἐν
2166 1622 2303 1676 Κρήτῃ.

1265 1677 1309 1718 Ὁ
1325 1679 1466 1726 πολίτης
1486 1679 1656 1731 Ἐλύριος.

1768 1757 1802 1789 7.

1318 1820 1447 1857 Idem:
1471 1820 1646 1872 Καμᾶρα,
1663 1821 1762 1863 πόλις
1779 1820 1938 1873 Κρήτης·
1959 1821 2051 1859 καὶὸ
2070 1821 2212 1870 πολίτης
2231 1826 2306 1863 Κα-

1268 1883 1428 1929 μαραῖος.
1447 1878 1580 1917 Ξενίων
1598 1881 1631 1917 ἐν
1654 1882 1841 1932 Κρητικοῖς
1857 1879 1942 1931 φησί
1956 1895 1964 1903 ·
1986 1898 2001 1915 ιι
2021 1879 2094 1919 Καὶ
2111 1880 2220 1920 Λατὼ
2233 1881 2308 1919 ἐλέ-

1266 1950 1360 1985 γετο.
1390 1953 1406 1969 »

1769 1996 1805 2035 8.

1319 2067 1426 2103 Idem
1450 2079 1460 2106 t
1486 2066 1685 2114 Κάντανος,
1715 2067 1813 2110 πόλις
1840 2067 2006 2119 Κρήτης,
2035 2071 2081 2112 ὡς
2103 2069 2251 2119 Ξενίων,
2273 2073 2308 2109 ἓν

1267 2124 1440 2175 περιορίου
1460 2127 1637 2175 Κρητικοῦ
1655 2124 1765 2177 τόπῳ.
1789 2126 1841 2164 Τὸ
1860 2126 1989 2164 ἐθνικὸν
2011 2127 2213 2172 Καντάνιος.
2236 2130 2308 2169 Co·

1267 2183 1340 2218 dex
1357 2184 1480 2219 Rhed.
1503 2185 1618 2220 habet
1637 2183 1840 2227 Κάτανος...
1860 2185 1981 2222 τόπου.
2003 2186 2220 2224 Holstenius
2240 2201 2308 2224 an-

1267 2248 1377 2276 notat
1389 2242 1468 2278 haec
1487 2254 1496 2280 :
1519 2259 1534 2274 «
1551 2244 1640 2280 Mss.
1654 2243 1688 2279 ἐν
1704 2242 1876 2295 περιορίου
1890 2247 2053 2295 κρητικοῦ
2066 2243 2184 2284 τόπου.
2197 2246 2309 2283 Unde

1770 2358 1805 2389 3.

1311 2420 1448 2453 Arcades
1460 2446 1469 2462 ,
1487 2422 1564 2454 urbs
1589 2423 1709 2462 Cretae,
1727 2424 1764 2454 ut
1781 2423 1906 2455 Xenion
1921 2423 1954 2454 in
1966 2423 2108 2456 Creticis.
2126 2425 2219 2457 Cives
2230 2425 2309 2457 item

1267 2472 1406 2504 Arcades
1416 2474 1581 2506 vocantur.
1598 2474 1776 2506 Demetrius
1789 2483 1864 2506 vero
1880 2474 1992 2506 urbem
2004 2483 2070 2507 non
2083 2476 2236 2517 Arcades,
2252 2475 2310 2509 sed

1267 2525 1433 2558 Arcadiam
1447 2525 1534 2558 dicit.
1769 2572 1790 2604 4

1307 2632 1484 2671 Dragmus‚
1510 2631 1588 2663 urbs
1616 2633 1740 2671 Cretae,
1768 2633 1805 2663 ut
1820 2632 1944 2664 Xenion
1965 2633 1998 2664 in
2016 2632 2160 2666 Creticis.
2185 2633 2309 2666 Gentile

1268 2682 1435 2722 Dragmius
1447 2683 1499 2715 vel
1511 2684 1707 2724 Dragmites,
1730 2683 1817 2723 quod
1832 2685 1973 2724 praestat.

1773 2758 1809 2790 5.

1308 2817 1434 2857 Inatus,
1461 2817 1538 2849 urbs
1564 2818 1686 2857 Cretae,
1704 2818 1740 2849 ut
1756 2818 1879 2850 xenion
1904 2818 1994 2850 dicit.
2023 2817 2150 2850 Gentile
2173 2817 2306 2850 Inatius.

1266 2867 1417 2899 Nonnulli
1432 2877 1508 2900 vero
1522 2872 1663 2900 montem
1673 2869 1705 2901 et
1716 2868 1853 2901 fluvium
1862 2869 1908 2901 sic
1917 2869 2026 2901 vocari
2038 2869 2140 2908 aiunt,
2153 2868 2195 2900 ad
2210 2876 2307 2910 quem

1266 2918 1388 2950 colatur
1401 2919 1527 2959 llitliyia
1544 2919 1657 2951 luatia.
1765 2963 1787 2995 6

1308 3028 1441 3068 Elyrus,
1466 3027 1543 3060 urbs
1556 3028 1659 3061 Cretae
1669 3051 1678 3069 ,
1690 3028 1727 3060 ut
1743 3027 1865 3060 Xenion
1884 3027 1917 3059 in
1929 3036 2024 3068 opere
2038 3030 2086 3060 De
2098 3029 2202 3060 creta.
2223 3026 2309 3060 Civis

1266 3080 1402 3120 Elyrius.
1771 3125 1790 3156 ⁷

1308 3184 1460 3223 camara,
1483 3183 1559 3215 urbs
1575 3184 1690 3216 Cretae.
1706 3183 1792 3216 Civis
1811 3185 2007 3216 camaracus.
2032 3184 2157 3217 Xenion
2172 3183 2204 3216 in
2229 3185 2307 3217 crc-

1266 3234 1336 3267 ticis
1351 3235 1395 3267 ait
1410 3245 1418 3266 ε
1435 3247 1450 3262 «
1467 3235 1570 3267 Etiam
1584 3237 1662 3268 Lalo
1674 3234 1850 3267 dicebatur.

1768 3302 1803 3335 8.

1307 3363 1491 3402 Cantanus,
1508 3361 1586 3393 urbs
1615 3362 1741 3400 cretae,
1761 3362 1797 3393 ut
1822 3361 1947 3393 Xenion
1961 3383 1970 3400 ‚
1992 3363 2025 3393 111
2050 3361 2155 3394 Cretoe
2180 3359 2308 3401 regione

1268 3414 1430 3448 montibus
1442 3414 1617 3455 adjacente.
1633 3413 1757 3447 Gentile
1773 3413 1955 3447 cantamus.
