<?xml version="1.0" encoding="UTF-8"?>
<!DOCTYPE html PUBLIC "-//W3C//DTD XHTML 1.0 Transitional//EN"
    "http://www.w3.org/TR/xhtml1/DTD/xhtml1-transitional.dtd">
<html xmlns="http://www.w3.org/1999/xhtml" xml:lang="en" lang="en">
 <head>
  <title>
</title>
<meta http-equiv="Content-Type" content="text/html;charset=utf-8" />
  <meta name='ocr-system' content='tesseract 3.04.00' />
  <meta name='ocr-capabilities' content='ocr_page ocr_carea ocr_par ocr_line ocrx_word'/>
</head>
<body>
  <div class='ocr_page' id='page_1' title='image "./fragmentahistori04mueluoft_0108.png"; bbox 0 0 2326 3724; ppageno 0'>
   <div class='ocr_carea' id='block_1_1' title="bbox 145 186 194 219">
    <p class='ocr_par' dir='ltr' id='par_1_1' title="bbox 145 186 194 219">
     <span class='ocr_line' id='line_1_1' title="bbox 145 186 194 219; baseline 0 0"><span class='ocrx_word' id='word_1_1' title='bbox 145 186 194 219; x_wconf 76' lang='lat'><em>90</em></span> 
     </span>
    </p>
   </div>
   <div class='ocr_carea' id='block_1_2' title="bbox 94 329 1173 442">
    <p class='ocr_par' dir='ltr' id='par_1_2' title="bbox 94 329 1173 442">
     <span class='ocr_line' id='line_1_2' title="bbox 137 329 1173 382; baseline 0.008 -20"><span class='ocrx_word' id='word_1_2' title='bbox 137 331 292 363; x_wconf 80' lang='lat' dir='ltr'><em>tenentis</em></span> <span class='ocrx_word' id='word_1_3' title='bbox 308 341 317 363; x_wconf 90' lang='lat'><em>.·</em></span> <span class='ocrx_word' id='word_1_4' title='bbox 339 329 423 364; x_wconf 80' lang='lat' dir='ltr'><em>hoec</em></span> <span class='ocrx_word' id='word_1_5' title='bbox 440 333 558 378; x_wconf 84' lang='lat' dir='ltr'><em>captis</em></span> <span class='ocrx_word' id='word_1_6' title='bbox 575 332 780 366; x_wconf 78' lang='lat' dir='ltr'><em>civitatibus</em></span> <span class='ocrx_word' id='word_1_7' title='bbox 795 331 1011 368; x_wconf 79' lang='lat' dir='ltr'><em>habitacula</em></span> <span class='ocrx_word' id='word_1_8' title='bbox 1024 348 1173 382; x_wconf 82' lang='lat' dir='ltr'><em>proepo-</em></span> 
     </span>
     <span class='ocr_line' id='line_1_3' title="bbox 94 385 1170 442; baseline 0.01 -24"><span class='ocrx_word' id='word_1_9' title='bbox 94 412 98 418; x_wconf 93' lang='lat'><em>.</em></span> <span class='ocrx_word' id='word_1_10' title='bbox 135 387 256 422; x_wconf 80' lang='lat' dir='ltr'><em>nebat.</em></span> <span class='ocrx_word' id='word_1_11' title='bbox 273 388 358 423; x_wconf 81' lang='lat' dir='ltr'><em>Haec</em></span> <span class='ocrx_word' id='word_1_12' title='bbox 367 385 561 437; x_wconf 86' lang='lat' dir='ltr'><em>jungenda</em></span> <span class='ocrx_word' id='word_1_13' title='bbox 571 389 711 436; x_wconf 82' lang='lat' dir='ltr'><em>iisquae</em></span> <span class='ocrx_word' id='word_1_14' title='bbox 725 389 880 438; x_wconf 85' lang='lat' dir='ltr'><em>legimus</em></span> <span class='ocrx_word' id='word_1_15' title='bbox 890 391 935 429; x_wconf 85' lang='lat' dir='ltr'><em>fr.</em></span> <span class='ocrx_word' id='word_1_16' title='bbox 955 391 993 437; x_wconf 87' lang='lat'><em>8,</em></span> <span class='ocrx_word' id='word_1_17' title='bbox 1005 405 1092 442; x_wconf 79' lang='lat' dir='ltr'><em>pag.</em></span> <span class='ocrx_word' id='word_1_18' title='bbox 1107 393 1170 429; x_wconf 88' lang='lat'><em>85.</em></span> 
     </span>
    </p>
   </div>
   <div class='ocr_carea' id='block_1_3' title="bbox 628 477 685 502">
    <p class='ocr_par' dir='ltr' id='par_1_3' title="bbox 628 477 685 502">
     <span class='ocr_line' id='line_1_4' title="bbox 628 477 685 502; baseline 0.035 -2"><span class='ocrx_word' id='word_1_19' title='bbox 628 477 685 502; x_wconf 91' lang='lat'><em>10.</em></span> 
     </span>
    </p>
   </div>
   <div class='ocr_carea' id='block_1_4' title="bbox 120 556 1175 1835">
    <p class='ocr_par' dir='ltr' id='par_1_4' title="bbox 120 556 1175 1835">
     <span class='ocr_line' id='line_1_5' title="bbox 184 556 1175 610; baseline 0.008 -19"><span class='ocrx_word' id='word_1_20' title='bbox 184 556 289 592; x_wconf 86' lang='lat' dir='ltr'><strong>Idem</strong></span> <span class='ocrx_word' id='word_1_21' title='bbox 306 557 344 592; x_wconf 92' lang='lat' dir='ltr'><em>ib</em></span> <span class='ocrx_word' id='word_1_22' title='bbox 363 570 397 593; x_wconf 90' lang='lat' dir='ltr'><em>c.</em></span> <span class='ocrx_word' id='word_1_23' title='bbox 420 557 468 594; x_wconf 82' lang='lat'><em>35</em></span> <span class='ocrx_word' id='word_1_24' title='bbox 489 569 497 595; x_wconf 72' lang='grc' dir='ltr'>ε</span> <span class='ocrx_word' id='word_1_25' title='bbox 518 559 591 605; x_wconf 82' lang='lat' dir='ltr'><em>Qui</em></span> <span class='ocrx_word' id='word_1_26' title='bbox 612 558 759 610; x_wconf 79' lang='lat' dir='ltr'>[Attila]</span> <span class='ocrx_word' id='word_1_27' title='bbox 778 565 939 608; x_wconf 71' lang='lat' dir='ltr'><em>quamvis</em></span> <span class='ocrx_word' id='word_1_28' title='bbox 957 562 1066 608; x_wconf 71' lang='lat' dir='ltr'><em>liujus</em></span> <span class='ocrx_word' id='word_1_29' title='bbox 1082 571 1175 599; x_wconf 84' lang='lat' dir='ltr'><em>essct</em></span> 
     </span>
     <span class='ocr_line' id='line_1_6' title="bbox 131 622 1172 668; baseline 0.008 -17"><span class='ocrx_word' id='word_1_30' title='bbox 131 623 296 662; x_wconf 70' lang='lat' dir='ltr'><em>naturae,</em></span> <span class='ocrx_word' id='word_1_31' title='bbox 316 627 355 653; x_wconf 80' lang='lat' dir='ltr'><em>ut</em></span> <span class='ocrx_word' id='word_1_32' title='bbox 372 631 518 667; x_wconf 80' lang='lat' dir='ltr'><em>semper</em></span> <span class='ocrx_word' id='word_1_33' title='bbox 541 633 681 668; x_wconf 77' lang='lat' dir='ltr'><em>magna</em></span> <span class='ocrx_word' id='word_1_34' title='bbox 700 622 916 668; x_wconf 80' lang='lat' dir='ltr'><em>confideret,</em></span> <span class='ocrx_word' id='word_1_35' title='bbox 953 624 1119 659; x_wconf 79' lang='lat' dir='ltr'><em>addebat</em></span> <span class='ocrx_word' id='word_1_36' title='bbox 1136 628 1172 660; x_wconf 89' lang='lat' dir='ltr'><em>ei</em></span> 
     </span>
     <span class='ocr_line' id='line_1_7' title="bbox 132 678 1174 726; baseline 0.009 -17"><span class='ocrx_word' id='word_1_37' title='bbox 132 682 255 710; x_wconf 80' lang='lat' dir='ltr'><em>tamen</em></span> <span class='ocrx_word' id='word_1_38' title='bbox 270 678 532 724; x_wconf 84' lang='lat' dir='ltr'><em>confidentiam</em></span> <span class='ocrx_word' id='word_1_39' title='bbox 550 680 700 726; x_wconf 76' lang='lat' dir='ltr'><em>gladius</em></span> <span class='ocrx_word' id='word_1_40' title='bbox 717 681 855 715; x_wconf 78' lang='lat' dir='ltr'><em>Martis</em></span> <span class='ocrx_word' id='word_1_41' title='bbox 869 684 1046 725; x_wconf 77' lang='lat' dir='ltr'><em>inventus,</em></span> <span class='ocrx_word' id='word_1_42' title='bbox 1067 695 1174 718; x_wconf 86' lang='lat' dir='ltr'><em>sacer</em></span> 
     </span>
     <span class='ocr_line' id='line_1_8' title="bbox 130 735 1170 786; baseline 0.008 -18"><span class='ocrx_word' id='word_1_43' title='bbox 130 735 235 781; x_wconf 76' lang='lat' dir='ltr'><em>apud</em></span> <span class='ocrx_word' id='word_1_44' title='bbox 238 735 456 782; x_wconf 81' lang='lat' dir='ltr'><em>Scytharum</em></span> <span class='ocrx_word' id='word_1_45' title='bbox 464 750 476 771; x_wconf 90' lang='grc'><em>1</em></span> <span class='ocrx_word' id='word_1_46' title='bbox 478 749 523 784; x_wconf 65' lang='lat'><em>&#39;0⁶’</em></span> <span class='ocrx_word' id='word_1_47' title='bbox 509 749 551 772; x_wconf 60' lang='lat' dir='ltr'><em>‘re</em></span> <span class='ocrx_word' id='word_1_48' title='bbox 553 750 569 772; x_wconf 84' lang='lat' dir='ltr'><em>s</em></span> <span class='ocrx_word' id='word_1_49' title='bbox 575 750 720 786; x_wconf 81' lang='lat' dir='ltr'><em>semper</em></span> <span class='ocrx_word' id='word_1_50' title='bbox 727 738 860 773; x_wconf 78' lang='lat' dir='ltr'><em>habitu</em></span> <span class='ocrx_word' id='word_1_51' title='bbox 860 752 886 776; x_wconf 92' lang='lat'><em>5.</em></span> <span class='ocrx_word' id='word_1_52' title='bbox 902 740 1018 785; x_wconf 82' lang='lat' dir='ltr'><em>Quem</em></span> <span class='ocrx_word' id='word_1_53' title='bbox 1027 742 1091 776; x_wconf 58' lang='lat' dir='ltr'><em>Pr·</em></span> <span class='ocrx_word' id='word_1_54' title='bbox 1074 754 1108 776; x_wconf 77' lang='grc' dir='ltr'><em>’ω-</em></span> <span class='ocrx_word' id='word_1_55' title='bbox 1109 754 1170 777; x_wconf 88' lang='lat' dir='ltr'><em>cus</em></span> 
     </span>
     <span class='ocr_line' id='line_1_9' title="bbox 131 791 1168 847; baseline 0.009 -21"><span class='ocrx_word' id='word_1_56' title='bbox 131 791 323 828; x_wconf 57' lang='grc' dir='ltr'><em>ἤιε-10110111·</em></span> <span class='ocrx_word' id='word_1_57' title='bbox 338 796 408 830; x_wconf 88' lang='lat' dir='ltr'><em>tali</em></span> <span class='ocrx_word' id='word_1_58' title='bbox 421 808 460 830; x_wconf 85' lang='grc'><em>11</em></span> <span class='ocrx_word' id='word_1_59' title='bbox 450 793 536 840; x_wconf 84' lang='lat' dir='ltr'><em>fert</em></span> <span class='ocrx_word' id='word_1_60' title='bbox 551 800 743 831; x_wconf 72' lang='lat' dir='ltr'><em>occas-ione</em></span> <span class='ocrx_word' id='word_1_61' title='bbox 755 798 948 833; x_wconf 83' lang='lat' dir='ltr'><em>detectum.</em></span> <span class='ocrx_word' id='word_1_62' title='bbox 967 799 1086 844; x_wconf 82' lang='lat' dir='ltr'><em>Quum</em></span> <span class='ocrx_word' id='word_1_63' title='bbox 1099 813 1168 847; x_wconf 82' lang='lat' dir='ltr'><em>pa-</em></span> 
     </span>
     <span class='ocr_line' id='line_1_10' title="bbox 127 856 1166 903; baseline 0.007 -17"><span class='ocrx_word' id='word_1_64' title='bbox 127 859 210 895; x_wconf 82' lang='lat' dir='ltr'><em>stor,</em></span> <span class='ocrx_word' id='word_1_65' title='bbox 241 856 425 901; x_wconf 76' lang='lat' dir='ltr'><em>inquiens,</em></span> <span class='ocrx_word' id='word_1_66' title='bbox 453 856 604 901; x_wconf 87' lang='lat' dir='ltr'><em>quidam</em></span> <span class='ocrx_word' id='word_1_67' title='bbox 621 859 747 903; x_wconf 76' lang='lat' dir='ltr'><em>gregis</em></span> <span class='ocrx_word' id='word_1_68' title='bbox 765 869 876 891; x_wconf 88' lang='lat' dir='ltr'><em>unam</em></span> <span class='ocrx_word' id='word_1_69' title='bbox 895 858 1063 892; x_wconf 84' lang='lat' dir='ltr'><em>buculam</em></span> <span class='ocrx_word' id='word_1_70' title='bbox 1079 871 1166 894; x_wconf 89' lang='lat' dir='ltr'><em>con—</em></span> 
     </span>
     <span class='ocr_line' id='line_1_11' title="bbox 126 913 1169 957; baseline 0.007 -13.034"><span class='ocrx_word' id='word_1_71' title='bbox 126 913 285 957; x_wconf 72' lang='lat' dir='ltr'><em>spicelet</em></span> <span class='ocrx_word' id='word_1_72' title='bbox 303 913 590 956; x_wconf 77' lang='lat' dir='ltr'><em>claudicantem,</em></span> <span class='ocrx_word' id='word_1_73' title='bbox 628 927 693 949; x_wconf 86' lang='lat' dir='ltr'><em>nec</em></span> <span class='ocrx_word' id='word_1_74' title='bbox 711 927 861 949; x_wconf 82' lang='lat' dir='ltr'><em>causam</em></span> <span class='ocrx_word' id='word_1_75' title='bbox 885 919 981 950; x_wconf 82' lang='lat' dir='ltr'><em>tanti</em></span> <span class='ocrx_word' id='word_1_76' title='bbox 1005 918 1169 951; x_wconf 81' lang='lat' dir='ltr'><em>vulneris</em></span> 
     </span>
     <span class='ocr_line' id='line_1_12' title="bbox 126 972 1165 1022; baseline 0.007 -19"><span class='ocrx_word' id='word_1_77' title='bbox 126 972 322 1013; x_wconf 75' lang='lat' dir='ltr'><em>irwcniret,</em></span> <span class='ocrx_word' id='word_1_78' title='bbox 359 973 535 1006; x_wconf 80' lang='lat' dir='ltr'><em>sollicitus</em></span> <span class='ocrx_word' id='word_1_79' title='bbox 564 985 611 1007; x_wconf 79' lang='lat' dir='ltr'><em>ve</em></span> <span class='ocrx_word' id='word_1_80' title='bbox 612 977 679 1020; x_wconf 78' lang='lat' dir='ltr'><em>sti</em></span> <span class='ocrx_word' id='word_1_81' title='bbox 665 977 727 1007; x_wconf 68' lang='grc' dir='ltr'>σία</span> <span class='ocrx_word' id='word_1_82' title='bbox 757 976 892 1008; x_wconf 85' lang='lat' dir='ltr'><em>cruoris</em></span> <span class='ocrx_word' id='word_1_83' title='bbox 929 977 1165 1022; x_wconf 76' lang='lat' dir='ltr'><em>insequitur:</em></span> 
     </span>
     <span class='ocr_line' id='line_1_13' title="bbox 126 1029 1164 1078; baseline 0.005 -16"><span class='ocrx_word' id='word_1_84' title='bbox 126 1029 238 1063; x_wconf 60' lang='lat' dir='ltr'><em>tamti</em></span> <span class='ocrx_word' id='word_1_85' title='bbox 240 1041 346 1076; x_wconf 84' lang='lat' dir='ltr'><em>mque</em></span> <span class='ocrx_word' id='word_1_86' title='bbox 359 1033 462 1064; x_wconf 81' lang='lat' dir='ltr'><em>venit</em></span> <span class='ocrx_word' id='word_1_87' title='bbox 474 1030 525 1064; x_wconf 83' lang='lat' dir='ltr'><em>ad</em></span> <span class='ocrx_word' id='word_1_88' title='bbox 534 1031 705 1076; x_wconf 75' lang='lat' dir='ltr'><em>gladium</em></span> <span class='ocrx_word' id='word_1_89' title='bbox 717 1043 848 1078; x_wconf 82' lang='lat' dir='ltr'><em>‚quem</em></span> <span class='ocrx_word' id='word_1_90' title='bbox 865 1032 1066 1078; x_wconf 81' lang='lat' dir='ltr'><em>depascens</em></span> <span class='ocrx_word' id='word_1_91' title='bbox 1081 1033 1164 1068; x_wconf 83' lang='lat' dir='ltr'><em>her-</em></span> 
     </span>
     <span class='ocr_line' id='line_1_14' title="bbox 125 1085 1168 1138; baseline 0.008 -19"><span class='ocrx_word' id='word_1_92' title='bbox 125 1085 192 1119; x_wconf 82' lang='lat' dir='ltr'><em>bas</em></span> <span class='ocrx_word' id='word_1_93' title='bbox 201 1087 332 1122; x_wconf 88' lang='lat' dir='ltr'><em>bucula</em></span> <span class='ocrx_word' id='word_1_94' title='bbox 349 1091 493 1122; x_wconf 78' lang='lat' dir='ltr'><em>incaute</em></span> <span class='ocrx_word' id='word_1_95' title='bbox 506 1090 722 1130; x_wconf 77' lang='lat' dir='ltr'><em>calcaverat,</em></span> <span class='ocrx_word' id='word_1_96' title='bbox 742 1087 992 1137; x_wconf 80' lang='lat' dir='ltr'><em>effossumque</em></span> <span class='ocrx_word' id='word_1_97' title='bbox 1001 1095 1168 1138; x_wconf 81' lang='lat' dir='ltr'><em>protinus</em></span> 
     </span>
     <span class='ocr_line' id='line_1_15' title="bbox 124 1145 1167 1194; baseline 0.006 -15"><span class='ocrx_word' id='word_1_98' title='bbox 124 1145 179 1178; x_wconf 77' lang='lat' dir='ltr'><em>acl</em></span> <span class='ocrx_word' id='word_1_99' title='bbox 192 1147 348 1181; x_wconf 78' lang='lat' dir='ltr'><em>Attilam</em></span> <span class='ocrx_word' id='word_1_100' title='bbox 370 1145 503 1191; x_wconf 83' lang='lat' dir='ltr'><em>defert.</em></span> <span class='ocrx_word' id='word_1_101' title='bbox 529 1147 608 1191; x_wconf 82' lang='lat' dir='ltr'><em>Quo</em></span> <span class='ocrx_word' id='word_1_102' title='bbox 629 1148 693 1181; x_wconf 89' lang='lat' dir='ltr'><em>ille</em></span> <span class='ocrx_word' id='word_1_103' title='bbox 713 1159 862 1182; x_wconf 79' lang='lat' dir='ltr'><em>munere</em></span> <span class='ocrx_word' id='word_1_104' title='bbox 875 1150 1104 1194; x_wconf 74' lang='lat' dir='ltr'><em>gratulatus,</em></span> <span class='ocrx_word' id='word_1_105' title='bbox 1129 1159 1167 1186; x_wconf 86' lang='lat' dir='ltr'><em>ut</em></span> 
     </span>
     <span class='ocr_line' id='line_1_16' title="bbox 123 1205 1164 1254; baseline 0.005 -17"><span class='ocrx_word' id='word_1_106' title='bbox 123 1211 205 1238; x_wconf 73' lang='lat' dir='ltr'><em>erut</em></span> <span class='ocrx_word' id='word_1_107' title='bbox 221 1206 494 1251; x_wconf 78' lang='lat' dir='ltr'><em>magnanimus,</em></span> <span class='ocrx_word' id='word_1_108' title='bbox 518 1205 718 1239; x_wconf 80' lang='lat' dir='ltr'><em>arbitratur</em></span> <span class='ocrx_word' id='word_1_109' title='bbox 734 1218 773 1239; x_wconf 83' lang='lat' dir='ltr'><em>se</em></span> <span class='ocrx_word' id='word_1_110' title='bbox 789 1209 898 1240; x_wconf 77' lang='lat' dir='ltr'><em>totius</em></span> <span class='ocrx_word' id='word_1_111' title='bbox 914 1208 1042 1240; x_wconf 86' lang='lat' dir='ltr'><em>mundi</em></span> <span class='ocrx_word' id='word_1_112' title='bbox 1054 1211 1164 1254; x_wconf 83' lang='lat' dir='ltr'><em>prin-</em></span> 
     </span>
     <span class='ocr_line' id='line_1_17' title="bbox 123 1263 1161 1314; baseline 0.007 -21"><span class='ocrx_word' id='word_1_113' title='bbox 123 1263 241 1307; x_wconf 77' lang='lat' dir='ltr'><em>cipem</em></span> <span class='ocrx_word' id='word_1_114' title='bbox 261 1265 489 1296; x_wconf 82' lang='lat' dir='ltr'><em>constitutum</em></span> <span class='ocrx_word' id='word_1_115' title='bbox 502 1290 512 1306; x_wconf 90' lang='lat'><em>,</em></span> <span class='ocrx_word' id='word_1_116' title='bbox 532 1271 568 1297; x_wconf 87' lang='lat' dir='ltr'><em>et</em></span> <span class='ocrx_word' id='word_1_117' title='bbox 579 1276 650 1310; x_wconf 83' lang='lat' dir='ltr'><em>per</em></span> <span class='ocrx_word' id='word_1_118' title='bbox 666 1264 800 1298; x_wconf 81' lang='lat' dir='ltr'><em>Martis</em></span> <span class='ocrx_word' id='word_1_119' title='bbox 814 1265 985 1310; x_wconf 75' lang='lat' dir='ltr'><em>gladium</em></span> <span class='ocrx_word' id='word_1_120' title='bbox 1000 1273 1161 1314; x_wconf 79' lang='lat' dir='ltr'><em>potcsta-</em></span> 
     </span>
     <span class='ocr_line' id='line_1_18' title="bbox 123 1317 1163 1358; baseline 0.007 -7"><span class='ocrx_word' id='word_1_121' title='bbox 123 1325 194 1352; x_wconf 81' lang='lat' dir='ltr'><em>tem</em></span> <span class='ocrx_word' id='word_1_122' title='bbox 210 1317 281 1353; x_wconf 71' lang='lat' dir='ltr'><em>sibi</em></span> <span class='ocrx_word' id='word_1_123' title='bbox 298 1331 503 1354; x_wconf 79' lang='lat' dir='ltr'><em>concessam</em></span> <span class='ocrx_word' id='word_1_124' title='bbox 521 1332 597 1355; x_wconf 85' lang='lat' dir='ltr'><em>esse</em></span> <span class='ocrx_word' id='word_1_125' title='bbox 617 1321 807 1356; x_wconf 80' lang='lat' dir='ltr'><em>bellorum.</em></span> <span class='ocrx_word' id='word_1_126' title='bbox 825 1323 957 1358; x_wconf 82' lang='lat' dir='ltr'><em>Paucis</em></span> <span class='ocrx_word' id='word_1_127' title='bbox 969 1323 1048 1358; x_wconf 79' lang='lat' dir='ltr'><em>haec</em></span> <span class='ocrx_word' id='word_1_128' title='bbox 1066 1324 1163 1358; x_wconf 85' lang='lat' dir='ltr'><em>indi—</em></span> 
     </span>
     <span class='ocr_line' id='line_1_19' title="bbox 123 1377 1164 1426; baseline 0.005 -15"><span class='ocrx_word' id='word_1_129' title='bbox 123 1384 207 1412; x_wconf 80' lang='lat' dir='ltr'><em>cata</em></span> <span class='ocrx_word' id='word_1_130' title='bbox 234 1378 273 1412; x_wconf 86' lang='lat' dir='ltr'><em>in</em></span> <span class='ocrx_word' id='word_1_131' title='bbox 302 1377 347 1412; x_wconf 82' lang='lat' dir='ltr'><em>fr.</em></span> <span class='ocrx_word' id='word_1_132' title='bbox 370 1377 413 1422; x_wconf 87' lang='grc'><em>8,</em></span> <span class='ocrx_word' id='word_1_133' title='bbox 441 1391 481 1426; x_wconf 88' lang='lat' dir='ltr'><em>p.</em></span> <span class='ocrx_word' id='word_1_134' title='bbox 516 1391 580 1426; x_wconf 83' lang='lat'><em>9¹·</em></span> <span class='ocrx_word' id='word_1_135' title='bbox 615 1379 723 1414; x_wconf 84' lang='lat' dir='ltr'>Adde</span> <span class='ocrx_word' id='word_1_136' title='bbox 755 1380 913 1415; x_wconf 83' lang='lat' dir='ltr'><em>alterum</em></span> <span class='ocrx_word' id='word_1_137' title='bbox 948 1380 993 1415; x_wconf 87' lang='lat' dir='ltr'><em>de</em></span> <span class='ocrx_word' id='word_1_138' title='bbox 1019 1382 1164 1417; x_wconf 89' lang='lat' dir='ltr'><em>Hunnis</em></span> 
     </span>
     <span class='ocr_line' id='line_1_20' title="bbox 121 1435 1162 1486; baseline 0.006 -17"><span class='ocrx_word' id='word_1_139' title='bbox 121 1435 268 1480; x_wconf 88' lang='lat' dir='ltr'><em>locum,</em></span> <span class='ocrx_word' id='word_1_140' title='bbox 284 1436 350 1470; x_wconf 90' lang='lat' dir='ltr'><em>ubi</em></span> <span class='ocrx_word' id='word_1_141' title='bbox 371 1437 518 1471; x_wconf 87' lang='lat' dir='ltr'><em>Priscus</em></span> <span class='ocrx_word' id='word_1_142' title='bbox 537 1437 714 1472; x_wconf 83' lang='lat' dir='ltr'><em>laudatur</em></span> <span class='ocrx_word' id='word_1_143' title='bbox 733 1450 795 1486; x_wconf 83' lang='lat' dir='ltr'><em>ap.</em></span> <span class='ocrx_word' id='word_1_144' title='bbox 820 1439 1004 1474; x_wconf 80' lang='lat' dir='ltr'><em>Jornand.</em></span> <span class='ocrx_word' id='word_1_145' title='bbox 1029 1452 1062 1474; x_wconf 90' lang='lat' dir='ltr'><em>c.</em></span> <span class='ocrx_word' id='word_1_146' title='bbox 1088 1445 1133 1483; x_wconf 72' lang='grc'><em>24</em></span> <span class='ocrx_word' id='word_1_147' title='bbox 1153 1453 1162 1478; x_wconf 87' lang='lat'>:</span> 
     </span>
     <span class='ocr_line' id='line_1_21' title="bbox 127 1495 1164 1543; baseline 0.006 -16"><span class='ocrx_word' id='word_1_148' title='bbox 127 1495 213 1528; x_wconf 83' lang='lat' dir='ltr'><em>Tali</em></span> <span class='ocrx_word' id='word_1_149' title='bbox 235 1506 321 1541; x_wconf 75' lang='lat' dir='ltr'><em>ergo</em></span> <span class='ocrx_word' id='word_1_150' title='bbox 349 1495 475 1530; x_wconf 87' lang='lat' dir='ltr'><em>Hunni</em></span> <span class='ocrx_word' id='word_1_151' title='bbox 500 1499 612 1543; x_wconf 72' lang='lat' dir='ltr'><em>stiipe</em></span> <span class='ocrx_word' id='word_1_152' title='bbox 636 1500 767 1541; x_wconf 83' lang='lat' dir='ltr'><em>creati,</em></span> <span class='ocrx_word' id='word_1_153' title='bbox 806 1497 1002 1532; x_wconf 76' lang='lat' dir='ltr'><em>Gothorum</em></span> <span class='ocrx_word' id='word_1_154' title='bbox 1029 1498 1164 1542; x_wconf 74' lang='lat' dir='ltr'><em>finibus</em></span> 
     </span>
     <span class='ocr_line' id='line_1_22' title="bbox 122 1552 1164 1598; baseline 0.005 -13"><span class='ocrx_word' id='word_1_155' title='bbox 122 1552 311 1589; x_wconf 73' lang='lat' dir='ltr'><em>advenere.</em></span> <span class='ocrx_word' id='word_1_156' title='bbox 332 1553 492 1598; x_wconf 81' lang='lat' dir='ltr'><em>Quorum</em></span> <span class='ocrx_word' id='word_1_157' title='bbox 506 1557 608 1588; x_wconf 84' lang='lat' dir='ltr'><em>natio</em></span> <span class='ocrx_word' id='word_1_158' title='bbox 622 1566 737 1595; x_wconf 70' lang='lat' dir='ltr'><em>soeva,</em></span> <span class='ocrx_word' id='word_1_159' title='bbox 765 1562 802 1588; x_wconf 86' lang='lat' dir='ltr'><em>ut</em></span> <span class='ocrx_word' id='word_1_160' title='bbox 818 1555 961 1590; x_wconf 77' lang='lat' dir='ltr'><em>Priscus</em></span> <span class='ocrx_word' id='word_1_161' title='bbox 975 1555 1164 1591; x_wconf 77' lang='lat' dir='ltr'><em>historicus</em></span> 
     </span>
     <span class='ocr_line' id='line_1_23' title="bbox 120 1609 1153 1662; baseline 0.005 -17"><span class='ocrx_word' id='word_1_162' title='bbox 120 1609 252 1655; x_wconf 71' lang='lat' dir='ltr'><em>refert,</em></span> <span class='ocrx_word' id='word_1_163' title='bbox 274 1614 310 1646; x_wconf 84' lang='lat' dir='ltr'><em>in</em></span> <span class='ocrx_word' id='word_1_164' title='bbox 322 1613 501 1647; x_wconf 77' lang='lat' dir='ltr'><em>Moeotsde</em></span> <span class='ocrx_word' id='word_1_165' title='bbox 508 1613 648 1660; x_wconf 82' lang='lat' dir='ltr'><em>palude</em></span> <span class='ocrx_word' id='word_1_166' title='bbox 658 1614 864 1648; x_wconf 78' lang='lat' dir='ltr'><em>ulteriorem</em></span> <span class='ocrx_word' id='word_1_167' title='bbox 876 1618 998 1662; x_wconf 81' lang='lat' dir='ltr'><em>ripam</em></span> <span class='ocrx_word' id='word_1_168' title='bbox 1012 1617 1153 1658; x_wconf 77' lang='lat' dir='ltr'><em>insedit,</em></span> 
     </span>
     <span class='ocr_line' id='line_1_24' title="bbox 121 1672 1162 1720; baseline 0.005 -17"><span class='ocrx_word' id='word_1_169' title='bbox 121 1672 320 1704; x_wconf 78' lang='lat' dir='ltr'><em>venatione</em></span> <span class='ocrx_word' id='word_1_170' title='bbox 344 1678 505 1715; x_wconf 81' lang='lat' dir='ltr'><em>tantum,</em></span> <span class='ocrx_word' id='word_1_171' title='bbox 526 1683 592 1705; x_wconf 84' lang='lat' dir='ltr'><em>nec</em></span> <span class='ocrx_word' id='word_1_172' title='bbox 621 1672 698 1706; x_wconf 88' lang='lat' dir='ltr'><em>alio</em></span> <span class='ocrx_word' id='word_1_173' title='bbox 727 1672 851 1706; x_wconf 87' lang='lat' dir='ltr'><em>labore</em></span> <span class='ocrx_word' id='word_1_174' title='bbox 883 1681 1060 1720; x_wconf 76' lang='lat' dir='ltr'><em>experta,</em></span> <span class='ocrx_word' id='word_1_175' title='bbox 1089 1678 1162 1709; x_wconf 84' lang='lat' dir='ltr'><em>nisi</em></span> 
     </span>
     <span class='ocr_line' id='line_1_25' title="bbox 121 1727 1163 1777; baseline 0.007 -16"><span class='ocrx_word' id='word_1_176' title='bbox 121 1727 233 1773; x_wconf 85' lang='lat' dir='ltr'><em>quod,</em></span> <span class='ocrx_word' id='word_1_177' title='bbox 259 1736 452 1775; x_wconf 76' lang='lat' dir='ltr'><em>postquam</em></span> <span class='ocrx_word' id='word_1_178' title='bbox 469 1731 636 1763; x_wconf 76' lang='lat' dir='ltr'><em>crevisset</em></span> <span class='ocrx_word' id='word_1_179' title='bbox 653 1732 690 1763; x_wconf 83' lang='lat' dir='ltr'><em>in</em></span> <span class='ocrx_word' id='word_1_180' title='bbox 709 1731 882 1777; x_wconf 38' lang='lat' dir='ltr'><em>populos,</em></span> <span class='ocrx_word' id='word_1_181' title='bbox 898 1729 1103 1777; x_wconf 69' lang='lat' dir='ltr'><em>fraudibus</em></span> <span class='ocrx_word' id='word_1_182' title='bbox 1126 1740 1163 1768; x_wconf 83' lang='lat' dir='ltr'><em>ct</em></span> 
     </span>
     <span class='ocr_line' id='line_1_26' title="bbox 121 1789 867 1835; baseline 0.007 -16"><span class='ocrx_word' id='word_1_183' title='bbox 121 1789 262 1835; x_wconf 77' lang='lat' dir='ltr'><em>rapinis</em></span> <span class='ocrx_word' id='word_1_184' title='bbox 282 1789 444 1822; x_wconf 83' lang='lat' dir='ltr'><em>vicinam</em></span> <span class='ocrx_word' id='word_1_185' title='bbox 462 1795 609 1834; x_wconf 75' lang='lat' dir='ltr'><em>gentem</em></span> <span class='ocrx_word' id='word_1_186' title='bbox 634 1789 867 1826; x_wconf 72' lang='lat' dir='ltr'><em>conturbavit.</em></span> 
     </span>
    </p>
   </div>
   <div class='ocr_carea' id='block_1_5' title="bbox 590 1874 691 1925">
    <p class='ocr_par' dir='ltr' id='par_1_5' title="bbox 590 1874 691 1925">
     <span class='ocr_line' id='line_1_27' title="bbox 590 1874 691 1925; baseline 0 0"><span class='ocrx_word' id='word_1_187' title='bbox 590 1874 691 1925; x_wconf 56' lang='grc' dir='ltr'>[ιι]</span> 
     </span>
    </p>
   </div>
   <div class='ocr_carea' id='block_1_6' title="bbox 117 1959 1160 2543">
    <p class='ocr_par' dir='ltr' id='par_1_6' title="bbox 117 1959 1160 2543">
     <span class='ocr_line' id='line_1_28' title="bbox 173 1959 1159 2014; baseline 0.006 -17"><span class='ocrx_word' id='word_1_188' title='bbox 173 1959 328 2013; x_wconf 83' lang='lat' dir='ltr'><em>[Suidas</em></span> <span class='ocrx_word' id='word_1_189' title='bbox 345 1974 354 2000; x_wconf 86' lang='lat'>:</span> <span class='ocrx_word' id='word_1_190' title='bbox 373 1961 534 2013; x_wconf 76' lang='grc' dir='ltr'>Ζέρκων,</span> <span class='ocrx_word' id='word_1_191' title='bbox 551 1961 688 2009; x_wconf 82' lang='grc' dir='ltr'>Σκύθης</span> <span class='ocrx_word' id='word_1_192' title='bbox 701 1960 792 2000; x_wconf 80' lang='grc' dir='ltr'>οὕτω</span> <span class='ocrx_word' id='word_1_193' title='bbox 808 1962 1017 2014; x_wconf 82' lang='grc' dir='ltr'>καλούμενος</span> <span class='ocrx_word' id='word_1_194' title='bbox 1028 1994 1037 2011; x_wconf 87' lang='grc'><strong>,</strong></span> <span class='ocrx_word' id='word_1_195' title='bbox 1055 1966 1159 2003; x_wconf 91' lang='grc' dir='ltr'>Μαυ-</span> 
     </span>
     <span class='ocr_line' id='line_1_29' title="bbox 121 2019 1159 2074; baseline 0.006 -18"><span class='ocrx_word' id='word_1_196' title='bbox 121 2019 254 2072; x_wconf 82' lang='grc' dir='ltr'>ρούσιος</span> <span class='ocrx_word' id='word_1_197' title='bbox 277 2020 316 2058; x_wconf 80' lang='grc' dir='ltr'><em>τὸ</em></span> <span class='ocrx_word' id='word_1_198' title='bbox 346 2020 459 2071; x_wconf 82' lang='grc' dir='ltr'>γένος,</span> <span class='ocrx_word' id='word_1_199' title='bbox 487 2021 543 2058; x_wconf 82' lang='grc' dir='ltr'>διὰ</span> <span class='ocrx_word' id='word_1_200' title='bbox 570 2019 606 2058; x_wconf 82' lang='grc' dir='ltr'><em>δὲ</em></span> <span class='ocrx_word' id='word_1_201' title='bbox 635 2037 827 2074; x_wconf 77' lang='grc' dir='ltr'>κακοφυιαν</span> <span class='ocrx_word' id='word_1_202' title='bbox 849 2021 1011 2071; x_wconf 84' lang='grc' dir='ltr'>σώματος</span> <span class='ocrx_word' id='word_1_203' title='bbox 1038 2023 1098 2061; x_wconf 77' lang='grc' dir='ltr'><em>καὶ</em></span> <span class='ocrx_word' id='word_1_204' title='bbox 1120 2025 1159 2062; x_wconf 84' lang='grc' dir='ltr'><em>τὸ</em></span> 
     </span>
     <span class='ocr_line' id='line_1_30' title="bbox 119 2078 1160 2134; baseline 0.005 -19"><span class='ocrx_word' id='word_1_205' title='bbox 119 2079 290 2129; x_wconf 78' lang='grc' dir='ltr'>γέλωτα’</span> <span class='ocrx_word' id='word_1_206' title='bbox 275 2094 315 2116; x_wconf 88' lang='grc' dir='ltr'><em>εκ</em></span> <span class='ocrx_word' id='word_1_207' title='bbox 333 2081 394 2125; x_wconf 82' lang='grc' dir='ltr'>τ’ἧς</span> <span class='ocrx_word' id='word_1_208' title='bbox 414 2078 646 2131; x_wconf 77' lang='grc' dir='ltr'>τραυλότητος</span> <span class='ocrx_word' id='word_1_209' title='bbox 670 2083 730 2126; x_wconf 81' lang='grc' dir='ltr'>τ’ἧς</span> <span class='ocrx_word' id='word_1_210' title='bbox 750 2083 865 2133; x_wconf 74' lang='grc' dir='ltr'>φωνῆς</span> <span class='ocrx_word' id='word_1_211' title='bbox 885 2084 944 2118; x_wconf 83' lang='grc' dir='ltr'><em>καὶ</em></span> <span class='ocrx_word' id='word_1_212' title='bbox 961 2081 1070 2134; x_wconf 82' lang='grc' dir='ltr'>ὅψεως</span> <span class='ocrx_word' id='word_1_213' title='bbox 1089 2098 1160 2120; x_wconf 87' lang='grc' dir='ltr'><em>πα-</em></span> 
     </span>
     <span class='ocr_line' id='line_1_31' title="bbox 120 2136 1160 2193; baseline 0.005 -19"><span class='ocrx_word' id='word_1_214' title='bbox 120 2136 231 2190; x_wconf 78' lang='grc' dir='ltr'>ρέχειν</span> <span class='ocrx_word' id='word_1_215' title='bbox 259 2137 413 2190; x_wconf 76' lang='grc' dir='ltr'>(βραχὺς</span> <span class='ocrx_word' id='word_1_216' title='bbox 438 2137 505 2190; x_wconf 87' lang='grc' dir='ltr'><em>γάρ</em></span> <span class='ocrx_word' id='word_1_217' title='bbox 530 2154 579 2182; x_wconf 89' lang='grc' dir='ltr'><em>τις</em></span> <span class='ocrx_word' id='word_1_218' title='bbox 597 2142 664 2188; x_wconf 82' lang='grc' dir='ltr'>ἠν,</span> <span class='ocrx_word' id='word_1_219' title='bbox 688 2139 830 2190; x_wconf 74' lang='grc' dir='ltr'>κυρτὸς,</span> <span class='ocrx_word' id='word_1_220' title='bbox 862 2139 1064 2193; x_wconf 80' lang='grc' dir='ltr'>διάστροφος</span> <span class='ocrx_word' id='word_1_221' title='bbox 1090 2144 1160 2185; x_wconf 83' lang='grc' dir='ltr'>τοῖς</span> 
     </span>
     <span class='ocr_line' id='line_1_32' title="bbox 118 2196 1159 2250; baseline 0.005 -18"><span class='ocrx_word' id='word_1_222' title='bbox 118 2211 221 2243; x_wconf 86' lang='grc' dir='ltr'>ποσι,</span> <span class='ocrx_word' id='word_1_223' title='bbox 244 2196 340 2242; x_wconf 79' lang='grc' dir='ltr'><em>τὴν</em></span> <span class='ocrx_word' id='word_1_224' title='bbox 327 2199 402 2249; x_wconf 90' lang='grc' dir='ltr'>ρῒνα</span> <span class='ocrx_word' id='word_1_225' title='bbox 435 2199 502 2239; x_wconf 87' lang='grc' dir='ltr'>τοῖς</span> <span class='ocrx_word' id='word_1_226' title='bbox 533 2199 705 2249; x_wconf 67' lang='grc' dir='ltr'>μυκτῆρσι</span> <span class='ocrx_word' id='word_1_227' title='bbox 726 2198 954 2250; x_wconf 67' lang='grc' dir='ltr'>παραφαίνων</span> <span class='ocrx_word' id='word_1_228' title='bbox 980 2199 1035 2236; x_wconf 88' lang='grc' dir='ltr'>διὰ</span> <span class='ocrx_word' id='word_1_229' title='bbox 1057 2199 1159 2250; x_wconf 83' lang='grc' dir='ltr'>σιμό-</span> 
     </span>
     <span class='ocr_line' id='line_1_33' title="bbox 117 2252 1155 2310; baseline 0.004 -19"><span class='ocrx_word' id='word_1_230' title='bbox 117 2269 219 2300; x_wconf 85' lang='grc' dir='ltr'>τητος</span> <span class='ocrx_word' id='word_1_231' title='bbox 231 2254 425 2306; x_wconf 70' lang='grc' dir='ltr'>δπερὸολήν</span> <span class='ocrx_word' id='word_1_232' title='bbox 436 2257 460 2304; x_wconf 81' lang='lat'><em>),</em></span> <span class='ocrx_word' id='word_1_233' title='bbox 474 2252 683 2309; x_wconf 76' lang='grc' dir='ltr'>Ἄσπαριτῷ</span> <span class='ocrx_word' id='word_1_234' title='bbox 694 2255 936 2309; x_wconf 72' lang='grc' dir='ltr'>Ἀρδαὸουρίου</span> <span class='ocrx_word' id='word_1_235' title='bbox 951 2257 1155 2310; x_wconf 82' lang='grc' dir='ltr'>ἐδεδώρητο,</span> 
     </span>
     <span class='ocr_line' id='line_1_34' title="bbox 117 2311 1157 2367; baseline 0.004 -18"><span class='ocrx_word' id='word_1_236' title='bbox 117 2314 196 2350; x_wconf 84' lang='grc' dir='ltr'>καθ’</span> <span class='ocrx_word' id='word_1_237' title='bbox 217 2311 253 2350; x_wconf 85' lang='grc' dir='ltr'>ὃν</span> <span class='ocrx_word' id='word_1_238' title='bbox 273 2314 307 2349; x_wconf 82' lang='grc' dir='ltr'>ἐν</span> <span class='ocrx_word' id='word_1_239' title='bbox 332 2312 447 2364; x_wconf 67' lang='grc' dir='ltr'>Λιὸύῃ</span> <span class='ocrx_word' id='word_1_240' title='bbox 473 2312 618 2365; x_wconf 65' lang='grc' dir='ltr'>διέτριὸε</span> <span class='ocrx_word' id='word_1_241' title='bbox 638 2314 774 2364; x_wconf 82' lang='grc' dir='ltr'>χρόνον.</span> <span class='ocrx_word' id='word_1_242' title='bbox 797 2313 901 2353; x_wconf 83' lang='grc' dir='ltr'><em>Ἤλω</em></span> <span class='ocrx_word' id='word_1_243' title='bbox 921 2314 956 2352; x_wconf 84' lang='grc' dir='ltr'><em>δὲ</em></span> <span class='ocrx_word' id='word_1_244' title='bbox 977 2317 1043 2352; x_wconf 82' lang='grc' dir='ltr'><em>τῶν</em></span> <span class='ocrx_word' id='word_1_245' title='bbox 1067 2318 1157 2367; x_wconf 87' lang='grc' dir='ltr'>βαρ-</span> 
     </span>
     <span class='ocr_line' id='line_1_35' title="bbox 120 2369 1155 2426; baseline 0.003 -18"><span class='ocrx_word' id='word_1_246' title='bbox 120 2369 238 2422; x_wconf 77' lang='grc' dir='ltr'>6άρων</span> <span class='ocrx_word' id='word_1_247' title='bbox 258 2373 291 2414; x_wconf 80' lang='grc' dir='ltr'>ἐς</span> <span class='ocrx_word' id='word_1_248' title='bbox 310 2370 372 2416; x_wconf 82' lang='grc' dir='ltr'><em>τὴν</em></span> <span class='ocrx_word' id='word_1_249' title='bbox 390 2374 542 2424; x_wconf 74' lang='grc' dir='ltr'>Θρακῶν</span> <span class='ocrx_word' id='word_1_250' title='bbox 560 2371 783 2422; x_wconf 64' lang='grc' dir='ltr'>ε’μὲαλόντων</span> <span class='ocrx_word' id='word_1_251' title='bbox 802 2373 860 2411; x_wconf 78' lang='grc' dir='ltr'><em>καὶ</em></span> <span class='ocrx_word' id='word_1_252' title='bbox 879 2372 976 2425; x_wconf 82' lang='grc' dir='ltr'>παρὰ</span> <span class='ocrx_word' id='word_1_253' title='bbox 996 2373 1073 2417; x_wconf 78' lang='grc' dir='ltr'>τοὺς</span> <span class='ocrx_word' id='word_1_254' title='bbox 1092 2377 1155 2426; x_wconf 86' lang='grc' dir='ltr'><em>βα-</em></span> 
     </span>
     <span class='ocr_line' id='line_1_36' title="bbox 120 2429 1156 2482; baseline 0.002 -15"><span class='ocrx_word' id='word_1_255' title='bbox 120 2429 267 2473; x_wconf 87' lang='grc' dir='ltr'>σιλείους</span> <span class='ocrx_word' id='word_1_256' title='bbox 297 2429 389 2481; x_wconf 74' lang='grc' dir='ltr'>ἤχθη</span> <span class='ocrx_word' id='word_1_257' title='bbox 423 2432 584 2480; x_wconf 79' lang='grc' dir='ltr'>Σκύθας,</span> <span class='ocrx_word' id='word_1_258' title='bbox 615 2430 675 2468; x_wconf 84' lang='grc' dir='ltr'><em>καὶ</em></span> <span class='ocrx_word' id='word_1_259' title='bbox 710 2431 876 2478; x_wconf 80' lang='grc' dir='ltr'>Ἀττήλας</span> <span class='ocrx_word' id='word_1_260' title='bbox 905 2432 966 2482; x_wconf 83' lang='grc' dir='ltr'><em>μὲν</em></span> <span class='ocrx_word' id='word_1_261' title='bbox 996 2432 1073 2470; x_wconf 77' lang='grc' dir='ltr'>οὐδὲ</span> <span class='ocrx_word' id='word_1_262' title='bbox 1092 2433 1156 2478; x_wconf 77' lang='grc' dir='ltr'><em>τὴν</em></span> 
     </span>
     <span class='ocr_line' id='line_1_37' title="bbox 118 2488 1157 2543; baseline 0.004 -18"><span class='ocrx_word' id='word_1_263' title='bbox 118 2490 224 2526; x_wconf 73' lang='grc' dir='ltr'>αὐτοῦ</span> <span class='ocrx_word' id='word_1_264' title='bbox 239 2488 381 2538; x_wconf 74' lang='grc' dir='ltr'>ἤνεγκεν</span> <span class='ocrx_word' id='word_1_265' title='bbox 397 2488 492 2541; x_wconf 75' lang='grc' dir='ltr'>ὄψιν·</span> <span class='ocrx_word' id='word_1_266' title='bbox 505 2491 522 2526; x_wconf 99' lang='lat'>6</span> <span class='ocrx_word' id='word_1_267' title='bbox 539 2488 575 2527; x_wconf 85' lang='grc' dir='ltr'><em>δὲ</em></span> <span class='ocrx_word' id='word_1_268' title='bbox 591 2489 729 2536; x_wconf 83' lang='grc' dir='ltr'>Βλήδας</span> <span class='ocrx_word' id='word_1_269' title='bbox 745 2489 833 2536; x_wconf 80' lang='grc' dir='ltr'>ἥσθη</span> <span class='ocrx_word' id='word_1_270' title='bbox 850 2489 928 2528; x_wconf 89' lang='grc' dir='ltr'>λίαν</span> <span class='ocrx_word' id='word_1_271' title='bbox 946 2492 1040 2543; x_wconf 79' lang='grc' dir='ltr'>αὐτῷ</span> <span class='ocrx_word' id='word_1_272' title='bbox 1057 2495 1157 2543; x_wconf 81' lang='grc' dir='ltr'>φθεγ-</span> 
     </span>
    </p>
   </div>
   <div class='ocr_carea' id='block_1_7' title="bbox 118 2608 1162 3430">
    <p class='ocr_par' dir='ltr' id='par_1_7' title="bbox 608 2608 664 2640">
     <span class='ocr_line' id='line_1_38' title="bbox 608 2608 664 2640; baseline 0 0"><span class='ocrx_word' id='word_1_273' title='bbox 608 2608 622 2640; x_wconf 92' lang='grc'><em>1</em></span> <span class='ocrx_word' id='word_1_274' title='bbox 634 2609 646 2640; x_wconf 94' lang='lat' dir='ltr'><em>l</em></span> <span class='ocrx_word' id='word_1_275' title='bbox 656 2631 664 2640; x_wconf 91' lang='lat'><strong>.</strong></span> 
     </span>
    </p>

    <p class='ocr_par' dir='ltr' id='par_1_8' title="bbox 118 2662 1162 3430">
     <span class='ocr_line' id='line_1_39' title="bbox 160 2662 1161 2703; baseline 0.001 -10"><span class='ocrx_word' id='word_1_276' title='bbox 160 2664 297 2701; x_wconf 87' lang='lat' dir='ltr'><em>Zercon‚</em></span> <span class='ocrx_word' id='word_1_277' title='bbox 313 2662 432 2702; x_wconf 83' lang='lat' dir='ltr'>Scytha</span> <span class='ocrx_word' id='word_1_278' title='bbox 446 2662 490 2694; x_wconf 86' lang='lat' dir='ltr'><em>sic</em></span> <span class='ocrx_word' id='word_1_279' title='bbox 503 2663 654 2702; x_wconf 81' lang='lat' dir='ltr'><em>vocatus,</em></span> <span class='ocrx_word' id='word_1_280' title='bbox 670 2671 782 2702; x_wconf 78' lang='lat' dir='ltr'><em>genere</em></span> <span class='ocrx_word' id='word_1_281' title='bbox 799 2663 992 2694; x_wconf 81' lang='lat' dir='ltr'><em>Maurusius.</em></span> <span class='ocrx_word' id='word_1_282' title='bbox 1011 2663 1072 2700; x_wconf 88' lang='lat' dir='ltr'><em>Qui</em></span> <span class='ocrx_word' id='word_1_283' title='bbox 1089 2671 1161 2703; x_wconf 89' lang='lat' dir='ltr'><em>pro-</em></span> 
     </span>
     <span class='ocr_line' id='line_1_40' title="bbox 118 2714 1160 2756; baseline 0 -10"><span class='ocrx_word' id='word_1_284' title='bbox 118 2717 189 2756; x_wconf 87' lang='lat' dir='ltr'><em>pter</em></span> <span class='ocrx_word' id='word_1_285' title='bbox 205 2714 346 2755; x_wconf 86' lang='lat' dir='ltr'><em>corporis</em></span> <span class='ocrx_word' id='word_1_286' title='bbox 359 2715 607 2755; x_wconf 80' lang='lat' dir='ltr'><em>deformitatem,</em></span> <span class='ocrx_word' id='word_1_287' title='bbox 621 2717 653 2747; x_wconf 89' lang='lat' dir='ltr'><em>et</em></span> <span class='ocrx_word' id='word_1_288' title='bbox 663 2715 749 2755; x_wconf 87' lang='lat' dir='ltr'><em>quod</em></span> <span class='ocrx_word' id='word_1_289' title='bbox 763 2715 847 2746; x_wconf 83' lang='lat' dir='ltr'><em>vocis</em></span> <span class='ocrx_word' id='word_1_290' title='bbox 862 2714 1004 2746; x_wconf 78' lang='lat' dir='ltr'><em>balbutie</em></span> <span class='ocrx_word' id='word_1_291' title='bbox 1019 2717 1160 2755; x_wconf 79' lang='lat' dir='ltr'><em>ipsoque</em></span> 
     </span>
     <span class='ocr_line' id='line_1_41' title="bbox 119 2767 1160 2808; baseline -0.001 -9"><span class='ocrx_word' id='word_1_292' title='bbox 119 2768 270 2808; x_wconf 80' lang='lat' dir='ltr'><em>adspectu</em></span> <span class='ocrx_word' id='word_1_293' title='bbox 281 2768 378 2799; x_wconf 82' lang='lat' dir='ltr'><em>rlsum</em></span> <span class='ocrx_word' id='word_1_294' title='bbox 393 2768 542 2799; x_wconf 82' lang='lat' dir='ltr'><em>movebat</em></span> <span class='ocrx_word' id='word_1_295' title='bbox 558 2768 652 2808; x_wconf 88' lang='lat' dir='ltr'><em>(nam</em></span> <span class='ocrx_word' id='word_1_296' title='bbox 667 2768 770 2799; x_wconf 81' lang='lat' dir='ltr'><em>brevis</em></span> <span class='ocrx_word' id='word_1_297' title='bbox 783 2769 861 2807; x_wconf 85' lang='lat' dir='ltr'><em>erat,</em></span> <span class='ocrx_word' id='word_1_298' title='bbox 875 2768 1033 2807; x_wconf 85' lang='lat' dir='ltr'><em>gibbosus,</em></span> <span class='ocrx_word' id='word_1_299' title='bbox 1049 2767 1160 2799; x_wconf 87' lang='lat' dir='ltr'><em>distor-</em></span> 
     </span>
     <span class='ocr_line' id='line_1_42' title="bbox 118 2819 1161 2860; baseline -0.003 -8"><span class='ocrx_word' id='word_1_300' title='bbox 118 2820 160 2852; x_wconf 78' lang='lat' dir='ltr'><em>tis</em></span> <span class='ocrx_word' id='word_1_301' title='bbox 177 2819 332 2860; x_wconf 82' lang='lat' dir='ltr'><em>pedibus,</em></span> <span class='ocrx_word' id='word_1_302' title='bbox 362 2822 394 2851; x_wconf 86' lang='lat' dir='ltr'><em>et</em></span> <span class='ocrx_word' id='word_1_303' title='bbox 409 2821 525 2851; x_wconf 86' lang='lat' dir='ltr'><em>mirum</em></span> <span class='ocrx_word' id='word_1_304' title='bbox 539 2821 571 2851; x_wconf 90' lang='lat' dir='ltr'><em>in</em></span> <span class='ocrx_word' id='word_1_305' title='bbox 591 2819 723 2851; x_wconf 86' lang='lat' dir='ltr'><em>modum</em></span> <span class='ocrx_word' id='word_1_306' title='bbox 741 2820 858 2858; x_wconf 83' lang='lat' dir='ltr'><em>simus,</em></span> <span class='ocrx_word' id='word_1_307' title='bbox 882 2820 925 2850; x_wconf 81' lang='lat' dir='ltr'><em>ita</em></span> <span class='ocrx_word' id='word_1_308' title='bbox 948 2821 984 2850; x_wconf 85' lang='lat' dir='ltr'><em>ut</em></span> <span class='ocrx_word' id='word_1_309' title='bbox 1006 2827 1121 2850; x_wconf 80' lang='lat' dir='ltr'><em>nasum</em></span> <span class='ocrx_word' id='word_1_310' title='bbox 1143 2827 1161 2850; x_wconf 86' lang='lat' dir='ltr'><em>e</em></span> 
     </span>
     <span class='ocr_line' id='line_1_43' title="bbox 119 2871 1159 2911; baseline -0.001 -9"><span class='ocrx_word' id='word_1_311' title='bbox 119 2872 249 2903; x_wconf 87' lang='lat' dir='ltr'><em>naribus</em></span> <span class='ocrx_word' id='word_1_312' title='bbox 264 2872 392 2903; x_wconf 84' lang='lat' dir='ltr'><em>tantum</em></span> <span class='ocrx_word' id='word_1_313' title='bbox 406 2872 647 2911; x_wconf 81' lang='lat' dir='ltr'><em>cognosceres),</em></span> <span class='ocrx_word' id='word_1_314' title='bbox 667 2871 775 2911; x_wconf 86' lang='lat' dir='ltr'><em>Aspari</em></span> <span class='ocrx_word' id='word_1_315' title='bbox 788 2896 796 2911; x_wconf 91' lang='lat'>‚</span> <span class='ocrx_word' id='word_1_316' title='bbox 814 2871 974 2903; x_wconf 71' lang='lat' dir='ltr'><em>Artaliurii</em></span> <span class='ocrx_word' id='word_1_317' title='bbox 991 2871 1075 2909; x_wconf 83' lang='lat' dir='ltr'><em>filio,</em></span> <span class='ocrx_word' id='word_1_318' title='bbox 1089 2873 1159 2902; x_wconf 85' lang='lat' dir='ltr'><em>tum</em></span> 
     </span>
     <span class='ocr_line' id='line_1_44' title="bbox 119 2923 1159 2963; baseline -0.002 -8"><span class='ocrx_word' id='word_1_319' title='bbox 119 2923 151 2955; x_wconf 84' lang='lat' dir='ltr'><em>in</em></span> <span class='ocrx_word' id='word_1_320' title='bbox 168 2923 264 2963; x_wconf 74' lang='lat' dir='ltr'><em>Libya</em></span> <span class='ocrx_word' id='word_1_321' title='bbox 289 2924 520 2962; x_wconf 82' lang='lat' dir='ltr'><em>commoranti,</em></span> <span class='ocrx_word' id='word_1_322' title='bbox 544 2923 681 2954; x_wconf 84' lang='lat' dir='ltr'><em>donatus</em></span> <span class='ocrx_word' id='word_1_323' title='bbox 705 2924 764 2954; x_wconf 83' lang='lat' dir='ltr'><em>est.</em></span> <span class='ocrx_word' id='word_1_324' title='bbox 793 2924 914 2962; x_wconf 86' lang='lat' dir='ltr'><em>Captus</em></span> <span class='ocrx_word' id='word_1_325' title='bbox 938 2924 1043 2953; x_wconf 81' lang='lat' dir='ltr'><em>autem</em></span> <span class='ocrx_word' id='word_1_326' title='bbox 1069 2923 1159 2961; x_wconf 81' lang='lat' dir='ltr'><em>crat,</em></span> 
     </span>
     <span class='ocr_line' id='line_1_45' title="bbox 119 2973 1161 3016; baseline -0.002 -10"><span class='ocrx_word' id='word_1_327' title='bbox 119 2984 219 3016; x_wconf 86' lang='lat' dir='ltr'><em>quum</em></span> <span class='ocrx_word' id='word_1_328' title='bbox 230 2974 356 3006; x_wconf 86' lang='lat' dir='ltr'><em>barbari</em></span> <span class='ocrx_word' id='word_1_329' title='bbox 373 2975 405 3006; x_wconf 90' lang='lat' dir='ltr'><em>in</em></span> <span class='ocrx_word' id='word_1_330' title='bbox 418 2975 585 3006; x_wconf 79' lang='lat' dir='ltr'><em>Thraciam</em></span> <span class='ocrx_word' id='word_1_331' title='bbox 598 2974 803 3014; x_wconf 79' lang='lat' dir='ltr'><em>irrupissent,</em></span> <span class='ocrx_word' id='word_1_332' title='bbox 815 2975 847 3005; x_wconf 86' lang='lat' dir='ltr'><em>et</em></span> <span class='ocrx_word' id='word_1_333' title='bbox 863 2974 902 3005; x_wconf 90' lang='lat' dir='ltr'><em>ad</em></span> <span class='ocrx_word' id='word_1_334' title='bbox 914 2974 1046 3013; x_wconf 78' lang='lat' dir='ltr'><em>Scythas</em></span> <span class='ocrx_word' id='word_1_335' title='bbox 1062 2973 1161 3013; x_wconf 80' lang='lat' dir='ltr'><em>regios</em></span> 
     </span>
     <span class='ocr_line' id='line_1_46' title="bbox 120 3025 1162 3067; baseline -0.003 -10"><span class='ocrx_word' id='word_1_336' title='bbox 120 3028 167 3058; x_wconf 76' lang='lat' dir='ltr'><em>est</em></span> <span class='ocrx_word' id='word_1_337' title='bbox 182 3026 355 3067; x_wconf 84' lang='lat' dir='ltr'><em>perductus</em></span> <span class='ocrx_word' id='word_1_338' title='bbox 366 3035 518 3066; x_wconf 87' lang='lat' dir='ltr'><em>:quorum</em></span> <span class='ocrx_word' id='word_1_339' title='bbox 529 3026 626 3057; x_wconf 85' lang='lat' dir='ltr'><em>Attila</em></span> <span class='ocrx_word' id='word_1_340' title='bbox 641 3034 681 3057; x_wconf 88' lang='lat' dir='ltr'><em>ne</em></span> <span class='ocrx_word' id='word_1_341' title='bbox 697 3025 881 3065; x_wconf 86' lang='lat' dir='ltr'><em>adspectum</em></span> <span class='ocrx_word' id='word_1_342' title='bbox 890 3025 1016 3065; x_wconf 85' lang='lat' dir='ltr'><em>quidem</em></span> <span class='ocrx_word' id='word_1_343' title='bbox 1026 3025 1162 3055; x_wconf 82' lang='lat' dir='ltr'><em>hominis</em></span> 
     </span>
     <span class='ocr_line' id='line_1_47' title="bbox 119 3076 1162 3117; baseline -0.003 -8"><span class='ocrx_word' id='word_1_344' title='bbox 119 3078 215 3117; x_wconf 82' lang='lat' dir='ltr'><em>tulit,</em></span> <span class='ocrx_word' id='word_1_345' title='bbox 233 3077 345 3110; x_wconf 81' lang='lat' dir='ltr'><em>medas</em></span> <span class='ocrx_word' id='word_1_346' title='bbox 359 3086 433 3108; x_wconf 84' lang='lat' dir='ltr'><em>vero</em></span> <span class='ocrx_word' id='word_1_347' title='bbox 452 3086 546 3117; x_wconf 84' lang='lat' dir='ltr'><em>supra</em></span> <span class='ocrx_word' id='word_1_348' title='bbox 562 3076 694 3108; x_wconf 89' lang='lat' dir='ltr'><em>modum</em></span> <span class='ocrx_word' id='word_1_349' title='bbox 711 3086 750 3108; x_wconf 86' lang='lat' dir='ltr'><em>eo</em></span> <span class='ocrx_word' id='word_1_350' title='bbox 763 3077 939 3108; x_wconf 86' lang='lat' dir='ltr'><em>delectatus</em></span> <span class='ocrx_word' id='word_1_351' title='bbox 952 3077 999 3107; x_wconf 82' lang='lat' dir='ltr'><em>est</em></span> <span class='ocrx_word' id='word_1_352' title='bbox 1012 3076 1162 3115; x_wconf 77' lang='lat' dir='ltr'><em>loquente</em></span> 
     </span>
     <span class='ocr_line' id='line_1_48' title="bbox 120 3127 1162 3168; baseline -0.003 -7"><span class='ocrx_word' id='word_1_353' title='bbox 120 3130 252 3161; x_wconf 86' lang='lat' dir='ltr'><em>ridicula</em></span> <span class='ocrx_word' id='word_1_354' title='bbox 262 3131 400 3168; x_wconf 82' lang='lat' dir='ltr'><em>tantum,</em></span> <span class='ocrx_word' id='word_1_355' title='bbox 415 3129 485 3160; x_wconf 83' lang='lat' dir='ltr'><em>etsi</em></span> <span class='ocrx_word' id='word_1_356' title='bbox 501 3137 564 3159; x_wconf 90' lang='lat' dir='ltr'><em>non</em></span> <span class='ocrx_word' id='word_1_357' title='bbox 578 3129 772 3168; x_wconf 87' lang='lat' dir='ltr'><em>loqueretur,</em></span> <span class='ocrx_word' id='word_1_358' title='bbox 787 3127 974 3159; x_wconf 85' lang='lat' dir='ltr'><em>insolentius</em></span> <span class='ocrx_word' id='word_1_359' title='bbox 997 3127 1162 3158; x_wconf 81' lang='lat' dir='ltr'><em>incedente</em></span> 
     </span>
     <span class='ocr_line' id='line_1_49' title="bbox 122 3178 1160 3221; baseline -0.003 -9"><span class='ocrx_word' id='word_1_360' title='bbox 122 3189 302 3221; x_wconf 81' lang='lat' dir='ltr'><em>corpusque</em></span> <span class='ocrx_word' id='word_1_361' title='bbox 327 3180 478 3220; x_wconf 77' lang='lat' dir='ltr'><em>iactante.</em></span> <span class='ocrx_word' id='word_1_362' title='bbox 506 3180 625 3212; x_wconf 83' lang='lat' dir='ltr'><em>Aderat</em></span> <span class='ocrx_word' id='word_1_363' title='bbox 643 3182 750 3211; x_wconf 82' lang='lat' dir='ltr'><em>autem</em></span> <span class='ocrx_word' id='word_1_364' title='bbox 774 3179 831 3220; x_wconf 89' lang='lat' dir='ltr'><em>ipsi</em></span> <span class='ocrx_word' id='word_1_365' title='bbox 856 3181 888 3210; x_wconf 86' lang='lat' dir='ltr'><em>et</em></span> <span class='ocrx_word' id='word_1_366' title='bbox 910 3179 1049 3219; x_wconf 80' lang='lat' dir='ltr'><em>epulanti</em></span> <span class='ocrx_word' id='word_1_367' title='bbox 1073 3180 1104 3210; x_wconf 86' lang='lat' dir='ltr'><em>et</em></span> <span class='ocrx_word' id='word_1_368' title='bbox 1122 3178 1160 3209; x_wconf 90' lang='lat' dir='ltr'><em>ad</em></span> 
     </span>
     <span class='ocr_line' id='line_1_50' title="bbox 120 3230 1159 3273; baseline -0.005 -8"><span class='ocrx_word' id='word_1_369' title='bbox 120 3234 239 3265; x_wconf 78' lang='lat' dir='ltr'><em>bellum</em></span> <span class='ocrx_word' id='word_1_370' title='bbox 257 3232 489 3273; x_wconf 83' lang='lat' dir='ltr'><em>proficiscenti,</em></span> <span class='ocrx_word' id='word_1_371' title='bbox 513 3232 544 3262; x_wconf 92' lang='lat' dir='ltr'><em>in</em></span> <span class='ocrx_word' id='word_1_372' title='bbox 566 3231 821 3272; x_wconf 83' lang='lat' dir='ltr'><em>expeditionibus</em></span> <span class='ocrx_word' id='word_1_373' title='bbox 837 3239 925 3262; x_wconf 85' lang='lat' dir='ltr'><em>arma</em></span> <span class='ocrx_word' id='word_1_374' title='bbox 941 3239 1105 3262; x_wconf 84' lang='lat' dir='ltr'><em>assumens</em></span> <span class='ocrx_word' id='word_1_375' title='bbox 1120 3230 1159 3260; x_wconf 85' lang='lat' dir='ltr'><em>ad</em></span> 
     </span>
     <span class='ocr_line' id='line_1_51' title="bbox 121 3284 1160 3322; baseline -0.003 -4"><span class='ocrx_word' id='word_1_376' title='bbox 121 3287 221 3318; x_wconf 88' lang='lat' dir='ltr'><em>risum</em></span> <span class='ocrx_word' id='word_1_377' title='bbox 253 3285 446 3317; x_wconf 86' lang='lat' dir='ltr'><em>movendum</em></span> <span class='ocrx_word' id='word_1_378' title='bbox 474 3286 568 3317; x_wconf 77' lang='lat' dir='ltr'><em>saeta.</em></span> <span class='ocrx_word' id='word_1_379' title='bbox 588 3285 804 3322; x_wconf 82' lang='lat' dir='ltr'><em>Quamobrem</em></span> <span class='ocrx_word' id='word_1_380' title='bbox 828 3285 923 3316; x_wconf 86' lang='lat' dir='ltr'><em>etiam</em></span> <span class='ocrx_word' id='word_1_381' title='bbox 940 3284 1053 3316; x_wconf 85' lang='lat' dir='ltr'><em>Bledas</em></span> <span class='ocrx_word' id='word_1_382' title='bbox 1080 3285 1160 3315; x_wconf 80' lang='lat' dir='ltr'><em>tanti</em></span> 
     </span>
     <span class='ocr_line' id='line_1_52' title="bbox 122 3337 1160 3378; baseline -0.002 -8"><span class='ocrx_word' id='word_1_383' title='bbox 122 3348 195 3371; x_wconf 82' lang='lat' dir='ltr'><em>eum</em></span> <span class='ocrx_word' id='word_1_384' title='bbox 214 3339 306 3378; x_wconf 76' lang='lat' dir='ltr'><em>fecit,</em></span> <span class='ocrx_word' id='word_1_385' title='bbox 324 3340 360 3370; x_wconf 89' lang='lat' dir='ltr'><em>ut</em></span> <span class='ocrx_word' id='word_1_386' title='bbox 378 3338 450 3378; x_wconf 78' lang='lat' dir='ltr'><em>fuga</em></span> <span class='ocrx_word' id='word_1_387' title='bbox 462 3338 604 3377; x_wconf 85' lang='lat' dir='ltr'><em>elapsum</em></span> <span class='ocrx_word' id='word_1_388' title='bbox 619 3346 692 3368; x_wconf 88' lang='lat' dir='ltr'><em>cum</em></span> <span class='ocrx_word' id='word_1_389' title='bbox 710 3338 859 3369; x_wconf 86' lang='lat' dir='ltr'><em>Romanis</em></span> <span class='ocrx_word' id='word_1_390' title='bbox 881 3337 1014 3377; x_wconf 81' lang='lat' dir='ltr'><em>captivis</em></span> <span class='ocrx_word' id='word_1_391' title='bbox 1026 3361 1034 3376; x_wconf 92' lang='lat'><em>,</em></span> <span class='ocrx_word' id='word_1_392' title='bbox 1054 3337 1160 3376; x_wconf 75' lang='lat' dir='ltr'><em>negle-</em></span> 
     </span>
     <span class='ocr_line' id='line_1_53' title="bbox 123 3389 1160 3430; baseline -0.003 -8"><span class='ocrx_word' id='word_1_393' title='bbox 123 3391 181 3422; x_wconf 80' lang='lat' dir='ltr'><em>ctis</em></span> <span class='ocrx_word' id='word_1_394' title='bbox 197 3390 309 3422; x_wconf 84' lang='lat' dir='ltr'><em>ceteris</em></span> <span class='ocrx_word' id='word_1_395' title='bbox 320 3414 329 3430; x_wconf 93' lang='lat'><em>,</em></span> <span class='ocrx_word' id='word_1_396' title='bbox 348 3398 473 3422; x_wconf 79' lang='lat' dir='ltr'><em>summa</em></span> <span class='ocrx_word' id='word_1_397' title='bbox 489 3398 566 3421; x_wconf 86' lang='lat' dir='ltr'><em>cura</em></span> <span class='ocrx_word' id='word_1_398' title='bbox 581 3389 681 3430; x_wconf 77' lang='lat' dir='ltr'><em>quaeri</em></span> <span class='ocrx_word' id='word_1_399' title='bbox 696 3389 823 3430; x_wconf 62' lang='lat' dir='ltr'><em>jusserit</em></span> <span class='ocrx_word' id='word_1_400' title='bbox 843 3402 849 3420; x_wconf 90' lang='lat'>:</span> <span class='ocrx_word' id='word_1_401' title='bbox 865 3390 993 3429; x_wconf 83' lang='lat' dir='ltr'><em>captum</em></span> <span class='ocrx_word' id='word_1_402' title='bbox 1008 3390 1114 3420; x_wconf 76' lang='lat' dir='ltr'><em>autem</em></span> <span class='ocrx_word' id='word_1_403' title='bbox 1130 3390 1160 3420; x_wconf 80' lang='lat' dir='ltr'><em>et</em></span> 
     </span>
    </p>
   </div>
   <div class='ocr_carea' id='block_1_8' title="bbox 1003 187 1404 230">
    <p class='ocr_par' dir='ltr' id='par_1_9' title="bbox 1003 187 1404 230">
     <span class='ocr_line' id='line_1_54' title="bbox 1003 187 1404 230; baseline 0.01 -4"><span class='ocrx_word' id='word_1_404' title='bbox 1003 187 1168 229; x_wconf 76' lang='lat' dir='ltr'><em>Plusct</em></span> <span class='ocrx_word' id='word_1_405' title='bbox 1197 189 1404 230; x_wconf 83' lang='lat' dir='ltr'>PANITAE</span> 
     </span>
    </p>
   </div>
   <div class='ocr_carea' id='block_1_9' title="bbox 139 270 1210 320">
    <p class='ocr_par' dir='ltr' id='par_1_10' title="bbox 139 270 1210 320">
     <span class='ocr_line' id='line_1_55' title="bbox 139 270 1210 320; baseline 0.007 -16"><span class='ocrx_word' id='word_1_406' title='bbox 139 277 206 307; x_wconf 67' lang='lat' dir='ltr'><em>n‘t.</em></span> <span class='ocrx_word' id='word_1_407' title='bbox 227 270 317 304; x_wconf 65' lang='lat' dir='ltr'><em>Haec</em></span> <span class='ocrx_word' id='word_1_408' title='bbox 331 270 434 306; x_wconf 81' lang='lat' dir='ltr'><em>sedes</em></span> <span class='ocrx_word' id='word_1_409' title='bbox 447 278 553 306; x_wconf 86' lang='lat' dir='ltr'><em>erant</em></span> <span class='ocrx_word' id='word_1_410' title='bbox 569 273 695 307; x_wconf 80' lang='lat' dir='ltr'><em>Auiloe</em></span> <span class='ocrx_word' id='word_1_411' title='bbox 716 276 815 320; x_wconf 78' lang='lat' dir='ltr'><em>regis</em></span> <span class='ocrx_word' id='word_1_412' title='bbox 836 274 1047 311; x_wconf 79' lang='lat' dir='ltr'><em>barbariam</em></span> <span class='ocrx_word' id='word_1_413' title='bbox 1062 284 1173 312; x_wconf 83' lang='lat' dir='ltr'><em>totam</em></span> <span class='ocrx_word' id='word_1_414' title='bbox 1204 286 1210 293; x_wconf 94' lang='grc'><strong>“</strong></span> 
     </span>
    </p>
   </div>
   <div class='ocr_carea' id='block_1_10' title="bbox 1218 276 2271 1957">
    <p class='ocr_par' dir='ltr' id='par_1_11' title="bbox 1225 276 2271 1316">
     <span class='ocr_line' id='line_1_56' title="bbox 1236 276 2269 334; baseline 0.007 -21"><span class='ocrx_word' id='word_1_415' title='bbox 1236 277 1373 329; x_wconf 85' lang='grc' dir='ltr'>γομένω</span> <span class='ocrx_word' id='word_1_416' title='bbox 1397 278 1435 315; x_wconf 85' lang='grc' dir='ltr'>οὖ</span> <span class='ocrx_word' id='word_1_417' title='bbox 1455 277 1556 326; x_wconf 91' lang='grc' dir='ltr'>μόνον</span> <span class='ocrx_word' id='word_1_418' title='bbox 1576 277 1723 327; x_wconf 76' lang='grc' dir='ltr'>γέλωτος</span> <span class='ocrx_word' id='word_1_419' title='bbox 1743 276 1840 325; x_wconf 78' lang='grc' dir='ltr'>ἄξια,</span> <span class='ocrx_word' id='word_1_420' title='bbox 1858 278 1887 315; x_wconf 85' lang='grc' dir='ltr'><em>εἷ</em></span> <span class='ocrx_word' id='word_1_421' title='bbox 1907 278 1942 316; x_wconf 81' lang='grc' dir='ltr'><em>δὲ</em></span> <span class='ocrx_word' id='word_1_422' title='bbox 1963 278 2071 330; x_wconf 83' lang='grc' dir='ltr'>μήγε,</span> <span class='ocrx_word' id='word_1_423' title='bbox 2087 281 2146 319; x_wconf 84' lang='grc' dir='ltr'><em>καὶ</em></span> <span class='ocrx_word' id='word_1_424' title='bbox 2167 280 2269 334; x_wconf 85' lang='grc' dir='ltr'>βαδί-</span> 
     </span>
     <span class='ocr_line' id='line_1_57' title="bbox 1236 335 2270 395; baseline 0.007 -24"><span class='ocrx_word' id='word_1_425' title='bbox 1236 336 1327 378; x_wconf 81' lang='grc' dir='ltr'>ζοντι</span> <span class='ocrx_word' id='word_1_426' title='bbox 1347 351 1407 373; x_wconf 83' lang='grc' dir='ltr'><em>και</em></span> <span class='ocrx_word' id='word_1_427' title='bbox 1423 351 1590 387; x_wconf 77' lang='grc' dir='ltr'>περιττως</span> <span class='ocrx_word' id='word_1_428' title='bbox 1608 339 1756 373; x_wconf 82' lang='grc' dir='ltr'>κινοῦντι</span> <span class='ocrx_word' id='word_1_429' title='bbox 1774 335 1814 374; x_wconf 85' lang='grc' dir='ltr'><em>τὸ</em></span> <span class='ocrx_word' id='word_1_430' title='bbox 1837 339 1959 386; x_wconf 85' lang='grc' dir='ltr'>σῶμα·</span> <span class='ocrx_word' id='word_1_431' title='bbox 1985 341 2088 385; x_wconf 76' lang='grc' dir='ltr'>συνῆν</span> <span class='ocrx_word' id='word_1_432' title='bbox 2109 338 2145 377; x_wconf 88' lang='grc' dir='ltr'><em>δὲ</em></span> <span class='ocrx_word' id='word_1_433' title='bbox 2174 342 2270 395; x_wconf 80' lang='grc' dir='ltr'>αὐτῷ</span> 
     </span>
     <span class='ocr_line' id='line_1_58' title="bbox 1236 379 2271 450; baseline 0.006 -20"><span class='ocrx_word' id='word_1_434' title='bbox 1236 393 1468 445; x_wconf 85' lang='grc' dir='ltr'>εὐωχουμένῳ</span> <span class='ocrx_word' id='word_1_435' title='bbox 1487 409 1547 430; x_wconf 86' lang='grc' dir='ltr'><em>και</em></span> <span class='ocrx_word' id='word_1_436' title='bbox 1572 393 1855 445; x_wconf 79' lang='grc' dir='ltr'>ἐκστρατεύοντι,</span> <span class='ocrx_word' id='word_1_437' title='bbox 1875 397 2111 446; x_wconf 84' lang='grc' dir='ltr'>πεποιημένην</span> <span class='ocrx_word' id='word_1_438' title='bbox 2131 398 2214 450; x_wconf 84' lang='grc' dir='ltr'>πρὸς</span> <span class='ocrx_word' id='word_1_439' title='bbox 2231 379 2271 438; x_wconf 45' lang='grc' dir='ltr'><em>τιὸ</em></span> 
     </span>
     <span class='ocr_line' id='line_1_59' title="bbox 1234 450 2267 503; baseline 0.009 -17"><span class='ocrx_word' id='word_1_440' title='bbox 1234 450 1445 503; x_wconf 81' lang='grc' dir='ltr'>γελοιότερον</span> <span class='ocrx_word' id='word_1_441' title='bbox 1467 450 1759 499; x_wconf 75' lang='grc' dir='ltr'>ἀναλαμὸάνων’</span> <span class='ocrx_word' id='word_1_442' title='bbox 1744 467 1779 489; x_wconf 89' lang='grc' dir='ltr'>εν</span> <span class='ocrx_word' id='word_1_443' title='bbox 1799 457 1875 495; x_wconf 87' lang='grc' dir='ltr'>ταῖς</span> <span class='ocrx_word' id='word_1_444' title='bbox 1905 452 2030 498; x_wconf 80' lang='grc' dir='ltr'>εξόδοις</span> <span class='ocrx_word' id='word_1_445' title='bbox 2055 456 2267 497; x_wconf 84' lang='grc' dir='ltr'>πανοπλίαν.</span> 
     </span>
     <span class='ocr_line' id='line_1_60' title="bbox 1234 507 2270 566; baseline 0.008 -20"><span class='ocrx_word' id='word_1_446' title='bbox 1234 507 1296 546; x_wconf 82' lang='grc' dir='ltr'>Διὸ</span> <span class='ocrx_word' id='word_1_447' title='bbox 1326 507 1367 555; x_wconf 88' lang='grc' dir='ltr'><em>δὴ</em></span> <span class='ocrx_word' id='word_1_448' title='bbox 1399 509 1700 560; x_wconf 84' lang='grc' dir='ltr'>περισπούδαστον</span> <span class='ocrx_word' id='word_1_449' title='bbox 1723 510 1824 548; x_wconf 77' lang='grc' dir='ltr'>αὐτὸν</span> <span class='ocrx_word' id='word_1_450' title='bbox 1854 513 1872 548; x_wconf 89' lang='lat'>6</span> <span class='ocrx_word' id='word_1_451' title='bbox 1903 511 2039 558; x_wconf 61' lang='lat' dir='ltr'><em>misac</em></span> <span class='ocrx_word' id='word_1_452' title='bbox 2068 515 2270 566; x_wconf 80' lang='grc' dir='ltr'>ποιούμενος</span> 
     </span>
     <span class='ocr_line' id='line_1_61' title="bbox 1235 565 2268 622; baseline 0.011 -21"><span class='ocrx_word' id='word_1_453' title='bbox 1235 565 1323 614; x_wconf 89' lang='grc' dir='ltr'>μετὰ</span> <span class='ocrx_word' id='word_1_454' title='bbox 1357 566 1593 618; x_wconf 79' lang='grc' dir='ltr'>αἰχμαλώτων</span> <span class='ocrx_word' id='word_1_455' title='bbox 1633 567 1831 621; x_wconf 81' lang='grc' dir='ltr'>ἀποδράντα</span> <span class='ocrx_word' id='word_1_456' title='bbox 1867 568 1928 608; x_wconf 71' lang='lat' dir='ltr'><em>P(</em></span> <span class='ocrx_word' id='word_1_457' title='bbox 1922 586 2076 621; x_wconf 72' lang='grc' dir='ltr'>1μαιων,</span> <span class='ocrx_word' id='word_1_458' title='bbox 2107 574 2176 611; x_wconf 83' lang='grc' dir='ltr'><em>τῶν</em></span> <span class='ocrx_word' id='word_1_459' title='bbox 2205 573 2268 622; x_wconf 84' lang='grc' dir='ltr'><em>μὲν</em></span> 
     </span>
     <span class='ocr_line' id='line_1_62' title="bbox 1233 622 2268 704; baseline 0.01 -44"><span class='ocrx_word' id='word_1_460' title='bbox 1233 622 1347 660; x_wconf 83' lang='grc' dir='ltr'>ἄλλων</span> <span class='ocrx_word' id='word_1_461' title='bbox 1362 624 1671 677; x_wconf 81' lang='grc' dir='ltr'>κατωλιγώρησεν,</span> <span class='ocrx_word' id='word_1_462' title='bbox 1686 626 1789 664; x_wconf 80' lang='grc' dir='ltr'>αὐτον</span> <span class='ocrx_word' id='word_1_463' title='bbox 1806 626 1841 664; x_wconf 86' lang='grc' dir='ltr'><em>δὲ</em></span> <span class='ocrx_word' id='word_1_464' title='bbox 1859 627 1948 676; x_wconf 84' lang='grc' dir='ltr'>μετὰ</span> <span class='ocrx_word' id='word_1_465' title='bbox 1962 628 2076 676; x_wconf 82' lang='grc' dir='ltr'>πάσης</span> <span class='ocrx_word' id='word_1_466' title='bbox 2093 631 2268 704; x_wconf 81' lang='grc' dir='ltr'>φροντίδος</span> 
     </span>
     <span class='ocr_line' id='line_1_63' title="bbox 1233 682 2267 740; baseline 0.011 -23"><span class='ocrx_word' id='word_1_467' title='bbox 1233 682 1475 728; x_wconf 83' lang='grc' dir='ltr'>ἀναζητεῗσθαι</span> <span class='ocrx_word' id='word_1_468' title='bbox 1494 682 1715 734; x_wconf 84' lang='grc' dir='ltr'>προσέταξεν.</span> <span class='ocrx_word' id='word_1_469' title='bbox 1741 683 1813 722; x_wconf 87' lang='grc' dir='ltr'><em>Και</em></span> <span class='ocrx_word' id='word_1_470' title='bbox 1833 684 1960 723; x_wconf 84' lang='grc' dir='ltr'>ἁλόντα</span> <span class='ocrx_word' id='word_1_471' title='bbox 1983 701 2042 724; x_wconf 87' lang='grc' dir='ltr'><em>και</em></span> <span class='ocrx_word' id='word_1_472' title='bbox 2058 689 2142 740; x_wconf 80' lang='grc' dir='ltr'>παρ’</span> <span class='ocrx_word' id='word_1_473' title='bbox 2163 689 2267 728; x_wconf 80' lang='grc' dir='ltr'>αὐτὸν</span> 
     </span>
     <span class='ocr_line' id='line_1_64' title="bbox 1232 739 2268 809; baseline 0.008 -33"><span class='ocrx_word' id='word_1_474' title='bbox 1232 739 1382 809; x_wconf 54' lang='grc' dir='ltr'>ἀχΟΝέντα</span> <span class='ocrx_word' id='word_1_475' title='bbox 1410 741 1444 778; x_wconf 86' lang='grc' dir='ltr'>ἐν</span> <span class='ocrx_word' id='word_1_476' title='bbox 1473 740 1610 790; x_wconf 85' lang='grc' dir='ltr'>δεσμοῖς</span> <span class='ocrx_word' id='word_1_477' title='bbox 1635 741 1714 778; x_wconf 82' lang='grc' dir='ltr'>ἰδὼν</span> <span class='ocrx_word' id='word_1_478' title='bbox 1741 741 1900 792; x_wconf 84' lang='grc' dir='ltr'>εγέλασε.</span> <span class='ocrx_word' id='word_1_479' title='bbox 1934 743 2007 782; x_wconf 86' lang='grc' dir='ltr'><em>Καὶ</em></span> <span class='ocrx_word' id='word_1_480' title='bbox 2026 746 2187 799; x_wconf 75' lang='grc' dir='ltr'>καθυφεις</span> <span class='ocrx_word' id='word_1_481' title='bbox 2205 763 2268 796; x_wconf 86' lang='grc' dir='ltr'><em>της</em></span> 
     </span>
     <span class='ocr_line' id='line_1_65' title="bbox 1229 797 2266 857; baseline 0.01 -24"><span class='ocrx_word' id='word_1_482' title='bbox 1229 797 1331 848; x_wconf 74' lang='grc' dir='ltr'>ὀργης</span> <span class='ocrx_word' id='word_1_483' title='bbox 1345 798 1552 837; x_wconf 79' lang='grc' dir='ltr'>ἐπυνθάνετο</span> <span class='ocrx_word' id='word_1_484' title='bbox 1567 799 1628 844; x_wconf 76' lang='grc' dir='ltr'><em>τὴν</em></span> <span class='ocrx_word' id='word_1_485' title='bbox 1643 798 1755 837; x_wconf 82' lang='grc' dir='ltr'>αἰτίαν</span> <span class='ocrx_word' id='word_1_486' title='bbox 1773 803 1833 846; x_wconf 74' lang='grc' dir='ltr'><em>τῆς</em></span> <span class='ocrx_word' id='word_1_487' title='bbox 1850 816 1979 850; x_wconf 74' lang='grc' dir='ltr'>φυγης,</span> <span class='ocrx_word' id='word_1_488' title='bbox 1995 802 2055 839; x_wconf 85' lang='grc' dir='ltr'><em>καὶ</em></span> <span class='ocrx_word' id='word_1_489' title='bbox 2069 802 2146 843; x_wconf 79' lang='grc' dir='ltr'>ὅτου</span> <span class='ocrx_word' id='word_1_490' title='bbox 2163 803 2266 857; x_wconf 85' lang='grc' dir='ltr'>χάριν</span> 
     </span>
     <span class='ocr_line' id='line_1_66' title="bbox 1228 856 2264 911; baseline 0.011 -20"><span class='ocrx_word' id='word_1_491' title='bbox 1228 856 1359 906; x_wconf 88' lang='grc' dir='ltr'>νομίζοι</span> <span class='ocrx_word' id='word_1_492' title='bbox 1381 857 1424 894; x_wconf 86' lang='grc' dir='ltr'><em>τὰ</em></span> <span class='ocrx_word' id='word_1_493' title='bbox 1440 857 1628 907; x_wconf 86' lang='grc' dir='ltr'>Ῥωμαίων</span> <span class='ocrx_word' id='word_1_494' title='bbox 1645 860 1712 895; x_wconf 86' lang='grc' dir='ltr'><em>τῶν</em></span> <span class='ocrx_word' id='word_1_495' title='bbox 1727 858 1823 910; x_wconf 83' lang='grc' dir='ltr'>παρά</span> <span class='ocrx_word' id='word_1_496' title='bbox 1841 874 1955 911; x_wconf 78' lang='grc' dir='ltr'>σφισιν</span> <span class='ocrx_word' id='word_1_497' title='bbox 1970 860 2148 909; x_wconf 87' lang='grc' dir='ltr'>ἀμείνονα.</span> <span class='ocrx_word' id='word_1_498' title='bbox 2167 861 2213 902; x_wconf 83' lang='lat'><em>‘0</em></span> <span class='ocrx_word' id='word_1_499' title='bbox 2229 863 2264 902; x_wconf 82' lang='grc' dir='ltr'><em>δὲ</em></span> 
     </span>
     <span class='ocr_line' id='line_1_67' title="bbox 1229 915 2265 972; baseline 0.01 -22"><span class='ocrx_word' id='word_1_500' title='bbox 1229 915 1460 965; x_wconf 84' lang='grc' dir='ltr'>ἀπεκρίνατο</span> <span class='ocrx_word' id='word_1_501' title='bbox 1479 915 1674 967; x_wconf 83' lang='grc' dir='ltr'>ἁμάρτημα</span> <span class='ocrx_word' id='word_1_502' title='bbox 1698 916 1760 966; x_wconf 83' lang='grc' dir='ltr'><em>μὲν</em></span> <span class='ocrx_word' id='word_1_503' title='bbox 1778 932 1840 963; x_wconf 86' lang='grc' dir='ltr'><em>την</em></span> <span class='ocrx_word' id='word_1_504' title='bbox 1857 916 1967 969; x_wconf 80' lang='grc' dir='ltr'>φυγὴν</span> <span class='ocrx_word' id='word_1_505' title='bbox 1991 921 2100 966; x_wconf 84' lang='grc' dir='ltr'>εἰναι,</span> <span class='ocrx_word' id='word_1_506' title='bbox 2123 919 2214 972; x_wconf 85' lang='grc' dir='ltr'>ἔχειν</span> <span class='ocrx_word' id='word_1_507' title='bbox 2229 919 2265 960; x_wconf 84' lang='grc' dir='ltr'><em>δὲ</em></span> 
     </span>
     <span class='ocr_line' id='line_1_68' title="bbox 1228 973 2264 1026; baseline 0.009 -17"><span class='ocrx_word' id='word_1_508' title='bbox 1228 976 1287 1010; x_wconf 76' lang='grc' dir='ltr'><em>τοῦ</em></span> <span class='ocrx_word' id='word_1_509' title='bbox 1305 973 1558 1023; x_wconf 82' lang='grc' dir='ltr'>ἁμαρτήματος</span> <span class='ocrx_word' id='word_1_510' title='bbox 1573 974 1674 1025; x_wconf 83' lang='grc' dir='ltr'>λόγον</span> <span class='ocrx_word' id='word_1_511' title='bbox 1687 974 1725 1011; x_wconf 83' lang='grc' dir='ltr'><em>τὸ</em></span> <span class='ocrx_word' id='word_1_512' title='bbox 1746 974 1795 1023; x_wconf 81' lang='grc' dir='ltr'>μὴ</span> <span class='ocrx_word' id='word_1_513' title='bbox 1811 975 1967 1026; x_wconf 80' lang='grc' dir='ltr'>γαμετὴν</span> <span class='ocrx_word' id='word_1_514' title='bbox 1985 977 2078 1014; x_wconf 83' lang='grc' dir='ltr'>αυτῶ</span> <span class='ocrx_word' id='word_1_515' title='bbox 2095 978 2264 1019; x_wconf 83' lang='grc' dir='ltr'>δεδόσθαι.</span> 
     </span>
     <span class='ocr_line' id='line_1_69' title="bbox 1227 1030 2264 1091; baseline 0.01 -24"><span class='ocrx_word' id='word_1_516' title='bbox 1227 1031 1288 1082; x_wconf 81' lang='grc' dir='ltr'><em>Τῷ</em></span> <span class='ocrx_word' id='word_1_517' title='bbox 1306 1030 1341 1068; x_wconf 82' lang='grc' dir='ltr'><em>δὲ</em></span> <span class='ocrx_word' id='word_1_518' title='bbox 1358 1031 1485 1082; x_wconf 86' lang='grc' dir='ltr'>γέλωτι</span> <span class='ocrx_word' id='word_1_519' title='bbox 1499 1034 1630 1081; x_wconf 83' lang='grc' dir='ltr'>μαλλον</span> <span class='ocrx_word' id='word_1_520' title='bbox 1646 1034 1663 1069; x_wconf 94' lang='lat'>6</span> <span class='ocrx_word' id='word_1_521' title='bbox 1678 1032 1844 1078; x_wconf 69' lang='grc' dir='ltr'>Βλήδας“</span> <span class='ocrx_word' id='word_1_522' title='bbox 1833 1033 1998 1084; x_wconf 75' lang='grc' dir='ltr'>υπαχθεις</span> <span class='ocrx_word' id='word_1_523' title='bbox 2015 1034 2152 1073; x_wconf 86' lang='grc' dir='ltr'>δίδωσιν</span> <span class='ocrx_word' id='word_1_524' title='bbox 2169 1039 2264 1091; x_wconf 79' lang='grc' dir='ltr'>αὐτῷ</span> 
     </span>
     <span class='ocr_line' id='line_1_70' title="bbox 1226 1085 2264 1143; baseline 0.008 -17"><span class='ocrx_word' id='word_1_525' title='bbox 1226 1104 1373 1140; x_wconf 87' lang='grc' dir='ltr'>γυναικα</span> <span class='ocrx_word' id='word_1_526' title='bbox 1393 1093 1461 1128; x_wconf 84' lang='grc' dir='ltr'><em>τῶν</em></span> <span class='ocrx_word' id='word_1_527' title='bbox 1481 1085 1519 1128; x_wconf 84' lang='grc' dir='ltr'><em>εὐ</em></span> <span class='ocrx_word' id='word_1_528' title='bbox 1536 1089 1725 1141; x_wconf 80' lang='grc' dir='ltr'>γεγονότων</span> <span class='ocrx_word' id='word_1_529' title='bbox 1745 1106 1804 1128; x_wconf 84' lang='grc' dir='ltr'><em>και</em></span> <span class='ocrx_word' id='word_1_530' title='bbox 1821 1093 1863 1141; x_wconf 78' lang='grc' dir='ltr'><em>τῇ</em></span> <span class='ocrx_word' id='word_1_531' title='bbox 1885 1091 2038 1143; x_wconf 82' lang='grc' dir='ltr'>βασιλίδι</span> <span class='ocrx_word' id='word_1_532' title='bbox 2055 1094 2264 1142; x_wconf 86' lang='grc' dir='ltr'>διακονησα-</span> 
     </span>
     <span class='ocr_line' id='line_1_71' title="bbox 1228 1146 2264 1204; baseline 0.01 -21"><span class='ocrx_word' id='word_1_533' title='bbox 1228 1146 1359 1194; x_wconf 87' lang='grc' dir='ltr'>μένων,</span> <span class='ocrx_word' id='word_1_534' title='bbox 1372 1148 1502 1187; x_wconf 85' lang='grc' dir='ltr'>ἀτόπου</span> <span class='ocrx_word' id='word_1_535' title='bbox 1518 1150 1553 1186; x_wconf 87' lang='grc' dir='ltr'><em>δέ</em></span> <span class='ocrx_word' id='word_1_536' title='bbox 1567 1164 1655 1192; x_wconf 88' lang='grc' dir='ltr'>τινος</span> <span class='ocrx_word' id='word_1_537' title='bbox 1667 1147 1855 1200; x_wconf 69' lang='grc' dir='ltr'>πράξεως”</span> <span class='ocrx_word' id='word_1_538' title='bbox 1836 1163 1935 1187; x_wconf 84' lang='grc' dir='ltr'>ενεκα</span> <span class='ocrx_word' id='word_1_539' title='bbox 1949 1150 2064 1188; x_wconf 85' lang='grc' dir='ltr'>οὐκέτι</span> <span class='ocrx_word' id='word_1_540' title='bbox 2077 1154 2159 1204; x_wconf 88' lang='grc' dir='ltr'>παρ’</span> <span class='ocrx_word' id='word_1_541' title='bbox 2175 1154 2264 1193; x_wconf 81' lang='grc' dir='ltr'>ἐκεί-</span> 
     </span>
     <span class='ocr_line' id='line_1_72' title="bbox 1225 1205 2264 1263; baseline 0.008 -21"><span class='ocrx_word' id='word_1_542' title='bbox 1225 1219 1286 1250; x_wconf 86' lang='grc' dir='ltr'><em>νην</em></span> <span class='ocrx_word' id='word_1_543' title='bbox 1307 1208 1496 1256; x_wconf 83' lang='grc' dir='ltr'>φοιτῶσαν.</span> <span class='ocrx_word' id='word_1_544' title='bbox 1521 1206 1592 1245; x_wconf 84' lang='grc' dir='ltr'><em>Καὶ</em></span> <span class='ocrx_word' id='word_1_545' title='bbox 1615 1205 1704 1244; x_wconf 81' lang='grc' dir='ltr'>οὕτω</span> <span class='ocrx_word' id='word_1_546' title='bbox 1726 1207 1870 1244; x_wconf 82' lang='grc' dir='ltr'>διετέλει</span> <span class='ocrx_word' id='word_1_547' title='bbox 1891 1206 2030 1246; x_wconf 84' lang='grc' dir='ltr'>ἅπαντα</span> <span class='ocrx_word' id='word_1_548' title='bbox 2060 1209 2118 1247; x_wconf 82' lang='grc' dir='ltr'><em>τὸν</em></span> <span class='ocrx_word' id='word_1_549' title='bbox 2141 1212 2264 1263; x_wconf 83' lang='grc' dir='ltr'>χρόνον</span> 
     </span>
     <span class='ocr_line' id='line_1_73' title="bbox 1226 1262 2263 1316; baseline 0.007 -16"><span class='ocrx_word' id='word_1_550' title='bbox 1226 1279 1275 1315; x_wconf 83' lang='grc' dir='ltr'><em>τῳ</em></span> <span class='ocrx_word' id='word_1_551' title='bbox 1293 1263 1414 1315; x_wconf 85' lang='grc' dir='ltr'>Βληδα</span> <span class='ocrx_word' id='word_1_552' title='bbox 1434 1263 1567 1311; x_wconf 81' lang='grc' dir='ltr'>συνὼν,</span> <span class='ocrx_word' id='word_1_553' title='bbox 1592 1263 1680 1314; x_wconf 86' lang='grc' dir='ltr'>μετὰ</span> <span class='ocrx_word' id='word_1_554' title='bbox 1698 1262 1733 1301; x_wconf 83' lang='grc' dir='ltr'><em>δὲ</em></span> <span class='ocrx_word' id='word_1_555' title='bbox 1751 1263 1814 1310; x_wconf 90' lang='grc' dir='ltr'><em>τὴν</em></span> <span class='ocrx_word' id='word_1_556' title='bbox 1834 1265 1938 1303; x_wconf 78' lang='grc' dir='ltr'>αὐτοῦ</span> <span class='ocrx_word' id='word_1_557' title='bbox 1959 1266 2120 1313; x_wconf 80' lang='grc' dir='ltr'>τελευτὴν</span> <span class='ocrx_word' id='word_1_558' title='bbox 2139 1267 2263 1316; x_wconf 81' lang='grc' dir='ltr'>Ἀττῆ-</span> 
     </span>
    </p>

    <p class='ocr_par' dir='ltr' id='par_1_12' title="bbox 1218 1320 2263 1957">
     <span class='ocr_line' id='line_1_74' title="bbox 1225 1320 2260 1379; baseline 0.008 -21"><span class='ocrx_word' id='word_1_559' title='bbox 1225 1324 1286 1364; x_wconf 86' lang='grc' dir='ltr'><em>λας</em></span> <span class='ocrx_word' id='word_1_560' title='bbox 1300 1320 1417 1360; x_wconf 84' lang='grc' dir='ltr'>Ἀετίω</span> <span class='ocrx_word' id='word_1_561' title='bbox 1431 1338 1479 1359; x_wconf 87' lang='grc' dir='ltr'><em>τω</em></span> <span class='ocrx_word' id='word_1_562' title='bbox 1495 1337 1624 1373; x_wconf 85' lang='grc' dir='ltr'>στρατη</span> <span class='ocrx_word' id='word_1_563' title='bbox 1628 1325 1678 1372; x_wconf 73' lang='grc' dir='ltr'><em>(ᾧ</em></span> <span class='ocrx_word' id='word_1_564' title='bbox 1691 1324 1758 1359; x_wconf 80' lang='grc' dir='ltr'><em>τῶν</em></span> <span class='ocrx_word' id='word_1_565' title='bbox 1771 1322 1937 1374; x_wconf 83' lang='grc' dir='ltr'>ἑσπερίων</span> <span class='ocrx_word' id='word_1_566' title='bbox 1952 1322 2142 1374; x_wconf 84' lang='grc' dir='ltr'>Ῥωμαίων</span> <span class='ocrx_word' id='word_1_567' title='bbox 2153 1327 2260 1379; x_wconf 82' lang='grc' dir='ltr'>δῶρον</span> 
     </span>
     <span class='ocr_line' id='line_1_75' title="bbox 1223 1378 2260 1438; baseline 0.008 -22"><span class='ocrx_word' id='word_1_568' title='bbox 1223 1379 1280 1417; x_wconf 84' lang='grc' dir='ltr'><em>τὸν</em></span> <span class='ocrx_word' id='word_1_569' title='bbox 1309 1378 1474 1430; x_wconf 79' lang='grc' dir='ltr'>Ζέρκωνα</span> <span class='ocrx_word' id='word_1_570' title='bbox 1505 1379 1663 1430; x_wconf 75' lang='grc' dir='ltr'>δίδωσιν,</span> <span class='ocrx_word' id='word_1_571' title='bbox 1693 1379 1728 1424; x_wconf 81' lang='grc' dir='ltr'>ὃς</span> <span class='ocrx_word' id='word_1_572' title='bbox 1754 1380 1858 1418; x_wconf 76' lang='grc' dir='ltr'>αὐτὸν</span> <span class='ocrx_word' id='word_1_573' title='bbox 1885 1380 1983 1433; x_wconf 80' lang='grc' dir='ltr'>παρὰ</span> <span class='ocrx_word' id='word_1_574' title='bbox 2012 1382 2070 1420; x_wconf 82' lang='grc' dir='ltr'><em>τὸν</em></span> <span class='ocrx_word' id='word_1_575' title='bbox 2097 1382 2260 1438; x_wconf 83' lang='grc' dir='ltr'>Ἄσπαρα</span> 
     </span>
     <span class='ocr_line' id='line_1_76' title="bbox 1224 1438 2263 1490; baseline 0.007 -15"><span class='ocrx_word' id='word_1_576' title='bbox 1224 1438 1418 1490; x_wconf 77' lang='grc' dir='ltr'>ἔπεμψεν.]</span> <span class='ocrx_word' id='word_1_577' title='bbox 1446 1442 1554 1484; x_wconf 81' lang='lat' dir='ltr'><em>Haec,</em></span> <span class='ocrx_word' id='word_1_578' title='bbox 1577 1441 1607 1475; x_wconf 86' lang='lat' dir='ltr'><em>si</em></span> <span class='ocrx_word' id='word_1_579' title='bbox 1627 1448 1730 1476; x_wconf 81' lang='lat' dir='ltr'><em>recte</em></span> <span class='ocrx_word' id='word_1_580' title='bbox 1763 1441 1891 1476; x_wconf 86' lang='lat' dir='ltr'><em>Prisco</em></span> <span class='ocrx_word' id='word_1_581' title='bbox 1922 1442 2129 1479; x_wconf 84' lang='lat' dir='ltr'><em>vindicavit</em></span> <span class='ocrx_word' id='word_1_582' title='bbox 2154 1446 2263 1482; x_wconf 89' lang='lat' dir='ltr'><em>Vale-</em></span> 
     </span>
     <span class='ocr_line' id='line_1_77' title="bbox 1223 1497 2263 1547; baseline 0.009 -15"><span class='ocrx_word' id='word_1_583' title='bbox 1223 1498 1317 1542; x_wconf 85' lang='lat' dir='ltr'><em>sius,</em></span> <span class='ocrx_word' id='word_1_584' title='bbox 1343 1497 1535 1545; x_wconf 85' lang='lat' dir='ltr'><em>jungenda</em></span> <span class='ocrx_word' id='word_1_585' title='bbox 1555 1511 1641 1534; x_wconf 90' lang='lat' dir='ltr'><em>cum</em></span> <span class='ocrx_word' id='word_1_586' title='bbox 1658 1499 1703 1533; x_wconf 81' lang='lat' dir='ltr'><em>fr.</em></span> <span class='ocrx_word' id='word_1_587' title='bbox 1729 1498 1767 1543; x_wconf 88' lang='lat'><em>8,</em></span> <span class='ocrx_word' id='word_1_588' title='bbox 1789 1511 1830 1547; x_wconf 86' lang='lat' dir='ltr'><em>p.</em></span> <span class='ocrx_word' id='word_1_589' title='bbox 1851 1511 1900 1547; x_wconf 81' lang='lat'><em>92</em></span> <span class='ocrx_word' id='word_1_590' title='bbox 1913 1526 1923 1543; x_wconf 93' lang='lat'><em>,</em></span> <span class='ocrx_word' id='word_1_591' title='bbox 1944 1500 2012 1536; x_wconf 87' lang='lat' dir='ltr'><em>ubi</em></span> <span class='ocrx_word' id='word_1_592' title='bbox 2030 1501 2076 1537; x_wconf 88' lang='lat' dir='ltr'><em>de</em></span> <span class='ocrx_word' id='word_1_593' title='bbox 2095 1501 2263 1541; x_wconf 82' lang='lat' dir='ltr'><em>Zercone</em></span> 
     </span>
     <span class='ocr_line' id='line_1_78' title="bbox 1222 1553 2262 1610; baseline 0.007 -20"><span class='ocrx_word' id='word_1_594' title='bbox 1222 1556 1293 1591; x_wconf 89' lang='lat' dir='ltr'><em>isto</em></span> <span class='ocrx_word' id='word_1_595' title='bbox 1308 1555 1387 1602; x_wconf 86' lang='lat' dir='ltr'><em>jam</em></span> <span class='ocrx_word' id='word_1_596' title='bbox 1398 1556 1575 1592; x_wconf 85' lang='lat' dir='ltr'><em>vidimus.</em></span> <span class='ocrx_word' id='word_1_597' title='bbox 1593 1558 1666 1592; x_wconf 89' lang='lat' dir='ltr'><em>Pro</em></span> <span class='ocrx_word' id='word_1_598' title='bbox 1687 1553 1838 1607; x_wconf 84' lang='grc' dir='ltr'>Ἄσπαρί</span> <span class='ocrx_word' id='word_1_599' title='bbox 1850 1558 1899 1608; x_wconf 79' lang='grc' dir='ltr'><em>τῷ</em></span> <span class='ocrx_word' id='word_1_600' title='bbox 1914 1555 2146 1610; x_wconf 76' lang='grc' dir='ltr'>Ἀρδαὸουρίῳ</span> <span class='ocrx_word' id='word_1_601' title='bbox 2159 1569 2262 1597; x_wconf 85' lang='lat' dir='ltr'><em>recte</em></span> 
     </span>
     <span class='ocr_line' id='line_1_79' title="bbox 1222 1613 2263 1667; baseline 0.005 -17"><span class='ocrx_word' id='word_1_602' title='bbox 1222 1614 1449 1650; x_wconf 83' lang='lat' dir='ltr'><em>Niebuhrius</em></span> <span class='ocrx_word' id='word_1_603' title='bbox 1469 1615 1616 1650; x_wconf 87' lang='lat' dir='ltr'><em>emend.</em></span> <span class='ocrx_word' id='word_1_604' title='bbox 1642 1626 1650 1651; x_wconf 91' lang='lat'>:</span> <span class='ocrx_word' id='word_1_605' title='bbox 1674 1613 1723 1652; x_wconf 82' lang='grc' dir='ltr'><em>Ἀ.</em></span> <span class='ocrx_word' id='word_1_606' title='bbox 1744 1629 1777 1653; x_wconf 90' lang='grc' dir='ltr'><em>τ.</em></span> <span class='ocrx_word' id='word_1_607' title='bbox 1809 1613 2071 1667; x_wconf 72' lang='grc' dir='ltr'>Ἀρδαὸουρίου;</span> <span class='ocrx_word' id='word_1_608' title='bbox 2097 1618 2162 1654; x_wconf 86' lang='lat' dir='ltr'><em>sed</em></span> <span class='ocrx_word' id='word_1_609' title='bbox 2184 1631 2263 1655; x_wconf 90' lang='lat' dir='ltr'><em>non</em></span> 
     </span>
     <span class='ocr_line' id='line_1_80' title="bbox 1223 1673 2262 1725; baseline 0.006 -17"><span class='ocrx_word' id='word_1_610' title='bbox 1223 1681 1302 1708; x_wconf 84' lang='lat' dir='ltr'><em>erat</em></span> <span class='ocrx_word' id='word_1_611' title='bbox 1334 1686 1402 1708; x_wconf 86' lang='lat' dir='ltr'><em>cur</em></span> <span class='ocrx_word' id='word_1_612' title='bbox 1435 1681 1596 1709; x_wconf 84' lang='lat' dir='ltr'><em>verteret</em></span> <span class='ocrx_word' id='word_1_613' title='bbox 1626 1684 1635 1710; x_wconf 71' lang='grc' dir='ltr'><strong><em>ε</em></strong></span> <span class='ocrx_word' id='word_1_614' title='bbox 1658 1677 1761 1721; x_wconf 84' lang='lat' dir='ltr'><em>patri</em></span> <span class='ocrx_word' id='word_1_615' title='bbox 1791 1673 1994 1710; x_wconf 82' lang='lat' dir='ltr'><em>Ardaburii</em></span> <span class='ocrx_word' id='word_1_616' title='bbox 2025 1675 2127 1725; x_wconf 79' lang='lat' dir='ltr'><em>(quae</em></span> <span class='ocrx_word' id='word_1_617' title='bbox 2157 1679 2262 1715; x_wconf 84' lang='lat' dir='ltr'><em>vocis</em></span> 
     </span>
     <span class='ocr_line' id='line_1_81' title="bbox 1221 1729 2261 1782; baseline 0.005 -15"><span class='ocrx_word' id='word_1_618' title='bbox 1221 1729 1327 1781; x_wconf 81' lang='grc' dir='ltr'>πατρὶ</span> <span class='ocrx_word' id='word_1_619' title='bbox 1342 1732 1493 1767; x_wconf 90' lang='lat' dir='ltr'><em>omissio</em></span> <span class='ocrx_word' id='word_1_620' title='bbox 1511 1732 1673 1767; x_wconf 90' lang='lat' dir='ltr'><em>insolens</em></span> <span class='ocrx_word' id='word_1_621' title='bbox 1684 1758 1694 1776; x_wconf 94' lang='lat'>‚</span> <span class='ocrx_word' id='word_1_622' title='bbox 1710 1732 1805 1768; x_wconf 86' lang='lat' dir='ltr'><em>adeo</em></span> <span class='ocrx_word' id='word_1_623' title='bbox 1818 1739 1861 1767; x_wconf 90' lang='lat' dir='ltr'><em>ut</em></span> <span class='ocrx_word' id='word_1_624' title='bbox 1872 1733 2063 1782; x_wconf 85' lang='lat' dir='ltr'><em>vulgatam</em></span> <span class='ocrx_word' id='word_1_625' title='bbox 2081 1735 2261 1772; x_wconf 85' lang='lat' dir='ltr'><em>intactam</em></span> 
     </span>
     <span class='ocr_line' id='line_1_82' title="bbox 1221 1790 2258 1839; baseline 0.004 -14"><span class='ocrx_word' id='word_1_626' title='bbox 1221 1792 1416 1838; x_wconf 82' lang='lat' dir='ltr'><em>reliquerit</em></span> <span class='ocrx_word' id='word_1_627' title='bbox 1432 1790 1714 1839; x_wconf 80' lang='lat' dir='ltr'><em>Bernhardyus)</em></span> <span class='ocrx_word' id='word_1_628' title='bbox 1730 1803 1839 1835; x_wconf 80' lang='lat' dir='ltr'><em>3nam</em></span> <span class='ocrx_word' id='word_1_629' title='bbox 1853 1791 1929 1826; x_wconf 92' lang='lat' dir='ltr'><em>duo</em></span> <span class='ocrx_word' id='word_1_630' title='bbox 1943 1799 2030 1827; x_wconf 89' lang='lat' dir='ltr'><em>sunt</em></span> <span class='ocrx_word' id='word_1_631' title='bbox 2040 1793 2258 1838; x_wconf 84' lang='lat' dir='ltr'><em>Ardaburii,</em></span> 
     </span>
     <span class='ocr_line' id='line_1_83' title="bbox 1221 1848 2256 1900; baseline 0.005 -17"><span class='ocrx_word' id='word_1_632' title='bbox 1221 1850 1312 1884; x_wconf 83' lang='lat' dir='ltr'><em>alter</em></span> <span class='ocrx_word' id='word_1_633' title='bbox 1327 1856 1450 1896; x_wconf 84' lang='lat' dir='ltr'><em>pater,</em></span> <span class='ocrx_word' id='word_1_634' title='bbox 1469 1849 1563 1884; x_wconf 86' lang='lat' dir='ltr'><em>alter</em></span> <span class='ocrx_word' id='word_1_635' title='bbox 1579 1848 1678 1884; x_wconf 87' lang='lat' dir='ltr'><em>filius</em></span> <span class='ocrx_word' id='word_1_636' title='bbox 1692 1850 1855 1898; x_wconf 86' lang='lat' dir='ltr'><em>Asparis.</em></span> <span class='ocrx_word' id='word_1_637' title='bbox 1879 1851 1924 1886; x_wconf 90' lang='lat' dir='ltr'><em>V.</em></span> <span class='ocrx_word' id='word_1_638' title='bbox 1944 1851 2159 1887; x_wconf 85' lang='lat' dir='ltr'><em>Tillemont.</em></span> <span class='ocrx_word' id='word_1_639' title='bbox 2185 1854 2234 1888; x_wconf 91' lang='lat' dir='ltr'><em>VI</em></span> <span class='ocrx_word' id='word_1_640' title='bbox 2246 1881 2256 1900; x_wconf 87' lang='lat'><strong>‚</strong></span> 
     </span>
     <span class='ocr_line' id='line_1_84' title="bbox 1218 1907 1567 1957; baseline -0.003 -14"><span class='ocrx_word' id='word_1_641' title='bbox 1218 1921 1244 1956; x_wconf 90' lang='lat' dir='ltr'><em>p</em></span> <span class='ocrx_word' id='word_1_642' title='bbox 1281 1907 1352 1944; x_wconf 84' lang='lat'><em>105</em></span> <span class='ocrx_word' id='word_1_643' title='bbox 1367 1915 1403 1944; x_wconf 86' lang='lat' dir='ltr'><em>et</em></span> <span class='ocrx_word' id='word_1_644' title='bbox 1415 1908 1567 1957; x_wconf 87' lang='lat' dir='ltr'><em>passim.</em></span> 
     </span>
    </p>
   </div>
   <div class='ocr_carea' id='block_1_11' title="bbox 1443 2029 2039 2080">
    <p class='ocr_par' dir='ltr' id='par_1_13' title="bbox 1443 2029 2039 2080">
     <span class='ocr_line' id='line_1_85' title="bbox 1443 2029 2039 2080; baseline 0.003 -14"><span class='ocrx_word' id='word_1_645' title='bbox 1443 2042 1504 2066; x_wconf 83' lang='lat'><em>12.</em></span> <span class='ocrx_word' id='word_1_646' title='bbox 1530 2029 1641 2079; x_wconf 86' lang='grc'>(449.</span> <span class='ocrx_word' id='word_1_647' title='bbox 1665 2030 1854 2068; x_wconf 87' lang='lat' dir='ltr'><em>Theodos.</em></span> <span class='ocrx_word' id='word_1_648' title='bbox 1874 2043 1936 2067; x_wconf 87' lang='lat' dir='ltr'><em>an.</em></span> <span class='ocrx_word' id='word_1_649' title='bbox 1957 2030 2039 2080; x_wconf 75' lang='lat'>42.)</span> 
     </span>
    </p>
   </div>
   <div class='ocr_carea' id='block_1_12' title="bbox 1272 2140 2254 2196">
    <p class='ocr_par' dir='ltr' id='par_1_14' title="bbox 1272 2140 2254 2196">
     <span class='ocr_line' id='line_1_86' title="bbox 1272 2140 2254 2196; baseline 0.002 -17"><span class='ocrx_word' id='word_1_650' title='bbox 1272 2145 1364 2180; x_wconf 78' lang='lat' dir='ltr'><em>Exc.</em></span> <span class='ocrx_word' id='word_1_651' title='bbox 1387 2145 1442 2179; x_wconf 87' lang='lat' dir='ltr'><em>De</em></span> <span class='ocrx_word' id='word_1_652' title='bbox 1461 2144 1534 2191; x_wconf 78' lang='lat' dir='ltr'><em>leg.</em></span> <span class='ocrx_word' id='word_1_653' title='bbox 1557 2148 1658 2192; x_wconf 77' lang='lat' dir='ltr'><em>gent.</em></span> <span class='ocrx_word' id='word_1_654' title='bbox 1680 2156 1720 2192; x_wconf 90' lang='lat' dir='ltr'><em>p.</em></span> <span class='ocrx_word' id='word_1_655' title='bbox 1747 2143 1810 2180; x_wconf 81' lang='lat'><em>38.</em></span> <span class='ocrx_word' id='word_1_656' title='bbox 1835 2143 1884 2192; x_wconf 83' lang='lat'><em>39</em></span> <span class='ocrx_word' id='word_1_657' title='bbox 1908 2156 1916 2179; x_wconf 80' lang='lat' dir='ltr'><em>z</em></span> <span class='ocrx_word' id='word_1_658' title='bbox 1937 2140 2024 2181; x_wconf 87' lang='grc' dir='ltr'><em>Ὅτι</em></span> <span class='ocrx_word' id='word_1_659' title='bbox 2052 2142 2254 2196; x_wconf 66' lang='grc' dir='ltr'>φωραθέντα</span> 
     </span>
    </p>
   </div>
   <div class='ocr_carea' id='block_1_13' title="bbox 1188 2194 2256 2255">
    <p class='ocr_par' dir='ltr' id='par_1_15' title="bbox 1188 2194 2256 2255">
     <span class='ocr_line' id='line_1_87' title="bbox 1188 2194 2256 2255; baseline 0.003 -18"><span class='ocrx_word' id='word_1_660' title='bbox 1188 2194 1192 2201; x_wconf 65' lang='grc'><strong>’</strong></span> <span class='ocrx_word' id='word_1_661' title='bbox 1219 2199 1276 2238; x_wconf 78' lang='grc' dir='ltr'><em>τὸν</em></span> <span class='ocrx_word' id='word_1_662' title='bbox 1294 2199 1439 2251; x_wconf 85' lang='grc' dir='ltr'>Βιγίλαν</span> <span class='ocrx_word' id='word_1_663' title='bbox 1455 2199 1764 2249; x_wconf 64' lang='grc' dir='ltr'>ἐπιδουλευόμενον</span> <span class='ocrx_word' id='word_1_664' title='bbox 1775 2202 1825 2253; x_wconf 81' lang='grc' dir='ltr'><em>τῷ</em></span> <span class='ocrx_word' id='word_1_665' title='bbox 1843 2199 1990 2251; x_wconf 73' lang='grc' dir='ltr'>Ἀττήλᾳ</span> <span class='ocrx_word' id='word_1_666' title='bbox 2001 2229 2010 2247; x_wconf 84' lang='grc'><strong>,</strong></span> <span class='ocrx_word' id='word_1_667' title='bbox 2024 2200 2157 2239; x_wconf 74' lang='grc' dir='ltr'>καὶτοῦ</span> <span class='ocrx_word' id='word_1_668' title='bbox 2169 2216 2256 2255; x_wconf 87' lang='grc' dir='ltr'>χρυ-</span> 
     </span>
    </p>
   </div>
   <div class='ocr_carea' id='block_1_14' title="bbox 1218 2257 2258 2548">
    <p class='ocr_par' dir='ltr' id='par_1_16' title="bbox 1218 2257 2258 2548">
     <span class='ocr_line' id='line_1_88' title="bbox 1220 2257 2254 2312; baseline 0.003 -17"><span class='ocrx_word' id='word_1_669' title='bbox 1220 2258 1293 2296; x_wconf 90' lang='grc' dir='ltr'>σίου</span> <span class='ocrx_word' id='word_1_670' title='bbox 1319 2258 1380 2302; x_wconf 83' lang='grc' dir='ltr'><em>τὰς</em></span> <span class='ocrx_word' id='word_1_671' title='bbox 1396 2259 1518 2297; x_wconf 80' lang='grc' dir='ltr'>ἑκατὸν</span> <span class='ocrx_word' id='word_1_672' title='bbox 1549 2258 1667 2310; x_wconf 88' lang='grc' dir='ltr'>λίτρας</span> <span class='ocrx_word' id='word_1_673' title='bbox 1686 2258 1748 2301; x_wconf 89' lang='grc' dir='ltr'><em>τὰς</em></span> <span class='ocrx_word' id='word_1_674' title='bbox 1768 2257 1863 2309; x_wconf 85' lang='grc' dir='ltr'>παρὰ</span> <span class='ocrx_word' id='word_1_675' title='bbox 1882 2262 1941 2296; x_wconf 81' lang='grc' dir='ltr'><em>τοῦ</em></span> <span class='ocrx_word' id='word_1_676' title='bbox 1963 2259 2167 2312; x_wconf 84' lang='grc' dir='ltr'>Χρυσαφίου</span> <span class='ocrx_word' id='word_1_677' title='bbox 2191 2264 2254 2298; x_wconf 78' lang='grc' dir='ltr'><em>τοῦ</em></span> 
     </span>
     <span class='ocr_line' id='line_1_89' title="bbox 1219 2315 2256 2368; baseline 0.002 -15"><span class='ocrx_word' id='word_1_678' title='bbox 1219 2315 1381 2368; x_wconf 70' lang='grc' dir='ltr'>εὐνούχου</span> <span class='ocrx_word' id='word_1_679' title='bbox 1403 2315 1588 2359; x_wconf 86' lang='grc' dir='ltr'>σταλείσας</span> <span class='ocrx_word' id='word_1_680' title='bbox 1609 2315 1819 2366; x_wconf 79' lang='grc' dir='ltr'>ἀφελομένου</span> <span class='ocrx_word' id='word_1_681' title='bbox 1842 2315 2072 2367; x_wconf 74' lang='grc' dir='ltr'>(ἀφελόμενος</span> <span class='ocrx_word' id='word_1_682' title='bbox 2091 2318 2207 2356; x_wconf 87' lang='lat' dir='ltr'><em>Class.</em></span> <span class='ocrx_word' id='word_1_683' title='bbox 2225 2319 2256 2368; x_wconf 91' lang='lat'><em>),</em></span> 
     </span>
     <span class='ocr_line' id='line_1_90' title="bbox 1218 2372 2257 2427; baseline 0.001 -15"><span class='ocrx_word' id='word_1_684' title='bbox 1218 2374 1390 2426; x_wconf 82' lang='grc' dir='ltr'>παρευθὺς</span> <span class='ocrx_word' id='word_1_685' title='bbox 1411 2374 1564 2425; x_wconf 84' lang='grc' dir='ltr'>ἔπεμπεν</span> <span class='ocrx_word' id='word_1_686' title='bbox 1588 2373 1761 2427; x_wconf 83' lang='grc' dir='ltr'>Ὀρέστην</span> <span class='ocrx_word' id='word_1_687' title='bbox 1790 2373 1850 2412; x_wconf 83' lang='grc' dir='ltr'><em>καὶ</em></span> <span class='ocrx_word' id='word_1_688' title='bbox 1877 2372 2016 2413; x_wconf 84' lang='grc' dir='ltr'>Ἤσλαν</span> <span class='ocrx_word' id='word_1_689' title='bbox 2044 2377 2063 2412; x_wconf 86' lang='lat'>6</span> <span class='ocrx_word' id='word_1_690' title='bbox 2089 2374 2257 2422; x_wconf 79' lang='grc' dir='ltr'>Ἀττῆλας</span> 
     </span>
     <span class='ocr_line' id='line_1_91' title="bbox 1219 2431 2258 2485; baseline 0.002 -15"><span class='ocrx_word' id='word_1_691' title='bbox 1219 2434 1252 2475; x_wconf 83' lang='grc' dir='ltr'>ἐς</span> <span class='ocrx_word' id='word_1_692' title='bbox 1266 2431 1329 2478; x_wconf 79' lang='grc' dir='ltr'><em>τὴν</em></span> <span class='ocrx_word' id='word_1_693' title='bbox 1348 2432 1610 2472; x_wconf 86' lang='grc' dir='ltr'>Κωνσταντίνου</span> <span class='ocrx_word' id='word_1_694' title='bbox 1621 2462 1631 2479; x_wconf 89' lang='grc'><strong>,</strong></span> <span class='ocrx_word' id='word_1_695' title='bbox 1648 2431 1885 2481; x_wconf 82' lang='grc' dir='ltr'>ἐντειλάμενος</span> <span class='ocrx_word' id='word_1_696' title='bbox 1902 2431 1959 2470; x_wconf 84' lang='grc' dir='ltr'><em>τὸν</em></span> <span class='ocrx_word' id='word_1_697' title='bbox 1990 2432 2052 2482; x_wconf 81' lang='grc' dir='ltr'><em>μὲν</em></span> <span class='ocrx_word' id='word_1_698' title='bbox 2079 2431 2258 2485; x_wconf 82' lang='grc' dir='ltr'>Ὀρέστην</span> 
     </span>
     <span class='ocr_line' id='line_1_92' title="bbox 1218 2485 2256 2548; baseline 0.003 -20"><span class='ocrx_word' id='word_1_699' title='bbox 1218 2491 1257 2528; x_wconf 88' lang='grc' dir='ltr'><em>τὸ</em></span> <span class='ocrx_word' id='word_1_700' title='bbox 1290 2491 1495 2542; x_wconf 75' lang='grc' dir='ltr'>βαλάντιον,</span> <span class='ocrx_word' id='word_1_701' title='bbox 1523 2493 1558 2529; x_wconf 79' lang='grc' dir='ltr'>ἐν</span> <span class='ocrx_word' id='word_1_702' title='bbox 1584 2485 1680 2543; x_wconf 73' lang='grc' dir='ltr'>ᾧπερ</span> <span class='ocrx_word' id='word_1_703' title='bbox 1707 2489 1918 2548; x_wconf 68' lang='grc' dir='ltr'>ἐμὸεὸλήκει</span> <span class='ocrx_word' id='word_1_704' title='bbox 1943 2491 2088 2541; x_wconf 83' lang='grc' dir='ltr'>Βιγίλας</span> <span class='ocrx_word' id='word_1_705' title='bbox 2113 2491 2152 2531; x_wconf 84' lang='grc' dir='ltr'><em>τὸ</em></span> <span class='ocrx_word' id='word_1_706' title='bbox 2169 2507 2256 2544; x_wconf 86' lang='grc' dir='ltr'>χρυ-</span> 
     </span>
    </p>
   </div>
   <div class='ocr_carea' id='block_1_15' title="bbox 1218 2601 2256 3108">
    <p class='ocr_par' dir='ltr' id='par_1_17' title="bbox 1218 2601 2256 3108">
     <span class='ocr_line' id='line_1_93' title="bbox 1219 2601 2255 2642; baseline -0.001 -7"><span class='ocrx_word' id='word_1_707' title='bbox 1219 2603 1259 2635; x_wconf 85' lang='lat' dir='ltr'><em>ad</em></span> <span class='ocrx_word' id='word_1_708' title='bbox 1274 2613 1306 2635; x_wconf 86' lang='lat' dir='ltr'><em>se</em></span> <span class='ocrx_word' id='word_1_709' title='bbox 1319 2603 1493 2635; x_wconf 85' lang='lat' dir='ltr'><em>adductum</em></span> <span class='ocrx_word' id='word_1_710' title='bbox 1509 2603 1539 2634; x_wconf 92' lang='lat' dir='ltr'><em>in</em></span> <span class='ocrx_word' id='word_1_711' title='bbox 1556 2602 1689 2633; x_wconf 82' lang='lat' dir='ltr'><em>vinculis</em></span> <span class='ocrx_word' id='word_1_712' title='bbox 1704 2602 1904 2642; x_wconf 73' lang='lat' dir='ltr'><em>conspicatus</em></span> <span class='ocrx_word' id='word_1_713' title='bbox 1917 2601 2004 2637; x_wconf 83' lang='lat' dir='ltr'><em>risit.</em></span> <span class='ocrx_word' id='word_1_714' title='bbox 2019 2603 2051 2633; x_wconf 87' lang='lat' dir='ltr'><em>et</em></span> <span class='ocrx_word' id='word_1_715' title='bbox 2069 2601 2197 2633; x_wconf 82' lang='lat' dir='ltr'><em>remissa</em></span> <span class='ocrx_word' id='word_1_716' title='bbox 2209 2601 2255 2634; x_wconf 82' lang='lat' dir='ltr'><em>ira</em></span> 
     </span>
     <span class='ocr_line' id='line_1_94' title="bbox 1219 2653 2255 2696; baseline -0.001 -9"><span class='ocrx_word' id='word_1_717' title='bbox 1219 2665 1347 2687; x_wconf 87' lang='lat' dir='ltr'><em>causam</em></span> <span class='ocrx_word' id='word_1_718' title='bbox 1363 2656 1445 2696; x_wconf 80' lang='lat' dir='ltr'><em>fugae</em></span> <span class='ocrx_word' id='word_1_719' title='bbox 1460 2655 1628 2695; x_wconf 82' lang='lat' dir='ltr'><em>quaesivit,</em></span> <span class='ocrx_word' id='word_1_720' title='bbox 1645 2656 1677 2686; x_wconf 85' lang='lat' dir='ltr'><em>et</em></span> <span class='ocrx_word' id='word_1_721' title='bbox 1690 2654 1781 2694; x_wconf 80' lang='lat' dir='ltr'><em>quus</em></span> <span class='ocrx_word' id='word_1_722' title='bbox 1797 2654 1842 2685; x_wconf 85' lang='lat' dir='ltr'><em>rei</em></span> <span class='ocrx_word' id='word_1_723' title='bbox 1861 2653 1960 2693; x_wconf 84' lang='lat' dir='ltr'><em>gratia</em></span> <span class='ocrx_word' id='word_1_724' title='bbox 1973 2662 2022 2686; x_wconf 83' lang='lat' dir='ltr'><em>res</em></span> <span class='ocrx_word' id='word_1_725' title='bbox 2039 2656 2255 2688; x_wconf 86' lang='lat' dir='ltr'><em>Romanorum</em></span> 
     </span>
     <span class='ocr_line' id='line_1_95' title="bbox 1218 2704 2254 2746; baseline -0.002 -8"><span class='ocrx_word' id='word_1_726' title='bbox 1218 2707 1283 2738; x_wconf 88' lang='lat' dir='ltr'><em>suis</em></span> <span class='ocrx_word' id='word_1_727' title='bbox 1293 2707 1438 2739; x_wconf 87' lang='lat' dir='ltr'><em>meliores</em></span> <span class='ocrx_word' id='word_1_728' title='bbox 1449 2708 1584 2746; x_wconf 79' lang='lat' dir='ltr'><em>putaret.</em></span> <span class='ocrx_word' id='word_1_729' title='bbox 1597 2706 1653 2737; x_wconf 82' lang='lat' dir='ltr'><em>Ille</em></span> <span class='ocrx_word' id='word_1_730' title='bbox 1662 2714 1737 2737; x_wconf 87' lang='lat' dir='ltr'><em>vero</em></span> <span class='ocrx_word' id='word_1_731' title='bbox 1746 2704 1906 2745; x_wconf 82' lang='lat' dir='ltr'><em>respondit</em></span> <span class='ocrx_word' id='word_1_732' title='bbox 1915 2713 1949 2736; x_wconf 84' lang='lat' dir='ltr'><em>sc</em></span> <span class='ocrx_word' id='word_1_733' title='bbox 1959 2704 2087 2745; x_wconf 82' lang='lat' dir='ltr'><em>quidem</em></span> <span class='ocrx_word' id='word_1_734' title='bbox 2098 2713 2254 2746; x_wconf 74' lang='lat' dir='ltr'><em>peoeasse,</em></span> 
     </span>
     <span class='ocr_line' id='line_1_96' title="bbox 1219 2756 2256 2800; baseline 0 -10"><span class='ocrx_word' id='word_1_735' title='bbox 1219 2759 1305 2800; x_wconf 87' lang='lat' dir='ltr'><em>quod</em></span> <span class='ocrx_word' id='word_1_736' title='bbox 1319 2759 1464 2798; x_wconf 77' lang='lat' dir='ltr'><em>fugisset3</em></span> <span class='ocrx_word' id='word_1_737' title='bbox 1489 2758 1543 2789; x_wconf 86' lang='lat' dir='ltr'><em>sed</em></span> <span class='ocrx_word' id='word_1_738' title='bbox 1564 2757 1685 2797; x_wconf 86' lang='lat' dir='ltr'><em>peccati</em></span> <span class='ocrx_word' id='word_1_739' title='bbox 1701 2765 1830 2788; x_wconf 85' lang='lat' dir='ltr'><em>causam</em></span> <span class='ocrx_word' id='word_1_740' title='bbox 1853 2765 1886 2788; x_wconf 85' lang='lat' dir='ltr'><em>se</em></span> <span class='ocrx_word' id='word_1_741' title='bbox 1907 2756 2041 2796; x_wconf 83' lang='lat' dir='ltr'><em>habere,</em></span> <span class='ocrx_word' id='word_1_742' title='bbox 2066 2756 2153 2797; x_wconf 89' lang='lat' dir='ltr'><em>quod</em></span> <span class='ocrx_word' id='word_1_743' title='bbox 2168 2757 2256 2792; x_wconf 84' lang='lat' dir='ltr'><em>nulla</em></span> 
     </span>
     <span class='ocr_line' id='line_1_97' title="bbox 1220 2807 2255 2850; baseline -0.001 -9"><span class='ocrx_word' id='word_1_744' title='bbox 1220 2820 1302 2842; x_wconf 75' lang='lat' dir='ltr'><em>uxor</em></span> <span class='ocrx_word' id='word_1_745' title='bbox 1319 2810 1376 2850; x_wconf 85' lang='lat' dir='ltr'><em>ipsi</em></span> <span class='ocrx_word' id='word_1_746' title='bbox 1390 2810 1466 2841; x_wconf 82' lang='lat' dir='ltr'><em>data</em></span> <span class='ocrx_word' id='word_1_747' title='bbox 1482 2810 1601 2841; x_wconf 83' lang='lat' dir='ltr'><em>suisset.</em></span> <span class='ocrx_word' id='word_1_748' title='bbox 1617 2811 1706 2840; x_wconf 90' lang='lat' dir='ltr'><em>Tunc</em></span> <span class='ocrx_word' id='word_1_749' title='bbox 1719 2807 1831 2839; x_wconf 85' lang='lat' dir='ltr'><em>Bledas</em></span> <span class='ocrx_word' id='word_1_750' title='bbox 1857 2807 1889 2839; x_wconf 89' lang='lat' dir='ltr'><em>in</em></span> <span class='ocrx_word' id='word_1_751' title='bbox 1903 2807 2056 2846; x_wconf 73' lang='lat' dir='ltr'><em>maiorem</em></span> <span class='ocrx_word' id='word_1_752' title='bbox 2071 2809 2169 2840; x_wconf 82' lang='lat' dir='ltr'><em>risum</em></span> <span class='ocrx_word' id='word_1_753' title='bbox 2183 2817 2255 2849; x_wconf 85' lang='lat' dir='ltr'><em>pro·</em></span> 
     </span>
     <span class='ocr_line' id='line_1_98' title="bbox 1221 2859 2256 2902; baseline -0.001 -8"><span class='ocrx_word' id='word_1_754' title='bbox 1221 2871 1374 2902; x_wconf 83' lang='lat' dir='ltr'><em>rumpens</em></span> <span class='ocrx_word' id='word_1_755' title='bbox 1397 2871 1530 2895; x_wconf 81' lang='lat' dir='ltr'><em>uxorem</em></span> <span class='ocrx_word' id='word_1_756' title='bbox 1545 2861 1600 2901; x_wconf 85' lang='lat' dir='ltr'><em>ipsi</em></span> <span class='ocrx_word' id='word_1_757' title='bbox 1614 2861 1721 2898; x_wconf 82' lang='lat' dir='ltr'><em>dedit,</em></span> <span class='ocrx_word' id='word_1_758' title='bbox 1747 2868 1844 2891; x_wconf 87' lang='lat' dir='ltr'><em>unam</em></span> <span class='ocrx_word' id='word_1_759' title='bbox 1861 2859 1900 2891; x_wconf 83' lang='lat' dir='ltr'><em>de</em></span> <span class='ocrx_word' id='word_1_760' title='bbox 1922 2859 2100 2899; x_wconf 88' lang='lat' dir='ltr'><em>nobilibus,</em></span> <span class='ocrx_word' id='word_1_761' title='bbox 2119 2868 2256 2901; x_wconf 80' lang='lat' dir='ltr'><em>quaeque</em></span> 
     </span>
     <span class='ocr_line' id='line_1_99' title="bbox 1222 2911 2256 2952; baseline -0.002 -7"><span class='ocrx_word' id='word_1_762' title='bbox 1222 2914 1324 2946; x_wconf 81' lang='lat' dir='ltr'><em>suerat</em></span> <span class='ocrx_word' id='word_1_763' title='bbox 1339 2913 1379 2945; x_wconf 84' lang='lat' dir='ltr'><em>de</em></span> <span class='ocrx_word' id='word_1_764' title='bbox 1399 2913 1516 2952; x_wconf 77' lang='lat' dir='ltr'><em>reginoe</em></span> <span class='ocrx_word' id='word_1_765' title='bbox 1538 2911 1706 2950; x_wconf 84' lang='lat' dir='ltr'><em>ministris,</em></span> <span class='ocrx_word' id='word_1_766' title='bbox 1724 2911 1778 2943; x_wconf 90' lang='lat' dir='ltr'><em>sed</em></span> <span class='ocrx_word' id='word_1_767' title='bbox 1794 2911 1836 2943; x_wconf 87' lang='lat' dir='ltr'><em>ob</em></span> <span class='ocrx_word' id='word_1_768' title='bbox 1860 2912 2025 2950; x_wconf 80' lang='lat' dir='ltr'><em>peccatum</em></span> <span class='ocrx_word' id='word_1_769' title='bbox 2041 2911 2202 2950; x_wconf 87' lang='lat' dir='ltr'><em>quoddam</em></span> <span class='ocrx_word' id='word_1_770' title='bbox 2214 2911 2256 2943; x_wconf 86' lang='lat' dir='ltr'><em>ad</em></span> 
     </span>
     <span class='ocr_line' id='line_1_100' title="bbox 1220 2961 2255 3003; baseline -0.002 -8"><span class='ocrx_word' id='word_1_771' title='bbox 1220 2965 1306 2996; x_wconf 89' lang='lat' dir='ltr'><em>illam</em></span> <span class='ocrx_word' id='word_1_772' title='bbox 1322 2973 1386 2995; x_wconf 91' lang='lat' dir='ltr'><em>non</em></span> <span class='ocrx_word' id='word_1_773' title='bbox 1404 2964 1540 3003; x_wconf 82' lang='lat' dir='ltr'><em>amplius</em></span> <span class='ocrx_word' id='word_1_774' title='bbox 1552 2963 1732 2995; x_wconf 86' lang='lat' dir='ltr'><em>accedebat.</em></span> <span class='ocrx_word' id='word_1_775' title='bbox 1749 2964 1817 2994; x_wconf 83' lang='lat' dir='ltr'><em>Hoc</em></span> <span class='ocrx_word' id='word_1_776' title='bbox 1841 2961 1936 3000; x_wconf 73' lang='lat' dir='ltr'><em>igitur</em></span> <span class='ocrx_word' id='word_1_777' title='bbox 1953 2962 2045 3000; x_wconf 82' lang='lat' dir='ltr'><em>pacto</em></span> <span class='ocrx_word' id='word_1_778' title='bbox 2060 2970 2134 2992; x_wconf 87' lang='lat' dir='ltr'><em>cum</em></span> <span class='ocrx_word' id='word_1_779' title='bbox 2157 2961 2255 2994; x_wconf 78' lang='lat' dir='ltr'><em>Blada</em></span> 
     </span>
     <span class='ocr_line' id='line_1_101' title="bbox 1219 3014 2254 3057; baseline -0.002 -9"><span class='ocrx_word' id='word_1_780' title='bbox 1219 3017 1300 3048; x_wconf 81' lang='lat' dir='ltr'><em>vixit</em></span> <span class='ocrx_word' id='word_1_781' title='bbox 1313 3018 1475 3057; x_wconf 84' lang='lat' dir='ltr'><em>perpetuo.</em></span> <span class='ocrx_word' id='word_1_782' title='bbox 1491 3018 1566 3048; x_wconf 85' lang='lat' dir='ltr'><em>Post</em></span> <span class='ocrx_word' id='word_1_783' title='bbox 1579 3018 1648 3055; x_wconf 84' lang='lat' dir='ltr'><em>ejus</em></span> <span class='ocrx_word' id='word_1_784' title='bbox 1657 3023 1731 3046; x_wconf 83' lang='lat' dir='ltr'><em>vero</em></span> <span class='ocrx_word' id='word_1_785' title='bbox 1747 3015 1883 3046; x_wconf 81' lang='lat' dir='ltr'><em>mortem</em></span> <span class='ocrx_word' id='word_1_786' title='bbox 1901 3014 1998 3045; x_wconf 81' lang='lat' dir='ltr'><em>Attila</em></span> <span class='ocrx_word' id='word_1_787' title='bbox 2011 3014 2102 3045; x_wconf 72' lang='lat' dir='ltr'><em>Aetio</em></span> <span class='ocrx_word' id='word_1_788' title='bbox 2111 3037 2120 3052; x_wconf 91' lang='lat'><em>,</em></span> <span class='ocrx_word' id='word_1_789' title='bbox 2137 3015 2254 3046; x_wconf 83' lang='lat' dir='ltr'><em>Roma·</em></span> 
     </span>
     <span class='ocr_line' id='line_1_102' title="bbox 1219 3065 2255 3108; baseline -0.004 -6"><span class='ocrx_word' id='word_1_790' title='bbox 1219 3079 1334 3102; x_wconf 85' lang='lat' dir='ltr'><em>norum</em></span> <span class='ocrx_word' id='word_1_791' title='bbox 1350 3069 1596 3101; x_wconf 84' lang='lat' dir='ltr'><em>occidentalium</em></span> <span class='ocrx_word' id='word_1_792' title='bbox 1621 3068 1714 3107; x_wconf 87' lang='lat' dir='ltr'><em>duci,</em></span> <span class='ocrx_word' id='word_1_793' title='bbox 1739 3069 1910 3099; x_wconf 85' lang='lat' dir='ltr'><em>Zerconem</em></span> <span class='ocrx_word' id='word_1_794' title='bbox 1927 3065 2012 3097; x_wconf 89' lang='lat' dir='ltr'><em>dono</em></span> <span class='ocrx_word' id='word_1_795' title='bbox 2028 3065 2128 3098; x_wconf 84' lang='lat' dir='ltr'><em>mittit</em></span> <span class='ocrx_word' id='word_1_796' title='bbox 2138 3077 2148 3106; x_wconf 88' lang='lat'>;</span> <span class='ocrx_word' id='word_1_797' title='bbox 2166 3070 2255 3108; x_wconf 75' lang='lat' dir='ltr'><em>isque</em></span> 
     </span>
    </p>
   </div>
   <div class='ocr_carea' id='block_1_16' title="bbox 1219 3121 2254 3428">
    <p class='ocr_par' dir='ltr' id='par_1_18' title="bbox 1219 3121 1763 3201">
     <span class='ocr_line' id='line_1_103' title="bbox 1219 3121 1749 3191; baseline -0.006 -37"><span class='ocrx_word' id='word_1_798' title='bbox 1219 3123 1260 3154; x_wconf 91' lang='lat' dir='ltr'><em>ad</em></span> <span class='ocrx_word' id='word_1_799' title='bbox 1276 3127 1427 3163; x_wconf 85' lang='lat' dir='ltr'><em>Asparem</em></span> <span class='ocrx_word' id='word_1_800' title='bbox 1444 3121 1538 3153; x_wconf 89' lang='lat' dir='ltr'><em>misit.</em></span> <span class='ocrx_word' id='word_1_801' title='bbox 1730 3170 1749 3191; x_wconf 51' lang='lat' dir='ltr'>o</span> 
     </span>
     <span class='ocr_line' id='line_1_104' title="bbox 1709 3171 1763 3201; baseline 0 0"><span class='ocrx_word' id='word_1_802' title='bbox 1709 3171 1763 3201; x_wconf 80' lang='grc' dir='ltr'>Ι...</span> 
     </span>
    </p>

    <p class='ocr_par' dir='ltr' id='par_1_19' title="bbox 1219 3220 2254 3428">
     <span class='ocr_line' id='line_1_105' title="bbox 1261 3220 2253 3266; baseline -0.007 -8"><span class='ocrx_word' id='word_1_803' title='bbox 1261 3226 1360 3266; x_wconf 86' lang='lat' dir='ltr'><em>Bigila</em></span> <span class='ocrx_word' id='word_1_804' title='bbox 1375 3225 1560 3257; x_wconf 87' lang='lat' dir='ltr'><em>insidiarum</em></span> <span class='ocrx_word' id='word_1_805' title='bbox 1576 3224 1608 3255; x_wconf 83' lang='lat' dir='ltr'><em>in</em></span> <span class='ocrx_word' id='word_1_806' title='bbox 1622 3223 1750 3256; x_wconf 80' lang='lat' dir='ltr'><em>Attilam</em></span> <span class='ocrx_word' id='word_1_807' title='bbox 1765 3222 1928 3254; x_wconf 73' lang='lat' dir='ltr'><em>manifeste</em></span> <span class='ocrx_word' id='word_1_808' title='bbox 1941 3221 2106 3261; x_wconf 84' lang='lat' dir='ltr'><em>convicto,</em></span> <span class='ocrx_word' id='word_1_809' title='bbox 2125 3220 2253 3259; x_wconf 81' lang='lat' dir='ltr'><em>Attilas,</em></span> 
     </span>
     <span class='ocr_line' id='line_1_106' title="bbox 1220 3274 2254 3314; baseline -0.007 -3"><span class='ocrx_word' id='word_1_810' title='bbox 1220 3280 1333 3311; x_wconf 85' lang='lat' dir='ltr'><em>ablatis</em></span> <span class='ocrx_word' id='word_1_811' title='bbox 1349 3279 1390 3310; x_wconf 87' lang='lat' dir='ltr'><em>ab</em></span> <span class='ocrx_word' id='word_1_812' title='bbox 1405 3287 1443 3310; x_wconf 85' lang='lat' dir='ltr'><em>eo</em></span> <span class='ocrx_word' id='word_1_813' title='bbox 1466 3280 1594 3309; x_wconf 85' lang='lat' dir='ltr'><em>centum</em></span> <span class='ocrx_word' id='word_1_814' title='bbox 1612 3277 1681 3307; x_wconf 80' lang='lat' dir='ltr'><em>auri</em></span> <span class='ocrx_word' id='word_1_815' title='bbox 1696 3275 1800 3314; x_wconf 86' lang='lat' dir='ltr'><em>libris,</em></span> <span class='ocrx_word' id='word_1_816' title='bbox 1823 3283 1902 3314; x_wconf 85' lang='lat' dir='ltr'><em>quas</em></span> <span class='ocrx_word' id='word_1_817' title='bbox 1921 3283 1939 3305; x_wconf 89' lang='lat' dir='ltr'><em>a</em></span> <span class='ocrx_word' id='word_1_818' title='bbox 1961 3274 2154 3314; x_wconf 80' lang='lat' dir='ltr'><em>Chrysapliio</em></span> <span class='ocrx_word' id='word_1_819' title='bbox 2167 3282 2254 3305; x_wconf 74' lang='lat' dir='ltr'><em>acce·</em></span> 
     </span>
     <span class='ocr_line' id='line_1_107' title="bbox 1220 3325 2252 3375; baseline -0.012 -8"><span class='ocrx_word' id='word_1_820' title='bbox 1220 3336 1326 3375; x_wconf 79' lang='lat' dir='ltr'><em>perat,</em></span> <span class='ocrx_word' id='word_1_821' title='bbox 1340 3333 1500 3373; x_wconf 83' lang='lat' dir='ltr'><em>extemplo</em></span> <span class='ocrx_word' id='word_1_822' title='bbox 1514 3334 1656 3364; x_wconf 85' lang='lat' dir='ltr'><em>Orestem</em></span> <span class='ocrx_word' id='word_1_823' title='bbox 1671 3332 1702 3362; x_wconf 86' lang='lat' dir='ltr'><em>et</em></span> <span class='ocrx_word' id='word_1_824' title='bbox 1717 3331 1819 3362; x_wconf 82' lang='lat' dir='ltr'><em>Eslam</em></span> <span class='ocrx_word' id='word_1_825' title='bbox 1832 3327 2139 3367; x_wconf 74' lang='lat' dir='ltr'><em>Constantinopolim</em></span> <span class='ocrx_word' id='word_1_826' title='bbox 2155 3325 2252 3363; x_wconf 89' lang='lat' dir='ltr'><em>misit,</em></span> 
     </span>
     <span class='ocr_line' id='line_1_108' title="bbox 1219 3376 2252 3428; baseline -0.012 -8"><span class='ocrx_word' id='word_1_827' title='bbox 1219 3388 1374 3428; x_wconf 79' lang='lat' dir='ltr'><em>jussitque</em></span> <span class='ocrx_word' id='word_1_828' title='bbox 1388 3387 1544 3424; x_wconf 80' lang='lat' dir='ltr'><em>Orestem,</em></span> <span class='ocrx_word' id='word_1_829' title='bbox 1563 3391 1724 3422; x_wconf 84' lang='lat' dir='ltr'><em>crumena,</em></span> <span class='ocrx_word' id='word_1_830' title='bbox 1739 3382 1770 3414; x_wconf 89' lang='lat' dir='ltr'><em>in</em></span> <span class='ocrx_word' id='word_1_831' title='bbox 1787 3390 1884 3421; x_wconf 76' lang='lat' dir='ltr'><em>quani</em></span> <span class='ocrx_word' id='word_1_832' title='bbox 1904 3381 2014 3420; x_wconf 70' lang='lat' dir='ltr'><em>Bigilas</em></span> <span class='ocrx_word' id='word_1_833' title='bbox 2029 3387 2154 3417; x_wconf 81' lang='lat' dir='ltr'><em>aurum,</em></span> <span class='ocrx_word' id='word_1_834' title='bbox 2169 3376 2252 3418; x_wconf 84' lang='lat' dir='ltr'><em>quod</em></span> 
     </span>
    </p>
   </div>
   <div class='ocr_carea' id='block_1_17' title="bbox 2315 2562 2326 2843">
    <p class='ocr_par' dir='ltr' id='par_1_20' title="bbox 2315 2562 2326 2843">
     <span class='ocr_line' id='line_1_109' title="bbox 2315 2562 2326 2843; textangle 90"><span class='ocrx_word' id='word_1_835' title='bbox 2315 2755 2326 2843; x_wconf 42' lang='lat' dir='ltr'><em>nun-722:</em></span> <span class='ocrx_word' id='word_1_836' title='bbox 2324 2660 2326 2662; x_wconf 85' lang='lat'>.</span> <span class='ocrx_word' id='word_1_837' title='bbox 2323 2619 2326 2643; x_wconf 49' lang='grc'><em>-1</em></span> <span class='ocrx_word' id='word_1_838' title='bbox 2324 2562 2326 2570; x_wconf 75' lang='grc'>.</span> 
     </span>
    </p>
   </div>
  </div>
 </body>
</html>
