2372 3704
751 217 943 256 ISlGONl
976 216 1108 255 NICAE
1117 217 1258 256 ENSlS
1288 218 1463 257 FRAGM
1472 220 1618 258 ENTA.

113 309 245 358 quibus
254 322 368 359 porro
384 309 607 351 civitatibus,
627 308 674 344 ob
690 310 855 355 inopiam
869 307 1154 347 domiciliorum,

113 371 314 418 compluris
325 366 513 417 profectos
533 371 572 403 in
591 374 740 402 exteras
757 369 941 413 regiones,
965 357 1110 400 delatos
1125 368 1163 400 in

113 429 288 472 Italiam,
328 439 462 475 eosque
480 427 595 462 multo
614 437 736 461 errore
750 427 960 460 nominatos
984 421 1162 470 Aborigi-

113 499 187 532 nes,
211 499 362 535 quorum
372 486 528 532 subjecti
537 482 750 533 quifiierint
761 483 1054 530 Caeximparum
1069 485 1154 525 viti,

114 548 377 593 unicarumque
392 547 528 580 virium
548 546 702 591 imperio
722 550 880 578 montem
895 542 1105 584 Palatium,
1127 545 1163 575 in

114 617 183 652 quo
191 602 488 652 frequentissimi
501 603 740 646 consederint,
764 602 1014 649 appellavisse
1031 613 1056 634 a
1073 603 1164 635 viri-

114 663 180 698 bus
212 664 374 709 regentis
419 661 635 696 Valentiam
662 673 671 696 .·
712 660 811 708 quod
836 671 969 695 nomen
1006 658 1163 693 adcentu

114 722 281 756 Euandri
289 722 515 768 AEneoeque
502 733 539 755 in
550 719 705 756 Italiam
717 731 798 754 cum
817 730 958 765 magna
971 717 1100 753 Groece
1111 718 1163 752 lo-

113 782 299 827 quentium
309 781 416 827 copia
423 781 710 827 interpretatum,
729 778 803 812 dici
813 784 972 824 coeptum
981 775 1162 812 Rhomen.

165 836 390 887 Sicyonem]
416 852 432 869 τι
454 838 511 873 De
529 838 713 884 Sicyone,
734 835 936 872 Erechthei
962 835 1023 870 vel
1041 835 1164 870 Mara-

115 896 241 931 thonis
255 896 315 931 vel
327 896 503 932 Metionis
517 895 802 932 Atheniensium
815 892 920 938 filio,
936 892 983 930 cf.
1003 894 1159 928 Pausan.

114 954 176 1002 ΙΙ,
202 966 244 998 1,
278 966 318 998 1,
350 953 394 998 6,
418 966 462 998 2,
491 953 554 989 3:
586 953 633 989 de
661 953 848 1001 Thespio,
880 950 1081 987 Erechthei
1112 949 1162 994 f.,

114 1012 277 1049 Diodor.
300 1013 366 1056 IV,
402 1024 473 1061 293
494 1013 651 1049 Pausan.
674 1011 753 1056 IX,
776 1009 851 1054 26,
885 1003 1160 1052 4.›Mii1.1.1·:n.

115 1072 254 1107 Verum
295 1070 341 1106 de
379 1071 540 1119 Sicyone
578 1070 732 1105 Boeotiae
771 1068 917 1117 oppido
957 1081 995 1105 v,
1041 1068 1161 1104 schol.

116 1129 224 1166 Pind.
247 1129 308 1167 Ol.
330 1130 453 1174 XIII,
480 1128 552 1171 148
570 1136 607 1164 et
625 1129 781 1164 Polemo
802 1127 849 1165 fr.
875 1139 922 1173 72
943 1125 1059 1175 (tom.
1079 1127 1159 1171 111,

116 1200 158 1236 p.
189 1186 298 1238 135).
330 1187 387 1225 Cf.
414 1189 558 1236 Unger.
584 1186 774 1224 Paradox.
806 1186 974 1223 Theban.
1003 1197 1044 1233 p.
1076 1183 1162 1220 363.

117 1267 169 1272 —
182 1243 423 1295 Aborigines]
442 1246 682 1292 Aberrigines
699 1250 923 1293 proponunt
937 1243 1106 1291 Scaliger
1126 1250 1163 1278 et

120 1305 310 1340 Miillerus.
336 1305 474 1340 Paulus
494 1305 657 1341 Diacon.
679 1304 771 1340 Exe.
793 1303 921 1339 Festi:
945 1302 1165 1348 Aborigines

117 1364 303 1411 appellati
313 1371 418 1406 sunt,
435 1363 534 1411 quod
544 1369 708 1398 errantes
720 1363 952 1396 convenerint
964 1363 1003 1395 in
1016 1372 1156 1408 agrum,

117 1425 180 1469 qui
199 1433 294 1456 nunc
313 1429 370 1456 est
385 1422 522 1470 populi
539 1422 714 1457 Romani.
737 1421 822 1455 Fuit
836 1422 931 1454 enim
947 1430 1040 1466 gens
1059 1421 1162 1453 anti—

116 1483 295 1528 quissima
324 1481 470 1515 Italiae.
502 1478 558 1516 Cf.
583 1479 696 1514 Dion.
726 1479 776 1515 H.
809 1480 854 1515 A.
881 1477 926 1515 R.
956 1478 995 1524 I,
1028 1489 1087 1514 10.
1111 1497 1163 1504 -

123 1539 415 1587 Caescimparum
431 1545 503 1574 etc.
517 1536 570 1587 ]«
554 1537 908 1573 «Cacoxenidarum
916 1538 998 1582 J'uri
1013 1538 1162 1571 vicina-

116 1609 271 1645 rumque
298 1598 443 1633 urbium
471 1597 531 1632 vel
556 1596 692 1632 similia
711 1594 885 1643 quaedam
911 1595 1028 1630 inesse
1054 1600 1166 1642 putat

117 1655 338 1703 Scaligerus.
355 1656 469 1698 Caci,
491 1654 649 1702 improbi
661 1656 736 1689 viri
751 1655 1013 1700 unicarumque
1027 1655 1162 1687 virium

121 1713 225 1759 conj.
250 1713 435 1751 Niebuhr.
461 1715 509 1749 H.
525 1714 573 1750 R.
601 1719 695 1749 tom.
714 1713 753 1756 Ι,
775 1724 815 1759 p.
835 1710 931 1756 218,
952 1723 1039 1747 ann.
1062 1708 1161 1754 545,

119 1772 236 1820 idque
266 1773 366 1809 Festi
396 1772 586 1808 sententiae
619 1771 1012 1806 convenientissimum
1049 1776 1160 1817 puto.

117 1830 208 1868 Caci
219 1831 440 1866 memoriam
453 1831 567 1866 etiam
580 1830 619 1864 in
633 1830 837 1877 Campania
850 1829 1052 1873 exstitisse,
1065 1841 1164 1863 com·

116 1889 230 1924 mode
256 1896 389 1925 monet
407 1888 646 1932 Clausenius‚
677 1888 808 1924 Solino
823 1887 863 1931 Ι,
886 1886 909 1922 8
934 1893 1027 1922 teste
1044 1885 1162 1921 advo-

120 1954 221 1982 cato.
248 1948 350 1982 latii
367 1948 570 1982 incolarum
587 1948 866 1992 vicinarumque
882 1945 1024 1980 urbium
1046 1951 1166 1980 tentat

116 2005 307 2044 Grauert.»
307 2006 502 2041 »Minuta
515 2002 838 2053 —Valentiam]‹
824 2002 905 2041 ‹.Cf
924 2003 1161 2048 Solin.1‚1;

118 2064 294 2100 Servius
285 2076 323 2099 111
338 2064 442 2111 Virg.
462 2064 548 2099 AEn.
571 2064 605 2112 Ι,
627 2062 702 2108 273
721 2074 767 2098 ex
783 2062 919 2097 Atteio.
946 2030 1161 2096 »Munium

524 2164 717 2178 --aeooon—

122 2251 134 2259 ·
170 2241 517 2277 HYPSICRATES
542 2241 585 2275 V.
609 2241 904 2288 Fragm.LAEr1‚
925 2244 1017 2273 extr.

525 2347 740 2362 Μ.-

238 2453 579 2511 ISIGONUS
617 2450 1033 2509 NICAEENSIS.

172 2588 351 2636 Stephan.
369 2589 479 2635 Byz.:
498 2585 648 2632 Νίκαια,
660 2584 758 2627 πόλις
771 2583 962 2627 Βιθυνίας..
980 2583 1023 2622 F
1027 2583 1042 2628 ξ
1057 2585 1163 2630 αὐτῆς

119 2644 286 2695 Ἰσίγονος
305 2644 366 2682 καὶ
383 2644 641 2691 Ἀσκληπιάδης
658 2642 720 2681 καὶ
747 2642 936 2695 Παρθένιος
955 2642 1014 2680 καὶ
1035 2642 1162 2680 Ἀπολ-

119 2701 271 2754 λόδωρος
307 2718 368 2740 και
416 2701 538 2742 ’έΕπιθ
522 2718 623 2755 ερσης
668 2701 925 2755 γραμματικός.
964 2703 1163 2739 Nicaeensis

120 2763 303 2810 Isogonus
317 2763 528 2810 appellatur
543 2763 655 2797 etiam
669 2762 824 2797 aPlinio
839 2761 883 2797 fr.
905 2773 939 2805 1,
957 2759 1161 2796 etaGellio

120 2821 201 2866 IX,
221 2825 258 2863 4.
282 2818 444 2869 Ἰσίγονος
463 2821 480 2857 ὁ
501 2817 680 2869 Κιττιεύς,
703 2820 837 2868 f1·.agm
870 2824 905 2864 4,
938 2826 1162 2867 corruptum

121 2891 197 2914 esse
215 2878 363 2914 videtur
381 2890 427 2915 ex
443 2876 507 2916 Ἰσ.
527 2879 544 2914 ὃ
564 2875 742 2920 Νικαιεύς.
765 2878 937 2926 Rhegino
954 2883 990 2913 et
1006 2875 1162 2914 Sotione

120 2937 313 2985 antiquim
339 2944 407 2974 est.
426 2939 483 2973 De
501 2937 663 2986 Rhegini
679 2943 785 2973 aetate
804 2949 883 2972 non
899 2942 1065 2981 constat3
1093 2937 1162 2972 So-

121 2995 202 3030 tion
231 3008 322 3031 vero
353 2993 568 3046 Παραδόξων
600 2997 776 3044 scriptor,
810 2996 840 3031 si
869 2994 971 3030 idem
997 3002 1051 3030 est
1077 3007 1162 3031 cum

121 3052 273 3088 Sotione
287 3080 296 3098 ,
322 3055 388 3101 qui
416 3053 635 3090 Potamonis
652 3054 779 3090 Lesbii
795 3054 947 3101 aequalis
967 3053 1038 3088 fuit
1056 3052 1164 3119 -(Plu-

121 3111 238 3148 tarch.
263 3113 307 3148 V.
326 3112 433 3149 Alex.
456 3125 488 3149 c.
510 3112 604 3161 61),
621 3112 761 3148 Tiberii
780 3111 1014 3160 temporibus
1028 3112 1163 3147 vixisse

122 3167 244 3205 debet
264 3169 320 3207 Cf
340 3171 616 3208 Westermann.
637 3171 823 3208 Paradox.
843 3183 881 3218 p.
908 3182 1011 3205 xmx.

456 3303 816 3342 INCREDIBILIA.

622 3381 655 3412 4.

2192 227 2268 261 435

1642 330 1850 368 ΑΠΙΣΤΑ.

1734 425 1763 448 1.

1278 483 1418 519 Plinius
1448 484 1496 518 H.
1521 484 1568 520 N.
1589 484 1677 526 vll,
1705 496 1749 526 2,
1776 496 1813 530 p.
1845 489 1865 526 4
1891 484 2271 536 Tchn.:Antl1ropo-

1219 541 1383 590 phagos,
1404 554 1495 589 quos
1513 542 1568 576 ad
1583 544 1879 588 septemtrionem
1905 554 1982 577 esse
1997 513 2175 589 diximus,
2204 548 2270 582 de-

1223 612 1301 635 cem
1330 601 1471 636 dierum
1503 603 1635 635 itinere
1664 612 1777 647 supra
1807 600 2070 647 Borysthenem
2098 615 2268 650 amnem,

1223 660 1360 695 ossibus
1375 659 1619 694 humanorum
1633 662 1793 706 capitum
1806 656 1944 702 bibere,
1966 661 2176 708 cutibusque
2190 676 2270 698 cum

1223 719 1360 766 capilio
1376 731 1446 766 pro
1472 718 1694 753 mantelibus
1719 725 1806 752 ante
1821 725 1975 765 pectora
2004 722 2070 762 uti,
2098 722 2272 767 Isigonus

1222 778 1433 813 Nicaeensis
1464 775 1664 826 (Iccensis.
1693 776 1876 812 Siccensis
1902 788 1982 814 vai.
2011 777 2037 814 1.
2051 776 2077 824 ).
2106 779 2213 813 Idem
2235 783 2271 814 in

1225 835 1388 870 Albania
1404 838 1512 882 gigni
1540 836 1717 883 quosdam
1741 836 1881 882 glauca
1908 836 2095 871 oculorum
2124 840 2220 881 acie,
2247 851 2272 872 a

1220 897 1384 942 pueritia
1399 898 1525 930 statim
1543 907 1673 937 canos,
1698 898 1762 942 qui
1778 902 1883 928 noctu
1894 895 2096 942 plusquam
2114 897 2273 932 interdiu

1223 961 1391 991 cernant.
1415 954 1523 988 Idem
1550 955 1680 988 itinere
1699 954 1839 988 dierum
1868 954 1994 988 decem
2012 967 2125 1002 supra
2148 956 2272 1000 Bory—

1222 1012 1386 1059 stltenem
1397 1012 1635 1048 Sauromatos
1645 1016 1752 1047 tertio
1765 1013 1826 1047 die
1835 1013 1953 1047 cibum
1965 1025 2100 1060 capere
2112 1025 2270 1062 semper.

1730 1095 1764 1118 2.

1277 1145 1383 1181 Idem
1409 1147 1456 1183 H.
1486 1147 1532 1183 N.
1552 1147 1642 1190 VII,
1667 1158 1711 1190 2,
1743 1158 1783 1194 p.
1814 1145 1835 1181 5
1865 1146 1983 1181 Tchn.
2021 1157 2029 1183 :
2063 1149 2112 1182 In
2140 1149 2272 1183 eadem

1225 1203 1359 1251 Africa
1365 1204 1544 1251 familias
1556 1206 1736 1254 quasdam
1752 1203 2079 1251 effascinantium,
2101 1209 2273 1254 Isigonus

1224 1273 1260 1299 ct
1295 1264 1583 1312 Nymphodorus
1619 1277 1630 1299 :
1663 1277 1814 1312 quorum
1847 1265 2060 1301 laudatione
2091 1269 2277 1302 intereunt

1221 1324 1383 1371 probata
1417 1321 1598 1374 (πρόὸατα
1626 1323 1861 1372 Ha1duin.)‚
1895 1333 2071 1360 arescant
2097 1327 2265 1368 arbores,

1225 1385 1453 1418 emoriantur
1471 1380 1650 1428 infantes.
1673 1384 1764 1418 Esse
1781 1384 1945 1428 ejusdem
1963 1388 2110 1431 generis
2129 1388 2167 1420 in
2193 1387 2272 1421 Tri-

1227 1440 1337 1476 ballis
1353 1449 1389 1477 et
1402 1442 1547 1488 Illyriis
1571 1442 1706 1487 adJicit
1732 1443 1921 1490 Isigonus,
1950 1447 2013 1490 qui
2030 1447 2111 1479 visu
2132 1458 2273 1492 quoque

1225 1498 1475 1546 effascinent,
1490 1503 1777 1548 interimuntque
1788 1513 1877 1547 quos
1890 1502 2028 1536 (liutius
2040 1506 2269 1548 intueantur,

1226 1563 1332 1594 iratis
1357 1572 1444 1606 pra
1445 1562 1550 1607 cipue
1568 1560 1714 1595 oculis:
1749 1556 1848 1607 quod
1867 1572 1990 1596 eorum
2012 1563 2151 1596 malum
2161 1561 2271 1608 faci-

1226 1619 1295 1652 lius
1310 1620 1444 1652 sentire
1458 1617 1627 1665 puberes.
1647 1618 1859 1653 Notabilius
1874 1631 1971 1663 esse,
1991 1621 2091 1666 quod
2095 1622 2271 1668 pupillas

1225 1677 1329 1711 binas
1350 1679 1388 1711 in
1404 1677 1520 1711 oculis
1538 1677 1694 1724 singulis
1710 1675 1888 1711 habeant.

1731 1754 1765 1790 3.

1278 1821 1384 1857 Idem
1407 1823 1456 1860 H.
1483 1823 1527 1857 Ν.
1554 1823 1712 1870 vl1,2,
1737 1835 1776 1870 p.
1806 1822 1828 1857 8
1851 1822 1968 1860 Tchn.
1994 1824 2170 1871 :Cyrnos
2202 1828 2269 1860 In·

1224 1880 1352 1915 dorum
1373 1892 1491 1927 genus
1509 1883 1685 1927 Isigonus
1704 1884 1816 1916 annis
1837 1885 2002 1917 centenis
2021 1884 2273 1930 quadragenis

1226 1942 1359 1976 visere.
1390 1942 1486 1974 Item
1507 1939 1705 1988 AEthiopas
1727 1941 1931 1975 macrobios
1952 1949 1988 1976 et
2006 1941 2119 1977 Seras
2142 1946 2271 1982 existi-

1227 2005 1320 2040 mat,
1348 2005 1386 2032 et
1399 2001 1461 2045 qui
1478 1998 1602 2033 Athon
1619 2006 1778 2033 montem
1800 2000 1994 2034 incolant:
2016 1999 2083 2034 lios
2099 2002 2267 2048 quidem,

1226 2059 1311 2103 quia
1325 2059 1506 2103 viperinis
1520 2057 1692 2091 carnibus
1707 2058 1884 2092 alantur.
1907 2061 2032 2105 itaque
2047 2071 2115 2093 nec
2133 2063 2263 2108 capiti,

1226 2127 1292 2149 nec
1315 2116 1470 2150 vestibus
1485 2127 1548 2150 eor
1548 2128 1607 2150 um
1631 2118 1745 2151 noxia
1763 2120 1908 2163 corpori
1928 2120 2047 2152 inesse
2072 2120 2268 2155 animalia.

1227 2175 1372 2209 Nomen
1386 2175 1526 2222 Isigoni
1540 2181 1659 2209 exstat
1675 2175 1789 2209 etiam
1806 2175 1844 2209 in
1860 2175 1939 2212 ind.
1958 2183 2075 2213 auctt.
2094 2177 2181 2213 libri
2196 2179 2272 2214 XII

1227 2239 1263 2267 et
1280 2233 1391 2268 XIII.

1279 2292 1335 2326 De
1360 2291 1462 2327 hisce
1491 2291 1608 2327 Indiae
1633 2293 1821 2328 miraculis
1851 2293 2068 2340 Isigonum,
2091 2306 2165 2330 una
2185 2308 2271 2331 cum

1228 2348 1578 2394 Ctesia‚1ambulo,
1604 2351 1832 2395 Onesicrito,
1853 2351 2134 2399 Polystephano
2156 2354 2272 2390 citant

1226 2408 1364 2443 Gellius
1378 2409 1434 2444 IX
1442 2413 1503 2456 ,4‚
1520 2415 1557 2443 et
1570 2410 1690 2444 Tzetz.
1705 2409 1799 2446 Hist.
1812 2410 1886 2453 Vl,
1904 2408 1994 2453 544.
2014 2409 2127 2458 (Vide
2143 2411 2271 2449 Ctesiae

1226 2465 1359 2515 fragm.
1383 2467 1446 2505 86.
1459 2464 1469 2516 )
1499 2468 1613 2516 Apud
1640 2469 1759 2503 Tzetz.
1785 2481 1855 2516 pro
1875 2466 1977 2517 Ἰσιγ.
2000 2469 2114 2517 vulgo
2135 2471 2272 2519 legitur

1226 2522 1420 2575 Ἥσίγονος
1446 2526 1560 2574 Apud
1583 2526 1742 2563 Gellium
1763 2526 1945 2575 lsogonus
1974 2528 2182 2564 Nicoeensis
2199 2542 2270 2579 ap·-

1224 2584 1400 2632 pellatur.

1729 2648 1747 2685 4
1759 2672 1765 2678 .

1277 2713 1435 2761 Cyrillus
1453 2714 1493 2749 C.
1513 2714 1653 2750 Julian.
1674 2715 1752 2758 III,
1772 2726 1812 2761 p.
1845 2713 1913 2759 88,
1935 2714 1993 2752 C.
2029 2714 2099 2752 Καὶ
2121 2714 2189 2764 μὴν
2211 2716 2270 2753 καὶ

1226 2769 1423 2821 Ἰσίγονοςὸ
1446 2769 1603 2814 Κιττιευς
1623 2771 1652 2821 (?
1654 2776 1662 2819 )
1682 2772 1716 2808 ἐν
1737 2769 1850 2822 Ῥόδῳ
1869 2773 1911 2821 τῇ
1931 2771 2027 2824 νήσῳ
2047 2772 2104 2810 τὸν
2118 2788 2177 2811 του
2191 2774 2269 2817 Διὸς

1224 2827 1347 2880 ταῦρόν
1368 2844 1470 2880 φησιν
1492 2829 1554 2867 οὐκ
1569 2831 1759 2879 ἀμοιρῆσαι
1779 2827 1880 2879 λόγου
1898 2844 1959 2866 του
1979 2829 2056 2868 καθ’
2075 2833 2179 2881 ἡμᾶς.

1729 2905 1764 2944 5.

1281 2979 1439 3013 Tzetzes.
1459 2978 1550 3012 Hist.
1577 2978 1617 3020 1,
1651 2976 1725 3018 468
1750 2975 1991 3024 (narraverat
2011 2978 2207 3015 historiam
2224 2980 2270 3015 de

1225 3037 1340 3072 ariete
1359 3033 1599 3082 Atridarum)
1624 3047 1631 3068 ι

1306 3130 1454 3172 Πρόὸατα
1470 3130 1501 3161 δὲ
1519 3129 1709 3171 χρυσὸχροὸν
1724 3142 1784 3162 που
1797 3131 1896 3173 φέρειν
1909 3133 1989 3170 τῆν’
1977 3134 2080 3173 ερέαν,

1306 3178 1445 3217 Ρηγῖνος
1461 3178 1513 3209 τὸν
1529 3177 1678 3217 Ἰσίγονον
1697 3178 1772 3217 (lib.
1787 3178 1890 3218 Ἡσίγ.
1903 3179 1913 3219 )
1936 3180 2066 3220 εἰσφέρει
2081 3179 2264 3220 γεγραφότα

1227 3277 1317 3309 Jovis
1343 3277 1473 3308 minime
1498 3277 1593 3310 ruisse
1622 3279 1739 3311 mentis
1767 3279 1916 3311 humanae
1945 3280 2129 3320 participem
2158 3281 2263 3312 refert

1728 3335 1762 3367 5.

1267 3389 1350 3419 Oves
1376 3388 1586 3420 aurit-,olorem
1605 3388 1723 3420 alicubi
1742 3391 1862 3430 gestare
1888 3390 1993 3422 lanam
2009 3390 2165 3430 Rheginus
2190 3397 2264 3419 nar-

168 3435 309 3476 Isigonus
322 3437 417 3469 etiam
435 3438 606 3471 Nicaeensis
621 3440 653 3471 in
670 3439 780 3472 Rhodo
803 3439 904 3472 insula
921 3441 1051 3471 taurum
1072 3438 1161 3470 illum
1225 3440 1347 3471 rantem
1365 3439 1524 3480 Isigonum
1539 3440 1721 3472 introducit.

2080 3495 2123 3520 28.
