2372 3704
151 233 226 267 366

525 344 831 405 CLINIAS.

209 461 339 498 Festus
350 474 390 511 p.
411 463 487 513 269
504 464 566 504 ed.
586 467 735 506 Miiller.
752 479 761 504 :
783 467 928 504 Galitas
937 471 1070 515 scribit,
1091 484 1202 520 quum

151 528 240 568 post
265 522 400 558 obitum
433 525 567 559 AEneoe
595 529 791 574 imperium
822 529 956 564 Italioe
980 534 1205 578 pervenisset

153 580 210 614 ad
225 581 422 626 Latinum,
452 583 668 620 Telemachi
684 586 880 634 Circaeque
892 587 1035 635 filium,
1062 592 1093 624 is
1107 592 1206 638 quod

152 649 203 673 ex
218 638 360 675 Rhome
370 645 589 690 suscepisset
597 644 718 689 filios,
741 645 896 680 Romam
912 647 1195 696 Romulumque,

152 698 236 732 urbi
249 699 412 734 condita·
429 703 467 735 in
482 701 634 738 Palatio
652 715 804 739 causam
813 702 942 750 fuisse
957 707 1202 756 appellandoe

146 759 380 803 potissimum
395 758 568 798 Rhomoe.

207 816 379 868 Galitas]
403 818 549 854 Clinias
561 821 711 858 Dacier.
728 833 773 857 ex
789 821 920 858 Servio
937 823 1023 858 AEn.
1038 823 1057 858 I
1068 850 1078 868 ,
1097 822 1172 870 273
1189 834 1198 862 :

153 875 301 910 Clinias
327 874 442 921 refert
475 878 689 914 Telemachi
695 880 847 927 filiam,
872 882 1012 916 Romen
1028 885 1192 927 nomine,

149 935 283 968 AEneoe
306 942 461 983 nuptam
470 934 616 981 faisse,
641 949 692 972 ex
709 941 813 984 cujus
835 937 1018 974 vocabulo
1039 941 1196 976 Romam

149 994 398 1040 appellatam.
425 1009 440 1026 α
463 995 510 1030 Et
536 994 615 1044 haec
633 1007 721 1031 sane
742 1009 830 1032 cum
848 998 950 1033 Festi
977 999 1196 1035 narratione

148 1051 239 1086 satis
260 1052 490 1096 concinunt,
507 1053 625 1089 modo
641 1061 848 1090 statuamus
864 1061 1021 1092 stemma
1037 1068 1060 1092 a
1078 1057 1200 1094 Clinia

148 1108 358 1145 confictum
375 1110 449 1146 hoc
470 1110 584 1147 fuisse
603 1123 613 1149 :
631 1113 877 1149 Telemachus
893 1120 1005 1161 pater
1015 1115 1143 1151 Latini
1163 1124 1200 1152 et

145 1167 278 1203 Romae
293 1180 304 1214 ;
322 1169 403 1205 haec
418 1169 545 1206 AEneae
569 1183 671 1206 uxor
689 1170 788 1207 filios
806 1173 910 1221 parit
927 1173 1095 1209 Romum
1114 1175 1198 1211 Ro—

145 1227 388 1275 mulumque3
412 1229 533 1264 AEnea
546 1236 700 1265 mortuo
713 1231 869 1267 Latinus
883 1232 1087 1280 imperium
1099 1234 1196 1270 exci-

142 1285 217 1333 pit,
229 1285 295 1321 sed
311 1286 436 1322 AEneae
452 1285 521 1322 filii
536 1289 737 1336 propriam
757 1289 828 1325 sibi
838 1290 973 1326 urbem
987 1298 1195 1330 exstruunt.

143 1344 226 1379 Alia
247 1345 377 1391 opinio
395 1351 450 1380 est
463 1345 637 1382 Grauerti
654 1359 695 1395 p.
717 1352 782 1395 94.
803 1363 819 1380 2>
838 1347 1016 1386 Milan.
1033 1349 1090 1388 Cs.
1113 1351 1195 1387 Cal-

142 1401 200 1437 liae
214 1401 262 1440 fr.
281 1401 302 1437 5
314 1429 324 1448 ,
341 1410 436 1440 tom.
458 1405 507 1447 II,
525 1417 565 1452 p.
589 1404 679 1443 383.
693 1409 789 1441 -is
801 1405 920 1457 quod]
936 1407 1021 1444 cod.
1043 1407 1192 1457 hisque,-

142 1461 301 1496 Ursinus
322 1464 445 1509 isque;
469 1463 618 1499 Miiller.
641 1467 671 1499 is
695 1465 811 1512 quod,
842 1478 894 1501 sc.
928 1467 1085 1512 AEneaS,
1117 1481 1195 1504 non

142 1519 312 1555 Latinus.

197 1579 373 1614 Ceterum
400 1579 446 1615 de
467 1579 587 1617 Clinia
605 1593 745 1629 parum
768 1588 928 1620 constat.
959 1584 1200 1620 Memoratur

144 1637 288 1672 Clinias
307 1637 411 1685 apud
428 1639 748 1687 Agatharchidem
765 1651 828 1689 ap.
848 1641 960 1676 Phot.
981 1641 1069 1678 cod.
1093 1641 1190 1692 2603

140 1694 206 1730 sed
222 1695 277 1730 ibi
291 1696 490 1731 Reinesius
508 1703 612 1732 recte
629 1699 803 1746 reposuit
821 1699 973 1734 Diniam
992 1698 1051 1747 (v.
1068 1699 1112 1734 fr.
1130 1703 1150 1742 4
1165 1699 1190 1750 ).

139 1753 321 1789 Praeterea
332 1766 394 1802 ap.
410 1755 528 1792 schol.
545 1756 593 1791 ad
602 1757 729 1804 Apoll.
745 1757 819 1794 Rh.
830 1758 881 1802 II,
902 1756 999 1793 1086
1016 1757 1192 1806 leguntur

141 1811 222 1848 haec
245 1825 256 1857 ¹:
277 1810 439 1854 Κλεινίας
457 1810 495 1849 δέ
511 1827 595 1864 φησι
615 1812 676 1850 καὶ
694 1812 752 1850 τὸν
770 1812 851 1851 ναόν
870 1829 952 1851 ποτε
971 1813 1079 1857 οὕτως
1096 1816 1188 1867 εἰρῆ-

141 1872 222 1906 σθαι
243 1868 410 1907 ἔνναιον
438 1869 494 1908 διὰ
520 1871 559 1908 τὸ
577 1870 721 1909 ἐνναίειν
742 1873 776 1909 ἐν
797 1873 892 1924 αὐτῷ
912 1870 991 1916 τοὺς
1011 1872 1118 1916 θεούς.
1136 1896 1189 1903 —-

138 1930 197 1964 De
211 1929 329 1965 Clinia
342 1930 580 1978 Pythagoreo
594 1943 632 1966 v.
650 1931 821 1967 Stobaeus
833 1933 967 1968 Floril.
985 1933 1022 1978 Ι,
1040 1932 1105 1978 65,
1122 1933 1186 1970 66.

141 1986 306 2035 (LXIV,
332 1988 423 2038 16);
441 1989 562 2024 schol.
578 1989 626 2025 11.
656 2002 695 2035 1,
716 1989 790 2038 189
807 1990 846 2025 in
868 1988 996 2028 Cram.
1018 1992 1093 2029 An.
1114 1993 1189 2039 III,
1218 2014 1222 2016 ἡ

137 2059 177 2095 p.
199 2045 264 2086 56.
281 2047 431 2087 Fabric.
453 2049 496 2084 B.
519 2048 584 2085 Gr.
603 2048 643 2094 Ι,
666 2061 708 2097 p.
737 2048 813 2093 840
833 2047 894 2087 ed.
916 2049 1022 2087 Harl.

407 2255 909 2314 CLEOPHANES.

471 2368 596 2406 ΠΕΡΙ
623 2368 846 2407 ΑΓΩΝΩΝ.

189 2457 318 2494 Schol.
344 2458 499 2498 Pindar.
526 2460 584 2499 Ol.
611 2460 689 2506 IX,
722 2461 793 2504 143
825 2474 833 2497 ε
866 2459 928 2499 Ἐν
956 2462 999 2512 τῇ
1023 2459 1186 2514 Ἀρκαδίᾳ

135 2513 205 2566 γὰρ
222 2514 348 2565 ἤγοντο
366 2517 416 2568 τῷ
436 2515 494 2555 Διὶ
511 2514 554 2554 τὰ
571 2515 727 2555 Λύκαια.
750 2517 957 2571 Κλεοφάνης
977 2521 1011 2557 ἐν
1031 2522 1082 2572 τῷ
1097 2521 1186 2573 Περὶ

136 2573 294 2625 ἀγώνων.

189 2636 336 2670 Auctor
350 2633 413 2670 hie
436 2634 588 2671 aliunde
601 2647 681 2670 non
705 2642 830 2673 notus.
847 2636 1085 2684 Cleophanes
1098 2638 1187 2674 rhe-

134 2699 197 2727 tor
233 2693 450 2740 Myrleanus
492 2691 506 2743 (
530 2694 777 2730 Democharis
819 2695 972 2742 aequalis
992 2695 1024 2744 ),
1074 2709 1184 2731 com-

134 2759 369 2787 memoratur
399 2753 439 2787 in
469 2752 578 2788 libris
606 2753 802 2789 Strabonis
834 2754 952 2803 (VII,
981 2766 1024 2802 p.
1063 2752 1180 2804 566).

134 2809 307 2844 Eundem
323 2811 513 2859 Diogenes
529 2813 572 2849 L.
587 2813 658 2856 IV,
678 2816 722 2853 41
742 2819 856 2848 vocat
874 2811 1112 2848 Leocharem.
1134 2815 1185 2848 At

135 2880 269 2903 verum
287 2881 430 2904 nomen
461 2881 538 2906 esse
567 2870 812 2906 Cleocharem
833 2877 958 2906 censet
975 2871 1180 2907 Ruhnken.

134 2924 184 2960 ad
203 2926 388 2960 Rutilium
417 2928 569 2975 Lupum
596 2927 655 2976 (I,
688 2940 709 2963 2
731 2934 768 2964 et
790 2925 875 2978 10).
904 2925 1090 2979 Σύγκρισιν
1110 2931 1182 2974 Δη-

410 3070 478 3108 DE
506 3070 901 3112 CERTAMINIBUS.

174 3158 210 3188 ln
223 3157 357 3189 Arcadia
377 3159 451 3190 Jovi
466 3161 582 3200 Lycoea
597 3136 855 3203 celebrabantur,
879 3163 917 3195 ut
933 3161 1133 3204 Cleophanes
1150 3162 1184 3195 in

133 3208 214 3241 libro
230 3212 278 3242 De
293 3211 519 3243 certaminibus
530 3212 585 3244 ait.

546 3297 767 3337 ITALICA.

175 3386 308 3418 Romani
327 3386 410 3418 bello
425 3387 538 3419 Latino
558 3388 706 3420 Publium
720 3389 851 3421 Decium
867 3390 1091 3430 imperatorem
1104 3390 1182 3422 desi-

132 3439 321 3476 gnaverunt.
335 3437 471 3475 Quidam
482 3440 590 3470 autem
605 3440 901 3481 patriciusjuveniS‚
914 3442 1042 3473 nomine
1056 3442 1182 3473 Cassius

135 3491 264 3530 Brutus,
278 3499 379 3531 quum
391 3499 510 3533 pauper
521 3493 602 3524 esset
616 3492 760 3526 hostibus
773 3502 830 3533 pro
843 3494 930 3525 certa
947 3493 1093 3526 mercede
1107 3503 1180 3534 por-

599 231 808 282 CLIN1AE‚
839 233 1183 288 CLEOPHANlS‚
1214 238 1524 292 CLEOPHORI,
1556 244 1863 301 CLITONYMI,

1266 322 1451 372 μοσθένους
1489 326 1550 364 καὶ
1590 326 1812 380 Ἰσοκράτους
1844 344 1866 368 a
1890 332 2096 372 Cleochare
2134 338 2313 387 scriptam

1265 393 1342 418 esse
1368 383 1544 422 discimus
1571 399 1592 423 e
1612 388 1749 424 Photio
1774 388 1886 438 (cod.
1925 392 2010 438 176.
2043 394 2130 444 21).
2153 396 2312 435 Cfiwe-

1263 448 1467 481 stermann.
1499 445 1630 481 Gesch.
1665 447 1703 482 d.
1741 460 1799 496 gr.
1838 451 1991 487 Bereds.
2025 452 2046 501 §
2075 454 2143 500 76,
2178 468 2239 492 12.
2261 477 2314 484 —

1266 498 1499 548 Cleophanes
1525 503 1702 550 quidam,
1734 507 1802 553 qui
1841 519 1928 543 cum
1954 510 2149 549 Phocione
2179 521 2314 552 contra

1262 557 1480 606 Philippum
1495 563 1700 609 pugnavit,
1732 570 1787 599 est
1803 566 1906 613 apud
1925 568 2170 606 Plutarchum
2191 572 2310 611 Phoc.

1266 616 1326 653 13.
1341 619 1566 666 Antiphanis
1586 621 1812 658 comoediam
1824 650 1835 668 ,
1851 637 1934 672 quae
1951 626 2156 680 Κλεοφάνης
2174 631 2312 668 inscri-

1260 674 1378 720 bitur,
1388 676 1521 712 laudat
1530 678 1731 715 Athenaeus
1741 681 1812 725 ΙΙΙ,
1825 693 1865 729 p.
1879 682 1943 730 98,
1954 685 1996 724 F.
2008 707 2062 714 —-
2073 687 2168 724 Cum
2176 697 2309 727 nostro

1262 731 1480 782 Cleophane
1500 736 1629 773 confer
1643 737 1874 786 Chariclem,
1891 743 1958 790 qui
1974 741 2064 795 Περὶ
2083 746 2143 782 τοῦ
2160 745 2305 786 ἀστικοῦ

1264 789 1397 841 ἀγῶνος
1415 795 1577 843 scripsit.

1311 985 1675 1036 [CLEOPHORUS.
1694 991 1822 1030 Schol.
1839 993 1975 1042 odyss,
1989 1008 2032 1046 γ,
2047 995 2121 1034 215
2133 1024 2144 1044 ,
2161 997 2309 1037 ἐπισπό-

1260 1058 1356 1094 μενοι
1374 1047 1449 1084 θεοῧ
1470 1045 1606 1098 ὀμφῇ]
1625 1046 1688 1086 Ἔν
1708 1050 1753 1100 τῇ
1779 1047 2030 1104 ἑξακαιδεκάτῃ
2059 1054 2152 1107 (sic)
2173 1057 2306 1110 ἱστορεῖ

1259 1102 1455 1156 Κλεοφόρος
1468 1104 1520 1155 [ἐν
1534 1105 1600 1157 τῷ]
1624 1106 1713 1158 Περὶ
1728 1105 1807 1151 τοὺς
1827 1108 1941 1160 θεοὺς,
1961 1111 2129 1158 πολλάκις
2147 1114 2310 1165 μεθίστη·

1259 1175 1323 1198 σαν
1335 1161 1413 1205 τοὺς
1428 1163 1583 1214 βασιλεῖς
1598 1167 1759 1214 μαντεῖα.
1771 1168 1973 1206 Boeckhius
1986 1170 2049 1220 (ut
2060 1173 2308 1214 Buttmanuus

1257 1222 1297 1256 in
1324 1222 1520 1259 Addendis
1539 1225 1671 1274 notat)
1692 1227 1962 1276 corrigendum
1981 1238 2106 1267 censet
2127 1243 2136 1268 :
2159 1230 2310 1285 Ἱστορεῖ

1257 1281 1275 1316 ὁ
1289 1277 1442 1332 Ἔφορος
1460 1279 1542 1334 περὶ
1555 1283 1654 1320 τοῦδε
1666 1312 1676 1329 ,
1696 1285 1742 1327 ὡς
1761 1285 1931 1329 πολλάκις
1946 1288 2022 1325 κτλ.
2036 1290 2082 1325 In
2101 1290 2190 1327 cod.
2207 1293 2308 1328 Har-

1256 1339 1319 1385 lej.
1347 1352 1409 1388 ap.
1441 1340 1608 1378 Cramer.
1633 1343 1779 1382 Anecd.
1809 1345 1970 1385 Parisin.
2002 1348 2082 1394 111,
2111 1361 2151 1397 p.
2184 1349 2260 1394 434
2294 1364 2302 1386 :

1258 1397 1434 1441 Πολλάκις
1447 1397 1631 1447 μεθίστασι
1643 1399 1720 1444 τοὺς
1738 1403 1892 1453 βασιλεῖς
1909 1403 2088 1453 μαντείαις
2107 1406 2306 1456 ἐπισπόμε-

1255 1469 1306 1492 νοι
1315 1470 1323 1478 ·
1337 1457 1468 1508 ἱστορεῖ
1479 1457 1675 1509 Κλεοφόρος
1689 1461 1723 1497 ἐν
1734 1462 1784 1512 τῷ
1806 1461 1848 1505 ις’
1863 1461 1953 1513 Περὶ
1965 1461 2043 1507 τοὺς
2059 1463 2165 1512 θεούς.
2177 1464 2302 1519 Τούτῳ

1255 1514 1405 1566 συνῳδόν
1418 1516 1491 1553 ἐστι
1501 1515 1551 1553 τὸ·
1563 1516 1682 1555 Δεινὸν
1695 1517 1730 1555 δὲ
1741 1517 1839 1569 γένος
1851 1519 2033 1570 βασιλήιόν
2045 1523 2119 1560 ἐστι
2130 1522 2302 1562 Κτείνειν·

1255 1572 1346 1610 ἀλλὰ
1359 1568 1482 1625 πρῶτα
1497 1576 1581 1613 θεῶν
1598 1574 1770 1627 εἰρώμεθα
1789 1577 1924 1629 βουλάς.
1941 1581 2073 1629 Odyss.
2090 1582 2138 1629 Π,
2160 1583 2286 1634 401..]

1668 1707 1886 1723 ψ.

1462 1823 1466 1827 ·
1530 1801 2028 1864 CLITONYMUS.

1659 1909 1890 1948 ῙΤΑΛΙΚΑ.

1761 2003 1794 2028 1.

1304 2062 1528 2100 Plutarchus
1548 2065 1636 2103 Par.
1653 2065 1746 2103 Min.
1769 2077 1804 2102 c.
1830 2077 1877 2102 10
1900 2078 1908 2101 ε
1929 2063 2102 2116 Ῥωμαῖοι
2118 2068 2203 2121 πρὸς
2218 2071 2300 2110 Λα-

1249 2119 1360 2166 τίνους
1388 2124 1623 2173 πολεμοῦντες
1651 2122 1918 2175 ἐχειροτόνησαν
1947 2125 2121 2176 στατηγὸν
2141 2128 2298 2168 Πόπλιον

1251 2179 1389 2219 Δέκιον·
1404 2182 1580 2226 νεανίσκος
1594 2182 1631 2220 δέ
1647 2198 1698 2226 τις
1709 2185 1778 2220 τῶν
1794 2182 1977 2234 ἐπισήμων
2001 2184 2128 2234 πένης,
2145 2187 2298 2239 τοῦνομα

1253 2239 1408 2283 Κάσσιος
1429 2243 1600 2292 Βροῦτος,
1630 2241 1686 2279 ε’πὶ
1707 2243 1802 2294 ῥητῷ
1831 2244 1946 2294 μισθῷ
1964 2243 2085 2287 νυκτὸς
2101 2244 2164 2289 τὰς
2183 2246 2297 2290 πύλας

1251 2299 1383 2344 ἀνοῖξαι
1399 2298 1586 2347 ἐὸουλήθη.
1603 2299 1787 2352 Φωραθεὶς
1801 2299 1855 2348 δὲ,
1866 2302 1914 2344 εἷς
1923 2300 2004 2339 ναὸν
2018 2301 2141 2355 ἔφυγεν
2153 2304 2298 2353 Ἀθηνᾶς

1250 2356 1477 2410 Αὐξιληρίας.
1495 2359 1650 2402 Κάσσιος
1671 2358 1706 2397 δὲ
1724 2358 1903 2412 Σιγνίφερ,
1922 2360 1941 2396 ὃ
1957 2359 2075 2414 πατὴρ
2092 2364 2214 2411 αὐτοῦ,
2229 2379 2297 2402 κα-

1248 2414 1421 2464 τέκλεισε,
1441 2417 1500 2455 καὶ
1520 2418 1614 2471 λιμῷ
1635 2416 1819 2470 διέφθειρε,
1838 2417 1900 2456 καὶ
1917 2417 2049 2471 ἄταφον
2070 2418 2225 2474 ἔρριψεν·
2244 2423 2292 2467 ὣς

1250 2474 1492 2526 Κλειτώνυμος
1511 2477 1546 2514 ἐν
1562 2476 1743 2515 Ἰταλικῶν
1754 2476 1788 2516 *-

1606 2580 1918 2619 ΣΥΒΑΡΙΤΙΚΑ
1925 2611 1933 2620 .

1528 2668 1557 2701 E
1585 2667 1736 2703 LIBRO
1766 2666 2007 2706 SECUNDO.

1747 2753 1785 2775 2.

1299 2814 1403 2850 Idem
1425 2815 1479 2853 ib.
1500 2828 1533 2852 c.
1554 2827 1598 2850 21
1625 2828 1632 2850 :
1651 2813 1714 2852 'Ev
1731 2812 1908 2866 Συὸάρει,
1928 2813 2027 2851 πόλει
2040 2816 2100 2860 τῆς
2115 2813 2287 2863 Ἰταλίας,

1245 2870 1317 2914 νέος
1336 2871 1564 2921 περίὸλεπτος
1584 2871 1623 2909 τὸ
1642 2872 1769 2915 κάλλος
1791 2872 1954 2922 Αἰμίλιος
1979 2871 2205 2925 φιλοκύνηγος
2226 2868 2287 2921 ἦν*

1244 2930 1266 2974 ἡ
1289 2927 1325 2966 δὲ
1344 2928 1531 2982 νεόνυμφος
1551 2929 1680 2973 δόξασα
1710 2928 1812 2981 ἑτέρᾳ
1841 2935 1992 2967 συνεῖναι
2019 2931 2127 2982 εἰσῄει
2153 2933 2201 2975 εἷς
2227 2931 2290 2979 τὴν

1243 3042 1292 3072 tas
1305 3040 1428 3080 aperire
1451 3040 1599 3073 instituit.
1618 3040 1904 3081 Deprehensusque
1920 3041 1953 3072 in
1966 3042 2122 3082 templum
2139 3042 2291 3075 Minervae

1242 3091 1426 3124 Auxiliarioe
1441 3092 1594 3133 confugit.
1622 3093 1715 3124 Pater
1731 3096 1839 3124 autem
1862 3092 1930 3133 ejus
1952 3094 2080 3126 Cassius
2095 3093 2231 3134 Signifer
2246 3093 2291 3126 ibi

1243 3154 1317 3177 eum
1328 3145 1468 3185 inclusit,
1478 3146 1626 3186 fameque
1637 3145 1866 3186 interemptum
1877 3146 2081 3180 inhumatum
2093 3146 2220 3188 abjecit.
2229 3147 2291 3181 eli·

1243 3198 1395 3238 tonymus
1407 3197 1440 3229 in
1454 3197 1582 3230 italicis.

1605 3255 1924 3295 SYBARITICA.

1747 3334 1782 3366 2.

1283 3389 1413 3430 Sybari,
1425 3397 1498 3430 quae
1511 3389 1611 3421 ltaliae
1623 3389 1700 3421 urbs
1715 3390 1778 3427 est,
1794 3389 1957 3426 AEmilius,
1978 3397 2057 3420 rarae
2075 3389 2184 3420 formae
2197 3387 2288 3428 juve·

1242 3441 1310 3481 nis,
1337 3441 1463 3473 deditus
1484 3442 1552 3472 erat
1581 3440 1814 3472 venationibus.
1843 3441 1974 3478 Mulier,
2000 3448 2073 3471 cum
2100 3447 2164 3480 qna
2185 3447 2287 3479 nuper

1242 3493 1367 3534 nuptias
1391 3494 1572 3533 peregerat,
1599 3500 1673 3523 cnm
1699 3491 1761 3523 alia
1781 3491 1896 3523 semina
1922 3500 1989 3523 rem
2009 3491 2037 3523 ei
2053 3499 2120 3523 esse
2142 3490 2285 3530 opinata,
