2372 3704
95 293 171 327 588

97 378 143 430 τῷ
168 375 316 429 δευτέρῳ
337 374 515 427 μετεδίδου
543 376 603 422 τῆς
621 376 748 427 ἠχοῦς,
769 373 828 413 καὶ
851 369 925 413 εἶτα
945 377 996 429 τῷ
1015 374 1142 429 τρίτῳ,

93 437 152 474 καὶ
172 433 305 488 ἐφεξῆς.

581 487 665 525 128.

147 567 240 602 Exc.
253 566 311 600 De
326 563 396 601 ins.
409 574 451 612 p.
475 562 524 610 39
547 573 556 599 τ
577 560 622 600 Ὁ
640 559 674 598 δὲ
697 559 853 612 Σεὸἧρος
869 561 967 612 θυμῷ
981 559 1042 597 καὶ
1058 561 1143 612 ὀργῇ

95 620 219 664 εὐθέως
238 620 324 672 πρὸς
348 618 428 663 τοὺς
456 620 492 656 ἐν
512 617 638 670 Ῥώμῃ
658 618 776 671 φίλους
804 619 908 656 αὐτοῦ
943 617 1142 670 ἐχρήσατο,

96 678 157 717 καὶ
172 678 401 718 τοῦἈλὸίνου
419 676 482 723 τὴν
502 675 658 730 κεφαλὴν
696 676 851 729 δημοσίᾳ
871 677 1144 729 ἀνασταυρωθῆ-

97 753 153 775 ναι
179 736 353 788 ἔπεμψεν·
373 735 476 778 αὐτὸς
492 734 527 773 δὲ
548 734 592 773 τὰ
614 734 705 774 κατὰ
720 733 782 781 τὴν
814 734 1028 787 Βρεττανίαν
1062 735 1146 772 διοι-

97 794 227 842 κήσας,
243 793 301 832 δύο
317 809 353 832 τε
370 793 543 845 ἡγεμόνας
558 793 635 831 ἀντὶ
659 792 730 836 ἑνὸς
743 793 969 839 καταστήσας
982 822 992 840 ,
1011 791 1146 836 πάντας

98 869 136 891 τε
149 852 228 897 τοὺς
246 851 402 892 Ἀλὸίνου
422 851 539 904 φίλους
558 851 738 904 φονεύσας,
755 853 802 895 εἰς
820 850 882 897 τὴν
904 850 1050 902 Ῥώμην
1069 852 1144 889 εἷσ-

97 911 241 959 ἤλασεν.

582 976 654 1012 129

151 1037 241 1073 Exc.
263 1037 320 1072 De
334 1036 422 1071 virt.
445 1047 486 1083 p.
509 1032 583 1072 825
605 1046 614 1071 τ
630 1030 715 1071 ‘'O-tt.
733 1031 890 1084 Σεὸἧρος
904 1029 993 1080 μετὰ
1011 1030 1050 1069 τὸ
1069 1033 1145 1069 εἷσ-

98 1094 206 1131 ελθεῖν
238 1094 285 1136 εἰς
303 1092 346 1130 τὰ
372 1091 550 1143 βασίλεια,
583 1092 651 1128 τῶν
681 1089 839 1129 Ἀλὸίνου
859 1089 966 1142 φίλων
995 1089 1054 1127 ἐπὶ
1086 1091 1147 1135 τῆς

99 1150 294 1202 συγκλήτου
313 1149 520 1200 κατηγόρει,
543 1147 739 1200 γράμματά
760 1163 799 1186 τε
825 1149 938 1186 αὐτῶν
961 1147 1021 1185 καὶ
1047 1148 1146 1198 ἐλέγ-

98 1225 182 1262 χους
194 1207 381 1260 προέφερεν
394 1222 403 1231 ·
419 1206 528 1250 ἄλλας
546 1221 582 1244 τε
598 1205 714 1249 ἄλλοις
727 1205 899 1259 ἐπιφέρων
914 1204 1043 1251 αἰτίας,
1056 1205 1144 1242 πάν-

97 1283 159 1311 τας
177 1266 254 1310 τοὺς
271 1265 449 1318 ἐξέχοντας
467 1264 543 1303 τότε
563 1266 623 1311 τῆς
643 1264 839 1317 συγκλήτου
851 1294 862 1314 ,
885 1264 944 1302 καὶ
964 1263 1041 1307 τοὺς
1055 1263 1146 1301 κατὰ

101 1326 179 1373 ἔθνη
194 1324 335 1377 πλούτῳ
355 1339 392 1362 τε
410 1323 470 1362 καὶ
489 1323 579 1374 γένει
599 1323 829 1375 ὑπερέχοντας
846 1321 1026 1376 διέφθειρε.
1046 1321 1146 1360 Πάνυ

99 1383 134 1422 δὲ
149 1378 190 1431 ἦν
206 1385 300 1434 αὐτῷ
316 1382 375 1420 καὶ
386 1382 425 1420 τὸ
441 1381 664 1435 φιλόχρυσον,
679 1384 725 1426 ὡς
742 1381 972 1433 ὑπερὸάλλειν
988 1379 1030 1419 τὰ
1047 1382 1148 1419 πλεο·

98 1442 299 1493 νεκτήματα
317 1444 377 1488 τῆς
394 1440 562 1493 ἀνδρείας.

582 1506 667 1544 130.

151 1584 243 1618 Exc.
263 1584 319 1618 De
338 1582 407 1619 ins.
426 1594 468 1629 p.
489 1579 537 1629 39
559 1594 566 1616 :
586 1578 672 1618 ‘'O-tt
693 1577 848 1630 Σεὸἦρος
867 1578 917 1631 τῷ
933 1578 997 1630 υἱῷ
1014 1577 1144 1616 Ἀντω-

99 1639 180 1691 νίνῳ
197 1639 259 1685 τὴν
275 1642 334 1676 τοῦ
355 1640 577 1677 Πλαυτιανοῧ
595 1636 767 1688 θυγατέρα
783 1635 1034 1686 κατεγγύησεν,
1056 1635 1091 1679 ὃς
1103 1631 1145 1683 ἦν

100 1697 266 1749 ἔπαρχος.
301 1695 346 1734 Ὁ
378 1695 414 1734 δὲ
437 1695 631 1740 Ἀντωνῖνος
654 1694 934 1748 ἀπαρεσκόμενος
956 1696 1006 1747 τῷ
1024 1693 1146 1747 γάμῳ,

99 1755 162 1801 τήν
181 1771 219 1792 τε
235 1757 383 1806 γυναῖκα
403 1753 634 1804 ἐμυσάττετο,
650 1753 711 1791 καὶ
729 1755 779 1806 τῷ
798 1752 906 1805 πατρὶ
925 1754 1031 1799 αὖτῆς
1047 1752 1145 1799 ἠπεί-

100 1815 168 1854 λει.
190 1813 236 1853 ‘O
252 1813 288 1851 δὲ
310 1812 528 1855 Πλαυτιανὸς
548 1814 634 1864 ὁρῶν
654 1812 712 1850 τὸν
735 1811 796 1861 μὲν
819 1811 975 1863 Σεὸἧρον
992 1811 1147 1863 πρεσὸύ-

99 1888 163 1920 την
183 1871 243 1910 καὶ
265 1872 330 1910 ὑπὸ
347 1871 448 1910 νόσου
468 1870 693 1923 ὀχλούμενον,
723 1871 781 1908 τὸν
805 1870 840 1908 δὲ
862 1870 1061 1909 Ἀντωνῖνον
1081 1872 1146 1920 ἐμ-

101 1932 202 1982 ὅριθῆ
216 1930 276 1968 καὶ
292 1929 421 1983 θρασὺν
436 1930 588 1976 νεανίαν,
604 1929 721 1972 δεδιώς
734 1944 772 1966 τε
791 1930 897 1967 αὐτοῦ
913 1928 975 1973 τὰς
991 1928 1147 1976 ἀπειλὰς,

101 1989 228 2041 δράσαι
247 2005 280 2026 τι
310 1991 442 2039 μᾶλλον
463 1989 596 2040 φθάσας
615 1987 637 2034 ἢ
657 1988 779 2026 παθεῖν
799 1986 999 2038 ἀναμείνας,
1025 2002 1146 2039 μηχα-

100 2055 204 2086 νᾶται
229 2047 285 2085 τὸν
321 2049 550 2100 Σατουρνῖνον
583 2049 792 2096 ἀναπεῖσαι,
825 2046 860 2090 ὃς
889 2040 930 2093 ἦν
961 2047 1144 2098 χιλίαρχος

101 2109 169 2143 τῶν
186 2108 424 2157 στρατιωτῶν,
444 2104 651 2148 οἰκειότατος
668 2105 703 2142 δὲ
719 2108 777 2142 τοῦ
797 2105 1039 2151 Πλαυτιανοῧ,
1062 2107 1146 2142 ὓπο-

102 2165 271 2217 σχόμενος
287 2166 382 2216 αὐτῷ
402 2163 464 2211 τὴν
482 2163 707 2215 ἐπαρχότητα
722 2168 932 2216 παρασχεῖν,
952 2165 981 2200 εἷ
1000 2166 1061 2209 τ’ἧς
1082 2166 1145 2215 βα-

101 2223 232 2266 σιλείας
257 2222 427 2274 ἐπιτύχοι.
483 2221 608 2261 Ταῦτά
634 2237 671 2259 τε
698 2221 759 2259 καὶ
782 2225 925 2259 τοιαῦτα
954 2220 1103 2265 ἀκούσας
1129 2224 1148 2260 ὁ

102 2281 208 2333 ἀνὴρ,
229 2281 401 2331 ἐξεπλάγη
433 2281 495 2330 μὲν
520 2280 582 2326 τὴν
603 2279 731 2333 ψυχὴν,
755 2281 816 2317 οὐκ
844 2279 1014 2329 ἐτόλμησε
1035 2279 1070 2318 δὲ
1087 2282 1146 2318 ἀν·

102 2345 247 2386 τειπεῖν,
263 2342 307 2382 ὡς
322 2338 371 2389 μὴ
385 2340 469 2391 παρ’
484 2338 574 2376 αὐτὰ
587 2337 787 2385 κολασθείη.
803 2337 917 2382 Εἰδὼς
932 2338 967 2376 δὲ
978 2338 1146 2376 ἀδύνατον

103 2397 139 2436 ὃν
158 2397 216 2436 δύο
239 2397 392 2449 βασιλεῖς
412 2397 692 2448 διαχρήσασθαι,
712 2397 771 2434 καὶ
791 2399 901 2434 ταῦτα
921 2398 955 2434 ἐν
977 2397 1148 2450 διαφόροις

103 2456 208 2499 οἴκοις
226 2455 481 2507 διατρίὸοντας,
501 2454 622 2504 μηνύει
638 2470 674 2493 τε
693 2453 814 2492 ἑαυτὸν
834 2456 883 2506 τῷ
903 2454 1065 2508 Σεὸήρῳ,
1088 2455 1147 2493 καὶ

105 2514 300 2565 διαγγέλλει
318 2514 478 2562 ἅπαντα,
499 2512 644 2551 δεικνύει
660 2528 698 2550 τε
718 2514 811 2564 αὐτῷ
833 2512 892 2549 καὶ
908 2519 1148 2565 γραμματεῖον

104 2576 165 2619 τῆς
190 2571 423 2624 ὑποσχέσεως.
447 2574 603 2610 Τοιαῦτα
624 2570 660 2608 δέ
677 2586 753 2608 τινα
781 2572 938 2621 λέγοντος
961 2572 1083 2618 αὐτοῦ,
1103 2573 1149 2615 ὡς

105 2625 174 2669 εἶδε
192 2630 249 2668 τὸν
264 2629 420 2682 Σεὸἧρον
439 2629 488 2679 μὴ
509 2630 713 2667 πιστεύοντα
733 2627 790 2665 διὰ
808 2628 847 2666 τὸ
865 2628 948 2679 πρὸς
968 2630 1150 2666 Πλαυτια-

105 2689 162 2727 νὸν
192 2688 344 2741 φίλτρον,
367 2687 457 2726 ἀλλὰ
479 2690 610 2736 μᾶλλον
630 2686 688 2725 καὶ
717 2686 774 2724 τὸν
804 2685 873 2724 υἱὸν
895 2687 1147 2734 ὗποπτεύοντα,

106 2747 171 2799 ἔφη
185 2762 192 2770 ·
211 2765 227 2780 «ι
241 2747 415 2793 Δέσποτα,
429 2744 617 2784 κελεύσατέ
631 2760 689 2796 μοι
707 2746 863 2792 δηλῶσαι
878 2746 972 2797 αὐτῷ
990 2745 1045 2782 διά
1062 2761 1150 2789 τινος

106 2808 174 2843 τῶν
203 2806 313 2856 ἐμῶν,
334 2804 386 2842 ὅτι
406 2804 447 2851 δὴ
472 2804 510 2842 τὸ
529 2804 627 2855 ἔργον
657 2803 929 2857 κατείργασται,
948 2803 1007 2841 καὶ
1028 2804 1150 2846 εὐθέως

107 2866 209 2916 ὁρᾶτε
226 2863 328 2901 αὐτὸν
350 2865 495 2901 ἐνταῦθα
511 2862 779 2915 προερχόμενον,
797 2862 952 2912 οἰόμενον
972 2860 1086 2914 ἔρημα
1106 2861 1149 2899 τὰ

110 2922 270 2974 βασίλεια
288 2921 571 2974 καταλήψεσθαι·
588 2921 736 2972 ἡσυχίαν
755 2920 790 2959 δὲ
811 2914 898 2958 εἶναι
918 2923 984 2958 τῶν
1002 2935 1151 2972 πραττο-

108 2979 219 3030 μένων
232 2980 432 3018 κελεύσατε.
455 2998 470 3013 υ

890 286 1107 326 JOANNIS
1135 286 1457 328 ANTIOCHENI

1256 391 1286 418 2.
1318 380 1441 418 Ταῦτα
1470 377 1575 416 εἰπὼν
1602 375 1797 416 ἐντέλλεταί
1813 392 1879 416 τινι
1907 379 1975 416 τῶν
2001 378 2244 418 πιστοτάτων·

1203 438 1221 474 ὁ
1238 435 1273 475 δὲ
1293 437 1368 488 ἄγει
1383 436 1440 474 τὸν
1459 436 1680 476 Πλαυτιανὸν
1697 439 1916 489 παραχρῆμα
1935 437 2163 488 ἐνδυσάμενον
2180 437 2246 477 θώ-

1204 509 1294 546 ρακα
1314 497 1374 541 τῆς
1390 499 1449 532 τοῦ
1470 494 1630 545 σώματος
1650 494 1841 547 ἀσφαλείας
1852 493 1970 547 χάριν.
1990 494 2056 539 ςΩς
2069 495 2105 534 δὲ
2120 495 2247 541 πάντες

1204 552 1308 590 αὐτὸν
1327 552 1554 604 ὑπεδέχοντο,
1582 551 1732 602 οἰόμενοι
1750 551 1817 590 ὕπὸ
1837 555 1904 590 τῶν
1926 553 2098 605 βασιλέων
2118 555 2245 601 κεκλῆ-

1204 613 1296 658 σθαι,
1310 610 1332 648 δ’
1344 627 1382 649 τε
1398 611 1580 663 χιλίαρχος
1597 610 1781 663 ἐνεδρεύων
1796 614 1983 664 προσεῖπεν
1996 613 2247 665 αὐτοκράτορα,

1204 667 1343 715 καὶτῆς
1367 668 1481 721 χειρὸς
1496 667 1690 718 λαὸόμενος
1717 669 1764 712 εἷς
1781 668 1821 706 τὸ
1848 668 2023 718 δωμάτιον
2052 669 2248 722 εἰσήγαγεν,

1204 725 1283 763 ἔνθα
1300 725 1447 780 ἔφασκεν
1468 725 1624 778 ἐρρίφθαι
1642 725 1686 763 τὰ
1702 727 1770 764 τῶν
1792 726 1963 778 βασιλέων
1981 725 2130 777 σώματα
2142 743 2151 752 ·
2179 728 2248 776 ἤδη

1205 783 1240 821 δὲ
1257 784 1513 836 παρεσκευάκει
1527 787 1545 823 ὁ
1563 784 1720 835 Σεὸἧρος
1734 783 1869 828 νεανίας
1885 786 1952 822 τῶν
1968 785 2048 837 περὶ
2064 785 2167 824 αὐτὸν
2181 801 2250 824 σω·

1205 842 1474 894 ματοφυλάκων,
1490 841 1524 881 οἳ
1543 841 1800 903 συλληψόμενοι
1817 841 2014 881 εἰσελθόντα
2032 843 2245 896 ἐτάχθησαν.

1205 900 1247 939 Ὁ
1266 899 1302 938 δὲ
1320 900 1558 949 Πλαυτιανὸς,
1574 902 1620 944 ὥς
1639 901 1708 939 εἶδε
1726 899 1805 944 τοὺς
1820 902 1974 952 βασιλεῖς
1987 903 2152 953 ἑστῶτας,
2170 904 2250 941 ἑαυ-

1203 958 1261 996 τὸν
1284 958 1319 996 δὲ
1339 958 1582 1011 συνεχόμενον,
1603 959 1850 1009 ἀπολογεῖσθαι
1869 958 2052 998 ἐὸούλετο·
2071 963 2117 1004 ὡς
2137 960 2173 999 δὲ
2188 960 2249 999 καὶ

1204 1016 1243 1054 τὸ
1265 1020 1324 1055 τοῦ
1345 1016 1499 1069 θώρακος
1516 1016 1675 1069 ὑπεφάνη
1697 1017 1819 1068 μέρος,
1839 1017 1918 1055 τότε
1937 1019 1955 1055 ὁ
1973 1017 2167 1063 Ἀντωνῖνος
2181 1019 2250 1064 τοῖς

1205 1074 1494 1128 σωματοφύλαξιν
1516 1075 1701 1128 ἐπέτρεψεν
1728 1077 1860 1114 ἀνελεῖν
1880 1074 1998 1126 αὐτὸν,
2017 1075 2078 1114 καὶ
2097 1077 2249 1131 δημοσίᾳ

1206 1133 1319 1186 ῥίψαι.
1378 1132 1424 1173 Ὁ
1455 1133 1518 1184 μὲν
1551 1127 1609 1172 οῧν
1647 1133 1868 1178 Πλαυτιανὸς
1897 1133 2041 1187 τοιούτῳ
2075 1135 2250 1188 ἐχρήσατο

1204 1192 1308 1230 τέλει.

1258 1264 1288 1290 3.
1318 1250 1364 1290 Ὁ
1398 1251 1434 1289 δὲ
1466 1251 1621 1303 Σεὸἥρος
1649 1254 1709 1290 τοῦ
1740 1252 1862 1289 λοιποῦ
1893 1250 1953 1289 δύο
1984 1250 2159 1304 ἐπάρχους
2181 1253 2250 1290 τῶν

1206 1309 1448 1362 στρατοπέδων
1464 1310 1693 1359 κατέστησεν,
1713 1308 1813 1351 αὐτὸς
1839 1309 1875 1347 δὲ
1894 1307 1939 1347 τὰ
1961 1310 2110 1348 πλεῖστα
2127 1309 2251 1362 διέτρι-

1209 1367 1267 1405 &ev
1288 1368 1322 1404 ἐν
1341 1372 1411 1410 τοῖς
1435 1369 1627 1420 βασιλικοῖς
1644 1366 1879 1420 προαστείοις,
1901 1368 1970 1410 τοῖς
1988 1367 2173 1419 παραλίοις
2191 1371 2252 1415 τῆς

1208 1425 1443 1476 Καμπανίας,
1460 1425 1608 1471 δικάζων
1624 1442 1661 1464 τε
1681 1425 1740 1464 καὶ
1760 1424 1803 1463 τὰ
1824 1424 1988 1463 πολιτικὰ
2010 1425 2145 1463 διοικῶν
2158 1441 2167 1449 ·
2187 1425 2251 1472 τὴν

1207 1483 1242 1521 δὲ
1260 1487 1320 1521 τοῦ
1347 1486 1569 1523 Πλαυτιανοῦ
1590 1484 1761 1537 θυγατέρα
1786 1484 1846 1522 καὶ
1865 1483 1922 1521 τὸν
1955 1483 2084 1530 ταύτης
2104 1484 2251 1537 ἀδελφὸν

1206 1544 1253 1586 εἷς
1270 1542 1436 1581 Σικελίαν
1462 1542 1664 1595 ἐξέπεμψεν,
1684 1542 1841 1593 αὐτάρκη
1862 1541 1939 1585 δοὺς
1962 1541 2175 1594 περιουσίαν,
2194 1558 2252 1592 μι-

1206 1600 1407 1651 μησάμενος
1425 1601 1482 1639 τὸν
1510 1600 1689 1640 Σεὸαστόν
1702 1616 1710 1624 ·
1727 1600 1787 1639 καὶ
1804 1600 1871 1652 γὰρ
1889 1602 2015 1644 ἐκεῖνος
2034 1601 2104 1644 τοῖς
2121 1600 2250 1639 Ἀντω-

1205 1659 1277 1697 νίου
1297 1658 1418 1697 παισὶν
1444 1659 1551 1703 οὕτως
1575 1658 1766 1711 ἐχρήσατο.
1800 1658 1990 1711 Ἔπειρᾶτο
2018 1657 2054 1696 δὲ
2085 1659 2145 1697 καὶ
2177 1658 2254 1703 τοὺς

1205 1717 1334 1759 παῖδας
1353 1716 1513 1767 συνάγειν
1533 1718 1580 1760 εἷς
1599 1716 1729 1770 φιλίαν,
1747 1715 1865 1767 μύθοις
1878 1732 1917 1755 τε
1937 1715 2095 1769 ἀρχαίοις
2110 1717 2251 1768 χρώμε-

1205 1789 1276 1822 νος,
1289 1773 1349 1812 καὶ
1364 1773 1408 1812 τὰ
1423 1774 1734 1827 παρεσκευασμένα
1750 1773 1950 1818 ὑποδεικνύς
1962 1790 1971 1798 ·
1986 1776 2018 1813 οῖ
2042 1774 2076 1813 δὲ
2091 1776 2251 1824 οὐδαμῶς

1207 1833 1403 1882 ἐπείθοντο,
1434 1832 1526 1871 ἀλλὰ
1546 1833 1606 1871 καὶ
1626 1834 1672 1877 εἷς
1690 1832 1729 1871 τὸ
1751 1838 1867 1885 χεῖρον
1893 1832 2103 1885 ἐτράποντο,
2133 1827 2188 1871 οἶά
2215 1849 2252 1872 τε

1207 1889 1338 1928 νεανίαι
1367 1889 1482 1937 ὄντες,
1506 1890 1566 1928 καὶ
1585 1890 1652 1928 ὑπὸ
1680 1893 1861 1942 βασιλικῆς
1893 1890 2046 1935 ἐξουσίας
2065 1892 2112 1934 εἷς
2138 1891 2254 1936 πάσας

1207 1947 1339 1993 ἡδονῶν
1360 1947 1468 2000 ῥοπὰς
1486 1947 1673 1994 ἀπλήστως
1687 1947 1885 2000 ὁρμώμενοι
1897 1963 1905 1972 ·
1922 1947 1981 1986 καὶ
2000 1947 2177 2000 ἤσχαλλεν
2195 1948 2252 1986 ἐπὶ

1206 2006 1256 2057 τῷ
1271 2005 1415 2058 τοιούτῳ
1437 2005 1504 2059 βίῳ
1520 2007 1588 2044 τῶν
1606 2006 1754 2045 παίδων.
1776 2005 1934 2051 Νικήσας
1950 2004 1986 2043 δὲ
2002 2005 2079 2050 τοὺς
2099 2008 2254 2059 Βρεττα-

1208 2063 1341 2111 νικοὺς,
1358 2063 1416 2101 καὶ
1435 2063 1502 2111 ἤδη
1522 2063 1665 2117 γηραιὸς
1680 2062 1742 2110 ὢν,
1762 2063 1822 2101 καὶ
1839 2063 1905 2102 ὑπὸ
1924 2067 1985 2111 τῆς
2004 2063 2105 2102 νόσου
2124 2064 2253 2116 ὀχλού-

1209 2137 1328 2172 μενος,
1346 2122 1562 2173 ἠναγκάζετο
1575 2122 1660 2161 οἴκοι
1677 2122 1791 2172 μένειν
1804 2138 1812 2146 ·
1829 2121 1886 2159 τὸν
1899 2121 1935 2160 δὲ
1950 2122 2147 2162 Ἀντωνῖνον
2166 2125 2255 2161 ἐπει-

1209 2186 1292 2233 ρᾶτο
1306 2181 1511 2231 ἐκπέμπειν,
1523 2180 1743 2227 διοικήσοντα
1755 2180 1798 2218 τὰ
1815 2183 1882 2218 τῶν
1898 2181 2152 2233 στρατοπέδων·
2162 2179 2255 2224 ὅστις

1207 2242 1266 2277 τοῦ
1281 2239 1344 2288 μὲν
1357 2239 1511 2289 πολέμου
1527 2238 1748 2291 κατεφρόνει,
1762 2237 1996 2291 μοναρχήσειν
2013 2238 2049 2276 δὲ
2068 2237 2252 2289 ἠπείγετο,

1207 2296 1337 2334 καὶτὸν
1355 2298 1489 2349 πατέρα
1510 2296 1722 2349 βραδύνοντα
1742 2295 1828 2349 πρὸς
1849 2295 1906 2334 τὸν
1927 2296 2083 2345 θάνατον,
2103 2295 2253 2348 ὀχληρὸν

1209 2353 1376 2404 ἐνόμιζεν,
1394 2354 1454 2393 καὶ
1471 2353 1549 2398 τοὺς
1572 2352 1634 2404 μὲν
1658 2353 1794 2406 ἰατροὺς
1821 2353 1881 2392 καὶ
1902 2353 2077 2406 ὑπηρέτας
2098 2353 2254 2392 ἀνέπειθε

1208 2416 1449 2464 κακουργῆσαι
1468 2412 1548 2465 περὶ
1571 2410 1634 2459 τὴν
1655 2411 1839 2464 θεραπείαν
1869 2414 1930 2449 τοῦ
1949 2410 2126 2463 γέροντος,
2145 2413 2192 2454 ὡς
2212 2410 2254 2449 ἂν

1208 2473 1330 2508 θᾶττον
1349 2472 1454 2509 αὐτοῦ
1473 2470 1709 2521 ἀπαλλαγείη.
1733 2469 1834 2516 Πλὴν
1852 2467 1942 2506 ἀλλὰ
1962 2467 2062 2519 μόλις
2078 2466 2163 2505 ποτὲ
2186 2467 2252 2505 Σε-

1210 2529 1332 2579 δῆρος,
1362 2528 1458 2581 λύπῃ
1493 2529 1532 2567 τὸ
1563 2530 1725 2567 πλεῖστον
1757 2527 1953 2580 διαφθαρεὶς
1965 2556 1977 2578 ,
2012 2525 2254 2575 ἀνεπαύσατο,

1214 2586 1423 2639 βασιλεύσας
1447 2588 1469 2625 ι’
1491 2587 1550 2626 καὶ
1570 2587 1603 2634 η’
1627 2586 1699 2633 ἔτη.

1693 2692 1779 2728 131.

1354 2807 1655 2847 ΑΝΤΩΝΙΝΟΣ
1683 2807 1716 2845 Ο
1746 2804 2110 2844 ΚΑΡΑΚΑΛΛΟΣ.

1267 2923 1366 2960 lbid.
1386 2936 1427 2971 p.
1452 2927 1494 2965 [01
1530 2936 1538 2958 ε
1561 2919 1607 2959 ‘0
1622 2918 1657 2958 δὲ
1677 2918 1871 2965 Ἀντωνῖνος
1890 2920 1950 2955 τοῦ
1966 2915 2096 2967 πατρὸς
2122 2916 2256 2952 ἀποθα-

1212 2979 1325 3022 νόντος
1350 2977 1541 3029 λαὸόμενος
1567 2977 1740 3026 ἐξουσίας,
1761 2975 1855 3019 εὐθὺς
1871 2974 2004 3018 πάντας
2019 2973 2170 3025 φονεύειν
2190 2973 2255 3026 ἤρ-

108 3086 239 3126 γενναίῳ
258 3085 370 3126 τείχει,
382 3086 581 3126 πεποιημένῳ
596 3085 706 3125 μυλίτῃ
727 3085 802 3125 λίθῳ
813 3109 821 3123 ,
839 3085 868 3120 ἐς
882 3084 1073 3125 τετράγωνον
1097 3083 1303 3124 εἰργασμένῳ.
1323 3082 1421 3114 Ἑπτὰ
1444 3082 1497 3121 μὲν
1510 3081 1569 3122 γὰρ
1585 3080 1666 3119 ἦσαν
1689 3079 1751 3110 ἀπὸ
1766 3082 1828 3110 τῶν
1845 3077 1990 3119 Θρᾳκίων
2011 3077 2116 3108 πυλῶν
2138 3076 2249 3116 πύργοι

108 3134 170 3164 etc.
184 3156 193 3170 ,
213 3134 248 3163 ut
263 3141 314 3171 ap.
332 3133 453 3172 Xiphil.
480 3135 561 3168 Quae
586 3132 791 3172 probabiliter
813 3131 977 3162 fluxerunt
1002 3140 1039 3162 ex
1067 3132 1191 3162 ,Ioanne
1211 3129 1344 3161 Dionem
1361 3130 1393 3160 et
1417 3127 1634 3160 Herodianum
1652 3125 1785 3157 miscere
1810 3123 1915 3156 solito.
1932 3122 2022 3154 Idem
2041 3123 2174 3153 sortasse
2191 3123 2255 3152 sta-

109 3179 264 3211 tuendum
279 3180 326 3210 est
338 3178 378 3210 de
394 3179 431 3210 iis
444 3187 516 3218 quae
530 3188 562 3210 v.
581 3179 710 3218 Σεὸῆρος
731 3180 846 3218 praeter
866 3187 902 3209 ea
916 3186 990 3217 quae
1004 3186 1044 3209 ex
1070 3181 1147 3210 Exc.
1166 3178 1214 3210 De
1231 3177 1304 3208 virt.
1319 3176 1434 3208 hausta
1446 3176 1521 3207 sunt
1538 3175 1599 3216 (fr.
1623 3178 1679 3205 125
1693 3175 1725 3204 et
1742 3174 1799 3204 129
1810 3171 1820 3212 )
1832 3194 1841 3211 ‚
1865 3169 1950 3210 apud
1963 3168 2096 3201 suidam
2112 3169 2251 3200 exstant.

151 3229 205 3259 Fr.
229 3230 298 3258 128.
323 3227 490 3267 Exscripta
507 3228 581 3258 sunt
594 3235 635 3258 ex
650 3226 821 3258 Herodian.
841 3228 905 3263 111,
923 3229 940 3257 8
958 3226 1027 3257 init.
2038 3262 2046 3270 Ἴ

151 3276 204 3306 Fr.
228 3277 298 3306 129.
317 3276 365 3305 Ex
385 3274 558 3306 Herodian.
575 3276 640 3312 111,
654 3273 821 3304 &Eadem
835 3273 948 3304 Suidas
962 3282 991 3304 v.
1007 3273 1152 3313 Σεὸῆροε.
1168 3288 1210 3294 -
1223 3271 1277 3306 εἷς
1292 3269 1336 3301 τὰ
1351 3266 1556 3310 βασίλεια]
1570 3265 1742 3298 Herodian.
1763 3277 1770 3296 :
1786 3263 1953 3296 Κατελθὼν
1969 3262 1997 3298 ἐς
2013 3273 2068 3317 την
2083 3262 2254 3301 σύγκλητον

112 3321 224 3362 βουλὴν
238 3345 246 3360 ,
265 3321 398 3352 ἀνελθών
415 3332 447 3352 τε
461 3322 503 3357 εἷς
516 3322 567 3352 τὸν
592 3321 747 3361 βασίλειον
761 3320 864 3361 θρόνον
875 3344 883 3360 ,
900 3324 1015 3361 πικρῶς
1028 3319 1223 3360 κατηγόρησε
1235 3321 1296 3349 τῶν
1310 3317 1445 3349 Ἀλὸίνου
1463 3315 1570 3356 φίλων.
1586 3333 1625 3340 --
1645 3325 1668 3344 π
1680 3323 1696 3354 ρ
1709 3323 1725 3343 ο
1736 3312 1750 3343 έ
1761 3322 1780 3352 φ
1793 3322 1806 3342 ε
1817 3321 1833 3351 ρ
1845 3321 1859 3341 ε
1869 3309 1907 3350 ν]
1925 3319 2110 3350 προσεφερεν
2129 3307 2204 3340 cod.
2221 3308 2254 3338 et

110 3367 241 3407 suidam-3
265 3367 460 3408 προκομίζων
485 3367 601 3399 Herod.

152 3415 205 3445 Fr.
231 3416 299 3445 130.
324 3416 373 3445 Ex
393 3413 508 3445 Herod.
530 3415 571 3445 ΙΙΙ
584 3436 593 3452 ,
619 3416 750 3445 10-15.
1977 3449 1983 3455 ·
2194 3447 2202 3458 '
2232 3446 2239 3456 Ι

153 3461 301 3492 Fr.-131.
326 3462 374 3492 Ex
395 3459 563 3492 Herodian.
583 3461 644 3497 ΙΙΙ,
669 3460 812 3498 15—1V‚
836 3462 862 3491 1.
879 3461 926 3495 ὡς
942 3459 978 3491 δὲ
999 3459 1139 3495 αὐτοὺς
1165 3458 1249 3500 κτλ]
1270 3458 1350 3491 Male
1364 3457 1434 3490 haec
1453 3455 1613 3496 excerpta.
1639 3452 1908 3490 Herodianus1V‚
1928 3454 1936 3482 1
1953 3475 1960 3489 ,
1975 3451 2020 3481 *ta
2042 3462 2048 3481 τ
2069 3449 2121 3485 Ὡς
2140 3448 2172 3480 δὲ
2188 3458 2252 3487 w*-
