2372 3704
126 235 200 268 ⁴:36

406 336 436 370 E
464 335 615 372 LIBRO
645 335 883 394 SECUNDO.

630 429 667 465 6.

176 504 310 540 Sotion
335 501 423 553 Περὶ
443 517 544 555 κρην.
567 518 603 542 κ.
626 504 719 551 λιμν.
742 518 775 541 c.
812 518 827 540 1
856 519 864 541 ε
887 504 1009 556 Κρήνη
1033 505 1067 541 ἐν
1096 506 1171 543 [los

122 559 230 604 τνίαις
255 561 335 612 περὶ
355 560 500 608 Θήὸας,
522 561 556 606 ἐξ
575 556 617 608 ἧς
633 563 664 600 οἷ
679 561 781 601 ῗπποι
800 562 953 606 πίνοντες
970 562 1171 614 μαίνονται,

121 622 167 663 ὡς
186 622 315 671 ἱστορεῖ
332 619 500 672 Ἰσίγονος
520 622 554 658 ἐν
576 620 728 674 δευτέρῳ
746 621 929 660 Ἀπίστων.

629 723 664 756 7.

174 786 235 824 Id.
254 786 308 822 ib.
333 799 366 822 c.
392 786 414 822 8
447 799 454 821 :
488 784 611 837 Κρήνη
640 786 675 822 ἐν
705 786 892 832 Παλικοῖς,
920 785 996 832 ἥτις
1024 788 1069 829 εἷς
1089 787 1172 839 ὕψος

123 844 325 896 ἀναρρίπτει
345 843 384 881 τὸ
405 841 498 896 ὕδωρ
514 843 658 895 πηχέων
679 842 713 888 ἓξ
728 873 739 893 ,
757 843 907 897 ἔμφασιν
927 847 1073 883 ποιοῦσα
1093 844 1172 893 μέλ-

121 904 195 940 λειν
227 902 458 947 κατακλύζειν
487 901 565 945 τοὺς
586 901 831 952 ὑποκειμένους
857 902 1002 950 τόπους,
1024 903 1171 941 καθόλου

121 961 158 999 δὲ
185 963 249 1013 οὐχ
267 961 514 1013 ὑπερεκχεῗται
534 961 646 1000 οὐδέν.
668 961 754 999 Ἐπὶ
783 961 913 1008 ταύτης
940 963 971 999 οἷ
992 961 1172 1014 ἐπιχώριοι

122 1019 200 1063 τοὺς
222 1019 310 1072 ὑπὲρ
330 1023 398 1058 τῶν
425 1019 598 1070 μεγίστων
616 1019 738 1068 ὅρκους
759 1023 959 1067 ποιοῦνται,
981 1022 1028 1063 ὡς
1043 1021 1172 1072 ἱστορεῖ

121 1078 287 1129 Ἰσίγονος
319 1080 353 1116 ἐν
389 1078 539 1130 δευτέρῳ
571 1078 758 1118 Ἀπίστων,
798 1080 853 1118 Cf.
891 1080 1049 1118 Aristot.
1082 1081 1169 1116 Mir.

121 1142 232 1178 Ausc.
251 1152 285 1175 c.
304 1138 367 1185 57.
390 1139 584 1176 Polemon.
607 1137 654 1176 fr.
673 1139 740 1187 83,
766 1145 859 1174 tom.
879 1140 952 1185 111,
970 1151 1011 1187 p.
1037 1144 1123 1182 140.

625 1219 662 1256 8.

174 1296 234 1334 Id.
267 1297 320 1332 ib.
346 1309 381 1331 c.
407 1294 455 1338 43
492 1308 500 1330 z
530 1293 594 1333 Ἐν
626 1292 739 1347 Λυδίᾳ
765 1293 839 1332 ἐστὶ
860 1293 965 1344 λίμνη
986 1295 1088 1335 Τάλα
1109 1294 1172 1345 μὲν

124 1353 172 1402 (l.
192 1352 380 1402 Καλαμίνη
401 1352 483 1404 μὲν)
507 1351 729 1403 καλουμένη,
748 1351 826 1405 ἱερὰ
844 1352 880 1391 δὲ
904 1347 990 1391 oiim
1005 1357 1169 1407 νυμφῶν,

120 1411 142 1457 ἣ
165 1410 260 1463 φέρει
279 1411 451 1461 καλάμων
471 1413 604 1458 πλῆθος
622 1411 680 1450 καὶ
702 1411 807 1462 μέσον
831 1413 943 1450 αὐτῶν
965 1411 1025 1450 ἕνα
1045 1412 1082 1451 ὃν
1104 1415 1170 1464 βα-

122 1470 220 1507 σιλέα
250 1469 564 1522 προσαγορεύουσιν
595 1472 625 1508 οἱ
656 1469 857 1523 ἐπιχώριοι.
882 1471 1017 1515 Θυσίας
1046 1471 1081 1510 δὲ
1111 1471 1170 1510 καὶ

121 1528 239 1581 ἑορτὰς
270 1530 506 1572 ἐπιτελοῦντες
526 1528 720 1574 ἐνιαυσίους
749 1528 1010 1574 ἐξιλάσκονται·
1039 1530 1170 1568 τούτων

122 1587 156 1624 δὲ
176 1587 472 1636 ἐπιτελουμένων,
489 1587 630 1625 ἐπειδὰν
649 1588 706 1626 ἐπὶ
725 1590 787 1635 τῆς
803 1588 915 1634 ἠιόνος
933 1589 1063 1632 κτύπος
1083 1605 1171 1639 συμ-

121 1645 251 1698 φωνίας
284 1645 450 1697 γένηται,
487 1646 614 1690 πάντες
646 1651 675 1684 οἱ
708 1647 863 1697 κάλαμοι
895 1647 1079 1701 χορεύουσι
1111 1648 1172 1687 καὶ

120 1706 138 1741 ὃ
160 1703 322 1755 βασιλεὺς
349 1704 411 1743 σὺν
442 1706 557 1749 αὐτοῖς
585 1705 739 1758 χορεύων
760 1706 991 1758 παραγίνεται
1020 1707 1077 1745 ἐπὶ
1108 1707 1171 1754 τὴν

120 1762 241 1810 ἠιόνα,
258 1762 318 1800 καὶ
340 1764 370 1800 οἱ
392 1763 577 1816 ἐπιχώριοι
597 1764 744 1808 ταινίαις
763 1764 866 1803 αὐτὸν
890 1765 1172 1820 καταστέψαντες

121 1821 393 1872 ἀποπέμπουσιν
404 1852 414 1870 ,
431 1822 612 1874 εὐχόμενοι
629 1822 689 1861 καὶ
706 1823 752 1866 εἷς
770 1824 808 1860 τὸ
826 1823 920 1862 ἐπιὸν
937 1824 1041 1862 αὐτόν
1058 1840 1095 1862 τε
1112 1825 1172 1863 καὶ

121 1879 264 1923 ἑαυτοὺς
283 1880 543 1932 παραγενέσθαι
563 1883 610 1924 ὡς
628 1881 805 1933 εὐετηρίας
821 1881 892 1919 ὄντι
912 1883 1048 1935 σημείῳ
1069 1883 1124 1934 (ὅν
1140 1900 1173 1922 τι

122 1944 268 1990 σημεῖον
295 1953 369 1980 em.
397 1939 542 1991 Sylb.),
570 1943 615 1983 ὡς
644 1943 775 1992 ἱστορεῖ
791 1940 953 1992 Ἰσίγονος
970 1944 1004 1980 ἐν
1025 1942 1173 1996 δευτέρῳ

124 1997 314 2037 Ἆπίστων.

174 2057 302 2108 Τάλα]
322 2059 458 2095 Strabo
475 2060 589 2104 XIII,
610 2072 649 2108 p.
667 2059 743 2096 626
764 2071 774 2097 ε
794 2058 857 2098 Ἐν
876 2057 911 2097 δὲ
932 2059 1082 2103 σταδίοις
1098 2075 1173 2098 τετ-

122 2115 319 2168 ταράκοντα
342 2115 410 2153 ἀπὸ
426 2119 487 2163 τῆς
502 2116 637 2160 πόλεως
660 2118 707 2167 (a
726 2117 929 2170 Sardibus)
950 2118 1043 2157 ἐστὶν
1061 2122 1082 2165 ἡ
1104 2121 1174 2157 Γυ-

120 2174 204 2225 γαία
220 2174 282 2224 μὲν
298 2173 364 2211 ὑπὸ
381 2177 440 2211 τοῦ
458 2179 604 2222 ποιητοῦ
615 2175 787 2250 λεγομένη
799 2207 808 2224 ,
825 2179 855 2216 K
866 2177 969 2224 ολόη
986 2177 1014 2215 δ’
1032 2177 1173 2230 ὕστερον

121 2235 443 2284 μετονομασθεῖσα,
476 2233 561 2272 ὅπου
591 2234 631 2273 τὸ
651 2234 754 2307 ,5⁵va
775 2239 836 2282 τῆς
858 2238 1038 2284 Κολοηνης
1056 2237 1175 2290 Ἀρτέ-

122 2293 241 2343 μιδος,
264 2293 458 2343 μεγάλην
441 2309 562 2343 αγιστε
567 2293 622 2332 ίαν
647 2293 740 2345 ἔχον.
765 2294 867 2334 Φασι
888 2296 916 2332 δ’
937 2297 1084 2334 ἐνταῦθα
1102 2312 1174 2348 χο-

121 2351 230 2403 ρεύειν
247 2352 460 2396 καλάθους
477 2352 569 2390 κατὰ
585 2369 646 2396 τας
662 2353 884 2405 {omniq-0132(
900 2347 962 2392 οἶδ’
978 2354 1071 2398 ὅπως
1088 2355 1172 2394 ποτε

120 2410 474 2463 παραδοξολογουντες
496 2411 670 2462 μᾶλλονιλ
650 2429 672 2458 η
695 2411 933 2459 ἀληθεύοντες.
954 2436 1004 2442 -
1031 2416 1175 2452 Coloen

634 2528 669 2560 6.

162 2586 245 2617 Fons
258 2586 289 2617 in
306 2588 424 2619 l‘otniis
434 2588 517 2619 circa
530 2587 657 2620 Thebas
672 2589 738 2628 est,
756 2598 796 2620 ex
816 2598 881 2629 quo
895 2589 968 2629 equi
984 2592 1009 2621 sl
1018 2590 1174 2630 biberint,

118 2637 152 2667 in
170 2637 289 2669 rabiem
304 2638 468 2679 incidunt,
482 2641 563 2672 teste
579 2640 705 2680 isigono
721 2640 753 2672 in
769 2640 910 2673 secundo
921 2641 1171 2674 Incredibilium.

627 2703 663 2734 7.

162 2754 246 2784 Fons
262 2755 308 2785 est
322 2754 352 2785 in
366 2755 481 2787 Palicis
493 2779 502 2795 ,
529 2755 584 2796 qui
601 2764 717 2796 aquam
737 2756 823 2796 ejicit
848 2756 879 2787 in
894 2765 950 2788 sex
974 2757 1119 2789 cubitum
1136 2758 1175 2789 al.

120 2805 289 2836 titudinem
301 2830 309 2844 ,
323 2807 356 2837 et
367 2815 467 2846 quum
481 2807 700 2847 subjacentem
711 2808 822 2839 locum
838 2808 1056 2840 inundaturas
1069 2810 1173 2842 videa-

123 2858 188 2896 tur,
211 2856 289 2887 nihil
304 2858 413 2888 tamen
429 2860 519 2890 extra
536 2859 652 2891 limites
671 2859 819 2892 effundit.
839 2860 885 2891 Ad
903 2860 993 2892 hunc
1018 2861 1174 2901 indigenae

122 2908 162 2940 de
176 2909 271 2940 rebus
283 2909 621 2948 maximisjuramenta
636 2913 809 2952 praestant,
829 2912 876 2943 uti
901 2913 1009 2944 narrat
1034 2913 1175 2953 Isigonus

122 2962 155 2993 in
173 2960 312 2993 secundo
336 2961 584 2994 Incredibilium.

636 3015 669 3046 8.

166 3065 311 3106 InLydia
330 3066 418 3097 lacus
448 3067 494 3098 est
519 3067 705 3108 Calamine‚
736 3078 832 3109 quem
858 3070 995 3109 vocant,
1026 3070 1175 3110 nymphis

123 3127 224 3159 sacer,
236 3119 289 3159 qui
301 3120 499 3151 calamorum
511 3120 571 3152 sert
581 3122 834 3162 multitudinem,
848 3132 1025 3164 eorumque
1032 3123 1172 3156 medium

125 3179 244 3211 unum,
272 3180 368 3212 quem
399 3181 505 3212 regem
533 3172 688 3213 indigenae
719 3177 855 3215 vocant,
887 3176 918 3207 et
943 3184 1068 3207 sacram
1090 3176 1171 3208 sole-

123 3225 292 3257 mnitatem
314 3226 487 3265 quotannis
511 3226 708 3258 celebrantes
734 3229 793 3259 sibi
824 3230 999 3269 propitium
1022 3229 1169 3261 reddunt.

124 3280 205 3315 Quae
217 3276 296 3308 dum
318 3278 478 3318 peragitur
500 3280 598 3318 atque
621 3280 735 3312 musici
753 3283 929 3313 concentus
947 3283 980 3313 in
1006 3282 1097 3314 litore
1118 3291 1171 3314 so-

123 3329 348 3369 liant,oalami
373 3330 512 3362 universi
529 3331 662 3369 saltant,
691 3340 765 3363 cum
790 3332 891 3372 iisque
916 3342 974 3366 rex
997 3334 1116 3366 saltans
1132 3334 1172 3365 ad

125 3381 215 3413 littus
234 3382 344 3422 venit,
356 3381 411 3413 ubi
436 3382 590 3422 indigenae
606 3383 712 3415 taeniis
728 3392 802 3415 eum
820 3384 982 3416 redimunt
997 3394 1034 3416 ac
1059 3385 1173 3418 deinde

125 3433 293 3466 dimittunt
305 3435 486 3475 precantes,
498 3436 534 3467 ut
548 3436 694 3475 proxiino
711 3444 839 3476 quoque
849 3445 932 3468 anno
946 3436 998 3469 ille
1009 3446 1083 3469 cum
1099 3438 1172 3478 ipsis

938 228 1131 269 ISIGONI
1162 227 1463 276 NICAEENSIS‚

1235 319 1361 354 lacum
1382 319 1516 355 Sotion
1532 319 1579 356 de
1607 320 1679 356 alia
1703 332 1744 357 re
1771 328 1958 358 memorat
1985 335 2018 359 c.
2053 322 2117 371 39.
2139 344 2191 351 —
2217 336 2282 361 κα-

1235 369 1419 427 λαμων]«
1412 378 1596 414 ‹fortasse
1613 378 1789 422 καλλιῶν,
1812 381 1852 416 id
1872 381 1978 428 quod
1997 383 2086 417 item
2105 382 2284 420 Straboni

1235 448 1254 471 1
1257 436 1476 472 eddendum
1490 437 1656 474 videtur.
1673 439 1762 473 Post
1774 437 1929 489 χορεύειν
1947 441 1986 475 in
2000 440 2089 478 edd.
2103 441 2284 477 sclibitur

1234 492 1401 539 πιθήκους
1413 521 1423 539 ,
1440 495 1546 542 quod
1561 503 1688 531 ortum
1702 505 1757 533 est
1773 510 1818 533 ex
1833 499 1941 534 verbi
1963 497 2134 541 καλάθους
2156 501 2283 548 expli-

1236 554 1403 590 catione:
1421 554 1543 589 scribe
1559 552 1726 600 καλλίας;
1752 568 1805 595 sc.
1826 554 1991 600 καλλίας,
2020 558 2046 594 i.
2064 570 2103 604 q.
2121 556 2280 603 πίθηκος.

1237 612 1292 647 W
1291 619 1512 647 estermann.
1555 613 1594 646 in
1631 613 1817 651 paradox.
1855 627 1894 662 p.
1935 627 2025 663 190.
2067 616 2167 651 Mihi
2197 629 2283 652 cum

1233 669 1454 718 Ruhkopfio
1467 697 1477 715 ,
1498 671 1745 721 Bernhardyo
1759 700 1769 718 ,
1788 674 1890 717 aliis,
1908 671 2087 720 καλάμους
2107 686 2167 723 ap.
2184 676 2284 711 Stra-

1233 727 1373 763 bonem
1399 730 1666 777 reponendum
1686 742 1762 766 esse
1783 731 1954 776 videtum
1973 731 2075 780 apud
2091 733 2285 770 Sotionem

1232 798 1324 822 vero
1348 799 1421 835 pro
1449 788 1481 824 T
1485 785 1552 822 άλα
1578 785 1639 835 μὲν
1662 789 1744 837 lege
1778 787 1990 838 Καλαμίνη,
2008 791 2064 825 uti
2089 792 2244 840 colligas
2266 805 2286 828 e

1234 845 1358 881 Plinio
1375 847 1432 890 ΙΙ,
1449 845 1531 894 §96
1550 859 1557 880 :
1575 848 1624 881 In
1642 848 1759 894 Lydia
1777 861 1863 895 quce
1879 857 2062 884 vocamur·
2074 850 2287 886 Calaminae

1236 903 1307 952 (sc.
1336 911 1507 940 natantes
1521 905 1652 940 insulae
1677 905 1809 956 sunt),
1830 919 1902 942 non
1922 911 2043 943 ventis
2060 910 2198 954 solum,
2220 911 2290 945 sed

1234 966 1349 997 etiam
1381 966 1497 998 contis
1524 976 1596 1011 quo
1626 965 1742 999 l1'beat
1768 967 1941 1013 impulsae
1971 973 2041 1003 etc.
2072 967 2127 1004 Cf.
2163 970 2283 1006 varro

1233 1021 1282 1057 R.
1301 1022 1348 1058 R.
1367 1022 1443 1067 III,
1470 1034 1532 1068 17,
1553 1025 1596 1068 43
1615 1023 1754 1059 Seneca
1773 1025 1817 1071 Q.
1834 1026 1882 1060 N.
1901 1022 1979 1070 ΙΙΙ,
2000 1024 2063 1062 25.

1741 1112 1779 1148 9.

1289 1168 1347 1204 Id.
1368 1169 1420 1206 ib.
1441 1181 1474 1206 e.
1504 1181 1525 1204 2
1556 1182 1564 1204 :
1596 1167 1718 1220 Κρήνη
1736 1170 1771 1206 ἐν
1803 1171 2063 1222 Κλαζομεναῖς,
2092 1171 2150 1225 ἀφ’
2173 1166 2214 1219 ἧς
2242 1172 2286 1210 τὰ

1237 1225 1422 1278 θρέμματα
1442 1226 1587 1265 πίνοντα
1617 1227 1680 1274 τὴν
1709 1227 1808 1280 ἐρέαν
1838 1229 2066 1280 χρωματίνην
2093 1232 2206 1278 ποιεῖ,
2238 1234 2285 1275 ὣς

1234 1284 1368 1335 ἱστορεῖ
1386 1286 1404 1322 ὁ
1423 1284 1673 1338 προειρημένος
1690 1286 1865 1338 Ἰσίγονος.
1890 1290 1943 1326 Cf.
1958 1291 2102 1330 Vitruv.
2117 1293 2206 1328 VIII
2218 1321 2230 1342 ,
2247 1291 2284 1328 3.

1732 1377 1790 1400 10.

1284 1431 1343 1469 Id.
1365 1432 1417 1469 ib.
1447 1445 1481 1468 c.
1505 1444 1559 1482 9:
1581 1433 1632 1471 ns
1618 1432 1669 1484 ερι
1686 1435 1889 1472 Σκοτοῦσαν
1906 1451 1967 1482 της
1985 1436 2188 1482 Θεσσαλίας
2203 1453 2287 1490 κρη-

1237 1487 1378 1526 νίδιόν’
1363 1504 1436 1527 εστι
1451 1489 1593 1542 μικρὸν,
1613 1490 1631 1528 ὃ
1647 1491 1691 1529 τὰ
1708 1491 1790 1539 ἕλκη
1808 1493 1923 1532 πάντα
1940 1494 2122 1546 θεραπεύει
2138 1495 2198 1533 καὶ
2217 1499 2286 1534 τῶν

1238 1546 1374 1597 ἀλόγων
1393 1545 1508 1600 ζώων·
1529 1550 1575 1592 εἷς
1595 1547 1645 1586 δ’
1631 1550 1690 1587 εάν
1710 1566 1761 1594 τις
1782 1550 1878 1595 ξύλον
1901 1552 1949 1602 μὴ
1975 1553 2053 1590 λίαν
2073 1553 2280 1606 συντρίψας,

1236 1605 1327 1644 ἀλλὰ
1344 1606 1471 1657 σχίσας
1487 1607 1625 1658 ε’μὸάλῃ
1638 1637 1649 1658 ,
1665 1609 1962 1648 ἀποκαθίσταται·
1987 1611 2096 1655 οὕτως
2115 1613 2286 1657 κολλῶδες

1236 1665 1331 1717 ἔχει
1330 1665 1367 1702 τὸ
1397 1664 1551 1717 ὕδωρ,
1526 1682 1572 1709 ως
1591 1682 1694 1719 φησιν
1715 1667 1891 1719 Ἰσίγονος.
1918 1671 1975 1708 Cf.
2006 1671 2163 1711 Aristot.
2193 1674 2280 1711 Mir.

1235 1727 1351 1764 Ausc.
1373 1739 1407 1762 c.
1430 1739 1524 1772 1173
1543 1728 1720 1776 Antigon.
1740 1730 1826 1766 Mir.
1845 1742 1877 1767 e.
1903 1734 1988 1774 142.

1729 1817 1790 1841 11.

1289 1871 1406 1910 1d.c.
1433 1885 1474 1908 11
1509 1871 1667 1918 εΦησιν
1695 1871 1861 1923 Ἲσιγονος
1888 1876 1923 1911 ἐν
1953 1873 2125 1925 Ἀθαμᾶσι
2153 1875 2284 1928 κρήνην

1238 1932 1349 1976 εἶναι,
1373 1933 1414 1976 ἧς
1434 1929 1473 1967 τὸ
1502 1930 1544 1980 μὲ
1530 1946 1564 1967 εν
1585 1929 1676 1982 υδωρ
1696 1930 1829 1984 ψυχρον
1859 1932 2051 1985 ὑπάρχειν,
2072 1933 2112 1972 τὸ
2141 1934 2173 1971 δ’
2197 1934 2284 2005 ὑπὲρ

1236 1985 1321 2024 αὐτὸ
1336 1986 1426 2024 οὕτω
1441 1988 1596 2039 θερμὸν
1584 1988 1771 2040 υπάρχειν,
1788 1989 1900 2039 ὥστε,
1920 1990 1961 2028 ἄν
1982 2007 2033 2034 τις
2051 1993 2115 2029 ὑπε
2120 1994 2181 2044 ρθῇ
2198 1991 2282 2044 φρύ-

1234 2061 1346 2095 γανα,
1380 2048 1605 2098 παραχρῆμα
1637 2047 1855 2092 ἐξάπτεσθαι.
1890 2050 1947 2089 Cf.
1985 2052 2164 2101 Antigon.
2195 2053 2281 2091 Mir.

1237 2118 1270 2143 c.
1297 2106 1382 2148 148.

1732 2179 1793 2205 12.

1291 2241 1348 2278 Id.
1380 2253 1413 2277 c.
1447 2254 1491 2277 12
1516 2254 1525 2277 :
1559 2240 1665 2293 Παρὰ
1685 2240 1896 2294 Κλειτορίοις
1917 2243 1936 2279 ὃ
1955 2241 2058 2286 αὖτός
2076 2258 2180 2295 φησιν
2197 2235 2284 2281 {iven

1237 2296 1386 2349 κρήνην,
1406 2302 1447 2345 ἡς
1477 2297 1559 2336 ὅταν
1588 2315 1637 2343 τις
1668 2315 1727 2337 του
1760 2298 1882 2343 ὕδατος
1912 2301 1996 2350 πίῃ,
2027 2317 2088 2339 του
2110 2300 2201 2339 οἴνου
2221 2301 2284 2348 τὴν

1236 2355 1349 2405 ὀσμὴν
1367 2357 1404 2394 οὗ
1423 2356 1503 2409 φέρε
1488 2373 1531 2397 -.i
1553 2359 1609 2396 Cf.
1630 2360 1829 2395 Athenaeus
1849 2361 1907 2405 ΙΙ,
1925 2373 1966 2408 p.
1988 2360 2053 2410 43,
2074 2361 2123 2406 E;
2143 2361 2285 2397 Plinius

1238 2420 1287 2454 H.
1311 2420 1359 2455 N.
1383 2419 1425 2454 31
1444 2447 1454 2467 ‚
1474 2432 1510 2455 2.
1532 2421 1661 2469 Steph.
1680 2422 1767 2468 Byz.
1787 2433 1822 2456 v,
1845 2418 1990 2464 Ἀζανίς.

1234 2528 1335 2568 adsit,
1357 2529 1476 2571 quippe
1491 2530 1578 2571 quod
1601 2532 1642 2563 stt
1660 2531 1735 2563 boni
1753 2533 1926 2572 proventus
1939 2532 2084 2573 signum,
2097 2532 2192 2565 sicuti
2213 2541 2283 2565 nar-

1234 2584 1285 2614 rat
1298 2583 1441 2622 Isigonus
1457 2583 1490 2615 in
1506 2584 1647 2616 secundo
1663 2585 1913 2617 luci-edibilium.

1740 2641 1777 2674 9.
2194 2670 2199 2675 .

1276 2694 1360 2725 Fons
1370 2694 1417 2725 est
1430 2695 1514 2734 apud
1532 2695 1770 2735 Clazomenios,
1789 2705 1830 2728 ex
1846 2704 1911 2736 quo
1934 2696 2070 2736 pecudes
2082 2696 2107 2729 si
2124 2681 2283 2736 biberint,

1235 2744 1307 2776 lana
1319 2753 1429 2777 earum
1443 2747 1586 2786 tingitur,
1601 2748 1681 2779 teste
1698 2748 1821 2787 Isigono
1831 2772 1839 2788 ,
1851 2756 1949 2788 quem
1960 2748 2056 2779 modo
2070 2747 2284 2781 laudavimus.

1732 2804 1789 2837 10.

1278 2854 1326 2886 Ad
1340 2856 1522 2888 Scotussam
1539 2857 1571 2888 in
1589 2857 1750 2888 Thessalia
1771 2866 1890 2898 parvus
1914 2858 1984 2889 sons
2005 2859 2071 2896 est,
2088 2857 2180 2897 cuius
2201 2867 2285 2899 aqua

1233 2907 1341 2939 omnia
1362 2910 1452 2940 sanat
1470 2909 1577 2940 ulcera
1599 2909 1695 2940 estam
1710 2909 1878 2941 brutorum
1897 2909 2093 2941 animalium.
2109 2909 2142 2941 Si
2164 2910 2236 2950 quiS
2248 2910 2284 2942 li-

1232 2967 1329 2998 gnum
1345 2968 1409 2990 non
1426 2959 1520 3000 plane
1533 2961 1704 2992 contusum
1718 2984 1727 3000 ‚
1741 2961 1797 2992 sed
1810 2961 1918 2992 fissum
1933 2961 2058 2992 tantum
2072 2960 2104 2991 in
2117 2970 2192 2992 eum
2208 2961 2285 3001 inJe-

1233 3010 1311 3044 cerit
1322 3035 1330 3050 ,
1360 3010 1392 3042 in
1421 3011 1558 3042 solidum
1582 3012 1779 3051 restituitur-g
1806 3014 1930 3044 tantam
1954 3011 2020 3043 vim
2043 3011 2283 3052 conglutinandi

1232 3070 1316 3102 aqua
1333 3062 1447 3100 habet,
1462 3065 1498 3094 ut
1512 3062 1655 3102 Isigonus
1674 3064 1793 3095 narrat,

1731 3118 1785 3150 11.

1273 3174 1389 3205 Narrat
1402 3172 1545 3212 Isigonus
1554 3171 1639 3212 apud
1655 3172 1849 3204 Athamanes
1860 3172 1982 3204 fontem
1997 3181 2064 3204 esse
2074 3196 2082 3212 ‚
2094 3173 2186 3213 quus
2198 3182 2282 3214 aqua

1232 3225 1362 3266 quidem
1377 3225 1505 3265 frigida,
1530 3225 1586 3256 sed
1605 3234 1782 3265 supeream
1796 3227 1904 3257 tantus
1917 3225 1957 3257 sit
1980 3225 2078 3266 calor,
2096 3228 2149 3265 ut,
2174 3227 2199 3258 si
2213 3227 2283 3268 quis

1232 3278 1384 3310 immittat
1398 3278 1557 3309 sarmenta
1567 3301 1576 3316 ,
1590 3285 1626 3308 ea
1639 3277 1747 3308 statim
1760 3276 2008 3309 inflammentur.

1730 3332 1785 3364 12.

1273 3386 1362 3419 Idem
1377 3385 1462 3427 apud
1490 3385 1639 3418 Clitor-ios
1665 3385 1785 3418 fontem
1806 3394 1875 3418 esse
1900 3386 1962 3426 ait,
1977 3387 2069 3427 enjus
2084 3396 2200 3428 aquam
2223 3387 2278 3427 qui

1232 3438 1346 3470 biberit
1356 3461 1366 3478 ,
1380 3447 1456 3470 eum
1467 3437 1550 3470 serre
1564 3446 1628 3469 non
1642 3446 1735 3478 posse
1748 3437 1880 3470 odorem
1891 3438 1967 3470 vini.
