<?xml version="1.0" encoding="UTF-8"?>
<!DOCTYPE html PUBLIC "-//W3C//DTD XHTML 1.0 Transitional//EN"
    "http://www.w3.org/TR/xhtml1/DTD/xhtml1-transitional.dtd">
<html xmlns="http://www.w3.org/1999/xhtml" xml:lang="en" lang="en">
 <head>
  <title>
</title>
<meta http-equiv="Content-Type" content="text/html;charset=utf-8" />
  <meta name='ocr-system' content='tesseract 3.04.00' />
  <meta name='ocr-capabilities' content='ocr_page ocr_carea ocr_par ocr_line ocrx_word'/>
</head>
<body>
  <div class='ocr_page' id='page_1' title='image "./fragmentahistori04mueluoft_0216.png"; bbox 0 0 2326 3724; ppageno 0'>
   <div class='ocr_carea' id='block_1_1' title="bbox 120 232 655 367">
    <p class='ocr_par' dir='ltr' id='par_1_1' title="bbox 120 232 655 367">
     <span class='ocr_line' id='line_1_1' title="bbox 120 232 192 265; baseline 0.028 -2"><span class='ocrx_word' id='word_1_1' title='bbox 120 232 192 265; x_wconf 77' lang='lat'><strong>204</strong></span> 
     </span>
     <span class='ocr_line' id='line_1_2' title="bbox 619 329 655 367; baseline 0.056 -2"><span class='ocrx_word' id='word_1_2' title='bbox 619 329 655 367; x_wconf 90' lang='grc'><strong>6.</strong></span> 
     </span>
    </p>
   </div>
   <div class='ocr_carea' id='block_1_2' title="bbox 86 397 1157 2479">
    <p class='ocr_par' dir='ltr' id='par_1_2' title="bbox 92 397 1157 1802">
     <span class='ocr_line' id='line_1_3' title="bbox 168 397 1157 458; baseline 0.013 -24"><span class='ocrx_word' id='word_1_3' title='bbox 168 397 315 436; x_wconf 91' lang='lat' dir='ltr'><strong>Ibidem</strong></span> <span class='ocrx_word' id='word_1_4' title='bbox 329 414 367 450; x_wconf 91' lang='lat' dir='ltr'><strong>p.</strong></span> <span class='ocrx_word' id='word_1_5' title='bbox 393 413 479 447; x_wconf 90' lang='lat'><strong>100,</strong></span> <span class='ocrx_word' id='word_1_6' title='bbox 502 414 570 438; x_wconf 86' lang='lat'><strong>101</strong></span> <span class='ocrx_word' id='word_1_7' title='bbox 596 400 702 441; x_wconf 73' lang='grc' dir='ltr'>;“Οτι</span> <span class='ocrx_word' id='word_1_8' title='bbox 719 403 794 442; x_wconf 83' lang='grc' dir='ltr'>ἐπεὶ</span> <span class='ocrx_word' id='word_1_9' title='bbox 809 406 839 443; x_wconf 76' lang='grc' dir='ltr'>οἱ</span> <span class='ocrx_word' id='word_1_10' title='bbox 853 404 1016 458; x_wconf 83' lang='grc' dir='ltr'>ἄρχοντες</span> <span class='ocrx_word' id='word_1_11' title='bbox 1034 407 1157 447; x_wconf 83' lang='grc' dir='ltr'>Ἀντῶν</span> 
     </span>
     <span class='ocr_line' id='line_1_4' title="bbox 113 455 1156 515; baseline 0.012 -22"><span class='ocrx_word' id='word_1_12' title='bbox 113 455 238 500; x_wconf 83' lang='grc' dir='ltr'>ἀθλίως</span> <span class='ocrx_word' id='word_1_13' title='bbox 257 457 456 505; x_wconf 83' lang='grc' dir='ltr'>διετέθησαν</span> <span class='ocrx_word' id='word_1_14' title='bbox 476 458 537 496; x_wconf 79' lang='grc' dir='ltr'><strong>καὶ</strong></span> <span class='ocrx_word' id='word_1_15' title='bbox 564 459 660 512; x_wconf 82' lang='grc' dir='ltr'>παρὰ</span> <span class='ocrx_word' id='word_1_16' title='bbox 687 460 750 507; x_wconf 81' lang='grc' dir='ltr'><strong>τὴν</strong></span> <span class='ocrx_word' id='word_1_17' title='bbox 772 465 867 515; x_wconf 74' lang='grc' dir='ltr'>σφῶν</span> <span class='ocrx_word' id='word_1_18' title='bbox 899 465 1012 503; x_wconf 77' lang='grc' dir='ltr'>αὐτῶν</span> <span class='ocrx_word' id='word_1_19' title='bbox 1033 466 1156 506; x_wconf 82' lang='grc' dir='ltr'>ἐλπίδα</span> 
     </span>
     <span class='ocr_line' id='line_1_5' title="bbox 113 515 1157 576; baseline 0.011 -24"><span class='ocrx_word' id='word_1_20' title='bbox 113 515 376 564; x_wconf 78' lang='grc' dir='ltr'>ἐπεπτώκεσαν,</span> <span class='ocrx_word' id='word_1_21' title='bbox 391 516 517 555; x_wconf 76' lang='grc' dir='ltr'>αὐτίκα</span> <span class='ocrx_word' id='word_1_22' title='bbox 531 520 562 556; x_wconf 81' lang='grc' dir='ltr'>οἳ</span> <span class='ocrx_word' id='word_1_23' title='bbox 575 517 614 557; x_wconf 75' lang='grc' dir='ltr'><strong>Ἀ</strong></span> <span class='ocrx_word' id='word_1_24' title='bbox 621 518 721 572; x_wconf 57' lang='lat' dir='ltr'><strong>&amp;upon</strong></span> <span class='ocrx_word' id='word_1_25' title='bbox 738 519 869 573; x_wconf 88' lang='grc' dir='ltr'>ἔκειρόν</span> <span class='ocrx_word' id='word_1_26' title='bbox 887 538 922 560; x_wconf 89' lang='grc' dir='ltr'><strong>τε</strong></span> <span class='ocrx_word' id='word_1_27' title='bbox 938 523 1001 571; x_wconf 78' lang='grc' dir='ltr'><strong>τὴν</strong></span> <span class='ocrx_word' id='word_1_28' title='bbox 1018 527 1083 576; x_wconf 79' lang='grc' dir='ltr'><strong>γῆν</strong></span> <span class='ocrx_word' id='word_1_29' title='bbox 1097 526 1157 564; x_wconf 85' lang='grc' dir='ltr'><strong>καὶ</strong></span> 
     </span>
     <span class='ocr_line' id='line_1_6' title="bbox 111 571 1156 629; baseline 0.011 -18"><span class='ocrx_word' id='word_1_30' title='bbox 111 571 288 622; x_wconf 80' lang='grc' dir='ltr'>ἐληίζοντο</span> <span class='ocrx_word' id='word_1_31' title='bbox 308 573 370 622; x_wconf 78' lang='grc' dir='ltr'><strong>τὴν</strong></span> <span class='ocrx_word' id='word_1_32' title='bbox 387 575 523 628; x_wconf 84' lang='grc' dir='ltr'>χώραν.</span> <span class='ocrx_word' id='word_1_33' title='bbox 546 577 752 629; x_wconf 87' lang='grc' dir='ltr'>Πιεζόμενοι</span> <span class='ocrx_word' id='word_1_34' title='bbox 771 580 801 617; x_wconf 82' lang='grc' dir='ltr'><strong>δ’</strong></span> <span class='ocrx_word' id='word_1_35' title='bbox 831 574 889 618; x_wconf 64' lang='grc' dir='ltr'><strong>οὖν</strong></span> <span class='ocrx_word' id='word_1_36' title='bbox 908 583 984 626; x_wconf 84' lang='grc' dir='ltr'>ταῖς</span> <span class='ocrx_word' id='word_1_37' title='bbox 1005 586 1073 621; x_wconf 87' lang='grc' dir='ltr'><strong>τῶν</strong></span> <span class='ocrx_word' id='word_1_38' title='bbox 1094 600 1156 623; x_wconf 89' lang='grc' dir='ltr'><strong>πο-</strong></span> 
     </span>
     <span class='ocr_line' id='line_1_7' title="bbox 110 629 1156 689; baseline 0.011 -19"><span class='ocrx_word' id='word_1_39' title='bbox 110 632 241 682; x_wconf 87' lang='grc' dir='ltr'>λεμίων</span> <span class='ocrx_word' id='word_1_40' title='bbox 255 634 456 686; x_wconf 80' lang='grc' dir='ltr'>ἐπιδρομαῖς</span> <span class='ocrx_word' id='word_1_41' title='bbox 479 637 526 678; x_wconf 81' lang='grc' dir='ltr'>ὡς</span> <span class='ocrx_word' id='word_1_42' title='bbox 538 629 665 684; x_wconf 63' lang='grc' dir='ltr'>οἷόντε,</span> <span class='ocrx_word' id='word_1_43' title='bbox 683 638 960 689; x_wconf 74' lang='grc' dir='ltr'>ἐπρεσὸεύσαντο</span> <span class='ocrx_word' id='word_1_44' title='bbox 974 642 1019 685; x_wconf 78' lang='grc' dir='ltr'>ὡς</span> <span class='ocrx_word' id='word_1_45' title='bbox 1033 642 1156 687; x_wconf 78' lang='grc' dir='ltr'>αὐτοὺς</span> 
     </span>
     <span class='ocr_line' id='line_1_8' title="bbox 111 692 1156 753; baseline 0.011 -24"><span class='ocrx_word' id='word_1_46' title='bbox 111 692 329 745; x_wconf 81' lang='grc' dir='ltr'>Μεζάμηρον</span> <span class='ocrx_word' id='word_1_47' title='bbox 355 693 413 732; x_wconf 78' lang='grc' dir='ltr'><strong>τὸν</strong></span> <span class='ocrx_word' id='word_1_48' title='bbox 437 694 642 748; x_wconf 81' lang='grc' dir='ltr'>Ἰδαριζίου,</span> <span class='ocrx_word' id='word_1_49' title='bbox 667 698 895 750; x_wconf 85' lang='grc' dir='ltr'>Κελαγαστοῦ</span> <span class='ocrx_word' id='word_1_50' title='bbox 918 701 1077 753; x_wconf 79' lang='grc' dir='ltr'>ἀδελφὸν,</span> <span class='ocrx_word' id='word_1_51' title='bbox 1098 702 1156 741; x_wconf 82' lang='grc' dir='ltr'><strong>ἐπὶ</strong></span> 
     </span>
     <span class='ocr_line' id='line_1_9' title="bbox 109 749 1155 811; baseline 0.011 -23"><span class='ocrx_word' id='word_1_52' title='bbox 109 749 172 797; x_wconf 72' lang='grc' dir='ltr'><strong>τὴν</strong></span> <span class='ocrx_word' id='word_1_53' title='bbox 203 752 393 804; x_wconf 77' lang='grc' dir='ltr'>πρεσὸείαν</span> <span class='ocrx_word' id='word_1_54' title='bbox 413 754 738 807; x_wconf 77' lang='grc' dir='ltr'>χειροτονήσαντες·</span> <span class='ocrx_word' id='word_1_55' title='bbox 768 756 901 796; x_wconf 83' lang='grc' dir='ltr'>ἐδέοντό</span> <span class='ocrx_word' id='word_1_56' title='bbox 923 774 960 797; x_wconf 87' lang='grc' dir='ltr'><strong>τε</strong></span> <span class='ocrx_word' id='word_1_57' title='bbox 987 760 1155 811; x_wconf 88' lang='grc' dir='ltr'>πρίασθαι</span> 
     </span>
     <span class='ocr_line' id='line_1_10' title="bbox 109 811 1154 866; baseline 0.011 -20"><span class='ocrx_word' id='word_1_58' title='bbox 109 811 177 847; x_wconf 86' lang='grc' dir='ltr'><strong>τῶν</strong></span> <span class='ocrx_word' id='word_1_59' title='bbox 213 825 307 853; x_wconf 89' lang='grc' dir='ltr'>τινας</span> <span class='ocrx_word' id='word_1_60' title='bbox 324 814 387 849; x_wconf 77' lang='grc' dir='ltr'><strong>σοῦ</strong></span> <span class='ocrx_word' id='word_1_61' title='bbox 406 812 532 851; x_wconf 82' lang='grc' dir='ltr'>οἰκείου</span> <span class='ocrx_word' id='word_1_62' title='bbox 555 813 661 865; x_wconf 80' lang='grc' dir='ltr'>φύλου</span> <span class='ocrx_word' id='word_1_63' title='bbox 682 813 925 866; x_wconf 86' lang='grc' dir='ltr'>δορυαλώτων.</span> <span class='ocrx_word' id='word_1_64' title='bbox 949 817 1022 855; x_wconf 84' lang='grc' dir='ltr'><strong>Καὶ</strong></span> <span class='ocrx_word' id='word_1_65' title='bbox 1041 817 1154 857; x_wconf 86' lang='grc' dir='ltr'>τοίνυν</span> 
     </span>
     <span class='ocr_line' id='line_1_11' title="bbox 108 867 1155 929; baseline 0.009 -23"><span class='ocrx_word' id='word_1_66' title='bbox 108 867 322 922; x_wconf 75' lang='grc' dir='ltr'>Μεζάμηρος</span> <span class='ocrx_word' id='word_1_67' title='bbox 341 872 360 908; x_wconf 86' lang='lat'><em>6</em></span> <span class='ocrx_word' id='word_1_68' title='bbox 375 870 609 923; x_wconf 73' lang='grc' dir='ltr'>πρεσὸευτὴς,</span> <span class='ocrx_word' id='word_1_69' title='bbox 628 872 808 923; x_wconf 80' lang='grc' dir='ltr'>στωμύλος</span> <span class='ocrx_word' id='word_1_70' title='bbox 828 890 865 912; x_wconf 86' lang='grc' dir='ltr'><strong>τε</strong></span> <span class='ocrx_word' id='word_1_71' title='bbox 882 873 928 912; x_wconf 83' lang='grc' dir='ltr'><strong>ὢν</strong></span> <span class='ocrx_word' id='word_1_72' title='bbox 946 875 1005 914; x_wconf 89' lang='grc' dir='ltr'><strong>καὶ</strong></span> <span class='ocrx_word' id='word_1_73' title='bbox 1024 876 1155 929; x_wconf 76' lang='grc' dir='ltr'>ὑψαγό-</span> 
     </span>
     <span class='ocr_line' id='line_1_12' title="bbox 108 928 1154 988; baseline 0.009 -23"><span class='ocrx_word' id='word_1_74' title='bbox 108 942 187 979; x_wconf 84' lang='grc' dir='ltr'>ρας,</span> <span class='ocrx_word' id='word_1_75' title='bbox 204 929 250 972; x_wconf 85' lang='grc' dir='ltr'>ὡς</span> <span class='ocrx_word' id='word_1_76' title='bbox 267 928 432 983; x_wconf 64' lang='grc' dir='ltr'>Ἀδάρους</span> <span class='ocrx_word' id='word_1_77' title='bbox 452 931 658 982; x_wconf 77' lang='grc' dir='ltr'>ἀφικόμενος</span> <span class='ocrx_word' id='word_1_78' title='bbox 674 931 842 986; x_wconf 80' lang='grc' dir='ltr'>ἀπέρριψε</span> <span class='ocrx_word' id='word_1_79' title='bbox 859 933 1001 985; x_wconf 78' lang='grc' dir='ltr'>ῥήματα</span> <span class='ocrx_word' id='word_1_80' title='bbox 1020 936 1154 988; x_wconf 81' lang='grc' dir='ltr'>ὑπερή-</span> 
     </span>
     <span class='ocr_line' id='line_1_13' title="bbox 107 985 1154 1046; baseline 0.01 -23"><span class='ocrx_word' id='word_1_81' title='bbox 107 985 200 1038; x_wconf 79' lang='grc' dir='ltr'>φανά</span> <span class='ocrx_word' id='word_1_82' title='bbox 220 1002 257 1024; x_wconf 86' lang='grc' dir='ltr'><strong>τε</strong></span> <span class='ocrx_word' id='word_1_83' title='bbox 273 987 332 1025; x_wconf 88' lang='grc' dir='ltr'><strong>καὶ</strong></span> <span class='ocrx_word' id='word_1_84' title='bbox 351 988 546 1040; x_wconf 75' lang='grc' dir='ltr'>θρασύτεροί</span> <span class='ocrx_word' id='word_1_85' title='bbox 565 1005 652 1033; x_wconf 88' lang='grc' dir='ltr'>πως.</span> <span class='ocrx_word' id='word_1_86' title='bbox 674 991 799 1029; x_wconf 81' lang='grc' dir='ltr'>Ταῦτά</span> <span class='ocrx_word' id='word_1_87' title='bbox 815 1007 868 1029; x_wconf 86' lang='grc' dir='ltr'><strong>τοι</strong></span> <span class='ocrx_word' id='word_1_88' title='bbox 884 994 901 1030; x_wconf 89' lang='lat'><em>6</em></span> <span class='ocrx_word' id='word_1_89' title='bbox 927 994 1154 1046; x_wconf 84' lang='grc' dir='ltr'>Κοτροὶγηγος</span> 
     </span>
     <span class='ocr_line' id='line_1_14' title="bbox 108 1046 1154 1107; baseline 0.009 -24"><span class='ocrx_word' id='word_1_90' title='bbox 108 1046 366 1099; x_wconf 82' lang='grc' dir='ltr'>(Κοτρίγουρος</span> <span class='ocrx_word' id='word_1_91' title='bbox 392 1049 490 1096; x_wconf 86' lang='lat' dir='ltr'><strong>conj.</strong></span> <span class='ocrx_word' id='word_1_92' title='bbox 514 1050 653 1099; x_wconf 86' lang='lat' dir='ltr'><strong>Nieb.)</strong></span> <span class='ocrx_word' id='word_1_93' title='bbox 687 1051 830 1099; x_wconf 86' lang='grc' dir='ltr'>ἐκεῖνος,</span> <span class='ocrx_word' id='word_1_94' title='bbox 851 1053 869 1088; x_wconf 97' lang='lat'><em>6</em></span> <span class='ocrx_word' id='word_1_95' title='bbox 897 1057 967 1095; x_wconf 87' lang='grc' dir='ltr'>τοῖς</span> <span class='ocrx_word' id='word_1_96' title='bbox 995 1052 1154 1107; x_wconf 72' lang='grc' dir='ltr'>Ἀὅάροις</span> 
     </span>
     <span class='ocr_line' id='line_1_15' title="bbox 106 1104 1150 1161; baseline 0.008 -20"><span class='ocrx_word' id='word_1_97' title='bbox 106 1104 319 1155; x_wconf 78' lang='grc' dir='ltr'>ἐπιτήδειος,</span> <span class='ocrx_word' id='word_1_98' title='bbox 343 1108 361 1143; x_wconf 89' lang='lat'><em>6</em></span> <span class='ocrx_word' id='word_1_99' title='bbox 380 1109 458 1143; x_wconf 86' lang='grc' dir='ltr'>κατ’</span> <span class='ocrx_word' id='word_1_100' title='bbox 479 1107 606 1145; x_wconf 87' lang='grc' dir='ltr'>Ἀντῶν</span> <span class='ocrx_word' id='word_1_101' title='bbox 626 1106 669 1145; x_wconf 85' lang='grc' dir='ltr'><strong>τὰ</strong></span> <span class='ocrx_word' id='word_1_102' title='bbox 692 1106 835 1160; x_wconf 77' lang='grc' dir='ltr'>ἔχθιστα</span> <span class='ocrx_word' id='word_1_103' title='bbox 857 1110 1150 1161; x_wconf 80' lang='grc' dir='ltr'>βουλευσάμενος,</span> 
     </span>
     <span class='ocr_line' id='line_1_16' title="bbox 104 1161 1153 1220; baseline 0.01 -22"><span class='ocrx_word' id='word_1_104' title='bbox 104 1161 179 1199; x_wconf 80' lang='grc' dir='ltr'>ἐπεὶ</span> <span class='ocrx_word' id='word_1_105' title='bbox 196 1164 213 1199; x_wconf 88' lang='grc' dir='ltr'>ὁ</span> <span class='ocrx_word' id='word_1_106' title='bbox 235 1163 446 1215; x_wconf 83' lang='grc' dir='ltr'>Μεζάμηρος</span> <span class='ocrx_word' id='word_1_107' title='bbox 463 1164 674 1218; x_wconf 76' lang='grc' dir='ltr'>ὑψηλότερον</span> <span class='ocrx_word' id='word_1_108' title='bbox 695 1165 717 1212; x_wconf 84' lang='grc' dir='ltr'>ἢ</span> <span class='ocrx_word' id='word_1_109' title='bbox 734 1166 826 1204; x_wconf 80' lang='grc' dir='ltr'>κατὰ</span> <span class='ocrx_word' id='word_1_110' title='bbox 847 1168 1065 1220; x_wconf 70' lang='grc' dir='ltr'>πρεσὸευτὴν</span> <span class='ocrx_word' id='word_1_111' title='bbox 1079 1171 1153 1208; x_wconf 90' lang='grc' dir='ltr'>διε-</span> 
     </span>
     <span class='ocr_line' id='line_1_17' title="bbox 103 1215 1152 1279; baseline 0.01 -23"><span class='ocrx_word' id='word_1_112' title='bbox 103 1217 234 1270; x_wconf 85' lang='grc' dir='ltr'>λέγετο,</span> <span class='ocrx_word' id='word_1_113' title='bbox 249 1215 342 1259; x_wconf 68' lang='grc' dir='ltr'>εἶπεν</span> <span class='ocrx_word' id='word_1_114' title='bbox 359 1224 404 1266; x_wconf 85' lang='grc' dir='ltr'>ὡς</span> <span class='ocrx_word' id='word_1_115' title='bbox 417 1222 475 1260; x_wconf 83' lang='grc' dir='ltr'><strong>τὸν</strong></span> <span class='ocrx_word' id='word_1_116' title='bbox 494 1223 657 1274; x_wconf 75' lang='grc' dir='ltr'>Χᾶγανον</span> <span class='ocrx_word' id='word_1_117' title='bbox 673 1240 680 1248; x_wconf 95' lang='grc'><em>·</em></span> <span class='ocrx_word' id='word_1_118' title='bbox 690 1242 705 1259; x_wconf 90' lang='grc'>«</span> <span class='ocrx_word' id='word_1_119' title='bbox 724 1219 835 1270; x_wconf 73' lang='grc' dir='ltr'>Οῧτος</span> <span class='ocrx_word' id='word_1_120' title='bbox 849 1228 866 1264; x_wconf 88' lang='lat'><em>6</em></span> <span class='ocrx_word' id='word_1_121' title='bbox 880 1226 967 1279; x_wconf 82' lang='grc' dir='ltr'>ἀνὴρ</span> <span class='ocrx_word' id='word_1_122' title='bbox 985 1228 1152 1279; x_wconf 85' lang='grc' dir='ltr'>μεγίστην</span> 
     </span>
     <span class='ocr_line' id='line_1_18' title="bbox 103 1278 1152 1340; baseline 0.01 -24"><span class='ocrx_word' id='word_1_123' title='bbox 103 1278 197 1316; x_wconf 85' lang='grc' dir='ltr'>ἐσότι</span> <span class='ocrx_word' id='word_1_124' title='bbox 212 1280 466 1332; x_wconf 75' lang='grc' dir='ltr'>περιὸέὸληται</span> <span class='ocrx_word' id='word_1_125' title='bbox 482 1281 628 1332; x_wconf 87' lang='grc' dir='ltr'>δύναμιν</span> <span class='ocrx_word' id='word_1_126' title='bbox 646 1284 680 1321; x_wconf 79' lang='grc' dir='ltr'><strong>ἓν</strong></span> <span class='ocrx_word' id='word_1_127' title='bbox 701 1282 861 1336; x_wconf 74' lang='grc' dir='ltr'>Ἀνταις,</span> <span class='ocrx_word' id='word_1_128' title='bbox 880 1279 993 1324; x_wconf 71' lang='grc' dir='ltr'>οἷόστε</span> <span class='ocrx_word' id='word_1_129' title='bbox 1020 1286 1152 1340; x_wconf 78' lang='grc' dir='ltr'>πέφυκε</span> 
     </span>
     <span class='ocr_line' id='line_1_19' title="bbox 102 1337 1153 1394; baseline 0.01 -20"><span class='ocrx_word' id='word_1_130' title='bbox 102 1337 195 1375; x_wconf 88' lang='grc' dir='ltr'>κατὰ</span> <span class='ocrx_word' id='word_1_131' title='bbox 213 1341 281 1376; x_wconf 89' lang='grc' dir='ltr'><strong>τῶν</strong></span> <span class='ocrx_word' id='word_1_132' title='bbox 300 1341 458 1378; x_wconf 81' lang='grc' dir='ltr'>ὁπωσοῦν</span> <span class='ocrx_word' id='word_1_133' title='bbox 481 1342 575 1394; x_wconf 83' lang='grc' dir='ltr'>αὐτῷ</span> <span class='ocrx_word' id='word_1_134' title='bbox 591 1342 769 1393; x_wconf 87' lang='grc' dir='ltr'>πολεμίων</span> <span class='ocrx_word' id='word_1_135' title='bbox 790 1344 1066 1386; x_wconf 84' lang='grc' dir='ltr'>ἀντιτάττεσθαι.</span> <span class='ocrx_word' id='word_1_136' title='bbox 1090 1347 1153 1385; x_wconf 82' lang='grc' dir='ltr'><strong>Δεῖ</strong></span> 
     </span>
     <span class='ocr_line' id='line_1_20' title="bbox 101 1400 1152 1452; baseline 0.01 -20"><span class='ocrx_word' id='word_1_137' title='bbox 101 1400 284 1449; x_wconf 77' lang='grc' dir='ltr'>τοιγαροῦν</span> <span class='ocrx_word' id='word_1_138' title='bbox 313 1400 573 1446; x_wconf 77' lang='grc' dir='ltr'>ἀποκτανθῆναι</span> <span class='ocrx_word' id='word_1_139' title='bbox 593 1404 728 1452; x_wconf 77' lang='grc' dir='ltr'>τοῦτον,</span> <span class='ocrx_word' id='word_1_140' title='bbox 755 1401 815 1439; x_wconf 88' lang='grc' dir='ltr'><strong>καὶ</strong></span> <span class='ocrx_word' id='word_1_141' title='bbox 843 1402 880 1441; x_wconf 85' lang='grc' dir='ltr'><strong>τὸ</strong></span> <span class='ocrx_word' id='word_1_142' title='bbox 899 1403 1019 1441; x_wconf 85' lang='grc' dir='ltr'>λοιπὸν</span> <span class='ocrx_word' id='word_1_143' title='bbox 1043 1405 1152 1448; x_wconf 84' lang='grc' dir='ltr'>ἀδεῶς</span> 
     </span>
     <span class='ocr_line' id='line_1_21' title="bbox 102 1454 1151 1514; baseline 0.01 -23"><span class='ocrx_word' id='word_1_144' title='bbox 102 1454 373 1508; x_wconf 83' lang='grc' dir='ltr'>ἐπιδραμεῒσθαι</span> <span class='ocrx_word' id='word_1_145' title='bbox 401 1457 464 1504; x_wconf 83' lang='grc' dir='ltr'><strong>τὴν</strong></span> <span class='ocrx_word' id='word_1_146' title='bbox 486 1458 687 1511; x_wconf 85' lang='grc' dir='ltr'>ἀλλοτρίαν.</span> <span class='ocrx_word' id='word_1_147' title='bbox 721 1478 737 1495; x_wconf 80' lang='lat'><strong>·»</strong></span> <span class='ocrx_word' id='word_1_148' title='bbox 756 1460 878 1514; x_wconf 86' lang='grc' dir='ltr'>Τούτῳ</span> <span class='ocrx_word' id='word_1_149' title='bbox 897 1462 1093 1507; x_wconf 82' lang='grc' dir='ltr'>πεισθέντες</span> <span class='ocrx_word' id='word_1_150' title='bbox 1120 1466 1151 1501; x_wconf 81' lang='grc' dir='ltr'>οἱ</span> 
     </span>
     <span class='ocr_line' id='line_1_22' title="bbox 101 1511 1150 1571; baseline 0.008 -19"><span class='ocrx_word' id='word_1_151' title='bbox 101 1511 248 1566; x_wconf 72' lang='grc' dir='ltr'>Ἄὸαροι</span> <span class='ocrx_word' id='word_1_152' title='bbox 267 1515 519 1568; x_wconf 80' lang='grc' dir='ltr'>παρωσάμενοι</span> <span class='ocrx_word' id='word_1_153' title='bbox 539 1516 601 1563; x_wconf 82' lang='grc' dir='ltr'><strong>τὴν</strong></span> <span class='ocrx_word' id='word_1_154' title='bbox 622 1520 690 1555; x_wconf 90' lang='grc' dir='ltr'><strong>τῶν</strong></span> <span class='ocrx_word' id='word_1_155' title='bbox 709 1519 891 1571; x_wconf 71' lang='grc' dir='ltr'>πρέσὸεων</span> <span class='ocrx_word' id='word_1_156' title='bbox 912 1522 1017 1568; x_wconf 88' lang='grc' dir='ltr'>αἰδῶ,</span> <span class='ocrx_word' id='word_1_157' title='bbox 1036 1524 1071 1560; x_wconf 89' lang='grc' dir='ltr'><strong>ἐν</strong></span> <span class='ocrx_word' id='word_1_158' title='bbox 1091 1525 1150 1560; x_wconf 82' lang='grc' dir='ltr'>οὐ-</span> 
     </span>
     <span class='ocr_line' id='line_1_23' title="bbox 92 1572 1150 1631; baseline 0.01 -22"><span class='ocrx_word' id='word_1_159' title='bbox 92 1572 175 1610; x_wconf 87' lang='grc' dir='ltr'>“δενί</span> <span class='ocrx_word' id='word_1_160' title='bbox 192 1588 229 1610; x_wconf 92' lang='grc' dir='ltr'><strong>τε</strong></span> <span class='ocrx_word' id='word_1_161' title='bbox 244 1573 338 1626; x_wconf 87' lang='grc' dir='ltr'>λόγῳ</span> <span class='ocrx_word' id='word_1_162' title='bbox 356 1574 490 1623; x_wconf 84' lang='grc' dir='ltr'>θέμενοι</span> <span class='ocrx_word' id='word_1_163' title='bbox 504 1574 566 1622; x_wconf 85' lang='grc' dir='ltr'><strong>τὴν</strong></span> <span class='ocrx_word' id='word_1_164' title='bbox 583 1574 696 1623; x_wconf 89' lang='grc' dir='ltr'>δίκην,</span> <span class='ocrx_word' id='word_1_165' title='bbox 715 1578 894 1629; x_wconf 86' lang='grc' dir='ltr'>ἀναιροῦσι</span> <span class='ocrx_word' id='word_1_166' title='bbox 909 1579 967 1617; x_wconf 83' lang='grc' dir='ltr'><strong>τὸν</strong></span> <span class='ocrx_word' id='word_1_167' title='bbox 982 1581 1150 1631; x_wconf 82' lang='grc' dir='ltr'>Μεζάμη-</span> 
     </span>
     <span class='ocr_line' id='line_1_24' title="bbox 103 1630 1149 1691; baseline 0.009 -23"><span class='ocrx_word' id='word_1_168' title='bbox 103 1645 176 1682; x_wconf 91' lang='grc' dir='ltr'>ρον.</span> <span class='ocrx_word' id='word_1_169' title='bbox 199 1630 261 1676; x_wconf 83' lang='grc' dir='ltr'><strong>Ἐξ</strong></span> <span class='ocrx_word' id='word_1_170' title='bbox 291 1632 422 1671; x_wconf 85' lang='grc' dir='ltr'>ἐκείνου</span> <span class='ocrx_word' id='word_1_171' title='bbox 445 1633 550 1672; x_wconf 83' lang='grc' dir='ltr'>πλέον</span> <span class='ocrx_word' id='word_1_172' title='bbox 582 1633 604 1680; x_wconf 83' lang='grc' dir='ltr'>ἢ</span> <span class='ocrx_word' id='word_1_173' title='bbox 634 1634 800 1688; x_wconf 88' lang='grc' dir='ltr'>πρότερον</span> <span class='ocrx_word' id='word_1_174' title='bbox 834 1636 974 1686; x_wconf 84' lang='grc' dir='ltr'>ἔτεμνον</span> <span class='ocrx_word' id='word_1_175' title='bbox 994 1638 1057 1686; x_wconf 85' lang='grc' dir='ltr'><strong>τὴν</strong></span> <span class='ocrx_word' id='word_1_176' title='bbox 1086 1643 1149 1691; x_wconf 69' lang='grc' dir='ltr'><strong>γῆν</strong></span> 
     </span>
     <span class='ocr_line' id='line_1_25' title="bbox 102 1689 1149 1746; baseline 0.01 -20"><span class='ocrx_word' id='word_1_177' title='bbox 102 1690 171 1727; x_wconf 85' lang='grc' dir='ltr'><strong>τῶν</strong></span> <span class='ocrx_word' id='word_1_178' title='bbox 206 1689 344 1738; x_wconf 85' lang='grc' dir='ltr'>Ἀντῶν,</span> <span class='ocrx_word' id='word_1_179' title='bbox 374 1690 434 1729; x_wconf 72' lang='grc' dir='ltr'><strong>καὶ</strong></span> <span class='ocrx_word' id='word_1_180' title='bbox 464 1694 526 1730; x_wconf 79' lang='grc' dir='ltr'><strong>οὐκ</strong></span> <span class='ocrx_word' id='word_1_181' title='bbox 559 1692 699 1731; x_wconf 87' lang='grc' dir='ltr'>ἀνίεσαν</span> <span class='ocrx_word' id='word_1_182' title='bbox 730 1695 1057 1746; x_wconf 76' lang='grc' dir='ltr'>ἀνδραποδιζόμενοι</span> <span class='ocrx_word' id='word_1_183' title='bbox 1089 1698 1149 1736; x_wconf 84' lang='grc' dir='ltr'><strong>καὶ</strong></span> 
     </span>
     <span class='ocr_line' id='line_1_26' title="bbox 103 1746 618 1802; baseline 0.01 -18"><span class='ocrx_word' id='word_1_184' title='bbox 103 1746 242 1799; x_wconf 82' lang='grc' dir='ltr'>ἄγοντές</span> <span class='ocrx_word' id='word_1_185' title='bbox 256 1765 294 1788; x_wconf 93' lang='grc' dir='ltr'><strong>τε</strong></span> <span class='ocrx_word' id='word_1_186' title='bbox 310 1749 369 1788; x_wconf 87' lang='grc' dir='ltr'><strong>καὶ</strong></span> <span class='ocrx_word' id='word_1_187' title='bbox 385 1749 555 1802; x_wconf 77' lang='grc' dir='ltr'>φέροντες.</span> <span class='ocrx_word' id='word_1_188' title='bbox 615 1750 618 1752; x_wconf 66' lang='grc'><strong>’</strong></span> 
     </span>
    </p>

    <p class='ocr_par' dir='ltr' id='par_1_3' title="bbox 606 1836 642 1868">
     <span class='ocr_line' id='line_1_27' title="bbox 606 1836 642 1868; baseline 0 -10"><span class='ocrx_word' id='word_1_189' title='bbox 606 1836 642 1868; x_wconf 91' lang='lat'><strong>7.</strong></span> 
     </span>
    </p>

    <p class='ocr_par' dir='ltr' id='par_1_4' title="bbox 86 1898 1150 2479">
     <span class='ocr_line' id='line_1_28' title="bbox 152 1898 1150 1953; baseline 0.008 -19"><span class='ocrx_word' id='word_1_190' title='bbox 152 1899 288 1935; x_wconf 85' lang='lat' dir='ltr'><strong>Suidas</strong></span> <span class='ocrx_word' id='word_1_191' title='bbox 308 1911 317 1937; x_wconf 91' lang='lat'><strong>:</strong></span> <span class='ocrx_word' id='word_1_192' title='bbox 335 1900 508 1951; x_wconf 75' lang='grc' dir='ltr'>Θρᾷκες</span> <span class='ocrx_word' id='word_1_193' title='bbox 524 1898 655 1953; x_wconf 80' lang='grc' dir='ltr'>ὅρκια</span> <span class='ocrx_word' id='word_1_194' title='bbox 674 1902 747 1939; x_wconf 75' lang='grc' dir='ltr'><strong>οὐκ</strong></span> <span class='ocrx_word' id='word_1_195' title='bbox 767 1901 1040 1942; x_wconf 83' lang='grc' dir='ltr'>ἐπίστανται.</span> <span class='ocrx_word' id='word_1_196' title='bbox 1056 1903 1150 1942; x_wconf 88' lang='grc' dir='ltr'>Ταύ-</span> 
     </span>
     <span class='ocr_line' id='line_1_29' title="bbox 98 1956 1147 2015; baseline 0.008 -22"><span class='ocrx_word' id='word_1_197' title='bbox 98 1971 161 2001; x_wconf 87' lang='grc' dir='ltr'>της</span> <span class='ocrx_word' id='word_1_198' title='bbox 180 1956 356 2007; x_wconf 87' lang='grc' dir='ltr'>μέμνηται</span> <span class='ocrx_word' id='word_1_199' title='bbox 374 1957 519 1996; x_wconf 85' lang='grc' dir='ltr'>Μέναν</span> <span class='ocrx_word' id='word_1_200' title='bbox 532 1959 632 2011; x_wconf 81' lang='grc' dir='ltr'>δρος</span> <span class='ocrx_word' id='word_1_201' title='bbox 652 1961 691 1997; x_wconf 87' lang='grc' dir='ltr'><strong>ἐν</strong></span> <span class='ocrx_word' id='word_1_202' title='bbox 711 1962 762 2012; x_wconf 78' lang='grc' dir='ltr'><strong>τῇ</strong></span> <span class='ocrx_word' id='word_1_203' title='bbox 777 1961 939 2014; x_wconf 85' lang='grc' dir='ltr'>πρώτῃ.</span> <span class='ocrx_word' id='word_1_204' title='bbox 962 1962 1067 2014; x_wconf 85' lang='grc' dir='ltr'>Λέγει</span> <span class='ocrx_word' id='word_1_205' title='bbox 1081 1964 1147 2015; x_wconf 85' lang='grc' dir='ltr'><strong>γὰρ</strong></span> 
     </span>
     <span class='ocr_line' id='line_1_30' title="bbox 98 2014 1148 2072; baseline 0.007 -20"><span class='ocrx_word' id='word_1_206' title='bbox 98 2014 151 2052; x_wconf 80' lang='grc' dir='ltr'><strong>ὅτι</strong></span> <span class='ocrx_word' id='word_1_207' title='bbox 172 2017 207 2052; x_wconf 90' lang='grc' dir='ltr'><strong>ἐν</strong></span> <span class='ocrx_word' id='word_1_208' title='bbox 228 2017 338 2068; x_wconf 83' lang='grc' dir='ltr'>ταύτῃ</span> <span class='ocrx_word' id='word_1_209' title='bbox 355 2019 398 2069; x_wconf 82' lang='grc' dir='ltr'><strong>τῇ</strong></span> <span class='ocrx_word' id='word_1_210' title='bbox 419 2020 464 2069; x_wconf 80' lang='grc' dir='ltr'><strong>γῇ</strong></span> <span class='ocrx_word' id='word_1_211' title='bbox 482 2017 653 2070; x_wconf 72' lang='grc' dir='ltr'>πρεσὸεύς</span> <span class='ocrx_word' id='word_1_212' title='bbox 669 2034 718 2062; x_wconf 93' lang='grc' dir='ltr'><strong>τις</strong></span> <span class='ocrx_word' id='word_1_213' title='bbox 743 2021 782 2070; x_wconf 85' lang='lat'><strong>(6</strong></span> <span class='ocrx_word' id='word_1_214' title='bbox 799 2020 1039 2072; x_wconf 68' lang='grc' dir='ltr'>πρεσὸύτατος</span> <span class='ocrx_word' id='word_1_215' title='bbox 1059 2024 1148 2059; x_wconf 87' lang='lat' dir='ltr'>libri</span> 
     </span>
     <span class='ocr_line' id='line_1_31' title="bbox 98 2074 1147 2123; baseline 0.008 -14"><span class='ocrx_word' id='word_1_216' title='bbox 98 2074 205 2123; x_wconf 80' lang='lat' dir='ltr'><strong>opt.)</strong></span> <span class='ocrx_word' id='word_1_217' title='bbox 223 2074 435 2118; x_wconf 84' lang='grc' dir='ltr'>ἀκοντισθεὶς</span> <span class='ocrx_word' id='word_1_218' title='bbox 449 2074 506 2112; x_wconf 87' lang='grc' dir='ltr'><strong>διὰ</strong></span> <span class='ocrx_word' id='word_1_219' title='bbox 519 2078 579 2112; x_wconf 85' lang='grc' dir='ltr'><strong>τοῦ</strong></span> <span class='ocrx_word' id='word_1_220' title='bbox 598 2075 742 2122; x_wconf 83' lang='grc' dir='ltr'>στήθους</span> <span class='ocrx_word' id='word_1_221' title='bbox 760 2078 920 2116; x_wconf 77' lang='grc' dir='ltr'>ἀπώλετο</span> <span class='ocrx_word' id='word_1_222' title='bbox 932 2094 940 2102; x_wconf 85' lang='grc'><em>·</em></span> <span class='ocrx_word' id='word_1_223' title='bbox 959 2078 1017 2116; x_wconf 78' lang='grc' dir='ltr'><strong>καὶ</strong></span> <span class='ocrx_word' id='word_1_224' title='bbox 1034 2080 1147 2117; x_wconf 83' lang='grc' dir='ltr'>ἐντεῦ-</span> 
     </span>
     <span class='ocr_line' id='line_1_32' title="bbox 97 2131 1148 2190; baseline 0.007 -21"><span class='ocrx_word' id='word_1_225' title='bbox 97 2136 152 2170; x_wconf 85' lang='grc' dir='ltr'><strong>θεν</strong></span> <span class='ocrx_word' id='word_1_226' title='bbox 179 2131 280 2172; x_wconf 81' lang='grc' dir='ltr'>Ἴωσι</span> <span class='ocrx_word' id='word_1_227' title='bbox 312 2133 372 2170; x_wconf 85' lang='grc' dir='ltr'><strong>καὶ</strong></span> <span class='ocrx_word' id='word_1_228' title='bbox 399 2135 583 2172; x_wconf 75' lang='grc' dir='ltr'>Αἰολεῦσιν</span> <span class='ocrx_word' id='word_1_229' title='bbox 618 2134 763 2185; x_wconf 86' lang='grc' dir='ltr'>αἴνιγμα</span> <span class='ocrx_word' id='word_1_230' title='bbox 790 2135 940 2188; x_wconf 84' lang='grc' dir='ltr'>ἐγένετο·</span> <span class='ocrx_word' id='word_1_231' title='bbox 958 2155 973 2171; x_wconf 86' lang='lat'>«</span> <span class='ocrx_word' id='word_1_232' title='bbox 1007 2139 1148 2190; x_wconf 74' lang='grc' dir='ltr'>Θρᾷκες</span> 
     </span>
     <span class='ocr_line' id='line_1_33' title="bbox 97 2191 1146 2245; baseline 0.005 -17"><span class='ocrx_word' id='word_1_233' title='bbox 97 2191 269 2244; x_wconf 81' lang='grc' dir='ltr'>ὃρκιαοῦκ</span> <span class='ocrx_word' id='word_1_234' title='bbox 286 2191 506 2230; x_wconf 85' lang='grc' dir='ltr'>ἐπίστανται.</span> <span class='ocrx_word' id='word_1_235' title='bbox 526 2210 540 2225; x_wconf 88' lang='grc'><strong><em>»</em></strong></span> <span class='ocrx_word' id='word_1_236' title='bbox 557 2195 698 2230; x_wconf 85' lang='lat' dir='ltr'><strong>Eadem</strong></span> <span class='ocrx_word' id='word_1_237' title='bbox 710 2196 887 2244; x_wconf 85' lang='lat' dir='ltr'><strong>leguntur</strong></span> <span class='ocrx_word' id='word_1_238' title='bbox 905 2197 1008 2245; x_wconf 85' lang='lat' dir='ltr'><strong>apud</strong></span> <span class='ocrx_word' id='word_1_239' title='bbox 1021 2199 1146 2233; x_wconf 86' lang='lat' dir='ltr'><strong>Zeno-</strong></span> 
     </span>
     <span class='ocr_line' id='line_1_34' title="bbox 96 2251 1149 2302; baseline 0.005 -15"><span class='ocrx_word' id='word_1_240' title='bbox 96 2252 203 2287; x_wconf 85' lang='lat' dir='ltr'><strong>bium</strong></span> <span class='ocrx_word' id='word_1_241' title='bbox 222 2254 285 2297; x_wconf 88' lang='lat' dir='ltr'><strong>IV,</strong></span> <span class='ocrx_word' id='word_1_242' title='bbox 307 2251 354 2288; x_wconf 82' lang='lat'><strong>32</strong></span> <span class='ocrx_word' id='word_1_243' title='bbox 379 2260 416 2288; x_wconf 92' lang='lat' dir='ltr'><strong>et</strong></span> <span class='ocrx_word' id='word_1_244' title='bbox 432 2253 623 2288; x_wconf 89' lang='lat' dir='ltr'><strong>Photium.</strong></span> <span class='ocrx_word' id='word_1_245' title='bbox 640 2255 724 2289; x_wconf 90' lang='lat' dir='ltr'><strong>Jam</strong></span> <span class='ocrx_word' id='word_1_246' title='bbox 739 2267 856 2302; x_wconf 91' lang='lat' dir='ltr'><strong>quum</strong></span> <span class='ocrx_word' id='word_1_247' title='bbox 873 2257 1061 2291; x_wconf 83' lang='lat' dir='ltr'><strong>Zenobius</strong></span> <span class='ocrx_word' id='word_1_248' title='bbox 1077 2259 1149 2292; x_wconf 87' lang='lat' dir='ltr'><strong>Ha-</strong></span> 
     </span>
     <span class='ocr_line' id='line_1_35' title="bbox 99 2311 1148 2362; baseline 0.006 -17"><span class='ocrx_word' id='word_1_249' title='bbox 99 2311 222 2346; x_wconf 88' lang='lat' dir='ltr'><strong>driani</strong></span> <span class='ocrx_word' id='word_1_250' title='bbox 242 2318 414 2359; x_wconf 87' lang='lat' dir='ltr'><strong>tempore</strong></span> <span class='ocrx_word' id='word_1_251' title='bbox 434 2312 589 2357; x_wconf 85' lang='lat' dir='ltr'><strong>vixerit,</strong></span> <span class='ocrx_word' id='word_1_252' title='bbox 609 2325 687 2348; x_wconf 89' lang='lat' dir='ltr'><strong>non</strong></span> <span class='ocrx_word' id='word_1_253' title='bbox 704 2326 814 2362; x_wconf 88' lang='lat' dir='ltr'><strong>posse</strong></span> <span class='ocrx_word' id='word_1_254' title='bbox 834 2314 1031 2350; x_wconf 79' lang='lat' dir='ltr'>Menandri</span> <span class='ocrx_word' id='word_1_255' title='bbox 1047 2328 1148 2351; x_wconf 88' lang='lat' dir='ltr'><strong>men-</strong></span> 
     </span>
     <span class='ocr_line' id='line_1_36' title="bbox 86 2361 1146 2421; baseline 0.006 -18"><span class='ocrx_word' id='word_1_256' title='bbox 86 2361 238 2404; x_wconf 77' lang='lat' dir='ltr'><strong>tionem</strong></span> <span class='ocrx_word' id='word_1_257' title='bbox 273 2369 322 2404; x_wconf 88' lang='lat' dir='ltr'><strong>ad</strong></span> <span class='ocrx_word' id='word_1_258' title='bbox 355 2377 529 2405; x_wconf 86' lang='lat' dir='ltr'><strong>nostrum</strong></span> <span class='ocrx_word' id='word_1_259' title='bbox 562 2372 787 2419; x_wconf 85' lang='lat' dir='ltr'>scriptorem</span> <span class='ocrx_word' id='word_1_260' title='bbox 827 2374 1018 2421; x_wconf 86' lang='lat' dir='ltr'><strong>pertinere</strong></span> <span class='ocrx_word' id='word_1_261' title='bbox 1031 2400 1042 2418; x_wconf 88' lang='lat'>‚</span> <span class='ocrx_word' id='word_1_262' title='bbox 1079 2374 1146 2409; x_wconf 87' lang='lat' dir='ltr'><strong>sed</strong></span> 
     </span>
     <span class='ocr_line' id='line_1_37' title="bbox 95 2427 1145 2479; baseline 0.005 -17"><span class='ocrx_word' id='word_1_263' title='bbox 95 2427 344 2466; x_wconf 86' lang='lat' dir='ltr'>Menandrum</span> <span class='ocrx_word' id='word_1_264' title='bbox 355 2429 558 2476; x_wconf 86' lang='lat' dir='ltr'><strong>Ephesium</strong></span> <span class='ocrx_word' id='word_1_265' title='bbox 569 2430 627 2465; x_wconf 89' lang='lat' dir='ltr'><strong>vel</strong></span> <span class='ocrx_word' id='word_1_266' title='bbox 639 2430 755 2465; x_wconf 88' lang='lat' dir='ltr'><strong>alium</strong></span> <span class='ocrx_word' id='word_1_267' title='bbox 766 2431 1054 2479; x_wconf 82' lang='lat' dir='ltr'><strong>intelligendum</strong></span> <span class='ocrx_word' id='word_1_268' title='bbox 1068 2444 1145 2468; x_wconf 88' lang='lat' dir='ltr'><strong>esse</strong></span> 
     </span>
    </p>
   </div>
   <div class='ocr_carea' id='block_1_3' title="bbox 838 233 1493 282">
    <p class='ocr_par' dir='ltr' id='par_1_5' title="bbox 838 233 1493 282">
     <span class='ocr_line' id='line_1_38' title="bbox 838 233 1493 282; baseline 0.02 -12"><span class='ocrx_word' id='word_1_269' title='bbox 838 233 1113 274; x_wconf 82' lang='lat' dir='ltr'><strong>MENANDRI</strong></span> <span class='ocrx_word' id='word_1_270' title='bbox 1147 237 1493 282; x_wconf 83' lang='lat' dir='ltr'>PROTECTORIS</span> 
     </span>
    </p>
   </div>
   <div class='ocr_carea' id='block_1_4' title="bbox 1214 333 2257 1191">
    <p class='ocr_par' dir='ltr' id='par_1_6' title="bbox 1214 333 2257 1191">
     <span class='ocr_line' id='line_1_39' title="bbox 1219 333 2256 389; baseline 0.016 -26"><span class='ocrx_word' id='word_1_271' title='bbox 1219 338 1348 366; x_wconf 89' lang='lat' dir='ltr'><strong>monet</strong></span> <span class='ocrx_word' id='word_1_272' title='bbox 1366 333 1665 372; x_wconf 77' lang='lat' dir='ltr'><strong>Hemsterhusius</strong></span> <span class='ocrx_word' id='word_1_273' title='bbox 1676 336 1725 372; x_wconf 86' lang='lat' dir='ltr'><strong>ad</strong></span> <span class='ocrx_word' id='word_1_274' title='bbox 1735 337 1855 384; x_wconf 85' lang='lat' dir='ltr'><strong>Suid.,</strong></span> <span class='ocrx_word' id='word_1_275' title='bbox 1877 338 2102 389; x_wconf 74' lang='lat' dir='ltr'><strong>suffragante</strong></span> <span class='ocrx_word' id='word_1_276' title='bbox 2119 343 2256 380; x_wconf 84' lang='lat' dir='ltr'><strong>Meine-</strong></span> 
     </span>
     <span class='ocr_line' id='line_1_40' title="bbox 1219 385 2254 446; baseline 0.015 -25"><span class='ocrx_word' id='word_1_277' title='bbox 1219 385 1282 423; x_wconf 84' lang='lat' dir='ltr'><strong>kio</strong></span> <span class='ocrx_word' id='word_1_278' title='bbox 1310 389 1349 424; x_wconf 89' lang='lat' dir='ltr'><strong>in</strong></span> <span class='ocrx_word' id='word_1_279' title='bbox 1367 391 1467 426; x_wconf 88' lang='lat' dir='ltr'><strong>Men.</strong></span> <span class='ocrx_word' id='word_1_280' title='bbox 1493 404 1591 430; x_wconf 89' lang='lat' dir='ltr'><strong>com.</strong></span> <span class='ocrx_word' id='word_1_281' title='bbox 1612 407 1652 442; x_wconf 91' lang='lat' dir='ltr'><strong>p.</strong></span> <span class='ocrx_word' id='word_1_282' title='bbox 1675 394 1724 431; x_wconf 91' lang='lat'><strong>60</strong></span> <span class='ocrx_word' id='word_1_283' title='bbox 1745 403 1782 431; x_wconf 89' lang='lat' dir='ltr'><strong>et</strong></span> <span class='ocrx_word' id='word_1_284' title='bbox 1807 397 2064 446; x_wconf 86' lang='lat' dir='ltr'><strong>Bernhardyo.</strong></span> <span class='ocrx_word' id='word_1_285' title='bbox 2085 399 2254 437; x_wconf 79' lang='lat' dir='ltr'><strong>Attamen</strong></span> 
     </span>
     <span class='ocr_line' id='line_1_41' title="bbox 1218 446 2256 504; baseline 0.016 -25"><span class='ocrx_word' id='word_1_286' title='bbox 1218 446 1355 482; x_wconf 80' lang='lat' dir='ltr'><strong>mirum</strong></span> <span class='ocrx_word' id='word_1_287' title='bbox 1375 455 1429 484; x_wconf 89' lang='lat' dir='ltr'><strong>est</strong></span> <span class='ocrx_word' id='word_1_288' title='bbox 1445 451 1695 488; x_wconf 82' lang='lat' dir='ltr'><strong>Menandrum</strong></span> <span class='ocrx_word' id='word_1_289' title='bbox 1717 461 1900 490; x_wconf 79' lang='lat' dir='ltr'><strong>nostrum</strong></span> <span class='ocrx_word' id='word_1_290' title='bbox 1915 456 1953 490; x_wconf 89' lang='lat' dir='ltr'><strong>in</strong></span> <span class='ocrx_word' id='word_1_291' title='bbox 1982 457 2108 504; x_wconf 85' lang='lat' dir='ltr'><strong>primo</strong></span> <span class='ocrx_word' id='word_1_292' title='bbox 2129 460 2256 495; x_wconf 85' lang='lat' dir='ltr'><strong>Histo-</strong></span> 
     </span>
     <span class='ocr_line' id='line_1_42' title="bbox 1217 504 2256 564; baseline 0.013 -26"><span class='ocrx_word' id='word_1_293' title='bbox 1217 504 1359 540; x_wconf 82' lang='lat' dir='ltr'><strong>riarum</strong></span> <span class='ocrx_word' id='word_1_294' title='bbox 1375 507 1474 543; x_wconf 87' lang='lat' dir='ltr'><strong>libro</strong></span> <span class='ocrx_word' id='word_1_295' title='bbox 1491 509 1656 558; x_wconf 86' lang='lat' dir='ltr'><strong>legatum</strong></span> <span class='ocrx_word' id='word_1_296' title='bbox 1667 513 1850 548; x_wconf 84' lang='lat' dir='ltr'><strong>Antarum</strong></span> <span class='ocrx_word' id='word_1_297' title='bbox 1861 521 1995 550; x_wconf 87' lang='lat' dir='ltr'><strong>contra</strong></span> <span class='ocrx_word' id='word_1_298' title='bbox 2008 514 2062 550; x_wconf 86' lang='lat' dir='ltr'><strong>sas</strong></span> <span class='ocrx_word' id='word_1_299' title='bbox 2077 517 2256 564; x_wconf 83' lang='lat' dir='ltr'><strong>gentium-</strong></span> 
     </span>
     <span class='ocr_line' id='line_1_43' title="bbox 1218 562 2257 623; baseline 0.014 -26"><span class='ocrx_word' id='word_1_300' title='bbox 1218 575 1292 610; x_wconf 87' lang='lat' dir='ltr'><strong>que</strong></span> <span class='ocrx_word' id='word_1_301' title='bbox 1311 562 1374 610; x_wconf 86' lang='lat' dir='ltr'><strong>J&#39;us</strong></span> <span class='ocrx_word' id='word_1_302' title='bbox 1393 568 1559 603; x_wconf 86' lang='lat' dir='ltr'><strong>occisum</strong></span> <span class='ocrx_word' id='word_1_303' title='bbox 1582 580 1748 606; x_wconf 87' lang='lat' dir='ltr'><strong>narrasse</strong></span> <span class='ocrx_word' id='word_1_304' title='bbox 1773 570 1831 623; x_wconf 89' lang='lat' dir='ltr'><strong>(v.</strong></span> <span class='ocrx_word' id='word_1_305' title='bbox 1853 571 1899 611; x_wconf 88' lang='lat' dir='ltr'><strong>fr.</strong></span> <span class='ocrx_word' id='word_1_306' title='bbox 1923 571 1984 620; x_wconf 87' lang='lat'><strong>6).</strong></span> <span class='ocrx_word' id='word_1_307' title='bbox 2005 573 2090 619; x_wconf 85' lang='lat' dir='ltr'><strong>Quo</strong></span> <span class='ocrx_word' id='word_1_308' title='bbox 2109 575 2257 612; x_wconf 84' lang='lat' dir='ltr'><strong>accedit</strong></span> 
     </span>
     <span class='ocr_line' id='line_1_44' title="bbox 1218 622 2253 672; baseline 0.014 -16"><span class='ocrx_word' id='word_1_309' title='bbox 1218 622 1324 669; x_wconf 91' lang='lat' dir='ltr'><strong>quod</strong></span> <span class='ocrx_word' id='word_1_310' title='bbox 1334 624 1437 672; x_wconf 92' lang='lat' dir='ltr'><strong>apud</strong></span> <span class='ocrx_word' id='word_1_311' title='bbox 1449 627 1662 663; x_wconf 89' lang='lat' dir='ltr'><strong>Zenobium</strong></span> <span class='ocrx_word' id='word_1_312' title='bbox 1674 636 1712 664; x_wconf 89' lang='lat' dir='ltr'><strong>et</strong></span> <span class='ocrx_word' id='word_1_313' title='bbox 1720 630 1898 665; x_wconf 89' lang='lat' dir='ltr'><strong>Photium</strong></span> <span class='ocrx_word' id='word_1_314' title='bbox 1908 638 1945 666; x_wconf 84' lang='lat' dir='ltr'><strong>et</strong></span> <span class='ocrx_word' id='word_1_315' title='bbox 1958 631 1997 666; x_wconf 89' lang='lat' dir='ltr'><strong>in</strong></span> <span class='ocrx_word' id='word_1_316' title='bbox 2011 632 2124 668; x_wconf 86' lang='lat' dir='ltr'><strong>Suida</strong></span> <span class='ocrx_word' id='word_1_317' title='bbox 2142 634 2253 671; x_wconf 89' lang='lat' dir='ltr'><strong>codd.</strong></span> 
     </span>
     <span class='ocr_line' id='line_1_45' title="bbox 1218 681 2256 740; baseline 0.013 -26"><span class='ocrx_word' id='word_1_318' title='bbox 1218 681 1354 727; x_wconf 91' lang='lat' dir='ltr'><strong>optimi</strong></span> <span class='ocrx_word' id='word_1_319' title='bbox 1371 682 1542 730; x_wconf 78' lang='lat' dir='ltr'><strong>praebent</strong></span> <span class='ocrx_word' id='word_1_320' title='bbox 1564 684 1621 720; x_wconf 73' lang='grc' dir='ltr'><strong>εέν</strong></span> <span class='ocrx_word' id='word_1_321' title='bbox 1647 683 1755 736; x_wconf 83' lang='grc' dir='ltr'>ταύτῃ</span> <span class='ocrx_word' id='word_1_322' title='bbox 1783 689 1826 738; x_wconf 83' lang='grc' dir='ltr'><strong>τῇ</strong></span> <span class='ocrx_word' id='word_1_323' title='bbox 1845 689 1890 738; x_wconf 80' lang='grc' dir='ltr'><strong>γῇ</strong></span> <span class='ocrx_word' id='word_1_324' title='bbox 1910 690 1928 725; x_wconf 81' lang='grc' dir='ltr'><strong><em>ὃ</em></strong></span> <span class='ocrx_word' id='word_1_325' title='bbox 1949 687 2256 740; x_wconf 74' lang='grc' dir='ltr'>πρεσὸύτατος</span> 
     </span>
     <span class='ocr_line' id='line_1_46' title="bbox 1217 737 2254 796; baseline 0.012 -23"><span class='ocrx_word' id='word_1_326' title='bbox 1217 737 1276 774; x_wconf 81' lang='grc' dir='ltr'>ἀκ,</span> <span class='ocrx_word' id='word_1_327' title='bbox 1302 740 1392 786; x_wconf 82' lang='lat' dir='ltr'><strong>Quae</strong></span> <span class='ocrx_word' id='word_1_328' title='bbox 1419 741 1532 777; x_wconf 89' lang='lat' dir='ltr'><strong>lectio</strong></span> <span class='ocrx_word' id='word_1_329' title='bbox 1563 755 1682 791; x_wconf 90' lang='lat' dir='ltr'><strong>quum</strong></span> <span class='ocrx_word' id='word_1_330' title='bbox 1701 753 1830 793; x_wconf 86' lang='lat' dir='ltr'><strong>aperte</strong></span> <span class='ocrx_word' id='word_1_331' title='bbox 1848 748 1896 782; x_wconf 88' lang='lat' dir='ltr'><strong>sit</strong></span> <span class='ocrx_word' id='word_1_332' title='bbox 1915 755 2112 796; x_wconf 88' lang='lat' dir='ltr'><strong>corrupta,</strong></span> <span class='ocrx_word' id='word_1_333' title='bbox 2137 761 2158 784; x_wconf 91' lang='lat' dir='ltr'><strong>e</strong></span> <span class='ocrx_word' id='word_1_334' title='bbox 2176 750 2254 786; x_wconf 89' lang='lat' dir='ltr'><strong>Me-</strong></span> 
     </span>
     <span class='ocr_line' id='line_1_47' title="bbox 1215 798 2256 858; baseline 0.012 -27"><span class='ocrx_word' id='word_1_335' title='bbox 1215 798 1362 833; x_wconf 86' lang='lat' dir='ltr'><strong>nandro</strong></span> <span class='ocrx_word' id='word_1_336' title='bbox 1382 799 1604 837; x_wconf 87' lang='lat' dir='ltr'><strong>Protectore</strong></span> <span class='ocrx_word' id='word_1_337' title='bbox 1626 802 1734 839; x_wconf 89' lang='lat' dir='ltr'><strong>facile</strong></span> <span class='ocrx_word' id='word_1_338' title='bbox 1751 806 1870 852; x_wconf 88' lang='lat' dir='ltr'><strong>possit</strong></span> <span class='ocrx_word' id='word_1_339' title='bbox 1895 807 2035 854; x_wconf 81' lang='lat' dir='ltr'>corrigi</span> <span class='ocrx_word' id='word_1_340' title='bbox 2054 807 2095 841; x_wconf 93' lang='lat' dir='ltr'><strong>in</strong></span> <span class='ocrx_word' id='word_1_341' title='bbox 2123 807 2141 842; x_wconf 84' lang='lat'><em>6</em></span> <span class='ocrx_word' id='word_1_342' title='bbox 2172 821 2256 858; x_wconf 77' lang='grc' dir='ltr'>πρε-</span> 
     </span>
     <span class='ocr_line' id='line_1_48' title="bbox 1216 853 2254 911; baseline 0.012 -20"><span class='ocrx_word' id='word_1_343' title='bbox 1216 853 1318 898; x_wconf 64' lang='lat' dir='ltr'><strong>cest&lt;</strong></span> <span class='ocrx_word' id='word_1_344' title='bbox 1343 858 1400 894; x_wconf 89' lang='lat' dir='ltr'><strong>vel</strong></span> <span class='ocrx_word' id='word_1_345' title='bbox 1418 857 1632 908; x_wconf 73' lang='grc' dir='ltr'>πρεσὸευτὴς</span> <span class='ocrx_word' id='word_1_346' title='bbox 1660 859 1800 899; x_wconf 88' lang='grc' dir='ltr'>Ἀντῶν.</span> <span class='ocrx_word' id='word_1_347' title='bbox 1824 865 1948 911; x_wconf 82' lang='lat' dir='ltr'><strong>Quare</strong></span> <span class='ocrx_word' id='word_1_348' title='bbox 1966 866 2094 901; x_wconf 90' lang='lat' dir='ltr'><strong>nescio</strong></span> <span class='ocrx_word' id='word_1_349' title='bbox 2112 878 2161 902; x_wconf 89' lang='lat' dir='ltr'><strong>an</strong></span> <span class='ocrx_word' id='word_1_350' title='bbox 2175 867 2254 903; x_wconf 88' lang='lat' dir='ltr'><strong>Me·</strong></span> 
     </span>
     <span class='ocr_line' id='line_1_49' title="bbox 1215 915 2256 971; baseline 0.012 -22"><span class='ocrx_word' id='word_1_351' title='bbox 1215 915 1352 951; x_wconf 87' lang='lat' dir='ltr'><strong>nandri</strong></span> <span class='ocrx_word' id='word_1_352' title='bbox 1370 919 1489 953; x_wconf 80' lang='lat' dir='ltr'><strong>nostri</strong></span> <span class='ocrx_word' id='word_1_353' title='bbox 1514 921 1656 955; x_wconf 89' lang='lat' dir='ltr'><strong>mentio</strong></span> <span class='ocrx_word' id='word_1_354' title='bbox 1682 921 1722 956; x_wconf 92' lang='lat' dir='ltr'><strong>in</strong></span> <span class='ocrx_word' id='word_1_355' title='bbox 1741 922 1875 958; x_wconf 87' lang='lat' dir='ltr'><strong>codice</strong></span> <span class='ocrx_word' id='word_1_356' title='bbox 1895 924 2022 971; x_wconf 90' lang='lat' dir='ltr'><strong>aliquo</strong></span> <span class='ocrx_word' id='word_1_357' title='bbox 2045 925 2204 960; x_wconf 90' lang='lat' dir='ltr'><strong>Zenobii</strong></span> <span class='ocrx_word' id='word_1_358' title='bbox 2235 938 2256 962; x_wconf 90' lang='lat' dir='ltr'><strong>e</strong></span> 
     </span>
     <span class='ocr_line' id='line_1_50' title="bbox 1214 975 2257 1031; baseline 0.012 -23"><span class='ocrx_word' id='word_1_359' title='bbox 1214 975 1383 1023; x_wconf 82' lang='lat' dir='ltr'><strong>margine</strong></span> <span class='ocrx_word' id='word_1_360' title='bbox 1398 976 1439 1011; x_wconf 89' lang='lat' dir='ltr'><strong>in</strong></span> <span class='ocrx_word' id='word_1_361' title='bbox 1457 983 1601 1013; x_wconf 83' lang='lat' dir='ltr'><strong>textum</strong></span> <span class='ocrx_word' id='word_1_362' title='bbox 1616 979 1828 1028; x_wconf 81' lang='lat' dir='ltr'><strong>irrepserit3</strong></span> <span class='ocrx_word' id='word_1_363' title='bbox 1844 988 1958 1029; x_wconf 89' lang='lat' dir='ltr'><strong>atque</strong></span> <span class='ocrx_word' id='word_1_364' title='bbox 1977 994 2022 1018; x_wconf 91' lang='lat' dir='ltr'><strong>eo</strong></span> <span class='ocrx_word' id='word_1_365' title='bbox 2040 983 2124 1031; x_wconf 92' lang='lat' dir='ltr'><strong>ipso</strong></span> <span class='ocrx_word' id='word_1_366' title='bbox 2141 985 2257 1020; x_wconf 89' lang='lat' dir='ltr'><strong>Zeno-</strong></span> 
     </span>
     <span class='ocr_line' id='line_1_51' title="bbox 1214 1032 2253 1091; baseline 0.012 -24"><span class='ocrx_word' id='word_1_367' title='bbox 1214 1032 1270 1067; x_wconf 89' lang='lat' dir='ltr'><strong>bii</strong></span> <span class='ocrx_word' id='word_1_368' title='bbox 1302 1033 1348 1069; x_wconf 86' lang='lat' dir='ltr'><strong>de</strong></span> <span class='ocrx_word' id='word_1_369' title='bbox 1366 1034 1441 1071; x_wconf 89' lang='lat' dir='ltr'><strong>hoc</strong></span> <span class='ocrx_word' id='word_1_370' title='bbox 1460 1037 1669 1084; x_wconf 85' lang='lat' dir='ltr'><strong>proverbio</strong></span> <span class='ocrx_word' id='word_1_371' title='bbox 1689 1040 1875 1087; x_wconf 82' lang='lat' dir='ltr'><strong>expositio</strong></span> <span class='ocrx_word' id='word_1_372' title='bbox 1896 1040 2048 1087; x_wconf 86' lang='lat' dir='ltr'><strong>disjecta</strong></span> <span class='ocrx_word' id='word_1_373' title='bbox 2067 1054 2167 1078; x_wconf 90' lang='lat' dir='ltr'><strong>nunc</strong></span> <span class='ocrx_word' id='word_1_374' title='bbox 2186 1055 2253 1091; x_wconf 87' lang='lat' dir='ltr'><strong>pe-</strong></span> 
     </span>
     <span class='ocr_line' id='line_1_52' title="bbox 1214 1092 2254 1147; baseline 0.012 -22"><span class='ocrx_word' id='word_1_375' title='bbox 1214 1092 1340 1137; x_wconf 89' lang='lat' dir='ltr'><strong>rierit,</strong></span> <span class='ocrx_word' id='word_1_376' title='bbox 1356 1094 1427 1129; x_wconf 90' lang='lat' dir='ltr'><strong>nisi</strong></span> <span class='ocrx_word' id='word_1_377' title='bbox 1446 1095 1552 1142; x_wconf 92' lang='lat' dir='ltr'><strong>quod</strong></span> <span class='ocrx_word' id='word_1_378' title='bbox 1567 1107 1613 1133; x_wconf 86' lang='lat' dir='ltr'><strong>ex</strong></span> <span class='ocrx_word' id='word_1_379' title='bbox 1625 1108 1670 1132; x_wconf 88' lang='lat' dir='ltr'><strong>ea</strong></span> <span class='ocrx_word' id='word_1_380' title='bbox 1688 1096 1875 1147; x_wconf 68' lang='lat' dir='ltr'><strong>supersint</strong></span> <span class='ocrx_word' id='word_1_381' title='bbox 1892 1099 2011 1135; x_wconf 83' lang='lat' dir='ltr'><strong>verba</strong></span> <span class='ocrx_word' id='word_1_382' title='bbox 2028 1111 2038 1138; x_wconf 77' lang='grc' dir='ltr'><strong>τ</strong></span> <span class='ocrx_word' id='word_1_383' title='bbox 2057 1098 2117 1136; x_wconf 92' lang='grc' dir='ltr'><strong>καὶ</strong></span> <span class='ocrx_word' id='word_1_384' title='bbox 2137 1100 2254 1137; x_wconf 81' lang='grc' dir='ltr'>ἐντεῦ-</span> 
     </span>
     <span class='ocr_line' id='line_1_53' title="bbox 1216 1147 1484 1191; baseline 0.015 -5"><span class='ocrx_word' id='word_1_385' title='bbox 1216 1153 1271 1186; x_wconf 85' lang='grc' dir='ltr'><strong>θεν</strong></span> <span class='ocrx_word' id='word_1_386' title='bbox 1290 1147 1390 1189; x_wconf 84' lang='grc' dir='ltr'>Ἴωσι</span> <span class='ocrx_word' id='word_1_387' title='bbox 1407 1152 1484 1191; x_wconf 89' lang='grc' dir='ltr'>κτλ.</span> 
     </span>
    </p>
   </div>
   <div class='ocr_carea' id='block_1_5' title="bbox 1393 1231 2084 1288">
    <p class='ocr_par' dir='ltr' id='par_1_7' title="bbox 1393 1231 2084 1288">
     <span class='ocr_line' id='line_1_54' title="bbox 1393 1231 2084 1288; baseline 0.012 -20"><span class='ocrx_word' id='word_1_388' title='bbox 1393 1232 1430 1271; x_wconf 90' lang='grc'><strong>8.</strong></span> <span class='ocrx_word' id='word_1_389' title='bbox 1453 1231 1564 1286; x_wconf 89' lang='lat' dir='ltr'><strong>(circ.</strong></span> <span class='ocrx_word' id='word_1_390' title='bbox 1584 1234 1674 1274; x_wconf 86' lang='lat'><strong>561.</strong></span> <span class='ocrx_word' id='word_1_391' title='bbox 1696 1237 1892 1275; x_wconf 86' lang='lat' dir='ltr'><strong>Justinian.</strong></span> <span class='ocrx_word' id='word_1_392' title='bbox 1913 1250 1973 1277; x_wconf 87' lang='lat' dir='ltr'><strong>an.</strong></span> <span class='ocrx_word' id='word_1_393' title='bbox 1995 1236 2084 1288; x_wconf 82' lang='lat'><strong>35.)</strong></span> 
     </span>
    </p>
   </div>
   <div class='ocr_carea' id='block_1_6' title="bbox 1207 1309 2256 2483">
    <p class='ocr_par' dir='ltr' id='par_1_8' title="bbox 1209 1309 2256 2019">
     <span class='ocr_line' id='line_1_55' title="bbox 1268 1309 2255 1375; baseline 0.008 -22"><span class='ocrx_word' id='word_1_394' title='bbox 1268 1318 1359 1354; x_wconf 76' lang='lat' dir='ltr'><strong>Exc.</strong></span> <span class='ocrx_word' id='word_1_395' title='bbox 1372 1320 1428 1355; x_wconf 89' lang='lat' dir='ltr'><strong>De</strong></span> <span class='ocrx_word' id='word_1_396' title='bbox 1438 1320 1512 1369; x_wconf 82' lang='lat' dir='ltr'><strong>leg.</strong></span> <span class='ocrx_word' id='word_1_397' title='bbox 1527 1322 1640 1359; x_wconf 86' lang='lat' dir='ltr'><strong>Rom.</strong></span> <span class='ocrx_word' id='word_1_398' title='bbox 1657 1334 1697 1371; x_wconf 87' lang='lat' dir='ltr'><strong>p.</strong></span> <span class='ocrx_word' id='word_1_399' title='bbox 1718 1322 1788 1359; x_wconf 80' lang='lat'><strong>133</strong></span> <span class='ocrx_word' id='word_1_400' title='bbox 1803 1309 2117 1372; x_wconf 53' lang='lat' dir='ltr'><strong>:Jon’Apgn-soca</strong></span> <span class='ocrx_word' id='word_1_401' title='bbox 2131 1323 2255 1375; x_wconf 83' lang='grc' dir='ltr'>Φρᾶγ-</span> 
     </span>
     <span class='ocr_line' id='line_1_56' title="bbox 1213 1375 2253 1433; baseline 0.01 -23"><span class='ocrx_word' id='word_1_402' title='bbox 1213 1388 1272 1433; x_wconf 61' lang='grc' dir='ltr'><strong>γος</strong></span> <span class='ocrx_word' id='word_1_403' title='bbox 1295 1375 1634 1427; x_wconf 80' lang='grc' dir='ltr'>ἐστρατοπεδεύσατο</span> <span class='ocrx_word' id='word_1_404' title='bbox 1653 1378 1793 1432; x_wconf 83' lang='grc' dir='ltr'>ἄντικρυ</span> <span class='ocrx_word' id='word_1_405' title='bbox 1821 1383 1881 1418; x_wconf 80' lang='grc' dir='ltr'><strong>τοῦ</strong></span> <span class='ocrx_word' id='word_1_406' title='bbox 1897 1384 2055 1431; x_wconf 78' lang='grc' dir='ltr'>ποταμοῦ</span> <span class='ocrx_word' id='word_1_407' title='bbox 2076 1380 2253 1430; x_wconf 83' lang='grc' dir='ltr'>Ἀττίσου,</span> 
     </span>
     <span class='ocr_line' id='line_1_57' title="bbox 1213 1431 2256 1488; baseline 0.01 -19"><span class='ocrx_word' id='word_1_408' title='bbox 1213 1435 1234 1483; x_wconf 86' lang='grc' dir='ltr'>ᾐ</span> <span class='ocrx_word' id='word_1_409' title='bbox 1266 1433 1495 1485; x_wconf 76' lang='grc' dir='ltr'>προσδόκιμοι</span> <span class='ocrx_word' id='word_1_410' title='bbox 1517 1431 1607 1482; x_wconf 71' lang='grc' dir='ltr'>ἦσαν</span> <span class='ocrx_word' id='word_1_411' title='bbox 1634 1439 1665 1475; x_wconf 79' lang='grc' dir='ltr'>οἱ</span> <span class='ocrx_word' id='word_1_412' title='bbox 1685 1436 1859 1488; x_wconf 79' lang='grc' dir='ltr'>Ῥωμαῖοι</span> <span class='ocrx_word' id='word_1_413' title='bbox 1880 1438 2121 1485; x_wconf 77' lang='grc' dir='ltr'>διαὸήσεσθαι.</span> <span class='ocrx_word' id='word_1_414' title='bbox 2144 1439 2190 1479; x_wconf 87' lang='grc' dir='ltr'><strong>Ὁ</strong></span> <span class='ocrx_word' id='word_1_415' title='bbox 2218 1439 2256 1479; x_wconf 79' lang='grc' dir='ltr'>δὲ</span> 
     </span>
     <span class='ocr_line' id='line_1_58' title="bbox 1215 1494 2255 1549; baseline 0.007 -20"><span class='ocrx_word' id='word_1_416' title='bbox 1215 1494 1358 1544; x_wconf 77' lang='grc' dir='ltr'>Ναρσῆς</span> <span class='ocrx_word' id='word_1_417' title='bbox 1376 1496 1474 1531; x_wconf 84' lang='grc' dir='ltr'>τοῦτο</span> <span class='ocrx_word' id='word_1_418' title='bbox 1494 1494 1652 1545; x_wconf 86' lang='grc' dir='ltr'>ἐγνωκὼς</span> <span class='ocrx_word' id='word_1_419' title='bbox 1672 1497 1912 1549; x_wconf 74' lang='grc' dir='ltr'>Παμφρόνιον,</span> <span class='ocrx_word' id='word_1_420' title='bbox 1933 1496 1968 1541; x_wconf 84' lang='grc' dir='ltr'>ὃς</span> <span class='ocrx_word' id='word_1_421' title='bbox 1990 1498 2025 1535; x_wconf 83' lang='grc' dir='ltr'><strong>ἐν</strong></span> <span class='ocrx_word' id='word_1_422' title='bbox 2053 1498 2125 1542; x_wconf 83' lang='grc' dir='ltr'>τοῖς</span> <span class='ocrx_word' id='word_1_423' title='bbox 2150 1501 2255 1549; x_wconf 90' lang='grc' dir='ltr'>βασι-</span> 
     </span>
     <span class='ocr_line' id='line_1_59' title="bbox 1212 1550 2253 1609; baseline 0.009 -22"><span class='ocrx_word' id='word_1_424' title='bbox 1212 1550 1299 1594; x_wconf 89' lang='grc' dir='ltr'>λέως</span> <span class='ocrx_word' id='word_1_425' title='bbox 1318 1552 1490 1603; x_wconf 81' lang='grc' dir='ltr'>πατράσιν</span> <span class='ocrx_word' id='word_1_426' title='bbox 1511 1553 1640 1601; x_wconf 82' lang='grc' dir='ltr'>ἐτέλει,</span> <span class='ocrx_word' id='word_1_427' title='bbox 1657 1555 1716 1592; x_wconf 85' lang='grc' dir='ltr'><strong>καὶ</strong></span> <span class='ocrx_word' id='word_1_428' title='bbox 1740 1557 1870 1594; x_wconf 79' lang='grc' dir='ltr'>Βοῦνον</span> <span class='ocrx_word' id='word_1_429' title='bbox 1889 1557 2057 1606; x_wconf 72' lang='grc' dir='ltr'>(ΒῶνονΡ</span> <span class='ocrx_word' id='word_1_430' title='bbox 2073 1558 2144 1608; x_wconf 90' lang='grc' dir='ltr'><strong>Ν.)</strong></span> <span class='ocrx_word' id='word_1_431' title='bbox 2168 1572 2253 1609; x_wconf 84' lang='grc' dir='ltr'>προ·</span> 
     </span>
     <span class='ocr_line' id='line_1_60' title="bbox 1215 1611 2252 1667; baseline 0.007 -21"><span class='ocrx_word' id='word_1_432' title='bbox 1215 1611 1348 1647; x_wconf 89' lang='grc' dir='ltr'>εστῶτα</span> <span class='ocrx_word' id='word_1_433' title='bbox 1365 1612 1425 1656; x_wconf 75' lang='grc' dir='ltr'><strong>τῆς</strong></span> <span class='ocrx_word' id='word_1_434' title='bbox 1441 1612 1545 1649; x_wconf 79' lang='grc' dir='ltr'>αὐτοῦ</span> <span class='ocrx_word' id='word_1_435' title='bbox 1562 1612 1732 1664; x_wconf 82' lang='grc' dir='ltr'>βασιλέως</span> <span class='ocrx_word' id='word_1_436' title='bbox 1748 1613 1965 1666; x_wconf 85' lang='grc' dir='ltr'>περιουσίας,</span> <span class='ocrx_word' id='word_1_437' title='bbox 1981 1612 2155 1664; x_wconf 84' lang='grc' dir='ltr'>ἐκπέμπει</span> <span class='ocrx_word' id='word_1_438' title='bbox 2167 1630 2252 1667; x_wconf 80' lang='grc' dir='ltr'>πρε-</span> 
     </span>
     <span class='ocr_line' id='line_1_61' title="bbox 1213 1667 2252 1726; baseline 0.006 -21"><span class='ocrx_word' id='word_1_439' title='bbox 1213 1667 1437 1718; x_wconf 73' lang='grc' dir='ltr'>σὸευσομένω</span> <span class='ocrx_word' id='word_1_440' title='bbox 1464 1669 1569 1723; x_wconf 81' lang='grc' dir='ltr'>ἄμφω</span> <span class='ocrx_word' id='word_1_441' title='bbox 1587 1672 1635 1714; x_wconf 85' lang='grc' dir='ltr'>ὡς</span> <span class='ocrx_word' id='word_1_442' title='bbox 1654 1668 1839 1723; x_wconf 85' lang='grc' dir='ltr'>Ἄμμιγον,</span> <span class='ocrx_word' id='word_1_443' title='bbox 1861 1671 2014 1719; x_wconf 82' lang='grc' dir='ltr'>ἐδήλωσέ</span> <span class='ocrx_word' id='word_1_444' title='bbox 2031 1688 2069 1710; x_wconf 86' lang='grc' dir='ltr'><strong>τε</strong></span> <span class='ocrx_word' id='word_1_445' title='bbox 2098 1674 2193 1726; x_wconf 75' lang='grc' dir='ltr'>αὐτῷ</span> <span class='ocrx_word' id='word_1_446' title='bbox 2213 1676 2252 1711; x_wconf 84' lang='grc' dir='ltr'>ἐκ</span> 
     </span>
     <span class='ocr_line' id='line_1_62' title="bbox 1212 1725 2252 1780; baseline 0.005 -16"><span class='ocrx_word' id='word_1_447' title='bbox 1212 1728 1327 1765; x_wconf 87' lang='grc' dir='ltr'>ποδῶν</span> <span class='ocrx_word' id='word_1_448' title='bbox 1358 1726 1518 1776; x_wconf 85' lang='grc' dir='ltr'>γενέσθαι</span> <span class='ocrx_word' id='word_1_449' title='bbox 1546 1728 1605 1767; x_wconf 84' lang='grc' dir='ltr'><strong>καὶ</strong></span> <span class='ocrx_word' id='word_1_450' title='bbox 1625 1730 1796 1780; x_wconf 83' lang='grc' dir='ltr'>μηδαμῶς</span> <span class='ocrx_word' id='word_1_451' title='bbox 1827 1729 1979 1780; x_wconf 86' lang='grc' dir='ltr'>πόλεμον</span> <span class='ocrx_word' id='word_1_452' title='bbox 1997 1725 2092 1775; x_wconf 67' lang='grc' dir='ltr'>αὖθις</span> <span class='ocrx_word' id='word_1_453' title='bbox 2111 1735 2252 1778; x_wconf 79' lang='grc' dir='ltr'>κινῆσαι</span> 
     </span>
     <span class='ocr_line' id='line_1_63' title="bbox 1210 1785 2250 1842; baseline 0.005 -19"><span class='ocrx_word' id='word_1_454' title='bbox 1210 1785 1303 1824; x_wconf 78' lang='grc' dir='ltr'>κατὰ</span> <span class='ocrx_word' id='word_1_455' title='bbox 1319 1785 1507 1837; x_wconf 85' lang='grc' dir='ltr'>Ῥωμαίων</span> <span class='ocrx_word' id='word_1_456' title='bbox 1520 1803 1528 1811; x_wconf 92' lang='grc'>·</span> <span class='ocrx_word' id='word_1_457' title='bbox 1544 1788 1716 1840; x_wconf 75' lang='grc' dir='ltr'>ἐκεχειρία</span> <span class='ocrx_word' id='word_1_458' title='bbox 1730 1789 1797 1842; x_wconf 82' lang='grc' dir='ltr'><strong>γάρ</strong></span> <span class='ocrx_word' id='word_1_459' title='bbox 1814 1805 1864 1832; x_wconf 90' lang='grc' dir='ltr'><strong>τις</strong></span> <span class='ocrx_word' id='word_1_460' title='bbox 1875 1790 2023 1840; x_wconf 83' lang='grc' dir='ltr'>ἐγεγόνει</span> <span class='ocrx_word' id='word_1_461' title='bbox 2041 1790 2170 1839; x_wconf 82' lang='grc' dir='ltr'>μεταξὺ</span> <span class='ocrx_word' id='word_1_462' title='bbox 2190 1794 2250 1829; x_wconf 86' lang='grc' dir='ltr'><strong>τοῦ</strong></span> 
     </span>
     <span class='ocr_line' id='line_1_64' title="bbox 1209 1844 2252 1899; baseline 0.004 -17"><span class='ocrx_word' id='word_1_463' title='bbox 1209 1844 1333 1897; x_wconf 80' lang='grc' dir='ltr'>χρόνου</span> <span class='ocrx_word' id='word_1_464' title='bbox 1354 1845 1533 1898; x_wconf 84' lang='grc' dir='ltr'>Φροίγγοις</span> <span class='ocrx_word' id='word_1_465' title='bbox 1546 1863 1584 1885; x_wconf 88' lang='grc' dir='ltr'><strong>τε</strong></span> <span class='ocrx_word' id='word_1_466' title='bbox 1602 1848 1661 1885; x_wconf 86' lang='grc' dir='ltr'><strong>καὶ</strong></span> <span class='ocrx_word' id='word_1_467' title='bbox 1675 1847 1878 1898; x_wconf 89' lang='grc' dir='ltr'>Ῥωμαίοις.</span> <span class='ocrx_word' id='word_1_468' title='bbox 1895 1847 1940 1888; x_wconf 84' lang='lat' dir='ltr'><strong>‘O</strong></span> <span class='ocrx_word' id='word_1_469' title='bbox 1958 1848 1993 1886; x_wconf 87' lang='grc' dir='ltr'><strong>δὲ</strong></span> <span class='ocrx_word' id='word_1_470' title='bbox 2007 1846 2178 1899; x_wconf 82' lang='grc' dir='ltr'>Ἄμμιγος</span> <span class='ocrx_word' id='word_1_471' title='bbox 2195 1849 2252 1887; x_wconf 81' lang='grc' dir='ltr'><strong>διὰ</strong></span> 
     </span>
     <span class='ocr_line' id='line_1_65' title="bbox 1212 1903 2251 1957; baseline 0.005 -17"><span class='ocrx_word' id='word_1_472' title='bbox 1212 1905 1281 1940; x_wconf 86' lang='grc' dir='ltr'><strong>τῶν</strong></span> <span class='ocrx_word' id='word_1_473' title='bbox 1298 1903 1478 1955; x_wconf 71' lang='grc' dir='ltr'>πρέσὸεων</span> <span class='ocrx_word' id='word_1_474' title='bbox 1497 1905 1719 1957; x_wconf 78' lang='grc' dir='ltr'>ἀπεκρίνατο,</span> <span class='ocrx_word' id='word_1_475' title='bbox 1733 1910 1778 1950; x_wconf 83' lang='grc' dir='ltr'>ὡς</span> <span class='ocrx_word' id='word_1_476' title='bbox 1791 1908 1852 1944; x_wconf 78' lang='grc' dir='ltr'><strong>οὐκ</strong></span> <span class='ocrx_word' id='word_1_477' title='bbox 1869 1906 2010 1945; x_wconf 84' lang='grc' dir='ltr'>ἐνδώσοι</span> <span class='ocrx_word' id='word_1_478' title='bbox 2025 1906 2109 1946; x_wconf 85' lang='grc' dir='ltr'>ποτὲ</span> <span class='ocrx_word' id='word_1_479' title='bbox 2119 1906 2192 1945; x_wconf 84' lang='grc' dir='ltr'>ἔστ’</span> <span class='ocrx_word' id='word_1_480' title='bbox 2209 1907 2251 1946; x_wconf 83' lang='grc' dir='ltr'><strong>ἂν</strong></span> 
     </span>
     <span class='ocr_line' id='line_1_66' title="bbox 1211 1961 2101 2019; baseline 0.008 -21"><span class='ocrx_word' id='word_1_481' title='bbox 1211 1962 1306 2014; x_wconf 82' lang='grc' dir='ltr'>αὐτῷ</span> <span class='ocrx_word' id='word_1_482' title='bbox 1320 1961 1359 1999; x_wconf 86' lang='grc' dir='ltr'><strong>τὸ</strong></span> <span class='ocrx_word' id='word_1_483' title='bbox 1376 1962 1530 2001; x_wconf 85' lang='grc' dir='ltr'>ἀκόντιον</span> <span class='ocrx_word' id='word_1_484' title='bbox 1548 1962 1643 2001; x_wconf 79' lang='grc' dir='ltr'>οῗατέ</span> <span class='ocrx_word' id='word_1_485' title='bbox 1662 1966 1736 2002; x_wconf 86' lang='grc' dir='ltr'>ἐστι</span> <span class='ocrx_word' id='word_1_486' title='bbox 1756 1964 1952 2016; x_wconf 87' lang='grc' dir='ltr'>κραδαίνειν</span> <span class='ocrx_word' id='word_1_487' title='bbox 1970 1967 1992 2012; x_wconf 89' lang='grc' dir='ltr'>ἡ</span> <span class='ocrx_word' id='word_1_488' title='bbox 2011 1965 2101 2019; x_wconf 86' lang='grc' dir='ltr'>χείρ.</span> 
     </span>
    </p>

    <p class='ocr_par' dir='ltr' id='par_1_9' title="bbox 1207 2019 2252 2483">
     <span class='ocr_line' id='line_1_67' title="bbox 1263 2019 2251 2072; baseline 0.004 -14"><span class='ocrx_word' id='word_1_489' title='bbox 1263 2019 1304 2058; x_wconf 76' lang='lat' dir='ltr'><strong>’A</strong></span> <span class='ocrx_word' id='word_1_490' title='bbox 1315 2035 1340 2070; x_wconf 91' lang='grc' dir='ltr'>μ</span> <span class='ocrx_word' id='word_1_491' title='bbox 1349 2036 1375 2070; x_wconf 92' lang='grc' dir='ltr'>μ</span> <span class='ocrx_word' id='word_1_492' title='bbox 1385 2021 1493 2072; x_wconf 88' lang='grc' dir='ltr'>ιγος]</span> <span class='ocrx_word' id='word_1_493' title='bbox 1508 2039 1524 2054; x_wconf 73' lang='grc' dir='ltr'><strong>«ι</strong></span> <span class='ocrx_word' id='word_1_494' title='bbox 1536 2024 1608 2059; x_wconf 87' lang='lat' dir='ltr'><strong>Hic</strong></span> <span class='ocrx_word' id='word_1_495' title='bbox 1620 2028 1801 2071; x_wconf 76' lang='lat' dir='ltr'><strong>Amingus</strong></span> <span class='ocrx_word' id='word_1_496' title='bbox 1815 2025 1956 2060; x_wconf 84' lang='lat' dir='ltr'><strong>dicitur</strong></span> <span class='ocrx_word' id='word_1_497' title='bbox 1970 2037 1992 2061; x_wconf 89' lang='lat' dir='ltr'><strong>a</strong></span> <span class='ocrx_word' id='word_1_498' title='bbox 2009 2026 2126 2061; x_wconf 92' lang='lat' dir='ltr'><strong>Paulo</strong></span> <span class='ocrx_word' id='word_1_499' title='bbox 2137 2026 2201 2062; x_wconf 91' lang='lat' dir='ltr'><strong>lib.</strong></span> <span class='ocrx_word' id='word_1_500' title='bbox 2213 2027 2251 2062; x_wconf 93' lang='lat'><strong>11</strong></span> 
     </span>
     <span class='ocr_line' id='line_1_68' title="bbox 1212 2079 2251 2131; baseline 0.005 -16"><span class='ocrx_word' id='word_1_501' title='bbox 1212 2079 1386 2116; x_wconf 78' lang='lat' dir='ltr'><strong>Historiae</strong></span> <span class='ocrx_word' id='word_1_502' title='bbox 1418 2082 1760 2130; x_wconf 85' lang='lat' dir='ltr'><strong>Langobardorum</strong></span> <span class='ocrx_word' id='word_1_503' title='bbox 1792 2096 1800 2119; x_wconf 75' lang='grc' dir='ltr'>ε</span> <span class='ocrx_word' id='word_1_504' title='bbox 1837 2087 2017 2131; x_wconf 75' lang='lat' dir='ltr'><strong>Amiugus</strong></span> <span class='ocrx_word' id='word_1_505' title='bbox 2043 2096 2131 2120; x_wconf 80' lang='lat' dir='ltr'><strong>vero</strong></span> <span class='ocrx_word' id='word_1_506' title='bbox 2163 2085 2251 2120; x_wconf 85' lang='lat' dir='ltr'><strong>dum</strong></span> 
     </span>
     <span class='ocr_line' id='line_1_69' title="bbox 1212 2140 2252 2185; baseline 0.004 -11"><span class='ocrx_word' id='word_1_507' title='bbox 1212 2140 1269 2175; x_wconf 93' lang='lat' dir='ltr'><em>W</em></span> <span class='ocrx_word' id='word_1_508' title='bbox 1266 2140 1386 2182; x_wconf 81' lang='lat' dir='ltr'><strong>idino,</strong></span> <span class='ocrx_word' id='word_1_509' title='bbox 1417 2140 1616 2176; x_wconf 79' lang='lat' dir='ltr'><strong>Gothorum</strong></span> <span class='ocrx_word' id='word_1_510' title='bbox 1648 2145 1792 2185; x_wconf 82' lang='lat' dir='ltr'><strong>comiti,</strong></span> <span class='ocrx_word' id='word_1_511' title='bbox 1819 2150 1946 2177; x_wconf 82' lang='lat' dir='ltr'><strong>contra</strong></span> <span class='ocrx_word' id='word_1_512' title='bbox 1973 2143 2167 2179; x_wconf 60' lang='lat' dir='ltr'><strong>Nara-elem</strong></span> <span class='ocrx_word' id='word_1_513' title='bbox 2192 2155 2252 2178; x_wconf 88' lang='lat' dir='ltr'><strong>re—</strong></span> 
     </span>
     <span class='ocr_line' id='line_1_70' title="bbox 1211 2196 2250 2246; baseline 0.004 -14"><span class='ocrx_word' id='word_1_514' title='bbox 1211 2196 1350 2233; x_wconf 83' lang='lat' dir='ltr'><em>bellare</em></span> <span class='ocrx_word' id='word_1_515' title='bbox 1356 2202 1513 2246; x_wconf 77' lang='lat' dir='ltr'><strong>paranti</strong></span> <span class='ocrx_word' id='word_1_516' title='bbox 1525 2201 1666 2235; x_wconf 78' lang='lat' dir='ltr'><strong>auxilio</strong></span> <span class='ocrx_word' id='word_1_517' title='bbox 1677 2212 1753 2235; x_wconf 80' lang='lat' dir='ltr'><strong>esse</strong></span> <span class='ocrx_word' id='word_1_518' title='bbox 1763 2213 1836 2235; x_wconf 78' lang='lat' dir='ltr'><strong>non</strong></span> <span class='ocrx_word' id='word_1_519' title='bbox 1848 2199 2006 2246; x_wconf 79' lang='lat' dir='ltr'><strong>dubitat,</strong></span> <span class='ocrx_word' id='word_1_520' title='bbox 2022 2204 2142 2236; x_wconf 77' lang='lat' dir='ltr'><strong>victus</strong></span> <span class='ocrx_word' id='word_1_521' title='bbox 2150 2202 2192 2237; x_wconf 89' lang='lat' dir='ltr'><em>N</em></span> <span class='ocrx_word' id='word_1_522' title='bbox 2189 2214 2250 2236; x_wconf 87' lang='lat' dir='ltr'><strong>ar-</strong></span> 
     </span>
     <span class='ocr_line' id='line_1_71' title="bbox 1207 2258 2250 2307; baseline 0.003 -16"><span class='ocrx_word' id='word_1_523' title='bbox 1207 2260 1295 2291; x_wconf 76' lang='lat' dir='ltr'><strong>setis</strong></span> <span class='ocrx_word' id='word_1_524' title='bbox 1308 2258 1438 2303; x_wconf 78' lang='lat' dir='ltr'><strong>gladio</strong></span> <span class='ocrx_word' id='word_1_525' title='bbox 1457 2261 1665 2305; x_wconf 77' lang='lat' dir='ltr'><strong>perimitur,</strong></span> <span class='ocrx_word' id='word_1_526' title='bbox 1687 2259 1862 2296; x_wconf 76' lang='lat' dir='ltr'><strong>Widimcs</strong></span> <span class='ocrx_word' id='word_1_527' title='bbox 1885 2267 2014 2307; x_wconf 80' lang='lat' dir='ltr'><strong>captus</strong></span> <span class='ocrx_word' id='word_1_528' title='bbox 2029 2261 2250 2306; x_wconf 82' lang='lat' dir='ltr'><strong>Byzantium</strong></span> 
     </span>
     <span class='ocr_line' id='line_1_72' title="bbox 1209 2317 2250 2354; baseline 0.005 -5"><span class='ocrx_word' id='word_1_529' title='bbox 1209 2318 1375 2354; x_wconf 81' lang='lat' dir='ltr'><strong>mittitur.</strong></span> <span class='ocrx_word' id='word_1_530' title='bbox 1388 2317 1448 2352; x_wconf 87' lang='lat' dir='ltr'><strong>Sic</strong></span> <span class='ocrx_word' id='word_1_531' title='bbox 1461 2318 1575 2352; x_wconf 87' lang='lat' dir='ltr'><strong>etiam</strong></span> <span class='ocrx_word' id='word_1_532' title='bbox 1587 2318 1806 2352; x_wconf 86' lang='lat' dir='ltr'><strong>nominatur</strong></span> <span class='ocrx_word' id='word_1_533' title='bbox 1818 2317 1865 2352; x_wconf 91' lang='lat' dir='ltr'><strong>ab</strong></span> <span class='ocrx_word' id='word_1_534' title='bbox 1881 2318 2059 2353; x_wconf 91' lang='lat' dir='ltr'><strong>Aimonio</strong></span> <span class='ocrx_word' id='word_1_535' title='bbox 2078 2319 2116 2352; x_wconf 92' lang='lat' dir='ltr'><strong>in</strong></span> <span class='ocrx_word' id='word_1_536' title='bbox 2127 2318 2195 2353; x_wconf 83' lang='lat' dir='ltr'><strong>lib.</strong></span> <span class='ocrx_word' id='word_1_537' title='bbox 2212 2320 2250 2354; x_wconf 85' lang='grc' dir='ltr'><strong>ΙΙ</strong></span> 
     </span>
     <span class='ocr_line' id='line_1_73' title="bbox 1209 2373 2251 2412; baseline 0.001 -2"><span class='ocrx_word' id='word_1_538' title='bbox 1209 2373 1351 2411; x_wconf 86' lang='lat' dir='ltr'><strong>Histor.</strong></span> <span class='ocrx_word' id='word_1_539' title='bbox 1388 2376 1524 2411; x_wconf 82' lang='lat' dir='ltr'><strong>Frane.</strong></span> <span class='ocrx_word' id='word_1_540' title='bbox 1562 2383 1599 2411; x_wconf 90' lang='lat' dir='ltr'><strong>et</strong></span> <span class='ocrx_word' id='word_1_541' title='bbox 1631 2376 1678 2411; x_wconf 89' lang='lat' dir='ltr'><strong>ab</strong></span> <span class='ocrx_word' id='word_1_542' title='bbox 1717 2377 1935 2411; x_wconf 81' lang='lat' dir='ltr'><strong>Hermanno</strong></span> <span class='ocrx_word' id='word_1_543' title='bbox 1973 2376 2177 2412; x_wconf 88' lang='lat' dir='ltr'><strong>Contracto</strong></span> <span class='ocrx_word' id='word_1_544' title='bbox 2211 2377 2251 2411; x_wconf 90' lang='lat' dir='ltr'><strong>in</strong></span> 
     </span>
     <span class='ocr_line' id='line_1_74' title="bbox 1208 2433 2251 2483; baseline 0.002 -15"><span class='ocrx_word' id='word_1_545' title='bbox 1208 2433 1420 2479; x_wconf 88' lang='lat' dir='ltr'><strong>Chronico,</strong></span> <span class='ocrx_word' id='word_1_546' title='bbox 1447 2434 1553 2483; x_wconf 92' lang='lat' dir='ltr'><strong>quod</strong></span> <span class='ocrx_word' id='word_1_547' title='bbox 1573 2435 1716 2470; x_wconf 80' lang='lat' dir='ltr'><strong>editum</strong></span> <span class='ocrx_word' id='word_1_548' title='bbox 1735 2442 1790 2470; x_wconf 88' lang='lat' dir='ltr'><strong>est</strong></span> <span class='ocrx_word' id='word_1_549' title='bbox 1808 2447 1830 2470; x_wconf 92' lang='lat' dir='ltr'><strong>a</strong></span> <span class='ocrx_word' id='word_1_550' title='bbox 1849 2435 2011 2472; x_wconf 88' lang='lat' dir='ltr'><strong>Canisio.</strong></span> <span class='ocrx_word' id='word_1_551' title='bbox 2031 2436 2077 2470; x_wconf 89' lang='lat' dir='ltr'><strong>In</strong></span> <span class='ocrx_word' id='word_1_552' title='bbox 2094 2437 2251 2483; x_wconf 86' lang='lat' dir='ltr'><strong>Appen-</strong></span> 
     </span>
    </p>
   </div>
   <div class='ocr_carea' id='block_1_7' title="bbox 101 2496 2242 2515">
    <p class='ocr_par' dir='ltr' id='par_1_10' title="bbox 101 2496 2242 2515">
     <span class='ocr_line' id='line_1_75' title="bbox 101 2496 2242 2515; baseline 0.003 -10"><span class='ocrx_word' id='word_1_553' title='bbox 101 2496 2242 2515; x_wconf 47' lang='grc' dir='ltr'>Ἥ</span> 
     </span>
    </p>
   </div>
   <div class='ocr_carea' id='block_1_8' title="bbox 590 2541 625 2573">
    <p class='ocr_par' dir='ltr' id='par_1_11' title="bbox 590 2541 625 2573">
     <span class='ocr_line' id='line_1_76' title="bbox 590 2541 625 2573; baseline 0 0"><span class='ocrx_word' id='word_1_554' title='bbox 590 2541 625 2573; x_wconf 91' lang='grc'><strong>6.</strong></span> 
     </span>
    </p>
   </div>
   <div class='ocr_carea' id='block_1_9' title="bbox 92 2594 1145 3099">
    <p class='ocr_par' dir='ltr' id='par_1_12' title="bbox 92 2594 1145 3099">
     <span class='ocr_line' id='line_1_77' title="bbox 137 2594 1144 2636; baseline 0.004 -11"><span class='ocrx_word' id='word_1_555' title='bbox 137 2596 245 2632; x_wconf 90' lang='lat' dir='ltr'><strong>Quum</strong></span> <span class='ocrx_word' id='word_1_556' title='bbox 257 2594 356 2626; x_wconf 86' lang='lat' dir='ltr'><strong>duces</strong></span> <span class='ocrx_word' id='word_1_557' title='bbox 369 2595 525 2626; x_wconf 58' lang='lat' dir='ltr'><strong>antarum</strong></span> <span class='ocrx_word' id='word_1_558' title='bbox 549 2604 664 2636; x_wconf 86' lang='lat' dir='ltr'><strong>parum</strong></span> <span class='ocrx_word' id='word_1_559' title='bbox 690 2605 839 2636; x_wconf 83' lang='lat' dir='ltr'><strong>prospere</strong></span> <span class='ocrx_word' id='word_1_560' title='bbox 859 2605 909 2627; x_wconf 86' lang='lat' dir='ltr'><strong>res</strong></span> <span class='ocrx_word' id='word_1_561' title='bbox 922 2597 1088 2636; x_wconf 79' lang='lat' dir='ltr'><strong>gessissent</strong></span> <span class='ocrx_word' id='word_1_562' title='bbox 1111 2599 1144 2629; x_wconf 92' lang='lat' dir='ltr'><strong>et</strong></span> 
     </span>
     <span class='ocr_line' id='line_1_78' title="bbox 93 2646 1145 2686; baseline 0.002 -9"><span class='ocrx_word' id='word_1_563' title='bbox 93 2654 152 2686; x_wconf 85' lang='lat' dir='ltr'><strong>spe</strong></span> <span class='ocrx_word' id='word_1_564' title='bbox 167 2654 224 2677; x_wconf 89' lang='lat' dir='ltr'><strong>sua</strong></span> <span class='ocrx_word' id='word_1_565' title='bbox 242 2646 455 2686; x_wconf 83' lang='lat' dir='ltr'><strong>excidissent,</strong></span> <span class='ocrx_word' id='word_1_566' title='bbox 479 2647 645 2678; x_wconf 77' lang='lat' dir='ltr'><strong>confestim</strong></span> <span class='ocrx_word' id='word_1_567' title='bbox 660 2650 778 2679; x_wconf 84' lang='lat' dir='ltr'><strong>Avares</strong></span> <span class='ocrx_word' id='word_1_568' title='bbox 792 2648 931 2679; x_wconf 83' lang='lat' dir='ltr'><strong>hostium</strong></span> <span class='ocrx_word' id='word_1_569' title='bbox 957 2650 1075 2679; x_wconf 85' lang='lat' dir='ltr'><strong>terram</strong></span> <span class='ocrx_word' id='word_1_570' title='bbox 1093 2658 1145 2680; x_wconf 81' lang='lat' dir='ltr'><strong>va-</strong></span> 
     </span>
     <span class='ocr_line' id='line_1_79' title="bbox 92 2697 1144 2738; baseline 0.001 -9"><span class='ocrx_word' id='word_1_571' title='bbox 92 2698 221 2729; x_wconf 80' lang='lat' dir='ltr'><strong>starunt</strong></span> <span class='ocrx_word' id='word_1_572' title='bbox 233 2699 265 2729; x_wconf 89' lang='lat' dir='ltr'><strong>et</strong></span> <span class='ocrx_word' id='word_1_573' title='bbox 287 2697 447 2737; x_wconf 80' lang='lat' dir='ltr'><strong>regionem</strong></span> <span class='ocrx_word' id='word_1_574' title='bbox 472 2699 548 2729; x_wconf 86' lang='lat' dir='ltr'><strong>sunt</strong></span> <span class='ocrx_word' id='word_1_575' title='bbox 572 2698 768 2738; x_wconf 81' lang='lat' dir='ltr'><strong>depopulati.</strong></span> <span class='ocrx_word' id='word_1_576' title='bbox 796 2699 834 2730; x_wconf 86' lang='lat' dir='ltr'><strong>Hi</strong></span> <span class='ocrx_word' id='word_1_577' title='bbox 849 2707 925 2730; x_wconf 90' lang='lat' dir='ltr'><strong>vero</strong></span> <span class='ocrx_word' id='word_1_578' title='bbox 941 2699 1144 2731; x_wconf 87' lang='lat' dir='ltr'><strong>inimicorum</strong></span> 
     </span>
     <span class='ocr_line' id='line_1_80' title="bbox 92 2749 1145 2790; baseline 0.002 -10"><span class='ocrx_word' id='word_1_579' title='bbox 92 2749 337 2780; x_wconf 79' lang='lat' dir='ltr'><strong>excursionibus</strong></span> <span class='ocrx_word' id='word_1_580' title='bbox 364 2749 473 2780; x_wconf 85' lang='lat' dir='ltr'><strong>vexati</strong></span> <span class='ocrx_word' id='word_1_581' title='bbox 495 2749 535 2780; x_wconf 85' lang='lat' dir='ltr'><strong>ad</strong></span> <span class='ocrx_word' id='word_1_582' title='bbox 559 2753 679 2782; x_wconf 81' lang='lat' dir='ltr'><strong>Avares</strong></span> <span class='ocrx_word' id='word_1_583' title='bbox 701 2750 890 2790; x_wconf 84' lang='lat' dir='ltr'><strong>legationem</strong></span> <span class='ocrx_word' id='word_1_584' title='bbox 913 2751 1087 2790; x_wconf 87' lang='lat' dir='ltr'><strong>miserunt,</strong></span> <span class='ocrx_word' id='word_1_585' title='bbox 1103 2751 1145 2782; x_wconf 86' lang='lat' dir='ltr'><strong>ad</strong></span> 
     </span>
     <span class='ocr_line' id='line_1_81' title="bbox 93 2802 1143 2843; baseline 0.003 -11"><span class='ocrx_word' id='word_1_586' title='bbox 93 2810 189 2841; x_wconf 91' lang='lat' dir='ltr'><strong>quam</strong></span> <span class='ocrx_word' id='word_1_587' title='bbox 212 2802 380 2842; x_wconf 82' lang='lat' dir='ltr'><strong>gerendam</strong></span> <span class='ocrx_word' id='word_1_588' title='bbox 410 2804 639 2841; x_wconf 83' lang='lat' dir='ltr'><strong>Mezamerum,</strong></span> <span class='ocrx_word' id='word_1_589' title='bbox 677 2802 803 2834; x_wconf 82' lang='lat' dir='ltr'><strong>ldarizii</strong></span> <span class='ocrx_word' id='word_1_590' title='bbox 830 2802 935 2834; x_wconf 84' lang='lat' dir='ltr'><strong>filium</strong></span> <span class='ocrx_word' id='word_1_591' title='bbox 949 2826 958 2841; x_wconf 91' lang='lat'><strong><em>‚</em></strong></span> <span class='ocrx_word' id='word_1_592' title='bbox 988 2803 1143 2843; x_wconf 82' lang='lat' dir='ltr'><strong>Celagasti</strong></span> 
     </span>
     <span class='ocr_line' id='line_1_82' title="bbox 93 2853 1142 2894; baseline 0.002 -10"><span class='ocrx_word' id='word_1_593' title='bbox 93 2853 237 2892; x_wconf 85' lang='lat' dir='ltr'><strong>fratrem,</strong></span> <span class='ocrx_word' id='word_1_594' title='bbox 251 2853 402 2893; x_wconf 79' lang='lat' dir='ltr'><strong>suffragio</strong></span> <span class='ocrx_word' id='word_1_595' title='bbox 416 2854 601 2893; x_wconf 83' lang='lat' dir='ltr'><strong>elegerunt,</strong></span> <span class='ocrx_word' id='word_1_596' title='bbox 619 2854 651 2885; x_wconf 86' lang='lat' dir='ltr'><strong>et</strong></span> <span class='ocrx_word' id='word_1_597' title='bbox 666 2854 706 2885; x_wconf 88' lang='lat' dir='ltr'><strong>ab</strong></span> <span class='ocrx_word' id='word_1_598' title='bbox 719 2862 756 2886; x_wconf 89' lang='lat' dir='ltr'><strong>eo</strong></span> <span class='ocrx_word' id='word_1_599' title='bbox 770 2853 931 2894; x_wconf 87' lang='lat' dir='ltr'><strong>petierunt</strong></span> <span class='ocrx_word' id='word_1_600' title='bbox 953 2856 988 2885; x_wconf 89' lang='lat' dir='ltr'><strong>ut</strong></span> <span class='ocrx_word' id='word_1_601' title='bbox 1001 2855 1142 2894; x_wconf 86' lang='lat' dir='ltr'><strong>captivo·</strong></span> 
     </span>
     <span class='ocr_line' id='line_1_83' title="bbox 93 2905 1140 2946; baseline 0.002 -11"><span class='ocrx_word' id='word_1_602' title='bbox 93 2914 166 2936; x_wconf 90' lang='lat' dir='ltr'><strong>rum</strong></span> <span class='ocrx_word' id='word_1_603' title='bbox 184 2905 308 2945; x_wconf 87' lang='lat' dir='ltr'><strong>aliquos</strong></span> <span class='ocrx_word' id='word_1_604' title='bbox 324 2905 425 2945; x_wconf 82' lang='lat' dir='ltr'><strong>gentis</strong></span> <span class='ocrx_word' id='word_1_605' title='bbox 447 2914 513 2936; x_wconf 85' lang='lat' dir='ltr'><strong>suae</strong></span> <span class='ocrx_word' id='word_1_606' title='bbox 530 2905 711 2937; x_wconf 80' lang='lat' dir='ltr'><strong>redimeret.</strong></span> <span class='ocrx_word' id='word_1_607' title='bbox 729 2907 925 2937; x_wconf 87' lang='lat' dir='ltr'><strong>Mezamerus</strong></span> <span class='ocrx_word' id='word_1_608' title='bbox 943 2905 1039 2946; x_wconf 85' lang='lat' dir='ltr'><strong>igitur</strong></span> <span class='ocrx_word' id='word_1_609' title='bbox 1055 2905 1140 2946; x_wconf 84' lang='lat' dir='ltr'><strong>lega-</strong></span> 
     </span>
     <span class='ocr_line' id='line_1_84' title="bbox 93 2955 1142 2996; baseline 0.004 -11"><span class='ocrx_word' id='word_1_610' title='bbox 93 2956 158 2994; x_wconf 84' lang='lat' dir='ltr'><strong>tus,</strong></span> <span class='ocrx_word' id='word_1_611' title='bbox 174 2955 223 2986; x_wconf 91' lang='lat' dir='ltr'><strong>vir</strong></span> <span class='ocrx_word' id='word_1_612' title='bbox 247 2963 350 2985; x_wconf 87' lang='lat' dir='ltr'><strong>vanus</strong></span> <span class='ocrx_word' id='word_1_613' title='bbox 367 2956 399 2986; x_wconf 89' lang='lat' dir='ltr'><strong>et</strong></span> <span class='ocrx_word' id='word_1_614' title='bbox 415 2955 650 2996; x_wconf 81' lang='lat' dir='ltr'><strong>magniloquus,</strong></span> <span class='ocrx_word' id='word_1_615' title='bbox 665 2955 721 2987; x_wconf 90' lang='lat' dir='ltr'><strong>ubi</strong></span> <span class='ocrx_word' id='word_1_616' title='bbox 743 2955 784 2987; x_wconf 86' lang='lat' dir='ltr'><strong>ad</strong></span> <span class='ocrx_word' id='word_1_617' title='bbox 802 2959 920 2988; x_wconf 77' lang='lat' dir='ltr'><strong>Avares</strong></span> <span class='ocrx_word' id='word_1_618' title='bbox 936 2957 1091 2996; x_wconf 87' lang='lat' dir='ltr'><strong>pervenit,</strong></span> <span class='ocrx_word' id='word_1_619' title='bbox 1110 2957 1142 2989; x_wconf 89' lang='lat' dir='ltr'><strong>in</strong></span> 
     </span>
     <span class='ocr_line' id='line_1_85' title="bbox 93 3006 1141 3048; baseline 0.002 -11"><span class='ocrx_word' id='word_1_620' title='bbox 93 3006 192 3038; x_wconf 88' lang='lat' dir='ltr'><strong>verba</strong></span> <span class='ocrx_word' id='word_1_621' title='bbox 204 3006 390 3046; x_wconf 83' lang='lat' dir='ltr'><strong>superbiora</strong></span> <span class='ocrx_word' id='word_1_622' title='bbox 407 3008 438 3038; x_wconf 90' lang='lat' dir='ltr'><strong>et</strong></span> <span class='ocrx_word' id='word_1_623' title='bbox 460 3008 678 3047; x_wconf 73' lang='lat' dir='ltr'><strong>arrogantiore</strong></span> <span class='ocrx_word' id='word_1_624' title='bbox 695 3007 849 3048; x_wconf 84' lang='lat' dir='ltr'><strong>prorupit.</strong></span> <span class='ocrx_word' id='word_1_625' title='bbox 872 3009 1067 3048; x_wconf 79' lang='lat' dir='ltr'><strong>cotragegus</strong></span> <span class='ocrx_word' id='word_1_626' title='bbox 1082 3017 1141 3039; x_wconf 87' lang='lat' dir='ltr'><strong>au-</strong></span> 
     </span>
     <span class='ocr_line' id='line_1_86' title="bbox 92 3057 1141 3099; baseline 0.003 -11"><span class='ocrx_word' id='word_1_627' title='bbox 92 3059 159 3089; x_wconf 84' lang='lat' dir='ltr'><strong>tem</strong></span> <span class='ocrx_word' id='word_1_628' title='bbox 170 3057 222 3089; x_wconf 82' lang='lat' dir='ltr'><strong>ille</strong></span> <span class='ocrx_word' id='word_1_629' title='bbox 233 3081 242 3096; x_wconf 90' lang='lat'><em>‚</em></span> <span class='ocrx_word' id='word_1_630' title='bbox 259 3061 399 3089; x_wconf 82' lang='lat' dir='ltr'><strong>Avarum</strong></span> <span class='ocrx_word' id='word_1_631' title='bbox 416 3067 570 3098; x_wconf 87' lang='lat' dir='ltr'><strong>perquam</strong></span> <span class='ocrx_word' id='word_1_632' title='bbox 587 3059 751 3091; x_wconf 80' lang='lat' dir='ltr'><strong>familiaris</strong></span> <span class='ocrx_word' id='word_1_633' title='bbox 767 3061 799 3090; x_wconf 91' lang='lat' dir='ltr'><strong>et</strong></span> <span class='ocrx_word' id='word_1_634' title='bbox 817 3059 1141 3099; x_wconf 83' lang='lat' dir='ltr'><strong>necessarius,quum</strong></span> 
     </span>
    </p>
   </div>
   <div class='ocr_carea' id='block_1_10' title="bbox 93 3110 1150 3151">
    <p class='ocr_par' dir='ltr' id='par_1_13' title="bbox 93 3110 1150 3151">
     <span class='ocr_line' id='line_1_87' title="bbox 93 3110 1150 3151; baseline 0.001 -9"><span class='ocrx_word' id='word_1_635' title='bbox 93 3112 293 3142; x_wconf 86' lang='lat' dir='ltr'><strong>Mezamerus</strong></span> <span class='ocrx_word' id='word_1_636' title='bbox 314 3110 514 3148; x_wconf 82' lang='lat' dir='ltr'><strong>insolentius,</strong></span> <span class='ocrx_word' id='word_1_637' title='bbox 528 3120 625 3150; x_wconf 86' lang='lat' dir='ltr'><strong>quam</strong></span> <span class='ocrx_word' id='word_1_638' title='bbox 642 3111 780 3150; x_wconf 82' lang='lat' dir='ltr'><strong>legatum</strong></span> <span class='ocrx_word' id='word_1_639' title='bbox 795 3111 941 3151; x_wconf 87' lang='lat' dir='ltr'><strong>decebat,</strong></span> <span class='ocrx_word' id='word_1_640' title='bbox 956 3113 1037 3143; x_wconf 81' lang='lat' dir='ltr'><strong>esset</strong></span> <span class='ocrx_word' id='word_1_641' title='bbox 1051 3112 1150 3143; x_wconf 64' lang='lat' dir='ltr'><strong>locu-&gt;</strong></span> 
     </span>
    </p>
   </div>
   <div class='ocr_carea' id='block_1_11' title="bbox 93 3162 1140 3459">
    <p class='ocr_par' dir='ltr' id='par_1_14' title="bbox 93 3162 1140 3459">
     <span class='ocr_line' id='line_1_88' title="bbox 94 3162 1139 3204; baseline 0.001 -10"><span class='ocrx_word' id='word_1_642' title='bbox 94 3164 149 3194; x_wconf 82' lang='lat' dir='ltr'><strong>tus</strong></span> <span class='ocrx_word' id='word_1_643' title='bbox 161 3186 171 3201; x_wconf 81' lang='grc'>,</span> <span class='ocrx_word' id='word_1_644' title='bbox 185 3162 326 3201; x_wconf 85' lang='lat' dir='ltr'><strong>chagano</strong></span> <span class='ocrx_word' id='word_1_645' title='bbox 338 3162 420 3192; x_wconf 82' lang='lat' dir='ltr'><strong>dixit</strong></span> <span class='ocrx_word' id='word_1_646' title='bbox 435 3171 444 3193; x_wconf 79' lang='lat' dir='ltr'>z</span> <span class='ocrx_word' id='word_1_647' title='bbox 460 3174 475 3189; x_wconf 79' lang='grc' dir='ltr'><strong>α</strong></span> <span class='ocrx_word' id='word_1_648' title='bbox 490 3163 547 3194; x_wconf 86' lang='lat' dir='ltr'><strong>Vir</strong></span> <span class='ocrx_word' id='word_1_649' title='bbox 558 3163 611 3194; x_wconf 81' lang='lat' dir='ltr'><strong>ille</strong></span> <span class='ocrx_word' id='word_1_650' title='bbox 624 3171 748 3202; x_wconf 80' lang='lat' dir='ltr'><strong>magnoe</strong></span> <span class='ocrx_word' id='word_1_651' title='bbox 765 3165 812 3195; x_wconf 84' lang='lat' dir='ltr'><strong>est</strong></span> <span class='ocrx_word' id='word_1_652' title='bbox 824 3163 910 3204; x_wconf 86' lang='lat' dir='ltr'><strong>apud</strong></span> <span class='ocrx_word' id='word_1_653' title='bbox 925 3165 1022 3195; x_wconf 78' lang='lat' dir='ltr'><strong>Antas</strong></span> <span class='ocrx_word' id='word_1_654' title='bbox 1032 3166 1139 3196; x_wconf 89' lang='lat' dir='ltr'><strong>aucto-</strong></span> 
     </span>
     <span class='ocr_line' id='line_1_89' title="bbox 94 3215 1140 3257; baseline 0.001 -11"><span class='ocrx_word' id='word_1_655' title='bbox 94 3215 218 3254; x_wconf 87' lang='lat' dir='ltr'><strong>ritatis,</strong></span> <span class='ocrx_word' id='word_1_656' title='bbox 244 3216 277 3246; x_wconf 86' lang='lat' dir='ltr'><strong>et</strong></span> <span class='ocrx_word' id='word_1_657' title='bbox 302 3215 335 3245; x_wconf 93' lang='lat' dir='ltr'><strong>in</strong></span> <span class='ocrx_word' id='word_1_658' title='bbox 357 3223 580 3254; x_wconf 87' lang='lat' dir='ltr'><strong>quoscumque</strong></span> <span class='ocrx_word' id='word_1_659' title='bbox 605 3215 744 3247; x_wconf 85' lang='lat' dir='ltr'><strong>voluerit</strong></span> <span class='ocrx_word' id='word_1_660' title='bbox 767 3216 912 3247; x_wconf 88' lang='lat' dir='ltr'><strong>inimicos</strong></span> <span class='ocrx_word' id='word_1_661' title='bbox 935 3216 1000 3247; x_wconf 88' lang='lat' dir='ltr'><strong>vim</strong></span> <span class='ocrx_word' id='word_1_662' title='bbox 1028 3224 1140 3257; x_wconf 82' lang='lat' dir='ltr'><strong>parare</strong></span> 
     </span>
     <span class='ocr_line' id='line_1_90' title="bbox 94 3265 1138 3307; baseline 0 -9"><span class='ocrx_word' id='word_1_663' title='bbox 94 3267 209 3307; x_wconf 87' lang='lat' dir='ltr'><strong>potest.</strong></span> <span class='ocrx_word' id='word_1_664' title='bbox 227 3267 363 3305; x_wconf 85' lang='lat' dir='ltr'><strong>Oportet</strong></span> <span class='ocrx_word' id='word_1_665' title='bbox 388 3265 484 3304; x_wconf 83' lang='lat' dir='ltr'><strong>igitur</strong></span> <span class='ocrx_word' id='word_1_666' title='bbox 505 3265 608 3305; x_wconf 87' lang='lat' dir='ltr'><strong>ipsum</strong></span> <span class='ocrx_word' id='word_1_667' title='bbox 625 3265 665 3297; x_wconf 93' lang='lat' dir='ltr'><strong>de</strong></span> <span class='ocrx_word' id='word_1_668' title='bbox 681 3266 785 3298; x_wconf 85' lang='lat' dir='ltr'><strong>medio</strong></span> <span class='ocrx_word' id='word_1_669' title='bbox 799 3267 931 3306; x_wconf 87' lang='lat' dir='ltr'><strong>tollere,</strong></span> <span class='ocrx_word' id='word_1_670' title='bbox 952 3267 1068 3299; x_wconf 88' lang='lat' dir='ltr'><strong>deinde</strong></span> <span class='ocrx_word' id='word_1_671' title='bbox 1093 3267 1138 3298; x_wconf 91' lang='lat' dir='ltr'><strong>in·</strong></span> 
     </span>
     <span class='ocr_line' id='line_1_91' title="bbox 93 3316 1138 3358; baseline 0.001 -9"><span class='ocrx_word' id='word_1_672' title='bbox 93 3317 217 3358; x_wconf 86' lang='lat' dir='ltr'><strong>trepide</strong></span> <span class='ocrx_word' id='word_1_673' title='bbox 230 3317 260 3348; x_wconf 90' lang='lat' dir='ltr'><strong>in</strong></span> <span class='ocrx_word' id='word_1_674' title='bbox 273 3318 431 3356; x_wconf 84' lang='lat' dir='ltr'><strong>regionem</strong></span> <span class='ocrx_word' id='word_1_675' title='bbox 447 3316 611 3347; x_wconf 86' lang='lat' dir='ltr'><strong>inimicam</strong></span> <span class='ocrx_word' id='word_1_676' title='bbox 628 3317 834 3349; x_wconf 81' lang='lat' dir='ltr'><strong>excursiones</strong></span> <span class='ocrx_word' id='word_1_677' title='bbox 851 3318 964 3350; x_wconf 75' lang='lat' dir='ltr'><strong>facere.</strong></span> <span class='ocrx_word' id='word_1_678' title='bbox 989 3331 1004 3346; x_wconf 85' lang='lat'>»</span> <span class='ocrx_word' id='word_1_679' title='bbox 1024 3318 1071 3350; x_wconf 90' lang='lat' dir='ltr'><strong>Ab</strong></span> <span class='ocrx_word' id='word_1_680' title='bbox 1083 3318 1138 3349; x_wconf 85' lang='lat' dir='ltr'><strong>ilio</strong></span> 
     </span>
     <span class='ocr_line' id='line_1_92' title="bbox 95 3368 1136 3408; baseline 0.001 -8"><span class='ocrx_word' id='word_1_681' title='bbox 95 3368 225 3400; x_wconf 86' lang='lat' dir='ltr'><strong>adducti</strong></span> <span class='ocrx_word' id='word_1_682' title='bbox 240 3371 376 3406; x_wconf 80' lang='lat' dir='ltr'><strong>Avares,</strong></span> <span class='ocrx_word' id='word_1_683' title='bbox 387 3369 493 3407; x_wconf 84' lang='lat' dir='ltr'><strong>spreta</strong></span> <span class='ocrx_word' id='word_1_684' title='bbox 502 3376 550 3407; x_wconf 86' lang='lat' dir='ltr'><strong>ea,</strong></span> <span class='ocrx_word' id='word_1_685' title='bbox 562 3376 634 3408; x_wconf 76' lang='lat' dir='ltr'><strong>quoe</strong></span> <span class='ocrx_word' id='word_1_686' title='bbox 649 3368 758 3407; x_wconf 80' lang='lat' dir='ltr'><strong>legatis</strong></span> <span class='ocrx_word' id='word_1_687' title='bbox 770 3368 917 3408; x_wconf 86' lang='lat' dir='ltr'><strong>debetur,</strong></span> <span class='ocrx_word' id='word_1_688' title='bbox 938 3370 1114 3401; x_wconf 86' lang='lat' dir='ltr'><strong>reverentia</strong></span> <span class='ocrx_word' id='word_1_689' title='bbox 1127 3393 1136 3408; x_wconf 89' lang='lat'><strong>,</strong></span> 
     </span>
     <span class='ocr_line' id='line_1_93' title="bbox 95 3418 1136 3459; baseline 0 -7"><span class='ocrx_word' id='word_1_690' title='bbox 95 3420 184 3452; x_wconf 84' lang='lat' dir='ltr'><strong>nulla</strong></span> <span class='ocrx_word' id='word_1_691' title='bbox 207 3419 313 3451; x_wconf 81' lang='lat' dir='ltr'><strong>habita</strong></span> <span class='ocrx_word' id='word_1_692' title='bbox 328 3419 408 3459; x_wconf 84' lang='lat' dir='ltr'><strong>juris</strong></span> <span class='ocrx_word' id='word_1_693' title='bbox 424 3418 558 3459; x_wconf 85' lang='lat' dir='ltr'><strong>ratione,</strong></span> <span class='ocrx_word' id='word_1_694' title='bbox 581 3419 796 3451; x_wconf 85' lang='lat' dir='ltr'><strong>Mezamerum</strong></span> <span class='ocrx_word' id='word_1_695' title='bbox 810 3422 934 3452; x_wconf 81' lang='lat' dir='ltr'><strong>necant.</strong></span> <span class='ocrx_word' id='word_1_696' title='bbox 982 3422 1021 3452; x_wconf 85' lang='lat' dir='ltr'><strong>Et</strong></span> <span class='ocrx_word' id='word_1_697' title='bbox 1036 3420 1076 3452; x_wconf 84' lang='lat' dir='ltr'><strong>ab</strong></span> <span class='ocrx_word' id='word_1_698' title='bbox 1098 3429 1136 3452; x_wconf 87' lang='lat' dir='ltr'><strong>eo</strong></span> 
     </span>
    </p>
   </div>
   <div class='ocr_carea' id='block_1_12' title="bbox 1207 2540 2248 2635">
    <p class='ocr_par' dir='ltr' id='par_1_15' title="bbox 1207 2540 2248 2635">
     <span class='ocr_line' id='line_1_94' title="bbox 1209 2540 2248 2583; baseline 0.002 -11"><span class='ocrx_word' id='word_1_699' title='bbox 1209 2542 1354 2581; x_wconf 87' lang='lat' dir='ltr'><strong>tempore</strong></span> <span class='ocrx_word' id='word_1_700' title='bbox 1367 2540 1463 2573; x_wconf 86' lang='lat' dir='ltr'><strong>latius</strong></span> <span class='ocrx_word' id='word_1_701' title='bbox 1479 2543 1511 2573; x_wconf 87' lang='lat' dir='ltr'><strong>et</strong></span> <span class='ocrx_word' id='word_1_702' title='bbox 1527 2542 1656 2574; x_wconf 90' lang='lat' dir='ltr'><strong>liberius</strong></span> <span class='ocrx_word' id='word_1_703' title='bbox 1680 2542 1864 2583; x_wconf 84' lang='lat' dir='ltr'><strong>depopulari</strong></span> <span class='ocrx_word' id='word_1_704' title='bbox 1887 2544 2041 2575; x_wconf 87' lang='lat' dir='ltr'><strong>Antarum</strong></span> <span class='ocrx_word' id='word_1_705' title='bbox 2057 2543 2175 2575; x_wconf 88' lang='lat' dir='ltr'><strong>terram</strong></span> <span class='ocrx_word' id='word_1_706' title='bbox 2188 2551 2248 2575; x_wconf 73' lang='grc' dir='ltr'>οω-</span> 
     </span>
     <span class='ocr_line' id='line_1_95' title="bbox 1207 2594 2164 2635; baseline 0.004 -12"><span class='ocrx_word' id='word_1_707' title='bbox 1207 2594 1334 2632; x_wconf 87' lang='lat' dir='ltr'><strong>perunt,</strong></span> <span class='ocrx_word' id='word_1_708' title='bbox 1349 2601 1455 2633; x_wconf 89' lang='lat' dir='ltr'><strong>neque</strong></span> <span class='ocrx_word' id='word_1_709' title='bbox 1470 2595 1614 2634; x_wconf 86' lang='lat' dir='ltr'><strong>captivos</strong></span> <span class='ocrx_word' id='word_1_710' title='bbox 1632 2595 1688 2625; x_wconf 87' lang='lat' dir='ltr'><strong>aut</strong></span> <span class='ocrx_word' id='word_1_711' title='bbox 1701 2594 1825 2635; x_wconf 81' lang='lat' dir='ltr'><strong>praedas</strong></span> <span class='ocrx_word' id='word_1_712' title='bbox 1837 2603 1929 2635; x_wconf 86' lang='lat' dir='ltr'><strong>agere</strong></span> <span class='ocrx_word' id='word_1_713' title='bbox 1948 2595 2164 2627; x_wconf 81' lang='lat' dir='ltr'><strong>cessaverunt.</strong></span> 
     </span>
    </p>
   </div>
   <div class='ocr_carea' id='block_1_13' title="bbox 1709 2673 1742 2705">
    <p class='ocr_par' dir='ltr' id='par_1_16' title="bbox 1709 2673 1742 2705">
     <span class='ocr_line' id='line_1_96' title="bbox 1709 2673 1742 2705; baseline 0.03 -1"><span class='ocrx_word' id='word_1_714' title='bbox 1709 2673 1742 2705; x_wconf 87' lang='lat'><strong>7.</strong></span> 
     </span>
    </p>
   </div>
   <div class='ocr_carea' id='block_1_14' title="bbox 1204 2744 2246 2890">
    <p class='ocr_par' dir='ltr' id='par_1_17' title="bbox 1204 2744 2246 2890">
     <span class='ocr_line' id='line_1_97' title="bbox 1253 2744 2246 2786; baseline 0.001 -10"><span class='ocrx_word' id='word_1_715' title='bbox 1253 2744 1398 2777; x_wconf 79' lang='lat' dir='ltr'><strong>Thraces</strong></span> <span class='ocrx_word' id='word_1_716' title='bbox 1401 2744 1542 2785; x_wconf 85' lang='lat' dir='ltr'><strong>soedera</strong></span> <span class='ocrx_word' id='word_1_717' title='bbox 1558 2747 1724 2777; x_wconf 69' lang='lat' dir='ltr'><strong>nesciunt.</strong></span> <span class='ocrx_word' id='word_1_718' title='bbox 1739 2745 1843 2785; x_wconf 78' lang='lat' dir='ltr'><strong>Hujus</strong></span> <span class='ocrx_word' id='word_1_719' title='bbox 1855 2745 2014 2786; x_wconf 88' lang='lat' dir='ltr'><strong>proverbii</strong></span> <span class='ocrx_word' id='word_1_720' title='bbox 2030 2744 2174 2778; x_wconf 86' lang='lat' dir='ltr'><strong>meminit</strong></span> <span class='ocrx_word' id='word_1_721' title='bbox 2183 2747 2246 2777; x_wconf 86' lang='lat' dir='ltr'><strong>Me·</strong></span> 
     </span>
     <span class='ocr_line' id='line_1_98' title="bbox 1204 2796 2245 2843; baseline 0.002 -16"><span class='ocrx_word' id='word_1_722' title='bbox 1204 2797 1325 2828; x_wconf 86' lang='lat' dir='ltr'><strong>nander</strong></span> <span class='ocrx_word' id='word_1_723' title='bbox 1343 2796 1424 2828; x_wconf 89' lang='lat' dir='ltr'><strong>libro</strong></span> <span class='ocrx_word' id='word_1_724' title='bbox 1442 2797 1556 2836; x_wconf 89' lang='lat' dir='ltr'><strong>primo.</strong></span> <span class='ocrx_word' id='word_1_725' title='bbox 1575 2797 1660 2828; x_wconf 85' lang='lat' dir='ltr'><strong>Dicit</strong></span> <span class='ocrx_word' id='word_1_726' title='bbox 1673 2797 1758 2828; x_wconf 90' lang='lat' dir='ltr'><strong>enim</strong></span> <span class='ocrx_word' id='word_1_727' title='bbox 1772 2797 1804 2828; x_wconf 92' lang='lat' dir='ltr'><strong>in</strong></span> <span class='ocrx_word' id='word_1_728' title='bbox 1826 2797 1886 2843; x_wconf 81' lang='lat' dir='ltr'><strong>hac</strong></span> <span class='ocrx_word' id='word_1_729' title='bbox 1899 2798 1984 2829; x_wconf 85' lang='lat' dir='ltr'><strong>terra</strong></span> <span class='ocrx_word' id='word_1_730' title='bbox 2010 2797 2164 2837; x_wconf 75' lang='lat' dir='ltr'><strong>leyatum</strong></span> <span class='ocrx_word' id='word_1_731' title='bbox 2183 2799 2245 2829; x_wconf 79' lang='lat' dir='ltr'><strong>An·</strong></span> 
     </span>
     <span class='ocr_line' id='line_1_99' title="bbox 1205 2848 1987 2890; baseline 0 -10"><span class='ocrx_word' id='word_1_732' title='bbox 1205 2851 1323 2880; x_wconf 82' lang='lat' dir='ltr'><strong>tarum</strong></span> <span class='ocrx_word' id='word_1_733' title='bbox 1337 2848 1443 2889; x_wconf 78' lang='lat' dir='ltr'><strong>jaculo</strong></span> <span class='ocrx_word' id='word_1_734' title='bbox 1456 2857 1512 2888; x_wconf 91' lang='lat' dir='ltr'><strong>per</strong></span> <span class='ocrx_word' id='word_1_735' title='bbox 1523 2851 1634 2889; x_wconf 84' lang='lat' dir='ltr'><strong>pectus</strong></span> <span class='ocrx_word' id='word_1_736' title='bbox 1646 2849 1836 2880; x_wconf 85' lang='lat' dir='ltr'><strong>transfixum</strong></span> <span class='ocrx_word' id='word_1_737' title='bbox 1848 2849 1987 2890; x_wconf 86' lang='lat' dir='ltr'><strong>periisse.</strong></span> 
     </span>
    </p>
   </div>
   <div class='ocr_carea' id='block_1_15' title="bbox 1705 2926 1740 2958">
    <p class='ocr_par' dir='ltr' id='par_1_18' title="bbox 1705 2926 1740 2958">
     <span class='ocr_line' id='line_1_100' title="bbox 1705 2926 1740 2958; baseline 0 0"><span class='ocrx_word' id='word_1_738' title='bbox 1705 2926 1740 2958; x_wconf 88' lang='grc'><strong>8.</strong></span> 
     </span>
    </p>
   </div>
   <div class='ocr_carea' id='block_1_16' title="bbox 1197 3000 2244 3406">
    <p class='ocr_par' dir='ltr' id='par_1_19' title="bbox 1197 3000 2244 3406">
     <span class='ocr_line' id='line_1_101' title="bbox 1243 3000 2244 3043; baseline -0.003 -7"><span class='ocrx_word' id='word_1_739' title='bbox 1243 3003 1408 3043; x_wconf 86' lang='lat' dir='ltr'><strong>Ammigus</strong></span> <span class='ocrx_word' id='word_1_740' title='bbox 1433 3004 1574 3035; x_wconf 82' lang='lat' dir='ltr'><strong>Francus</strong></span> <span class='ocrx_word' id='word_1_741' title='bbox 1601 3003 1706 3034; x_wconf 81' lang='lat' dir='ltr'><strong>castra</strong></span> <span class='ocrx_word' id='word_1_742' title='bbox 1736 3001 1855 3034; x_wconf 86' lang='lat' dir='ltr'><strong>locavit</strong></span> <span class='ocrx_word' id='word_1_743' title='bbox 1879 3010 1918 3033; x_wconf 89' lang='lat' dir='ltr'><strong>ex</strong></span> <span class='ocrx_word' id='word_1_744' title='bbox 1937 3000 2070 3033; x_wconf 90' lang='lat' dir='ltr'><strong>adverso</strong></span> <span class='ocrx_word' id='word_1_745' title='bbox 2103 3000 2244 3033; x_wconf 81' lang='lat' dir='ltr'><strong>fluminis</strong></span> 
     </span>
     <span class='ocr_line' id='line_1_102' title="bbox 1202 3048 2242 3095; baseline -0.003 -7"><span class='ocrx_word' id='word_1_746' title='bbox 1202 3056 1346 3093; x_wconf 84' lang='lat' dir='ltr'><strong>Athesis,</strong></span> <span class='ocrx_word' id='word_1_747' title='bbox 1361 3054 1445 3095; x_wconf 89' lang='lat' dir='ltr'><strong>quod</strong></span> <span class='ocrx_word' id='word_1_748' title='bbox 1459 3048 1594 3086; x_wconf 81' lang='lat' dir='ltr'><strong>Romani</strong></span> <span class='ocrx_word' id='word_1_749' title='bbox 1609 3053 1744 3085; x_wconf 83' lang='lat' dir='ltr'><strong>transire</strong></span> <span class='ocrx_word' id='word_1_750' title='bbox 1766 3053 2008 3084; x_wconf 77' lang='lat' dir='ltr'><strong>constituerant,</strong></span> <span class='ocrx_word' id='word_1_751' title='bbox 2023 3054 2091 3084; x_wconf 84' lang='lat' dir='ltr'><strong>Hoc</strong></span> <span class='ocrx_word' id='word_1_752' title='bbox 2114 3053 2242 3092; x_wconf 77' lang='lat' dir='ltr'><strong>cognito</strong></span> 
     </span>
     <span class='ocr_line' id='line_1_103' title="bbox 1200 3103 2240 3147; baseline -0.004 -7"><span class='ocrx_word' id='word_1_753' title='bbox 1200 3110 1315 3140; x_wconf 87' lang='lat' dir='ltr'><strong>Narses</strong></span> <span class='ocrx_word' id='word_1_754' title='bbox 1339 3106 1607 3147; x_wconf 82' lang='lat' dir='ltr'><strong>Pamphronium,</strong></span> <span class='ocrx_word' id='word_1_755' title='bbox 1627 3106 1682 3145; x_wconf 83' lang='lat' dir='ltr'><strong>qui</strong></span> <span class='ocrx_word' id='word_1_756' title='bbox 1700 3113 1783 3136; x_wconf 88' lang='lat' dir='ltr'><strong>unus</strong></span> <span class='ocrx_word' id='word_1_757' title='bbox 1799 3113 1836 3136; x_wconf 85' lang='lat' dir='ltr'><strong>ex</strong></span> <span class='ocrx_word' id='word_1_758' title='bbox 1860 3103 1999 3145; x_wconf 87' lang='lat' dir='ltr'><strong>patriciis</strong></span> <span class='ocrx_word' id='word_1_759' title='bbox 2014 3104 2102 3142; x_wconf 86' lang='lat' dir='ltr'><strong>erat,</strong></span> <span class='ocrx_word' id='word_1_760' title='bbox 2123 3104 2156 3135; x_wconf 85' lang='lat' dir='ltr'><strong>et</strong></span> <span class='ocrx_word' id='word_1_761' title='bbox 2177 3105 2240 3136; x_wconf 86' lang='lat' dir='ltr'><strong>Bo·</strong></span> 
     </span>
     <span class='ocr_line' id='line_1_104' title="bbox 1200 3154 2240 3198; baseline -0.004 -7"><span class='ocrx_word' id='word_1_762' title='bbox 1200 3168 1292 3198; x_wconf 87' lang='lat' dir='ltr'><strong>num,</strong></span> <span class='ocrx_word' id='word_1_763' title='bbox 1301 3158 1450 3190; x_wconf 91' lang='lat' dir='ltr'><strong>comitem</strong></span> <span class='ocrx_word' id='word_1_764' title='bbox 1462 3157 1505 3189; x_wconf 87' lang='lat' dir='ltr'><strong>rei</strong></span> <span class='ocrx_word' id='word_1_765' title='bbox 1516 3157 1647 3197; x_wconf 78' lang='lat' dir='ltr'><strong>privatae</strong></span> <span class='ocrx_word' id='word_1_766' title='bbox 1656 3155 1864 3196; x_wconf 85' lang='lat' dir='ltr'><strong>imperatoris,</strong></span> <span class='ocrx_word' id='word_1_767' title='bbox 1874 3154 1992 3195; x_wconf 83' lang='lat' dir='ltr'><strong>legatos</strong></span> <span class='ocrx_word' id='word_1_768' title='bbox 2001 3154 2041 3186; x_wconf 87' lang='lat' dir='ltr'><strong>ad</strong></span> <span class='ocrx_word' id='word_1_769' title='bbox 2057 3155 2240 3195; x_wconf 85' lang='lat' dir='ltr'><strong>Ammigum</strong></span> 
     </span>
     <span class='ocr_line' id='line_1_105' title="bbox 1200 3205 2239 3247; baseline -0.003 -5"><span class='ocrx_word' id='word_1_770' title='bbox 1200 3211 1308 3242; x_wconf 86' lang='lat' dir='ltr'><strong>mittit.</strong></span> <span class='ocrx_word' id='word_1_771' title='bbox 1333 3212 1392 3242; x_wconf 85' lang='lat' dir='ltr'><strong>Per</strong></span> <span class='ocrx_word' id='word_1_772' title='bbox 1409 3209 1466 3240; x_wconf 85' lang='lat' dir='ltr'><strong>bos</strong></span> <span class='ocrx_word' id='word_1_773' title='bbox 1493 3208 1692 3240; x_wconf 84' lang='lat' dir='ltr'><strong>denuntiavit</strong></span> <span class='ocrx_word' id='word_1_774' title='bbox 1708 3206 1851 3247; x_wconf 83' lang='lat' dir='ltr'><strong>Ammigo</strong></span> <span class='ocrx_word' id='word_1_775' title='bbox 1873 3208 1910 3238; x_wconf 89' lang='lat' dir='ltr'><strong>ut</strong></span> <span class='ocrx_word' id='word_1_776' title='bbox 1931 3205 2116 3244; x_wconf 86' lang='lat' dir='ltr'><strong>decederet,</strong></span> <span class='ocrx_word' id='word_1_777' title='bbox 2134 3214 2239 3247; x_wconf 86' lang='lat' dir='ltr'><strong>neque</strong></span> 
     </span>
     <span class='ocr_line' id='line_1_106' title="bbox 1198 3256 2238 3298; baseline -0.006 -4"><span class='ocrx_word' id='word_1_778' title='bbox 1198 3262 1315 3294; x_wconf 87' lang='lat' dir='ltr'><strong>iterum</strong></span> <span class='ocrx_word' id='word_1_779' title='bbox 1329 3260 1448 3292; x_wconf 84' lang='lat' dir='ltr'><strong>benum</strong></span> <span class='ocrx_word' id='word_1_780' title='bbox 1465 3261 1576 3291; x_wconf 85' lang='lat' dir='ltr'><strong>contra</strong></span> <span class='ocrx_word' id='word_1_781' title='bbox 1593 3261 1751 3291; x_wconf 89' lang='lat' dir='ltr'><strong>Romanos</strong></span> <span class='ocrx_word' id='word_1_782' title='bbox 1765 3259 1898 3298; x_wconf 87' lang='lat' dir='ltr'><strong>gereret.</strong></span> <span class='ocrx_word' id='word_1_783' title='bbox 1919 3257 2057 3288; x_wconf 82' lang='lat' dir='ltr'><strong>lnduciae</strong></span> <span class='ocrx_word' id='word_1_784' title='bbox 2074 3256 2159 3288; x_wconf 86' lang='lat' dir='ltr'><strong>enim</strong></span> <span class='ocrx_word' id='word_1_785' title='bbox 2182 3266 2238 3297; x_wconf 85' lang='lat' dir='ltr'><strong>per</strong></span> 
     </span>
     <span class='ocr_line' id='line_1_107' title="bbox 1197 3310 2237 3354; baseline -0.005 -7"><span class='ocrx_word' id='word_1_786' title='bbox 1197 3315 1230 3347; x_wconf 91' lang='lat' dir='ltr'><strong>id</strong></span> <span class='ocrx_word' id='word_1_787' title='bbox 1244 3317 1371 3354; x_wconf 87' lang='lat' dir='ltr'><strong>tempus</strong></span> <span class='ocrx_word' id='word_1_788' title='bbox 1385 3313 1468 3344; x_wconf 83' lang='lat' dir='ltr'><strong>inter</strong></span> <span class='ocrx_word' id='word_1_789' title='bbox 1482 3314 1618 3344; x_wconf 86' lang='lat' dir='ltr'><strong>Francos</strong></span> <span class='ocrx_word' id='word_1_790' title='bbox 1630 3313 1662 3343; x_wconf 90' lang='lat' dir='ltr'><strong>et</strong></span> <span class='ocrx_word' id='word_1_791' title='bbox 1677 3313 1836 3342; x_wconf 80' lang='lat' dir='ltr'><strong>Romanos</strong></span> <span class='ocrx_word' id='word_1_792' title='bbox 1850 3311 1942 3342; x_wconf 78' lang='lat' dir='ltr'><strong>factae</strong></span> <span class='ocrx_word' id='word_1_793' title='bbox 1954 3310 2056 3342; x_wconf 89' lang='lat' dir='ltr'><strong>erant.</strong></span> <span class='ocrx_word' id='word_1_794' title='bbox 2074 3310 2237 3350; x_wconf 85' lang='lat' dir='ltr'><strong>Ammigus</strong></span> 
     </span>
     <span class='ocr_line' id='line_1_108' title="bbox 1197 3362 2236 3406; baseline -0.005 -7"><span class='ocrx_word' id='word_1_795' title='bbox 1197 3376 1272 3399; x_wconf 83' lang='lat' dir='ltr'><strong>vero</strong></span> <span class='ocrx_word' id='word_1_796' title='bbox 1287 3365 1447 3406; x_wconf 86' lang='lat' dir='ltr'><strong>respondit</strong></span> <span class='ocrx_word' id='word_1_797' title='bbox 1468 3373 1586 3405; x_wconf 84' lang='lat' dir='ltr'><strong>senon</strong></span> <span class='ocrx_word' id='word_1_798' title='bbox 1614 3373 1795 3404; x_wconf 84' lang='lat' dir='ltr'><strong>cessurum,</strong></span> <span class='ocrx_word' id='word_1_799' title='bbox 1823 3363 1976 3404; x_wconf 85' lang='lat' dir='ltr'><strong>quamdiu</strong></span> <span class='ocrx_word' id='word_1_800' title='bbox 1999 3370 2113 3394; x_wconf 80' lang='lat' dir='ltr'><strong>manus</strong></span> <span class='ocrx_word' id='word_1_801' title='bbox 2133 3362 2236 3395; x_wconf 87' lang='lat' dir='ltr'><strong>telum</strong></span> 
     </span>
    </p>
   </div>
   <div class='ocr_carea' id='block_1_17' title="bbox 1192 3418 1452 3460">
    <p class='ocr_par' dir='ltr' id='par_1_20' title="bbox 1192 3418 1452 3460">
     <span class='ocr_line' id='line_1_109' title="bbox 1192 3418 1452 3460; baseline -0.012 -9"><span class='ocrx_word' id='word_1_802' title='bbox 1192 3418 1324 3460; x_wconf 74' lang='lat' dir='ltr'><strong>Jacnlari</strong></span> <span class='ocrx_word' id='word_1_803' title='bbox 1338 3418 1452 3459; x_wconf 81' lang='lat' dir='ltr'><strong>posset.</strong></span> 
     </span>
    </p>
   </div>
  </div>
 </body>
</html>
