<?xml version="1.0" encoding="UTF-8"?>
<!DOCTYPE html PUBLIC "-//W3C//DTD XHTML 1.0 Transitional//EN"
    "http://www.w3.org/TR/xhtml1/DTD/xhtml1-transitional.dtd">
<html xmlns="http://www.w3.org/1999/xhtml" xml:lang="en" lang="en">
 <head>
  <title>
</title>
<meta http-equiv="Content-Type" content="text/html;charset=utf-8" />
  <meta name='ocr-system' content='tesseract 3.04.00' />
  <meta name='ocr-capabilities' content='ocr_page ocr_carea ocr_par ocr_line ocrx_word'/>
</head>
<body>
  <div class='ocr_page' id='page_1' title='image "./fragmentahistori04mueluoft_0363.png"; bbox 0 0 2372 3704; ppageno 0'>
   <div class='ocr_carea' id='block_1_1' title="bbox 869 210 1454 250">
    <p class='ocr_par' dir='ltr' id='par_1_1' title="bbox 869 210 1454 250">
     <span class='ocr_line' id='line_1_1' title="bbox 869 210 1454 250; baseline 0.003 -2"><span class='ocrx_word' id='word_1_1' title='bbox 869 210 1088 249; x_wconf 84' lang='lat' dir='ltr'><strong>BOTRYAE</strong></span> <span class='ocrx_word' id='word_1_2' title='bbox 1118 210 1454 250; x_wconf 82' lang='lat' dir='ltr'><strong>FRAGMENTA.</strong></span> 
     </span>
    </p>
   </div>
   <div class='ocr_carea' id='block_1_2' title="bbox 467 286 769 440">
    <p class='ocr_par' dir='ltr' id='par_1_2' title="bbox 467 286 769 440">
     <span class='ocr_line' id='line_1_2' title="bbox 467 286 769 358; baseline -0.003 -2"><span class='ocrx_word' id='word_1_3' title='bbox 467 286 769 358; x_wconf 74' lang='lat' dir='ltr'><strong><em>AIOIOlIIKA.</em></strong></span> 
     </span>
     <span class='ocr_line' id='line_1_3' title="bbox 596 418 626 440; baseline 0 0"><span class='ocrx_word' id='word_1_4' title='bbox 596 418 626 440; x_wconf 93' lang='lat'><strong>1.</strong></span> 
     </span>
    </p>
   </div>
   <div class='ocr_carea' id='block_1_3' title="bbox 80 483 1135 1062">
    <p class='ocr_par' dir='ltr' id='par_1_3' title="bbox 80 483 1135 1062">
     <span class='ocr_line' id='line_1_4' title="bbox 139 483 1126 534; baseline 0 -12"><span class='ocrx_word' id='word_1_5' title='bbox 139 486 282 522; x_wconf 88' lang='lat' dir='ltr'>Plinius</span> <span class='ocrx_word' id='word_1_6' title='bbox 295 486 397 522; x_wconf 89' lang='lat' dir='ltr'><strong>H.N.</strong></span> <span class='ocrx_word' id='word_1_7' title='bbox 413 486 478 530; x_wconf 89' lang='lat' dir='ltr'><strong><em>VI,</em></strong></span> <span class='ocrx_word' id='word_1_8' title='bbox 499 483 560 530; x_wconf 83' lang='lat'><strong><em>35,</em></strong></span> <span class='ocrx_word' id='word_1_9' title='bbox 571 497 612 533; x_wconf 88' lang='lat' dir='ltr'><strong><em>p.</em></strong></span> <span class='ocrx_word' id='word_1_10' title='bbox 626 483 698 531; x_wconf 83' lang='lat'><strong><em>387</em></strong></span> <span class='ocrx_word' id='word_1_11' title='bbox 711 485 772 523; x_wconf 89' lang='lat' dir='ltr'><strong><em>ed.</em></strong></span> <span class='ocrx_word' id='word_1_12' title='bbox 786 485 904 523; x_wconf 87' lang='lat' dir='ltr'><strong><em>Tchn.</em></strong></span> <span class='ocrx_word' id='word_1_13' title='bbox 923 498 931 520; x_wconf 92' lang='lat'>:</span> <span class='ocrx_word' id='word_1_14' title='bbox 951 486 1126 534; x_wconf 72' lang='lat' dir='ltr'><strong><em>ASJene,</em></strong></span> 
     </span>
     <span class='ocr_line' id='line_1_5' title="bbox 85 545 1135 593; baseline 0.002 -13"><span class='ocrx_word' id='word_1_15' title='bbox 85 553 123 580; x_wconf 84' lang='lat' dir='ltr'><strong><em>et</em></strong></span> <span class='ocrx_word' id='word_1_16' title='bbox 143 547 249 593; x_wconf 83' lang='lat' dir='ltr'><strong><em>prius</em></strong></span> <span class='ocrx_word' id='word_1_17' title='bbox 273 545 430 580; x_wconf 81' lang='lat' dir='ltr'><strong><em>Arabioe</em></strong></span> <span class='ocrx_word' id='word_1_18' title='bbox 460 545 591 589; x_wconf 88' lang='lat' dir='ltr'><strong><em>latere,</em></strong></span> <span class='ocrx_word' id='word_1_19' title='bbox 629 556 722 592; x_wconf 79' lang='lat' dir='ltr'><strong><em>gens</em></strong></span> <span class='ocrx_word' id='word_1_20' title='bbox 754 545 946 593; x_wconf 79' lang='lat' dir='ltr'><em>Catadupi</em></span> <span class='ocrx_word' id='word_1_21' title='bbox 955 557 967 588; x_wconf 89' lang='lat'><em>;</em></span> <span class='ocrx_word' id='word_1_22' title='bbox 997 546 1135 582; x_wconf 86' lang='lat' dir='ltr'><strong><em>deinde</em></strong></span> 
     </span>
     <span class='ocr_line' id='line_1_6' title="bbox 84 603 1131 654; baseline 0.001 -15"><span class='ocrx_word' id='word_1_23' title='bbox 84 604 257 650; x_wconf 76' lang='lat' dir='ltr'><strong><em>Syenitoe.</em></strong></span> <span class='ocrx_word' id='word_1_24' title='bbox 279 603 432 652; x_wconf 81' lang='lat' dir='ltr'><strong><em>Oppida</em></strong></span> <span class='ocrx_word' id='word_1_25' title='bbox 453 616 465 638; x_wconf 93' lang='lat'><em>:</em></span> <span class='ocrx_word' id='word_1_26' title='bbox 489 604 735 651; x_wconf 85' lang='lat' dir='ltr'><strong><em>Tacompson,</em></strong></span> <span class='ocrx_word' id='word_1_27' title='bbox 762 617 874 652; x_wconf 81' lang='lat' dir='ltr'><strong><em>quam</em></strong></span> <span class='ocrx_word' id='word_1_28' title='bbox 889 605 1042 652; x_wconf 86' lang='lat' dir='ltr'><strong><em>quidam</em></strong></span> <span class='ocrx_word' id='word_1_29' title='bbox 1062 619 1131 654; x_wconf 89' lang='lat' dir='ltr'><strong><em>ap-</em></strong></span> 
     </span>
     <span class='ocr_line' id='line_1_7' title="bbox 80 661 1135 710; baseline 0.004 -14"><span class='ocrx_word' id='word_1_30' title='bbox 80 663 317 710; x_wconf 79' lang='lat' dir='ltr'><strong><em>pellaverunt</em></strong></span> <span class='ocrx_word' id='word_1_31' title='bbox 333 661 560 706; x_wconf 61' lang='lat' dir='ltr'><strong><em>mathia-en,</em></strong></span> <span class='ocrx_word' id='word_1_32' title='bbox 581 662 787 706; x_wconf 81' lang='lat' dir='ltr'><strong><em>Aranium,</em></strong></span> <span class='ocrx_word' id='word_1_33' title='bbox 808 664 1019 708; x_wconf 81' lang='lat' dir='ltr'><strong><em>Sesanium,</em></strong></span> <span class='ocrx_word' id='word_1_34' title='bbox 1040 665 1135 700; x_wconf 88' lang='lat' dir='ltr'><strong><em>San-</em></strong></span> 
     </span>
     <span class='ocr_line' id='line_1_8' title="bbox 84 720 1132 766; baseline 0.004 -11"><span class='ocrx_word' id='word_1_35' title='bbox 84 721 189 764; x_wconf 78' lang='lat' dir='ltr'><strong><em>dura,</em></strong></span> <span class='ocrx_word' id='word_1_36' title='bbox 211 720 444 763; x_wconf 80' lang='lat' dir='ltr'><strong><em>Nasaudum,</em></strong></span> <span class='ocrx_word' id='word_1_37' title='bbox 465 721 676 765; x_wconf 89' lang='lat' dir='ltr'><strong><em>Anadoma,</em></strong></span> <span class='ocrx_word' id='word_1_38' title='bbox 700 722 879 766; x_wconf 86' lang='lat' dir='ltr'><strong><em>Cumara,</em></strong></span> <span class='ocrx_word' id='word_1_39' title='bbox 896 723 991 758; x_wconf 89' lang='lat' dir='ltr'><strong><em>Peta</em></strong></span> <span class='ocrx_word' id='word_1_40' title='bbox 1007 731 1044 758; x_wconf 86' lang='lat' dir='ltr'><strong><em>et</em></strong></span> <span class='ocrx_word' id='word_1_41' title='bbox 1059 725 1132 759; x_wconf 89' lang='lat' dir='ltr'><strong><em>Bo-</em></strong></span> 
     </span>
     <span class='ocr_line' id='line_1_9' title="bbox 83 778 1124 827; baseline 0.002 -13"><span class='ocrx_word' id='word_1_42' title='bbox 83 778 239 822; x_wconf 76' lang='lat' dir='ltr'><strong><em>chiana,</em></strong></span> <span class='ocrx_word' id='word_1_43' title='bbox 265 778 564 827; x_wconf 76' lang='lat' dir='ltr'><strong><em>Leuphitlzorga,</em></strong></span> <span class='ocrx_word' id='word_1_44' title='bbox 584 780 815 823; x_wconf 74' lang='lat' dir='ltr'><em>Tautarene,</em></span> <span class='ocrx_word' id='word_1_45' title='bbox 843 780 1124 826; x_wconf 81' lang='lat' dir='ltr'><strong><em>Moechindira,</em></strong></span> 
     </span>
     <span class='ocr_line' id='line_1_10' title="bbox 83 837 1125 886; baseline 0.003 -13"><span class='ocrx_word' id='word_1_46' title='bbox 83 838 188 882; x_wconf 89' lang='lat' dir='ltr'><strong><em>Noa,</em></strong></span> <span class='ocrx_word' id='word_1_47' title='bbox 205 837 379 886; x_wconf 75' lang='lat' dir='ltr'><strong><em>Gophna,</em></strong></span> <span class='ocrx_word' id='word_1_48' title='bbox 413 838 583 884; x_wconf 79' lang='lat' dir='ltr'><strong><em>Gystute,</em></strong></span> <span class='ocrx_word' id='word_1_49' title='bbox 607 839 788 886; x_wconf 84' lang='lat' dir='ltr'><strong><em>Megeda,</em></strong></span> <span class='ocrx_word' id='word_1_50' title='bbox 809 841 902 883; x_wconf 86' lang='lat' dir='ltr'><strong><em>Lea,</em></strong></span> <span class='ocrx_word' id='word_1_51' title='bbox 930 840 1125 885; x_wconf 78' lang='lat' dir='ltr'><strong><em>themnia,</em></strong></span> 
     </span>
     <span class='ocr_line' id='line_1_11' title="bbox 83 897 1132 944; baseline 0.002 -12"><span class='ocrx_word' id='word_1_52' title='bbox 83 897 244 944; x_wconf 71' lang='lat' dir='ltr'><strong><em>NupsIa,</em></strong></span> <span class='ocrx_word' id='word_1_53' title='bbox 271 897 407 940; x_wconf 75' lang='lat' dir='ltr'><strong><em>Dii-ea,</em></strong></span> <span class='ocrx_word' id='word_1_54' title='bbox 435 898 605 943; x_wconf 78' lang='lat' dir='ltr'><strong><em>Pataga,</em></strong></span> <span class='ocrx_word' id='word_1_55' title='bbox 626 898 800 943; x_wconf 79' lang='lat' dir='ltr'><strong><em>Bagada,</em></strong></span> <span class='ocrx_word' id='word_1_56' title='bbox 823 899 1007 942; x_wconf 83' lang='lat' dir='ltr'><strong><em>Dumana,</em></strong></span> <span class='ocrx_word' id='word_1_57' title='bbox 1028 898 1132 934; x_wconf 76' lang='lat' dir='ltr'><em>Rha-</em></span> 
     </span>
     <span class='ocr_line' id='line_1_12' title="bbox 83 953 1133 1003; baseline 0.002 -14"><span class='ocrx_word' id='word_1_58' title='bbox 83 955 190 996; x_wconf 82' lang='lat' dir='ltr'><strong><em>data,</em></strong></span> <span class='ocrx_word' id='word_1_59' title='bbox 217 957 255 990; x_wconf 84' lang='lat' dir='ltr'><strong><em>in</em></strong></span> <span class='ocrx_word' id='word_1_60' title='bbox 275 968 346 1003; x_wconf 81' lang='lat' dir='ltr'><strong><em>quo</em></strong></span> <span class='ocrx_word' id='word_1_61' title='bbox 355 953 456 1000; x_wconf 81' lang='lat' dir='ltr'><strong><em>felis</em></strong></span> <span class='ocrx_word' id='word_1_62' title='bbox 485 968 602 990; x_wconf 74' lang='lat' dir='ltr'><strong><em>aunea</em></strong></span> <span class='ocrx_word' id='word_1_63' title='bbox 615 968 685 1003; x_wconf 86' lang='lat' dir='ltr'><strong><em>pro</em></strong></span> <span class='ocrx_word' id='word_1_64' title='bbox 700 956 770 991; x_wconf 87' lang='lat' dir='ltr'><strong><em>deo</em></strong></span> <span class='ocrx_word' id='word_1_65' title='bbox 787 956 983 999; x_wconf 81' lang='lat' dir='ltr'><strong><em>colebatur,</em></strong></span> <span class='ocrx_word' id='word_1_66' title='bbox 1010 958 1133 992; x_wconf 89' lang='lat' dir='ltr'><strong><em>Boron</em></strong></span> 
     </span>
     <span class='ocr_line' id='line_1_13' title="bbox 85 1014 1132 1062; baseline 0.003 -14"><span class='ocrx_word' id='word_1_67' title='bbox 85 1017 121 1049; x_wconf 86' lang='lat' dir='ltr'><strong><em>in</em></strong></span> <span class='ocrx_word' id='word_1_68' title='bbox 141 1015 428 1058; x_wconf 83' lang='lat' dir='ltr'><strong><em>mediterraneo,</em></strong></span> <span class='ocrx_word' id='word_1_69' title='bbox 455 1014 615 1058; x_wconf 84' lang='lat' dir='ltr'><strong><em>Mallos,</em></strong></span> <span class='ocrx_word' id='word_1_70' title='bbox 643 1017 856 1062; x_wconf 69' lang='lat' dir='ltr'><strong><em>prooeimum</em></strong></span> <span class='ocrx_word' id='word_1_71' title='bbox 884 1016 1046 1053; x_wconf 82' lang='lat' dir='ltr'><strong><em>Merooe.</em></strong></span> <span class='ocrx_word' id='word_1_72' title='bbox 1071 1016 1132 1051; x_wconf 88' lang='lat' dir='ltr'><strong><em>Sic</em></strong></span> 
     </span>
    </p>
   </div>
   <div class='ocr_carea' id='block_1_4' title="bbox 79 1073 1131 1257">
    <p class='ocr_par' dir='ltr' id='par_1_4' title="bbox 79 1073 1131 1257">
     <span class='ocr_line' id='line_1_14' title="bbox 79 1073 1131 1122; baseline 0.004 -15"><span class='ocrx_word' id='word_1_73' title='bbox 79 1074 245 1121; x_wconf 80' lang='lat' dir='ltr'><em>prodidit</em></span> <span class='ocrx_word' id='word_1_74' title='bbox 253 1075 362 1110; x_wconf 84' lang='lat' dir='ltr'><strong><em>Bion.</em></strong></span> <span class='ocrx_word' id='word_1_75' title='bbox 375 1073 476 1109; x_wconf 75' lang='lat' dir='ltr'><strong><em>Jub‘a</em></strong></span> <span class='ocrx_word' id='word_1_76' title='bbox 489 1074 610 1112; x_wconf 83' lang='lat' dir='ltr'><strong><em>aliter.</em></strong></span> <span class='ocrx_word' id='word_1_77' title='bbox 628 1073 692 1122; x_wconf 90' lang='lat' dir='ltr'><strong>(V.</strong></span> <span class='ocrx_word' id='word_1_78' title='bbox 704 1073 810 1109; x_wconf 89' lang='lat' dir='ltr'><strong><em>Jubae</em></strong></span> <span class='ocrx_word' id='word_1_79' title='bbox 820 1073 865 1112; x_wconf 83' lang='lat' dir='ltr'><strong><em>fr.</em></strong></span> <span class='ocrx_word' id='word_1_80' title='bbox 882 1078 946 1119; x_wconf 73' lang='lat'><strong><em>42,</em></strong></span> <span class='ocrx_word' id='word_1_81' title='bbox 960 1076 1131 1120; x_wconf 90' lang='lat' dir='ltr'><strong><em>tom.111‚</em></strong></span> 
     </span>
     <span class='ocr_line' id='line_1_15' title="bbox 82 1132 256 1182; baseline 0.011 -2"><span class='ocrx_word' id='word_1_82' title='bbox 82 1145 124 1180; x_wconf 83' lang='lat' dir='ltr'><strong><em>P·</em></strong></span> <span class='ocrx_word' id='word_1_83' title='bbox 145 1132 256 1182; x_wconf 77' lang='lat'><strong>477·)</strong></span> 
     </span>
     <span class='ocr_line' id='line_1_16' title="bbox 588 1232 625 1257; baseline 0.054 -2"><span class='ocrx_word' id='word_1_84' title='bbox 588 1232 625 1257; x_wconf 82' lang='lat'><strong>2.</strong></span> 
     </span>
    </p>
   </div>
   <div class='ocr_carea' id='block_1_5' title="bbox 32 1293 1134 1872">
    <p class='ocr_par' dir='ltr' id='par_1_5' title="bbox 32 1293 1134 1872">
     <span class='ocr_line' id='line_1_17' title="bbox 138 1293 1134 1344; baseline 0.003 -13"><span class='ocrx_word' id='word_1_85' title='bbox 138 1295 246 1331; x_wconf 88' lang='lat' dir='ltr'>Idem</span> <span class='ocrx_word' id='word_1_86' title='bbox 262 1295 363 1344; x_wconf 89' lang='lat' dir='ltr'><strong>ib.p.</strong></span> <span class='ocrx_word' id='word_1_87' title='bbox 389 1293 464 1331; x_wconf 81' lang='lat'><strong><em>388</em></strong></span> <span class='ocrx_word' id='word_1_88' title='bbox 479 1295 615 1331; x_wconf 88' lang='lat' dir='ltr'><strong>Tchn.:</strong></span> <span class='ocrx_word' id='word_1_89' title='bbox 636 1297 696 1331; x_wconf 72' lang='lat' dir='ltr'><strong><em>Ex</em></strong></span> <span class='ocrx_word' id='word_1_90' title='bbox 708 1295 851 1342; x_wconf 84' lang='lat' dir='ltr'><strong><em>Africoe</em></strong></span> <span class='ocrx_word' id='word_1_91' title='bbox 862 1298 979 1332; x_wconf 82' lang='lat' dir='ltr'><strong><em>latere</em></strong></span> <span class='ocrx_word' id='word_1_92' title='bbox 993 1299 1134 1335; x_wconf 85' lang='lat' dir='ltr'><strong><em>tradita</em></strong></span> 
     </span>
     <span class='ocr_line' id='line_1_18' title="bbox 83 1355 1134 1404; baseline 0.003 -15"><span class='ocrx_word' id='word_1_93' title='bbox 83 1363 171 1389; x_wconf 86' lang='lat' dir='ltr'><strong><em>sunt</em></strong></span> <span class='ocrx_word' id='word_1_94' title='bbox 193 1355 321 1390; x_wconf 86' lang='lat' dir='ltr'><strong><em>eodem</em></strong></span> <span class='ocrx_word' id='word_1_95' title='bbox 347 1358 497 1390; x_wconf 84' lang='lat' dir='ltr'><strong><em>nomine</em></strong></span> <span class='ocrx_word' id='word_1_96' title='bbox 526 1355 748 1403; x_wconf 81' lang='lat' dir='ltr'><strong><em>Tacompsos</em></strong></span> <span class='ocrx_word' id='word_1_97' title='bbox 778 1357 916 1399; x_wconf 87' lang='lat' dir='ltr'><strong><em>altera,</em></strong></span> <span class='ocrx_word' id='word_1_98' title='bbox 944 1360 1019 1392; x_wconf 80' lang='lat' dir='ltr'><strong><em>sive</em></strong></span> <span class='ocrx_word' id='word_1_99' title='bbox 1038 1369 1134 1404; x_wconf 80' lang='lat' dir='ltr'><strong><em>pars</em></strong></span> 
     </span>
     <span class='ocr_line' id='line_1_19' title="bbox 77 1414 1125 1462; baseline 0.003 -15"><span class='ocrx_word' id='word_1_100' title='bbox 77 1416 236 1461; x_wconf 82' lang='lat' dir='ltr'><strong><em>prioris:</em></strong></span> <span class='ocrx_word' id='word_1_101' title='bbox 257 1414 442 1459; x_wconf 75' lang='lat' dir='ltr'><strong><em>Magora,</em></strong></span> <span class='ocrx_word' id='word_1_102' title='bbox 462 1414 555 1456; x_wconf 89' lang='lat' dir='ltr'><strong><em>Lea,</em></strong></span> <span class='ocrx_word' id='word_1_103' title='bbox 576 1414 715 1459; x_wconf 85' lang='lat' dir='ltr'><strong><em>Edosa,</em></strong></span> <span class='ocrx_word' id='word_1_104' title='bbox 732 1415 953 1458; x_wconf 86' lang='lat' dir='ltr'><strong><em>Pelenaria‚</em></strong></span> <span class='ocrx_word' id='word_1_105' title='bbox 973 1416 1125 1462; x_wconf 85' lang='lat' dir='ltr'><strong><em>Pyndis,</em></strong></span> 
     </span>
     <span class='ocr_line' id='line_1_20' title="bbox 81 1472 1124 1522; baseline 0.003 -16"><span class='ocrx_word' id='word_1_106' title='bbox 81 1473 262 1518; x_wconf 78' lang='lat' dir='ltr'><strong><em>Magusu,</em></strong></span> <span class='ocrx_word' id='word_1_107' title='bbox 288 1473 458 1515; x_wconf 89' lang='lat' dir='ltr'><strong><em>Bauma,</em></strong></span> <span class='ocrx_word' id='word_1_108' title='bbox 486 1473 685 1516; x_wconf 84' lang='lat' dir='ltr'><strong><em>Linitima,</em></strong></span> <span class='ocrx_word' id='word_1_109' title='bbox 713 1472 907 1520; x_wconf 85' lang='lat' dir='ltr'><strong><em>Spintum,</em></strong></span> <span class='ocrx_word' id='word_1_110' title='bbox 939 1474 967 1509; x_wconf 87' lang='lat' dir='ltr'><em>S</em></span> <span class='ocrx_word' id='word_1_111' title='bbox 961 1475 1124 1522; x_wconf 72' lang='lat' dir='ltr'><strong><em>ydopta,</em></strong></span> 
     </span>
     <span class='ocr_line' id='line_1_21' title="bbox 85 1531 1124 1578; baseline 0.004 -14"><span class='ocrx_word' id='word_1_112' title='bbox 85 1531 249 1567; x_wconf 81' lang='lat' dir='ltr'><strong><em>Gensora</em></strong></span> <span class='ocrx_word' id='word_1_113' title='bbox 263 1557 273 1577; x_wconf 90' lang='lat'><strong><em>,</em></strong></span> <span class='ocrx_word' id='word_1_114' title='bbox 299 1531 553 1573; x_wconf 86' lang='lat' dir='ltr'><strong><em>Pindicitora,</em></strong></span> <span class='ocrx_word' id='word_1_115' title='bbox 596 1533 751 1578; x_wconf 76' lang='lat' dir='ltr'><strong><em>Agugo,</em></strong></span> <span class='ocrx_word' id='word_1_116' title='bbox 788 1531 953 1574; x_wconf 88' lang='lat' dir='ltr'><strong><em>Orsima,</em></strong></span> <span class='ocrx_word' id='word_1_117' title='bbox 986 1533 1124 1576; x_wconf 88' lang='lat' dir='ltr'><strong><em>Suasa,</em></strong></span> 
     </span>
     <span class='ocr_line' id='line_1_22' title="bbox 85 1589 1132 1639; baseline 0.003 -15"><span class='ocrx_word' id='word_1_118' title='bbox 85 1590 340 1633; x_wconf 73' lang='lat' dir='ltr'><strong><em>lllaumarum,</em></strong></span> <span class='ocrx_word' id='word_1_119' title='bbox 361 1589 500 1631; x_wconf 80' lang='lat' dir='ltr'><strong><em>Urbim,</em></strong></span> <span class='ocrx_word' id='word_1_120' title='bbox 525 1590 673 1632; x_wconf 89' lang='lat' dir='ltr'><strong><em>Mulon,</em></strong></span> <span class='ocrx_word' id='word_1_121' title='bbox 695 1592 795 1638; x_wconf 82' lang='lat' dir='ltr'><strong><em>quod</em></strong></span> <span class='ocrx_word' id='word_1_122' title='bbox 807 1592 985 1639; x_wconf 85' lang='lat' dir='ltr'><strong><em>oppidum</em></strong></span> <span class='ocrx_word' id='word_1_123' title='bbox 1005 1593 1132 1629; x_wconf 67' lang='lat' dir='ltr'><strong><em>Graeci</em></strong></span> 
     </span>
     <span class='ocr_line' id='line_1_23' title="bbox 81 1649 1130 1696; baseline 0.003 -13"><span class='ocrx_word' id='word_1_124' title='bbox 81 1650 258 1696; x_wconf 76' lang='lat' dir='ltr'><strong><em>Hypaton</em></strong></span> <span class='ocrx_word' id='word_1_125' title='bbox 266 1656 447 1684; x_wconf 83' lang='lat' dir='ltr'><strong><em>vocarunt</em></strong></span> <span class='ocrx_word' id='word_1_126' title='bbox 454 1660 466 1692; x_wconf 89' lang='lat'><em>;</em></span> <span class='ocrx_word' id='word_1_127' title='bbox 490 1649 724 1696; x_wconf 73' lang='lat' dir='ltr'><strong><em>Pagoargas,</em></strong></span> <span class='ocrx_word' id='word_1_128' title='bbox 748 1651 918 1691; x_wconf 61' lang='lat' dir='ltr'><strong><em>Zamam,</em></strong></span> <span class='ocrx_word' id='word_1_129' title='bbox 944 1652 1042 1686; x_wconf 83' lang='lat' dir='ltr'><strong><em>unde</em></strong></span> <span class='ocrx_word' id='word_1_130' title='bbox 1053 1653 1130 1686; x_wconf 87' lang='lat' dir='ltr'><strong><em>ele-</em></strong></span> 
     </span>
     <span class='ocr_line' id='line_1_24' title="bbox 77 1706 1133 1758; baseline 0.005 -17"><span class='ocrx_word' id='word_1_131' title='bbox 77 1706 215 1754; x_wconf 80' lang='lat' dir='ltr'><strong><em>phanti</em></strong></span> <span class='ocrx_word' id='word_1_132' title='bbox 226 1710 430 1756; x_wconf 81' lang='lat' dir='ltr'><strong><em>incipiunt;</em></strong></span> <span class='ocrx_word' id='word_1_133' title='bbox 449 1708 650 1758; x_wconf 60' lang='lat' dir='ltr'><strong><em>Mamblia,</em></strong></span> <span class='ocrx_word' id='word_1_134' title='bbox 675 1709 843 1753; x_wconf 70' lang='lat' dir='ltr'><strong><em>Berresa,</em></strong></span> <span class='ocrx_word' id='word_1_135' title='bbox 865 1710 1031 1746; x_wconf 85' lang='lat' dir='ltr'><strong><em>Cetuma.</em></strong></span> <span class='ocrx_word' id='word_1_136' title='bbox 1046 1712 1133 1746; x_wconf 81' lang='lat' dir='ltr'><strong><em>Fuit</em></strong></span> 
     </span>
     <span class='ocr_line' id='line_1_25' title="bbox 80 1766 1127 1814; baseline 0.005 -14"><span class='ocrx_word' id='word_1_137' title='bbox 80 1767 267 1813; x_wconf 81' lang='lat' dir='ltr'><strong><em>quondam</em></strong></span> <span class='ocrx_word' id='word_1_138' title='bbox 290 1774 327 1801; x_wconf 89' lang='lat' dir='ltr'><strong><em>et</em></strong></span> <span class='ocrx_word' id='word_1_139' title='bbox 343 1766 435 1814; x_wconf 80' lang='lat' dir='ltr'><strong><em>Epis</em></strong></span> <span class='ocrx_word' id='word_1_140' title='bbox 452 1767 630 1814; x_wconf 81' lang='lat' dir='ltr'><strong><em>oppidum</em></strong></span> <span class='ocrx_word' id='word_1_141' title='bbox 651 1776 780 1803; x_wconf 86' lang='lat' dir='ltr'><strong><em>contra</em></strong></span> <span class='ocrx_word' id='word_1_142' title='bbox 805 1769 978 1813; x_wconf 78' lang='lat' dir='ltr'><strong><em>Meroen,</em></strong></span> <span class='ocrx_word' id='word_1_143' title='bbox 1022 1778 1127 1805; x_wconf 84' lang='lat' dir='ltr'><strong><em>ante-</em></strong></span> 
     </span>
     <span class='ocr_line' id='line_1_26' title="bbox 32 1820 681 1872; baseline 0.008 -14"><span class='ocrx_word' id='word_1_144' title='bbox 32 1820 35 1821; x_wconf 42' lang='lat'><em>⁷</em></span> <span class='ocrx_word' id='word_1_145' title='bbox 80 1837 190 1872; x_wconf 82' lang='lat' dir='ltr'><strong><em>quam</em></strong></span> <span class='ocrx_word' id='word_1_146' title='bbox 204 1826 302 1860; x_wconf 89' lang='lat' dir='ltr'><strong><em>Bion</em></strong></span> <span class='ocrx_word' id='word_1_147' title='bbox 319 1822 495 1860; x_wconf 83' lang='lat' dir='ltr'><strong><em>scriberet</em></strong></span> <span class='ocrx_word' id='word_1_148' title='bbox 506 1826 664 1862; x_wconf 85' lang='lat' dir='ltr'><strong><em>deletum</em></strong></span> <span class='ocrx_word' id='word_1_149' title='bbox 673 1855 681 1864; x_wconf 91' lang='lat'><strong>.</strong></span> 
     </span>
    </p>
   </div>
   <div class='ocr_carea' id='block_1_6' title="bbox 587 1918 621 1954">
    <p class='ocr_par' dir='ltr' id='par_1_6' title="bbox 587 1918 621 1954">
     <span class='ocr_line' id='line_1_27' title="bbox 587 1918 621 1954; baseline -0.029 0"><span class='ocrx_word' id='word_1_150' title='bbox 587 1918 621 1954; x_wconf 82' lang='lat'><strong>3.</strong></span> 
     </span>
    </p>
   </div>
   <div class='ocr_carea' id='block_1_7' title="bbox 77 1992 1132 2869">
    <p class='ocr_par' dir='ltr' id='par_1_7' title="bbox 79 1992 1132 2384">
     <span class='ocr_line' id='line_1_28' title="bbox 132 1992 1127 2045; baseline 0.007 -18"><span class='ocrx_word' id='word_1_151' title='bbox 132 1992 238 2027; x_wconf 86' lang='lat' dir='ltr'><strong><em>Idem</em></strong></span> <span class='ocrx_word' id='word_1_152' title='bbox 252 1992 302 2028; x_wconf 87' lang='lat' dir='ltr'><strong><em>ib.</em></strong></span> <span class='ocrx_word' id='word_1_153' title='bbox 318 2005 359 2040; x_wconf 90' lang='lat' dir='ltr'><strong><em>p.</em></strong></span> <span class='ocrx_word' id='word_1_154' title='bbox 375 1992 450 2040; x_wconf 85' lang='lat'><strong><em>390</em></strong></span> <span class='ocrx_word' id='word_1_155' title='bbox 466 1994 583 2031; x_wconf 89' lang='lat' dir='ltr'><strong>Tchn.</strong></span> <span class='ocrx_word' id='word_1_156' title='bbox 598 1995 718 2031; x_wconf 82' lang='lat' dir='ltr'><strong><em>:Inde</em></strong></span> <span class='ocrx_word' id='word_1_157' title='bbox 733 1994 806 2043; x_wconf 87' lang='lat' dir='ltr'><strong><em>(se.</em></strong></span> <span class='ocrx_word' id='word_1_158' title='bbox 823 2008 844 2031; x_wconf 85' lang='lat' dir='ltr'>a</span> <span class='ocrx_word' id='word_1_159' title='bbox 858 1997 950 2032; x_wconf 89' lang='lat' dir='ltr'><strong><em>Tole</em></strong></span> <span class='ocrx_word' id='word_1_160' title='bbox 962 1997 1127 2045; x_wconf 86' lang='lat' dir='ltr'><strong><em>oppido)</em></strong></span> 
     </span>
     <span class='ocr_line' id='line_1_29' title="bbox 79 2051 1132 2104; baseline 0.006 -19"><span class='ocrx_word' id='word_1_161' title='bbox 79 2052 222 2085; x_wconf 80' lang='lat' dir='ltr'><strong><em>dierum</em></strong></span> <span class='ocrx_word' id='word_1_162' title='bbox 239 2051 433 2086; x_wconf 81' lang='lat' dir='ltr'><strong><em>duodecim</em></strong></span> <span class='ocrx_word' id='word_1_163' title='bbox 454 2051 626 2099; x_wconf 83' lang='lat' dir='ltr'><strong><em>(itinere)</em></strong></span> <span class='ocrx_word' id='word_1_164' title='bbox 642 2054 740 2087; x_wconf 89' lang='lat' dir='ltr'><strong><em>Esar</em></strong></span> <span class='ocrx_word' id='word_1_165' title='bbox 755 2056 1014 2102; x_wconf 76' lang='lat' dir='ltr'><strong><em>AEgyptiorum</em></strong></span> <span class='ocrx_word' id='word_1_166' title='bbox 1031 2060 1132 2104; x_wconf 85' lang='lat' dir='ltr'><strong><em>oppi-</em></strong></span> 
     </span>
     <span class='ocr_line' id='line_1_30' title="bbox 79 2110 1132 2161; baseline 0.006 -17"><span class='ocrx_word' id='word_1_167' title='bbox 79 2111 176 2153; x_wconf 80' lang='lat' dir='ltr'><strong><em>dum,</em></strong></span> <span class='ocrx_word' id='word_1_168' title='bbox 203 2112 266 2157; x_wconf 84' lang='lat' dir='ltr'><strong><em>qui</em></strong></span> <span class='ocrx_word' id='word_1_169' title='bbox 277 2110 592 2145; x_wconf 63' lang='lat' dir='ltr'><strong><em>Psammetichum</em></strong></span> <span class='ocrx_word' id='word_1_170' title='bbox 599 2110 784 2160; x_wconf 81' lang='lat' dir='ltr'><strong><em>fugerint.</em></strong></span> <span class='ocrx_word' id='word_1_171' title='bbox 806 2115 850 2148; x_wconf 87' lang='lat' dir='ltr'><strong><em>In</em></strong></span> <span class='ocrx_word' id='word_1_172' title='bbox 865 2126 908 2149; x_wconf 88' lang='lat' dir='ltr'><strong><em>eo</em></strong></span> <span class='ocrx_word' id='word_1_173' title='bbox 922 2115 1132 2161; x_wconf 82' lang='lat' dir='ltr'><strong><em>produntur</em></strong></span> 
     </span>
     <span class='ocr_line' id='line_1_31' title="bbox 80 2168 1129 2221; baseline 0.003 -17"><span class='ocrx_word' id='word_1_174' title='bbox 80 2173 190 2204; x_wconf 77' lang='lat' dir='ltr'><strong><em>annis</em></strong></span> <span class='ocrx_word' id='word_1_175' title='bbox 209 2172 379 2204; x_wconf 78' lang='lat' dir='ltr'><strong><em>trecentis</em></strong></span> <span class='ocrx_word' id='word_1_176' title='bbox 400 2168 636 2209; x_wconf 65' lang='lat' dir='ltr'><strong><em>habitasse...</em></strong></span> <span class='ocrx_word' id='word_1_177' title='bbox 658 2170 756 2208; x_wconf 85' lang='lat' dir='ltr'><strong><em>Bion</em></strong></span> <span class='ocrx_word' id='word_1_178' title='bbox 776 2181 898 2208; x_wconf 84' lang='lat' dir='ltr'><strong><em>autem</em></strong></span> <span class='ocrx_word' id='word_1_179' title='bbox 916 2174 1042 2221; x_wconf 82' lang='lat' dir='ltr'><strong><em>Sapen</em></strong></span> <span class='ocrx_word' id='word_1_180' title='bbox 1057 2187 1129 2210; x_wconf 80' lang='lat' dir='ltr'><strong><em>vo—</em></strong></span> 
     </span>
     <span class='ocr_line' id='line_1_32' title="bbox 80 2227 1127 2280; baseline 0.003 -17"><span class='ocrx_word' id='word_1_181' title='bbox 80 2236 156 2272; x_wconf 87' lang='lat' dir='ltr'><strong><em>cat,</em></strong></span> <span class='ocrx_word' id='word_1_182' title='bbox 184 2228 284 2276; x_wconf 82' lang='lat' dir='ltr'><strong><em>quod</em></strong></span> <span class='ocrx_word' id='word_1_183' title='bbox 300 2229 365 2263; x_wconf 83' lang='lat' dir='ltr'><strong><em>ille</em></strong></span> <span class='ocrx_word' id='word_1_184' title='bbox 394 2227 461 2275; x_wconf 88' lang='lat' dir='ltr'><strong>(sc.</strong></span> <span class='ocrx_word' id='word_1_185' title='bbox 485 2229 756 2279; x_wconf 84' lang='lat' dir='ltr'><strong><em>Aristocreon)</em></strong></span> <span class='ocrx_word' id='word_1_186' title='bbox 776 2232 885 2276; x_wconf 88' lang='lat' dir='ltr'><strong><em>Esar,</em></strong></span> <span class='ocrx_word' id='word_1_187' title='bbox 908 2240 947 2267; x_wconf 86' lang='lat' dir='ltr'><strong><em>et</em></strong></span> <span class='ocrx_word' id='word_1_188' title='bbox 964 2235 1042 2280; x_wconf 83' lang='lat' dir='ltr'><strong><em>ipso</em></strong></span> <span class='ocrx_word' id='word_1_189' title='bbox 1060 2246 1127 2268; x_wconf 84' lang='lat' dir='ltr'><strong><em>no-</em></strong></span> 
     </span>
     <span class='ocr_line' id='line_1_33' title="bbox 79 2287 1129 2335; baseline 0.006 -13"><span class='ocrx_word' id='word_1_190' title='bbox 79 2290 177 2323; x_wconf 84' lang='lat' dir='ltr'><strong><em>min&#39;e</em></strong></span> <span class='ocrx_word' id='word_1_191' title='bbox 186 2287 348 2322; x_wconf 82' lang='lat' dir='ltr'><strong><em>advenas</em></strong></span> <span class='ocrx_word' id='word_1_192' title='bbox 360 2288 645 2335; x_wconf 70' lang='lat' dir='ltr'><strong><em>aitsignifi‘cari.</em></strong></span> <span class='ocrx_word' id='word_1_193' title='bbox 661 2290 860 2326; x_wconf 81' lang='lat' dir='ltr'><strong><em>Antecedit</em></strong></span> <span class='ocrx_word' id='word_1_194' title='bbox 870 2292 1129 2328; x_wconf 86' lang='lat' dir='ltr'><strong><em>Aristocreon-</em></strong></span> 
     </span>
     <span class='ocr_line' id='line_1_34' title="bbox 79 2346 668 2384; baseline 0.019 -4"><span class='ocrx_word' id='word_1_195' title='bbox 79 2347 125 2381; x_wconf 87' lang='lat' dir='ltr'><strong><em>tis</em></strong></span> <span class='ocrx_word' id='word_1_196' title='bbox 139 2346 185 2384; x_wconf 88' lang='lat' dir='ltr'><strong><em>fr.</em></strong></span> <span class='ocrx_word' id='word_1_197' title='bbox 211 2360 242 2383; x_wconf 90' lang='lat'><strong>1.</strong></span> <span class='ocrx_word' id='word_1_198' title='bbox 665 2358 668 2361; x_wconf 73' lang='grc'>’</span> 
     </span>
    </p>

    <p class='ocr_par' dir='ltr' id='par_1_8' title="bbox 77 2405 1129 2869">
     <span class='ocr_line' id='line_1_35' title="bbox 132 2405 1129 2457; baseline 0.006 -17"><span class='ocrx_word' id='word_1_199' title='bbox 132 2405 238 2440; x_wconf 87' lang='lat' dir='ltr'><strong><em>Idem</em></strong></span> <span class='ocrx_word' id='word_1_200' title='bbox 256 2405 308 2441; x_wconf 88' lang='lat' dir='ltr'><strong><em>ib.</em></strong></span> <span class='ocrx_word' id='word_1_201' title='bbox 326 2418 366 2453; x_wconf 89' lang='lat' dir='ltr'><strong><em>p.</em></strong></span> <span class='ocrx_word' id='word_1_202' title='bbox 386 2405 457 2452; x_wconf 81' lang='lat'><strong><em>391</em></strong></span> <span class='ocrx_word' id='word_1_203' title='bbox 478 2406 507 2440; x_wconf 92' lang='lat' dir='ltr'>T</span> <span class='ocrx_word' id='word_1_204' title='bbox 511 2406 596 2442; x_wconf 87' lang='lat' dir='ltr'><strong><em>chn.</em></strong></span> <span class='ocrx_word' id='word_1_205' title='bbox 617 2418 626 2443; x_wconf 68' lang='grc' dir='ltr'>ε</span> <span class='ocrx_word' id='word_1_206' title='bbox 645 2409 742 2443; x_wconf 84' lang='lat' dir='ltr'><strong><em>Bion</em></strong></span> <span class='ocrx_word' id='word_1_207' title='bbox 757 2410 838 2443; x_wconf 83' lang='lat' dir='ltr'><strong><em>alia</em></strong></span> <span class='ocrx_word' id='word_1_208' title='bbox 856 2410 997 2457; x_wconf 86' lang='lat' dir='ltr'><strong><em>oppida</em></strong></span> <span class='ocrx_word' id='word_1_209' title='bbox 1013 2413 1052 2445; x_wconf 86' lang='lat' dir='ltr'><strong><em>in</em></strong></span> <span class='ocrx_word' id='word_1_210' title='bbox 1069 2414 1129 2446; x_wconf 76' lang='lat' dir='ltr'><strong><em>in—</em></strong></span> 
     </span>
     <span class='ocr_line' id='line_1_36' title="bbox 77 2464 1129 2508; baseline 0.008 -11"><span class='ocrx_word' id='word_1_211' title='bbox 77 2465 167 2498; x_wconf 82' lang='lat' dir='ltr'><strong><em>sulis</em></strong></span> <span class='ocrx_word' id='word_1_212' title='bbox 183 2464 317 2508; x_wconf 84' lang='lat' dir='ltr'><strong><em>tradit,</em></strong></span> <span class='ocrx_word' id='word_1_213' title='bbox 332 2477 357 2498; x_wconf 90' lang='lat' dir='ltr'><strong><em>a</em></strong></span> <span class='ocrx_word' id='word_1_214' title='bbox 373 2464 575 2500; x_wconf 83' lang='lat' dir='ltr'><strong><em>Sembobiti</em></strong></span> <span class='ocrx_word' id='word_1_215' title='bbox 586 2466 739 2502; x_wconf 83' lang='lat' dir='ltr'><strong><em>Meroen</em></strong></span> <span class='ocrx_word' id='word_1_216' title='bbox 755 2480 883 2502; x_wconf 80' lang='lat' dir='ltr'><strong><em>versus</em></strong></span> <span class='ocrx_word' id='word_1_217' title='bbox 897 2469 1039 2504; x_wconf 84' lang='lat' dir='ltr'><strong><em>dierum</em></strong></span> <span class='ocrx_word' id='word_1_218' title='bbox 1055 2478 1129 2506; x_wconf 88' lang='lat' dir='ltr'><strong><em>toto</em></strong></span> 
     </span>
     <span class='ocr_line' id='line_1_37' title="bbox 79 2524 1129 2575; baseline 0.007 -18"><span class='ocrx_word' id='word_1_219' title='bbox 79 2526 209 2558; x_wconf 83' lang='lat' dir='ltr'><strong><em>itinere</em></strong></span> <span class='ocrx_word' id='word_1_220' title='bbox 224 2526 372 2571; x_wconf 82' lang='lat' dir='ltr'><strong><em>viginti.</em></strong></span> <span class='ocrx_word' id='word_1_221' title='bbox 388 2524 726 2560; x_wconf 71' lang='lat' dir='ltr'><strong><em>P1·0.1:i111oe1·m·uloe</em></strong></span> <span class='ocrx_word' id='word_1_222' title='bbox 737 2528 912 2575; x_wconf 87' lang='lat' dir='ltr'><strong><em>oppidum</em></strong></span> <span class='ocrx_word' id='word_1_223' title='bbox 926 2527 1129 2564; x_wconf 86' lang='lat' dir='ltr'><strong><em>Semberri-</em></strong></span> 
     </span>
     <span class='ocr_line' id='line_1_38' title="bbox 79 2582 1126 2635; baseline 0.008 -20"><span class='ocrx_word' id='word_1_224' title='bbox 79 2590 197 2616; x_wconf 87' lang='lat' dir='ltr'><strong><em>tarum</em></strong></span> <span class='ocrx_word' id='word_1_225' title='bbox 214 2582 280 2616; x_wconf 90' lang='lat' dir='ltr'><strong><em>sub</em></strong></span> <span class='ocrx_word' id='word_1_226' title='bbox 299 2585 448 2628; x_wconf 75' lang='lat' dir='ltr'><strong><em>regina,</em></strong></span> <span class='ocrx_word' id='word_1_227' title='bbox 475 2590 511 2617; x_wconf 87' lang='lat' dir='ltr'><strong><em>et</em></strong></span> <span class='ocrx_word' id='word_1_228' title='bbox 520 2584 628 2618; x_wconf 84' lang='lat' dir='ltr'><strong><em>aliud</em></strong></span> <span class='ocrx_word' id='word_1_229' title='bbox 639 2587 741 2620; x_wconf 88' lang='lat' dir='ltr'><strong><em>Asar</em></strong></span> <span class='ocrx_word' id='word_1_230' title='bbox 755 2598 768 2620; x_wconf 87' lang='lat'><strong><em>.·</em></strong></span> <span class='ocrx_word' id='word_1_231' title='bbox 785 2588 937 2621; x_wconf 86' lang='lat' dir='ltr'><strong><em>alterius</em></strong></span> <span class='ocrx_word' id='word_1_232' title='bbox 952 2589 1126 2635; x_wconf 83' lang='lat' dir='ltr'><strong><em>oppidum</em></strong></span> 
     </span>
     <span class='ocr_line' id='line_1_39' title="bbox 78 2641 1126 2695; baseline 0.007 -20"><span class='ocrx_word' id='word_1_233' title='bbox 78 2642 218 2676; x_wconf 90' lang='lat' dir='ltr'><strong><em>Daron.</em></strong></span> <span class='ocrx_word' id='word_1_234' title='bbox 247 2641 406 2676; x_wconf 88' lang='lat' dir='ltr'><strong><em>Tertiam</em></strong></span> <span class='ocrx_word' id='word_1_235' title='bbox 426 2641 589 2678; x_wconf 87' lang='lat' dir='ltr'><strong><em>Medoen</em></strong></span> <span class='ocrx_word' id='word_1_236' title='bbox 610 2652 762 2688; x_wconf 84' lang='lat' dir='ltr'><strong><em>vocant,</em></strong></span> <span class='ocrx_word' id='word_1_237' title='bbox 792 2648 830 2680; x_wconf 91' lang='lat' dir='ltr'><strong><em>in</em></strong></span> <span class='ocrx_word' id='word_1_238' title='bbox 855 2658 930 2693; x_wconf 80' lang='lat' dir='ltr'><strong><em>qua</em></strong></span> <span class='ocrx_word' id='word_1_239' title='bbox 949 2648 1126 2695; x_wconf 86' lang='lat' dir='ltr'><strong><em>oppidum</em></strong></span> 
     </span>
     <span class='ocr_line' id='line_1_40' title="bbox 78 2699 1125 2751; baseline 0.007 -17"><span class='ocrx_word' id='word_1_240' title='bbox 78 2699 180 2735; x_wconf 86' lang='lat' dir='ltr'><strong><em>Asel.</em></strong></span> <span class='ocrx_word' id='word_1_241' title='bbox 203 2700 386 2745; x_wconf 82' lang='lat' dir='ltr'><strong><em>Quartam</em></strong></span> <span class='ocrx_word' id='word_1_242' title='bbox 404 2701 531 2736; x_wconf 84' lang='lat' dir='ltr'><strong><em>eodem</em></strong></span> <span class='ocrx_word' id='word_1_243' title='bbox 557 2714 630 2749; x_wconf 82' lang='lat' dir='ltr'><strong><em>quo</em></strong></span> <span class='ocrx_word' id='word_1_244' title='bbox 646 2704 819 2751; x_wconf 82' lang='lat' dir='ltr'><strong><em>oppidum</em></strong></span> <span class='ocrx_word' id='word_1_245' title='bbox 838 2707 984 2740; x_wconf 81' lang='lat' dir='ltr'><strong><em>nomine</em></strong></span> <span class='ocrx_word' id='word_1_246' title='bbox 1007 2706 1125 2741; x_wconf 87' lang='lat' dir='ltr'><strong><em>Garo-</em></strong></span> 
     </span>
     <span class='ocr_line' id='line_1_41' title="bbox 77 2759 1118 2809; baseline 0.008 -17"><span class='ocrx_word' id='word_1_247' title='bbox 77 2759 164 2795; x_wconf 85' lang='lat' dir='ltr'><strong><em>den.</em></strong></span> <span class='ocrx_word' id='word_1_248' title='bbox 182 2759 279 2793; x_wconf 85' lang='lat' dir='ltr'><strong><em>Inde</em></strong></span> <span class='ocrx_word' id='word_1_249' title='bbox 293 2771 366 2806; x_wconf 88' lang='lat' dir='ltr'><strong><em>per</em></strong></span> <span class='ocrx_word' id='word_1_250' title='bbox 384 2762 486 2808; x_wconf 82' lang='lat' dir='ltr'><strong><em>ripas</em></strong></span> <span class='ocrx_word' id='word_1_251' title='bbox 502 2763 642 2809; x_wconf 83' lang='lat' dir='ltr'><strong><em>oppida</em></strong></span> <span class='ocrx_word' id='word_1_252' title='bbox 658 2775 669 2796; x_wconf 95' lang='lat'><strong>.·</strong></span> <span class='ocrx_word' id='word_1_253' title='bbox 692 2764 815 2798; x_wconf 66' lang='lat' dir='ltr'><strong><em>Nanos</em></strong></span> <span class='ocrx_word' id='word_1_254' title='bbox 826 2791 834 2806; x_wconf 88' lang='lat'><strong><em>,</em></strong></span> <span class='ocrx_word' id='word_1_255' title='bbox 866 2764 1098 2800; x_wconf 86' lang='lat' dir='ltr'><strong><em>Modundam</em></strong></span> <span class='ocrx_word' id='word_1_256' title='bbox 1111 2794 1118 2808; x_wconf 91' lang='lat'><strong><em>,</em></strong></span> 
     </span>
     <span class='ocr_line' id='line_1_42' title="bbox 77 2817 1126 2869; baseline 0.01 -19"><span class='ocrx_word' id='word_1_257' title='bbox 77 2817 256 2852; x_wconf 87' lang='lat' dir='ltr'><strong><em>Andatim</em></strong></span> <span class='ocrx_word' id='word_1_258' title='bbox 277 2846 285 2861; x_wconf 92' lang='lat'><strong><em>,</em></strong></span> <span class='ocrx_word' id='word_1_259' title='bbox 320 2818 533 2863; x_wconf 78' lang='lat' dir='ltr'><strong><em>Secundum,</em></strong></span> <span class='ocrx_word' id='word_1_260' title='bbox 559 2822 733 2869; x_wconf 72' lang='lat' dir='ltr'><strong><em>Colligat,</em></strong></span> <span class='ocrx_word' id='word_1_261' title='bbox 757 2823 936 2868; x_wconf 84' lang='lat' dir='ltr'><strong><em>Secande,</em></strong></span> <span class='ocrx_word' id='word_1_262' title='bbox 981 2826 1126 2860; x_wconf 74' lang='lat' dir='ltr'><strong><em>Navec-</em></strong></span> 
     </span>
    </p>
   </div>
   <div class='ocr_carea' id='block_1_8' title="bbox 2144 201 2239 261">
    <p class='ocr_par' dir='ltr' id='par_1_9' title="bbox 2144 201 2239 261">
     <span class='ocr_line' id='line_1_43' title="bbox 2144 201 2239 261; baseline 0.021 -2"><span class='ocrx_word' id='word_1_263' title='bbox 2144 201 2239 261; x_wconf 33' lang='lat'><strong><em>‘351</em></strong></span> 
     </span>
    </p>
   </div>
   <div class='ocr_carea' id='block_1_9' title="bbox 1198 299 2240 400">
    <p class='ocr_par' dir='ltr' id='par_1_10' title="bbox 1198 299 2240 400">
     <span class='ocr_line' id='line_1_44' title="bbox 1198 299 2240 354; baseline 0.01 -21"><span class='ocrx_word' id='word_1_264' title='bbox 1198 299 1291 342; x_wconf 88' lang='lat' dir='ltr'><strong><em>tabe,</em></strong></span> <span class='ocrx_word' id='word_1_265' title='bbox 1325 300 1446 354; x_wconf 72' lang='lat' dir='ltr'><strong><em>Cumi,</em></strong></span> <span class='ocrx_word' id='word_1_266' title='bbox 1476 302 1645 348; x_wconf 79' lang='lat' dir='ltr'><strong><em>Agrospi,</em></strong></span> <span class='ocrx_word' id='word_1_267' title='bbox 1660 304 1845 350; x_wconf 50' lang='lat' dir='ltr'><strong><em>(Egipam,</em></strong></span> <span class='ocrx_word' id='word_1_268' title='bbox 1870 304 2120 354; x_wconf 75' lang='lat' dir='ltr'><strong><em>Candrogari,</em></strong></span> <span class='ocrx_word' id='word_1_269' title='bbox 2136 308 2240 343; x_wconf 87' lang='lat' dir='ltr'><strong><em>Ara-</em></strong></span> 
     </span>
     <span class='ocr_line' id='line_1_45' title="bbox 1198 357 1575 400; baseline 0.011 -9"><span class='ocrx_word' id='word_1_270' title='bbox 1198 357 1293 400; x_wconf 83' lang='lat' dir='ltr'><strong><em>bam,</em></strong></span> <span class='ocrx_word' id='word_1_271' title='bbox 1324 358 1575 396; x_wconf 74' lang='lat' dir='ltr'><strong><em>Summarum.</em></strong></span> 
     </span>
    </p>
   </div>
   <div class='ocr_carea' id='block_1_10' title="bbox 1251 433 2241 557">
    <p class='ocr_par' dir='ltr' id='par_1_11' title="bbox 1251 433 2241 557">
     <span class='ocr_line' id='line_1_46' title="bbox 1701 433 1736 470; baseline -0.086 0"><span class='ocrx_word' id='word_1_272' title='bbox 1701 433 1736 470; x_wconf 80' lang='lat' dir='ltr'><strong><em>li.</em></strong></span> 
     </span>
     <span class='ocr_line' id='line_1_47' title="bbox 1251 506 2241 557; baseline 0.01 -16"><span class='ocrx_word' id='word_1_273' title='bbox 1251 506 1452 542; x_wconf 78' lang='lat' dir='ltr'><strong><em>Athenaeus</em></strong></span> <span class='ocrx_word' id='word_1_274' title='bbox 1467 507 1581 552; x_wconf 86' lang='lat' dir='ltr'><strong><em>XIII,</em></strong></span> <span class='ocrx_word' id='word_1_275' title='bbox 1598 520 1639 557; x_wconf 90' lang='lat' dir='ltr'><strong><em>p.</em></strong></span> <span class='ocrx_word' id='word_1_276' title='bbox 1659 507 1749 553; x_wconf 87' lang='lat'><strong><em>566,</em></strong></span> <span class='ocrx_word' id='word_1_277' title='bbox 1763 510 1812 546; x_wconf 90' lang='lat' dir='ltr'><strong><em>C:</em></strong></span> <span class='ocrx_word' id='word_1_278' title='bbox 1836 508 2018 546; x_wconf 86' lang='grc' dir='ltr'>Καθίστων</span> <span class='ocrx_word' id='word_1_279' title='bbox 2035 510 2070 547; x_wconf 84' lang='grc' dir='ltr'><strong><em>δὲ</em></strong></span> <span class='ocrx_word' id='word_1_280' title='bbox 2085 511 2144 549; x_wconf 81' lang='grc' dir='ltr'><strong><em>καὶ</em></strong></span> <span class='ocrx_word' id='word_1_281' title='bbox 2161 513 2241 551; x_wconf 81' lang='grc' dir='ltr'>πολ·</span> 
     </span>
    </p>
   </div>
   <div class='ocr_carea' id='block_1_11' title="bbox 1194 562 2244 843">
    <p class='ocr_par' dir='ltr' id='par_1_12' title="bbox 1194 562 2244 843">
     <span class='ocr_line' id='line_1_48' title="bbox 1195 562 2242 619; baseline 0.008 -18"><span class='ocrx_word' id='word_1_282' title='bbox 1195 562 1250 601; x_wconf 84' lang='grc' dir='ltr'>λοὶ</span> <span class='ocrx_word' id='word_1_283' title='bbox 1267 562 1345 607; x_wconf 83' lang='grc' dir='ltr'>τοὺς</span> <span class='ocrx_word' id='word_1_284' title='bbox 1374 563 1583 607; x_wconf 85' lang='grc' dir='ltr'>καλλίστους</span> <span class='ocrx_word' id='word_1_285' title='bbox 1602 565 1768 616; x_wconf 82' lang='grc' dir='ltr'>βασιλέας</span> <span class='ocrx_word' id='word_1_286' title='bbox 1782 594 1792 612; x_wconf 88' lang='grc'><em>,</em></span> <span class='ocrx_word' id='word_1_287' title='bbox 1824 567 1870 609; x_wconf 80' lang='grc' dir='ltr'><strong><em>ὥς</em></strong></span> <span class='ocrx_word' id='word_1_288' title='bbox 1890 565 1993 619; x_wconf 82' lang='grc' dir='ltr'>μέχρι</span> <span class='ocrx_word' id='word_1_289' title='bbox 2009 572 2068 606; x_wconf 77' lang='grc' dir='ltr'><strong><em>νῦν</em></strong></span> <span class='ocrx_word' id='word_1_290' title='bbox 2091 572 2122 607; x_wconf 85' lang='grc' dir='ltr'><strong><em>οἱ</em></strong></span> <span class='ocrx_word' id='word_1_291' title='bbox 2138 570 2242 609; x_wconf 81' lang='grc' dir='ltr'>Ἀθά-</span> 
     </span>
     <span class='ocr_line' id='line_1_49' title="bbox 1195 622 2241 677; baseline 0.007 -18"><span class='ocrx_word' id='word_1_292' title='bbox 1195 637 1291 660; x_wconf 81' lang='grc' dir='ltr'>νατοι</span> <span class='ocrx_word' id='word_1_293' title='bbox 1310 622 1519 672; x_wconf 82' lang='grc' dir='ltr'>καλούμενοι</span> <span class='ocrx_word' id='word_1_294' title='bbox 1542 622 1726 672; x_wconf 79' lang='grc' dir='ltr'>Αἰθίοπες,</span> <span class='ocrx_word' id='word_1_295' title='bbox 1747 622 1792 668; x_wconf 79' lang='grc' dir='ltr'><strong><em>ὥς</em></strong></span> <span class='ocrx_word' id='word_1_296' title='bbox 1809 639 1893 677; x_wconf 78' lang='grc' dir='ltr'>φησι</span> <span class='ocrx_word' id='word_1_297' title='bbox 1909 625 2000 664; x_wconf 85' lang='grc' dir='ltr'>Βίων</span> <span class='ocrx_word' id='word_1_298' title='bbox 2023 628 2057 664; x_wconf 83' lang='grc' dir='ltr'>ἐν</span> <span class='ocrx_word' id='word_1_299' title='bbox 2073 629 2241 666; x_wconf 84' lang='grc' dir='ltr'>Αἰθιοπι-</span> 
     </span>
     <span class='ocr_line' id='line_1_50' title="bbox 1195 679 2241 735; baseline 0.006 -17"><span class='ocrx_word' id='word_1_300' title='bbox 1195 681 1279 724; x_wconf 84' lang='grc' dir='ltr'>κοῖς.</span> <span class='ocrx_word' id='word_1_301' title='bbox 1297 679 1364 724; x_wconf 67' lang='grc' dir='ltr'><strong><em>εΩς</em></strong></span> <span class='ocrx_word' id='word_1_302' title='bbox 1385 679 1475 719; x_wconf 80' lang='grc' dir='ltr'>ἔοικε</span> <span class='ocrx_word' id='word_1_303' title='bbox 1501 681 1569 734; x_wconf 83' lang='grc' dir='ltr'><strong><em>γὰρ</em></strong></span> <span class='ocrx_word' id='word_1_304' title='bbox 1590 681 1630 720; x_wconf 84' lang='grc' dir='ltr'>τὸ</span> <span class='ocrx_word' id='word_1_305' title='bbox 1650 681 1777 726; x_wconf 79' lang='grc' dir='ltr'>κάλλος</span> <span class='ocrx_word' id='word_1_306' title='bbox 1799 682 1978 735; x_wconf 85' lang='grc' dir='ltr'>βασιλείας</span> <span class='ocrx_word' id='word_1_307' title='bbox 2002 685 2126 723; x_wconf 78' lang='grc' dir='ltr'>οἰκεῖόν</span> <span class='ocrx_word' id='word_1_308' title='bbox 2154 688 2241 724; x_wconf 81' lang='grc' dir='ltr'>ἐστι.</span> 
     </span>
     <span class='ocr_line' id='line_1_51' title="bbox 1194 741 2244 792; baseline 0.005 -15"><span class='ocrx_word' id='word_1_309' title='bbox 1194 741 1250 779; x_wconf 83' lang='lat' dir='ltr'><strong>Cf.</strong></span> <span class='ocrx_word' id='word_1_310' title='bbox 1273 741 1461 780; x_wconf 87' lang='lat' dir='ltr'><strong><em>Herodot.</em></strong></span> <span class='ocrx_word' id='word_1_311' title='bbox 1484 743 1563 787; x_wconf 93' lang='lat' dir='ltr'><strong><em>III,</em></strong></span> <span class='ocrx_word' id='word_1_312' title='bbox 1582 754 1653 791; x_wconf 78' lang='lat'><strong><em>203</em></strong></span> <span class='ocrx_word' id='word_1_313' title='bbox 1670 743 1827 781; x_wconf 88' lang='lat' dir='ltr'><strong><em>Aristot.</em></strong></span> <span class='ocrx_word' id='word_1_314' title='bbox 1846 743 1929 781; x_wconf 83' lang='lat' dir='ltr'><strong>Pol.</strong></span> <span class='ocrx_word' id='word_1_315' title='bbox 1947 745 2010 789; x_wconf 90' lang='lat' dir='ltr'><strong><em>IV,</em></strong></span> <span class='ocrx_word' id='word_1_316' title='bbox 2027 744 2065 790; x_wconf 85' lang='lat'><strong><em>3,</em></strong></span> <span class='ocrx_word' id='word_1_317' title='bbox 2085 759 2117 792; x_wconf 91' lang='lat'><strong><em>7.</em></strong></span> <span class='ocrx_word' id='word_1_318' title='bbox 2131 747 2244 782; x_wconf 88' lang='lat' dir='ltr'><strong><em>Nico-</em></strong></span> 
     </span>
     <span class='ocr_line' id='line_1_52' title="bbox 1194 800 1415 843; baseline 0.009 -8"><span class='ocrx_word' id='word_1_319' title='bbox 1194 800 1244 835; x_wconf 86' lang='lat' dir='ltr'><strong><em>lai</em></strong></span> <span class='ocrx_word' id='word_1_320' title='bbox 1261 800 1306 837; x_wconf 82' lang='lat' dir='ltr'><strong><em>fr.</em></strong></span> <span class='ocrx_word' id='word_1_321' title='bbox 1326 804 1415 843; x_wconf 76' lang='lat'><strong>142.</strong></span> 
     </span>
    </p>
   </div>
   <div class='ocr_carea' id='block_1_12' title="bbox 1703 871 1739 907">
    <p class='ocr_par' dir='ltr' id='par_1_13' title="bbox 1703 871 1739 907">
     <span class='ocr_line' id='line_1_53' title="bbox 1703 871 1739 907; baseline 0 0"><span class='ocrx_word' id='word_1_322' title='bbox 1703 871 1739 907; x_wconf 85' lang='lat'><strong>5.</strong></span> 
     </span>
    </p>
   </div>
   <div class='ocr_carea' id='block_1_13' title="bbox 1192 945 2296 2050">
    <p class='ocr_par' dir='ltr' id='par_1_14' title="bbox 1193 945 2245 1451">
     <span class='ocr_line' id='line_1_54' title="bbox 1248 945 2239 997; baseline 0.005 -15"><span class='ocrx_word' id='word_1_323' title='bbox 1248 946 1374 983; x_wconf 88' lang='lat' dir='ltr'><strong><em>Schol.</em></strong></span> <span class='ocrx_word' id='word_1_324' title='bbox 1397 945 1447 981; x_wconf 84' lang='lat' dir='ltr'><strong><em>ad</em></strong></span> <span class='ocrx_word' id='word_1_325' title='bbox 1466 948 1599 982; x_wconf 84' lang='lat' dir='ltr'><strong><em>Actor.</em></strong></span> <span class='ocrx_word' id='word_1_326' title='bbox 1616 947 1721 995; x_wconf 88' lang='lat' dir='ltr'><strong><em>VIII,</em></strong></span> <span class='ocrx_word' id='word_1_327' title='bbox 1740 959 1786 993; x_wconf 87' lang='lat'><strong><em>27</em></strong></span> <span class='ocrx_word' id='word_1_328' title='bbox 1807 960 1867 997; x_wconf 87' lang='lat' dir='ltr'><strong><em>ap.</em></strong></span> <span class='ocrx_word' id='word_1_329' title='bbox 1898 948 2041 986; x_wconf 87' lang='lat' dir='ltr'><strong><em>Albert.</em></strong></span> <span class='ocrx_word' id='word_1_330' title='bbox 2065 950 2104 984; x_wconf 93' lang='lat' dir='ltr'><strong><em>in</em></strong></span> <span class='ocrx_word' id='word_1_331' title='bbox 2119 950 2239 988; x_wconf 86' lang='lat' dir='ltr'><strong>Gloss.</strong></span> 
     </span>
     <span class='ocr_line' id='line_1_55' title="bbox 1202 1005 2242 1057; baseline 0.002 -15"><span class='ocrx_word' id='word_1_332' title='bbox 1202 1005 1269 1042; x_wconf 85' lang='lat' dir='ltr'><strong><em>Gr.</em></strong></span> <span class='ocrx_word' id='word_1_333' title='bbox 1292 1006 1340 1042; x_wconf 90' lang='lat' dir='ltr'><strong><em>N.</em></strong></span> <span class='ocrx_word' id='word_1_334' title='bbox 1362 1006 1406 1042; x_wconf 93' lang='lat' dir='ltr'><strong><em>T.</em></strong></span> <span class='ocrx_word' id='word_1_335' title='bbox 1430 1017 1468 1052; x_wconf 89' lang='lat' dir='ltr'><strong><em>p.</em></strong></span> <span class='ocrx_word' id='word_1_336' title='bbox 1487 1005 1561 1041; x_wconf 80' lang='lat'><strong><em>213</em></strong></span> <span class='ocrx_word' id='word_1_337' title='bbox 1581 1011 1617 1041; x_wconf 87' lang='lat' dir='ltr'><strong><em>et</em></strong></span> <span class='ocrx_word' id='word_1_338' title='bbox 1634 1005 1804 1044; x_wconf 85' lang='lat' dir='ltr'><strong><em>Cramer.</em></strong></span> <span class='ocrx_word' id='word_1_339' title='bbox 1825 1007 2052 1053; x_wconf 86' lang='lat' dir='ltr'><strong><em>Aneed.111,</em></strong></span> <span class='ocrx_word' id='word_1_340' title='bbox 2078 1021 2118 1057; x_wconf 90' lang='lat' dir='ltr'><strong><em>p.</em></strong></span> <span class='ocrx_word' id='word_1_341' title='bbox 2141 1007 2242 1052; x_wconf 77' lang='lat'><strong><em>415:</em></strong></span> 
     </span>
     <span class='ocr_line' id='line_1_56' title="bbox 1196 1062 2245 1120; baseline 0.001 -18"><span class='ocrx_word' id='word_1_342' title='bbox 1196 1062 1388 1109; x_wconf 83' lang='grc' dir='ltr'>Κανδάκην</span> <span class='ocrx_word' id='word_1_343' title='bbox 1410 1062 1574 1106; x_wconf 81' lang='grc' dir='ltr'>Αἰθίοπες</span> <span class='ocrx_word' id='word_1_344' title='bbox 1606 1068 1723 1101; x_wconf 87' lang='grc' dir='ltr'>πᾶσαν</span> <span class='ocrx_word' id='word_1_345' title='bbox 1745 1062 1808 1110; x_wconf 83' lang='grc' dir='ltr'><strong><em>τὴν</em></strong></span> <span class='ocrx_word' id='word_1_346' title='bbox 1828 1068 1888 1103; x_wconf 78' lang='grc' dir='ltr'>τοῦ</span> <span class='ocrx_word' id='word_1_347' title='bbox 1910 1065 2079 1116; x_wconf 84' lang='grc' dir='ltr'>βασιλέως</span> <span class='ocrx_word' id='word_1_348' title='bbox 2107 1065 2245 1120; x_wconf 76' lang='grc' dir='ltr'>μητέρα</span> 
     </span>
     <span class='ocr_line' id='line_1_57' title="bbox 1194 1120 2244 1176; baseline 0.003 -17"><span class='ocrx_word' id='word_1_349' title='bbox 1194 1124 1375 1162; x_wconf 81' lang='grc' dir='ltr'>καλοῦσιν.</span> <span class='ocrx_word' id='word_1_350' title='bbox 1395 1120 1501 1160; x_wconf 77' lang='grc' dir='ltr'>Οὕτω</span> <span class='ocrx_word' id='word_1_351' title='bbox 1516 1122 1607 1160; x_wconf 87' lang='grc' dir='ltr'>Βίων</span> <span class='ocrx_word' id='word_1_352' title='bbox 1629 1123 1664 1159; x_wconf 87' lang='grc' dir='ltr'>ἐν</span> <span class='ocrx_word' id='word_1_353' title='bbox 1683 1122 1813 1176; x_wconf 84' lang='grc' dir='ltr'>πρώτῳ</span> <span class='ocrx_word' id='word_1_354' title='bbox 1830 1125 2056 1162; x_wconf 85' lang='grc' dir='ltr'>Αἰθιοπικῶν·</span> <span class='ocrx_word' id='word_1_355' title='bbox 2082 1142 2097 1158; x_wconf 91' lang='lat'>«</span> <span class='ocrx_word' id='word_1_356' title='bbox 2123 1124 2244 1162; x_wconf 78' lang='grc' dir='ltr'>Αἰθίο-</span> 
     </span>
     <span class='ocr_line' id='line_1_58' title="bbox 1195 1180 2245 1236; baseline 0.004 -18"><span class='ocrx_word' id='word_1_357' title='bbox 1195 1197 1256 1225; x_wconf 86' lang='grc' dir='ltr'><strong><em>πες</em></strong></span> <span class='ocrx_word' id='word_1_358' title='bbox 1287 1180 1365 1224; x_wconf 80' lang='grc' dir='ltr'>τοὺς</span> <span class='ocrx_word' id='word_1_359' title='bbox 1387 1180 1561 1233; x_wconf 83' lang='grc' dir='ltr'>βασιλέων</span> <span class='ocrx_word' id='word_1_360' title='bbox 1582 1180 1735 1234; x_wconf 83' lang='grc' dir='ltr'>πατέρας</span> <span class='ocrx_word' id='word_1_361' title='bbox 1756 1184 1817 1220; x_wconf 83' lang='grc' dir='ltr'><strong><em>οὐκ</em></strong></span> <span class='ocrx_word' id='word_1_362' title='bbox 1845 1183 2076 1236; x_wconf 77' lang='grc' dir='ltr'>ἕκφαίνουσιν,</span> <span class='ocrx_word' id='word_1_363' title='bbox 2103 1185 2180 1222; x_wconf 84' lang='grc' dir='ltr'>ἀλλ’</span> <span class='ocrx_word' id='word_1_364' title='bbox 2198 1186 2245 1227; x_wconf 81' lang='grc' dir='ltr'><strong><em>ὡς</em></strong></span> 
     </span>
     <span class='ocr_line' id='line_1_59' title="bbox 1195 1239 2244 1296; baseline 0.004 -19"><span class='ocrx_word' id='word_1_365' title='bbox 1195 1240 1297 1283; x_wconf 84' lang='grc' dir='ltr'>ὄντας</span> <span class='ocrx_word' id='word_1_366' title='bbox 1315 1239 1406 1284; x_wconf 75' lang='grc' dir='ltr'>υἱοὺς</span> <span class='ocrx_word' id='word_1_367' title='bbox 1423 1239 1523 1286; x_wconf 85' lang='grc' dir='ltr'>ἡλίου</span> <span class='ocrx_word' id='word_1_368' title='bbox 1536 1240 1788 1293; x_wconf 80' lang='grc' dir='ltr'>παραδιδόασι·</span> <span class='ocrx_word' id='word_1_369' title='bbox 1810 1241 1957 1280; x_wconf 84' lang='grc' dir='ltr'>ἑκάστου</span> <span class='ocrx_word' id='word_1_370' title='bbox 1972 1242 2007 1280; x_wconf 78' lang='grc' dir='ltr'><strong><em>δὲ</em></strong></span> <span class='ocrx_word' id='word_1_371' title='bbox 2027 1241 2091 1289; x_wconf 83' lang='grc' dir='ltr'><strong><em>τὴν</em></strong></span> <span class='ocrx_word' id='word_1_372' title='bbox 2108 1243 2244 1296; x_wconf 83' lang='grc' dir='ltr'>μητέρα</span> 
     </span>
     <span class='ocr_line' id='line_1_60' title="bbox 1193 1299 2244 1352; baseline 0.004 -16"><span class='ocrx_word' id='word_1_373' title='bbox 1193 1301 1339 1337; x_wconf 81' lang='grc' dir='ltr'>καλοῦσι</span> <span class='ocrx_word' id='word_1_374' title='bbox 1378 1299 1580 1346; x_wconf 80' lang='grc' dir='ltr'>Κανδάκην.</span> <span class='ocrx_word' id='word_1_375' title='bbox 1606 1317 1621 1333; x_wconf 68' lang='lat'><strong><em>2»</em></strong></span> <span class='ocrx_word' id='word_1_376' title='bbox 1648 1302 1704 1339; x_wconf 90' lang='lat' dir='ltr'><strong><em>Cf.</em></strong></span> <span class='ocrx_word' id='word_1_377' title='bbox 1738 1303 1902 1350; x_wconf 83' lang='lat' dir='ltr'><strong><em>Hesych.</em></strong></span> <span class='ocrx_word' id='word_1_378' title='bbox 1931 1314 1940 1339; x_wconf 72' lang='grc' dir='ltr'>ε</span> <span class='ocrx_word' id='word_1_379' title='bbox 1977 1300 2096 1349; x_wconf 80' lang='grc' dir='ltr'>Κάνδη</span> <span class='ocrx_word' id='word_1_380' title='bbox 2115 1331 2124 1349; x_wconf 90' lang='grc'><strong>,</strong></span> <span class='ocrx_word' id='word_1_381' title='bbox 2159 1302 2244 1352; x_wconf 87' lang='grc' dir='ltr'>γυνὴ</span> 
     </span>
     <span class='ocr_line' id='line_1_61' title="bbox 1194 1379 1322 1451; baseline 0.016 -10"><span class='ocrx_word' id='word_1_382' title='bbox 1194 1407 1215 1451; x_wconf 83' lang='grc' dir='ltr'>ἡ</span> <span class='ocrx_word' id='word_1_383' title='bbox 1231 1379 1322 1443; x_wconf 54' lang='grc' dir='ltr'>Καξ.</span> 
     </span>
    </p>

    <p class='ocr_par' dir='ltr' id='par_1_15' title="bbox 1562 1492 1872 1626">
     <span class='ocr_line' id='line_1_62' title="bbox 1562 1492 1872 1530; baseline -0.003 0"><span class='ocrx_word' id='word_1_384' title='bbox 1562 1492 1872 1530; x_wconf 82' lang='grc' dir='ltr'>ΑΣΣΥΡΙΑΚΑ.</span> 
     </span>
     <span class='ocr_line' id='line_1_63' title="bbox 1687 1574 1754 1626; baseline -0.03 0"><span class='ocrx_word' id='word_1_385' title='bbox 1687 1574 1754 1626; x_wconf 77' lang='grc'>(6·)</span> 
     </span>
    </p>

    <p class='ocr_par' dir='ltr' id='par_1_16' title="bbox 1192 1635 2296 2050">
     <span class='ocr_line' id='line_1_64' title="bbox 1248 1635 2296 1700; baseline 0.006 -17"><span class='ocrx_word' id='word_1_386' title='bbox 1248 1648 1409 1696; x_wconf 87' lang='lat' dir='ltr'><strong><em>Syncell.</em></strong></span> <span class='ocrx_word' id='word_1_387' title='bbox 1435 1660 1475 1696; x_wconf 91' lang='lat' dir='ltr'><strong><em>p.</em></strong></span> <span class='ocrx_word' id='word_1_388' title='bbox 1500 1647 1588 1696; x_wconf 85' lang='lat'><strong><em>359,</em></strong></span> <span class='ocrx_word' id='word_1_389' title='bbox 1622 1648 1650 1687; x_wconf 89' lang='lat' dir='ltr'>C</span> <span class='ocrx_word' id='word_1_390' title='bbox 1675 1661 1682 1686; x_wconf 93' lang='lat'>:</span> <span class='ocrx_word' id='word_1_391' title='bbox 1704 1647 1962 1686; x_wconf 75' lang='grc' dir='ltr'>Ἐὅασίλευσαν</span> <span class='ocrx_word' id='word_1_392' title='bbox 1982 1635 2156 1700; x_wconf 81' lang='grc' dir='ltr'>Ἀσσύριοι</span> <span class='ocrx_word' id='word_1_393' title='bbox 2178 1650 2247 1688; x_wconf 86' lang='grc' dir='ltr'>ἀπὸ</span> <span class='ocrx_word' id='word_1_394' title='bbox 2294 1686 2296 1689; x_wconf 76' lang='grc'>,</span> 
     </span>
     <span class='ocr_line' id='line_1_65' title="bbox 1195 1704 2245 1758; baseline 0.004 -15"><span class='ocrx_word' id='word_1_395' title='bbox 1195 1705 1301 1743; x_wconf 88' lang='grc' dir='ltr'>Νίνου</span> <span class='ocrx_word' id='word_1_396' title='bbox 1319 1705 1380 1742; x_wconf 82' lang='grc' dir='ltr'><strong><em>καὶ</em></strong></span> <span class='ocrx_word' id='word_1_397' title='bbox 1400 1704 1633 1755; x_wconf 84' lang='grc' dir='ltr'>Σεμιράμεως</span> <span class='ocrx_word' id='word_1_398' title='bbox 1649 1706 1754 1758; x_wconf 81' lang='grc' dir='ltr'>μέχρι</span> <span class='ocrx_word' id='word_1_399' title='bbox 1776 1708 1921 1746; x_wconf 80' lang='grc' dir='ltr'>Βελεοῧν</span> <span class='ocrx_word' id='word_1_400' title='bbox 1942 1710 2002 1745; x_wconf 74' lang='grc' dir='ltr'>τοῦ</span> <span class='ocrx_word' id='word_1_401' title='bbox 2012 1708 2245 1748; x_wconf 84' lang='grc' dir='ltr'>Δελκετάδου.</span> 
     </span>
     <span class='ocr_line' id='line_1_66' title="bbox 1196 1761 2245 1818; baseline 0.004 -16"><span class='ocrx_word' id='word_1_402' title='bbox 1196 1765 1257 1806; x_wconf 82' lang='grc' dir='ltr'><strong><em>Εἷς</em></strong></span> <span class='ocrx_word' id='word_1_403' title='bbox 1273 1769 1392 1802; x_wconf 79' lang='grc' dir='ltr'>τοῦτον</span> <span class='ocrx_word' id='word_1_404' title='bbox 1412 1762 1480 1816; x_wconf 82' lang='grc' dir='ltr'><strong><em>γὰρ</em></strong></span> <span class='ocrx_word' id='word_1_405' title='bbox 1500 1768 1560 1802; x_wconf 76' lang='grc' dir='ltr'>τοῦ</span> <span class='ocrx_word' id='word_1_406' title='bbox 1582 1761 1814 1818; x_wconf 84' lang='grc' dir='ltr'>Σεμιράμεως</span> <span class='ocrx_word' id='word_1_407' title='bbox 1833 1765 1950 1816; x_wconf 81' lang='grc' dir='ltr'>γένους</span> <span class='ocrx_word' id='word_1_408' title='bbox 1969 1766 2151 1818; x_wconf 79' lang='grc' dir='ltr'>λήξαντος,</span> <span class='ocrx_word' id='word_1_409' title='bbox 2177 1769 2245 1806; x_wconf 72' lang='lat' dir='ltr'><strong><em>Be—</em></strong></span> 
     </span>
     <span class='ocr_line' id='line_1_67' title="bbox 1193 1822 2244 1875; baseline 0.003 -15"><span class='ocrx_word' id='word_1_410' title='bbox 1193 1824 1338 1874; x_wconf 78' lang='grc' dir='ltr'>λιταρᾶν</span> <span class='ocrx_word' id='word_1_411' title='bbox 1360 1822 1558 1875; x_wconf 84' lang='grc' dir='ltr'>κηπουργὸς</span> <span class='ocrx_word' id='word_1_412' title='bbox 1594 1823 1799 1862; x_wconf 71' lang='grc' dir='ltr'>ἐδασίλευσε</span> <span class='ocrx_word' id='word_1_413' title='bbox 1833 1824 1893 1862; x_wconf 90' lang='grc' dir='ltr'><strong><em>καὶ</em></strong></span> <span class='ocrx_word' id='word_1_414' title='bbox 1920 1824 1959 1862; x_wconf 86' lang='grc' dir='ltr'>τὸ</span> <span class='ocrx_word' id='word_1_415' title='bbox 1995 1825 2126 1863; x_wconf 82' lang='grc' dir='ltr'>ἐκείνου</span> <span class='ocrx_word' id='word_1_416' title='bbox 2147 1826 2244 1875; x_wconf 85' lang='grc' dir='ltr'>γένος</span> 
     </span>
     <span class='ocr_line' id='line_1_68' title="bbox 1194 1880 2242 1933; baseline 0.003 -15"><span class='ocrx_word' id='word_1_417' title='bbox 1194 1881 1269 1926; x_wconf 78' lang='grc' dir='ltr'>ἑξῆς</span> <span class='ocrx_word' id='word_1_418' title='bbox 1284 1880 1388 1933; x_wconf 83' lang='grc' dir='ltr'>μέχρι</span> <span class='ocrx_word' id='word_1_419' title='bbox 1420 1883 1746 1933; x_wconf 85' lang='grc' dir='ltr'>Σαρδαναπάλλου,</span> <span class='ocrx_word' id='word_1_420' title='bbox 1768 1882 1860 1920; x_wconf 83' lang='grc' dir='ltr'>καθὰ</span> <span class='ocrx_word' id='word_1_421' title='bbox 1877 1882 1982 1921; x_wconf 85' lang='grc' dir='ltr'>Βίωνι</span> <span class='ocrx_word' id='word_1_422' title='bbox 2003 1883 2063 1921; x_wconf 84' lang='grc' dir='ltr'><strong><em>καὶ</em></strong></span> <span class='ocrx_word' id='word_1_423' title='bbox 2079 1883 2242 1928; x_wconf 76' lang='grc' dir='ltr'>Ἀλεξάν-</span> 
     </span>
     <span class='ocr_line' id='line_1_69' title="bbox 1193 1939 2245 1992; baseline 0.002 -15"><span class='ocrx_word' id='word_1_424' title='bbox 1193 1940 1262 1991; x_wconf 88' lang='grc' dir='ltr'><strong><em>δρῳ</em></strong></span> <span class='ocrx_word' id='word_1_425' title='bbox 1283 1940 1375 1977; x_wconf 88' lang='grc' dir='ltr'>δοκεῖ</span> <span class='ocrx_word' id='word_1_426' title='bbox 1389 1941 1439 1992; x_wconf 80' lang='grc' dir='ltr'>τῷ</span> <span class='ocrx_word' id='word_1_427' title='bbox 1459 1939 1684 1992; x_wconf 89' lang='grc' dir='ltr'>Πολυίστορι.</span> <span class='ocrx_word' id='word_1_428' title='bbox 1706 1943 1902 1990; x_wconf 85' lang='lat' dir='ltr'><strong><em>Syneellus</em></strong></span> <span class='ocrx_word' id='word_1_429' title='bbox 1915 1943 2082 1978; x_wconf 89' lang='lat' dir='ltr'><strong><em>hauserit</em></strong></span> <span class='ocrx_word' id='word_1_430' title='bbox 2098 1956 2143 1979; x_wconf 88' lang='lat' dir='ltr'><strong><em>ex</em></strong></span> <span class='ocrx_word' id='word_1_431' title='bbox 2151 1946 2245 1992; x_wconf 86' lang='lat' dir='ltr'><strong><em>Aga-</em></strong></span> 
     </span>
     <span class='ocr_line' id='line_1_70' title="bbox 1192 1999 2246 2050; baseline 0.003 -15"><span class='ocrx_word' id='word_1_432' title='bbox 1192 2001 1271 2035; x_wconf 86' lang='lat' dir='ltr'><strong><em>thia</em></strong></span> <span class='ocrx_word' id='word_1_433' title='bbox 1296 2000 1368 2048; x_wconf 92' lang='lat' dir='ltr'><strong><em>(II,</em></strong></span> <span class='ocrx_word' id='word_1_434' title='bbox 1388 1999 1477 2048; x_wconf 82' lang='lat'><strong><em>25),</em></strong></span> <span class='ocrx_word' id='word_1_435' title='bbox 1495 2001 1561 2047; x_wconf 89' lang='lat' dir='ltr'><strong><em>qui</em></strong></span> <span class='ocrx_word' id='word_1_436' title='bbox 1586 2000 1633 2036; x_wconf 89' lang='lat' dir='ltr'><strong><em>de</em></strong></span> <span class='ocrx_word' id='word_1_437' title='bbox 1650 2002 1782 2037; x_wconf 83' lang='lat' dir='ltr'><strong><em>iisdem</em></strong></span> <span class='ocrx_word' id='word_1_438' title='bbox 1796 2002 1909 2036; x_wconf 83' lang='lat' dir='ltr'><strong><em>rebus</em></strong></span> <span class='ocrx_word' id='word_1_439' title='bbox 1942 2001 2057 2036; x_wconf 90' lang='lat' dir='ltr'><strong><em>fusius</em></strong></span> <span class='ocrx_word' id='word_1_440' title='bbox 2088 2004 2246 2050; x_wconf 87' lang='lat' dir='ltr'><strong><em>exponit</em></strong></span> 
     </span>
    </p>
   </div>
   <div class='ocr_carea' id='block_1_14' title="bbox 1194 2058 2243 2153">
    <p class='ocr_par' dir='ltr' id='par_1_17' title="bbox 1194 2058 2243 2153">
     <span class='ocr_line' id='line_1_71' title="bbox 1194 2058 2243 2108; baseline 0.001 -14"><span class='ocrx_word' id='word_1_441' title='bbox 1194 2059 1250 2106; x_wconf 78' lang='lat' dir='ltr'><strong>(v.</strong></span> <span class='ocrx_word' id='word_1_442' title='bbox 1268 2059 1517 2106; x_wconf 87' lang='lat' dir='ltr'><strong><em>Polyhistoris</em></strong></span> <span class='ocrx_word' id='word_1_443' title='bbox 1546 2058 1590 2094; x_wconf 89' lang='lat' dir='ltr'><strong><em>fr.</em></strong></span> <span class='ocrx_word' id='word_1_444' title='bbox 1614 2058 1675 2108; x_wconf 80' lang='lat'><strong>2).</strong></span> <span class='ocrx_word' id='word_1_445' title='bbox 1698 2060 1826 2095; x_wconf 90' lang='lat' dir='ltr'><strong><em>Bionis</em></strong></span> <span class='ocrx_word' id='word_1_446' title='bbox 1844 2060 1987 2094; x_wconf 87' lang='lat' dir='ltr'><strong><em>mentio</em></strong></span> <span class='ocrx_word' id='word_1_447' title='bbox 2010 2071 2054 2095; x_wconf 85' lang='lat' dir='ltr'><strong><em>ex</em></strong></span> <span class='ocrx_word' id='word_1_448' title='bbox 2079 2060 2243 2095; x_wconf 84' lang='lat' dir='ltr'><strong><em>Alexan-</em></strong></span> 
     </span>
     <span class='ocr_line' id='line_1_72' title="bbox 1194 2116 1933 2153; baseline -0.004 0"><span class='ocrx_word' id='word_1_449' title='bbox 1194 2117 1266 2153; x_wconf 85' lang='lat' dir='ltr'><strong><em>dro</em></strong></span> <span class='ocrx_word' id='word_1_450' title='bbox 1287 2116 1451 2153; x_wconf 81' lang='lat' dir='ltr'><strong><em>fluxerit.</em></strong></span> <span class='ocrx_word' id='word_1_451' title='bbox 1928 2119 1933 2123; x_wconf 83' lang='lat'><em>&#39;</em></span> 
     </span>
    </p>
   </div>
   <div class='ocr_carea' id='block_1_15' title="bbox 1617 2222 1828 2238">
    <p class='ocr_par' dir='ltr' id='par_1_18' title="bbox 1617 2222 1828 2238">
     <span class='ocr_line' id='line_1_73' title="bbox 1617 2222 1828 2238; baseline -0.005 -5"><span class='ocrx_word' id='word_1_452' title='bbox 1617 2222 1828 2238; x_wconf 47' lang='lat'><strong><em>⁴000*—</em></strong></span> 
     </span>
    </p>
   </div>
   <div class='ocr_carea' id='block_1_16' title="bbox 1350 2261 2079 2358">
    <p class='ocr_par' dir='ltr' id='par_1_19' title="bbox 1350 2261 2079 2358">
     <span class='ocr_line' id='line_1_74' title="bbox 1350 2261 2079 2358; baseline 0 -3"><span class='ocrx_word' id='word_1_453' title='bbox 1350 2261 1688 2356; x_wconf 68' lang='lat' dir='ltr'>BOTRYAS</span> <span class='ocrx_word' id='word_1_454' title='bbox 1727 2299 2079 2358; x_wconf 80' lang='lat' dir='ltr'><strong>MYNDIUS.</strong></span> 
     </span>
    </p>
   </div>
   <div class='ocr_carea' id='block_1_17' title="bbox 1189 2423 2246 2765">
    <p class='ocr_par' dir='ltr' id='par_1_20' title="bbox 1190 2423 2244 2591">
     <span class='ocr_line' id='line_1_75' title="bbox 1244 2423 2240 2473; baseline 0.001 -15"><span class='ocrx_word' id='word_1_455' title='bbox 1244 2424 1465 2459; x_wconf 77' lang='lat' dir='ltr'><strong><em>Ptolemaeus</em></strong></span> <span class='ocrx_word' id='word_1_456' title='bbox 1486 2423 1608 2471; x_wconf 85' lang='lat' dir='ltr'><strong><em>Heph.</em></strong></span> <span class='ocrx_word' id='word_1_457' title='bbox 1634 2435 1697 2471; x_wconf 85' lang='lat' dir='ltr'><strong><em>ap.</em></strong></span> <span class='ocrx_word' id='word_1_458' title='bbox 1722 2423 1832 2461; x_wconf 89' lang='lat' dir='ltr'><strong>Phot.</strong></span> <span class='ocrx_word' id='word_1_459' title='bbox 1856 2423 1943 2461; x_wconf 92' lang='lat' dir='ltr'><strong>cod.</strong></span> <span class='ocrx_word' id='word_1_460' title='bbox 1973 2436 2063 2471; x_wconf 90' lang='lat'><strong><em>190,</em></strong></span> <span class='ocrx_word' id='word_1_461' title='bbox 2084 2437 2123 2473; x_wconf 90' lang='lat' dir='ltr'><strong><em>p.</em></strong></span> <span class='ocrx_word' id='word_1_462' title='bbox 2154 2428 2240 2470; x_wconf 77' lang='lat'><strong><em>147,</em></strong></span> 
     </span>
     <span class='ocr_line' id='line_1_76' title="bbox 1192 2480 2244 2533; baseline 0 -16"><span class='ocrx_word' id='word_1_463' title='bbox 1192 2494 1235 2517; x_wconf 83' lang='lat'><strong><em>21</em></strong></span> <span class='ocrx_word' id='word_1_464' title='bbox 1261 2493 1270 2519; x_wconf 85' lang='grc'>;</span> <span class='ocrx_word' id='word_1_465' title='bbox 1296 2480 1451 2533; x_wconf 80' lang='grc' dir='ltr'>Βοτρύας</span> <span class='ocrx_word' id='word_1_466' title='bbox 1487 2483 1504 2518; x_wconf 90' lang='grc' dir='ltr'>ὁ</span> <span class='ocrx_word' id='word_1_467' title='bbox 1533 2480 1685 2524; x_wconf 87' lang='grc' dir='ltr'>Μύνδιος</span> <span class='ocrx_word' id='word_1_468' title='bbox 1710 2483 1770 2526; x_wconf 74' lang='grc' dir='ltr'><strong><em>τῆς</em></strong></span> <span class='ocrx_word' id='word_1_469' title='bbox 1802 2480 1934 2526; x_wconf 71' lang='grc' dir='ltr'>Νιόὸης</span> <span class='ocrx_word' id='word_1_470' title='bbox 1957 2481 2083 2524; x_wconf 82' lang='grc' dir='ltr'>παῖδας</span> <span class='ocrx_word' id='word_1_471' title='bbox 2111 2481 2244 2524; x_wconf 83' lang='grc' dir='ltr'>πάντας</span> 
     </span>
     <span class='ocr_line' id='line_1_77' title="bbox 1190 2538 1837 2591; baseline 0.002 -15"><span class='ocrx_word' id='word_1_472' title='bbox 1190 2538 1256 2577; x_wconf 83' lang='grc' dir='ltr'>ὑπὸ</span> <span class='ocrx_word' id='word_1_473' title='bbox 1273 2538 1488 2582; x_wconf 85' lang='grc' dir='ltr'>Ἀπόλλωνός</span> <span class='ocrx_word' id='word_1_474' title='bbox 1510 2554 1614 2591; x_wconf 82' lang='grc' dir='ltr'>φησιν</span> <span class='ocrx_word' id='word_1_475' title='bbox 1630 2541 1837 2591; x_wconf 71' lang='grc' dir='ltr'>ἀνῃρῆσθαι.</span> 
     </span>
    </p>

    <p class='ocr_par' dir='ltr' id='par_1_21' title="bbox 1189 2598 2246 2765">
     <span class='ocr_line' id='line_1_78' title="bbox 1243 2598 2246 2651; baseline -0.002 -15"><span class='ocrx_word' id='word_1_476' title='bbox 1243 2598 1422 2650; x_wconf 87' lang='grc' dir='ltr'>Βότρυας]</span> <span class='ocrx_word' id='word_1_477' title='bbox 1438 2600 1539 2636; x_wconf 91' lang='lat' dir='ltr'><strong><em>idem</em></strong></span> <span class='ocrx_word' id='word_1_478' title='bbox 1552 2599 1657 2648; x_wconf 91' lang='lat' dir='ltr'><strong><em>quod</em></strong></span> <span class='ocrx_word' id='word_1_479' title='bbox 1677 2598 1820 2651; x_wconf 86' lang='grc' dir='ltr'>Βότρυς,</span> <span class='ocrx_word' id='word_1_480' title='bbox 1841 2600 1945 2646; x_wconf 85' lang='lat' dir='ltr'><strong><em>cujus</em></strong></span> <span class='ocrx_word' id='word_1_481' title='bbox 1965 2600 2127 2636; x_wconf 81' lang='lat' dir='ltr'><strong><em>nominis</em></strong></span> <span class='ocrx_word' id='word_1_482' title='bbox 2143 2600 2246 2634; x_wconf 82' lang='lat' dir='ltr'><strong><em>viros</em></strong></span> 
     </span>
     <span class='ocr_line' id='line_1_79' title="bbox 1189 2658 2238 2706; baseline 0 -13"><span class='ocrx_word' id='word_1_483' title='bbox 1189 2671 1224 2696; x_wconf 93' lang='lat' dir='ltr'><strong>v.</strong></span> <span class='ocrx_word' id='word_1_484' title='bbox 1247 2671 1308 2706; x_wconf 85' lang='lat' dir='ltr'><strong>ap.</strong></span> <span class='ocrx_word' id='word_1_485' title='bbox 1330 2658 1505 2695; x_wconf 89' lang='lat' dir='ltr'><strong><em>Dindorf.</em></strong></span> <span class='ocrx_word' id='word_1_486' title='bbox 1527 2659 1567 2693; x_wconf 87' lang='lat' dir='ltr'><strong><em>in</em></strong></span> <span class='ocrx_word' id='word_1_487' title='bbox 1586 2658 1715 2706; x_wconf 82' lang='lat' dir='ltr'><strong><em>steph.</em></strong></span> <span class='ocrx_word' id='word_1_488' title='bbox 1740 2671 1769 2695; x_wconf 83' lang='lat' dir='ltr'><strong>S.</strong></span> <span class='ocrx_word' id='word_1_489' title='bbox 1794 2671 1828 2694; x_wconf 83' lang='lat' dir='ltr'><strong>V.</strong></span> <span class='ocrx_word' id='word_1_490' title='bbox 1847 2665 1883 2694; x_wconf 81' lang='lat' dir='ltr'><strong><em>et</em></strong></span> <span class='ocrx_word' id='word_1_491' title='bbox 1903 2659 1942 2693; x_wconf 91' lang='lat' dir='ltr'><strong><em>in</em></strong></span> <span class='ocrx_word' id='word_1_492' title='bbox 1961 2659 2120 2696; x_wconf 85' lang='lat' dir='ltr'><strong><em>Meinek.</em></strong></span> <span class='ocrx_word' id='word_1_493' title='bbox 2144 2659 2238 2694; x_wconf 87' lang='lat' dir='ltr'><strong><em>Hist.</em></strong></span> 
     </span>
     <span class='ocr_line' id='line_1_80' title="bbox 1191 2716 1650 2765; baseline 0.004 -13"><span class='ocrx_word' id='word_1_494' title='bbox 1191 2718 1276 2754; x_wconf 86' lang='lat' dir='ltr'><strong><em>crit.</em></strong></span> <span class='ocrx_word' id='word_1_495' title='bbox 1300 2729 1398 2754; x_wconf 85' lang='lat' dir='ltr'><strong><em>eom.</em></strong></span> <span class='ocrx_word' id='word_1_496' title='bbox 1420 2729 1460 2765; x_wconf 90' lang='lat' dir='ltr'><strong><em>p.</em></strong></span> <span class='ocrx_word' id='word_1_497' title='bbox 1480 2716 1555 2760; x_wconf 69' lang='lat'><strong><em>408</em></strong></span> <span class='ocrx_word' id='word_1_498' title='bbox 1575 2725 1650 2754; x_wconf 88' lang='lat' dir='ltr'><strong><em>not.</em></strong></span> 
     </span>
    </p>
   </div>
   <div class='ocr_carea' id='block_1_18' title="bbox 1587 2805 1829 2821">
    <p class='ocr_par' dir='ltr' id='par_1_22' title="bbox 1587 2805 1829 2821">
     <span class='ocr_line' id='line_1_81' title="bbox 1587 2805 1829 2821; baseline 0.008 -4"><span class='ocrx_word' id='word_1_499' title='bbox 1587 2805 1829 2821; x_wconf 55' lang='grc' dir='ltr'>ψ</span> 
     </span>
    </p>
   </div>
   <div class='ocr_carea' id='block_1_19' title="bbox 75 2889 2231 2909">
    <p class='ocr_par' dir='ltr' id='par_1_23' title="bbox 75 2889 2231 2909">
     <span class='ocr_line' id='line_1_82' title="bbox 75 2889 2231 2909; baseline 0.004 -13"><span class='ocrx_word' id='word_1_500' title='bbox 75 2889 2231 2909; x_wconf 67' lang='lat'><strong>—-——————-—-.--—..-———————-—..</strong></span> 
     </span>
    </p>
   </div>
   <div class='ocr_carea' id='block_1_20' title="bbox 401 2960 779 3089">
    <p class='ocr_par' dir='ltr' id='par_1_24' title="bbox 401 2960 779 3089">
     <span class='ocr_line' id='line_1_83' title="bbox 401 2960 779 3002; baseline 0.008 -3"><span class='ocrx_word' id='word_1_501' title='bbox 401 2960 469 2999; x_wconf 88' lang='lat' dir='ltr'><strong><em>DE</em></strong></span> <span class='ocrx_word' id='word_1_502' title='bbox 498 2962 779 3002; x_wconf 82' lang='lat' dir='ltr'><strong><em>AETHlOPlA.</em></strong></span> 
     </span>
     <span class='ocr_line' id='line_1_84' title="bbox 589 3058 623 3089; baseline 0 0"><span class='ocrx_word' id='word_1_503' title='bbox 589 3058 623 3089; x_wconf 77' lang='lat'><strong>4.</strong></span> 
     </span>
    </p>
   </div>
   <div class='ocr_carea' id='block_1_21' title="bbox 80 3124 1127 3274">
    <p class='ocr_par' dir='ltr' id='par_1_25' title="bbox 80 3124 1127 3274">
     <span class='ocr_line' id='line_1_85' title="bbox 119 3124 1127 3169; baseline 0.007 -14"><span class='ocrx_word' id='word_1_504' title='bbox 119 3124 210 3155; x_wconf 87' lang='lat' dir='ltr'><strong><em>Multi</em></strong></span> <span class='ocrx_word' id='word_1_505' title='bbox 225 3124 322 3156; x_wconf 80' lang='lat' dir='ltr'><strong><em>etiam</em></strong></span> <span class='ocrx_word' id='word_1_506' title='bbox 345 3124 554 3165; x_wconf 79' lang='lat' dir='ltr'><strong><em>pulcerrimos</em></strong></span> <span class='ocrx_word' id='word_1_507' title='bbox 570 3128 722 3160; x_wconf 81' lang='lat' dir='ltr'><strong><em>creabant</em></strong></span> <span class='ocrx_word' id='word_1_508' title='bbox 747 3137 854 3169; x_wconf 80' lang='lat' dir='ltr'><strong><em>reges,</em></strong></span> <span class='ocrx_word' id='word_1_509' title='bbox 881 3129 930 3161; x_wconf 86' lang='lat' dir='ltr'><strong><em>uti</em></strong></span> <span class='ocrx_word' id='word_1_510' title='bbox 953 3130 1127 3161; x_wconf 84' lang='lat' dir='ltr'><strong><em>etiamnum</em></strong></span> 
     </span>
     <span class='ocr_line' id='line_1_86' title="bbox 80 3175 1127 3222; baseline 0.006 -16"><span class='ocrx_word' id='word_1_511' title='bbox 80 3175 244 3216; x_wconf 77' lang='lat' dir='ltr'><strong><em>AEthiopes</em></strong></span> <span class='ocrx_word' id='word_1_512' title='bbox 260 3177 315 3216; x_wconf 86' lang='lat' dir='ltr'><strong><em>qui</em></strong></span> <span class='ocrx_word' id='word_1_513' title='bbox 338 3177 484 3208; x_wconf 73' lang='lat' dir='ltr'><strong><em>Auianati</em></strong></span> <span class='ocrx_word' id='word_1_514' title='bbox 497 3201 506 3215; x_wconf 92' lang='lat'><strong><em>,</em></strong></span> <span class='ocrx_word' id='word_1_515' title='bbox 523 3180 758 3220; x_wconf 80' lang='lat' dir='ltr'><strong><em>Immortales,</em></strong></span> <span class='ocrx_word' id='word_1_516' title='bbox 781 3181 972 3220; x_wconf 71' lang='lat' dir='ltr'><strong><em>(Macrobii</em></strong></span> <span class='ocrx_word' id='word_1_517' title='bbox 994 3190 1044 3222; x_wconf 80' lang='lat' dir='ltr'><strong>ap.</strong></span> <span class='ocrx_word' id='word_1_518' title='bbox 1063 3183 1127 3213; x_wconf 84' lang='lat' dir='ltr'><strong><em>He-</em></strong></span> 
     </span>
     <span class='ocr_line' id='line_1_87' title="bbox 80 3228 956 3274; baseline 0.007 -15"><span class='ocrx_word' id='word_1_519' title='bbox 80 3228 207 3269; x_wconf 81' lang='lat' dir='ltr'><strong><em>rodot.)</em></strong></span> <span class='ocrx_word' id='word_1_520' title='bbox 226 3230 402 3269; x_wconf 70' lang='lat' dir='ltr'><strong><em>vocantur,</em></strong></span> <span class='ocrx_word' id='word_1_521' title='bbox 417 3230 464 3261; x_wconf 83' lang='lat' dir='ltr'><strong><em>uti</em></strong></span> <span class='ocrx_word' id='word_1_522' title='bbox 486 3231 566 3263; x_wconf 89' lang='lat' dir='ltr'><strong><em>Bion</em></strong></span> <span class='ocrx_word' id='word_1_523' title='bbox 586 3234 695 3264; x_wconf 83' lang='lat' dir='ltr'><strong><em>narrat</em></strong></span> <span class='ocrx_word' id='word_1_524' title='bbox 708 3233 740 3264; x_wconf 88' lang='lat' dir='ltr'><strong><em>iu</em></strong></span> <span class='ocrx_word' id='word_1_525' title='bbox 758 3233 956 3274; x_wconf 77' lang='lat' dir='ltr'><strong><em>AEtiiiopicis.</em></strong></span> 
     </span>
    </p>
   </div>
   <div class='ocr_carea' id='block_1_22' title="bbox 587 3298 622 3330">
    <p class='ocr_par' dir='ltr' id='par_1_26' title="bbox 587 3298 622 3330">
     <span class='ocr_line' id='line_1_88' title="bbox 587 3298 622 3330; baseline 0 0"><span class='ocrx_word' id='word_1_526' title='bbox 587 3298 622 3330; x_wconf 80' lang='lat'><strong>5.</strong></span> 
     </span>
    </p>
   </div>
   <div class='ocr_carea' id='block_1_23' title="bbox 77 3366 1125 3464">
    <p class='ocr_par' dir='ltr' id='par_1_27' title="bbox 77 3366 1125 3464">
     <span class='ocr_line' id='line_1_89' title="bbox 124 3366 1125 3413; baseline 0.008 -17"><span class='ocrx_word' id='word_1_527' title='bbox 124 3366 302 3398; x_wconf 77' lang='lat' dir='ltr'><strong><em>Candacen</em></strong></span> <span class='ocrx_word' id='word_1_528' title='bbox 317 3367 487 3408; x_wconf 71' lang='lat' dir='ltr'><strong><em>AEthiopes</em></strong></span> <span class='ocrx_word' id='word_1_529' title='bbox 504 3378 667 3410; x_wconf 82' lang='lat' dir='ltr'><strong><em>quamque</em></strong></span> <span class='ocrx_word' id='word_1_530' title='bbox 689 3371 769 3411; x_wconf 79' lang='lat' dir='ltr'><strong><em>regis</em></strong></span> <span class='ocrx_word' id='word_1_531' title='bbox 793 3373 928 3403; x_wconf 80' lang='lat' dir='ltr'><strong><em>matrem</em></strong></span> <span class='ocrx_word' id='word_1_532' title='bbox 946 3372 1125 3413; x_wconf 83' lang='lat' dir='ltr'><strong><em>appellant,</em></strong></span> 
     </span>
     <span class='ocr_line' id='line_1_90' title="bbox 77 3418 1124 3464; baseline 0.008 -16"><span class='ocrx_word' id='word_1_533' title='bbox 77 3418 158 3449; x_wconf 77' lang='lat' dir='ltr'><strong><em>teste</em></strong></span> <span class='ocrx_word' id='word_1_534' title='bbox 171 3418 266 3450; x_wconf 84' lang='lat' dir='ltr'><strong><em>Bione</em></strong></span> <span class='ocrx_word' id='word_1_535' title='bbox 280 3419 310 3450; x_wconf 91' lang='lat' dir='ltr'><strong><em>in</em></strong></span> <span class='ocrx_word' id='word_1_536' title='bbox 327 3419 429 3459; x_wconf 80' lang='lat' dir='ltr'><strong><em>primo</em></strong></span> <span class='ocrx_word' id='word_1_537' title='bbox 442 3423 487 3452; x_wconf 89' lang='lat' dir='ltr'><strong><em>De</em></strong></span> <span class='ocrx_word' id='word_1_538' title='bbox 501 3421 670 3463; x_wconf 80' lang='lat' dir='ltr'><strong><em>AEthiopia,</em></strong></span> <span class='ocrx_word' id='word_1_539' title='bbox 686 3423 739 3454; x_wconf 86' lang='lat' dir='ltr'><strong><em>nbi</em></strong></span> <span class='ocrx_word' id='word_1_540' title='bbox 758 3423 827 3455; x_wconf 74' lang='lat' dir='ltr'><strong><em>haec</em></strong></span> <span class='ocrx_word' id='word_1_541' title='bbox 844 3436 850 3455; x_wconf 86' lang='lat'><strong>:</strong></span> <span class='ocrx_word' id='word_1_542' title='bbox 869 3437 883 3451; x_wconf 71' lang='lat' dir='ltr'><em>a</em></span> <span class='ocrx_word' id='word_1_543' title='bbox 897 3424 1060 3464; x_wconf 79' lang='lat' dir='ltr'><strong><em>AEtliiopes</em></strong></span> <span class='ocrx_word' id='word_1_544' title='bbox 1073 3433 1124 3464; x_wconf 83' lang='lat' dir='ltr'><strong><em>pa·</em></strong></span> 
     </span>
    </p>
   </div>
   <div class='ocr_carea' id='block_1_24' title="bbox 1191 2933 2241 3028">
    <p class='ocr_par' dir='ltr' id='par_1_28' title="bbox 1191 2933 2241 3028">
     <span class='ocr_line' id='line_1_91' title="bbox 1192 2933 2241 2975; baseline -0.001 -9"><span class='ocrx_word' id='word_1_545' title='bbox 1192 2936 1255 2966; x_wconf 79' lang='lat' dir='ltr'><strong><em>tres</em></strong></span> <span class='ocrx_word' id='word_1_546' title='bbox 1272 2943 1381 2974; x_wconf 83' lang='lat' dir='ltr'><strong><em>regum</em></strong></span> <span class='ocrx_word' id='word_1_547' title='bbox 1401 2943 1462 2966; x_wconf 89' lang='lat' dir='ltr'><strong><em>non</em></strong></span> <span class='ocrx_word' id='word_1_548' title='bbox 1476 2934 1647 2974; x_wconf 79' lang='lat' dir='ltr'><strong><em>exhibent,</em></strong></span> <span class='ocrx_word' id='word_1_549' title='bbox 1662 2943 1742 2975; x_wconf 85' lang='lat' dir='ltr'><strong><em>quos</em></strong></span> <span class='ocrx_word' id='word_1_550' title='bbox 1765 2943 1822 2974; x_wconf 85' lang='lat' dir='ltr'><strong><em>pro</em></strong></span> <span class='ocrx_word' id='word_1_551' title='bbox 1842 2934 1923 2966; x_wconf 89' lang='lat' dir='ltr'><strong><em>Solis</em></strong></span> <span class='ocrx_word' id='word_1_552' title='bbox 1940 2933 2009 2966; x_wconf 80' lang='lat' dir='ltr'><strong><em>siliis</em></strong></span> <span class='ocrx_word' id='word_1_553' title='bbox 2022 2935 2158 2973; x_wconf 85' lang='lat' dir='ltr'><strong><em>habent,</em></strong></span> <span class='ocrx_word' id='word_1_554' title='bbox 2176 2943 2241 2966; x_wconf 86' lang='lat' dir='ltr'><strong><em>ma-</em></strong></span> 
     </span>
     <span class='ocr_line' id='line_1_92' title="bbox 1191 2987 2032 3028; baseline 0 -9"><span class='ocrx_word' id='word_1_555' title='bbox 1191 2990 1272 3020; x_wconf 84' lang='lat' dir='ltr'><strong><em>trem</em></strong></span> <span class='ocrx_word' id='word_1_556' title='bbox 1286 2997 1361 3020; x_wconf 77' lang='lat' dir='ltr'><strong><em>vero</em></strong></span> <span class='ocrx_word' id='word_1_557' title='bbox 1379 2987 1629 3028; x_wconf 83' lang='lat' dir='ltr'><strong><em>uniuscnjusque</em></strong></span> <span class='ocrx_word' id='word_1_558' title='bbox 1645 2987 1813 3019; x_wconf 78' lang='lat' dir='ltr'><strong><em>Candacen</em></strong></span> <span class='ocrx_word' id='word_1_559' title='bbox 1828 2987 1998 3027; x_wconf 80' lang='lat' dir='ltr'><strong><em>appellant.</em></strong></span> <span class='ocrx_word' id='word_1_560' title='bbox 2016 3000 2032 3015; x_wconf 84' lang='lat'>»</span> 
     </span>
    </p>
   </div>
   <div class='ocr_carea' id='block_1_25' title="bbox 1325 3041 2062 3122">
    <p class='ocr_par' dir='ltr' id='par_1_29' title="bbox 1325 3041 2062 3122">
     <span class='ocr_line' id='line_1_93' title="bbox 1325 3041 2062 3122; baseline 0 -15"><span class='ocrx_word' id='word_1_561' title='bbox 1325 3117 1332 3122; x_wconf 22' lang='lat' dir='ltr'>q</span> <span class='ocrx_word' id='word_1_562' title='bbox 1396 3069 1464 3107; x_wconf 83' lang='lat' dir='ltr'><strong><em>DE</em></strong></span> <span class='ocrx_word' id='word_1_563' title='bbox 1493 3069 1654 3107; x_wconf 84' lang='lat' dir='ltr'>REBUS</span> <span class='ocrx_word' id='word_1_564' title='bbox 1687 3041 2062 3108; x_wconf 46' lang='lat' dir='ltr'><strong><em>ASSYmoRUMf</em></strong></span> 
     </span>
    </p>
   </div>
   <div class='ocr_carea' id='block_1_26' title="bbox 1696 3152 1729 3184">
    <p class='ocr_par' dir='ltr' id='par_1_30' title="bbox 1696 3152 1729 3184">
     <span class='ocr_line' id='line_1_94' title="bbox 1696 3152 1729 3184; baseline -0.061 0"><span class='ocrx_word' id='word_1_565' title='bbox 1696 3152 1729 3184; x_wconf 89' lang='grc'><strong><em>6.</em></strong></span> 
     </span>
    </p>
   </div>
   <div class='ocr_carea' id='block_1_27' title="bbox 1187 3215 2235 3456">
    <p class='ocr_par' dir='ltr' id='par_1_31' title="bbox 1187 3215 2235 3456">
     <span class='ocr_line' id='line_1_95' title="bbox 1231 3215 2235 3257; baseline -0.002 -10"><span class='ocrx_word' id='word_1_566' title='bbox 1231 3218 1414 3256; x_wconf 71' lang='lat' dir='ltr'><strong><em>Regnat-unt</em></strong></span> <span class='ocrx_word' id='word_1_567' title='bbox 1426 3216 1540 3257; x_wconf 83' lang='lat' dir='ltr'><strong><em>Assyrii</em></strong></span> <span class='ocrx_word' id='word_1_568' title='bbox 1555 3225 1573 3248; x_wconf 89' lang='lat' dir='ltr'>a</span> <span class='ocrx_word' id='word_1_569' title='bbox 1587 3217 1668 3249; x_wconf 90' lang='lat' dir='ltr'><strong><em>Nino</em></strong></span> <span class='ocrx_word' id='word_1_570' title='bbox 1681 3217 1712 3248; x_wconf 78' lang='lat' dir='ltr'><strong><em>et</em></strong></span> <span class='ocrx_word' id='word_1_571' title='bbox 1722 3216 1930 3249; x_wconf 81' lang='lat' dir='ltr'><strong><em>Semiramide</em></strong></span> <span class='ocrx_word' id='word_1_572' title='bbox 1941 3225 2042 3256; x_wconf 86' lang='lat' dir='ltr'><strong><em>usque</em></strong></span> <span class='ocrx_word' id='word_1_573' title='bbox 2056 3215 2094 3247; x_wconf 83' lang='lat' dir='ltr'><strong><em>ad</em></strong></span> <span class='ocrx_word' id='word_1_574' title='bbox 2108 3216 2235 3248; x_wconf 86' lang='lat' dir='ltr'><strong><em>Beieurn</em></strong></span> 
     </span>
     <span class='ocr_line' id='line_1_96' title="bbox 1190 3267 2234 3309; baseline -0.003 -10"><span class='ocrx_word' id='word_1_575' title='bbox 1190 3268 1369 3299; x_wconf 80' lang='lat' dir='ltr'><strong><em>Delcetadae</em></strong></span> <span class='ocrx_word' id='word_1_576' title='bbox 1379 3268 1491 3299; x_wconf 80' lang='lat' dir='ltr'><strong><em>filiurn.</em></strong></span> <span class='ocrx_word' id='word_1_577' title='bbox 1505 3271 1540 3300; x_wconf 87' lang='lat' dir='ltr'><strong><em>In</em></strong></span> <span class='ocrx_word' id='word_1_578' title='bbox 1549 3277 1613 3309; x_wconf 88' lang='lat' dir='ltr'><strong><em>quo</em></strong></span> <span class='ocrx_word' id='word_1_579' title='bbox 1624 3278 1725 3309; x_wconf 88' lang='lat' dir='ltr'><strong><em>quum</em></strong></span> <span class='ocrx_word' id='word_1_580' title='bbox 1737 3268 1963 3300; x_wconf 78' lang='lat' dir='ltr'><strong><em>Semiraniidea</em></strong></span> <span class='ocrx_word' id='word_1_581' title='bbox 1973 3268 2067 3307; x_wconf 82' lang='lat' dir='ltr'><strong><em>stirps</em></strong></span> <span class='ocrx_word' id='word_1_582' title='bbox 2075 3267 2234 3303; x_wconf 71' lang='lat' dir='ltr'><strong><em>deficeret,</em></strong></span> 
     </span>
     <span class='ocr_line' id='line_1_97' title="bbox 1191 3319 2235 3362; baseline -0.004 -10"><span class='ocrx_word' id='word_1_583' title='bbox 1191 3322 1346 3353; x_wconf 75' lang='lat' dir='ltr'><strong><em>Belitaran</em></strong></span> <span class='ocrx_word' id='word_1_584' title='bbox 1364 3321 1552 3353; x_wconf 81' lang='lat' dir='ltr'><strong><em>hortulanus</em></strong></span> <span class='ocrx_word' id='word_1_585' title='bbox 1567 3331 1662 3362; x_wconf 80' lang='lat' dir='ltr'><strong><em>regno</em></strong></span> <span class='ocrx_word' id='word_1_586' title='bbox 1677 3321 1795 3362; x_wconf 79' lang='lat' dir='ltr'><strong><em>potitus</em></strong></span> <span class='ocrx_word' id='word_1_587' title='bbox 1808 3322 1872 3360; x_wconf 86' lang='lat' dir='ltr'><strong><em>est,</em></strong></span> <span class='ocrx_word' id='word_1_588' title='bbox 1891 3320 1977 3362; x_wconf 87' lang='lat' dir='ltr'><strong><em>quod</em></strong></span> <span class='ocrx_word' id='word_1_589' title='bbox 1994 3319 2077 3359; x_wconf 80' lang='lat' dir='ltr'><strong><em>apud</em></strong></span> <span class='ocrx_word' id='word_1_590' title='bbox 2097 3322 2235 3358; x_wconf 72' lang='lat' dir='ltr'><strong><em>posteros</em></strong></span> 
     </span>
     <span class='ocr_line' id='line_1_98' title="bbox 1187 3369 2232 3414; baseline -0.004 -11"><span class='ocrx_word' id='word_1_591' title='bbox 1187 3373 1256 3412; x_wconf 82' lang='lat' dir='ltr'><strong><em>eJ&#39;us</em></strong></span> <span class='ocrx_word' id='word_1_592' title='bbox 1269 3372 1385 3404; x_wconf 84' lang='lat' dir='ltr'><strong><em>mansit</em></strong></span> <span class='ocrx_word' id='word_1_593' title='bbox 1401 3381 1500 3414; x_wconf 87' lang='lat' dir='ltr'><strong><em>usque</em></strong></span> <span class='ocrx_word' id='word_1_594' title='bbox 1519 3373 1558 3405; x_wconf 79' lang='lat' dir='ltr'><strong><em>ad</em></strong></span> <span class='ocrx_word' id='word_1_595' title='bbox 1584 3373 1865 3413; x_wconf 80' lang='lat' dir='ltr'><strong><em>Sardanapallum,</em></strong></span> <span class='ocrx_word' id='word_1_596' title='bbox 1884 3372 1930 3404; x_wconf 81' lang='lat' dir='ltr'><strong><em>uti</em></strong></span> <span class='ocrx_word' id='word_1_597' title='bbox 1942 3371 2029 3404; x_wconf 89' lang='lat' dir='ltr'><strong><em>Bioni</em></strong></span> <span class='ocrx_word' id='word_1_598' title='bbox 2047 3372 2078 3402; x_wconf 73' lang='lat' dir='ltr'><strong><em>et</em></strong></span> <span class='ocrx_word' id='word_1_599' title='bbox 2104 3369 2232 3409; x_wconf 81' lang='lat' dir='ltr'><strong><em>Polybi-</em></strong></span> 
     </span>
     <span class='ocr_line' id='line_1_99' title="bbox 1187 3424 1417 3456; baseline 0 0"><span class='ocrx_word' id='word_1_600' title='bbox 1187 3424 1262 3456; x_wconf 81' lang='lat' dir='ltr'><strong><em>stori</em></strong></span> <span class='ocrx_word' id='word_1_601' title='bbox 1281 3424 1417 3456; x_wconf 82' lang='lat' dir='ltr'><strong><em>videtur.</em></strong></span> 
     </span>
    </p>
   </div>
  </div>
 </body>
</html>
