2372 3704
1056 239 1390 281 FRAGMENTA.

650 348 688 385 6.

202 419 310 457 Idem
327 430 337 458 2
354 416 507 457 Μόκατα
519 445 529 464 ,
545 415 705 460 Βιθυνίας
720 414 839 462 πόλις,
856 415 900 459 ὡς
918 413 1080 465 Δομίτιος
1098 416 1196 454 Καλ-

147 476 330 530 λίστρατος
341 477 375 514 ἐν
389 474 440 527 τῷ
456 474 544 528 Περὶ
560 472 774 526 “Ηρακλείας
788 472 958 525 τετάρτῳ.
975 474 1071 511 Cod.
1093 475 1197 510 Rhe-

150 537 230 586 dig.
252 549 261 573 ε
284 534 457 589 Μόκαρτα
475 550 515 574 π.
535 535 612 574 Βιθ.
629 563 639 581 ,
664 535 710 577 ὡς
732 533 918 584 Δομάτιος.
938 534 1101 570 Aliunde
1119 547 1198 570 non

149 602 242 631 nota
257 595 347 631 urbs
358 621 368 640 ‚
385 595 458 631 nisi
473 594 572 630 forte
590 600 645 630 est
661 605 707 630 ea
725 606 808 642 quae
827 590 870 630 τὰ
886 589 1014 644 Μόδρα
1030 593 1196 642 appella-

150 661 213 690 tur
227 665 290 703 ap.
313 654 491 691 strabon.
508 665 549 703 p.
570 651 662 696 543.

548 763 697 799 LIBER
724 762 789 799 VI.

204 847 312 884 Idem
337 860 346 883 ε
378 844 617 892 Ὀδιούπολις,
636 843 764 897 χωρίον
785 843 997 896 Ἡρακλείας
1024 846 1085 891 τῆς
1115 844 1199 897 πρὸς

150 904 201 956 τῷ
235 904 375 957 Πόντῳ.
409 903 569 955 Δομίτιος
600 903 867 956 Καλλίστρατος
896 903 986 957 ἕκτῳ
1006 906 1075 943 τῶν
1108 903 1199 957 Περὶ

150 960 374 1015 Ἡρακλείας.
658 1016 681 1053 8

205 1092 314 1130 Idem
327 1107 366 1130 v.
388 1090 529 1134 υΥπιος.
550 1091 647 1130 Vide
663 1092 892 1142 Nymphidis
910 1091 958 1128 fr.
979 1097 1015 1139 4,
1034 1099 1126 1130 tom.
1145 1093 1199 1139 ΙΙ,

156 1163 198 1201 p.
222 1151 282 1191 13.

443 1241 475 1275 E
502 1239 654 1276 LIBRO
682 1238 906 1276 SEPTIMO.

657 1339 697 1375 9.

206 1414 313 1451 Idem
327 1426 336 1452 :
350 1410 534 1463 Ὀλύμπη,
547 1410 647 1454 πόλις
660 1409 845 1462 Ἰλλυρίας,
860 1412 906 1454 ὡς
921 1410 1084 1460 Δομίτιος
1100 1413 1201 1450 Καλ-

154 1470 338 1524 λίστρατος
357 1470 496 1523 ἑὸδόμῳ
516 1469 606 1523 Περὶ
623 1468 850 1521 Ἡρακλείας.

569 1574 786 1590 —Qoooffi-

633 1641 727 1695 (ιο).

205 1732 404 1768 Athenaeus
421 1731 473 1768 VI
486 1757 496 1775 ,
512 1743 554 1779 p.
580 1729 671 1778 263,
689 1731 719 1765 E
739 1742 748 1765 ε
767 1727 860 1780 Τάχ’
874 1722 932 1766 οῧν
949 1727 1006 1766 διὰ
1026 1732 1126 1767 τοῦτο
1142 1730 1200 1768 καὶ

153 1787 333 1842 Εὐφορίων
354 1790 372 1826 ὁ
395 1787 558 1831 ἐποποιὸς
583 1785 663 1830 τοὺς
693 1786 960 1839 Μαριανδυνοὺς
988 1787 1205 1842 δωροφόρους

153 1847 334 1895 κέκληκεν·
988 1861 991 1863 ·

214 1937 391 1979 Δωροφόροι
404 1936 559 1969 καλεοίαθ’
574 1936 815 1978 ὑποφρίσσοντες
828 1936 975 1973 ἄνακτας.

154 2012 259 2063 Λέγει
275 2010 311 2050 δὲ
328 2011 389 2050 καὶ
407 2011 672 2063 Καλλίστρατος
697 2013 715 2048 ὁ
743 2009 1036 2062 Ἀριστοφάνειος,
1057 2010 1111 2049 ὅτι
1129 2011 1205 2056 τοὺς

157 2070 422 2124 Μαριανδυνοὺς
441 2070 619 2121 ὠνόμαζον
639 2069 702 2119 μὲν
723 2069 959 2123 δωροφόρους,
979 2072 1206 2123 ἀφαιροῦντες

153 2130 194 2167 τὸ
213 2129 336 2180 πικρὸν
355 2132 417 2175 τῆς
437 2127 505 2166 ἀπὸ
521 2130 591 2166 τῶν
611 2129 752 2166 οἰκετῶν
775 2127 1030 2180 προσηγορίας,
1047 2128 1205 2181 καθάπερ

155 2190 380 2241 Σπαρτιᾶται
401 2185 464 2238 μὲν
485 2186 651 2234 ἐποίησαν
666 2186 724 2224 ἐπὶ
740 2188 808 2224 τῶν
830 2185 1010 2234 Εἱλώτων,
1032 2188 1206 2226 Θετταλοὶ

155 2247 185 2286 δ’
215 2246 274 2285 ἐπὶ
291 2249 360 2285 τῶν
388 2247 578 2297 πενεστῶν,
611 2247 748 2298 Κρῆτες
776 2246 806 2282 δ’
829 2243 973 2282 ἐπὶτῶν
997 2246 1202 2297 κλαρωτῶν.

155 2307 316 2345 Καλοῧσι
333 2303 369 2343 δὲ
383 2307 414 2343 οἱ
433 2306 570 2357 Κρῆτες
581 2303 659 2347 τοὺς
676 2303 739 2353 μὲν
754 2302 846 2341 κατὰ
860 2303 960 2341 πόλιν
974 2303 1109 2348 οἰκέτας
1122 2319 1206 2357 χρυ-

156 2363 331 2410 σωνήτους
344 2393 355 2414 ,
373 2362 612 2415 ἀμφαμιώτας
631 2360 667 2399 δὲ
686 2360 766 2405 τοὺς
784 2361 864 2400 κατ’
885 2361 1002 2413 ἀγρὸν,
1020 2363 1207 2415 ἐγχωρίους

156 2422 218 2473 μὲν
236 2421 356 2473 ὄντας,
376 2421 610 2465 δουλωθέντας
627 2419 664 2459 δὲ
688 2419 780 2459 κατὰ
800 2419 967 2470 πόλεμον·
987 2419 1044 2458 διὰ
1060 2421 1099 2459 τὸ
1120 2422 1206 2469 κλη·

197 2590 343 2628 Mocata,
360 2588 436 2620 urbs
453 2588 634 2629 Bithyniae,
653 2535 704 2620 u}
715 2588 761 2620 ait
779 2589 874 2620 Dom.
898 2587 1101 2620 Callistratus
1125 2588 1206 2620 libro

155 2641 196 2674 de
205 2642 359 2674 Heraclea
370 2642 496 2682 quarto.
662 2685 683 2717 7

197 2739 405 2780 Hodiupolis‚
431 2739 598 2771 castellum
623 2739 785 2771 Heracleae
813 2738 905 2779 juxta
933 2740 1090 2780 Pontum,
1115 2740 1208 2781 quus

157 2791 303 2823 meminit
318 2791 477 2824 Domitius
492 2791 692 2823 callistratus
705 2791 786 2823 libro
799 2792 890 2823 sexto
903 2790 943 2823 de
957 2791 1121 2824 Heraclea.

200 2907 356 2949 Olympus
366 2932 377 2948 ,
393 2907 471 2940 urbs
482 2907 620 2949 Illyriae,
635 2853 782 2940 υῗῡοῐη.
797 2907 1001 2959 Callistratus
1016 2908 1073 2940 lib.
1090 2910 1163 2941 Vll.

448 2993 518 3032 DE
547 2992 909 3032 SAMOTHRACE.

199 3079 278 3110 Haec
290 3076 385 3117 igitur
397 3075 507 3108 videre
520 3076 568 3109 fas
577 3077 644 3117 est;
661 3077 708 3108 fas
722 3076 820 3109 etiam
838 3076 887 3109 est
899 3076 1011 3108 audire
1023 3077 1055 3109 et
1070 3076 1209 3109 scribere

158 3129 199 3162 de
216 3129 278 3160 illis
289 3151 299 3167 ‚
316 3137 388 3169 quae
403 3127 534 3160 tradidit
547 3128 749 3160 Callistratus
765 3128 905 3160 historiae
925 3128 966 3160 de
979 3129 1208 3161 Samothracia:

159 3182 255 3214 rebus
270 3182 395 3220 auctor,
413 3181 446 3211 et
458 3181 589 3220 Satyrus
609 3180 784 3221 priscarum
803 3181 986 3212 fabularum
1000 3181 1164 3221 collector,
1179 3183 1211 3213 et

159 3237 259 3273 quum
271 3232 323 3263 alii
332 3231 424 3263 multi
434 3232 504 3263 tum
513 3231 661 3263 Arctinus
670 3233 775 3272 poeta,
786 3231 942 3270 omnium,
957 3241 1038 3273 quos
1050 3232 1209 3271 novimus,

159 3283 410 3324 antiquissimus.
435 3283 486 3314 Sic
507 3283 602 3323 igitur
618 3283 663 3314 illi
683 3283 829 3315 scribunt
852 3284 1038 3324 :Chrysen,
1060 3284 1212 3315 Pallantis

160 3335 277 3374 filiam,
302 3343 403 3375 quum
429 3334 578 3366 Dardano
599 3335 778 3375 nupsisset,
798 3343 856 3375 pro
882 3335 957 3367 dote
980 3335 1124 3367 attulisse
1149 3336 1210 3366 Mi-

161 3394 270 3417 nervae
279 3393 424 3424 munera,
438 3385 573 3417 PalladIa
585 3385 706 3417 scilicet
716 3387 748 3418 et
761 3395 949 3426 magnorum
961 3386 1096 3418 deorum
1108 3395 1210 3424 sacra,

164 3446 301 3478 quorum
324 3437 474 3479 mysteria
489 3437 654 3470 didicerat.
672 3438 734 3471 Sed
753 3447 855 3479 quum
878 3438 1037 3479 Arcades,
1054 3439 1212 3471 diluvium

2231 256 2305 289 355

1261 329 1412 378 ρωθῆναι
1439 326 1476 365 δὲ
1500 326 1694 379 κλαρώτας.
1714 332 1770 366 De
1799 342 1840 366 re
1861 331 1909 367 cf.
1935 333 2098 370 Meinek.
2131 336 2303 385 Euphor.

1259 400 1300 435 p.
1334 391 1428 432 1413
1458 388 1609 423 Muller.
1635 388 1726 423 Dor.
1755 389 1814 432 11,
1845 388 1915 434 633
1939 391 2145 429 Hermann.
2175 396 2304 444 Antiq.

1259 445 1281 494 S
1302 458 1363 495 19,
1382 453 1420 482 et
1435 458 1531 494 quos
1546 446 1686 484 laudat.
1709 447 1884 483 Ceterum
1899 461 1937 485 v.
1957 449 2171 490 Introduct.

1519 537 1639 575 ΠΕΡΙ
1668 537 2037 592 ΣΑΜΟΘΡᾼΚΗΣ.

1312 627 1471 675 Dionys.
1487 627 1574 665 Hal.
1596 629 1642 666 A.
1655 627 1703 663 R.
1721 627 1760 672 I,
1777 626 1827 663 68
1839 654 1849 672 ,
1866 636 2072 677 postquam
2090 631 2136 667 de
2153 632 2224 669 diis
2238 635 2311 670 Pe-

1260 686 1413 722 natibus
1433 686 1603 731 dixerat,
1626 699 1791 734 quorum
1810 687 1916 735 signa
1943 689 2075 724 Romae
2099 690 2140 725 in
2168 694 2309 741 templo

1260 757 1339 780 non
1351 746 1489 793 procul
1505 757 1527 781 a
1540 746 1641 781 Foro
1653 746 1724 781 sita
1735 746 1923 791 visuntur,
1942 748 2067 796 pergit
2085 760 2093 783 :
2116 746 2225 798 Ὁρᾶν
2246 749 2309 799 μὲν

1263 800 1305 848 δὴ
1330 805 1442 840 ταῦτα
1462 802 1591 850 ἔξεστι,
1611 802 1747 840 ἀκούειν
1768 802 1804 840 δὲ
1829 802 1889 840 καὶ
1908 803 2052 856 γράφειν
2073 804 2159 857 ὑπὲρ
2182 808 2308 854 αὐτῶν,

1262 860 1284 897 ἃ
1313 860 1577 914 Καλλίστρατός
1595 877 1633 899 τε
1653 863 1670 899 ὃ
1689 860 1778 914 Περὶ
1801 861 2036 916 Σαμοθρᾴκης
2059 864 2311 914 συνταξάμενος

1261 919 1429 971 ἱστορίαν,
1446 919 1506 957 καὶ
1526 919 1684 972 Σάτυρος
1703 922 1721 958 ὁ
1737 919 1815 964 τοὺς
1834 921 1998 972 ἀρχαίους
2018 922 2143 971 μύθους
2158 938 2312 975 συναγα-

1263 976 1334 1028 γὼν
1350 980 1411 1016 καὶ
1429 978 1529 1016 ἄλλοι
1546 980 1678 1030 συχνοὶ,
1694 978 1929 1023 παλαιότατος
1947 978 1994 1027 δὲ,
2011 974 2058 1018 ὧν
2074 982 2173 1031 ἡμεῖς
2192 981 2310 1033 ἴσμεν,

1262 1035 1410 1082 ποιητὴς
1442 1035 1627 1089 Ἀρκτῖνος.
1655 1036 1806 1089 Λέγουσι
1835 1041 1916 1088 γοῦν
1951 1033 2019 1077 ὦδε
2032 1054 2041 1064 ·
2074 1039 2218 1092 Χρύσην
2249 1039 2311 1088 τὴν

1265 1093 1469 1138 Πάλλαντος
1483 1094 1654 1146 θυγατέρα
1667 1095 1875 1146 γημαμένην
1890 1097 2077 1150 Δαρδάνῳ,
2092 1098 2216 1151 φερνὰς
2230 1101 2311 1138 ἐπε·

1263 1151 1449 1204 νέγκασθαι
1467 1153 1597 1206 δωρεὰς
1613 1153 1766 1201 Ἀθηνᾶς,
1783 1153 1826 1192 τὰ
1844 1154 1879 1192 δὲ
1896 1155 2084 1194 Παλλάδια
2098 1156 2158 1195 καὶ
2174 1156 2218 1195 τὰ
2234 1157 2313 1210 ἱερὰ

1263 1213 1332 1250 τῶν
1352 1212 1515 1263 μεγάλων
1540 1215 1641 1263 θεῶν,
1675 1213 1897 1264 διδαχθεῖσαν
1925 1215 2038 1252 αὐτῶν
2068 1214 2130 1259 τὰς
2156 1216 2311 1261 τελετάς.

1264 1269 1410 1318 Ἐπειδὴ
1442 1270 1478 1309 δὲ
1506 1269 1568 1317 τὴν
1589 1270 1787 1324 ἐπομὸρίαν
1806 1271 1988 1324 φεύγοντες
2009 1272 2171 1326 Ἀρκάδες
2191 1276 2310 1314 Πελο-

1264 1328 1436 1375 πόννησον
1465 1327 1528 1379 μὲν
1561 1328 1731 1380 ἐξέλιπον,
1757 1331 1791 1367 ἐν
1821 1329 1857 1368 δὲ
1882 1333 1925 1382 τῇ
1956 1331 2099 1384 Θρακίᾳ
2118 1331 2214 1383 νήσῳ
2236 1332 2315 1377 τοὺς

1267 1386 1361 1438 βίους
1376 1387 1583 1439 ἱδρύσαντο,
1609 1388 1874 1426 κατασκευάσαι
1892 1389 1950 1426 τὸν
1968 1389 2146 1440 Δάρδανον
2167 1392 2314 1430 ἐνταῦθα

1264 1446 1333 1482 τῶν
1353 1447 1438 1483 θεῶν
1456 1445 1587 1483 τούτων
1607 1446 1712 1497 ἱερὸν,
1739 1445 1907 1498 ἀρρήτους
1925 1452 1995 1490 τοῖς
2014 1447 2130 1490 ἄλλοις
2151 1452 2316 1487 ποιοῦντα

1264 1502 1326 1545 τὰς
1342 1502 1431 1547 ἰδίας
1452 1504 1566 1540 αὐτῶν
1583 1503 1773 1553 ὀνομασίας
1788 1504 1848 1541 καὶ
1867 1503 1928 1547 τὰς
1946 1504 2088 1549 τελετὰς
2106 1507 2236 1556 αὐτοῖς,
2255 1506 2317 1550 τὰς

1265 1559 1325 1597 καὶ
1346 1563 1393 1604 εἷς
1413 1561 1490 1599 τόδε
1517 1561 1642 1613 χρόνου
1662 1561 1844 1612 γινομένας
1871 1562 1938 1599 ὑπὸ
1959 1562 2216 1616 Σαμοθρᾴκων,
2238 1565 2317 1602 ἐπι-

1264 1619 1390 1656 τελεῖν.
1411 1619 1474 1663 Ὡς
1497 1619 1532 1657 δὲ
1550 1623 1679 1670 μετῆγε
1699 1623 1759 1658 τοῦ
1778 1621 1864 1658 λαοῦ
1884 1620 1946 1667 τὴν
1966 1617 2109 1658 πλείονα
2127 1624 2251 1675 μοῖραν
2272 1625 2318 1667 εἷς

1264 1676 1327 1723 τὴν
1346 1676 1479 1728 Ἀσίαν,
1500 1678 1543 1716 τὰ
1562 1677 1624 1729 μὲν
1641 1677 1718 1730 ἱερὰ
1734 1681 1803 1716 τῶν
1819 1681 1904 1716 θεῶν
1927 1679 1986 1717 καὶ
2008 1679 2071 1723 τὰς
2090 1680 2229 1724 τελετὰς
2248 1687 2319 1725 τοῖς

1265 1735 1492 1786 ὑπομείνασιν
1514 1738 1549 1775 ἐν
1570 1740 1613 1789 τῇ
1634 1737 1730 1789 νήσῳ
1752 1740 1959 1776 καταλιπεῖν
1975 1753 1984 1762 ·
2007 1737 2051 1776 τὰ
2074 1737 2109 1776 δὲ
2129 1739 2318 1779 Παλλάδια

1265 1794 1325 1831 καὶ
1340 1795 1402 1838 τὰς
1415 1797 1483 1833 τῶν
1502 1798 1587 1834 θεῶν
1602 1794 1735 1839 εἰκόνας
1747 1796 2104 1848 κατασκευασάμενον
2121 1799 2132 1849 (
2147 1799 2318 1836 ἀνασκευ-

1267 1853 1441 1903 ασάμενον
1467 1856 1572 1903 Sylb.
1591 1855 1602 1905 )
1622 1854 1814 1906 ἀγαγέσθαι
1835 1858 1911 1905 μετ’
1933 1857 2053 1895 αὐτοῦ.
2076 1857 2317 1907 Διαμαντευό-

1268 1927 1368 1961 μενον
1385 1912 1420 1950 δὲ
1436 1912 1516 1964 περὶ
1533 1915 1594 1959 τῆς
1609 1912 1776 1958 οἰκήσεως
1785 1913 1830 1951 τά
1845 1929 1883 1950 τε
1901 1913 1992 1950 ἄλλα
2010 1914 2145 1963 μαθεῖν,
2165 1913 2227 1952 καὶ
2238 1915 2317 1967 περὶ

1267 1972 1336 2007 τῶν
1355 1972 1457 2022 ἱερῶν
1472 1974 1534 2018 τῆς
1553 1972 1710 2024 φυλακῆς
1727 1971 1823 2009 τόνδε
1842 1971 2002 2023 χρησμὸν
2021 1971 2142 2009 λαὸεῖν
2159 1985 2168 1994 ·

1352 2055 1407 2090 Εἰς
1426 2054 1528 2091 πόλιν,
1543 2055 1579 2092 ἢν
1593 2053 1720 2091 κτίσητε
1730 2078 1739 2093 ,
1754 2055 1831 2090 θεοῖς
1846 2054 1939 2090 σε’ὃας
1958 2054 2082 2094 ἄφθιτον
2097 2055 2157 2086 αἰεὶ

1350 2101 1464 2140 θεῖναι,
1477 2102 1531 2132 καὶ
1545 2101 1693 2141 φυλακαῖς
1708 2111 1741 2132 τε
1753 2101 1854 2132 σέὸειν
1871 2101 1990 2137 θυσίαις
2002 2112 2035 2132 τε
2049 2105 2151 2142 χοροῖς
2164 2112 2210 2134 τε.

1352 2146 1428 2179 Εὖτ’
1443 2149 1481 2179 ἂν
1496 2147 1547 2187 (ἔς
1559 2147 1587 2179 τ’
1599 2149 1637 2179 ἂν
1652 2147 1781 2188 Reisk.)
1797 2147 1855 2188 γὰρ
1875 2147 1948 2179 τάδε
1965 2148 2064 2189 σεμνὰ
2085 2149 2154 2179 καθ’
2168 2149 2316 2190 ὑμετέραν

2181 2207 2207 2226 ω
2227 2206 2263 2227 αν

1349 2242 1434 2282 δῶρα
1446 2241 1518 2278 Διὸς
1533 2241 1644 2282 κούρης
1653 2265 1663 2281 ,
1677 2241 1794 2282 ἀλόχου
1808 2242 1907 2280 σέθεν,
1921 2242 1940 2279 ἡ
1956 2241 1988 2272 δὲ
1999 2241 2087 2278 πόλις
2100 2205 2180 2274 σοιχ
2208 2205 2225 2236 ρ
2277 2206 2295 2235 ῃ
2305 2218 2315 2235 ’

1350 2288 1437 2320 ἔσται
1453 2288 1624 2329 ἀπόρθητος
1638 2289 1690 2321 τὸν
1704 2289 1751 2320 ἀεὶ
1765 2288 1875 2330 χρόνον
1892 2289 1998 2330 ἤματα
2010 2289 2124 2321 πάντα.

1269 2362 1448 2416 Δάρδανον
1475 2364 1537 2415 μὲν
1559 2358 1616 2403 οὖν
1643 2365 1678 2402 ἐν
1697 2367 1740 2417 τῇ
1760 2364 1936 2416 κτισθείσῃ
1965 2380 2002 2402 τε
2034 2365 2090 2417 ὑφ’
2112 2365 2235 2402 ἑαυτοῦ
2256 2363 2316 2402 καὶ

1269 2423 1458 2472 ὀνομασίας
1479 2423 1600 2474 ὁμοίας
1619 2425 1774 2476 τυχούσῃ
1800 2422 1901 2462 πόλει
1929 2423 1973 2461 τὰ
2002 2422 2062 2470 ἕδη
2091 2425 2312 2462 καταλιπεῖν.

1268 2532 1434 2573 fugientes,
1451 2533 1707 2573 Peloponnesum
1724 2533 1943 2574 reliquissent,
1959 2536 1990 2565 et
2007 2533 2038 2565 in
2053 2533 2158 2565 insula
2173 2532 2318 2565 Thraciae

1265 2585 1355 2617 sedes
1370 2586 1597 2625 collocassent,
1615 2586 1800 2618 Dardanum
1826 2586 1878 2618 hic
1900 2586 1960 2619 diis
1987 2586 2056 2619 istis
2072 2586 2230 2627 templum
2259 2594 2317 2618 ex-

1265 2639 1434 2677 struxisse,
1452 2646 1512 2670 nec
1526 2637 1596 2669 aliis
1609 2637 1774 2678 proprium
1787 2637 1929 2678 ipsorum
1943 2647 2061 2670 nomen
2074 2637 2271 2670 declarasse:
2286 2638 2319 2669 et

1267 2688 1346 2720 ritus
1362 2689 1422 2721 illis
1435 2689 1609 2722 instituisse
1619 2713 1628 2729 ,
1641 2697 1724 2729 quos
1737 2689 1775 2720 ad
1794 2689 1854 2721 hoc
1869 2698 1970 2730 usque
1985 2691 2112 2730 tempus
2129 2689 2317 2721 Samothra-

1266 2748 1319 2771 ces
1333 2740 1512 2772 observant.
1530 2740 1591 2772 Sed
1606 2749 1707 2781 quum
1725 2740 1879 2779 majorem
1896 2741 2006 2781 populi
2022 2742 2146 2781 partem
2161 2741 2194 2772 in
2210 2740 2316 2772 Asiam

1265 2791 1479 2831 traduxisset,
1495 2800 1584 2824 sacra
1602 2800 1713 2823 eorum
1733 2792 1765 2822 et
1779 2791 1930 2831 mysteria
1945 2792 2006 2824 illis
2019 2792 2202 2832 reliquisse,
2217 2791 2272 2832 qui
2287 2791 2319 2822 in

1266 2843 1369 2875 insula
1379 2845 1617 2883 remanserant3
1640 2842 1694 2874 sed
1713 2843 1856 2874 Palladia
1877 2844 1910 2875 et
1926 2843 2061 2876 deorum
2080 2843 2231 2883 imagines
2244 2851 2318 2874 cum

1266 2895 1396 2935 reliquis
1411 2895 1525 2933 rebus,
1542 2903 1623 2935 quas
1646 2895 1852 2933 convasarat‚
1872 2903 1983 2926 secum
2002 2897 2191 2935 asportasse.
2210 2897 2317 2932 Quum

1265 2949 1374 2978 autem
1397 2946 1438 2979 de
1461 2947 1587 2978 sedibus
1607 2946 1775 2978 oraculum
1794 2946 1992 2986 consuleret,
2018 2946 2102 2978 inter
2128 2946 2234 2978 multa
2256 2945 2318 2977 alia

1267 3009 1340 3040 quae
1361 2999 1492 3038 didicit,
1509 2999 1570 3030 hoc
1595 2999 1692 3030 etiam
1717 2999 1886 3031 oraculum
1914 2999 1956 3031 de
1982 3008 2150 3032 sacrorum
2175 2998 2318 3031 custodia

1268 3053 1346 3083 tunc
1357 3051 1514 3091 accepisse
1526 3063 1534 3082 ε

1338 3133 1373 3160 ln
1386 3131 1460 3160 urhe
1472 3138 1560 3166 quam
1574 3131 1707 3160 condetis
1718 3131 1774 3160 diis
1793 3131 1908 3161 cultum
1926 3139 2038 3168 purum
2050 3138 2168 3169 semper

1339 3179 1464 3211 statues,
1476 3179 1505 3205 et
1518 3177 1705 3206 observantia
1719 3177 1797 3206 coles
1810 3178 1959 3214 sacrisque
1972 3177 2139 3213 chorisque.

1343 3223 1421 3251 Nam
1435 3222 1508 3250 dum
1527 3223 1592 3251 haec
1608 3223 1780 3252 veneranda
1792 3223 1824 3251 in
1837 3226 1935 3252 vestra
1948 3224 2069 3258 regione
2084 3221 2197 3250 fuerint

1340 3264 1420 3297 dona
1434 3269 1517 3297 Jovis
1530 3269 1672 3304 virginis,
1689 3269 1825 3304 coniugis
1838 3271 1913 3304 tuae,
1929 3269 1984 3297 ista
1994 3268 2065 3297 urbs
2079 3267 2132 3296 libi

1340 3314 1399 3343 erit
1411 3314 1645 3351 inexpugnabilis
1655 3314 1686 3343 iu
1698 3317 1878 3352 perpetuum
1894 3321 1999 3343 omncs
2010 3313 2082 3342 dies.

1272 3383 1459 3416 Dardanum
1476 3383 1573 3424 igitur
1592 3383 1624 3415 in
1646 3383 1726 3415 urbe
1749 3392 1847 3424 quam
1873 3383 2015 3414 condidit
2030 3382 2062 3414 et
2083 3389 2178 3422 quam
2198 3379 2237 3411 de
2257 3388 2314 3411 suo
2347 3385 2353 3392 ·

1271 3437 1400 3469 nomine
1415 3436 1611 3477 nominavit,
1629 3437 1699 3468 haec
1714 3436 1884 3468 simulacra
1896 3435 2070 3476 reliquisse.
2092 3436 2202 3466 Postea
2218 3440 2294 3464 vero
2304 3456 2314 3472 ,

2100 3555 2142 3579 23.
