2372 3704
133 242 206 276 312

130 329 348 377 imputanda
363 341 441 366 esse
469 329 630 365 videtur.
653 331 697 366 V.
718 328 902 377 Forbiger
929 329 1007 364 Ale.
1035 327 1167 373 Geogr.

127 389 184 436 ΙΙ,
203 400 242 436 p.
268 388 357 423 236.
683 404 685 406 ·

531 458 679 494 LIBER
706 458 757 493 X.

621 559 678 582 10.

178 628 281 663 Idem
307 640 315 662 ε
339 625 567 677 Νάρκασσος,
587 626 694 675 δῆμος
711 624 770 663 καὶ
790 623 887 668 πόλις
908 625 1057 675 Καρίας.
1091 623 1167 661 Ἀπ.

129 684 262 737 δεκάτῳ
281 687 445 737 Καρικῶν
457 700 464 708 ·
482 687 499 722 ὁ
514 683 668 733 δημότης
684 684 742 722 καὶ
757 687 774 722 ὁ
788 683 932 729 πολίτης
946 681 1166 735 Ναρκασεύς.

521 776 666 811 LIBER
691 775 772 811 XV.

595 865 640 888 10
661 864 695 888 a·

178 930 296 976 Etym.
314 930 362 964 M.
378 942 415 976 p.
438 928 527 971 148,
551 942 564 963 1
590 941 597 965 :
614 924 808 978 “Apicataoq,
827 925 984 974 ποταμὸς
1006 923 1165 976 Καρίας,

122 985 287 1037 πρότερον
301 987 459 1037 Δαφνοῦς
468 984 690 1034 καλούμενος.
705 983 855 1036 Εἴρηται
870 982 905 1020 δὲ
921 982 976 1019 διὰ
990 982 1029 1019 τὸ
1044 981 1167 1025 ὀξύτα-

122 1059 181 1081 τον
211 1047 270 1082 τοῦ
293 1047 376 1096 ῥοῦ,
406 1042 465 1080 καὶ
492 1042 544 1080 ὅτι
565 1043 714 1094 ἁρπάζει
745 1042 822 1085 τοὺς
847 1040 1035 1093 παριόντας
1055 1041 1162 1092 αὐτῷ.

123 1101 244 1144 Οὕτως
264 1101 394 1151 ἱστορεῖ
411 1099 638 1144 Ἀπολλώνιος
659 1101 692 1138 ἓν
709 1102 759 1151 τῷ
784 1099 935 1150 πέμπτῳ
952 1097 1011 1136 καὶ
1033 1098 1167 1150 δεκάτῳ

122 1163 190 1197 τῶν
223 1161 400 1212 Καρικῶν.
437 1160 496 1198 Cf.
530 1160 661 1208 Steph.
688 1162 773 1208 Byz.
807 1173 815 1194 ε
849 1157 1034 1209 Ἅρπασα,
1067 1157 1167 1200 πόλις

123 1219 277 1270 Καρίας,
297 1217 366 1256 ἀπὸ
387 1216 562 1268 Ἅρπάσου
577 1220 749 1267 ποταμοῦ.

503 1320 651 1354 LIBER
678 1319 779 1355 XVI.

616 1407 676 1430 11.

173 1478 301 1525 Steph.
320 1490 327 1511 :
348 1474 499 1525 Λαγινία
518 1474 580 1524 (τὰ
597 1474 732 1524 Λάγινα
751 1476 886 1512 Strabo
911 1481 971 1520 14,
990 1489 1031 1524 p.
1049 1474 1163 1525 660),

118 1533 295 1585 πολίχνιον
330 1533 479 1585 Καρίας.
515 1533 590 1571 Ἀπ.
630 1535 794 1584 Καρικῶν
825 1532 1076 1585 ἑκκαιδεκάτῳ.
1111 1533 1163 1572 Τὸ

120 1592 252 1630 ἐθνικὸν
282 1594 468 1642 Λαγιναῖος
494 1591 553 1628 καὶ
582 1590 768 1641 Λαγινίτης
788 1590 847 1630 καὶ
865 1593 1021 1637 θηλυκῶς
1047 1594 1163 1643 Λαγι-

119 1654 214 1693 νῖτις.
247 1650 353 1689 Ἔστι
385 1649 443 1687 καὶ
474 1649 642 1700 Λαγίνεια
676 1648 846 1692 Βιθυνίας.
890 1651 944 1688 Cf.
980 1652 1165 1700 Forbiger

117 1726 159 1761 p.
184 1711 275 1750 230.
297 1710 410 1747 Aliud
428 1711 516 1746 libri
535 1711 623 1746 XVI
641 1710 776 1758 fragm.
801 1710 866 1745 vid
904 1711 942 1745 in
962 1710 1008 1745 fr.
1038 1723 1074 1747 2.

491 1811 639 1846 LIBER
667 1811 788 1847 XVII.

610 1910 671 1935 12.

172 1974 278 2009 Idem
295 1984 303 2010 ε
328 1970 516 2023 Εὔρωμος,
533 1970 630 2014 πόλις
659 1970 810 2022 Καρίας,
829 1972 898 2009 ἀπὸ
917 1970 1087 2024 Εὐρώμου
1105 1974 1163 2009 τοῦ

118 2029 270 2082 Ἰδριέως
302 2030 429 2082 Καρός.
465 2028 518 2068 Τὸ
546 2029 677 2067 ἐθνικὸν
700 2029 901 2080 Εὐρωμεύς.
935 2029 1164 2073 Ἀπολλώνιος

118 2088 406 2141 ἑπτακαιδεκάτῳ
428 2090 606 2140 Καρικῶν.
633 2091 679 2127 V.
703 2090 889 2138 Forbiger
914 2090 952 2125 ΙΙ
967 2117 976 2135 ,
1010 2102 1049 2139 p.
1073 2102 1162 2138 229.

613 2165 673 2202 13.

172 2244 278 2278 Idem
301 2254 309 2280 :
331 2239 507 2292 Ἄγκυρα,
524 2240 621 2284 πόλις
638 2240 860 2284 Γαλατίας...
885 2239 1112 2284 Ἀπολλώνιος
1129 2240 1164 2278 δὲ

119 2302 152 2337 ἐν
183 2300 462 2350 ἑπτακαιδεκάτῃ
493 2300 660 2350 Καρικῶν
685 2300 837 2351 ἱστορεῖ,
872 2299 1070 2351 Μιθριδάτῃ
1106 2299 1165 2336 καὶ

119 2357 369 2409 Ἀριοὸαρζάνῃ
395 2358 562 2404 νεήλυδας
582 2357 660 2401 τοὺς
678 2358 839 2401 Γαλάτας
860 2357 1165 2410 συμμαχήσαντας

120 2413 240 2459 διῶξαι
269 2414 345 2456 τοὺς
384 2415 450 2452 ὑπὸ
483 2415 705 2465 Πτολεμαίου
736 2417 927 2460 σταλέντας
954 2415 1167 2468 Αἰγυπτίους

120 2474 202 2527 ἄχρι
245 2473 444 2523 θαλάσσης,
476 2474 535 2511 καὶ
562 2473 682 2511 λαῧεῒν
720 2474 780 2517 τὰς
809 2475 961 2527 ἀγκύρας
988 2477 1056 2512 τῶν
1081 2477 1166 2512 νεῶν

120 2534 253 2579 αὐτῶν,
286 2531 346 2569 καὶ
377 2531 498 2582 μισθὸν
527 2534 588 2578 τῆς
606 2531 703 2578 νίκης
729 2533 774 2575 εἷς
797 2533 967 2581 πολισμὸν
996 2533 1167 2578 λαὸόντας

119 2591 238 2643 χώραν
253 2590 368 2629 κτίσαι
390 2590 449 2628 καὶ
466 2589 635 2639 ὀνομάσαι
656 2589 760 2629 οὕτω.
781 2591 884 2641 Τρεῖς
901 2589 936 2627 δὲ
951 2590 1067 2633 πόλεις
1082 2590 1167 2628 ἔκτι-

121 2665 203 2696 σαν,
231 2648 404 2701 Ἄγκυραν
425 2648 494 2686 ἄπὸ
515 2651 573 2686 τοῦ
592 2647 682 2686 κατὰ
707 2647 764 2685 τὸν
782 2648 933 2698 πόλεμον
955 2649 1166 2695 πλεονεκτή-

617 2764 673 2796 10.

161 2834 349 2870 Narcassns,
368 2831 503 2871 populus
519 2831 551 2862 et
579 2829 656 2862 urbs
671 2829 787 2862 cariae.
814 2827 1001 2870 Apollonius
1040 2829 1166 2861 decimo

120 2883 317 2914 Caricornm.

594 2938 636 2970 10
658 2944 691 2969 a.

165 3011 323 3049 llarpasus
333 3033 342 3048 ‚
355 3009 456 3040 Cariae
471 3009 588 3040 lluviu's
597 3033 605 3048 ‚
621 3010 714 3040 antea
725 3008 877 3048 Daphnus
889 3009 1030 3040 vocatus.
1043 3009 1167 3040 Nomen

121 3062 217 3093 habet
232 3069 250 3091 a
267 3069 362 3092 cursu
384 3060 580 3100 rapidissimo
598 3062 630 3092 et
646 3060 732 3100 quod
746 3059 862 3100 abripit
880 3068 978 3099 prope
996 3068 1070 3091 eum
1084 3059 1169 3092 ince-

119 3115 242 3146 dentes.
267 3113 320 3145 δίο
338 3114 447 3144 narrat
480 3114 667 3154 Apollonius
687 3113 811 3145 decimo
833 3112 946 3153 quinto
965 3112 1165 3146 Carioorum.

620 3180 634 3211 1
644 3180 657 3211 1
667 3200 675 3209 .

162 3251 290 3291 Laginia
300 3275 308 3291 ‚
323 3252 424 3283 Cariae
435 3250 635 3290 oppidulum.
655 3253 711 3291 Ap.
729 3250 916 3282 Caricorum
926 3250 1051 3282 decimo
1063 3251 1166 3283 sexto.

618 3323 673 3355 12.

163 3397 340 3434 finiremus,
353 3395 455 3427 cariae
475 3394 551 3426 urbs
563 3418 572 3433 ,
590 3394 630 3426 ab
649 3396 806 3434 Euromo,
825 3393 937 3433 {di-lei,
955 3394 1054 3426 Caris.
1077 3395 1165 3426 Gen-

121 3447 176 3479 tile
191 3446 402 3478 Euromensis.
419 3446 603 3486 Apollonius
618 3446 743 3478 decimo
757 3446 891 3486 septimo
905 3445 1105 3477 cariem-um.

828 238 1107 278 APOLLONII
1138 235 1574 286 APHRODISIENSIS,

1233 338 1359 372 ματος,
1374 321 1438 370 τὴν
1458 320 1493 361 δὲ
1512 321 1581 361 ἀπὸ
1599 322 1847 365 Πεσσινοῦντος
1867 323 1927 359 τοῦ
1949 319 2135 373 ἄρχοντος,
2155 319 2217 366 τὴν
2237 320 2274 358 δὲ

1233 381 1369 419 Ταυίαν
1398 380 1470 419 ἀπὸ
1489 384 1549 418 τοῦ
1579 379 1696 432 ἑτέρου
1724 378 1903 432 ἄρχοντος.
1925 382 1970 417 V.
1994 382 2022 417 F
2025 381 2178 429 orbiger
2195 381 2222 418 l.
2244 381 2271 418 l.

1231 455 1270 490 p.
1303 442 1392 490 369.
1418 439 1615 492 Μιθριτάδῃ
1635 439 1742 490 κτλ.]
1763 440 1911 476 emend.
1933 440 2124 486 Gronov-3
2158 440 2273 488 vulgo

1233 499 1448 552 Μιθριδάτην
1463 497 1523 536 καὶ
1540 496 1807 550 Ἀριοὸαρζάνην
1824 496 1990 542 νεήλυδας
2004 497 2072 540 τοῖς
2087 495 2274 539 Γαλάταις.

1232 558 1466 594 Mithridates
1492 559 1566 603 ΙΙΙ,
1600 569 1705 606 regn.
1737 556 1928 594 302-266.
1953 557 2073 604 Eique
2099 557 2276 592 successit

1231 615 1328 652 filius
1349 616 1623 653 Ariobarzanes
1642 617 1700 652 III
1726 614 1960 665 (265-242).
1978 614 2034 653 Cf.
2059 615 2210 651 Clinton
2231 615 2273 650 F.

1233 676 1281 710 11.
1312 683 1405 713 tom.
1434 676 1513 720 ΙΙΙ,
1542 688 1583 723 p.
1620 678 1706 717 424.
1743 674 1887 710 Bellum
1919 673 1967 709 ad
1989 679 2179 722 postrema
2195 673 2276 708 Mi-

1232 734 1406 769 thridatis
1430 740 1603 782 tempora
1624 733 1814 781 pertinere
1844 732 2008 770 videtur.
2035 730 2199 768 Aliunde
2227 730 2274 766 de

1233 804 1278 827 eo
1291 804 1370 827 non
1385 798 1542 828 constat.
1554 791 1628 827 Sed
1642 802 1847 839 occupasse
1858 791 1956 827 Ptol.
1970 791 2007 826 II
2019 791 2105 826 loca
2114 789 2274 825 Pontica

1232 851 1416 886 nonnulla
1429 877 1440 895 ,
1462 849 1594 898 prodit
1616 851 1698 885 Tius
1713 849 1804 885 urbs
1817 876 1828 895 ,
1844 861 1926 896 quae
1949 848 2143 897 quondam
2159 849 2274 883 Bere-

1229 911 1312 942 nice
1328 908 1430 944 dicta
1441 908 1501 952 sit,
1517 914 1608 943 teste
1621 908 1750 956 Steph.
1767 919 1802 944 v.
1825 906 2006 958 Βερενίκη.
2022 909 2066 944 V.
2084 908 2273 954 Droysen.

1230 967 1377 1002 Hellen.
1396 968 1455 1011 11,
1473 979 1512 1014 p.
1536 966 1624 1009 246.

1595 1047 1743 1082 LIBER
1770 1046 1910 1082 XVIII.

1724 1139 1738 1162 1
1747 1131 1783 1170 [0.

1284 1211 1391 1246 Idem
1426 1223 1433 1245 :
1471 1206 1594 1245 Χωλὸν
1626 1209 1761 1258 τεῖχος,
1794 1205 1892 1250 πόλις
1927 1206 2084 1257 Καρίας,
2116 1207 2162 1249 ὡς
2191 1204 2270 1245 Ἀπ.

1230 1266 1522 1318 ὀκτωκαιδεκάτῳ
1546 1267 1724 1318 Καρικῶν.
1742 1264 1794 1304 Τὸ
1815 1264 1946 1303 ἐθνικὸν
1966 1263 2244 1316 Χωλοτειχίτης.

1280 1414 1592 1463 APOLLONIU'S
1610 1425 1915 1462 AscALomTA
1933 1431 2112 1472 tanquam
2126 1413 2276 1461 histori-

1228 1492 1541 1522 cusmemoratur
1556 1496 1616 1532 ap.
1634 1483 1762 1531 steph.
1779 1484 1867 1530 Byz.
1891 1495 1929 1520 v.
1948 1480 2170 1520 Ἀσκάλων...
2187 1482 2276 1519 Πολ-

1226 1543 1279 1581 λοὶ
1303 1541 1339 1580 δὲ
1354 1541 1387 1586 ἐξ
1400 1543 1505 1587 αὔτ’ἧς
1519 1540 1867 1592 κεχρηματίκασι·...
1882 1538 2050 1590 ἱστορικοὶ
2068 1538 2193 1577 Ἀπολ
2201 1537 2274 1576 λώ-

1227 1617 1311 1645 νιος
1332 1600 1399 1639 ml·
1411 1599 1660 1650 Ἀρτεμίδωρος
1679 1600 1696 1636 ὁ
1715 1597 1759 1636 τὰ
1789 1597 1878 1649 Περὶ
1910 1596 2073 1640 Βιθυνίας
2091 1595 2273 1650 γεγραφὼς

1226 1658 1285 1697 καὶ
1307 1658 1420 1697 ἄλλοι.

1283 1721 1386 1754 Inter
1405 1718 1573 1765 reliquos
1604 1716 1829 1765 Apollonios
1857 1717 2082 1765 scriptores,
2106 1728 2271 1764 quorum

1226 1789 1452 1827 permagnus
1482 1788 1661 1811 numerus
1700 1782 1775 1820 est,
1818 1775 1857 1810 h.
1893 1776 1919 1810 l.
1962 1786 2276 1810 commemorasse

1231 1834 1391 1872 sufficiat
1426 1836 1677 1870 Apouommu
1715 1836 1998 1870 AanRNENSEM
2011 1859 2021 1877 ,
2055 1833 2120 1881 qui
2156 1832 2191 1870 11
2205 1846 2220 1868 ε
2234 1830 2275 1883 ρὶ

1228 1893 1385 1944 ἑορτῶν
1405 1882 1578 1940 scripsit:

1283 1946 1544 2000 Harpocratio
1567 1963 1575 1986 :
1597 1948 1794 1992 Πέλανος...
1815 1947 2041 1990 Ἀπολλώνιος
2061 1948 2092 1986 δ’
2111 1949 2129 1986 ὁ
2147 1947 2275 1999 Ἀχαρ-

1228 2008 1301 2052 νεὺς
1320 2011 1353 2047 ἐν
1374 2011 1424 2061 τῷ
1445 2008 1535 2061 Περὶ
1553 2010 1623 2046 τῶν
1644 2010 1772 2060 ἑορτῶν
1800 2007 1889 2046 οὕτω
1917 2006 2062 2060 γράφει·
2083 2025 2100 2041 σι
2121 2006 2276 2058 Ὁμοίως
2291 2004 2298 2010 ’

1228 2066 1263 2105 δὲ
1289 2067 1350 2105 καὶ
1371 2065 1745 2118 ὁπροσαγορευόμενος
1771 2065 1930 2109 πέλανος.
1953 2064 2103 2115 Λέγεται
2125 2062 2160 2102 δὲ
2182 2063 2276 2115 πίμ-

1229 2125 1325 2175 ματά
1342 2140 1419 2163 τινα
1435 2130 1507 2168 τοῖς
1520 2125 1606 2168 θεοῖς
1619 2124 1783 2175 γινόμενα
1798 2126 1838 2162 ἐκ
1850 2127 1910 2162 τοῦ
1925 2122 2166 2175 ἀφαιρεθέντος
2178 2122 2276 2161 σίτου

1228 2186 1267 2222 ἐκ
1279 2186 1341 2230 τῆς
1354 2183 1441 2221 ἅλω.
1464 2200 1480 2217 »
1495 2182 1695 2235 Σαννυρίων
1715 2183 1744 2220 δ’
1758 2185 1793 2220 ἐν
1809 2181 1943 2222 Γέλωτί
1957 2197 2061 2234 φησι·
2081 2199 2096 2215 α
2115 2180 2276 2220 Πέλανον

1228 2243 1401 2292 καλοῦμεν
1421 2244 1524 2292 ἡμεῖς
1543 2242 1574 2279 οἱ
1593 2240 1663 2279 θεοὶ
1680 2240 1703 2278 ἃ
1722 2241 1863 2279 καλεῖτε
1883 2243 2018 2291 σεμνῶς
2035 2239 2152 2291 ἄλφιθ’
2176 2240 2276 2290 ὑμεῖς

1228 2301 1259 2337 οἱ
1274 2299 1406 2352 βροτοί.
1426 2317 1437 2332 ι
1456 2298 1606 2349 Δίδυμος
1621 2297 1658 2336 δὲ
1675 2298 1800 2350 κυρίως
1817 2297 1902 2350 φησὶ
1915 2297 1953 2335 τὸ
1968 2299 2007 2335 ἐκ
2021 2300 2082 2343 τῆς
2096 2297 2278 2344 παιπάλης

1228 2358 1352 2408 πέμμα
1367 2388 1376 2406 ,
1394 2357 1428 2403 ἐξ
1450 2352 1490 2404 ἧς
1509 2361 1687 2395 ποιοῦνται
1703 2355 1896 2407 πέμματα,
1919 2354 1942 2402 ἢ
1962 2355 2022 2393 καὶ
2042 2355 2113 2393 ἀπὸ
2129 2359 2189 2393 τοῦ
2205 2371 2270 2394 πε-

1229 2415 1445 2464 πλατύνθαι,
1465 2415 1487 2462 ἢ
1507 2415 1560 2454 ὅτι
1578 2415 1687 2454 λευκά
1707 2417 1814 2453 ἐστιν.
1843 2418 1886 2454 V.
1909 2429 2006 2464 quos
2023 2415 2156 2452 laudat
2177 2417 2275 2453 Her-

1228 2489 1354 2514 mann.
1382 2477 1512 2524 Antiq.
1533 2488 1631 2513 sacr.
1652 2474 1673 2524 §
1696 2474 1768 2521 25,
1793 2474 1851 2510 13.

1283 2536 1539 2584 Harpocratio
1558 2546 1568 2572 :
1585 2531 1816 2585 Πυανόψια...
1834 2530 2060 2575 Ἀπολλώνιος
2076 2530 2137 2569 καὶ
2153 2529 2276 2582 σχεδὸν

1229 2592 1356 2635 πάντες
1370 2591 1492 2643 οἱπερὶ
1506 2594 1573 2629 τῶν
1589 2590 1771 2638 Ἀθήνησιν
1783 2592 1908 2642 ἑορτῶν
1921 2589 2129 2643 γεγραφότες
2139 2591 2274 2628 Πυανε-

1229 2652 1352 2701 ψιῶνος
1384 2649 1518 2702 ἑὸδόμῃ
1550 2649 1735 2702 Πυανέψια
1773 2648 1965 2688 Ἀπόλλωνι
1994 2647 2139 2698 ἄγεσθαί
2167 2662 2270 2700 φασι.

1723 2764 1778 2796 13.

1267 2822 1410 2859 Ancyra,
1432 2819 1507 2850 urbs
1534 2819 1706 2851 Galatiae...
1729 2819 1914 2858 Apollonius
1938 2819 1970 2850 in
1985 2819 2111 2851 decimo
2141 2818 2277 2858 septimo
2322 2854 2324 2857 ¹

1229 2870 1415 2902 Caricorum
1447 2872 1573 2908 narrat,
1604 2870 1780 2902 Mithridati
1805 2872 1837 2902 et
1856 2870 2065 2902 Ariobarzani
2088 2869 2277 2902 auxiliantes

1229 2922 1375 2960 Galatas,
1409 2921 1464 2961 qui
1486 2929 1595 2953 recens
1623 2921 1655 2952 in
1681 2921 1789 2953 Asiam
1818 2921 2032 2960 advenerant,
2062 2921 2226 2961 AEgyptios
2253 2930 2273 2952 a

1229 2974 1402 3005 Ptolemaeo
1415 2976 1443 3005 ΙΙ
1454 2974 1566 3006 missos
1574 2973 1613 3005 ad
1624 2982 1712 3005 mare
1723 2974 1818 3005 fuisse
1830 2975 2016 3014 prosecutos
2025 2997 2034 3012 ‚
2045 2975 2142 3014 atque
2152 2973 2272 3014 potitos

1229 3035 1296 3058 esse
1314 3026 1444 3059 navium
1463 3035 1576 3058 eorum
1594 3026 1741 3064 ancoris,
1761 3027 1795 3058 et
1814 3035 1918 3066 quum
1943 3026 2112 3066 praemium
2127 3025 2272 3058 victoriae

1229 3079 1388 3117 regionem
1408 3077 1440 3109 in
1456 3086 1519 3118 qua
1534 3077 1630 3109 urbes
1645 3077 1839 3117 conderent,
1865 3077 2082 3117 accepissent,
2099 3077 2277 3109 condivisse

1229 3130 1326 3169 atque
1342 3131 1502 3168 Ancyram
1515 3128 1626 3160 urbem
1639 3129 1826 3168 appellasse.
1845 3131 1924 3161 Tres
1944 3137 2020 3160 vero
2046 3128 2141 3160 urbes
2164 3121 2276 3160 condi-

1227 3180 1344 3212 derunt
1362 3193 1369 3212 :
1388 3183 1546 3221 Ancyram
1556 3203 1566 3218 ‚
1581 3180 1621 3212 ab
1641 3189 1675 3212 re
1691 3180 1744 3212 illa
1758 3180 1841 3212 bello
1857 3181 1943 3212 clare
1955 3182 2043 3220 gesta
2057 3180 2276 3219 nominatam3

1228 3233 1467 3272 Pessinuntem,
1495 3241 1568 3273 quae
1590 3241 1610 3264 a
1628 3232 1815 3264 Pessinunte
1839 3232 1940 3271 duce;
1964 3231 2115 3271 Tauiam,
2143 3240 2216 3272 quae
2235 3231 2277 3263 ab

1227 3285 1328 3316 altero
1346 3284 1428 3316 duce
1444 3293 1561 3316 nomen
1579 3284 1684 3315 habet.
1709 3289 1714 3293 ·

1721 3337 1779 3372 14.

1270 3394 1407 3426 Cliolum
1422 3394 1554 3434 Tielius,
1571 3394 1649 3426 urbs
1663 3394 1766 3427 Carioe
1776 3418 1785 3434 ,
1798 3394 1834 3426 ut
1847 3394 2033 3435 Apollonius
2044 3393 2077 3426 in
2087 3391 2275 3426 carleol-um

1228 3446 1352 3478 decimo
1365 3449 1491 3478 octavo.
