2326 3724
65 195 137 228 ἰεῦ

23 322 25 324 v
59 276 158 327 ἔαρος
171 274 262 313 κατὰ
276 274 314 312 τὸ
332 273 436 324 μέσον
451 273 677 325 τελουμένην,
689 274 744 314 ὅτε
760 274 817 313 τὸν
831 278 956 327 ταῦρον
970 277 988 312 6
1001 273 1096 321 ἥλιος

58 332 318 384 ἐπιπορεύεται·
336 335 358 379 ἡ
385 330 421 370 δὲ
442 331 542 386 ἑτέρα
562 332 753 384 πανήγυρις
776 332 853 371 δυσὶ
873 332 960 382 μησὶ
979 348 1095 386 παρα-

56 392 219 429 τείνεται.
237 389 338 429 Μετὰ
355 389 488 441 θερινὰς
501 390 634 442 τροπὰς,
648 392 770 442 ἄγουσι
785 391 926 438 ταύτην.
942 391 1005 430 Ἐν
1019 390 1097 429 ταύ·

57 465 152 499 ταις,
172 447 277 500 φησὶ,
297 450 374 491 ταῖς
393 447 626 501 πανηγύρεσιν
646 454 763 487 πᾶσαν
787 448 928 499 ἄγουσιν
945 449 1099 501 εἰρήνην,

57 508 95 545 οὐ
114 506 198 558 πρὸς
215 505 386 553 ἀλλήλους
406 506 527 556 μόνον,
549 506 639 545 ἀλλὰ
658 507 718 545 καὶ
742 506 828 559 πρὸς
847 507 1002 552 ἅπαντας
1023 506 1101 550 τοὺς

59 566 296 615 ἐνδημοῦντας
315 565 532 618 ἀνθρώπους·
548 565 633 618 φασὶ
651 565 686 603 δὲ
701 565 753 604 ὅτι
769 565 827 603 καὶ
842 564 886 603 τὰ
899 565 1002 618 θηρία
1015 564 1101 617 πρὸς

57 623 137 667 τοὺς
157 623 378 676 ἀνθρώπους,
395 625 433 662 οὗ
452 624 554 674 μόνον
581 623 617 662 δὲ
635 624 726 662 ἀλλὰ
744 624 806 662 καὶ
822 623 913 662 αὐτὰ
931 623 1016 675 πρὸς
1035 624 1099 662 ἄλ-

54 683 162 728 ληλα.
181 681 333 732 Λέγεται
348 681 384 719 δὲ
401 681 461 720 καὶ
476 682 568 721 ἄλλα
582 681 696 722 πολλὰ
713 681 893 737 παράδοξα
906 682 967 721 καὶ
981 680 1098 732 μύθων

55 739 154 779 οὐδὲν
171 738 434 778 διαλλάττοντα.

108 796 195 838 “Oti
213 797 434 846 διεστηκέκαι
453 797 538 852 φησὶ
556 797 620 846 τὴν
635 796 794 838 Ἄδουλιν
810 800 872 846 τῆς
891 797 1100 848 Αὖξούμεως

57 855 309 895 πεντεκαίδεκα
329 857 471 908 ἡμερῶν
487 856 577 904 ὁδὸν,
601 858 742 895 ἀπιοῦσι
758 856 793 895 δὲ
813 857 860 901 εἷς
884 856 948 903 τὴν
967 856 1100 900 Αὔξου-

56 929 116 962 μιν
144 913 309 966 Νοννόσῳ
334 928 371 951 τε
391 911 452 950 καὶ
478 918 549 956 τοῖς
567 912 642 963 μετ’
668 914 773 951 αὐτοῦ
804 912 965 964 μέγιστον
989 912 1098 966 ἐφάνη

55 971 172 1022 θέαμα
187 971 268 1023 περὶ
287 971 416 1024 χωρίον
434 969 533 1017 Αὔην
550 970 914 1022 προσονομαζόμενον·
931 976 1044 1010 κεῖται
1063 971 1099 1010 δὲ

54 1033 77 1076 ἦ
107 1030 187 1078 Αὔη
215 1031 251 1069 ἐν
276 1029 374 1083 μέσῳ
393 1031 455 1076 τ’ῆς
473 1044 512 1067 τε
536 1031 605 1067 τῶν
625 1028 851 1079 Αὔξουμιτῶν
871 1029 933 1067 καὶ
951 1032 1013 1078 τῆς
1030 1031 1100 1068 τῶν

55 1088 261 1128 Ἀδουλιτῶν
273 1088 418 1131 πόλεως·
433 1087 629 1160 ἐλειράντων
645 1089 775 1135 πλῆθος
791 1088 853 1126 οὐκ
866 1087 993 1138 ὀλίγον,
1009 1086 1101 1126 ἀλλὰ

54 1148 216 1200 σχεδὸν(
197 1163 244 1192 ως
266 1146 436 1200 χιλιάδων
465 1146 590 1185 πέντε·
610 1147 773 1197 ἐνέμοντο
792 1145 829 1184 δὲ
852 1150 946 1186 οὗτοι
965 1148 997 1185 οἳ
1023 1146 1100 1185 ελέ-

54 1221 180 1257 φαντες
198 1207 235 1245 ἐν
253 1206 364 1265 πεδίῳ
392 1203 556 1258 μεγάλῃ)
582 1220 644 1244 και
667 1204 826 1250 πελάζειν
853 1206 970 1249 αὐτοῖς
988 1205 1100 1244 οὐδενὶ

53 1266 123 1302 τῶν
135 1280 174 1312 εγ
155 1280 202 1324 j
203 1263 315 1317 ωρίων
329 1266 371 1310 ἠν
386 1262 526 1301 εὔκολον
538 1262 614 1301 οὐδὲ
630 1262 754 1315 εἴργειν
765 1266 829 1311 τῆς
844 1265 969 1314 νομῆς.
985 1265 1100 1305 Τοῦτο

54 1321 98 1373 μὲ
84 1338 117 1360 ν
137 1326 194 1360 οὖν
212 1321 340 1372 μεταξὺ
359 1321 399 1359 τὸ
415 1320 529 1370 θέαμα
546 1321 664 1365 αὐτοῖς
681 1321 938 1374 προσεγεγόνει.

107 1378 188 1432 Χρὴ
208 1380 244 1419 δὲ
263 1380 324 1418 καὶ
342 1378 387 1418 τὰ
407 1379 487 1431 περὶ
512 1381 574 1425 τῆς
593 1379 750 1431 κράσεως
765 1382 835 1418 τῶν
855 1378 966 1432 ἀέρων
980 1380 1101 1429 εἰπεῖν,

53 1433 111 1477 οἶοι
129 1438 198 1477 ἀπὸ
221 1441 282 1485 τῆς
299 1437 396 1485 Αὕης
413 1437 471 1476 ἐπὶ
485 1436 548 1484 τὴν
567 1438 740 1488 Αὔξουμιν
765 1437 982 1491 διαδέχεται·
1007 1440 1101 1477 ἐναν·

53 1498 136 1540 τίως
147 1497 215 1550 γὰρ
230 1497 311 1549 περί
324 1512 361 1535 τε
378 1496 472 1550 θέρος
487 1496 548 1535 καὶ
564 1499 723 1549 χειμῶνα
740 1495 927 1538 διάκειται.
939 1498 1016 1538 Τοῦ
1031 1496 1099 1550 γὰρ

54 1556 154 1602 ἡλίου
171 1557 228 1595 τὸν
246 1555 411 1608 καρκίνον
430 1570 468 1593 τε
485 1554 544 1593 καὶ
560 1554 685 1593 λέοντα
702 1555 762 1593 καὶ
779 1556 948 1607 παρθένον
966 1555 1099 1608 διερχο·

55 1614 184 1664 μένου,
206 1614 312 1667 μέχρι
333 1611 395 1664 μὲν
422 1615 484 1660 τ’ἦς
503 1612 618 1661 Αὔης,
644 1611 765 1665 ὥσπερ
797 1613 858 1651 καὶ
882 1613 966 1666 παρ’
997 1617 1098 1664 ἡμῖν,

53 1673 150 1724 θέρος
169 1688 207 1711 τε
226 1673 287 1711 καὶ
307 1672 452 1725 ξηρότης
472 1673 655 1724 διακρατεῒ
672 1671 730 1710 τὸν
750 1671 838 1723 ἀέρα
854 1683 863 1693 ·
885 1671 957 1710 ἀπὸ
978 1671 1016 1710 δὲ
1038 1674 1100 1720 τῆς

51 1730 152 1779 ,Αὔης
172 1731 230 1770 ἐπὶ
249 1732 312 1778 τὴν
334 1731 510 1781 Αὔξουμιν
530 1731 589 1769 καὶ
607 1729 670 1777 τὴν
691 1730 800 1778 ἄλλην
819 1730 1004 1770 Αἰθιοπίαν
1021 1745 1100 1783 χει-

54 1789 130 1839 μὼν
148 1790 320 1828 ἐπίκειται
338 1789 482 1844 σφοδρός
497 1804 506 1813 ·
523 1790 561 1827 οὖ
582 1789 626 1827 δι’
641 1787 724 1835 ὅλης
742 1787 898 1841 ἡμέρας,
919 1786 1011 1827 ἀλλὰ
1029 1787 1097 1841 γὰρ

53 1849 123 1887 ἀπὸ
139 1848 361 1902 μεσημὸρίας
380 1847 571 1901 ἀρχόμενος
593 1846 780 1895 ἑκάστοτε,
808 1849 956 1900 συννεφῆ
975 1861 1014 1885 τε
1038 1846 1097 1885 τὸν

826 186 1052 228 NONNOSI
1079 184 1415 229 FRAGMENTA.

1159 273 1246 328 ἀέρα
1264 277 1390 326 ποιῶν,
1404 274 1465 314 καὶ
1480 275 1624 328 ὅμὲροις
1641 276 1814 329 ραγδαίοις
1829 278 1891 323 τὴν
1911 278 2030 331 χώραν
2050 281 2184 319 gamm.

1158 335 1240 378 ζων.
1262 335 1469 382 Τηνικαῦτα
1495 333 1532 372 δὲ
1552 333 1621 385 ἄρα
1648 334 1709 372 καὶ
1731 337 1749 372 6
1779 336 1902 379 Νεῖλος
1926 338 2031 380 πολὺς
2050 338 2107 375 ἐπὶ
2132 338 2192 384 τὴν

1159 391 1335 444 Αἴγυπτον
1350 391 1533 444 ἐρχόμενος
1547 391 1726 442 πελαγίζει
1739 407 1777 430 τε
1791 392 1851 430 καὶ
1863 394 2028 445 κατάρδει
2037 395 2099 443 τὴν
2115 398 2192 446 γῆν.

1157 447 1247 489 “Ore
1267 448 1303 488 δὲ
1323 451 1342 487 6
1363 449 1462 496 ἥλιος
1481 449 1538 487 τὸν
1568 449 1756 501 αἷγόκερών
1784 466 1820 489 τε
1850 451 1910 489 καὶ
1942 452 2105 504 ὑδροχόον
2136 454 2192 492 καὶ

1159 506 1282 559 ἰχθύας
1299 506 1561 560 ἐπιπορεύεται,
1580 507 1754 546 ἀνάπαλιν
1773 511 1792 547 6
1811 508 1880 562 ἀὴρ
1898 515 1968 553 τοῖς
1996 510 2059 558 μὲν
2075 509 2193 549 Ἀδου-

1157 565 1268 608 λίταις
1296 564 1402 618 μέχρι
1431 567 1493 612 τῆς
1524 564 1622 611 Αὔης
1653 565 1795 618 ὅμὸροις
1833 566 2009 611 ἐπικλύζει
2035 566 2100 614 τὴν
2127 568 2189 619 χώ

1161 638 1221 675 ραν
1233 652 1243 670 ,
1261 627 1331 667 τοῖς
1349 622 1386 661 δὲ
1405 622 1476 662 ἀπὸ
1501 625 1561 669 τῆς
1589 622 1686 671 Αὔης
1710 623 1817 676 μέχρι
1835 623 2043 675 Αὖξούμεως
2060 624 2121 664 καὶ
2136 628 2198 673 τῆς

1160 681 1269 728 ἄλλης
1301 679 1485 724 Αἰθιοπίας
1513 680 1610 732 θέρος
1633 695 1692 729 τε,
1717 681 1778 720 καὶ
1804 681 1850 720 τὰ
1866 683 1981 735 ὡραῖα
2006 686 2197 732 τηνικαῦτα

1158 738 1290 783 τούτοις
1307 741 1331 785 ἡ
1349 740 1395 791 γῆ
1411 737 1664 791 παραδίδωσιν.

1210 796 1298 836 νΟτι
1314 797 1383 835 ἀπὸ
1397 799 1458 843 τ’ἧς
1475 795 1627 848 Φαρσὰν
1647 795 1788 835 πλέοντι
1805 798 1855 850 τῷ
1876 797 2042 850 Νοννόσῳ
2064 797 2122 838 ἐπὶ
2134 798 2196 847 τὴν

1159 855 1311 908 ἐσχάτην
1334 858 1402 894 τῶν
1428 854 1543 901 νήσων
1570 855 1804 903 κατηντηκότι
1823 855 1953 894 τοιόνδε
1981 871 2016 894 τι
2047 856 2197 905 συνέὸη,

1159 918 1278 965 θαῦμα
1292 915 1352 953 καὶ
1369 916 1530 954 οἰκοῦσαι.
1550 914 1717 966 Ἔνέτυχε
1735 914 1800 967 γάρ
1819 929 1890 952 τισι
1907 914 2043 968 μορφὴν
2057 914 2118 965 μὲν
2139 914 2198 954 καὶ

1160 972 1254 1011 ἰδέαν
1275 972 1412 1024 ἔχουσιν
1432 972 1666 1025 ἀνθρωπίνην,
1690 972 1923 1024 βραχυτάτοις
1942 973 1979 1010 δὲ
1998 972 2038 1011 τὸ
2056 971 2196 1024 μέγεθος

1161 1032 1222 1070 καὶ
1242 1031 1371 1082 μέλασι
1389 1032 1451 1077 τὴν
1475 1030 1598 1083 χρόαν,
1621 1030 1687 1069 ὑπὸ
1710 1030 1746 1068 δὲ
1775 1033 1904 1084 τριχῶν
1932 1031 2198 1081 δεδασυσμένοις

1160 1090 1218 1128 διὰ
1241 1089 1369 1132 παντὸς
1386 1093 1448 1127 τοῦ
1476 1088 1657 1138 σώματος·
1674 1086 1810 1127 είποντο
1828 1088 1865 1127 δὲ
1883 1093 1956 1132 τοῖς
1975 1088 2120 1141 ἀνδράσι
2138 1103 2205 1127 και.

1160 1150 1318 1199 γυναῖκες
1342 1146 1607 1199 παραπλήσιαι,
1626 1161 1686 1185 και
1714 1145 1885 1220 παιδάρια
1916 1146 1968 1184 ἔτι
1997 1145 2198 1210 βραχύτερα

1160 1209 1228 1246 τῶν
1239 1208 1324 1279 παρ’
1339 1205 1453 1249 αὐτοις
1465 1205 1618 1257 ἀνδρῶν·
1635 1205 1759 1255 γυμνοὶ
1775 1204 1812 1242 δὲ
1826 1208 1916 1252 ἦσαν
1930 1203 2094 1252 ἅπαντες,
2106 1205 2198 1253 πλὴν

1161 1264 1307 1317 ὃέρματί
1325 1279 1392 1303 τινι
1413 1265 1529 1316 μικρῶ
1548 1262 1612 1311 τὴν
1595 1265 1719 1302 ναῖδω
1734 1262 2010 1315 περιεκάλυπτον
2025 1265 2058 1302 οἱ
2074 1262 2200 1316 προδε-

1160 1323 1336 1370 6η>ιότες““
1321 1322 1445 1374 ομοίως
1459 1322 1578 1374 ἄνδρες
1591 1336 1628 1360 τε
1638 1321 1698 1360 καὶ
1713 1322 1886 1372 γυναῖκες.
1900 1321 2061 1383 Ἄγριον
2053 1320 2091 1360 δὲ
2104 1319 2200 1360 οὐδὲν

1160 1382 1396 1422 ἐπεδείκνυντο
1411 1379 1487 1420 οὐδε
1504 1380 1698 1431 ἀνήμερον,
1713 1378 1804 1418 ἀλλὰ
1819 1379 1881 1418 καὶ
1894 1379 2010 1433 φωνὴν
2029 1373 2122 1432 εἰχον
2136 1379 2200 1431 μὲν

1161 1439 1390 1494 ἀνθρωπίνην,
1421 1438 1598 1491 ἄγνωστον
1622 1438 1658 1476 δὲ
1685 1439 1892 1477 παντάπασι
1924 1437 1988 1485 τὴν
2022 1438 2200 1477 διάλεκτον
2223 1462 2229 1468 ·

1162 1502 1232 1543 τοῖς
1250 1514 1288 1538 τε
1303 1497 1488 1551 περιοίκοις
1505 1497 1617 1535 ἅπασι
1635 1496 1695 1535 καὶ
1713 1498 1833 1549 πολλῷ
1845 1496 1951 1535 πλέον
1964 1501 2034 1541 τοῖς
2051 1497 2129 1550 περὶ
2142 1496 2199 1536 τὸν

1160 1558 1348 1599 Νόννοσον.
1370 1557 1500 1602 Διέζων
1514 1555 1551 1594 δὲ
1567 1556 1607 1594 ἐκ
1619 1555 1812 1594 θαλαττίων
1828 1555 1979 1608 ὀστρέων
1995 1555 2055 1594 καὶ
2071 1555 2199 1608 ἰχθύων

1161 1618 1230 1655 τῶν
1249 1615 1320 1654 ἀπὸ
1338 1617 1400 1661 τῆς
1418 1613 1593 1662 θαλάττης
1609 1614 1657 1658 εἷς
1677 1613 1741 1661 τὴν
1757 1616 1860 1659 νῆσον
1877 1613 2199 1665 ἀπορριπτομένων·

1161 1673 1284 1727 θάρσος
1301 1673 1337 1712 δὲ
1351 1667 1445 1725 εἶχον
1457 1672 1568 1720 οὐδὲν,
1584 1670 1675 1710 ἀλλὰ
1690 1671 1750 1710 καὶ
1761 1674 1906 1724 ὁρῶντες
1920 1671 1999 1714 τοὺς
2013 1671 2091 1710 καθ’
2105 1674 2200 1722 ἡμᾶς

1160 1731 1359 1786 ἀνθρώπους
1372 1731 1611 1782 ὑπέπτησσον,
1625 1731 1745 1784 ὥσπερ
1760 1733 1862 1782 ἡμεῖς
1873 1730 1918 1770 τὰ
1933 1730 2040 1781 μείζω
2052 1732 2120 1769 τῶν
2135 1734 2199 1779 θη-

1159 1790 1255 1844 ρίων.

51 1973 188 2007 Zodiaco
199 1973 284 2004 tenet
299 1984 306 2003 :
318 1970 399 2003 alter
409 1978 486 2002 vero
498 1970 530 2002 in
542 1968 624 2001 duos
634 1969 752 2001 alteros
762 1977 886 2000 menses
895 1966 1093 2008 extenditur,

51 2027 221 2067 agiturque
248 2025 320 2066 post
347 2022 498 2055 aestivum
514 2021 698 2054 solstitium.
716 2023 754 2053 ln
772 2021 840 2061 his,
869 2021 934 2060 ait,
957 2029 1098 2053 conven-

51 2078 139 2110 tibus
163 2084 292 2109 summa
313 2075 400 2115 viget
424 2073 663 2114 tranquillitas,
679 2081 744 2104 non
768 2072 875 2104 solum
897 2073 978 2104 inter
992 2073 1097 2112 ipsos,

52 2130 107 2164 sed
124 2131 157 2163 et
170 2138 245 2162 cum
261 2128 413 2160 omnibus
427 2126 570 2158 advenis.
591 2125 678 2163 Quin
695 2125 792 2157 etiam
810 2125 891 2156 seras
907 2133 981 2156 cum
999 2124 1097 2156 homi-

51 2184 147 2216 nibus
156 2207 165 2221 ‚
179 2190 243 2213 non
256 2181 384 2212 tantum
398 2179 481 2210 iuter
494 2186 544 2216 se,
559 2178 670 2218 pacate
681 2177 762 2208 tunc
774 2176 888 2217 degere
901 2175 1097 2208 fabulantur.

52 2236 168 2268 Narrat
184 2235 217 2266 et
230 2233 292 2265 alia
310 2232 413 2263 multa
428 2230 590 2270 inopinata
605 2230 639 2261 et
653 2227 766 2260 sabulis
779 2237 845 2260 uon
860 2227 1026 2260 absimilia

94 2286 211 2320 Adulin
245 2283 355 2316 scribit
390 2282 431 2314 ab
463 2280 605 2314 Auxumi
633 2279 817 2320 quindecim
842 2279 955 2312 itinere
972 2279 1099 2311 dierum

52 2338 184 2370 distare.
216 2334 435 2368 proficiscenti
461 2341 539 2364 vero
571 2331 735 2363 Auxumin
759 2332 909 2363 Nonnoso
934 2339 1010 2363 cum
1034 2331 1100 2363 suis

52 2391 233 2424 maximum
248 2389 310 2420 hoc
327 2387 491 2426 objectum
517 2385 738 2425 spectaculum
759 2382 800 2414 ad
822 2384 983 2423 regionem
1009 2386 1099 2416 Auen

52 2443 189 2481 dictam,
208 2448 282 2480 quae
297 2438 402 2471 media
423 2438 472 2469 est
486 2437 570 2468 inter
593 2435 756 2467 Auxumin
776 2436 808 2466 ct
825 2434 942 2466 Adulin
966 2434 1063 2467 urbes
1088 2447 1096 2467 ε

53 2494 298 2535 elephantorum
323 2489 478 2522 nimirum
500 2488 548 2519 vis
560 2495 624 2518 non
638 2485 783 2524 modica,
796 2486 862 2517 imo
882 2486 983 2518 millia
998 2487 1100 2519 ferme

53 2547 206 2587 quinque.
233 2541 410 2576 pascebant
426 2540 459 2572 hi
475 2538 636 2578 elephanti
651 2537 792 2568 maximo
814 2537 845 2568 in
869 2545 1003 2576 campo,
1027 2546 1098 2578 pro-

53 2598 190 2639 piusque
198 2594 352 2628 accedere
365 2590 483 2624 nemini
498 2589 676 2621 incolarum
688 2588 779 2620 facile
790 2589 860 2619 erat
869 2611 878 2627 ‚
889 2597 994 2629 neque
1006 2590 1098 2629 pastu

53 2649 233 2690 prohibere.
250 2648 320 2678 Hoc
332 2644 392 2676 illis
406 2642 533 2674 interim
545 2639 763 2680 spectaculum
778 2639 930 2670 occurrit.

97 2703 146 2733 De
160 2699 231 2731 coeli
245 2705 374 2739 quoque
386 2693 617 2728 constitutione
628 2692 735 2723 dicere
750 2692 897 2730 oportet,
909 2699 984 2731 quae
996 2693 1045 2724 est
1057 2692 1100 2724 ab

55 2755 123 2786 Aue
137 2752 176 2783 ad
190 2750 354 2784 Auxumin
369 2758 377 2779 :
391 2748 503 2779 contra
518 2746 603 2778 enim
620 2746 714 2776 aestas
729 2743 795 2775 illic
807 2745 839 2775 et
852 2743 954 2776 hiems
969 2745 1097 2777 accidit.

55 2807 136 2839 Nam
149 2805 216 2837 sole
230 2805 392 2836 Cancrum
403 2824 412 2838 ,
421 2801 561 2833 Leonem
572 2799 604 2830 et
614 2797 776 2837 Virginem
788 2796 926 2829 obeunte
936 2820 944 2836 ,
956 2797 996 2829 ad
1008 2800 1098 2830 Auen

55 2865 157 2897 usque
169 2880 179 2896 ,
204 2855 252 2887 uti
276 2857 308 2886 et
326 2853 418 2885 nobis
429 2876 438 2892 ‚
456 2851 551 2883 aestas
568 2849 617 2881 est
639 2856 830 2889 summaque
847 2849 919 2880 coeli
945 2849 1074 2882 siccitas
1089 2859 1097 2881 :

56 2911 90 2941 at
107 2908 148 2940 ab
165 2911 235 2940 Aue
251 2905 415 2939 Auxumin
433 2909 544 2934 versus
559 2901 592 2932 et
607 2899 763 2939 reliquam
789 2899 982 2940 AEtliiopiam
998 2900 1100 2933 hiems

56 2960 104 2991 est
116 2958 290 2991 vehemens
300 2980 308 2994 ‚
322 2964 387 2987 non
400 2954 523 2994 integro
539 2950 670 2992 quidem
684 2950 738 2982 illa
756 2950 808 2982 die
819 2974 828 2991 ,
842 2950 898 2982 sed
918 2959 991 2991 quae
1005 2960 1024 2983 a
1037 2960 1100 2984 me-

57 3011 137 3043 ridie
160 3010 313 3050 incipiens
337 3008 455 3046 ubique
476 3004 596 3037 coactis
618 3002 759 3035 nubibus
781 3010 889 3035 aerem
906 3003 1049 3036 obducat
1067 3005 1100 3036 et

1161 1967 1328 2000 horrendis
1342 1966 1499 1999 imbribus
1507 1974 1597 1998 oram
1611 1966 1698 1998 illam
1712 1965 1856 1998 inundet.
1867 1967 1941 2003 Quo
1951 1965 2049 1997 etiam
2058 1965 2202 2007 temporo

1161 2020 1250 2053 Nilus
1273 2020 1338 2052 late
1354 2021 1526 2060 AEgyptum
1542 2018 1736 2060 pervadens,
1762 2018 1860 2050 maris
1882 2018 1915 2050 iu
1931 2018 2064 2050 modum
2077 2019 2197 2052 terram

1158 2073 1279 2114 irrigat.
1297 2075 1403 2111 Quum
1420 2074 1529 2105 autem
1553 2072 1601 2104 sol
1620 2071 1870 2112 capricornum,
1899 2071 2075 2111 Aquarium
2099 2071 2133 2104 et
2151 2071 2201 2104 Pi·

1158 2133 1227 2156 sces
1240 2124 1462 2165 perambulat,
1485 2131 1540 2156 aer
1554 2123 1626 2156 vice
1642 2130 1735 2155 versa
1752 2122 1888 2155 Adulitis
1909 2124 2000 2154 Auen
2013 2131 2116 2163 usque
2137 2123 2202 2154 im-

1159 2175 1271 2208 bribus
1294 2175 1456 2215 regionem
1479 2174 1631 2213 inundat,
1653 2173 1692 2206 iis
1713 2181 1790 2205 vero
1814 2174 1870 2214 qui
1885 2173 1927 2205 ab
1942 2176 2010 2206 Aue
2033 2173 2199 2206 Auxumin

1159 2229 1364 2268 ceteramque
1375 2226 1568 2267 AEthiopiam
1577 2233 1688 2257 versus
1698 2225 1817 2266 jacent,
1831 2225 1924 2258 aestas
1939 2225 2004 2266 est,
2015 2224 2048 2258 et
2057 2226 2203 2259 maturos

1156 2280 1222 2320 jam
1246 2282 1371 2312 fructus
1387 2280 1474 2312 terra
1494 2278 1629 2320 praebet.

1201 2332 1371 2371 Naviganti
1398 2339 1418 2362 a
1434 2330 1554 2363 Pliarsa
1575 2332 1726 2362 Nonnoso
1741 2330 1775 2362 et
1789 2328 1830 2360 ad
1844 2329 2023 2361 extremam
2039 2337 2141 2371 usque
2155 2329 2202 2362 in·

1158 2383 1302 2416 sularum
1318 2383 1445 2421 delato,
1470 2382 1535 2414 tale
1552 2380 1631 2422 quid
1647 2380 1789 2413 occurrit
1810 2380 1862 2412 vel
1879 2381 1948 2421 ipso
1967 2380 2080 2412 auditu
2096 2380 2201 2413 admi-

1159 2435 1308 2467 randum.
1330 2434 1446 2467 Incidit
1464 2434 1550 2466 enim
1571 2434 1605 2466 in
1618 2433 1775 2475 quosdam
1790 2432 1892 2464 forma
1906 2432 2036 2473 quidem
2052 2434 2086 2466 et
2101 2433 2203 2475 figura

1159 2488 1299 2520 humana
1311 2511 1322 2527 ‚
1335 2487 1390 2520 sed
1407 2487 1631 2526 brevissimos,
1645 2487 1678 2519 et
1698 2486 1807 2518 cutem
1823 2485 1947 2526 nigros,
1969 2486 2139 2527 totumque
2152 2485 2201 2527 pi-

1160 2540 1245 2572 losos
1259 2549 1386 2581 corpus.
1402 2539 1624 2581 Sequebantur
1637 2539 1724 2571 viros
1739 2539 1878 2579 aequales
1892 2538 2039 2578 semime,
2061 2541 2094 2571 et
2113 2538 2203 2579 pueri

1159 2591 1265 2623 adhuc
1280 2591 1455 2623 breviores.
1480 2590 1564 2623 Nudi
1590 2598 1702 2622 omnes
1721 2592 1840 2629 agunt,
1862 2589 1945 2630 pelle
1962 2591 2090 2622 tantum
2113 2589 2202 2622 brevi

1159 2643 1337 2675 adultiores
1360 2642 1501 2674 verenda
1521 2641 1618 2680 tecti,
1645 2641 1707 2673 viri
1731 2641 1849 2681 pariter
1867 2642 1900 2673 et
1916 2641 2058 2677 seminoe,
2081 2642 2203 2682 agreste

1159 2695 1236 2727 nihil
1250 2703 1354 2735 neque
1370 2695 1505 2726 etl'erum
1524 2694 1602 2734 quid
1620 2703 1685 2733 prae
1701 2702 1734 2725 se
1750 2694 1895 2726 ferentes.
1913 2693 1998 2731 Quin
2013 2694 2047 2726 et
2062 2703 2126 2726 vox
2139 2693 2203 2726 inis

1161 2747 1202 2778 liu
1208 2754 1319 2784 mana,
1331 2745 1386 2777 sed
1395 2745 1544 2776 omnihus
1552 2768 1561 2782 ‚
1571 2745 1668 2776 etiam
1680 2746 1795 2776 accolis
1804 2768 1813 2782 ‚
1823 2753 1952 2784 prorsus
1961 2745 2068 2785 ignota
2081 2744 2199 2784 lingua.

1161 2797 1328 2837 multoque
1340 2796 1478 2836 amplius
1491 2795 1630 2827 Nonnosi
1644 2795 1748 2826 sociis.
1763 2795 1887 2827 Vivunt
1899 2796 2030 2827 marinis
2041 2795 2154 2827 ostreis
2168 2796 2202 2826 et

1160 2850 1298 2890 piscibus
1310 2858 1328 2881 e
1342 2849 1420 2880 mari
1433 2848 1473 2880 ad
1488 2847 1623 2879 insulam
1637 2847 1796 2888 projectis.
1811 2847 1955 2879 Audaces
1967 2846 2099 2878 minime
2111 2847 2198 2886 sunt,

1159 2903 1196 2933 ut
1218 2900 1335 2932 nostris
1349 2899 1526 2940 conspectis
1547 2897 1748 2936 hominibus,
1763 2897 2033 2937 quemadmodum
2057 2906 2114 2928 nos
2132 2897 2198 2927 vis·

1161 2951 1280 2991 ingenti
1295 2951 1379 2991 sera,
1395 2951 1483 2982 metu
1497 2949 1631 2990 perculsi
1646 2948 1774 2980 suerint.
