2372 3704
141 212 539 257 THEODORORUM
560 212 755 263 RHODII,
781 212 1152 262 HIERAPOLITAE,
1170 214 1544 266 SAMOTHRACIS,
1562 216 1775 257 ILIENSIS
1796 217 2126 259 FRAGMENTA.
2158 225 2233 259 513

141 301 227 337 Non
249 299 340 334 novi
355 297 584 333 Theodorum
603 295 846 332 Rhodiorum
862 296 1012 332 ducem.
1032 297 1130 333 Con-

87 369 148 396 tra
175 357 380 394 Theodotas
394 354 588 399 Rhodius,
607 350 694 404 ἀνὴρ
711 355 864 402 γενναῖος
874 352 934 391 καὶ
958 355 1130 391 τακτικῶν

88 415 271 466 ἔμπειρος,
289 413 396 461 cujus
412 418 673 461 strategemate
690 412 900 448 Antiochus
913 413 1023 448 Soter
1043 413 1131 449 Gal-

86 470 270 518 lograecos
282 467 419 515 insigni
440 466 576 514 proelio
600 464 763 513 devicit,
785 471 897 500 notus
917 473 971 501 est
997 478 1042 501 ex
1060 466 1131 500 de—

88 527 294 575 scriptione
310 524 421 572 hujus
446 524 572 573 proelii
591 523 694 571 apud
720 524 931 559 Lucianum
952 525 991 559 in
1015 525 1132 560 Zeuxi

87 597 123 622 c.
147 584 169 619 8
197 596 279 631 sqq.
304 582 366 632 (p.
393 587 467 628 247
494 582 556 618 ed.
584 581 738 630 Didot.)
760 584 814 618 De
845 582 980 618 eodem
1008 583 1130 618 Theo-

88 643 177 679 dota
192 655 227 679 V.
243 642 395 678 Lucian.
413 641 466 677 De
483 640 667 676 calumnia
681 653 715 676 c.
740 653 775 685 2,
792 653 832 689 p.
853 641 875 676 6
886 646 942 684 14.
961 642 1132 677 Fortasse

89 701 202 749 igitur
220 700 428 736 Theodotae
443 711 583 734 nomen
600 711 663 747 ap.
677 699 830 735 Suidam
848 699 1126 747 reponendum.

86 760 261 795 Ceterum
281 759 463 806 quaeritur
478 770 569 792 num
591 755 808 806 Ὑπομνήμα
818 771 855 794 τα
871 758 931 793 illa
951 758 1134 794 historica

86 817 244 863 fuerint,
264 828 312 852 an
331 816 376 853 de
395 823 475 852 arte
492 816 630 853 tactica
642 842 652 861 ‚
675 816 782 864 quod
801 815 878 852 fere
895 816 1134 864 probabilius

85 881 155 912 est.

521 976 694 990 -οοο-

113 1066 553 1126 THEODORUS
580 1063 1096 1122 HIERAPOLITA.

421 1186 542 1224 ΠΕΡΙ
575 1184 797 1224 ΑΓΩΝΩΝ.

592 1305 625 1327 1.

139 1375 338 1411 Athenaeus
355 1374 392 1409 X
405 1401 415 1419 ‚
431 1386 469 1422 p.
490 1377 586 1420 412,
606 1374 635 1408 Ε
655 1383 664 1409 :
687 1369 812 1409 Μίλων
830 1372 860 1408 δ’
881 1374 899 1409 6
923 1370 1131 1422 Κροτωνιά-

85 1446 164 1478 της,
184 1430 230 1474 ὥς
249 1445 352 1482 φησιν
371 1432 389 1468 6
416 1428 657 1481 Ἱεραπολίτης
679 1423 864 1480 Θεόδωρος
884 1430 919 1466 ἐν
950 1431 1020 1473 τοῖς
1043 1429 1131 1481 Περὶ

86 1487 245 1537 ἀγώνων,
260 1487 358 1535 ἤσθιε
373 1494 460 1538 μνᾶς
473 1489 581 1539 κρεῶν
593 1486 716 1537 εἴκοσι,
735 1486 795 1525 καὶ
811 1487 982 1542 τοσαύτας
997 1487 1127 1539 ἄρτων,

84 1546 177 1585 οἴνου
208 1562 245 1584 τε
261 1549 352 1599 τρεῖς
383 1546 469 1598 χόας
489 1546 618 1583 ἔπινεν.
642 1545 703 1584 Ἐν
728 1544 764 1583 δὲ
789 1545 974 1598 Ὀλυμπία
1000 1549 1127 1598 ταῦρον

16 1607 18 1609 ’
85 1605 292 1655 ἀναθέμενος
311 1604 379 1648 τοῖς
401 1603 508 1653 ὤμοις
531 1606 716 1656 τετραετῆ,
734 1602 793 1641 καὶ
818 1606 937 1641 τοῦτον
956 1603 1132 1655 περιενέγ-

84 1677 148 1707 κας
175 1664 213 1702 τὸ
234 1663 385 1710 στάδιον,
416 1661 505 1713 μετὰ
538 1667 647 1701 ταῦτα
668 1661 874 1714 δαιτρεύσας
902 1661 1002 1712 μόνος
1029 1662 1129 1701 αὐτὸν

85 1721 280 1775 κατέφαγεν
298 1723 332 1759 ἐν
351 1727 416 1774 μιᾷ
429 1720 560 1774 ἡμέρᾳ.

589 1818 626 1840 2.

135 1879 242 1915 Idem
253 1880 306 1929 X,
324 1892 365 1928 p.
383 1885 427 1923 41
437 1880 472 1926 3,
488 1880 517 1915 B
531 1893 540 1915 ε
557 1877 772 1928 Ἀστυδάμας
785 1878 814 1915 δ’
828 1880 845 1915 6
857 1877 1043 1926 Μιλήσιος,
1058 1878 1131 1930 τρὶς

87 1935 271 1987 Ὀλύμπια
287 1938 431 1982 νικήσας
457 1935 549 1974 κατὰ
583 1935 623 1974 τὸ
640 1935 716 1982 ἑξῆς
747 1935 976 1988 παγκράτιον,
994 1936 1131 1983 κληθείς

84 2008 169 2032 ποτε
200 1994 258 2032 ἐπὶ
290 1995 424 2032 δεῖπνον
444 1993 511 2031 ὑπὸ
537 1993 803 2046 Ἀριοὸαρζάνου
818 1998 878 2032 τοῦ
909 1995 1046 2046 Πέρσου
1071 1994 1131 2032 καὶ

17 2066 21 2069 ·
84 2052 308 2105 ἀφικόμενος,
338 2052 511 2105 ὑπέσχετο
538 2058 659 2105 φαγεῖν
682 2052 797 2090 πάντα
824 2052 870 2091 τὰ
906 2059 994 2091 πᾶσι
1013 2069 1128 2106 παρα-

84 2110 338 2158 σκευασθέντα,
372 2111 432 2148 καὶ
459 2110 646 2163 κατέφαγε.
679 2113 750 2150 Τοῦ
788 2110 926 2163 Πέρσου
965 2113 994 2149 δ’
1027 2111 1129 2150 αὑτὸν

85 2166 298 2211 ἀξιώσαντος
312 2197 323 2218 ,
348 2170 394 2211 ὡς
414 2170 432 2206 ὁ
449 2168 629 2220 Θεόδωρος
646 2169 794 2220 ἱστορεῖ,
815 2168 908 2212 ἄξιόν
938 2185 971 2206 τι
986 2173 1130 2216 ποιῆσαι

83 2227 152 2262 τῶν
166 2225 258 2264 κατὰ
270 2226 334 2272 τὴν
351 2226 463 2278 ἰσχὺν,
484 2226 592 2279 φακὸν
606 2230 668 2273 τῆς
687 2227 805 2273 κλίνης
820 2226 1032 2282 περίχαλκον
1047 2228 1129 2265 ὄντα

83 2282 238 2330 κλάσας,
274 2283 417 2327 ἐξέτεινε
441 2284 613 2334 μαλάξας.
651 2284 933 2331 Τελευτήσαντος
954 2285 983 2321 δ’
1004 2287 1128 2332 αὐτοῦ,

84 2340 144 2378 καὶ
163 2341 438 2385 κατακαυθέντος
451 2371 460 2388 ,
483 2344 543 2380 οὐκ
563 2342 720 2395 ἐχώρησε
746 2342 808 2392 μία
826 2342 926 2395 ὑδρία
943 2342 988 2380 τὰ
1007 2343 1126 2394 ὀστέα,

85 2398 185 2446 μόλις
205 2398 240 2437 δὲ
274 2398 347 2439 δύο.
385 2399 458 2438 Καὶ
476 2399 520 2438 τὰ
542 2401 611 2443 τοῖς
629 2399 725 2438 ἐννέα
745 2399 889 2452 ἀνδράσι
911 2416 1127 2453 παρεσκευα-

85 2456 194 2505 σμένα
213 2457 310 2508 παρὰ
328 2459 378 2510 τῷ
389 2457 636 2510 Ἀριοὸαρζάνῃ
653 2459 699 2502 εἷς
714 2458 753 2496 τὸ
773 2459 911 2496 δεῖπνον
934 2458 1036 2508 μόνον
1063 2474 1126 2497 κα·

83 2517 265 2567 ταφαγεῒν.

363 2639 430 2678 DE
458 2640 861 2679 CERTAMINIBUS.

591 2724 625 2755 1.

127 2788 205 2820 Milo
232 2788 452 2829 Crotoniates,
472 2790 510 2821 ut
528 2791 636 2821 narrat
663 2790 849 2823 Theodorus
866 2791 1132 2832 ‘Hierapolitanus

84 2839 218 2871 iniibris
235 2841 281 2871 De
305 2841 550 2880 certaminibus,
566 2841 754 2873 comedebat
772 2843 868 2875 libras
883 2844 985 2875 carnis
998 2844 1129 2884 viginti,

85 2891 283 2933 totidemque
298 2893 405 2933 panis;
434 2895 467 2925 et
490 2894 555 2925 vini
578 2895 708 2935 congios
736 2895 864 2927 bibebat
879 2898 954 2928 tres.
976 2897 1131 2937 Olympiae

87 2951 162 2974 vero
177 2945 307 2976 taurum
324 2945 530 2985 quadrimum
556 2946 697 2978 humeris
719 2947 904 2987 impositum
918 2957 974 2989 per
993 2949 1131 2981 stadium

87 2994 294 3026 circumcirca
312 2996 468 3036 gestavit:
485 2997 559 3030 dein
574 2998 711 3030 eundem
731 2998 902 3031 dissectum
919 3002 1132 3042 paratumque

87 3055 152 3078 uno
164 3047 215 3079 die
226 3048 312 3080 solus
324 3047 473 3081 comedit.

591 3117 626 3149 2.

130 3180 318 3221 Astydamas
345 3181 506 3223 Milesius,
527 3184 685 3224 Olympiae
709 3184 814 3217 tribus
831 3187 989 3218 continuis
1011 3187 1134 3218 vicibus

88 3230 235 3263 victorin
250 3233 424 3265 certamine
445 3235 616 3274 pancratii,
640 3235 680 3267 ad
693 3244 817 3268 coenam
835 3239 967 3269 vocatus
979 3238 1020 3269 ab
1043 3238 1132 3270 Ario·

90 3281 226 3314 barzane
241 3285 352 3324 Persa,
370 3294 470 3325 quum
488 3294 521 3317 se
533 3286 572 3317 ad
586 3295 660 3318 eum
677 3288 880 3327 contulisset,
907 3289 1066 3328 pollicitus
1087 3290 1134 3321 est

89 3333 196 3364 omnia
209 3342 242 3365 se
254 3337 469 3368 comesturum
483 3346 556 3377 quae
568 3338 691 3370 cunctis
707 3341 816 3378 parata
829 3339 960 3371 fuissent
975 3353 982 3372 :
998 3342 1030 3372 et
1044 3349 1133 3372 com-

87 3380 164 3414 edit.
184 3384 267 3417 Dein
292 3388 455 3426 rogatusa
471 3390 585 3428 Persa,
603 3391 639 3421 ut
664 3389 794 3429 dignum
819 3390 938 3431 aliquid
965 3391 1032 3423 istis
1056 3392 1132 3424 viri·

218 3449 406 3474 FRAGMENTA
426 3452 548 3475 HISTOR.
571 3452 623 3475 GR.
644 3463 678 3467 —
692 3454 762 3477 VOL.
783 3454 824 3477 lv.

1228 331 1667 390 THEODORUS
1709 305 2187 392 SAMOTHRAX.

1697 450 1732 488 3.

1244 526 1465 561 Ptolemaeus
1483 527 1670 574 Hepbaest.
1686 527 1751 565 lib.
1766 529 1836 563 VII
1858 539 1867 565 :
1888 527 2067 580 Θεόδωρος
2081 531 2099 566 6
2115 531 2235 580 Σαμο-

1192 581 1276 635 θρᾲξ
1292 582 1349 620 τὸν
1369 582 1436 621 Δία
1458 583 1543 633 φησὶ
1561 583 1766 633 γεννηθέντα
1794 585 1851 622 ἐπὶ
1872 586 1961 623 ἑπτὰ
1985 587 2119 639 ἡμέρας
2147 591 2234 626 ἀκα-

1191 640 1391 679 τάπαυστον
1408 640 1578 692 γελάσαι,
1614 641 1674 680 καὶ
1708 641 1765 680 διὰ
1784 646 1885 681 τοῦτο
1912 644 2040 688 τέλειος
2072 646 2235 695 ἐνομίσθη

1191 700 1209 736 6
1223 697 1367 748 ἕὸδομος
1384 699 1541 750 ἀριθμός.

1244 758 1413 795 Eundem
1431 766 1495 794 aut
1512 760 1626 794 alium
1651 760 1974 809 mythographum
1993 761 2237 798 Theodorum

1192 816 1320 852 laudat
1339 818 1458 855 schol.
1485 819 1614 866 Apoll.
1637 818 1765 854 Rhod.
1786 820 1850 862 IV,
1874 818 1948 861 264
1974 832 1982 854 :
2001 817 2181 870 Θεόδωρος
2201 819 2237 857 δὲ

1192 876 1227 912 ἐν
1247 875 1392 928 εἰκοστῷ
1412 874 1542 928 ἓννάτῳ
1564 876 1617 926 (ἐν
1633 874 1689 913 κδ’
1704 875 1789 912 cod.
1804 878 1923 912 Paris.
1942 875 1966 927 ),
1984 876 2089 929 ὀλίγῳ
2111 876 2237 928 πρότε-

1194 931 1251 984 ρόν
1268 947 1353 984 φησι
1369 936 1428 971 τοῦ
1449 932 1533 985 πρὸς
1562 932 1639 977 τοὺς
1657 933 1823 984 γίγαντας
1843 933 2000 984 πολέμου
2024 933 2237 986 Ἡρακλέους

1191 990 1254 1037 τὴν
1274 990 1422 1038 σελήνην
1440 995 1605 1044 φανῆναι.
1628 994 1759 1030 Sermo
1781 1001 1835 1030 est
1853 994 1902 1030 de
1916 994 2129 1032 Arcadibus
2149 997 2238 1032 Pro·

1191 1052 1338 1089 selenis.
1355 1051 1411 1088 Cf.
1431 1053 1589 1100 Dionys,
1608 1052 1775 1090 Chalcid.
1793 1052 1839 1088 fr.
1864 1066 1896 1091 1.

1607 1176 1822 1192 W

1309 1260 1755 1319 THEODORUS
1799 1261 2116 1319 ILlENSIS.

1610 1376 1817 1417 ΤΡΩΙΚΑ.

1693 1463 1732 1501 4.

1242 1527 1376 1564 Suidas
1420 1541 1429 1563 t
1473 1525 1723 1578 Παλαίφατος,
1774 1527 1957 1575 Ἄὸυδηνὸς
1970 1557 1980 1575 ,
2027 1531 2236 1581 ἱστορικός...

1190 1582 1314 1635 Γέγονε
1340 1585 1370 1621 δ’
1405 1585 1462 1622 ἐπ’
1486 1583 1708 1636 Ἀλεξάνδρου
1746 1589 1806 1623 τοῦ
1840 1586 2062 1635 Μακεδόνος,
2092 1588 2238 1626 παιδικὰ

1190 1644 1219 1680 δ’
1249 1643 1501 1694 Ἀριστοτέλους
1530 1646 1588 1680 τοῦ
1619 1642 1823 1696 φιλοσόφου,
1847 1646 1894 1688 ὡς
1914 1644 2038 1684 Φίλων
2062 1646 2122 1685 καὶ
2148 1646 2236 1687 Θεό·

1190 1702 1295 1754 δωρος
1313 1703 1346 1739 ἐν
1369 1701 1399 1753 β’
1417 1703 1599 1753 Τρωικῶν.

1241 1762 1428 1807 Eundem,
1440 1762 1591 1810 opinor,
1600 1762 1728 1797 laudat
1737 1763 1885 1799 Servius
1896 1764 1944 1800 ad
1954 1766 2084 1813 Virgil.
2100 1767 2186 1801 AEn.
2200 1767 2232 1809 Ι,

1191 1819 1265 1865 28,
1298 1821 1366 1856 ubi
1403 1833 1544 1856 nomen
1571 1821 1764 1868 scriptoris
1796 1822 1836 1856 in
1864 1822 1970 1858 libris
1998 1827 2054 1857 est
2067 1822 2241 1860 Theoda-

1189 1885 1248 1914 tus
1263 1890 1271 1916 :
1288 1879 1389 1914 Sane
1405 1879 1463 1914 ln‘c
1483 1879 1717 1925 Ganymedes
1738 1879 1945 1915 Catamitus
1962 1882 2101 1916 dicitur
2118 1894 2130 1915 :
2153 1882 2242 1917 llcet

1194 1938 1230 1972 T
1223 1937 1411 1981 lzeodatus‚
1439 1940 1505 1984 qui
1524 1939 1551 1972 I
1552 1938 1667 1972 liacas
1688 1949 1747 1972 res
1752 1942 1987 1986 perscripsit,
2010 1937 2236 1984 hunc-faisse

1190 1996 1313 2031 Belim
1330 1997 1432 2030 dicat
1443 2003 1479 2030 et
1493 1996 1735 2030 Laomedonti
1748 1998 1974 2043 praedixisse
1988 2005 2072 2032 tunc
2081 2001 2234 2044 perita—

1192 2066 1273 2088 ram
1294 2062 1330 2089 et
1345 2057 1526 2088 civitatem
1554 2061 1592 2088 et
1606 2066 1758 2102 regnum
1786 2055 2045 2099 Trojaaormn,
2066 2067 2176 2102 quum
2190 2056 2238 2090 de

1192 2119 1312 2146 monte
1322 2113 1459 2146 Meotio
1471 2119 1599 2159 sponte
1608 2110 1747 2156 fuisset
1757 2124 1890 2147 saxum
1908 2113 2118 2160 delapsum,
2139 2114 2239 2160 quod

1190 2182 1301 2217 quum
1314 2173 1505 2212 evenisset,
1525 2177 1656 2217 postea
1674 2172 1701 2204 I
1702 2171 1790 2205 lium
1810 2178 1866 2205 est
1876 2171 2074 2218 direptam.

1249 2227 1454 2264 Tmzonom
1471 2226 1791 2275 Metamorphoses
1811 2229 1900 2263 citat
1914 2229 2136 2265 Plutarchus
2149 2229 2235 2264 Par.

1193 2297 1223 2320 c.
1263 2297 1310 2320 22
1331 2296 1340 2322 z
1365 2283 1523 2335 Σμύρνα,
1545 2283 1695 2335 Κινύρου
1718 2283 1883 2336 θυγάτηρ,
1900 2284 1956 2322 διὰ
1984 2287 2085 2335 μῆνιν
2115 2285 2233 2337 Ἀφρο-

1190 2340 1284 2388 δίτης
1297 2341 1433 2392 ἠράσθη
1448 2345 1508 2378 τοῦ
1524 2341 1770 2391 γεννήσαντος,
1787 2342 1846 2380 καὶ
1861 2346 1903 2394 τῇ
1918 2346 2032 2394 τροφῷ
2049 2342 2113 2390 τὴν
2131 2343 2238 2393 ἀνάγ-

1190 2415 1254 2445 κην
1276 2403 1336 2437 τοῦ
1361 2400 1484 2452 ἔρωτος
1513 2400 1704 2446 ἐδήλωσεν·
1725 2403 1748 2447 ἠ
1778 2400 1814 2438 δὲ
1843 2401 1932 2452 δόλῳ
1954 2404 2064 2452 ὑπῆγε
2095 2401 2153 2439 τὸν
2185 2403 2239 2439 δε-

1192 2457 1342 2504 σπότην.
1364 2457 1460 2510 Ἔφη
1484 2458 1551 2510 γὰρ
1578 2457 1716 2510 γείτονα
1743 2458 1909 2510 παρθένον
1933 2462 2012 2511 ἐρᾶν
2033 2461 2158 2506 αὐτοῦ,
2180 2461 2240 2499 καὶ

1189 2516 1414 2568 αἰσχύνεσθαι
1430 2519 1463 2555 ἐν
1482 2519 1621 2579 φσανερῷ
1640 2516 1836 2569 προσιέναι.
1861 2517 1906 2557 ‘O
1925 2518 1959 2555 δὲ
1987 2518 2120 2570 συνῄει.
2143 2518 2239 2556 Ποτὲ

1189 2628 1249 2661 bus
1264 2629 1400 2668 faceret,
1418 2628 1603 2660 lenticulam
1620 2630 1692 2661 lecti
1706 2638 1829 2662 aeneam
1842 2630 1932 2670 fregit
1946 2654 1955 2670 ‚
1969 2633 2000 2662 et
2010 2639 2029 2661 a
2040 2639 2073 2662 se
2083 2630 2239 2662 mollitam

1188 2681 1332 2712 extendit
1343 2705 1352 2721 ‚
1366 2682 1403 2712 ut
1430 2681 1515 2712 idem
1539 2683 1648 2712 narrat
1673 2681 1872 2714 Theodorus.
1900 2685 1976 2714 Post
1992 2683 2060 2722 eJus
2084 2684 2219 2714 mortem
2229 2706 2239 2722 ‚

1189 2734 1330 2764 cremato
1352 2733 1524 2773 cadavere,
1551 2742 1615 2764 una
1629 2742 1708 2764 urna
1729 2742 1795 2765 non
1820 2734 1967 2774 capiebat
1983 2743 2055 2766 ossa
2080 2734 2238 2773 hominis,

1189 2784 1242 2816 sed
1258 2784 1330 2816 duae
1343 2785 1398 2815 vix
1411 2784 1622 2816 sufficiebant.
1639 2787 1719 2821 Quae
1733 2787 1841 2816 autem
1858 2785 1945 2816 solus
1955 2785 2041 2825 apud
2055 2785 2240 2817 Ariobarza-

1194 2844 1268 2868 nem
1283 2835 1463 2875 devorarit,
1474 2844 1510 2867 ea
1523 2844 1638 2867 novem
1654 2835 1745 2867 aiunt
1759 2836 1832 2867 viris
1843 2838 1952 2876 parata
1966 2837 2071 2868 fuisse.

1699 2909 1733 2940 3.

1230 2972 1415 3005 Theodorus
1442 2972 1635 3003 Samotbrax
1662 2973 1796 3011 Jovem,
1823 2974 1990 3013 postquam
2021 2974 2116 3005 natus
2136 2975 2235 3012 esset,
2255 2998 2257 3000 v

1190 3032 1246 3064 per
1261 3025 1382 3063 septem
1397 3023 1463 3054 dies
1475 3023 1595 3063 absque
1611 3023 1845 3055 intermissione
1864 3024 1967 3056 risisse
1985 3024 2046 3065 ait,
2064 3028 2096 3056 el
2109 3027 2237 3065 propter

1191 3075 1252 3106 hoc
1267 3074 1481 3114 septenarium
1496 3082 1667 3105 numerum
1681 3083 1749 3106 esse
1764 3083 1903 3106 sacrum.

1611 3154 1809 3193 TROICA.

1695 3232 1731 3264 4.

1233 3290 1435 3330 Palaephatus
1463 3291 1635 3331 Abydenus
1659 3292 1828 3324 historicus
1854 3293 2022 3325 Alexandri
2054 3290 2234 3324 Macedonis

1191 3342 1387 3381 temporibus
1402 3342 1499 3382 vixit,
1516 3344 1548 3374 et
1565 3344 1740 3375 Aristotelis
1755 3345 1932 3384 philosophi
1951 3343 2090 3375 amasius
2102 3343 2177 3381 suit,
2196 3342 2231 3373 ut

1193 3393 1283 3424 Philo
1297 3393 1341 3425 ait
1363 3395 1394 3425 et
1407 3394 1593 3426 Theodorus
1605 3395 1637 3426 in
1650 3395 1789 3427 secundo
1800 3396 1997 3428 Troicomm.

2073 3454 2106 3479 3³
