2326 3724
0 0 11 15 (v.

0 16 11 36 ,ζ

0 43 9 94 3

0 136 22 224 θ’

927 181 1264 222 FRAGMENTA.

2103 196 2174 229 173

25 275 70 315 τὰ
88 277 230 314 τοιαῦτα
263 272 464 312 ὑποθέσθαι·
496 270 610 324 τρίτον
642 269 678 308 δὲ
706 270 774 308 τῶν
800 269 900 307 ἰδεῶν
920 270 1066 308 συνιδεῖν
1129 275 1408 317 ejusgenerissunt
1419 276 1839 317 alia,constituere:tertio
1853 288 2086 322 cernerc,quae
2101 282 2183 316 ideae

0 338 7 380 ἓ
25 333 106 373 ὅσαι
134 332 219 386 πρὸς
251 331 406 378 ἀλλήλας
441 329 541 376 εἰσὶν,
564 322 634 367 οἷον
659 327 857 382 ἐπιστήμην
883 325 906 374 ἢ
928 327 1070 379 μέγεθος

23 391 47 441 ἢ
73 390 290 442 δεσποτείαν,
308 387 579 441 ἐνθυμουμένους
598 386 650 426 ὅτι
674 386 719 425 τὰ
737 387 821 439 παρ’
839 389 937 438 ἡμῖν,
957 387 1015 424 διὰ
1030 385 1069 424 τὸ

0 454 6 490 Ξ
23 450 183 503 μετέχειν
199 449 348 496 ἐκείνων,
365 447 535 500 ὁμώνυμα
553 446 696 490 ἐκείναις
711 446 883 499 ὑπάρχει·
903 445 994 498 λέγω
1014 445 1070 493 δὲ,

0 503 92 549 ἶοῗον
110 508 227 547 δίκαια
245 506 307 559 μὲν
323 506 388 545 ὅσα
403 510 465 545 τοῦ
482 505 615 544 δικαίου
627 535 638 556 ,
655 503 749 543 καλὰ
768 504 804 542 δὲ
828 503 894 542 ὅσα
913 509 979 543 ’τοῦ
1004 520 1070 542 κα-

0 583 7 611 &
22 569 100 608 λοῦ.
125 565 230 607 Ἐστι
247 566 282 604 δὲ
299 568 367 604 τῶν
384 566 483 604 εἰδῶν
497 563 531 603 ἓν
545 564 691 602 ἕκαστον
710 562 817 601 ἀίδιόν
831 579 868 601 τε
883 562 943 601 καὶ
956 562 1070 613 νόημα

0 608 83 667 {xcxi
110 626 195 679 πρὸς
222 624 353 669 τούτοις
381 623 524 667 ἀπαθές.
543 622 606 662 Διὸ
630 621 691 661 καί
721 637 824 674 φησιν
845 623 879 660 ἐν
898 624 941 673 τῇ
971 621 1071 675 φύσει

0 671 85 730 Ξτὰς
101 684 194 729 ἰδέας
213 683 356 722 ἑστάναι
375 682 534 734 καθάπερ
553 680 844 734 παραδείγματα,
864 680 909 718 τὰ
929 682 958 718 δ’
979 680 1071 718 ἄλλα

0 739 166 794 ’,ταύταις
196 741 361 790 ἑοικέναι,
380 739 509 780 τούτων
540 739 750 791 ὁμοιώματα
781 741 998 777 καθεστῶτα.
1026 737 1071 778 Ὅ

0 795 137 854 ξ’·τοίνυν
167 798 390 854 Ἐπίχαρμος
414 798 495 854 περί
521 814 559 838 τε
577 802 637 838 τοῦ
662 799 791 850 ἀγαθοῦ
811 796 871 836 καὶ
901 796 982 850 περὶ
1003 798 1072 835 τῶν

0 857 124 900 ιῖἷδεῶν
144 855 235 898 οὕτω
253 858 364 911 λέγει·

105 938 143 969 Α.
157 935 220 978 Ἆρ’
234 935 317 968 ἔστιν
331 934 459 973 αὔλησίς
473 945 503 966 τι
516 935 663 975 πρᾶγμας
680 933 718 965 Β.
737 931 824 964 Πάνυ
842 932 897 973 μὲν
911 932 967 964 ὧν.

104 985 143 1016 Α.
159 983 329 1023 Ἄνθρωπος
343 983 388 1014 ὧν
403 981 531 1019 αὔλησίς
544 981 627 1012 ἐστιν
636 991 645 1020 ;
659 981 696 1012 Β.
714 979 880 1020 Οὐδαμῶς,

106 1033 145 1063 Α.
159 1030 233 1071 Φέρ’
246 1029 323 1069 tem
337 1029 382 1066 τίς
399 1028 532 1067 αὐλητάς
545 1039 553 1068 ;
567 1028 611 1064 τίς
626 1027 708 1068 εἶμέν
724 1038 772 1058 τοι
786 1027 889 1066 δοκεῖς

105 1077 278 1118 ἄνθρωπος.
290 1077 337 1109 Οὐ
348 1076 425 1118 γάρ;
441 1077 476 1108 Β.
492 1074 581 1107 Πάνυ
597 1075 651 1116 μὲν
665 1075 717 1106 ὧν.
732 1076 768 1105 Α.
784 1074 854 1105 Οὐκ
867 1074 911 1106 ὧν
924 1073 1010 1105 δοκεῖ

107 1125 207 1161 οὕτως
221 1124 302 1165 ἔχειν
315 1135 363 1155 τοι
377 1124 430 1155 καὶ
443 1123 512 1164 περὶ
523 1122 675 1162 τώγαθῶ;
692 1121 728 1153 τὸ
745 1121 799 1160 μὲν

105 1171 220 1211 ἀγαθὸν
234 1172 263 1202 τὶ
276 1170 392 1212 πρᾶγμ’
402 1170 484 1210 εἶμεν
501 1168 569 1199 καθ’
586 1167 653 1217 αὖθ’
665 1178 673 1186 ·
688 1168 772 1204 ὅστις
785 1167 817 1199 δέ
829 1177 880 1207 κα,

106 1219 171 1259 εἰδῇ
186 1218 292 1259 μαθὼν
309 1217 386 1257 τῆν’,
402 1216 519 1257 ἀγαθὸς
534 1216 594 1254 ἤδη
609 1215 756 1256 γίγνεται.

24 1281 137 1332 Οὗτος
157 1290 174 1326 ὁ
191 1286 345 1326 Πλάτων
362 1284 506 1339 Χαὸρία
524 1284 703 1324 συνείπετο
722 1286 772 1336 τῷ
794 1283 980 1336 στρατηγῷ
998 1281 1076 1336 φεύ·

22 1360 118 1396 γοντι
152 1345 300 1383 θανάτου
312 1374 323 1392 ,
360 1342 507 1395 μηδενὸς
535 1346 604 1381 τῶν
636 1343 787 1381 πολιτῶν
816 1345 917 1380 τοῦτο
945 1340 1075 1395 πρᾶξαι

2 1425 4 1429 ·
25 1402 264 1456 βουληθέντος.
286 1402 376 1443 εὈτε
394 1401 455 1440 καὶ
473 1401 602 1439 ἀνιόντι
622 1402 716 1453 αὐτῷ
735 1402 782 1444 εἷς
801 1398 864 1447 τὴν
884 1399 1073 1452 ἀκρόπολιν

24 1461 86 1502 σὺν
109 1465 160 1515 τῷ
189 1461 335 1515 Χαὸρίᾳ
362 1459 555 1512 Κρωὸύλος
584 1461 602 1498 ὁ
624 1459 842 1511 συκοφάντης
871 1457 1074 1505 ἀπαντήσας

23 1519 140 1575 φησίν·
155 1539 170 1556 α
186 1518 302 1573 Ἄλλῳ
322 1517 586 1572 συναγορεύσων
605 1517 719 1566 ἥκεις,
735 1519 868 1568 ἀγνοῶν
889 1516 942 1555 ὅτι
957 1517 1017 1555 καὶ
1035 1516 1074 1554 σὲ

2 1579 63 1630 [τὸ
77 1578 284 1631 Σωκράτους
292 1577 432 1617 κώνειον
449 1575 615 1627 ἀναμένει
625 1592 636 1625 ;
651 1594 668 1610 ιι
684 1575 730 1616 Ὅ
748 1574 777 1613 δ’
795 1575 859 1628 ἔφη
871 1590 880 1599 ·
897 1593 913 1610 «
931 1574 1002 1626 Καὶ
1016 1573 1072 1613 ὅτε

23 1637 111 1692 ὑπὲρ
130 1641 192 1685 τῆς
207 1637 372 1690 πατρίδος
388 1635 658 1688 ἐστρατευόμην,
674 1634 846 1685 ὑπέμενον
866 1633 944 1677 τοὺς
961 1633 1074 1672 κινδύ-

2 1697 5 1699 ’
22 1710 112 1744 νους,
130 1695 189 1735 καὶ
201 1699 260 1734 νῦν
271 1694 356 1747 ὑπὲρ
370 1697 428 1733 τοῦ
444 1693 653 1740 καθήκοντος
667 1692 724 1731 διὰ
740 1691 838 1745 φίλον
857 1693 1037 1743 ὑπομενῶ.
1055 1710 1072 1725 ι»

16 1754 186 1801 ῥΤοιοίῗϊος
205 1753 241 1793 δὲ
258 1753 305 1792 ὢν
320 1753 413 1805 ὅμως
429 1751 590 1805 ἐσκώφθη
610 1751 670 1791 καὶ
691 1750 793 1795 αὐτὸς
821 1750 888 1790 ὑπὸ
907 1753 975 1790 τῶν
1001 1766 1073 1789 κω-

20 1816 152 1866 μικῶν.
172 1813 384 1864 Θεόπομπος
403 1815 484 1865 γοῦν
501 1811 619 1865 φησίν·

167 1896 226 1928 ’Ἑν
241 1895 299 1938 γάρ
315 1896 398 1927 ἐστιν
412 1894 482 1927 οὐδὲ
499 1894 544 1933 ἓν,

105 1943 147 1975 τὰ
159 1943 192 1975 δὲ
205 1943 260 1975 δύο
275 1942 360 1984 μόλις
373 1942 404 1974 ἓν
418 1943 498 1982 ἐστι,
513 1942 556 1979 ὥς
570 1951 645 1982 φησι
664 1939 812 1973 Πλάτων.

25 2011 131 2052 Ἀλλὰ
150 2011 211 2051 καὶ
228 2011 508 2064 Ἀναξανδρίδης·

105 2094 183 2127 Ὅτε
196 2094 250 2131 τὰς
267 2091 375 2135 μορίας
390 2092 521 2135 ἔτρωγεν
536 2091 642 2133 ὥσπερ
652 2090 732 2133 [καὶ]
746 2090 890 2123 Πλάτων.

24 2163 98 2205 Καὶ
113 2163 238 2215 Τίμων
252 2161 606 2216 παραγραμματίζων
621 2160 723 2199 αὖτόν
735 2176 743 2185 ·

105 2240 161 2276 Ὡς
171 2240 339 2272 ἀνέπλαττε
352 2238 483 2271 Πλάτων
499 2237 703 2278 πεπλασμένα
711 2223 862 2278 Δθαύματα
875 2235 974 2273 εἰδώς.

22 2300 154 2348 Ἄλεξις
164 2318 173 2327 ·

106 2379 160 2416 Εἰς
174 2378 280 2419 καιρὸν
293 2378 377 2416 ἥκεις
388 2401 397 2418 ,
415 2378 456 2414 ὡς
471 2377 566 2418 ἔγωγ’
584 2377 780 2419 ἀπορουμένη

107 2427 173 2458 ἄνω
185 2425 272 2457 κάτω
289 2436 322 2456 τε
338 2424 555 2466 περιπατοῦσ’,
575 2425 680 2465 ὥσπερ
699 2424 843 2463 Πλάτων,

108 2473 202 2514 σοφὸν
217 2471 315 2504 οὐδέν’
332 2471 451 2513 εὕρηκ’,
468 2472 546 2503 ἀλλὰ
559 2474 663 2503 κοπιῶ
681 2471 720 2503 τὰ
732 2472 839 2508 σκέλη.

26 2549 99 2593 Καὶ
118 2549 224 2589 πάλιν
234 2564 243 2574 ·

108 2631 215 2671 Δέγεις
228 2630 295 2671 περὶ
309 2629 353 2661 ὧν
366 2629 424 2661 οὐκ
437 2628 529 2660 οἶσθα
542 2631 696 2669 συγγενῶς
709 2629 826 2670 τρέχων

107 2677 271 2716 Πλάτωνι,
290 2677 343 2708 καὶ
362 2676 476 2713 γνώσει
492 2676 592 2717 λίτρον
609 2676 663 2707 καὶ
677 2675 849 2717 κρόμμυον.

25 2738 154 2795 Ἄμφις
167 2739 417 2794 Ἀμφικράτει·

109 2824 154 2855 Τὸ
168 2823 195 2855 δ’
210 2823 337 2862 ἀγαθὸν,
354 2822 372 2854 ὅ
387 2821 416 2854 τί
433 2821 502 2853 ποτ’
520 2822 617 2860 ἐστὶν,
633 2821 670 2853 οὗ
684 2821 723 2853 σὺ
735 2820 898 2862 τυγχάνειν

109 2870 225 2910 μέλλεις
242 2869 292 2900 διὰ
308 2869 435 2906 ταύτην,
449 2869 541 2907 ἦττον
554 2869 625 2899 οἶδα
641 2868 724 2900 τοῦτ’
736 2868 816 2909 ἐγὼ,

108 2917 135 2947 ὦ
148 2916 285 2956 δέσποτ’,
300 2917 319 2954 ἢ
335 2916 370 2947 τὸ
393 2916 559 2952 Πλάτωνος
573 2915 698 2954 ἀγαθόν.

28 2977 79 3020 ’Ὁ
107 2979 262 3019 Πλάτων
293 2979 373 3031 περὶ
402 2978 465 3029 μὲν
497 2974 544 3017 ὧν
577 2977 796 3031 κατείληφεν,
825 2977 1070 3031 ἀποφαίνεται,

27 3034 72 3075 τὰ
96 3035 132 3074 δὲ
150 3034 259 3089 ψεύδη
281 3036 467 3088 διελέγχει,
499 3035 580 3087 περὶ
604 3036 639 3073 δὲ
668 3039 735 3074 τῶν
766 3035 905 3082 ἀδήλων
933 3036 1065 3088 ἐπέχει.

28 3093 102 3134 Καὶ
124 3095 204 3147 περὶ
225 3094 287 3145 μὲν
311 3097 377 3133 τῶν
408 3096 504 3148 αὐτῷ
535 3093 725 3132 δοκούντων
755 3093 983 3147 ἀποφαίνεται
1014 3094 1070 3132 διὰ

27 3153 204 3206 τέσσάρων
222 3153 434 3206 προσώπων,
451 3152 676 3204 Σωκράτους,
693 3152 860 3203 Τιμαίου,
880 3154 960 3204 [τοῦ
976 3153 1071 3200 Ἀθη-

28 3210 123 3249 νοίίου
146 3211 259 3261 ξένου,
282 3216 342 3250 τοῦ
361 3211 529 3251 Ἐλεάτου
545 3210 672 3263 ξένου]·
693 3211 774 3263 περὶ
791 3211 826 3249 δὲ
845 3214 913 3250 τῶν
935 3212 1070 3264 ψευδῶν

27 3269 276 3321 ἕλεγχομένους
295 3270 426 3322 εἰσάγει
444 3269 701 3322 Θρασύμαχον,
731 3270 936 3309 Καλλικλέα
950 3298 960 3316 ,
983 3271 1070 3307 Πῶ-

28 3325 103 3377 λον,
120 3326 282 3381 Γοργίαν.
307 3328 437 3379 Ἔλεγε
458 3328 512 3376 δὲ,
533 3327 596 3375 τὴν
617 3328 680 3379 μὲν
708 3327 823 3381 ψυχὴν
845 3326 958 3379 ἀρχὴν
975 3326 1068 3379 ἔχειν

30 3385 271 3436 ἂριθμητικὴν,
287 3386 326 3424 τὸ
343 3386 377 3424 δὲ
393 3389 494 3437 σῶμα
515 3386 752 3439 γεωμετρικήν
764 3402 772 3410 ·
790 3385 931 3438 ὡρίζετο
948 3385 983 3424 δὲ
1005 3387 1067 3423 αὗ-

1133 340 1194 373 sub
1210 340 1342 373 eandem
1354 341 1510 374 rationem
1528 341 1662 382 cadant,
1679 344 1718 375 ut
1732 344 1897 376 scientiam
1908 369 1917 385 ‚
1934 347 1990 377 aut
2006 347 2183 386 procerita-

1129 405 1208 444 tem,
1219 405 1275 436 aut
1289 403 1503 445 principatum
1516 416 1525 445 ;
1538 405 1635 446 idque
1653 406 1761 438 animo
1775 408 1936 447 reputare,
1965 417 2002 440 ea
2018 418 2091 450 quae
2108 412 2184 443 sunt

1131 469 1217 510 apud
1244 478 1303 501 nos
1333 478 1374 502 ex
1392 469 1519 502 illorum
1548 470 1794 511 participatione
1819 471 1863 503 eis
1889 472 2058 513 aequivoca
2085 474 2152 506 fieri
2169 487 2178 506 :

1133 532 1220 564 verbi
1245 534 1367 574 gratia,
1384 543 1478 575 aequa
1493 543 1579 575 esse,
1603 544 1678 576 quae
1697 544 1773 567 cum
1797 544 1912 577 aequo,
1931 536 2082 577 honesta,
2109 547 2184 578 quae

1131 606 1205 629 cum
1225 597 1358 630 honesto
1372 598 1622 631 communicent.
1644 600 1699 631 Est
1721 600 1830 632 autem
1843 608 2049 641 unaquaeque
2065 601 2185 641 species

1132 664 1254 695 aeterna
1281 663 1315 695 et
1342 662 1550 704 intelligentia
1579 663 1793 705 omniumque
1810 664 2018 697 affectionum
2041 674 2145 705 vacua
2175 679 2184 698 ι

1132 728 1391 769 propterea.dicit
1405 729 1492 761 ideas
1506 729 1661 762 exsistere
1677 730 1835 770 tanquam
1853 730 2061 771 exemplaria,
2080 732 2187 763 cetera

1132 793 1169 824 iis
1184 792 1299 825 similia
1320 802 1406 834 esse,
1423 794 1514 826 velut
1539 802 1651 826 earum
1669 793 1854 826 simulacra.
1871 795 1918 826 De
1938 793 2026 826 hono
2043 793 2141 835 igitur
2154 794 2187 826 et

1132 859 1210 892 ideis
1230 861 1276 892 sic
1290 860 1501 902 Epicharmus
1520 862 1663 902 loquitur
1679 875 1687 894 ε

1205 936 1247 965 Α.
1259 936 1428 965 Tibicinalis
1438 945 1496 972 am,
1510 945 1597 967 resne
1609 938 1707 974 aliqua
1717 939 1761 967 est
1769 939 1783 967 ἱ)
1794 939 1833 967 Β.
1846 939 1996 975 Quippeni
2007 939 2021 967 Ρ

1204 983 1245 1011 Α.
1260 982 1502 1012 Tibicinalishaec
1511 992 1569 1019 ars,
1586 991 1624 1012 an
1637 984 1728 1013 homo
1745 985 1812 1013 est?
1826 985 1861 1013 Β.
1877 985 2065 1021 Neutiquam.

1205 1029 1246 1058 A.
1259 1027 1442 1058 Videamus:
1456 1029 1554 1066 ipsum
1564 1030 1636 1066 quid
1650 1032 1736 1066 putas
1747 1030 1924 1059 tibicinem?

1203 1074 1359 1103 hominem
1368 1095 1377 1109 ‚
1389 1075 1513 1104 annon?
1523 1076 1560 1103 B.
1574 1076 1734 1105 Hominem
1745 1076 1825 1105 haud
1842 1075 1941 1106 dubie.
1951 1077 1991 1105 A.
2005 1078 2113 1107 Nonne
2128 1078 2188 1106 exi-

1203 1128 1270 1150 rem
1282 1129 1344 1150 sese
1357 1122 1467 1151 habere
1481 1123 1592 1159 pariter
1604 1122 1693 1150 etiam
1705 1122 1742 1151 de
1755 1122 1857 1150 bono?
2005 1124 2118 1157 [stimas

1203 1175 1312 1205 nempe
1322 1171 1356 1197 ut
1372 1169 1486 1215 bonum
1504 1170 1602 1206 ipsum
1613 1177 1660 1198 res
1672 1170 1708 1198 sit
1722 1178 1728 1195 =
1743 1172 1774 1198 at
1793 1170 1818 1198 si
1830 1170 1896 1206 q'uis
1908 1170 2023 1199 bonum

1203 1216 1282 1245 istud
1293 1215 1450 1252 didicerit,
1466 1217 1491 1245 is
1501 1218 1565 1252 jam
1577 1217 1694 1246 dicatur
1707 1217 1825 1247 bonus?
1840 1219 1851 1254 t
1865 1218 1955 1254 Dioq.
1973 1220 2022 1254 111,
2040 1219 2135 1248 liz-M.
2150 1220 2160 1255 )

1177 1288 1267 1320 Plato
1284 1289 1456 1322 Chabriam
1475 1290 1591 1323 ducem
1617 1291 1730 1332 capitis
1754 1296 1938 1325 accusatum
1955 1293 2184 1335 comitabatur,

1134 1346 1225 1378 nullo
1242 1347 1275 1379 id
1289 1348 1408 1380 civium
1421 1351 1545 1382 tentare
1559 1359 1647 1383 auso.
1664 1354 1736 1390 Quo
1751 1353 1896 1392 tempore
1913 1353 1995 1384 inter
2009 1353 2184 1385 ascenden-

1134 1403 1212 1436 dum
1228 1414 1293 1437 una
1311 1416 1386 1439 cum
1399 1408 1454 1439 illo
1474 1408 1507 1439 in
1522 1417 1628 1441 arcem
1656 1410 1870 1450 Athenarum,
1898 1420 2000 1451 quum
2027 1412 2186 1452 Crobylus

1134 1464 1366 1505 quadruplator
1385 1466 1429 1498 illi
1443 1467 1573 1499 obviam
1599 1468 1703 1501 sactus
1718 1469 1802 1501 istud
1832 1469 2011 1511 ingessisset
2028 1483 2036 1502 :
2053 1483 2069 1498 «
2086 1471 2186 1503 Alteri

1133 1524 1344 1556 auxiliaturus
1364 1526 1472 1566 venis,
1489 1527 1523 1558 at
1539 1528 1662 1567 nescis,
1680 1529 1712 1560 te
1739 1537 1868 1570 quoque
1891 1538 2023 1562 manere
2046 1530 2187 1563 Socratis

1133 1583 1291 1616 cicutam:
1307 1597 1324 1612 n
1336 1584 1402 1625 ipse
1409 1585 1573 1626 respondit
1586 1599 1593 1618 :
1608 1599 1623 1614 α
1635 1589 1742 1625 Quum
1752 1597 1810 1629 pro
1820 1589 1923 1629 patria
1933 1588 2116 1628 militarem,
2127 1597 2186 1630 pe·

1134 1642 1234 1674 ricula
1249 1643 1404 1683 sustinui,
1417 1645 1450 1677 et
1464 1645 1594 1685 quidem
1613 1654 1701 1678 nunc
1717 1647 1749 1678 in
1762 1647 1858 1679 amici
1874 1648 2007 1688 gratiam
2022 1671 2031 1688 ,
2054 1656 2095 1679 ne
2116 1648 2186 1680 offi-

1133 1700 1220 1733 cium
1235 1701 1393 1743 deseram,
1407 1703 1564 1736 sustinere
1576 1713 1642 1736 non
1654 1704 1789 1737 verebor
1804 1718 1820 1734 »ι
1836 1706 1912 1746 (111,
1929 1708 1968 1739 24
1979 1707 2003 1747 ).
2018 1698 2185 1746 Ejusmodi

1132 1761 1241 1793 tamen
1257 1762 1306 1793 vir
1320 1771 1385 1794 non
1403 1762 1515 1804 effugit
1533 1763 1705 1796 maledicta
1720 1765 1752 1797 et
1767 1767 1947 1798 scommata
1967 1766 2184 1807 comicorum,

1133 1818 1217 1852 inter
1231 1829 1312 1860 quos
1321 1821 1547 1863 Theopompus
1562 1835 1571 1855 ε

1204 1897 1304 1924 Unum
1317 1897 1471 1926 enimvero
1481 1905 1520 1927 ne
1533 1900 1631 1928 unum
1647 1899 1771 1935 quidem
1786 1901 1846 1933 est:

1203 1944 1268 1971 Imo
1281 1943 1342 1971 duo
1355 1943 1402 1972 vix
1413 1946 1484 1973 sunt
1495 1952 1608 1981 unum,
1628 1944 1711 1981 quod
1723 1946 1816 1975 sentit
1830 1946 1927 1974 Plato.

1133 2019 1291 2052 Praeterea
1304 2020 1545 2053 Anaxandrides
1558 2034 1566 2053 ι

1203 2095 1305 2129 Quum
1317 2094 1482 2124 devorabat
1495 2095 1584 2129 oleas,
1601 2098 1636 2125 ut
1651 2096 1727 2125 solet
1739 2097 1837 2127 Plato.

1132 2170 1171 2201 Et
1184 2170 1298 2202 Timon
1311 2170 1352 2202 ad
1365 2180 1480 2204 nomen
1496 2172 1641 2205 alludens
1657 2181 1666 2204 ι

1201 2242 1238 2269 Ut
1251 2240 1380 2269 conficta
1393 2240 1479 2269 Plato
1491 2243 1606 2271 astutus
1619 2242 1762 2271 miracula
1774 2241 1870 2273 finxit.

1131 2305 1210 2336 ltem
1227 2304 1354 2337 Alexis:

1201 2380 1231 2407 in
1246 2381 1382 2416 tempore
1395 2380 1460 2416 ipso
1473 2381 1578 2409 venisti
1599 2390 1607 2408 =
1622 2388 1678 2417 ego
1694 2389 1764 2410 nam
1775 2382 1881 2411 consili

1201 2427 1290 2464 inops
1302 2436 1420 2456 sursum
1433 2428 1573 2457 deorsum
1586 2429 1715 2465 spatians
1726 2450 1734 2463 ‚
1752 2432 1786 2458 ut
1802 2430 1899 2466 Plato,

1201 2475 1245 2503 nil
1256 2474 1339 2504 docti
1351 2475 1467 2512 inveni,
1481 2475 1533 2505 sed
1546 2476 1649 2506 laboro
1662 2477 1812 2507 cruribus.

1132 2554 1173 2586 Et
1189 2553 1304 2585 iterum
1324 2564 1332 2585 ε

1203 2629 1345 2666 Loqueris
1354 2628 1392 2659 dc
1405 2630 1507 2667 quibu’
1519 2630 1562 2658 nil
1571 2630 1660 2663 nosti,
1675 2629 1763 2667 plane
1779 2630 1926 2659 cursitans

1203 2676 1338 2705 Platonis
1350 2677 1444 2705 instar
1457 2686 1466 2710 ς
1479 2683 1592 2713 caepam
1606 2683 1711 2706 nosces
1721 2679 1753 2706 et
1770 2677 1896 2706 nitrum.

1132 2748 1265 2789 Amphis
1279 2748 1310 2779 in
1325 2748 1530 2788 Amphicrate
1547 2757 1556 2778 :

1204 2817 1295 2853 Atqui
1309 2816 1424 2845 bonum
1439 2816 1514 2844 illud
1527 2816 1609 2853 quod
1622 2816 1754 2845 nancisci
1769 2817 1881 2852 cogitas

1205 2865 1234 2892 te
1247 2871 1332 2900 posse
1343 2865 1468 2899 propter
1483 2862 1571 2892 hanc,
1590 2862 1622 2890 id
1638 2869 1703 2898 ego,
1717 2862 1799 2896 here.
1811 2863 1906 2892 minu’
1918 2863 1980 2892 scio

1203 2909 1336 2938 Platonis
1349 2908 1426 2936 istud
1437 2915 1526 2944 quam
1543 2908 1658 2936 bonum
1678 2909 1689 2944 (
1704 2910 1754 2942 111,
1770 2909 1836 2943 27).

1133 2987 1224 3019 Plato
1249 2994 1323 3027 quae
1353 2985 1520 3017 assecutus
1547 2985 1580 3017 et
1604 2984 1712 3016 animo
1738 2985 1925 3026 complexus
1951 2984 2026 3025 fuit,
2052 2986 2181 3024 asserit,

1132 3053 1210 3085 falsa
1229 3052 1366 3092 refutat,
1388 3051 1429 3083 de
1447 3051 1577 3083 incertis
1601 3049 1733 3083 definire
1757 3050 1954 3091 supersedet.
1978 3053 2027 3083 De
2054 3051 2092 3083 iis
2107 3060 2180 3092 quoe

1131 3118 1307 3160 approbat,
1324 3127 1380 3159 per
1396 3118 1551 3158 quattuor
1566 3125 1718 3158 personas
1740 3117 1931 3149 sententiam
1944 3125 2035 3149 suam
2052 3117 2155 3157 prodit
2170 3141 2178 3156 ‚

1131 3194 1246 3226 nempe
1259 3185 1442 3224 Socratem,
1456 3186 1616 3217 Timaeum
1628 3208 1638 3224 ,
1656 3183 1881 3216 Atheniensem
1900 3183 2056 3223 hospitem
2073 3183 2105 3214 et
2120 3191 2177 3214 ex-

1130 3255 1237 3286 terum
1251 3253 1394 3285 Eleatem
1407 3252 1418 3294 (
1431 3255 1472 3285 D.
1489 3255 1549 3293 111,
1571 3257 1609 3285 52
1625 3254 1647 3293 ).
1673 3252 1839 3285 Mendacio
1854 3260 1932 3284 vero
1951 3251 2112 3283 convictos
2126 3251 2177 3283 in-

1129 3322 1219 3354 ducit
1239 3321 1514 3363 Thrasymachum
1524 3346 1533 3361 ,
1551 3321 1714 3354 Calliclem
1727 3344 1736 3361 ‚
1751 3320 1866 3353 Polum
1884 3319 1916 3351 et
1929 3317 2089 3357 Gorgiam.
2104 3316 2178 3347 Ani-

1130 3397 1220 3422 mum
1241 3388 1368 3422 dicebat
1380 3387 1574 3429 principium
1586 3387 1634 3419 sui
1657 3385 1774 3418 habere
1789 3382 2023 3416 arithmeticam
2036 3403 2045 3419 ‚
2063 3387 2178 3419 corpus
