2326 3724
907 166 1132 208 NONNOSI
1163 160 1505 204 FRAGMENTA.

127 271 334 324 περιέχοντα
352 266 442 305 ὥστε
457 263 669 304 ὁπλίσασθαι
686 260 789 299 αὐτὸν
804 257 896 297 κατὰ
917 256 1087 302 Κωάδου,
1108 258 1172 307 βα·

128 329 250 372 σιλέως
271 328 434 379 Περσῶν,
461 323 522 362 καὶ
549 321 613 368 τὴν
633 318 897 366 πλησιάζουσαν
927 315 1023 367 αὐτῷ
1052 312 1174 366 χώραν

128 388 299 427 ἀπολέσαι
317 384 378 424 καὶ
397 386 457 422 τοῦ
477 383 600 421 λοιποῦ
622 377 749 430 μηκέτι
770 375 1005 426 συνάλλαγμα
1031 375 1177 419 ποιῆσαι

131 447 209 499 μετ’
230 448 335 485 αὐτοῦ
346 475 357 496 ,
373 441 465 482 ἀλλὰ
482 442 526 480 δι’
544 435 585 488 ἧς
601 437 749 482 ὑπέταξε
767 435 887 489 χώρας
903 435 971 472 τῶν
987 431 1178 483 Ἀμεριτῶν

129 506 249 546 Ἰνδῶν
269 502 327 542 διὰ
351 505 411 540 τοῦ
432 500 560 541 Νείλου
580 497 637 537 ἐπὶ
666 494 728 543 τὴν
759 494 937 546 Αἴγυπτον
960 493 994 530 ἐν
1015 490 1178 535 Ἀλεξαν-

130 563 226 616 δρεία
239 561 302 610 τὴν
321 558 567 615 πραγματείαν
587 558 775 596 ποιεῖσθαι.
799 552 872 594 Καὶ
892 551 1017 595 εὐθέως
1037 553 1054 589 ὁ
1078 552 1179 602 βασι-

129 606 351 668 λεὺς”ινδῶν
373 618 568 662 ’messam
590 614 816 669 (Ἐλεσεαᾶς
847 614 960 651 Phot.
991 619 1029 648 et
1047 611 1182 647 Theo-

134 685 251 734 phan.
267 695 308 732 p.
327 680 398 718 261
409 707 420 726 ,
440 677 480 731 ι)
495 679 550 716 ἐπ’
567 676 667 730 ὄψεσι
678 677 738 713 τοῦ
754 670 972 724 πρεσὸευτοῧ
987 667 1181 719 Ῥωμαίων

131 740 273 788 ἐκίνησε
283 739 436 789 πόλεμον
454 736 546 776 κατὰ
561 736 724 787 Περσῶν,
741 731 956 785 προπέμψας
971 727 1007 767 δὲ
1025 726 1103 772 τοὺς
1119 729 1182 765 ὑπ’

133 799 236 839 αὐτὸν
256 796 389 842 Ἰνδοὺς
420 793 667 848 Σαρακηνοὺς,
687 794 815 838 ἐπῆλθε
835 792 878 842 τῇ
898 789 1057 841 Περσικῇ
1082 786 1184 839 χώρᾳ

131 858 219 912 ὑπὲρ
239 857 447 908 Ῥωμαίων,
465 855 627 903 δηλώσας
646 855 696 906 τῷ
719 851 857 904 βασιλεῖ
880 850 1029 901 Περσῶν
1050 851 1111 886 τοῦ
1128 846 1186 885 δέ-

134 917 258 963 ξασθαι
283 915 342 955 τὸν
371 913 519 968 βασιλέα
536 912 655 953 Ἰνδῶν
672 912 894 957 πολεμοῦντα
918 908 1013 959 αὐτῷ
1043 905 1104 943 καὶ
1132 906 1188 943 ἐκ-

134 978 307 1030 πορθῆσαι
320 980 438 1013 πᾶσαν
453 972 516 1020 τὴν
531 971 589 1009 ὑπ’
602 972 707 1009 αὐτοῦ
724 965 998 1021 βασιλευομένην
1016 967 1097 1016 γῆν.
1115 962 1188 1003 Καὶ

134 1034 273 1073 πάντων
292 1032 399 1076 οὕτως
421 1029 640 1085 προὸάντων,
658 1031 675 1066 ὁ
693 1026 855 1080 βασιλεὺς
870 1026 991 1065 Ἰνδῶν
1008 1023 1188 1076 κρατήσας

135 1093 202 1141 τὴν
217 1092 371 1147 κεφαλὴν
389 1094 447 1130 τοῦ
459 1089 673 1143 πρεσὸευτοῦ
688 1085 897 1137 Ῥωμαίων,
915 1083 1074 1127 δεδωκὼς
1087 1081 1186 1135 εἰρή-

136 1169 198 1201 νης
218 1153 370 1207 φίλημα,
385 1149 556 1188 ἀπέλυσεν
575 1149 610 1186 ἐν
630 1148 745 1199 πολλῇ
766 1144 946 1199 θεραπείᾳ.
973 1142 1188 1195 Κατέπεμψε

137 1211 205 1266 γὰρ
233 1210 293 1250 καὶ
313 1208 445 1262 σάκρας
468 1206 526 1246 διὰ
545 1206 658 1246 Ἰνδοῦ
689 1203 906 1257 πρεσὸευτοῧ
929 1202 987 1240 καὶ
1017 1203 1111 1254 δῶρα
1141 1203 1191 1253 τῷ

140 1270 278 1324 βασιλεῖ
295 1267 507 1319 Ῥωμαίων.

557 1354 775 1369 ——w—

413 1442 586 1480 Pnonus
609 1440 716 1478 BlssL.
740 1453 828 1477 con.
855 1440 875 1476 3
903 1453 910 1475 :

194 1539 408 1592 Ἀνεγνώσθη
429 1538 606 1579 Νοννόσου
632 1537 768 1590 ἱστορία
785 1554 792 1561 ·
819 1538 855 1575 ἐν
873 1531 897 1587 ἦ
913 1536 1193 1588 διαλαμὸάνεται

141 1599 311 1654 πρεσὸεία
334 1600 439 1638 αὑτοῦ
468 1598 554 1651 πρός
580 1613 619 1636 τε
642 1596 817 1640 Αἰθίοπας
837 1595 899 1634 καὶ
925 1595 1109 1648 Ἀμερίτας
1132 1596 1192 1634 καὶ

145 1657 372 1712 Σαρακηνοὺς
388 1656 433 1696 τὰ
450 1657 661 1710 ἰσχυρότερα
678 1658 749 1694 τῶν
768 1656 846 1694 τότε
868 1657 989 1703 ἐθνῶν,
1007 1654 1057 1694 ἔτι
1076 1655 1112 1694 δὲ
1132 1655 1193 1694 καὶ

144 1717 230 1771 πρὸς
239 1717 331 1756 ἄλλα
343 1716 533 1755 ἀνατολικὰ
547 1714 638 1763 ἔθνη.
655 1714 895 1758 Ἰουστινιανὸς
906 1712 942 1752 δὲ
952 1714 992 1752 τὸ
1001 1718 1194 1762 τηνικαῦτα

143 1776 206 1823 τὴν
225 1774 433 1827 Ῥωμαϊκὴν
461 1779 617 1827 περιεῖπε
649 1772 828 1812 πολιτείαν
845 1789 852 1797 ·
874 1773 1050 1826 φύλαρχος
1068 1773 1104 1812 δὲ
1125 1776 1193 1813 τῶν

146 1836 364 1888 Σαρακηνῶν
379 1834 592 1886 ἐχρημάτιζε
617 1832 767 1880 Κάϊσος,
785 1832 953 1883 ἀπόγονος
973 1832 1116 1885 Ἀρέθα,
1135 1832 1195 1871 καὶ

147 1895 252 1933 αὐτοῦ
269 1893 447 1946 φυλάρχου
459 1891 712 1944 γεγενημένου,
726 1890 811 1944 πρὸς
823 1890 859 1929 δν
877 1894 894 1929 ὁ
910 1891 1087 1930 Νοννόσου
1101 1891 1196 1930 πάπ-

147 1968 210 1997 πος
223 1951 494 2006 ἐπρεσὸεύσατο,
506 1950 604 2004 παρὰ
615 1950 844 1992 Ἀναστασίου
859 1950 935 1989 τότε
953 1949 1196 2002 βασιλεύοντος

149 2010 380 2061 ἀποσταλεὶς,
397 2010 458 2048 καὶ
484 2009 528 2048 τὰ
557 2010 643 2063 πρὸς
661 2009 798 2062 εἰρήνην
820 2009 1023 2049 ἐσπείσατο.
1051 2011 1106 2049 Οὖ
1127 2010 1197 2060 μὴν

149 2070 242 2108 ἀλλὰ
270 2069 331 2108 καὶ
359 2072 377 2108 ὁ
405 2068 523 2120 πατὴρ
554 2068 727 2109 Νοννόσου
754 2067 954 2121 (Ἀδράμης
983 2069 1012 2106 δ’
1034 2063 1075 2115 ἦν
1105 2071 1199 2122 αὐτῷ

150 2128 260 2179 ὄνομα
282 2130 293 2178 )
337 2127 424 2180 πρὸς
458 2126 737 2179 Ἀλαμούνδαρον
769 2127 948 2179 φύλαρχον
981 2129 1199 2180 Σαρακηνῶν

151 2185 430 2239 ἐπρεσὸεύσατο,
447 2185 508 2224 καὶ
534 2185 594 2224 δύο
614 2184 831 2238 στρατηγοὺς
856 2184 1062 2235 Ῥωμαίων,
1082 2187 1115 2224 Τ
1119 2185 1199 2235 ιμό-

151 2261 300 2299 στρατον
323 2244 383 2284 καὶ
401 2244 581 2292 Ἰωάννην,
610 2244 707 2296 νόμῳ
734 2243 891 2295 πολέμου
921 2244 1200 2297 συλληφθέντας,

193 2357 291 2390 Lecta
306 2358 355 2389 est
368 2358 510 2390 Nonnosi
533 2356 682 2396 historia,
698 2365 765 2397 qua
783 2356 976 2397 legationem
998 2365 1091 2389 suam
1110 2366 1202 2389 com-

152 2410 304 2451 plectitur
326 2410 368 2442 ad
384 2410 552 2451 AEthiopas
567 2412 599 2442 et
616 2410 798 2442 Homeritas
816 2411 916 2450 atque
937 2411 1114 2442 Saracenos
1130 2418 1202 2442 sus-

153 2463 299 2504 ceptam,
331 2463 467 2504 populos
497 2464 568 2494 tum
594 2462 852 2503 potentissimos,
877 2463 911 2494 et
946 2462 987 2494 ad
1021 2462 1099 2494 alias
1127 2462 1205 2495 item

153 2515 294 2548 Orientis
310 2516 428 2556 gentes.
447 2515 649 2547 Justinianus
662 2516 846 2546 Romanum
863 2515 934 2546 tum
961 2514 1134 2555 imperium
1152 2516 1204 2547 te-

156 2566 265 2599 nebat.
285 2567 464 2599 Praefectus
479 2574 558 2598 vero
579 2568 811 2598 Saracenorum
832 2566 946 2598 Caisus
963 2568 1051 2606 erat,
1078 2567 1207 2599 Arethae

158 2620 398 2661 (Al-Hareth)
424 2629 525 2660 nepos
555 2630 562 2650 :
591 2620 647 2660 qui
672 2621 704 2652 et
731 2620 799 2661 ipse
823 2620 996 2661 praefectus
1021 2621 1143 2660 fuerat,
1166 2621 1207 2652 ad

156 2681 254 2712 quem
264 2671 405 2704 Nonnosi
420 2680 501 2703 avus
513 2671 555 2703 ab
572 2672 740 2703 Anastasio
757 2671 950 2712 imperatore
964 2672 1089 2712 legatus
1105 2673 1209 2704 fuerat

157 2726 190 2757 et
199 2726 285 2765 pacis
293 2724 412 2756 soedera
419 2733 475 2756 san
481 2726 581 2757 xerat.
591 2724 674 2763 Quin
686 2726 718 2756 et
729 2724 871 2757 Nonnosi
881 2727 984 2765 pater,
993 2725 1042 2757 cui
1056 2726 1207 2758 Abramae

158 2784 276 2808 nomen
285 2800 294 2815 ,
306 2775 345 2807 ad
357 2776 608 2808 Alamundarum
618 2800 626 2816 ‚
639 2776 827 2817 praefectum
839 2779 1088 2817 Saracenorum,
1099 2778 1209 2809 orator

159 2827 331 2867 aliquando
350 2827 533 2867 profectus,
550 2827 633 2859 duos
652 2830 873 2860 Romanorum
890 2827 1008 2868 duces,
1029 2829 1208 2861 Timostra-

159 2881 232 2911 tum
245 2880 277 2912 et
290 2881 446 2911 Joannem
457 2904 466 2919 ,
482 2880 559 2912 belli
578 2880 650 2920 jure
672 2882 800 2921 captos,
813 2890 877 2913 una
898 2881 1062 2920 liberavit,
1083 2884 1101 2914 J
1106 2882 1210 2914 ustino

159 2930 344 2971 imperatori
372 2930 406 2962 in
431 2930 569 2963 ducibus
596 2932 645 2964 liis
671 2931 843 2964 liberandis
869 2931 1082 2964 subserviens.
1110 2935 1210 2965 Porro

161 2982 293 3022 Caisus,
310 2981 352 3013 ad
367 2991 466 3022 quem
482 2984 651 3015 Nonnosus
677 2984 810 3022 missus,
828 2983 953 3016 duabus
978 2986 1115 3025 praeerat
1136 2994 1210 3024 gen-

160 3034 248 3066 tibus
260 3034 345 3075 apud
361 3037 536 3066 Saracenos
548 3035 745 3074 clarissimis,
761 3036 937 3068 Cliindenis
948 3036 958 3076 (
969 3036 1088 3068 Kende
1100 3037 1189 3068 arab.
1202 3038 1212 3076 )

163 3087 195 3118 et
223 3085 398 3118 Maadenis.
425 3085 474 3118 Ad
499 3095 595 3126 quem
624 3087 728 3128 ipsum
755 3087 887 3120 Caisum
916 3088 1058 3120 Nonnosi
1082 3098 1213 3129 quoque

164 3139 266 3178 pater,
278 3138 450 3178 antequam
466 3137 538 3170 haec
553 3140 705 3170 Nonnoso
718 3139 836 3178 legatio
847 3139 1067 3180 mandaretur,
1082 3149 1100 3171 a
1116 3141 1212 3172 Justi-

165 3188 261 3220 niano
284 3189 401 3220 missus
422 3191 486 3229 est,
511 3189 661 3230 pacisque
686 3190 804 3222 foedera
821 3190 866 3222 ita
889 3191 1049 3230 instituit,
1072 3194 1109 3223 ut
1127 3192 1214 3224 Caisi

167 3240 268 3271 filium
278 3263 287 3280 ‚
301 3239 440 3271 Maviam
457 3241 586 3273 nomine
597 3265 606 3281 ‚
621 3241 766 3274 obsidem
780 3242 961 3283 acceperit,
974 3245 1006 3274 et
1025 3244 1213 3283 Byzantium

168 3292 452 3324 adaustinianum
474 3293 656 3325 adduxerit.
683 3295 756 3326 Post
780 3303 877 3334 quem
894 3294 1016 3335 duplici
1042 3298 1214 3328 Nonnosus

171 3344 298 3375 nomine
320 3343 441 3384 legatus
454 3344 569 3377 missus
584 3347 631 3377 est
650 3359 657 3377 :
673 3347 709 3377 ut
726 3346 856 3378 Caisum
870 3370 878 3385 ,
897 3347 923 3378 si
945 3348 1071 3387 posset,
1089 3347 1130 3379 ad
1146 3348 1208 3379 im-

172 3396 350 3435 peratorem
378 3395 571 3437 adduceret,
601 3399 632 3430 et
658 3397 698 3428 ad
725 3398 974 3430 Auxumitarum
1000 3407 1125 3440 regem,
1159 3400 1210 3431 cui

2219 158 2290 191 179

1244 247 1459 294 ἀνεσώσατο,
1473 244 1650 297 Ἰουστίνῳ
1665 243 1701 282 δὲ
1712 247 1762 297 τῷ
1780 244 1917 294 βασιλεῖ
1926 242 1988 289 τὴν
2003 244 2071 280 τῶν
2087 243 2291 294 στρατηγῶν

1239 309 1432 355 διηκονεῖτο
1446 304 1649 357 ἀνάρρυσιν.
1663 302 1709 342 ‘O
1723 302 1840 353 μέντοι
1859 302 2007 349 Κοίϊσος,
2024 301 2109 353 πρὸς
2125 300 2161 339 ὃν
2178 299 2293 338 ἐστέλ-

1239 370 1319 407 λετο
1338 365 1532 411 Νόννοσος,
1554 362 1626 401 δύω
1641 363 1750 414 γενῶν
1770 363 1891 412 ἠγεῖτο
1910 363 1978 399 τῶν
2002 359 2099 411 παρὰ
2129 360 2198 403 τοῖς
2219 361 2294 398 Σα-

1244 427 1405 479 ρακηνοῖς
1438 420 1728 472 ἐπισημοτάτων,
1762 419 1943 465 Χινδηνῶν
1978 418 2037 457 καὶ
2073 419 2292 464 Μααδηνῶν.

1245 484 1338 538 Πρὸς
1353 486 1474 522 τοῦτον
1491 480 1533 528 δὴ
1547 480 1604 518 τὸν
1621 479 1755 519 Κάϊσον
1770 478 1830 517 κα)ι
1847 481 1865 517 ὁ
1883 477 2056 517 Νοννόσου
2070 476 2202 528 πατὴρ,
2215 477 2295 528 πρὶν

1243 543 1265 590 ἢ
1287 541 1463 583 Νόννοσον
1483 538 1690 593 πρεσὸεύειν
1712 539 1911 588 αἱρεθῆναι,
1931 536 2184 575 Ἰουστινιανοῧ
2204 534 2296 585 πέμ-

1244 615 1385 652 ποντος,
1403 599 1618 646 ἀπέσταλτο,
1634 596 1694 636 καὶ
1712 594 1888 649 εἰρηνικὰς
1901 594 1997 633 ἔθετο
2015 593 2166 636 σπονδάς
2181 609 2189 617 ·
2207 591 2296 630 ὥστε

1246 659 1306 698 καὶ
1325 659 1383 698 τὸν
1403 657 1476 696 υἱὸν
1494 653 1632 697 Καίσου
1648 654 1816 708 (Μαυίας
1836 653 1873 692 δὲ
1894 652 2074 704 ἐκαλεῖτο)
2097 651 2214 703 ὅμηρα
2232 652 2299 689 λα-

1246 719 1332 766 ὅεῖν,
1351 717 1411 756 καὶ
1429 716 1515 770 πρὸς
1535 714 1781 755 Ἰουστινιανὸν
1805 715 1838 756 ἐς
1859 711 2050 757 Βυζάντιον
2070 709 2299 760 ἀποκομίσαι.

1247 778 1336 818 Μεθ’
1355 777 1393 816 ὃν
1411 776 1534 829 χρόνον
1555 773 1818 827 ἐπρεσὸεύσατο
1846 772 2019 814 Νόννοσος
2043 769 2101 808 ἐπὶ
2120 768 2196 807 δυσὶ
2217 768 2301 807 τού-

1247 852 1335 885 τοις,
1363 836 1515 886 Κάϊσον,
1543 835 1573 872 εἷ
1591 832 1750 880 δυνατὸν,
1775 830 1859 883 πρὸς
1888 828 2036 883 βασιλέα
2058 828 2222 880 ἀγαγεῖν,
2243 827 2303 866 καὶ

1249 895 1334 947 πρὸς
1353 895 1412 933 τὸν
1437 896 1506 932 τῶν
1532 893 1758 942 Αὐξουμιτῶν
1784 884 1969 941 ἀφικέσθαι
1999 887 2163 940 βασιλέα·
2194 887 2303 926 Ἐλε-

1251 955 1362 998 σὸαᾶς
1381 953 1417 992 δὲ
1437 953 1515 992 τότε
1533 951 1672 1004 ἐκράτει
1687 954 1746 988 τοῦ
1762 948 1876 992 ἔθνους
1889 964 1896 971 ·
1918 947 1978 986 καὶ
1995 947 2080 999 πρὸς
2100 947 2231 990 τούτοις
2245 946 2305 984 καὶ

1251 1016 1297 1057 εἷς
1313 1013 1390 1057 τοὺς
1404 1013 1438 1052 Ἀ
1446 1012 1589 1065 μερίτας
1603 1008 1877 1062 παραγενέσθαι.
1899 1007 1945 1047 ἹΙ
1964 1005 2000 1045 δὲ
2012 1005 2186 1055 Αὔξουμις
2206 1004 2306 1048 πόλις

1252 1072 1324 1111 ἐστὶ
1339 1071 1486 1124 μεγίστη
1514 1071 1574 1110 καὶ
1601 1063 1671 1109 οἷον
1691 1067 1906 1121 μητρόπολις
1928 1069 1988 1114 τῆς
2006 1064 2088 1112 ὅλης
2109 1064 2305 1108 Αἰθιοπίας·

1251 1136 1364 1169 κεῖται
1379 1129 1415 1169 δὲ
1432 1127 1752 1180 μεσημὸρινωτέρα
1769 1125 1830 1164 καὶ
1846 1123 2128 1177 ἀνατολικωτέρα
2145 1122 2306 1170 τ’ἧςῬω-

1253 1189 1368 1240 μαίων
1389 1191 1514 1242 ἀρχῆς.
1576 1187 1620 1227 Ὁ
1639 1186 1674 1225 δὲ
1692 1185 1864 1228 Νόννοσος
1882 1183 2014 1227 πολλὰς
2035 1183 2097 1234 μὲν
2119 1182 2308 1226 ἐπιὸουλὰς

1255 1251 1360 1288 ἐθνῶν
1385 1247 1559 1295 ὑποστὰς,
1586 1245 1720 1290 πολλὰς
1737 1244 1773 1284 δὲ
1793 1244 1922 1298 θηρίων
1947 1243 2193 1296 χαλεπότητας
2210 1242 2309 1293 παρὰ

1254 1307 1317 1355 τὴν
1334 1308 1428 1358 ὁδὸν,
1448 1306 1510 1346 καὶ
1526 1308 1672 1349 πολλαῖς
1690 1303 1898 1357 δυσχωρίαις
1915 1302 1976 1341 καὶ
1993 1301 2155 1353 ἀπορίαις
2176 1302 2310 1340 πολλά-

1254 1383 1306 1411 κις
1332 1364 1554 1418 περιπεσὼν,
1577 1365 1672 1415 ὅμως
1701 1363 1761 1402 καὶ
1789 1361 1833 1400 τὰ
1864 1361 2010 1406 δόξαντα
2045 1359 2218 1404 ἐξετέλεσε
2249 1358 2310 1398 καὶ

1256 1428 1343 1469 σῶος
1359 1428 1402 1478 τῇ
1419 1424 1560 1477 πατρίδι
1579 1423 1796 1462 ἀποδίδοται.

1308 1483 1395 1524 “Ort
1411 1483 1566 1534 Κάϊσος,
1586 1482 1765 1534 Ἀὅράμου
1784 1480 1891 1518 πάλιν
1911 1479 1995 1532 πρὸς
2013 1478 2115 1516 αὐτὸν
2134 1475 2311 1530 πρεσῧεύ-

1257 1558 1398 1590 σαντος,
1413 1541 1500 1594 πρὸς
1520 1541 1559 1580 τὸ
1579 1541 1767 1586 Βυζάντιον
1786 1538 2041 1590 παραγίνεται,
2059 1536 2119 1575 καὶ
2140 1535 2202 1583 τὴν
2221 1535 2311 1574 ἰδίαν

1257 1601 1454 1654 φυλαρχίαν
1473 1599 1622 1653 Ἄμὸρῳ
1651 1598 1712 1637 καὶ
1744 1597 1876 1650 Ἰεζίδῳ
1907 1602 1977 1640 τοῖς
1998 1597 2160 1649 ἀδελφοῖς
2180 1595 2312 1632 διανει-

1260 1661 1432 1711 μάμενος,
1452 1659 1554 1703 αὐτὸς
1570 1658 1634 1706 τὴν
1656 1659 1906 1698 Παλαιστινῶν
1927 1655 2117 1708 ἡγεμονίαν
2131 1653 2230 1707 παρὰ
2249 1657 2313 1706 βα-

1258 1718 1381 1762 σιλέως
1397 1717 1554 1763 ἐδέξατο,
1568 1719 1699 1764 πλῆθος
1716 1715 1807 1755 πολὺ
1825 1718 1894 1754 τῶν
1912 1713 2202 1764 ὒποτεταγμένων
2218 1715 2312 1766 αὑτῷ

1259 1777 1319 1816 σὺν
1339 1779 1432 1830 αὑτῷ
1453 1776 1680 1828 ἐπαγόμενος.

1311 1835 1397 1876 ’Ότι
1423 1836 1468 1874 τὰ
1501 1836 1693 1882 σανδάλια,
1720 1835 1828 1887 φησὶ,
1858 1833 1930 1872 νυνὶ
1960 1833 2135 1884 λεγόμενα
2158 1831 2315 1884 ἀρὸύλας

1259 1894 1379 1946 ἔλεγον
1398 1897 1429 1933 οἱ
1448 1894 1612 1942 παλαιοὶ,
1629 1892 1690 1932 καὶ
1706 1893 1745 1931 τὸ
1765 1892 1944 1946 φακιόλιον
1966 1891 2141 1945 φασώλιν.

1313 1951 1401 1992 “Ort
1421 1955 1489 1990 τῶν
1511 1953 1731 2003 Σαρακηνῶν
1750 1954 1780 1990 οἱ
1798 1953 1979 2000 πλεῖστοι,
2001 1948 2086 1987 οἵτε
2102 1950 2136 1987 ἐν
2157 1951 2205 2000 τῷ
2225 1950 2315 1988 Φοι-

1260 2015 1378 2050 νικῶνι
1403 2011 1463 2049 καὶ
1488 2013 1521 2050 οἱ
1539 2014 1599 2050 τοῦ
1623 2013 1839 2054 Φοινικῶνος
1869 2010 1929 2048 καὶ
1952 2011 2022 2047 τῶν
2048 2007 2315 2058 ὀνομαζομένων

1262 2072 1458 2124 Ταυρηνῶν
1488 2072 1576 2121 ὀρῶν
1610 2070 1771 2108 ἐπέκεινα
1786 2100 1796 2120 ,
1817 2069 1908 2121 ἱερόν
1930 2085 1962 2106 τι
1993 2067 2122 2120 χωρίον
2153 2066 2316 2116 νομίζου-

1262 2144 1316 2166 σιν
1338 2128 1451 2180 ὂτῳδὴ
1480 2130 1565 2166 θεῶν
1594 2128 1787 2177 ἀνειμένον,
1814 2127 1874 2165 καὶ
1908 2129 2057 2165 ἐνταῦθα
2088 2125 2316 2175 συλλέγονται

1263 2188 1342 2224 κατ’
1357 2185 1512 2224 ἐνιαυτὸν
1528 2185 1675 2224 ἕκαστον
1693 2185 1741 2229 δίς
1754 2201 1762 2209 ·
1777 2179 1824 2224 ῶν
1840 2184 1903 2232 τὴν
1921 2184 1983 2235 μὲν
1998 2187 2066 2223 τῶν
2085 2183 2316 2235 πανηγύρεων

1264 2245 1378 2283 αὐτῶν
1409 2243 1479 2295 μὴν
1498 2241 1576 2288 ὅλος
1606 2246 1727 2296 μετρεῖ
1744 2243 1978 2296 παρατείνων,
2006 2242 2129 2295 σχεδόν
2159 2258 2225 2281 που
2258 2245 2319 2280 τοῦ

1271 2357 1356 2398 genti
1377 2357 1526 2389 Elesbaas
1544 2360 1623 2389 tunc
1639 2358 1795 2398 praeerat,
1811 2357 1955 2396 itemque
1970 2355 2011 2387 ad
2027 2355 2208 2388 Homeritas
2221 2355 2320 2396 profi-

1265 2410 1449 2441 cisceretur.
1460 2409 1617 2441 Auxumis
1628 2417 1802 2450 permagna
1811 2408 1859 2440 est
1870 2407 1995 2447 civitas,
2004 2410 2036 2439 et
2047 2407 2138 2448 quasi
2149 2407 2321 2448 AEthiopiae

1264 2463 1363 2496 totius
1386 2463 1572 2504 metropolis
1584 2487 1593 2503 ,
1606 2463 1707 2503 magis
1723 2462 1764 2494 ad
1778 2461 1944 2494 meridiem
1960 2462 1993 2493 et
2015 2461 2172 2493 orientem
2186 2470 2322 2502 vergens

1266 2523 1363 2555 quam
1389 2516 1571 2547 Romanum
1589 2514 1774 2555 imperium.
1801 2516 1973 2546 Nonnosus
1992 2521 2087 2550 vero,
2105 2513 2217 2545 multis
2243 2522 2320 2554 gen-

1265 2567 1349 2599 tium
1378 2566 1536 2607 superatis
1554 2566 1677 2598 insidiis
1703 2566 1912 2606 ferarumque
1940 2565 2090 2606 periculis
2116 2567 2233 2606 praeter
2261 2567 2322 2598 via}

1268 2618 1477 2650 incommoda
1506 2618 1676 2659 multaque
1706 2618 1906 2656 discrimina,
1938 2618 1970 2648 in
2000 2625 2073 2658 quae
2101 2625 2322 2658 saepenumero

1269 2670 1400 2709 incidit,
1419 2672 1528 2702 tamen
1557 2679 1631 2710 quae
1654 2670 1756 2701 voluit
1782 2669 1933 2710 perfecit,
1957 2673 1989 2701 et
2010 2669 2118 2700 salvus
2137 2671 2185 2701 est
2211 2671 2322 2710 patriae

1270 2723 1424 2755 redditus.

1311 2776 1445 2809 Caisum
1467 2777 1583 2816 refert,
1601 2776 1698 2808 misso
1721 2776 1838 2808 iterum
1864 2776 2003 2808 Abramo
2025 2776 2065 2808 ad
2091 2777 2183 2809 illum
2200 2777 2321 2817 legato.

1270 2828 1458 2869 Byzantium
1476 2828 1656 2868 profectum
1673 2837 1760 2868 esse,
1780 2837 1941 2868 suamque
1956 2829 2184 2868 praefecturam
2201 2829 2321 2862 Ambro

1270 2881 1302 2912 et
1323 2880 1428 2912 lezido
1447 2879 1597 2911 fratribus
1623 2879 1788 2920 divisisse3
1812 2879 1916 2920 ipsum
1940 2889 2016 2912 vero
2040 2881 2219 2913 Palaestinae
2242 2890 2322 2922 prae-

1272 2934 1427 2965 fecturam
1442 2934 1482 2965 ab
1496 2934 1691 2974 imperatore
1704 2934 1992 2966 administrandam
2006 2935 2181 2975 suscepisse
2191 2959 2199 2974 ,
2220 2934 2322 2965 inlini·

1271 2986 1403 3025 tamque
1414 2985 1580 3017 hominum
1592 2985 1794 3017 subditorum
1805 2995 1914 3017 secum
1926 2986 2169 3018 multitudinem
2182 2985 2321 3017 duxisse.

1314 3040 1394 3075 Quae
1408 3046 1494 3068 nunc
1508 3037 1660 3068 σανδάλια
1670 3037 1755 3069 dicta
1768 3062 1776 3076 ,
1788 3037 1920 3078 ἀρὸύλας
1932 3038 2105 3078 appellasse
2119 3039 2242 3069 veteres
2255 3038 2298 3069 ait
2312 3049 2320 3076 ;

1272 3090 1304 3121 et
1319 3090 1478 3130 φακιόλιον
1491 3091 1642 3130 φασώλιν.

1315 3143 1570 3180 Saracenorum,
1602 3142 1664 3181 ait,
1691 3142 1852 3182 plerique,
1880 3143 1947 3173 tam
1971 3142 2025 3182 qui
2051 3142 2082 3173 in
2109 3142 2320 3180 Phoenicone,

1273 3202 1371 3234 quam
1397 3194 1453 3234 qui
1479 3195 1565 3226 ultra
1586 3194 1813 3226 Phoeniconem
1830 3196 1862 3226 et
1877 3196 2042 3226 Taurenos
2055 3218 2063 3232 ‚
2081 3203 2162 3234 quos
2186 3195 2320 3230 vocant,

1274 3248 1399 3278 montes
1417 3246 1557 3286 degunt,
1580 3247 1686 3278 locum
1707 3247 1870 3287 quendam
1894 3255 1952 3287 pro
1967 3255 2057 3278 sacro
2074 3246 2192 3277 habent
2204 3269 2212 3284 ,
2227 3245 2321 3276 alicui

1274 3298 1408 3330 deorum
1449 3301 1671 3330 consecratum
1686 3323 1696 3339 ,
1733 3307 1798 3338 quo
1829 3298 1877 3329 bis
1911 3297 2082 3338 quotannis
2113 3297 2319 3327 conveniunt.

1275 3351 1400 3381 Horum
1428 3351 1648 3381 conventuum
1676 3350 1820 3389 ipsorum
1847 3350 1927 3380 alter
1956 3357 2096 3379 mensem
2120 3347 2216 3377 durat
2237 3347 2318 3377 inte-

1275 3409 1388 3442 grum,
1413 3401 1452 3432 ad
1470 3401 1613 3433 medium
1636 3402 1701 3433 fere
1723 3410 1789 3440 ver,
1817 3400 1945 3440 ‹piamio
1963 3400 2056 3431 Tauri
2083 3398 2206 3438 siguum
2223 3397 2268 3429 sol
2288 3397 2319 3429 in

2117 3459 2159 3486 12.
