<?xml version="1.0" encoding="UTF-8"?>
<!DOCTYPE html PUBLIC "-//W3C//DTD XHTML 1.0 Transitional//EN"
    "http://www.w3.org/TR/xhtml1/DTD/xhtml1-transitional.dtd">
<html xmlns="http://www.w3.org/1999/xhtml" xml:lang="en" lang="en">
 <head>
  <title>
</title>
<meta http-equiv="Content-Type" content="text/html;charset=utf-8" />
  <meta name='ocr-system' content='tesseract 3.04.00' />
  <meta name='ocr-capabilities' content='ocr_page ocr_carea ocr_par ocr_line ocrx_word'/>
</head>
<body>
  <div class='ocr_page' id='page_1' title='image "./fragmentahistori04mueluoft_0110.png"; bbox 0 0 2326 3724; ppageno 0'>
   <div class='ocr_carea' id='block_1_1' title="bbox 110 170 1379 240">
    <p class='ocr_par' dir='ltr' id='par_1_1' title="bbox 110 170 1379 240">
     <span class='ocr_line' id='line_1_1' title="bbox 110 170 1379 240; baseline 0.008 -9"><span class='ocrx_word' id='word_1_1' title='bbox 110 201 161 232; x_wconf 67' lang='lat' dir='ltr'>os</span> <span class='ocrx_word' id='word_1_2' title='bbox 228 170 231 172; x_wconf 68' lang='grc'><strong>’</strong></span> <span class='ocrx_word' id='word_1_3' title='bbox 979 198 1145 239; x_wconf 73' lang='lat' dir='ltr'>musci</span> <span class='ocrx_word' id='word_1_4' title='bbox 1173 199 1379 240; x_wconf 73' lang='lat' dir='ltr'><strong>PANITAE</strong></span> 
     </span>
    </p>
   </div>
   <div class='ocr_carea' id='block_1_2' title="bbox 105 279 1147 1679">
    <p class='ocr_par' dir='ltr' id='par_1_2' title="bbox 105 279 1147 1679">
     <span class='ocr_line' id='line_1_2' title="bbox 109 279 1146 336; baseline 0.006 -19.023"><span class='ocrx_word' id='word_1_5' title='bbox 109 279 205 326; x_wconf 85' lang='grc' dir='ltr'>ηνέσι</span> <span class='ocrx_word' id='word_1_6' title='bbox 227 282 417 334; x_wconf 73' lang='grc' dir='ltr'>μαλαχθεὶς</span> <span class='ocrx_word' id='word_1_7' title='bbox 438 283 623 333; x_wconf 77' lang='grc' dir='ltr'>φυλάττειν</span> <span class='ocrx_word' id='word_1_8' title='bbox 655 283 717 330; x_wconf 77' lang='grc' dir='ltr'>τὴν</span> <span class='ocrx_word' id='word_1_9' title='bbox 746 283 883 336; x_wconf 76' lang='grc' dir='ltr'>εἰρήνην</span> <span class='ocrx_word' id='word_1_10' title='bbox 908 285 970 326; x_wconf 79' lang='grc' dir='ltr'>ἐπὶ</span> <span class='ocrx_word' id='word_1_11' title='bbox 990 291 1064 329; x_wconf 81' lang='grc' dir='ltr'>ταῖς</span> <span class='ocrx_word' id='word_1_12' title='bbox 1085 288 1146 323; x_wconf 80' lang='grc' dir='ltr'>αὖ·</span> 
     </span>
     <span class='ocr_line' id='line_1_3' title="bbox 109 339 1146 397; baseline 0.006 -21"><span class='ocrx_word' id='word_1_13' title='bbox 109 345 184 382; x_wconf 90' lang='grc' dir='ltr'>ταῖς</span> <span class='ocrx_word' id='word_1_14' title='bbox 207 339 390 391; x_wconf 81' lang='grc' dir='ltr'>ἐπώμνυτο</span> <span class='ocrx_word' id='word_1_15' title='bbox 414 341 620 395; x_wconf 77' lang='grc' dir='ltr'>συνθήκαις,</span> <span class='ocrx_word' id='word_1_16' title='bbox 643 343 834 395; x_wconf 77' lang='grc' dir='ltr'>ἀναχωρεῖν</span> <span class='ocrx_word' id='word_1_17' title='bbox 864 343 899 380; x_wconf 83' lang='grc' dir='ltr'>δὲ</span> <span class='ocrx_word' id='word_1_18' title='bbox 928 343 986 381; x_wconf 77' lang='grc' dir='ltr'>καὶ</span> <span class='ocrx_word' id='word_1_19' title='bbox 1013 347 1073 390; x_wconf 76' lang='grc' dir='ltr'>τῆς</span> <span class='ocrx_word' id='word_1_20' title='bbox 1097 360 1146 397; x_wconf 85' lang='grc' dir='ltr'>τῳ</span> 
     </span>
     <span class='ocr_line' id='line_1_4' title="bbox 109 396 1146 469; baseline 0.005 -33.098"><span class='ocrx_word' id='word_1_21' title='bbox 109 396 258 469; x_wconf 50' lang='grc' dir='ltr'>3ζἸι-ῑτρῳ</span> <span class='ocrx_word' id='word_1_22' title='bbox 265 399 465 451; x_wconf 81' lang='grc' dir='ltr'>ὁριζομένης</span> <span class='ocrx_word' id='word_1_23' title='bbox 481 399 672 451; x_wconf 70' lang='grc' dir='ltr'>“Ρωμαίων</span> <span class='ocrx_word' id='word_1_24' title='bbox 700 404 763 452; x_wconf 83' lang='grc' dir='ltr'>γ’ῆς</span> <span class='ocrx_word' id='word_1_25' title='bbox 791 402 851 439; x_wconf 84' lang='grc' dir='ltr'>καὶ</span> <span class='ocrx_word' id='word_1_26' title='bbox 867 418 927 440; x_wconf 89' lang='grc' dir='ltr'>του</span> <span class='ocrx_word' id='word_1_27' title='bbox 951 402 1146 455; x_wconf 85' lang='grc' dir='ltr'>πράγματα</span> 
     </span>
     <span class='ocr_line' id='line_1_5' title="bbox 109 455 1146 512; baseline 0.005 -19"><span class='ocrx_word' id='word_1_28' title='bbox 109 455 160 494; x_wconf 83' lang='grc' dir='ltr'>ἔτι</span> <span class='ocrx_word' id='word_1_29' title='bbox 181 457 349 508; x_wconf 74' lang='grc' dir='ltr'>παρέχειν</span> <span class='ocrx_word' id='word_1_30' title='bbox 375 458 454 511; x_wconf 79' lang='grc' dir='ltr'>περὶ</span> <span class='ocrx_word' id='word_1_31' title='bbox 486 458 647 510; x_wconf 71' lang='grc' dir='ltr'>φυγάδων</span> <span class='ocrx_word' id='word_1_32' title='bbox 677 460 835 510; x_wconf 84' lang='grc' dir='ltr'>βασιλει,</span> <span class='ocrx_word' id='word_1_33' title='bbox 861 461 890 497; x_wconf 87' lang='grc' dir='ltr'>εἷ</span> <span class='ocrx_word' id='word_1_34' title='bbox 918 460 966 510; x_wconf 76' lang='grc' dir='ltr'>μή</span> <span class='ocrx_word' id='word_1_35' title='bbox 992 476 1031 512; x_wconf 89' lang='grc' dir='ltr'>γε</span> <span class='ocrx_word' id='word_1_36' title='bbox 1051 461 1146 500; x_wconf 85' lang='grc' dir='ltr'>Ῥω-</span> 
     </span>
     <span class='ocr_line' id='line_1_6' title="bbox 109 509 1146 570; baseline 0.006 -19"><span class='ocrx_word' id='word_1_37' title='bbox 109 515 205 562; x_wconf 82' lang='grc' dir='ltr'>μαῖοι</span> <span class='ocrx_word' id='word_1_38' title='bbox 219 509 339 558; x_wconf 68' lang='grc' dir='ltr'>αὐθις’</span> <span class='ocrx_word' id='word_1_39' title='bbox 326 515 461 568; x_wconf 74' lang='grc' dir='ltr'>ἐτέρους</span> <span class='ocrx_word' id='word_1_40' title='bbox 475 516 754 570; x_wconf 75' lang='grc' dir='ltr'>καταφεύγοντας</span> <span class='ocrx_word' id='word_1_41' title='bbox 766 520 852 570; x_wconf 85' lang='grc' dir='ltr'>παρ’</span> <span class='ocrx_word' id='word_1_42' title='bbox 868 519 973 556; x_wconf 79' lang='grc' dir='ltr'>αὐτοῦ</span> <span class='ocrx_word' id='word_1_43' title='bbox 988 519 1146 564; x_wconf 78' lang='grc' dir='ltr'>δέξοιντο.</span> 
     </span>
     <span class='ocr_line' id='line_1_7' title="bbox 110 572 1147 630; baseline 0.006 -20.088"><span class='ocrx_word' id='word_1_44' title='bbox 110 573 227 611; x_wconf 76' lang='grc' dir='ltr'>Ἧεοίει</span> <span class='ocrx_word' id='word_1_45' title='bbox 256 572 291 611; x_wconf 82' lang='grc' dir='ltr'>δὲ</span> <span class='ocrx_word' id='word_1_46' title='bbox 319 574 379 612; x_wconf 84' lang='grc' dir='ltr'>καὶ</span> <span class='ocrx_word' id='word_1_47' title='bbox 401 574 564 626; x_wconf 83' lang='grc' dir='ltr'>Βιγίλαν,</span> <span class='ocrx_word' id='word_1_48' title='bbox 592 575 654 618; x_wconf 84' lang='grc' dir='ltr'>τὰς</span> <span class='ocrx_word' id='word_1_49' title='bbox 685 576 898 621; x_wconf 76' lang='grc' dir='ltr'>πεντήκοντα</span> <span class='ocrx_word' id='word_1_50' title='bbox 927 581 986 614; x_wconf 77' lang='grc' dir='ltr'>τοῦ</span> <span class='ocrx_word' id='word_1_51' title='bbox 1016 582 1147 630; x_wconf 73' lang='grc' dir='ltr'>χρυσοῦ</span> 
     </span>
     <span class='ocr_line' id='line_1_8' title="bbox 107 630 1147 685; baseline 0.005 -18"><span class='ocrx_word' id='word_1_52' title='bbox 107 631 227 682; x_wconf 84' lang='grc' dir='ltr'>λίτρας</span> <span class='ocrx_word' id='word_1_53' title='bbox 254 630 434 681; x_wconf 83' lang='grc' dir='ltr'>δεξάμενος</span> <span class='ocrx_word' id='word_1_54' title='bbox 453 632 604 682; x_wconf 80' lang='grc' dir='ltr'>(ταύτας</span> <span class='ocrx_word' id='word_1_55' title='bbox 627 632 695 685; x_wconf 86' lang='grc' dir='ltr'>γὰρ</span> <span class='ocrx_word' id='word_1_56' title='bbox 711 635 804 685; x_wconf 83' lang='grc' dir='ltr'>αὐτῷ</span> <span class='ocrx_word' id='word_1_57' title='bbox 825 634 1018 684; x_wconf 81' lang='grc' dir='ltr'>ἐκεκομίκει</span> <span class='ocrx_word' id='word_1_58' title='bbox 1036 637 1053 672; x_wconf 85' lang='grc' dir='ltr'><strong><em>ὃ</em></strong></span> <span class='ocrx_word' id='word_1_59' title='bbox 1066 637 1147 679; x_wconf 81' lang='grc' dir='ltr'>παῖς</span> 
     </span>
     <span class='ocr_line' id='line_1_9' title="bbox 109 689 1147 744; baseline 0.004 -18"><span class='ocrx_word' id='word_1_60' title='bbox 109 689 169 726; x_wconf 82' lang='grc' dir='ltr'>σὺν</span> <span class='ocrx_word' id='word_1_61' title='bbox 181 692 250 733; x_wconf 83' lang='grc' dir='ltr'>τοῖς</span> <span class='ocrx_word' id='word_1_62' title='bbox 260 689 444 741; x_wconf 69' lang='grc' dir='ltr'>πρέσὸεσιν</span> <span class='ocrx_word' id='word_1_63' title='bbox 457 693 488 734; x_wconf 88' lang='grc' dir='ltr'>ἐς</span> <span class='ocrx_word' id='word_1_64' title='bbox 500 690 560 736; x_wconf 80' lang='grc' dir='ltr'>τὴν</span> <span class='ocrx_word' id='word_1_65' title='bbox 574 690 747 737; x_wconf 78' lang='grc' dir='ltr'>Σκυθικὴν</span> <span class='ocrx_word' id='word_1_66' title='bbox 763 691 902 741; x_wconf 68' lang='grc' dir='ltr'>διαὸάς)</span> <span class='ocrx_word' id='word_1_67' title='bbox 916 721 926 742; x_wconf 94' lang='grc'>,</span> <span class='ocrx_word' id='word_1_68' title='bbox 939 692 998 730; x_wconf 78' lang='grc' dir='ltr'>καὶ</span> <span class='ocrx_word' id='word_1_69' title='bbox 1013 694 1147 744; x_wconf 77' lang='grc' dir='ltr'>αἰχμα-</span> 
     </span>
     <span class='ocr_line' id='line_1_10' title="bbox 108 746 1146 802; baseline 0.005 -18"><span class='ocrx_word' id='word_1_70' title='bbox 108 746 275 790; x_wconf 75' lang='grc' dir='ltr'>λώτους”</span> <span class='ocrx_word' id='word_1_71' title='bbox 254 763 333 785; x_wconf 91' lang='grc' dir='ltr'>ανευ</span> <span class='ocrx_word' id='word_1_72' title='bbox 358 747 492 800; x_wconf 81' lang='grc' dir='ltr'>λύτρων</span> <span class='ocrx_word' id='word_1_73' title='bbox 521 751 632 802; x_wconf 79' lang='grc' dir='ltr'>ἀφ’ἥκε</span> <span class='ocrx_word' id='word_1_74' title='bbox 656 749 854 797; x_wconf 84' lang='grc' dir='ltr'>πλείστους,</span> <span class='ocrx_word' id='word_1_75' title='bbox 877 750 1063 789; x_wconf 84' lang='grc' dir='ltr'>Ανατολίω</span> <span class='ocrx_word' id='word_1_76' title='bbox 1088 768 1146 790; x_wconf 88' lang='grc' dir='ltr'>και</span> 
     </span>
     <span class='ocr_line' id='line_1_11' title="bbox 109 805 1147 867; baseline 0.005 -24"><span class='ocrx_word' id='word_1_77' title='bbox 109 805 220 856; x_wconf 83' lang='grc' dir='ltr'>Νόμω</span> <span class='ocrx_word' id='word_1_78' title='bbox 242 807 478 858; x_wconf 79' lang='grc' dir='ltr'>χαριζόμενος.</span> <span class='ocrx_word' id='word_1_79' title='bbox 483 808 748 867; x_wconf 88' lang='grc' dir='ltr'>Δωρησάμενος</span> <span class='ocrx_word' id='word_1_80' title='bbox 764 807 799 846; x_wconf 81' lang='grc' dir='ltr'>δὲ</span> <span class='ocrx_word' id='word_1_81' title='bbox 816 824 876 846; x_wconf 85' lang='grc' dir='ltr'>και</span> <span class='ocrx_word' id='word_1_82' title='bbox 890 808 1016 852; x_wconf 79' lang='grc' dir='ltr'>ἵππους</span> <span class='ocrx_word' id='word_1_83' title='bbox 1033 811 1147 854; x_wconf 84' lang='grc' dir='ltr'>αὐτοῖς</span> 
     </span>
     <span class='ocr_line' id='line_1_12' title="bbox 109 864 1136 918; baseline 0.004 -17"><span class='ocrx_word' id='word_1_84' title='bbox 109 864 168 902; x_wconf 87' lang='grc' dir='ltr'>καὶ</span> <span class='ocrx_word' id='word_1_85' title='bbox 186 865 311 916; x_wconf 88' lang='grc' dir='ltr'>θηρίων</span> <span class='ocrx_word' id='word_1_86' title='bbox 326 865 447 918; x_wconf 82' lang='grc' dir='ltr'>δορὰς,</span> <span class='ocrx_word' id='word_1_87' title='bbox 464 869 516 910; x_wconf 84' lang='grc' dir='ltr'>αῖς</span> <span class='ocrx_word' id='word_1_88' title='bbox 530 868 559 904; x_wconf 84' lang='grc' dir='ltr'>οἳ</span> <span class='ocrx_word' id='word_1_89' title='bbox 579 867 747 918; x_wconf 83' lang='grc' dir='ltr'>βασίλειοι</span> <span class='ocrx_word' id='word_1_90' title='bbox 763 871 971 917; x_wconf 79' lang='grc' dir='ltr'>κοσμοῦνται</span> <span class='ocrx_word' id='word_1_91' title='bbox 983 868 1136 915; x_wconf 80' lang='grc' dir='ltr'>Σκύθαι,</span> 
     </span>
     <span class='ocr_line' id='line_1_13' title="bbox 109 921 1144 977; baseline 0.006 -19"><span class='ocrx_word' id='word_1_92' title='bbox 109 921 318 972; x_wconf 73' lang='grc' dir='ltr'>ἀπέπεμπε,</span> <span class='ocrx_word' id='word_1_93' title='bbox 354 923 568 977; x_wconf 79' lang='grc' dir='ltr'>συμπέμψας</span> <span class='ocrx_word' id='word_1_94' title='bbox 598 924 658 962; x_wconf 77' lang='grc' dir='ltr'>καὶ</span> <span class='ocrx_word' id='word_1_95' title='bbox 689 925 747 962; x_wconf 84' lang='grc' dir='ltr'>τὸν</span> <span class='ocrx_word' id='word_1_96' title='bbox 780 926 1022 964; x_wconf 84' lang='grc' dir='ltr'>Κωνστάντιον</span> <span class='ocrx_word' id='word_1_97' title='bbox 1055 925 1144 964; x_wconf 82' lang='grc' dir='ltr'>ὥστε</span> 
     </span>
     <span class='ocr_line' id='line_1_14' title="bbox 109 981 1145 1036; baseline 0.006 -19"><span class='ocrx_word' id='word_1_98' title='bbox 109 982 203 1033; x_wconf 79' lang='grc' dir='ltr'>αὐτῷ</span> <span class='ocrx_word' id='word_1_99' title='bbox 227 981 371 1032; x_wconf 81' lang='grc' dir='ltr'>βασιλέα</span> <span class='ocrx_word' id='word_1_100' title='bbox 390 983 436 1025; x_wconf 89' lang='grc' dir='ltr'>εἷς</span> <span class='ocrx_word' id='word_1_101' title='bbox 464 982 563 1034; x_wconf 85' lang='grc' dir='ltr'>ἔργον</span> <span class='ocrx_word' id='word_1_102' title='bbox 589 984 730 1034; x_wconf 82' lang='grc' dir='ltr'>ἀγαγεῖν</span> <span class='ocrx_word' id='word_1_103' title='bbox 749 982 811 1029; x_wconf 75' lang='grc' dir='ltr'>τὴν</span> <span class='ocrx_word' id='word_1_104' title='bbox 841 983 1045 1036; x_wconf 78' lang='grc' dir='ltr'>ὑπόσχεσιν.</span> <span class='ocrx_word' id='word_1_105' title='bbox 1079 984 1145 1028; x_wconf 47' lang='grc' dir='ltr'>(Ως</span> 
     </span>
     <span class='ocr_line' id='line_1_15' title="bbox 109 1039 1142 1093; baseline 0.004 -17"><span class='ocrx_word' id='word_1_106' title='bbox 109 1039 143 1076; x_wconf 79' lang='grc' dir='ltr'>δὲ</span> <span class='ocrx_word' id='word_1_107' title='bbox 175 1041 368 1086; x_wconf 71' lang='grc' dir='ltr'>ἐπανῆλθον</span> <span class='ocrx_word' id='word_1_108' title='bbox 390 1043 420 1078; x_wconf 84' lang='grc' dir='ltr'>οἱ</span> <span class='ocrx_word' id='word_1_109' title='bbox 438 1039 620 1093; x_wconf 72' lang='grc' dir='ltr'>πρέσὸεις,</span> <span class='ocrx_word' id='word_1_110' title='bbox 640 1041 699 1079; x_wconf 82' lang='grc' dir='ltr'>καὶ</span> <span class='ocrx_word' id='word_1_111' title='bbox 721 1041 857 1079; x_wconf 86' lang='grc' dir='ltr'>ἅπαντα</span> <span class='ocrx_word' id='word_1_112' title='bbox 877 1042 921 1080; x_wconf 85' lang='grc' dir='ltr'>τά</span> <span class='ocrx_word' id='word_1_113' title='bbox 948 1058 986 1080; x_wconf 90' lang='grc' dir='ltr'>τε</span> <span class='ocrx_word' id='word_1_114' title='bbox 1008 1045 1142 1093; x_wconf 81' lang='grc' dir='ltr'>αὐτῶν,</span> 
     </span>
     <span class='ocr_line' id='line_1_16' title="bbox 107 1097 1144 1152; baseline 0.005 -18"><span class='ocrx_word' id='word_1_115' title='bbox 107 1097 150 1134; x_wconf 89' lang='grc' dir='ltr'>τά</span> <span class='ocrx_word' id='word_1_116' title='bbox 186 1113 223 1135; x_wconf 91' lang='grc' dir='ltr'>τε</span> <span class='ocrx_word' id='word_1_117' title='bbox 253 1097 350 1150; x_wconf 81' lang='grc' dir='ltr'>παρὰ</span> <span class='ocrx_word' id='word_1_118' title='bbox 389 1102 447 1136; x_wconf 79' lang='grc' dir='ltr'>τοῦ</span> <span class='ocrx_word' id='word_1_119' title='bbox 483 1099 660 1152; x_wconf 69' lang='grc' dir='ltr'>βαρὸάρου</span> <span class='ocrx_word' id='word_1_120' title='bbox 691 1099 883 1150; x_wconf 64' lang='grc' dir='ltr'>διεξῆλθον,</span> <span class='ocrx_word' id='word_1_121' title='bbox 911 1108 1144 1151; x_wconf 80' lang='grc' dir='ltr'>κατεγγυᾶται</span> 
     </span>
     <span class='ocr_line' id='line_1_17' title="bbox 107 1156 1141 1211; baseline 0.005 -18"><span class='ocrx_word' id='word_1_122' title='bbox 107 1157 156 1208; x_wconf 78' lang='grc' dir='ltr'>τῷ</span> <span class='ocrx_word' id='word_1_123' title='bbox 192 1156 425 1208; x_wconf 83' lang='grc' dir='ltr'>Κωνσταντίῳ</span> <span class='ocrx_word' id='word_1_124' title='bbox 456 1156 541 1208; x_wconf 79' lang='grc' dir='ltr'>γυνὴ</span> <span class='ocrx_word' id='word_1_125' title='bbox 566 1157 702 1209; x_wconf 85' lang='grc' dir='ltr'>γαμετὴ</span> <span class='ocrx_word' id='word_1_126' title='bbox 733 1157 918 1209; x_wconf 81' lang='grc' dir='ltr'>Ἀρματίου</span> <span class='ocrx_word' id='word_1_127' title='bbox 953 1159 1141 1211; x_wconf 83' lang='grc' dir='ltr'>γενομένη,</span> 
     </span>
     <span class='ocr_line' id='line_1_18' title="bbox 106 1215 1143 1268; baseline 0.005 -18"><span class='ocrx_word' id='word_1_128' title='bbox 106 1215 230 1258; x_wconf 85' lang='grc' dir='ltr'>παιδὸς</span> <span class='ocrx_word' id='word_1_129' title='bbox 258 1215 407 1254; x_wconf 88' lang='grc' dir='ltr'>Πλίνθου</span> <span class='ocrx_word' id='word_1_130' title='bbox 427 1219 486 1254; x_wconf 75' lang='grc' dir='ltr'>τοῦ</span> <span class='ocrx_word' id='word_1_131' title='bbox 505 1216 601 1267; x_wconf 85' lang='grc' dir='ltr'>παρὰ</span> <span class='ocrx_word' id='word_1_132' title='bbox 626 1216 819 1266; x_wconf 87' lang='grc' dir='ltr'>Ῥωμαίοις</span> <span class='ocrx_word' id='word_1_133' title='bbox 840 1217 1143 1268; x_wconf 77' lang='grc' dir='ltr'>στρατηγήσαντος</span> 
     </span>
     <span class='ocr_line' id='line_1_19' title="bbox 106 1271 1142 1326; baseline 0.005 -17"><span class='ocrx_word' id='word_1_134' title='bbox 106 1271 165 1309; x_wconf 73' lang='grc' dir='ltr'>καὶ</span> <span class='ocrx_word' id='word_1_135' title='bbox 193 1273 255 1319; x_wconf 81' lang='grc' dir='ltr'>τὴν</span> <span class='ocrx_word' id='word_1_136' title='bbox 273 1273 404 1312; x_wconf 82' lang='grc' dir='ltr'>ὕπατον</span> <span class='ocrx_word' id='word_1_137' title='bbox 425 1275 536 1326; x_wconf 79' lang='grc' dir='ltr'>ἀρχὴν</span> <span class='ocrx_word' id='word_1_138' title='bbox 563 1274 740 1326; x_wconf 84' lang='grc' dir='ltr'>ἄρξαντος.</span> <span class='ocrx_word' id='word_1_139' title='bbox 765 1274 1002 1321; x_wconf 64' lang='grc' dir='ltr'>Συνεῧεὸήκει</span> <span class='ocrx_word' id='word_1_140' title='bbox 1029 1276 1064 1314; x_wconf 82' lang='grc' dir='ltr'>δὲ</span> <span class='ocrx_word' id='word_1_141' title='bbox 1084 1276 1142 1314; x_wconf 80' lang='grc' dir='ltr'>τὸν</span> 
     </span>
     <span class='ocr_line' id='line_1_20' title="bbox 106 1331 1141 1387; baseline 0.006 -19"><span class='ocrx_word' id='word_1_142' title='bbox 106 1331 288 1383; x_wconf 83' lang='grc' dir='ltr'>Ἀρμάτιον</span> <span class='ocrx_word' id='word_1_143' title='bbox 311 1335 344 1376; x_wconf 80' lang='grc' dir='ltr'>ἐς</span> <span class='ocrx_word' id='word_1_144' title='bbox 360 1332 422 1380; x_wconf 80' lang='grc' dir='ltr'>τὴν</span> <span class='ocrx_word' id='word_1_145' title='bbox 442 1333 582 1372; x_wconf 74' lang='grc' dir='ltr'>Λιὸύων</span> <span class='ocrx_word' id='word_1_146' title='bbox 599 1334 768 1372; x_wconf 70' lang='grc' dir='ltr'>διαὸάντα</span> <span class='ocrx_word' id='word_1_147' title='bbox 786 1334 842 1372; x_wconf 83' lang='grc' dir='ltr'>ἐπὶ</span> <span class='ocrx_word' id='word_1_148' title='bbox 862 1338 904 1387; x_wconf 74' lang='grc' dir='ltr'>τῇ</span> <span class='ocrx_word' id='word_1_149' title='bbox 921 1335 1006 1387; x_wconf 79' lang='grc' dir='ltr'>πρὸς</span> <span class='ocrx_word' id='word_1_150' title='bbox 1026 1337 1141 1374; x_wconf 83' lang='grc' dir='ltr'>Αὐσο-</span> 
     </span>
     <span class='ocr_line' id='line_1_21' title="bbox 106 1390 1142 1445; baseline 0.004 -18"><span class='ocrx_word' id='word_1_151' title='bbox 106 1390 240 1440; x_wconf 85' lang='grc' dir='ltr'>ριανοὺς</span> <span class='ocrx_word' id='word_1_152' title='bbox 271 1391 369 1442; x_wconf 77' lang='grc' dir='ltr'>μάχῃ</span> <span class='ocrx_word' id='word_1_153' title='bbox 396 1393 611 1444; x_wconf 64' lang='grc' dir='ltr'>εὐημερῆσαι</span> <span class='ocrx_word' id='word_1_154' title='bbox 641 1392 703 1442; x_wconf 84' lang='grc' dir='ltr'>μὲν</span> <span class='ocrx_word' id='word_1_155' title='bbox 735 1394 768 1430; x_wconf 89' lang='grc' dir='ltr'>ἐν</span> <span class='ocrx_word' id='word_1_156' title='bbox 801 1395 850 1444; x_wconf 81' lang='grc' dir='ltr'>τῷ</span> <span class='ocrx_word' id='word_1_157' title='bbox 881 1393 975 1445; x_wconf 75' lang='grc' dir='ltr'>πρὸξ</span> <span class='ocrx_word' id='word_1_158' title='bbox 991 1393 1142 1437; x_wconf 84' lang='grc' dir='ltr'>ἐκείνους</span> 
     </span>
     <span class='ocr_line' id='line_1_22' title="bbox 105 1447 1141 1503; baseline 0.007 -19"><span class='ocrx_word' id='word_1_159' title='bbox 105 1450 270 1501; x_wconf 83' lang='grc' dir='ltr'>πολέμῳ,</span> <span class='ocrx_word' id='word_1_160' title='bbox 303 1449 500 1495; x_wconf 79' lang='grc' dir='ltr'>νοσήσαντα</span> <span class='ocrx_word' id='word_1_161' title='bbox 530 1450 565 1487; x_wconf 80' lang='grc' dir='ltr'>δὲ</span> <span class='ocrx_word' id='word_1_162' title='bbox 586 1452 791 1496; x_wconf 70' lang='grc' dir='ltr'>τελευτῆσαι</span> <span class='ocrx_word' id='word_1_163' title='bbox 819 1451 877 1489; x_wconf 87' lang='grc' dir='ltr'>τὸν</span> <span class='ocrx_word' id='word_1_164' title='bbox 910 1451 994 1503; x_wconf 84' lang='grc' dir='ltr'>βίον.</span> <span class='ocrx_word' id='word_1_165' title='bbox 1021 1447 1074 1490; x_wconf 64' lang='lat' dir='ltr'>OE</span> <span class='ocrx_word' id='word_1_166' title='bbox 1101 1451 1141 1500; x_wconf 76' lang='grc' dir='ltr'>δὴ</span> 
     </span>
     <span class='ocr_line' id='line_1_23' title="bbox 105 1504 1141 1562; baseline 0.006 -19"><span class='ocrx_word' id='word_1_167' title='bbox 105 1504 166 1552; x_wconf 76' lang='grc' dir='ltr'>τὴν</span> <span class='ocrx_word' id='word_1_168' title='bbox 186 1507 359 1557; x_wconf 77' lang='grc' dir='ltr'>γαμετὴν,</span> <span class='ocrx_word' id='word_1_169' title='bbox 379 1507 439 1545; x_wconf 83' lang='grc' dir='ltr'>καὶ</span> <span class='ocrx_word' id='word_1_170' title='bbox 466 1508 555 1559; x_wconf 83' lang='grc' dir='ltr'>γένει</span> <span class='ocrx_word' id='word_1_171' title='bbox 578 1508 637 1546; x_wconf 88' lang='grc' dir='ltr'>καὶ</span> <span class='ocrx_word' id='word_1_172' title='bbox 665 1509 844 1561; x_wconf 75' lang='grc' dir='ltr'>περιουσία</span> <span class='ocrx_word' id='word_1_173' title='bbox 866 1509 1141 1562; x_wconf 81' lang='grc' dir='ltr'>διαπρέπουσαν,</span> 
     </span>
     <span class='ocr_line' id='line_1_24' title="bbox 105 1564 1141 1620; baseline 0.005 -19"><span class='ocrx_word' id='word_1_174' title='bbox 105 1564 238 1603; x_wconf 82' lang='grc' dir='ltr'>ἔπεισεν</span> <span class='ocrx_word' id='word_1_175' title='bbox 259 1568 276 1603; x_wconf 81' lang='grc' dir='ltr'><strong>ὁ</strong></span> <span class='ocrx_word' id='word_1_176' title='bbox 298 1565 459 1617; x_wconf 77' lang='grc' dir='ltr'>βασιλεὺς</span> <span class='ocrx_word' id='word_1_177' title='bbox 479 1569 528 1618; x_wconf 79' lang='grc' dir='ltr'>τῷ</span> <span class='ocrx_word' id='word_1_178' title='bbox 558 1567 791 1620; x_wconf 86' lang='grc' dir='ltr'>Κωνσταντίῳ</span> <span class='ocrx_word' id='word_1_179' title='bbox 812 1568 1004 1618; x_wconf 81' lang='grc' dir='ltr'>γήμασθαι.</span> <span class='ocrx_word' id='word_1_180' title='bbox 1037 1569 1141 1608; x_wconf 81' lang='grc' dir='ltr'>Οὕτω</span> 
     </span>
     <span class='ocr_line' id='line_1_25' title="bbox 105 1622 1141 1679; baseline 0.006 -19"><span class='ocrx_word' id='word_1_181' title='bbox 105 1622 163 1660; x_wconf 82' lang='grc' dir='ltr'>καὶ</span> <span class='ocrx_word' id='word_1_182' title='bbox 183 1626 249 1661; x_wconf 79' lang='grc' dir='ltr'>τῶν</span> <span class='ocrx_word' id='word_1_183' title='bbox 269 1624 352 1677; x_wconf 83' lang='grc' dir='ltr'>πρὸς</span> <span class='ocrx_word' id='word_1_184' title='bbox 372 1625 540 1671; x_wconf 77' lang='grc' dir='ltr'>Ἄττήλαν</span> <span class='ocrx_word' id='word_1_185' title='bbox 568 1625 737 1664; x_wconf 75' lang='grc' dir='ltr'>λυθέντων</span> <span class='ocrx_word' id='word_1_186' title='bbox 758 1627 949 1679; x_wconf 71' lang='grc' dir='ltr'>διαφορῶν,</span> <span class='ocrx_word' id='word_1_187' title='bbox 971 1629 988 1664; x_wconf 83' lang='grc' dir='ltr'><em>ὃ</em></span> <span class='ocrx_word' id='word_1_188' title='bbox 1011 1628 1141 1666; x_wconf 74' lang='grc' dir='ltr'>Θεοδό-</span> 
     </span>
    </p>
   </div>
   <div class='ocr_carea' id='block_1_3' title="bbox 103 1682 1165 1736">
    <p class='ocr_par' dir='ltr' id='par_1_3' title="bbox 103 1682 1165 1736">
     <span class='ocr_line' id='line_1_26' title="bbox 103 1682 1165 1736; baseline 0.003 -17"><span class='ocrx_word' id='word_1_189' title='bbox 103 1697 176 1724; x_wconf 86' lang='grc' dir='ltr'>σιος</span> <span class='ocrx_word' id='word_1_190' title='bbox 190 1683 310 1720; x_wconf 82' lang='grc' dir='ltr'>ἐδεδίει</span> <span class='ocrx_word' id='word_1_191' title='bbox 325 1713 335 1730; x_wconf 92' lang='grc'>,</span> <span class='ocrx_word' id='word_1_192' title='bbox 352 1682 399 1732; x_wconf 85' lang='grc' dir='ltr'>μή</span> <span class='ocrx_word' id='word_1_193' title='bbox 417 1699 500 1722; x_wconf 90' lang='grc' dir='ltr'>ποτε</span> <span class='ocrx_word' id='word_1_194' title='bbox 514 1683 573 1722; x_wconf 86' lang='grc' dir='ltr'>καὶ</span> <span class='ocrx_word' id='word_1_195' title='bbox 591 1684 713 1730; x_wconf 79' lang='grc' dir='ltr'>Ζήνων</span> <span class='ocrx_word' id='word_1_196' title='bbox 732 1686 905 1736; x_wconf 86' lang='grc' dir='ltr'>τυραννίδι</span> <span class='ocrx_word' id='word_1_197' title='bbox 921 1686 1138 1732; x_wconf 80' lang='grc' dir='ltr'>ἐπιθήσεται.</span> <span class='ocrx_word' id='word_1_198' title='bbox 1160 1717 1165 1722; x_wconf 91' lang='grc'><em>.</em></span> 
     </span>
    </p>
   </div>
   <div class='ocr_carea' id='block_1_4' title="bbox 83 1743 1141 3452">
    <p class='ocr_par' dir='ltr' id='par_1_4' title="bbox 99 1743 1141 3133">
     <span class='ocr_line' id='line_1_27' title="bbox 157 1743 1141 1794; baseline 0.006 -17"><span class='ocrx_word' id='word_1_199' title='bbox 157 1743 269 1789; x_wconf 86' lang='lat' dir='ltr'>Quod</span> <span class='ocrx_word' id='word_1_200' title='bbox 314 1744 415 1791; x_wconf 83' lang='lat' dir='ltr'>apud</span> <span class='ocrx_word' id='word_1_201' title='bbox 457 1745 611 1780; x_wconf 84' lang='lat' dir='ltr'>Suidam</span> <span class='ocrx_word' id='word_1_202' title='bbox 645 1758 682 1780; x_wconf 77' lang='lat' dir='ltr'>v,</span> <span class='ocrx_word' id='word_1_203' title='bbox 718 1743 901 1787; x_wconf 84' lang='grc' dir='ltr'>Θεοδόσιος</span> <span class='ocrx_word' id='word_1_204' title='bbox 931 1747 1067 1794; x_wconf 84' lang='lat' dir='ltr'>legitur</span> <span class='ocrx_word' id='word_1_205' title='bbox 1095 1748 1141 1783; x_wconf 85' lang='lat' dir='ltr'>de</span> 
     </span>
     <span class='ocr_line' id='line_1_28' title="bbox 101 1800 1140 1851; baseline 0.005 -15"><span class='ocrx_word' id='word_1_206' title='bbox 101 1800 316 1838; x_wconf 85' lang='lat' dir='ltr'>Theodosio</span> <span class='ocrx_word' id='word_1_207' title='bbox 330 1803 365 1837; x_wconf 83' lang='lat'>11</span> <span class='ocrx_word' id='word_1_208' title='bbox 379 1801 533 1851; x_wconf 87' lang='lat' dir='ltr'>ejusque</span> <span class='ocrx_word' id='word_1_209' title='bbox 547 1815 662 1850; x_wconf 81' lang='lat' dir='ltr'>regno</span> <span class='ocrx_word' id='word_1_210' title='bbox 673 1802 860 1849; x_wconf 90' lang='lat' dir='ltr'>judicium</span> <span class='ocrx_word' id='word_1_211' title='bbox 871 1831 880 1848; x_wconf 92' lang='lat'>‚</span> <span class='ocrx_word' id='word_1_212' title='bbox 891 1817 969 1838; x_wconf 90' lang='lat' dir='ltr'>non</span> <span class='ocrx_word' id='word_1_213' title='bbox 981 1817 1000 1840; x_wconf 87' lang='lat' dir='ltr'>e</span> <span class='ocrx_word' id='word_1_214' title='bbox 1015 1806 1140 1841; x_wconf 85' lang='lat' dir='ltr'>Prisco</span> 
     </span>
     <span class='ocr_line' id='line_1_29' title="bbox 106 1860 1140 1910; baseline 0.004 -16"><span class='ocrx_word' id='word_1_215' title='bbox 106 1861 167 1904; x_wconf 89' lang='lat' dir='ltr'>(ut</span> <span class='ocrx_word' id='word_1_216' title='bbox 194 1860 420 1896; x_wconf 84' lang='lat' dir='ltr'>Niehuhrius</span> <span class='ocrx_word' id='word_1_217' title='bbox 439 1861 606 1910; x_wconf 83' lang='lat' dir='ltr'>putavit)</span> <span class='ocrx_word' id='word_1_218' title='bbox 622 1889 632 1906; x_wconf 89' lang='lat'>‚</span> <span class='ocrx_word' id='word_1_219' title='bbox 655 1862 720 1897; x_wconf 89' lang='lat' dir='ltr'>sed</span> <span class='ocrx_word' id='word_1_220' title='bbox 745 1874 788 1897; x_wconf 88' lang='lat' dir='ltr'>ex</span> <span class='ocrx_word' id='word_1_221' title='bbox 806 1862 979 1898; x_wconf 76' lang='lat' dir='ltr'>Johanne</span> <span class='ocrx_word' id='word_1_222' title='bbox 998 1864 1140 1899; x_wconf 88' lang='lat' dir='ltr'>Antio—</span> 
     </span>
     <span class='ocr_line' id='line_1_30' title="bbox 103 1918 1135 1968; baseline 0.004 -16"><span class='ocrx_word' id='word_1_223' title='bbox 103 1919 223 1952; x_wconf 84' lang='lat' dir='ltr'><strong>cheno</strong></span> <span class='ocrx_word' id='word_1_224' title='bbox 239 1918 507 1968; x_wconf 77' lang='lat' dir='ltr'>depromptum</span> <span class='ocrx_word' id='word_1_225' title='bbox 520 1927 594 1963; x_wconf 89' lang='lat' dir='ltr'>est,</span> <span class='ocrx_word' id='word_1_226' title='bbox 613 1921 669 1954; x_wconf 87' lang='lat' dir='ltr'>uti</span> <span class='ocrx_word' id='word_1_227' title='bbox 686 1920 806 1967; x_wconf 90' lang='lat' dir='ltr'>liquet</span> <span class='ocrx_word' id='word_1_228' title='bbox 826 1932 870 1955; x_wconf 88' lang='lat' dir='ltr'>ex</span> <span class='ocrx_word' id='word_1_229' title='bbox 885 1921 1031 1955; x_wconf 86' lang='lat' dir='ltr'>collatis</span> <span class='ocrx_word' id='word_1_230' title='bbox 1046 1923 1135 1957; x_wconf 85' lang='lat' dir='ltr'>Exc.</span> 
     </span>
     <span class='ocr_line' id='line_1_31' title="bbox 103 1975 1140 2027; baseline 0.005 -17"><span class='ocrx_word' id='word_1_231' title='bbox 103 1975 262 2012; x_wconf 85' lang='lat' dir='ltr'>Peiresc.</span> <span class='ocrx_word' id='word_1_232' title='bbox 282 1990 320 2024; x_wconf 91' lang='lat' dir='ltr'>p.</span> <span class='ocrx_word' id='word_1_233' title='bbox 341 1975 712 2013; x_wconf 84' lang='lat' dir='ltr'>85o.-Accedimus</span> <span class='ocrx_word' id='word_1_234' title='bbox 730 1979 769 2013; x_wconf 92' lang='lat' dir='ltr'>in</span> <span class='ocrx_word' id='word_1_235' title='bbox 781 1991 887 2026; x_wconf 85' lang='lat' dir='ltr'><strong>seqq.</strong></span> <span class='ocrx_word' id='word_1_236' title='bbox 903 1979 951 2014; x_wconf 82' lang='lat' dir='ltr'>ad</span> <span class='ocrx_word' id='word_1_237' title='bbox 968 1986 1140 2027; x_wconf 86' lang='lat' dir='ltr'>tempora</span> 
     </span>
     <span class='ocr_line' id='line_1_32' title="bbox 102 2034 1137 2084; baseline 0.005 -16"><span class='ocrx_word' id='word_1_238' title='bbox 102 2034 285 2069; x_wconf 85' lang='lat' dir='ltr'>Marciani</span> <span class='ocrx_word' id='word_1_239' title='bbox 306 2035 399 2083; x_wconf 88' lang='lat' dir='ltr'><strong>imp.</strong></span> <span class='ocrx_word' id='word_1_240' title='bbox 422 2037 478 2070; x_wconf 91' lang='lat' dir='ltr'>De</span> <span class='ocrx_word' id='word_1_241' title='bbox 500 2036 558 2070; x_wconf 90' lang='lat' dir='ltr'>his</span> <span class='ocrx_word' id='word_1_242' title='bbox 575 2035 624 2070; x_wconf 88' lang='lat' dir='ltr'>cf.</span> <span class='ocrx_word' id='word_1_243' title='bbox 644 2037 827 2084; x_wconf 82' lang='lat' dir='ltr'>Euagrius</span> <span class='ocrx_word' id='word_1_244' title='bbox 843 2038 940 2072; x_wconf 80' lang='lat' dir='ltr'>Hist.</span> <span class='ocrx_word' id='word_1_245' title='bbox 958 2038 1063 2073; x_wconf 85' lang='lat' dir='ltr'>Eccl.</span> <span class='ocrx_word' id='word_1_246' title='bbox 1081 2039 1137 2083; x_wconf 88' lang='grc' dir='ltr'>ΙΙ,</span> 
     </span>
     <span class='ocr_line' id='line_1_33' title="bbox 108 2090 1140 2146; baseline 0.005 -19"><span class='ocrx_word' id='word_1_247' title='bbox 108 2105 121 2126; x_wconf 91' lang='grc'>1</span> <span class='ocrx_word' id='word_1_248' title='bbox 143 2105 152 2126; x_wconf 80' lang='lat' dir='ltr'><strong><em>z</em></strong></span> <span class='ocrx_word' id='word_1_249' title='bbox 170 2090 370 2141; x_wconf 80' lang='grc' dir='ltr'>Μαρκιανὸς</span> <span class='ocrx_word' id='word_1_250' title='bbox 384 2091 495 2129; x_wconf 85' lang='grc' dir='ltr'>τοίνυν</span> <span class='ocrx_word' id='word_1_251' title='bbox 511 2091 571 2129; x_wconf 88' lang='grc' dir='ltr'>καὶ</span> <span class='ocrx_word' id='word_1_252' title='bbox 589 2091 704 2135; x_wconf 83' lang='grc' dir='ltr'>ἄλλοις</span> <span class='ocrx_word' id='word_1_253' title='bbox 719 2108 755 2130; x_wconf 90' lang='grc' dir='ltr'>τε</span> <span class='ocrx_word' id='word_1_254' title='bbox 766 2093 906 2136; x_wconf 87' lang='grc' dir='ltr'>πολλοῖς</span> <span class='ocrx_word' id='word_1_255' title='bbox 919 2094 978 2131; x_wconf 86' lang='grc' dir='ltr'>καὶ</span> <span class='ocrx_word' id='word_1_256' title='bbox 995 2093 1140 2146; x_wconf 82' lang='grc' dir='ltr'>Πρίσκῳ</span> 
     </span>
     <span class='ocr_line' id='line_1_34' title="bbox 101 2148 496 2203; baseline 0.008 -17"><span class='ocrx_word' id='word_1_257' title='bbox 101 2148 279 2200; x_wconf 80' lang='grc' dir='ltr'>ἱστόρηται</span> <span class='ocrx_word' id='word_1_258' title='bbox 295 2151 344 2202; x_wconf 81' lang='grc' dir='ltr'>τῷ</span> <span class='ocrx_word' id='word_1_259' title='bbox 366 2148 496 2203; x_wconf 79' lang='grc' dir='ltr'>ῥήτορι.</span> 
     </span>
     <span class='ocr_line' id='line_1_35' title="bbox 101 2262 1141 2303; baseline 0.005 -12"><span class='ocrx_word' id='word_1_260' title='bbox 101 2262 326 2293; x_wconf 77' lang='lat' dir='ltr'>conventiones</span> <span class='ocrx_word' id='word_1_261' title='bbox 344 2262 480 2301; x_wconf 80' lang='lat' dir='ltr'>J&#39;uravit;</span> <span class='ocrx_word' id='word_1_262' title='bbox 497 2263 583 2294; x_wconf 91' lang='lat' dir='ltr'>omni</span> <span class='ocrx_word' id='word_1_263' title='bbox 606 2271 638 2294; x_wconf 90' lang='lat' dir='ltr'>se</span> <span class='ocrx_word' id='word_1_264' title='bbox 661 2263 786 2303; x_wconf 77' lang='lat' dir='ltr'>regione</span> <span class='ocrx_word' id='word_1_265' title='bbox 806 2265 894 2295; x_wconf 85' lang='lat' dir='ltr'>trans</span> <span class='ocrx_word' id='word_1_266' title='bbox 921 2265 1048 2302; x_wconf 85' lang='lat' dir='ltr'>istrum,</span> <span class='ocrx_word' id='word_1_267' title='bbox 1071 2268 1141 2296; x_wconf 84' lang='lat' dir='ltr'>tau-</span> 
     </span>
     <span class='ocr_line' id='line_1_36' title="bbox 102 2314 1141 2357; baseline 0.006 -15"><span class='ocrx_word' id='word_1_268' title='bbox 102 2321 197 2351; x_wconf 83' lang='lat' dir='ltr'>quam</span> <span class='ocrx_word' id='word_1_269' title='bbox 221 2315 437 2344; x_wconf 79' lang='lat' dir='ltr'>Romanorum</span> <span class='ocrx_word' id='word_1_270' title='bbox 460 2314 540 2353; x_wconf 90' lang='lat' dir='ltr'>juris</span> <span class='ocrx_word' id='word_1_271' title='bbox 560 2314 751 2355; x_wconf 88' lang='lat' dir='ltr'>ditionisque</span> <span class='ocrx_word' id='word_1_272' title='bbox 775 2315 899 2355; x_wconf 89' lang='lat' dir='ltr'>cedere,</span> <span class='ocrx_word' id='word_1_273' title='bbox 929 2325 1032 2356; x_wconf 81' lang='lat' dir='ltr'>neque</span> <span class='ocrx_word' id='word_1_274' title='bbox 1049 2327 1141 2357; x_wconf 77' lang='lat' dir='ltr'>porro</span> 
     </span>
     <span class='ocr_line' id='line_1_37' title="bbox 101 2364 1139 2409; baseline 0.005 -14"><span class='ocrx_word' id='word_1_275' title='bbox 101 2364 283 2404; x_wconf 80' lang='lat' dir='ltr'>imperatori</span> <span class='ocrx_word' id='word_1_276' title='bbox 302 2365 341 2397; x_wconf 89' lang='lat' dir='ltr'>de</span> <span class='ocrx_word' id='word_1_277' title='bbox 354 2366 491 2406; x_wconf 80' lang='lat' dir='ltr'>profugis</span> <span class='ocrx_word' id='word_1_278' title='bbox 504 2366 671 2399; x_wconf 83' lang='lat' dir='ltr'><strong>reddendis</strong></span> <span class='ocrx_word' id='word_1_279' title='bbox 686 2368 855 2399; x_wconf 90' lang='lat' dir='ltr'>molestum</span> <span class='ocrx_word' id='word_1_280' title='bbox 872 2369 1029 2409; x_wconf 82' lang='lat' dir='ltr'>futurum,</span> <span class='ocrx_word' id='word_1_281' title='bbox 1045 2369 1139 2400; x_wconf 88' lang='lat' dir='ltr'>modo</span> 
     </span>
     <span class='ocr_line' id='line_1_38' title="bbox 101 2417 1138 2461; baseline 0.006 -14"><span class='ocrx_word' id='word_1_282' title='bbox 101 2417 233 2448; x_wconf 83' lang='lat' dir='ltr'>Romani</span> <span class='ocrx_word' id='word_1_283' title='bbox 249 2417 281 2448; x_wconf 88' lang='lat' dir='ltr'>iu</span> <span class='ocrx_word' id='word_1_284' title='bbox 295 2419 455 2458; x_wconf 88' lang='lat' dir='ltr'>posterum</span> <span class='ocrx_word' id='word_1_285' title='bbox 470 2427 489 2450; x_wconf 89' lang='lat' dir='ltr'>a</span> <span class='ocrx_word' id='word_1_286' title='bbox 505 2420 674 2459; x_wconf 81' lang='lat' dir='ltr'>transfugis</span> <span class='ocrx_word' id='word_1_287' title='bbox 691 2420 896 2452; x_wconf 77' lang='lat' dir='ltr'><strong>admittendis</strong></span> <span class='ocrx_word' id='word_1_288' title='bbox 912 2423 1138 2461; x_wconf 78' lang='lat' dir='ltr'>temperarent.</span> 
     </span>
     <span class='ocr_line' id='line_1_39' title="bbox 101 2467 1138 2512; baseline 0.005 -14"><span class='ocrx_word' id='word_1_289' title='bbox 101 2467 261 2500; x_wconf 76' lang='lat' dir='ltr'>Liberavit</span> <span class='ocrx_word' id='word_1_290' title='bbox 282 2471 314 2501; x_wconf 86' lang='lat' dir='ltr'>et</span> <span class='ocrx_word' id='word_1_291' title='bbox 336 2469 487 2509; x_wconf 83' lang='lat' dir='ltr'>Bigilam,</span> <span class='ocrx_word' id='word_1_292' title='bbox 510 2471 684 2502; x_wconf 88' lang='lat' dir='ltr'>numeratis</span> <span class='ocrx_word' id='word_1_293' title='bbox 702 2471 930 2511; x_wconf 73' lang='lat' dir='ltr'>quinquaginta</span> <span class='ocrx_word' id='word_1_294' title='bbox 947 2472 1017 2503; x_wconf 87' lang='lat' dir='ltr'>auri</span> <span class='ocrx_word' id='word_1_295' title='bbox 1034 2472 1138 2512; x_wconf 89' lang='lat' dir='ltr'>libris,</span> 
     </span>
     <span class='ocr_line' id='line_1_40' title="bbox 101 2521 1139 2563; baseline 0.005 -12"><span class='ocrx_word' id='word_1_296' title='bbox 101 2529 181 2560; x_wconf 82' lang='lat' dir='ltr'>quas</span> <span class='ocrx_word' id='word_1_297' title='bbox 206 2521 313 2560; x_wconf 80' lang='lat' dir='ltr'>Bigilae</span> <span class='ocrx_word' id='word_1_298' title='bbox 338 2521 421 2553; x_wconf 87' lang='lat' dir='ltr'>tilius</span> <span class='ocrx_word' id='word_1_299' title='bbox 445 2531 521 2553; x_wconf 85' lang='lat' dir='ltr'>cum</span> <span class='ocrx_word' id='word_1_300' title='bbox 546 2523 657 2563; x_wconf 85' lang='lat' dir='ltr'>legatis</span> <span class='ocrx_word' id='word_1_301' title='bbox 681 2523 713 2554; x_wconf 92' lang='lat' dir='ltr'>in</span> <span class='ocrx_word' id='word_1_302' title='bbox 738 2524 901 2563; x_wconf 79' lang='lat' dir='ltr'>Scythiam</span> <span class='ocrx_word' id='word_1_303' title='bbox 927 2524 1056 2556; x_wconf 80' lang='lat' dir='ltr'>veniens</span> <span class='ocrx_word' id='word_1_304' title='bbox 1089 2527 1139 2556; x_wconf 84' lang='lat' dir='ltr'>at-</span> 
     </span>
     <span class='ocr_line' id='line_1_41' title="bbox 101 2572 1141 2615; baseline 0.004 -13"><span class='ocrx_word' id='word_1_305' title='bbox 101 2572 229 2604; x_wconf 86' lang='lat' dir='ltr'>tulerat.</span> <span class='ocrx_word' id='word_1_306' title='bbox 275 2574 356 2604; x_wconf 90' lang='lat' dir='ltr'>Tum</span> <span class='ocrx_word' id='word_1_307' title='bbox 375 2574 407 2604; x_wconf 87' lang='lat' dir='ltr'>et</span> <span class='ocrx_word' id='word_1_308' title='bbox 431 2573 575 2604; x_wconf 74' lang='lat' dir='ltr'>Anatolio</span> <span class='ocrx_word' id='word_1_309' title='bbox 611 2575 644 2605; x_wconf 88' lang='lat' dir='ltr'>et</span> <span class='ocrx_word' id='word_1_310' title='bbox 676 2575 779 2606; x_wconf 88' lang='lat' dir='ltr'>Nomo</span> <span class='ocrx_word' id='word_1_311' title='bbox 804 2575 1001 2614; x_wconf 82' lang='lat' dir='ltr'>gratificans,</span> <span class='ocrx_word' id='word_1_312' title='bbox 1030 2584 1141 2615; x_wconf 87' lang='lat' dir='ltr'>quam-</span> 
     </span>
     <span class='ocr_line' id='line_1_42' title="bbox 102 2623 1140 2665; baseline 0.005 -12"><span class='ocrx_word' id='word_1_313' title='bbox 102 2623 256 2663; x_wconf 89' lang='lat' dir='ltr'>plurimos</span> <span class='ocrx_word' id='word_1_314' title='bbox 272 2624 414 2664; x_wconf 84' lang='lat' dir='ltr'>captivos</span> <span class='ocrx_word' id='word_1_315' title='bbox 426 2624 487 2656; x_wconf 92' lang='lat' dir='ltr'>illis</span> <span class='ocrx_word' id='word_1_316' title='bbox 505 2625 572 2656; x_wconf 88' lang='lat' dir='ltr'>sine</span> <span class='ocrx_word' id='word_1_317' title='bbox 590 2625 657 2656; x_wconf 88' lang='lat' dir='ltr'>ullo</span> <span class='ocrx_word' id='word_1_318' title='bbox 672 2625 772 2665; x_wconf 90' lang='lat' dir='ltr'>pretio</span> <span class='ocrx_word' id='word_1_319' title='bbox 789 2627 955 2657; x_wconf 74' lang='lat' dir='ltr'>concessit.</span> <span class='ocrx_word' id='word_1_320' title='bbox 975 2628 1140 2659; x_wconf 73' lang='lat' dir='ltr'>Postremo</span> 
     </span>
     <span class='ocr_line' id='line_1_43' title="bbox 99 2675 1141 2718; baseline 0.003 -12"><span class='ocrx_word' id='word_1_321' title='bbox 99 2675 236 2706; x_wconf 88' lang='lat' dir='ltr'>donatos</span> <span class='ocrx_word' id='word_1_322' title='bbox 251 2675 340 2715; x_wconf 88' lang='lat' dir='ltr'>equis</span> <span class='ocrx_word' id='word_1_323' title='bbox 352 2677 384 2707; x_wconf 86' lang='lat' dir='ltr'>et</span> <span class='ocrx_word' id='word_1_324' title='bbox 397 2676 534 2707; x_wconf 85' lang='lat' dir='ltr'>serarum</span> <span class='ocrx_word' id='word_1_325' title='bbox 557 2675 711 2716; x_wconf 88' lang='lat' dir='ltr'>pellibus,</span> <span class='ocrx_word' id='word_1_326' title='bbox 728 2676 844 2716; x_wconf 84' lang='lat' dir='ltr'>quibus</span> <span class='ocrx_word' id='word_1_327' title='bbox 859 2678 987 2717; x_wconf 81' lang='lat' dir='ltr'>Scythae</span> <span class='ocrx_word' id='word_1_328' title='bbox 1006 2678 1081 2718; x_wconf 80' lang='lat' dir='ltr'>regii</span> <span class='ocrx_word' id='word_1_329' title='bbox 1100 2679 1141 2710; x_wconf 90' lang='lat' dir='ltr'>ad</span> 
     </span>
     <span class='ocr_line' id='line_1_44' title="bbox 101 2728 1139 2767; baseline 0.004 -9"><span class='ocrx_word' id='word_1_330' title='bbox 101 2729 250 2759; x_wconf 88' lang='lat' dir='ltr'>ornatum</span> <span class='ocrx_word' id='word_1_331' title='bbox 270 2728 416 2767; x_wconf 88' lang='lat' dir='ltr'>utuntur,</span> <span class='ocrx_word' id='word_1_332' title='bbox 437 2729 566 2760; x_wconf 82' lang='lat' dir='ltr'>dimisit.</span> <span class='ocrx_word' id='word_1_333' title='bbox 584 2729 740 2761; x_wconf 86' lang='lat' dir='ltr'>Comitem</span> <span class='ocrx_word' id='word_1_334' title='bbox 757 2729 819 2761; x_wconf 93' lang='lat' dir='ltr'>illis</span> <span class='ocrx_word' id='word_1_335' title='bbox 837 2729 958 2761; x_wconf 85' lang='lat' dir='ltr'>addidit</span> <span class='ocrx_word' id='word_1_336' title='bbox 982 2731 1139 2762; x_wconf 85' lang='lat' dir='ltr'>Constan-</span> 
     </span>
     <span class='ocr_line' id='line_1_45' title="bbox 101 2779 1140 2821; baseline 0.002 -11"><span class='ocrx_word' id='word_1_337' title='bbox 101 2779 201 2817; x_wconf 77' lang='lat' dir='ltr'>tium,</span> <span class='ocrx_word' id='word_1_338' title='bbox 218 2780 254 2810; x_wconf 82' lang='lat' dir='ltr'>ut</span> <span class='ocrx_word' id='word_1_339' title='bbox 271 2779 442 2818; x_wconf 85' lang='lat' dir='ltr'>imperator</span> <span class='ocrx_word' id='word_1_340' title='bbox 454 2780 511 2820; x_wconf 78' lang='lat' dir='ltr'>ipsi</span> <span class='ocrx_word' id='word_1_341' title='bbox 528 2789 562 2812; x_wconf 87' lang='lat' dir='ltr'>re</span> <span class='ocrx_word' id='word_1_342' title='bbox 578 2780 796 2818; x_wconf 70' lang='lat' dir='ltr'>confirmaret,</span> <span class='ocrx_word' id='word_1_343' title='bbox 813 2789 886 2821; x_wconf 79' lang='lat' dir='ltr'>quae</span> <span class='ocrx_word' id='word_1_344' title='bbox 904 2781 1007 2812; x_wconf 82' lang='lat' dir='ltr'>verbis</span> <span class='ocrx_word' id='word_1_345' title='bbox 1024 2783 1140 2821; x_wconf 90' lang='lat' dir='ltr'>promi-</span> 
     </span>
     <span class='ocr_line' id='line_1_46' title="bbox 101 2831 1141 2874; baseline 0.003 -12"><span class='ocrx_word' id='word_1_346' title='bbox 101 2833 195 2863; x_wconf 83' lang='lat' dir='ltr'>serat.</span> <span class='ocrx_word' id='word_1_347' title='bbox 216 2834 257 2863; x_wconf 88' lang='lat' dir='ltr'>Ut</span> <span class='ocrx_word' id='word_1_348' title='bbox 272 2831 362 2872; x_wconf 84' lang='lat' dir='ltr'>legati</span> <span class='ocrx_word' id='word_1_349' title='bbox 378 2832 551 2873; x_wconf 88' lang='lat' dir='ltr'>redierunt,</span> <span class='ocrx_word' id='word_1_350' title='bbox 566 2835 682 2865; x_wconf 84' lang='lat' dir='ltr'>etcum</span> <span class='ocrx_word' id='word_1_351' title='bbox 697 2833 795 2865; x_wconf 85' lang='lat' dir='ltr'>Attila</span> <span class='ocrx_word' id='word_1_352' title='bbox 809 2834 893 2865; x_wconf 91' lang='lat' dir='ltr'>ultro</span> <span class='ocrx_word' id='word_1_353' title='bbox 910 2834 1055 2874; x_wconf 62' lang='lat' dir='ltr'>citroque</span> <span class='ocrx_word' id='word_1_354' title='bbox 1069 2836 1141 2866; x_wconf 86' lang='lat' dir='ltr'>acta</span> 
     </span>
     <span class='ocr_line' id='line_1_47' title="bbox 102 2885 1136 2926; baseline 0.002 -10"><span class='ocrx_word' id='word_1_355' title='bbox 102 2885 297 2923; x_wconf 84' lang='lat' dir='ltr'>retulerunt,</span> <span class='ocrx_word' id='word_1_356' title='bbox 313 2885 498 2916; x_wconf 83' lang='lat' dir='ltr'>Constantio</span> <span class='ocrx_word' id='word_1_357' title='bbox 511 2886 625 2925; x_wconf 88' lang='lat' dir='ltr'>nuptui</span> <span class='ocrx_word' id='word_1_358' title='bbox 639 2885 734 2917; x_wconf 87' lang='lat' dir='ltr'>datur</span> <span class='ocrx_word' id='word_1_359' title='bbox 749 2886 911 2926; x_wconf 89' lang='lat' dir='ltr'>quondam</span> <span class='ocrx_word' id='word_1_360' title='bbox 926 2887 1008 2917; x_wconf 73' lang='grc' dir='ltr'>11Χοῖ-</span> <span class='ocrx_word' id='word_1_361' title='bbox 1023 2889 1136 2918; x_wconf 86' lang='lat' dir='ltr'>Arma-</span> 
     </span>
     <span class='ocr_line' id='line_1_48' title="bbox 102 2937 1141 2976; baseline 0.004 -9"><span class='ocrx_word' id='word_1_362' title='bbox 102 2938 150 2976; x_wconf 89' lang='lat' dir='ltr'>tii,</span> <span class='ocrx_word' id='word_1_363' title='bbox 161 2937 213 2968; x_wconf 81' lang='lat' dir='ltr'>filii</span> <span class='ocrx_word' id='word_1_364' title='bbox 223 2937 369 2974; x_wconf 80' lang='lat' dir='ltr'>Plinthoe,</span> <span class='ocrx_word' id='word_1_365' title='bbox 378 2937 432 2976; x_wconf 89' lang='lat' dir='ltr'>qui</span> <span class='ocrx_word' id='word_1_366' title='bbox 443 2937 527 2976; x_wconf 87' lang='lat' dir='ltr'>apud</span> <span class='ocrx_word' id='word_1_367' title='bbox 539 2939 698 2969; x_wconf 86' lang='lat' dir='ltr'>Romanos</span> <span class='ocrx_word' id='word_1_368' title='bbox 710 2938 908 2969; x_wconf 71' lang='lat' dir='ltr'>exercituum</span> <span class='ocrx_word' id='word_1_369' title='bbox 919 2938 984 2970; x_wconf 88' lang='lat' dir='ltr'>dux</span> <span class='ocrx_word' id='word_1_370' title='bbox 997 2939 1099 2971; x_wconf 85' lang='lat' dir='ltr'>t&#39;uerat</span> <span class='ocrx_word' id='word_1_371' title='bbox 1109 2940 1141 2971; x_wconf 89' lang='lat' dir='ltr'>et</span> 
     </span>
     <span class='ocr_line' id='line_1_49' title="bbox 103 2989 1139 3030; baseline 0.003 -10"><span class='ocrx_word' id='word_1_372' title='bbox 103 2989 305 3021; x_wconf 87' lang='lat' dir='ltr'>consulatum</span> <span class='ocrx_word' id='word_1_373' title='bbox 317 2989 441 3020; x_wconf 85' lang='lat' dir='ltr'>inierat.</span> <span class='ocrx_word' id='word_1_374' title='bbox 453 2989 615 3021; x_wconf 89' lang='lat' dir='ltr'>Armatius</span> <span class='ocrx_word' id='word_1_375' title='bbox 625 2990 656 3020; x_wconf 90' lang='lat' dir='ltr'>in</span> <span class='ocrx_word' id='word_1_376' title='bbox 669 2989 799 3029; x_wconf 85' lang='lat' dir='ltr'>Libyam</span> <span class='ocrx_word' id='word_1_377' title='bbox 808 2991 968 3030; x_wconf 77' lang='lat' dir='ltr'>profectus</span> <span class='ocrx_word' id='word_1_378' title='bbox 985 2990 1052 3022; x_wconf 86' lang='lat' dir='ltr'>acie</span> <span class='ocrx_word' id='word_1_379' title='bbox 1065 3000 1139 3023; x_wconf 89' lang='lat' dir='ltr'>cum</span> 
     </span>
     <span class='ocr_line' id='line_1_50' title="bbox 101 3039 1140 3081; baseline 0.002 -9"><span class='ocrx_word' id='word_1_380' title='bbox 101 3040 283 3073; x_wconf 81' lang='lat' dir='ltr'>Ausorianis</span> <span class='ocrx_word' id='word_1_381' title='bbox 307 3039 525 3071; x_wconf 77' lang='lat' dir='ltr'>decertaverat</span> <span class='ocrx_word' id='word_1_382' title='bbox 541 3042 572 3071; x_wconf 91' lang='lat' dir='ltr'>et</span> <span class='ocrx_word' id='word_1_383' title='bbox 588 3049 733 3080; x_wconf 80' lang='lat' dir='ltr'>prospere</span> <span class='ocrx_word' id='word_1_384' title='bbox 747 3043 918 3081; x_wconf 84' lang='lat' dir='ltr'>pugnarat;</span> <span class='ocrx_word' id='word_1_385' title='bbox 936 3051 1010 3073; x_wconf 85' lang='lat' dir='ltr'>mox</span> <span class='ocrx_word' id='word_1_386' title='bbox 1028 3043 1140 3074; x_wconf 89' lang='lat' dir='ltr'>morbo</span> 
     </span>
     <span class='ocr_line' id='line_1_51' title="bbox 101 3092 1138 3133; baseline 0.003 -9"><span class='ocrx_word' id='word_1_387' title='bbox 101 3095 267 3133; x_wconf 87' lang='lat' dir='ltr'>correptus</span> <span class='ocrx_word' id='word_1_388' title='bbox 280 3092 379 3124; x_wconf 79' lang='lat' dir='ltr'>vitam</span> <span class='ocrx_word' id='word_1_389' title='bbox 394 3092 525 3124; x_wconf 85' lang='lat' dir='ltr'>linierat.</span> <span class='ocrx_word' id='word_1_390' title='bbox 545 3095 622 3133; x_wconf 84' lang='lat' dir='ltr'>Ejus</span> <span class='ocrx_word' id='word_1_391' title='bbox 635 3093 727 3124; x_wconf 73' lang='lat' dir='ltr'>uxori</span> <span class='ocrx_word' id='word_1_392' title='bbox 737 3116 745 3131; x_wconf 86' lang='lat'>,</span> <span class='ocrx_word' id='word_1_393' title='bbox 762 3103 876 3133; x_wconf 75' lang='lat' dir='ltr'>genere</span> <span class='ocrx_word' id='word_1_394' title='bbox 889 3096 920 3126; x_wconf 86' lang='lat' dir='ltr'>et</span> <span class='ocrx_word' id='word_1_395' title='bbox 933 3095 1052 3126; x_wconf 87' lang='lat' dir='ltr'>divitiis</span> <span class='ocrx_word' id='word_1_396' title='bbox 1067 3104 1138 3130; x_wconf 80' lang='lat' dir='ltr'>eou-</span> 
     </span>
    </p>

    <p class='ocr_par' dir='ltr' id='par_1_5' title="bbox 83 3143 1140 3341">
     <span class='ocr_line' id='line_1_52' title="bbox 83 3143 1140 3185; baseline 0.004 -11"><span class='ocrx_word' id='word_1_397' title='bbox 83 3145 240 3185; x_wconf 80' lang='lat' dir='ltr'>·spicuoe‚</span> <span class='ocrx_word' id='word_1_398' title='bbox 257 3144 327 3184; x_wconf 87' lang='lat' dir='ltr'>post</span> <span class='ocrx_word' id='word_1_399' title='bbox 347 3144 452 3175; x_wconf 87' lang='lat' dir='ltr'>mariti</span> <span class='ocrx_word' id='word_1_400' title='bbox 468 3143 593 3175; x_wconf 88' lang='lat' dir='ltr'>obitum</span> <span class='ocrx_word' id='word_1_401' title='bbox 616 3144 786 3184; x_wconf 80' lang='lat' dir='ltr'>imperator</span> <span class='ocrx_word' id='word_1_402' title='bbox 810 3146 930 3176; x_wconf 89' lang='lat' dir='ltr'>nubere</span> <span class='ocrx_word' id='word_1_403' title='bbox 953 3147 1140 3178; x_wconf 86' lang='lat' dir='ltr'>Constantio</span> 
     </span>
     <span class='ocr_line' id='line_1_53' title="bbox 101 3195 1139 3237; baseline 0.001 -9"><span class='ocrx_word' id='word_1_404' title='bbox 101 3197 310 3237; x_wconf 85' lang='lat' dir='ltr'>persuaserat.</span> <span class='ocrx_word' id='word_1_405' title='bbox 337 3195 399 3227; x_wconf 86' lang='lat' dir='ltr'>Sed</span> <span class='ocrx_word' id='word_1_406' title='bbox 423 3195 532 3235; x_wconf 86' lang='lat' dir='ltr'>sopitis</span> <span class='ocrx_word' id='word_1_407' title='bbox 550 3196 698 3227; x_wconf 87' lang='lat' dir='ltr'>omnibus</span> <span class='ocrx_word' id='word_1_408' title='bbox 726 3196 765 3227; x_wconf 89' lang='lat' dir='ltr'>ad</span> <span class='ocrx_word' id='word_1_409' title='bbox 791 3197 878 3227; x_wconf 93' lang='lat' dir='ltr'>hunc</span> <span class='ocrx_word' id='word_1_410' title='bbox 906 3197 1038 3228; x_wconf 89' lang='lat' dir='ltr'>modum</span> <span class='ocrx_word' id='word_1_411' title='bbox 1065 3207 1139 3229; x_wconf 88' lang='lat' dir='ltr'>cum</span> 
     </span>
     <span class='ocr_line' id='line_1_54' title="bbox 103 3248 1139 3290; baseline 0 -9"><span class='ocrx_word' id='word_1_412' title='bbox 103 3250 199 3282; x_wconf 81' lang='lat' dir='ltr'>Attila</span> <span class='ocrx_word' id='word_1_413' title='bbox 214 3248 453 3287; x_wconf 83' lang='lat' dir='ltr'>controversiis,</span> <span class='ocrx_word' id='word_1_414' title='bbox 475 3248 688 3279; x_wconf 74' lang='lat' dir='ltr'>Theodosium</span> <span class='ocrx_word' id='word_1_415' title='bbox 715 3258 815 3280; x_wconf 87' lang='lat' dir='ltr'>novus</span> <span class='ocrx_word' id='word_1_416' title='bbox 841 3250 935 3280; x_wconf 89' lang='lat' dir='ltr'>timor</span> <span class='ocrx_word' id='word_1_417' title='bbox 952 3250 1139 3290; x_wconf 78' lang='lat' dir='ltr'>occupavit,</span> 
     </span>
     <span class='ocr_line' id='line_1_55' title="bbox 101 3300 638 3341; baseline -0.006 -7"><span class='ocrx_word' id='word_1_418' title='bbox 101 3311 142 3334; x_wconf 89' lang='lat' dir='ltr'>ne</span> <span class='ocrx_word' id='word_1_419' title='bbox 154 3304 238 3333; x_wconf 88' lang='lat' dir='ltr'>Zeno</span> <span class='ocrx_word' id='word_1_420' title='bbox 252 3300 451 3341; x_wconf 82' lang='lat' dir='ltr'>tyrannidem</span> <span class='ocrx_word' id='word_1_421' title='bbox 466 3300 638 3332; x_wconf 84' lang='lat' dir='ltr'>invaderet.</span> 
     </span>
    </p>

    <p class='ocr_par' dir='ltr' id='par_1_6' title="bbox 145 3357 1140 3452">
     <span class='ocr_line' id='line_1_56' title="bbox 598 3357 652 3388; baseline 0 0"><span class='ocrx_word' id='word_1_422' title='bbox 598 3357 652 3388; x_wconf 86' lang='lat'>15.</span> 
     </span>
     <span class='ocr_line' id='line_1_57' title="bbox 145 3410 1140 3452; baseline 0.001 -10"><span class='ocrx_word' id='word_1_423' title='bbox 145 3413 253 3449; x_wconf 85' lang='lat' dir='ltr'>Quum</span> <span class='ocrx_word' id='word_1_424' title='bbox 271 3411 406 3451; x_wconf 90' lang='lat' dir='ltr'>primum</span> <span class='ocrx_word' id='word_1_425' title='bbox 435 3410 538 3443; x_wconf 80' lang='lat' dir='ltr'>Attilae</span> <span class='ocrx_word' id='word_1_426' title='bbox 564 3411 745 3443; x_wconf 85' lang='lat' dir='ltr'>nuntiatum</span> <span class='ocrx_word' id='word_1_427' title='bbox 769 3413 832 3450; x_wconf 82' lang='lat' dir='ltr'>est,</span> <span class='ocrx_word' id='word_1_428' title='bbox 850 3412 1043 3443; x_wconf 80' lang='lat' dir='ltr'>Marcianum</span> <span class='ocrx_word' id='word_1_429' title='bbox 1071 3414 1140 3452; x_wconf 78' lang='lat' dir='ltr'>post</span> 
     </span>
    </p>
   </div>
   <div class='ocr_carea' id='block_1_5' title="bbox 1453 307 2008 363">
    <p class='ocr_par' dir='ltr' id='par_1_7' title="bbox 1453 307 2008 363">
     <span class='ocr_line' id='line_1_58' title="bbox 1453 307 2008 363; baseline 0.009 -20"><span class='ocrx_word' id='word_1_430' title='bbox 1453 307 1512 344; x_wconf 88' lang='lat'>15.</span> <span class='ocrx_word' id='word_1_431' title='bbox 1535 307 1643 357; x_wconf 77' lang='lat'>(450.</span> <span class='ocrx_word' id='word_1_432' title='bbox 1667 310 1846 346; x_wconf 83' lang='lat' dir='ltr'>Marciani</span> <span class='ocrx_word' id='word_1_433' title='bbox 1863 324 1923 347; x_wconf 84' lang='lat' dir='ltr'>an.</span> <span class='ocrx_word' id='word_1_434' title='bbox 1951 313 2008 363; x_wconf 90' lang='lat'>1.)</span> 
     </span>
    </p>
   </div>
   <div class='ocr_carea' id='block_1_6' title="bbox 1201 401 2248 1968">
    <p class='ocr_par' dir='ltr' id='par_1_8' title="bbox 1207 401 2248 863">
     <span class='ocr_line' id='line_1_59' title="bbox 1262 401 2244 474; baseline 0.01 -39"><span class='ocrx_word' id='word_1_435' title='bbox 1262 401 1352 436; x_wconf 85' lang='lat' dir='ltr'>Exc.</span> <span class='ocrx_word' id='word_1_436' title='bbox 1376 403 1433 437; x_wconf 91' lang='lat' dir='ltr'>De</span> <span class='ocrx_word' id='word_1_437' title='bbox 1452 402 1524 450; x_wconf 75' lang='lat' dir='ltr'>leg.</span> <span class='ocrx_word' id='word_1_438' title='bbox 1547 410 1650 449; x_wconf 77' lang='lat' dir='ltr'>gent.</span> <span class='ocrx_word' id='word_1_439' title='bbox 1669 416 1708 452; x_wconf 88' lang='lat' dir='ltr'>p.</span> <span class='ocrx_word' id='word_1_440' title='bbox 1735 403 1798 474; x_wconf 77' lang='grc'>39.</span> <span class='ocrx_word' id='word_1_441' title='bbox 1824 410 1899 448; x_wconf 75' lang='grc' dir='ltr'>4οε</span> <span class='ocrx_word' id='word_1_442' title='bbox 1920 404 2003 442; x_wconf 67' lang='grc' dir='ltr'>εὈτι</span> <span class='ocrx_word' id='word_1_443' title='bbox 2024 407 2071 448; x_wconf 81' lang='grc' dir='ltr'>ὡς</span> <span class='ocrx_word' id='word_1_444' title='bbox 2089 407 2244 458; x_wconf 84' lang='grc' dir='ltr'>ἠγγέλθη</span> 
     </span>
     <span class='ocr_line' id='line_1_60' title="bbox 1209 456 2248 510; baseline 0.01 -17"><span class='ocrx_word' id='word_1_445' title='bbox 1209 471 1258 493; x_wconf 88' lang='grc' dir='ltr'>τω</span> <span class='ocrx_word' id='word_1_446' title='bbox 1278 456 1448 509; x_wconf 80' lang='grc' dir='ltr'>Ἀττηλᾳ,</span> <span class='ocrx_word' id='word_1_447' title='bbox 1468 457 1525 495; x_wconf 85' lang='grc' dir='ltr'>τὸν</span> <span class='ocrx_word' id='word_1_448' title='bbox 1547 459 1780 510; x_wconf 76' lang='grc' dir='ltr'>Μαρκιανὸν’</span> <span class='ocrx_word' id='word_1_449' title='bbox 1766 476 1798 504; x_wconf 86' lang='grc' dir='ltr'>ες</span> <span class='ocrx_word' id='word_1_450' title='bbox 1814 462 1858 498; x_wconf 86' lang='grc' dir='ltr'>τὰ</span> <span class='ocrx_word' id='word_1_451' title='bbox 1875 477 1964 500; x_wconf 79' lang='grc' dir='ltr'>κατα</span> <span class='ocrx_word' id='word_1_452' title='bbox 1981 463 2043 509; x_wconf 79' lang='grc' dir='ltr'>τὴν</span> <span class='ocrx_word' id='word_1_453' title='bbox 2057 461 2138 502; x_wconf 79' lang='grc' dir='ltr'>Ἕω</span> <span class='ocrx_word' id='word_1_454' title='bbox 2154 464 2248 502; x_wconf 86' lang='grc' dir='ltr'>Ρω-</span> 
     </span>
     <span class='ocr_line' id='line_1_61' title="bbox 1210 513 2246 568; baseline 0.009 -17"><span class='ocrx_word' id='word_1_455' title='bbox 1210 513 1321 563; x_wconf 81' lang='grc' dir='ltr'>μαῖκὰ</span> <span class='ocrx_word' id='word_1_456' title='bbox 1352 516 1628 567; x_wconf 83' lang='grc' dir='ltr'>παρεληλυθέναι</span> <span class='ocrx_word' id='word_1_457' title='bbox 1659 517 1820 568; x_wconf 79' lang='grc' dir='ltr'>βασίλεια</span> <span class='ocrx_word' id='word_1_458' title='bbox 1847 518 1936 568; x_wconf 83' lang='grc' dir='ltr'>μετὰ</span> <span class='ocrx_word' id='word_1_459' title='bbox 1965 519 2027 566; x_wconf 84' lang='grc' dir='ltr'>τὴν</span> <span class='ocrx_word' id='word_1_460' title='bbox 2056 521 2246 560; x_wconf 84' lang='grc' dir='ltr'>Θεοδοσίου</span> 
     </span>
     <span class='ocr_line' id='line_1_62' title="bbox 1208 571 2247 632; baseline 0.009 -23"><span class='ocrx_word' id='word_1_461' title='bbox 1208 571 1389 619; x_wconf 80' lang='grc' dir='ltr'>τελευτὴν,</span> <span class='ocrx_word' id='word_1_462' title='bbox 1412 576 1563 624; x_wconf 79' lang='grc' dir='ltr'>ἠγγέλθη</span> <span class='ocrx_word' id='word_1_463' title='bbox 1582 575 1617 613; x_wconf 91' lang='grc' dir='ltr'>δε</span> <span class='ocrx_word' id='word_1_464' title='bbox 1639 579 1733 615; x_wconf 80' lang='grc' dir='ltr'>αὐτω</span> <span class='ocrx_word' id='word_1_465' title='bbox 1755 592 1813 614; x_wconf 85' lang='grc' dir='ltr'>και</span> <span class='ocrx_word' id='word_1_466' title='bbox 1834 576 1878 614; x_wconf 90' lang='grc' dir='ltr'>τὰ</span> <span class='ocrx_word' id='word_1_467' title='bbox 1896 579 1958 623; x_wconf 71' lang='grc' dir='ltr'>τῆς</span> <span class='ocrx_word' id='word_1_468' title='bbox 1978 577 2148 630; x_wconf 88' lang='grc' dir='ltr'>Ὁνωρίας</span> <span class='ocrx_word' id='word_1_469' title='bbox 2167 579 2247 632; x_wconf 86' lang='grc' dir='ltr'>πέρι</span> 
     </span>
     <span class='ocr_line' id='line_1_63' title="bbox 1207 630 2244 703; baseline 0.011 -36"><span class='ocrx_word' id='word_1_470' title='bbox 1207 630 1419 703; x_wconf 81' lang='grc' dir='ltr'>γεγενημένα</span> <span class='ocrx_word' id='word_1_471' title='bbox 1433 662 1443 682; x_wconf 97' lang='grc'>,</span> <span class='ocrx_word' id='word_1_472' title='bbox 1460 633 1544 685; x_wconf 85' lang='grc' dir='ltr'>πρὸς</span> <span class='ocrx_word' id='word_1_473' title='bbox 1561 634 1623 684; x_wconf 86' lang='grc' dir='ltr'>μὲν</span> <span class='ocrx_word' id='word_1_474' title='bbox 1641 635 1699 673; x_wconf 86' lang='grc' dir='ltr'>τὸν</span> <span class='ocrx_word' id='word_1_475' title='bbox 1717 635 1886 687; x_wconf 81' lang='grc' dir='ltr'>ἑσπερίων</span> <span class='ocrx_word' id='word_1_476' title='bbox 1901 635 2092 685; x_wconf 86' lang='grc' dir='ltr'>Ῥωμαίων</span> <span class='ocrx_word' id='word_1_477' title='bbox 2104 637 2244 678; x_wconf 84' lang='grc' dir='ltr'>ἔστελλε</span> 
     </span>
     <span class='ocr_line' id='line_1_64' title="bbox 1209 688 2244 746; baseline 0.011 -21"><span class='ocrx_word' id='word_1_478' title='bbox 1209 688 1286 731; x_wconf 91' lang='grc' dir='ltr'>τους</span> <span class='ocrx_word' id='word_1_479' title='bbox 1313 689 1572 740; x_wconf 84' lang='grc' dir='ltr'>διαλεξομένους</span> <span class='ocrx_word' id='word_1_480' title='bbox 1601 692 1707 742; x_wconf 81' lang='grc' dir='ltr'>μηδὲν</span> <span class='ocrx_word' id='word_1_481' title='bbox 1738 693 1909 744; x_wconf 75' lang='grc' dir='ltr'>Ὁνωρίαν</span> <span class='ocrx_word' id='word_1_482' title='bbox 1935 695 2244 746; x_wconf 84' lang='grc' dir='ltr'>πλημμελεῖσθαι,</span> 
     </span>
     <span class='ocr_line' id='line_1_65' title="bbox 1207 746 2247 808; baseline 0.012 -26"><span class='ocrx_word' id='word_1_483' title='bbox 1207 746 1248 792; x_wconf 82' lang='grc' dir='ltr'>ἣν</span> <span class='ocrx_word' id='word_1_484' title='bbox 1275 748 1387 784; x_wconf 80' lang='grc' dir='ltr'>ἑαυτω</span> <span class='ocrx_word' id='word_1_485' title='bbox 1419 748 1502 800; x_wconf 82' lang='grc' dir='ltr'>πρὸς</span> <span class='ocrx_word' id='word_1_486' title='bbox 1523 748 1635 799; x_wconf 85' lang='grc' dir='ltr'>γάμον</span> <span class='ocrx_word' id='word_1_487' title='bbox 1666 751 1916 801; x_wconf 84' lang='grc' dir='ltr'>κατενεγύησε·</span> <span class='ocrx_word' id='word_1_488' title='bbox 1944 754 2154 805; x_wconf 85' lang='grc' dir='ltr'>τιμωρήσειν</span> <span class='ocrx_word' id='word_1_489' title='bbox 2171 755 2247 808; x_wconf 79' lang='grc' dir='ltr'>γὰρ</span> 
     </span>
     <span class='ocr_line' id='line_1_66' title="bbox 1208 805 2242 880; baseline 0.01 -39"><span class='ocrx_word' id='word_1_490' title='bbox 1208 806 1314 856; x_wconf 78' lang='grc' dir='ltr'>αὐτῇ,</span> <span class='ocrx_word' id='word_1_491' title='bbox 1335 807 1363 842; x_wconf 84' lang='grc' dir='ltr'>εἰ</span> <span class='ocrx_word' id='word_1_492' title='bbox 1381 805 1429 855; x_wconf 79' lang='grc' dir='ltr'>μὴ</span> <span class='ocrx_word' id='word_1_493' title='bbox 1447 806 1507 844; x_wconf 81' lang='grc' dir='ltr'>καὶ</span> <span class='ocrx_word' id='word_1_494' title='bbox 1530 806 1574 844; x_wconf 78' lang='grc' dir='ltr'>τὰ</span> <span class='ocrx_word' id='word_1_495' title='bbox 1592 823 1652 854; x_wconf 92' lang='grc' dir='ltr'>της</span> <span class='ocrx_word' id='word_1_496' title='bbox 1675 809 1856 880; x_wconf 84' lang='grc' dir='ltr'>βασιλείας</span> <span class='ocrx_word' id='word_1_497' title='bbox 1885 810 2044 862; x_wconf 72' lang='grc' dir='ltr'>ἀπολάὸῃ</span> <span class='ocrx_word' id='word_1_498' title='bbox 2066 815 2242 863; x_wconf 80' lang='grc' dir='ltr'>σκῆπτρα.</span> 
     </span>
    </p>

    <p class='ocr_par' dir='ltr' id='par_1_9' title="bbox 1201 859 2245 1968">
     <span class='ocr_line' id='line_1_67' title="bbox 1206 859 2243 919; baseline 0.01 -20.207"><span class='ocrx_word' id='word_1_499' title='bbox 1206 859 1374 912; x_wconf 57' lang='grc' dir='ltr'>Ἴῗπεμπε</span> <span class='ocrx_word' id='word_1_500' title='bbox 1399 862 1434 901; x_wconf 82' lang='grc' dir='ltr'>δὲ</span> <span class='ocrx_word' id='word_1_501' title='bbox 1454 879 1514 902; x_wconf 87' lang='grc' dir='ltr'>και</span> <span class='ocrx_word' id='word_1_502' title='bbox 1530 864 1615 916; x_wconf 85' lang='grc' dir='ltr'>πρὸς</span> <span class='ocrx_word' id='word_1_503' title='bbox 1633 881 1711 910; x_wconf 90' lang='grc' dir='ltr'>τους</span> <span class='ocrx_word' id='word_1_504' title='bbox 1733 865 1838 919; x_wconf 83' lang='grc' dir='ltr'>ἑώους</span> <span class='ocrx_word' id='word_1_505' title='bbox 1859 866 2056 917; x_wconf 80' lang='grc' dir='ltr'>Ῥωμαίους</span> <span class='ocrx_word' id='word_1_506' title='bbox 2081 885 2150 908; x_wconf 83' lang='grc' dir='ltr'>των</span> <span class='ocrx_word' id='word_1_507' title='bbox 2176 886 2243 909; x_wconf 84' lang='grc' dir='ltr'>τα-</span> 
     </span>
     <span class='ocr_line' id='line_1_68' title="bbox 1205 920 2243 980; baseline 0.01 -23"><span class='ocrx_word' id='word_1_508' title='bbox 1205 920 1356 970; x_wconf 84' lang='grc' dir='ltr'>χθέντων</span> <span class='ocrx_word' id='word_1_509' title='bbox 1371 921 1483 974; x_wconf 76' lang='grc' dir='ltr'>φόρων</span> <span class='ocrx_word' id='word_1_510' title='bbox 1498 922 1611 961; x_wconf 79' lang='grc' dir='ltr'>ἕνεκα.</span> <span class='ocrx_word' id='word_1_511' title='bbox 1632 923 1834 975; x_wconf 84' lang='grc' dir='ltr'>Ἀπράκτων</span> <span class='ocrx_word' id='word_1_512' title='bbox 1850 924 1914 963; x_wconf 82' lang='grc' dir='ltr'>δὲ’</span> <span class='ocrx_word' id='word_1_513' title='bbox 1902 925 1937 970; x_wconf 85' lang='grc' dir='ltr'>εξ</span> <span class='ocrx_word' id='word_1_514' title='bbox 1957 927 2161 980; x_wconf 78' lang='grc' dir='ltr'>ἀμφοτέρων</span> <span class='ocrx_word' id='word_1_515' title='bbox 2175 931 2243 967; x_wconf 82' lang='grc' dir='ltr'>τῶν</span> 
     </span>
     <span class='ocr_line' id='line_1_69' title="bbox 1206 979 2245 1037; baseline 0.012 -23"><span class='ocrx_word' id='word_1_516' title='bbox 1206 979 1310 1016; x_wconf 81' lang='grc' dir='ltr'>αὐτοῦ</span> <span class='ocrx_word' id='word_1_517' title='bbox 1322 981 1576 1018; x_wconf 82' lang='grc' dir='ltr'>ἐπανελθόντων</span> <span class='ocrx_word' id='word_1_518' title='bbox 1590 981 1770 1034; x_wconf 72' lang='grc' dir='ltr'>πρέσὸεων</span> <span class='ocrx_word' id='word_1_519' title='bbox 1782 1005 1833 1012; x_wconf 89' lang='grc'>-</span> <span class='ocrx_word' id='word_1_520' title='bbox 1845 986 1875 1021; x_wconf 92' lang='grc' dir='ltr'>οι</span> <span class='ocrx_word' id='word_1_521' title='bbox 1889 983 1951 1034; x_wconf 84' lang='grc' dir='ltr'>μὲν</span> <span class='ocrx_word' id='word_1_522' title='bbox 1963 984 2030 1037; x_wconf 85' lang='grc' dir='ltr'>γὰρ</span> <span class='ocrx_word' id='word_1_523' title='bbox 2042 988 2102 1033; x_wconf 79' lang='grc' dir='ltr'>τῆς</span> <span class='ocrx_word' id='word_1_524' title='bbox 2112 986 2245 1026; x_wconf 84' lang='grc' dir='ltr'>Ἕσπε-</span> 
     </span>
     <span class='ocr_line' id='line_1_70' title="bbox 1207 1035 2244 1096; baseline 0.012 -24"><span class='ocrx_word' id='word_1_525' title='bbox 1207 1035 1281 1086; x_wconf 85' lang='grc' dir='ltr'>ρίας</span> <span class='ocrx_word' id='word_1_526' title='bbox 1294 1037 1524 1089; x_wconf 85' lang='grc' dir='ltr'>ἀπεκρίναντο</span> <span class='ocrx_word' id='word_1_527' title='bbox 1535 1069 1544 1086; x_wconf 90' lang='grc'>,</span> <span class='ocrx_word' id='word_1_528' title='bbox 1559 1038 1730 1092; x_wconf 82' lang='grc' dir='ltr'>Ονωρίαν</span> <span class='ocrx_word' id='word_1_529' title='bbox 1746 1042 1840 1078; x_wconf 77' lang='grc' dir='ltr'>αὐτῶ</span> <span class='ocrx_word' id='word_1_530' title='bbox 1857 1044 1889 1086; x_wconf 88' lang='grc' dir='ltr'>ἐς</span> <span class='ocrx_word' id='word_1_531' title='bbox 1903 1043 2015 1094; x_wconf 84' lang='grc' dir='ltr'>γάμον</span> <span class='ocrx_word' id='word_1_532' title='bbox 2031 1047 2138 1083; x_wconf 83' lang='grc' dir='ltr'>ἐλθεῖν</span> <span class='ocrx_word' id='word_1_533' title='bbox 2154 1045 2244 1096; x_wconf 81' lang='grc' dir='ltr'>μήτε</span> 
     </span>
     <span class='ocr_line' id='line_1_71' title="bbox 1206 1098 2244 1159; baseline 0.01 -24"><span class='ocrx_word' id='word_1_534' title='bbox 1206 1098 1388 1147; x_wconf 87' lang='grc' dir='ltr'>δύνασθαι,</span> <span class='ocrx_word' id='word_1_535' title='bbox 1408 1102 1633 1150; x_wconf 76' lang='grc' dir='ltr'>ἐκδεδομένην</span> <span class='ocrx_word' id='word_1_536' title='bbox 1654 1103 1773 1155; x_wconf 88' lang='grc' dir='ltr'>ἀνδρί·</span> <span class='ocrx_word' id='word_1_537' title='bbox 1798 1107 1973 1156; x_wconf 79' lang='grc' dir='ltr'>σκῆπτρον</span> <span class='ocrx_word' id='word_1_538' title='bbox 1996 1105 2032 1143; x_wconf 85' lang='grc' dir='ltr'>δὲ</span> <span class='ocrx_word' id='word_1_539' title='bbox 2047 1107 2135 1159; x_wconf 82' lang='grc' dir='ltr'>αυτῇ</span> <span class='ocrx_word' id='word_1_540' title='bbox 2159 1108 2244 1156; x_wconf 86' lang='grc' dir='ltr'>μηδ’</span> 
     </span>
     <span class='ocr_line' id='line_1_72' title="bbox 1204 1157 2243 1215; baseline 0.009 -21"><span class='ocrx_word' id='word_1_541' title='bbox 1204 1157 1417 1210; x_wconf 68' lang='grc' dir='ltr'>ὀφείλεσθαι·</span> <span class='ocrx_word' id='word_1_542' title='bbox 1437 1160 1475 1196; x_wconf 84' lang='grc' dir='ltr'>οὐ</span> <span class='ocrx_word' id='word_1_543' title='bbox 1495 1159 1562 1212; x_wconf 85' lang='grc' dir='ltr'>γὰρ</span> <span class='ocrx_word' id='word_1_544' title='bbox 1581 1162 1747 1208; x_wconf 86' lang='grc' dir='ltr'>θηλειων,</span> <span class='ocrx_word' id='word_1_545' title='bbox 1762 1163 1843 1200; x_wconf 85' lang='grc' dir='ltr'>ἀλλ’</span> <span class='ocrx_word' id='word_1_546' title='bbox 1863 1162 2014 1215; x_wconf 84' lang='grc' dir='ltr'>ἀρρένων</span> <span class='ocrx_word' id='word_1_547' title='bbox 2031 1167 2054 1210; x_wconf 85' lang='grc' dir='ltr'>ἡ</span> <span class='ocrx_word' id='word_1_548' title='bbox 2070 1167 2131 1212; x_wconf 73' lang='grc' dir='ltr'>τῆς</span> <span class='ocrx_word' id='word_1_549' title='bbox 2149 1164 2243 1205; x_wconf 81' lang='grc' dir='ltr'>Ῥω·</span> 
     </span>
     <span class='ocr_line' id='line_1_73' title="bbox 1205 1218 2244 1276; baseline 0.01 -23"><span class='ocrx_word' id='word_1_550' title='bbox 1205 1219 1334 1265; x_wconf 83' lang='grc' dir='ltr'>μαῖκης</span> <span class='ocrx_word' id='word_1_551' title='bbox 1368 1218 1546 1269; x_wconf 84' lang='grc' dir='ltr'>βασιλείας</span> <span class='ocrx_word' id='word_1_552' title='bbox 1574 1219 1681 1271; x_wconf 82' lang='grc' dir='ltr'>ἀρχή.</span> <span class='ocrx_word' id='word_1_553' title='bbox 1739 1222 1786 1259; x_wconf 85' lang='grc' dir='ltr'>Οἱ</span> <span class='ocrx_word' id='word_1_554' title='bbox 1806 1221 1841 1259; x_wconf 83' lang='grc' dir='ltr'>δὲ</span> <span class='ocrx_word' id='word_1_555' title='bbox 1870 1224 1930 1268; x_wconf 76' lang='grc' dir='ltr'>τῆς</span> <span class='ocrx_word' id='word_1_556' title='bbox 1956 1221 2003 1260; x_wconf 80' lang='grc' dir='ltr'>ἕω</span> <span class='ocrx_word' id='word_1_557' title='bbox 2029 1222 2161 1275; x_wconf 79' lang='grc' dir='ltr'>ἔφασαν</span> <span class='ocrx_word' id='word_1_558' title='bbox 2180 1225 2244 1276; x_wconf 76' lang='grc' dir='ltr'>οὐχ</span> 
     </span>
     <span class='ocr_line' id='line_1_74' title="bbox 1204 1275 2243 1330; baseline 0.009 -19"><span class='ocrx_word' id='word_1_559' title='bbox 1204 1275 1458 1321; x_wconf 82' lang='grc' dir='ltr'>ὗποστησεσθαι</span> <span class='ocrx_word' id='word_1_560' title='bbox 1486 1275 1548 1323; x_wconf 84' lang='grc' dir='ltr'>τὴν</span> <span class='ocrx_word' id='word_1_561' title='bbox 1576 1281 1637 1315; x_wconf 79' lang='grc' dir='ltr'>τοῦ</span> <span class='ocrx_word' id='word_1_562' title='bbox 1665 1278 1770 1330; x_wconf 82' lang='grc' dir='ltr'>φόρου</span> <span class='ocrx_word' id='word_1_563' title='bbox 1798 1279 2008 1330; x_wconf 79' lang='grc' dir='ltr'>ἀπαγωγὴν,</span> <span class='ocrx_word' id='word_1_564' title='bbox 2035 1281 2080 1327; x_wconf 81' lang='grc' dir='ltr'>ἢν</span> <span class='ocrx_word' id='word_1_565' title='bbox 2110 1284 2128 1319; x_wconf 90' lang='grc' dir='ltr'>ὁ</span> <span class='ocrx_word' id='word_1_566' title='bbox 2155 1285 2243 1322; x_wconf 86' lang='grc' dir='ltr'>Θεο-</span> 
     </span>
     <span class='ocr_line' id='line_1_75' title="bbox 1204 1333 2243 1390; baseline 0.008 -20"><span class='ocrx_word' id='word_1_567' title='bbox 1204 1333 1314 1377; x_wconf 89' lang='grc' dir='ltr'>δόσιος</span> <span class='ocrx_word' id='word_1_568' title='bbox 1331 1333 1447 1378; x_wconf 85' lang='grc' dir='ltr'>ἔταξε·</span> <span class='ocrx_word' id='word_1_569' title='bbox 1466 1335 1526 1373; x_wconf 87' lang='grc' dir='ltr'>καὶ</span> <span class='ocrx_word' id='word_1_570' title='bbox 1547 1337 1756 1388; x_wconf 72' lang='grc' dir='ltr'>ἡσυχάζοντι</span> <span class='ocrx_word' id='word_1_571' title='bbox 1778 1336 1840 1387; x_wconf 84' lang='grc' dir='ltr'>μὲν</span> <span class='ocrx_word' id='word_1_572' title='bbox 1860 1339 1953 1390; x_wconf 82' lang='grc' dir='ltr'>δωρα</span> <span class='ocrx_word' id='word_1_573' title='bbox 1975 1338 2117 1390; x_wconf 83' lang='grc' dir='ltr'>δώσειν,</span> <span class='ocrx_word' id='word_1_574' title='bbox 2137 1340 2243 1379; x_wconf 84' lang='grc' dir='ltr'>πόλε-</span> 
     </span>
     <span class='ocr_line' id='line_1_76' title="bbox 1204 1391 2241 1448; baseline 0.009 -20"><span class='ocrx_word' id='word_1_575' title='bbox 1204 1406 1268 1441; x_wconf 92' lang='grc' dir='ltr'>μον</span> <span class='ocrx_word' id='word_1_576' title='bbox 1290 1391 1325 1430; x_wconf 80' lang='grc' dir='ltr'>δὲ</span> <span class='ocrx_word' id='word_1_577' title='bbox 1347 1394 1546 1431; x_wconf 79' lang='grc' dir='ltr'>ἀπειλοῦντι</span> <span class='ocrx_word' id='word_1_578' title='bbox 1565 1392 1658 1432; x_wconf 84' lang='grc' dir='ltr'>ὅπλα</span> <span class='ocrx_word' id='word_1_579' title='bbox 1680 1395 1738 1433; x_wconf 74' lang='grc' dir='ltr'>καὶ</span> <span class='ocrx_word' id='word_1_580' title='bbox 1760 1396 1884 1448; x_wconf 86' lang='grc' dir='ltr'>ἄνδρας</span> <span class='ocrx_word' id='word_1_581' title='bbox 1904 1396 2040 1441; x_wconf 80' lang='grc' dir='ltr'>ἐπάξειν</span> <span class='ocrx_word' id='word_1_582' title='bbox 2059 1400 2120 1444; x_wconf 78' lang='grc' dir='ltr'>τῆς</span> <span class='ocrx_word' id='word_1_583' title='bbox 2137 1400 2241 1437; x_wconf 64' lang='grc' dir='ltr'>αὐτοῦ</span> 
     </span>
     <span class='ocr_line' id='line_1_77' title="bbox 1203 1450 2242 1507; baseline 0.006 -19"><span class='ocrx_word' id='word_1_584' title='bbox 1203 1466 1252 1500; x_wconf 91' lang='grc' dir='ltr'>μη</span> <span class='ocrx_word' id='word_1_585' title='bbox 1270 1450 1529 1502; x_wconf 83' lang='grc' dir='ltr'>λειπομένους</span> <span class='ocrx_word' id='word_1_586' title='bbox 1511 1452 1702 1501; x_wconf 82' lang='grc' dir='ltr'>ουνάμεως.</span> <span class='ocrx_word' id='word_1_587' title='bbox 1719 1454 1922 1506; x_wconf 84' lang='grc' dir='ltr'>Ἔμερίζετο</span> <span class='ocrx_word' id='word_1_588' title='bbox 1938 1458 1995 1493; x_wconf 89' lang='grc' dir='ltr'>ουν</span> <span class='ocrx_word' id='word_1_589' title='bbox 2009 1454 2072 1502; x_wconf 83' lang='grc' dir='ltr'>τὴν</span> <span class='ocrx_word' id='word_1_590' title='bbox 2085 1455 2242 1507; x_wconf 86' lang='grc' dir='ltr'>γνώμην,</span> 
     </span>
     <span class='ocr_line' id='line_1_78' title="bbox 1203 1510 2243 1565; baseline 0.006 -19"><span class='ocrx_word' id='word_1_591' title='bbox 1203 1525 1261 1547; x_wconf 86' lang='grc' dir='ltr'>και</span> <span class='ocrx_word' id='word_1_592' title='bbox 1273 1510 1429 1562; x_wconf 88' lang='grc' dir='ltr'>διηπόρει</span> <span class='ocrx_word' id='word_1_593' title='bbox 1445 1510 1554 1555; x_wconf 89' lang='grc' dir='ltr'>ποίοις</span> <span class='ocrx_word' id='word_1_594' title='bbox 1568 1511 1732 1564; x_wconf 85' lang='grc' dir='ltr'>πρότερον</span> <span class='ocrx_word' id='word_1_595' title='bbox 1743 1512 1960 1560; x_wconf 79' lang='grc' dir='ltr'>ἐπιθήσεται,</span> <span class='ocrx_word' id='word_1_596' title='bbox 1973 1529 2033 1551; x_wconf 86' lang='grc' dir='ltr'>και</span> <span class='ocrx_word' id='word_1_597' title='bbox 2045 1513 2134 1565; x_wconf 82' lang='grc' dir='ltr'>ἔχειν</span> <span class='ocrx_word' id='word_1_598' title='bbox 2148 1516 2243 1552; x_wconf 83' lang='grc' dir='ltr'>αὐτῶ</span> 
     </span>
     <span class='ocr_line' id='line_1_79' title="bbox 1202 1567 2240 1623; baseline 0.005 -19"><span class='ocrx_word' id='word_1_599' title='bbox 1202 1567 1312 1605; x_wconf 79' lang='grc' dir='ltr'>ἐδόκει</span> <span class='ocrx_word' id='word_1_600' title='bbox 1331 1570 1446 1612; x_wconf 82' lang='grc' dir='ltr'>καλῶς</span> <span class='ocrx_word' id='word_1_601' title='bbox 1467 1569 1552 1613; x_wconf 76' lang='grc' dir='ltr'>τέως</span> <span class='ocrx_word' id='word_1_602' title='bbox 1572 1571 1629 1608; x_wconf 85' lang='grc' dir='ltr'>ἐπι</span> <span class='ocrx_word' id='word_1_603' title='bbox 1649 1587 1706 1608; x_wconf 90' lang='grc' dir='ltr'>τον</span> <span class='ocrx_word' id='word_1_604' title='bbox 1729 1571 1868 1621; x_wconf 87' lang='grc' dir='ltr'>μείζονα</span> <span class='ocrx_word' id='word_1_605' title='bbox 1884 1571 2070 1623; x_wconf 83' lang='grc' dir='ltr'>τρέπεσθαι</span> <span class='ocrx_word' id='word_1_606' title='bbox 2088 1572 2240 1622; x_wconf 84' lang='grc' dir='ltr'>πόλεμον</span> 
     </span>
     <span class='ocr_line' id='line_1_80' title="bbox 1202 1628 2240 1684; baseline 0.007 -21"><span class='ocrx_word' id='word_1_607' title='bbox 1202 1642 1262 1663; x_wconf 89' lang='grc' dir='ltr'>και</span> <span class='ocrx_word' id='word_1_608' title='bbox 1280 1628 1313 1670; x_wconf 88' lang='grc' dir='ltr'>ἐς</span> <span class='ocrx_word' id='word_1_609' title='bbox 1332 1643 1396 1673; x_wconf 89' lang='grc' dir='ltr'>την</span> <span class='ocrx_word' id='word_1_610' title='bbox 1417 1628 1566 1680; x_wconf 80' lang='grc' dir='ltr'>ἑσπέραν</span> <span class='ocrx_word' id='word_1_611' title='bbox 1583 1629 1849 1682; x_wconf 82' lang='grc' dir='ltr'>στρατεύεσθαι,</span> <span class='ocrx_word' id='word_1_612' title='bbox 1866 1634 1928 1677; x_wconf 75' lang='grc' dir='ltr'>τῆς</span> <span class='ocrx_word' id='word_1_613' title='bbox 1945 1630 2063 1683; x_wconf 78' lang='grc' dir='ltr'>μάχης</span> <span class='ocrx_word' id='word_1_614' title='bbox 2079 1633 2172 1684; x_wconf 76' lang='grc' dir='ltr'>αὐτῷ</span> <span class='ocrx_word' id='word_1_615' title='bbox 2192 1631 2240 1682; x_wconf 79' lang='grc' dir='ltr'>μὴ</span> 
     </span>
     <span class='ocr_line' id='line_1_81' title="bbox 1203 1684 2242 1740; baseline 0.007 -19"><span class='ocrx_word' id='word_1_616' title='bbox 1203 1684 1304 1732; x_wconf 86' lang='grc' dir='ltr'>μόνον</span> <span class='ocrx_word' id='word_1_617' title='bbox 1334 1685 1417 1738; x_wconf 81' lang='grc' dir='ltr'>πρὸς</span> <span class='ocrx_word' id='word_1_618' title='bbox 1445 1686 1667 1734; x_wconf 83' lang='grc' dir='ltr'>Ἰταλιώτας,</span> <span class='ocrx_word' id='word_1_619' title='bbox 1699 1687 1789 1725; x_wconf 85' lang='grc' dir='ltr'>ἀλλὰ</span> <span class='ocrx_word' id='word_1_620' title='bbox 1819 1688 1879 1726; x_wconf 84' lang='grc' dir='ltr'>καὶ</span> <span class='ocrx_word' id='word_1_621' title='bbox 1906 1688 1991 1740; x_wconf 83' lang='grc' dir='ltr'>πρὸς</span> <span class='ocrx_word' id='word_1_622' title='bbox 2019 1689 2164 1732; x_wconf 84' lang='grc' dir='ltr'>Γότθους</span> <span class='ocrx_word' id='word_1_623' title='bbox 2182 1691 2242 1728; x_wconf 79' lang='grc' dir='ltr'>καὶ</span> 
     </span>
     <span class='ocr_line' id='line_1_82' title="bbox 1203 1743 2241 1797; baseline 0.006 -17"><span class='ocrx_word' id='word_1_624' title='bbox 1203 1743 1389 1793; x_wconf 82' lang='grc' dir='ltr'>Φράγγους</span> <span class='ocrx_word' id='word_1_625' title='bbox 1420 1744 1602 1794; x_wconf 81' lang='grc' dir='ltr'>ἐσομένης,</span> <span class='ocrx_word' id='word_1_626' title='bbox 1633 1746 1718 1797; x_wconf 74' lang='grc' dir='ltr'>πρὸς</span> <span class='ocrx_word' id='word_1_627' title='bbox 1751 1745 1813 1796; x_wconf 82' lang='grc' dir='ltr'>μὲν</span> <span class='ocrx_word' id='word_1_628' title='bbox 1838 1745 2039 1790; x_wconf 80' lang='grc' dir='ltr'>Ἰταλιώτας</span> <span class='ocrx_word' id='word_1_629' title='bbox 2058 1746 2148 1785; x_wconf 86' lang='grc' dir='ltr'>ὥστε</span> <span class='ocrx_word' id='word_1_630' title='bbox 2178 1746 2241 1794; x_wconf 83' lang='grc' dir='ltr'>τὴν</span> 
     </span>
     <span class='ocr_line' id='line_1_83' title="bbox 1203 1800 2243 1857; baseline 0.004 -17"><span class='ocrx_word' id='word_1_631' title='bbox 1203 1800 1377 1854; x_wconf 88' lang='grc' dir='ltr'>Ὁνωρίαν</span> <span class='ocrx_word' id='word_1_632' title='bbox 1395 1802 1483 1851; x_wconf 79' lang='grc' dir='ltr'>μετὰ</span> <span class='ocrx_word' id='word_1_633' title='bbox 1498 1806 1564 1840; x_wconf 82' lang='grc' dir='ltr'>τῶν</span> <span class='ocrx_word' id='word_1_634' title='bbox 1579 1804 1773 1855; x_wconf 82' lang='grc' dir='ltr'>χρημάτων</span> <span class='ocrx_word' id='word_1_635' title='bbox 1789 1804 1909 1842; x_wconf 71' lang='grc' dir='ltr'>λαὸεῖν</span> <span class='ocrx_word' id='word_1_636' title='bbox 1921 1836 1931 1854; x_wconf 85' lang='grc'>,</span> <span class='ocrx_word' id='word_1_637' title='bbox 1945 1805 2030 1857; x_wconf 86' lang='grc' dir='ltr'>πρὸς</span> <span class='ocrx_word' id='word_1_638' title='bbox 2045 1805 2080 1843; x_wconf 81' lang='grc' dir='ltr'>δὲ</span> <span class='ocrx_word' id='word_1_639' title='bbox 2097 1805 2243 1850; x_wconf 84' lang='grc' dir='ltr'>Γότθους</span> 
     </span>
     <span class='ocr_line' id='line_1_84' title="bbox 1201 1858 2239 1914; baseline 0.007 -19"><span class='ocrx_word' id='word_1_640' title='bbox 1201 1858 1303 1910; x_wconf 82' lang='grc' dir='ltr'>χάριν</span> <span class='ocrx_word' id='word_1_641' title='bbox 1333 1860 1505 1912; x_wconf 75' lang='grc' dir='ltr'>Γεζερίχῳ</span> <span class='ocrx_word' id='word_1_642' title='bbox 1524 1861 1805 1912; x_wconf 82' lang='grc' dir='ltr'>κατατιθέμενον.</span> <span class='ocrx_word' id='word_1_643' title='bbox 1829 1864 1886 1901; x_wconf 87' lang='lat' dir='ltr'>Cf.</span> <span class='ocrx_word' id='word_1_644' title='bbox 1919 1865 2134 1904; x_wconf 89' lang='lat' dir='ltr'>Tillemont.</span> <span class='ocrx_word' id='word_1_645' title='bbox 2165 1868 2239 1914; x_wconf 87' lang='lat' dir='ltr'>Vl,</span> 
     </span>
     <span class='ocr_line' id='line_1_85' title="bbox 1201 1919 1810 1968; baseline 0.008 -15"><span class='ocrx_word' id='word_1_646' title='bbox 1201 1931 1240 1966; x_wconf 86' lang='lat' dir='ltr'>p.</span> <span class='ocrx_word' id='word_1_647' title='bbox 1266 1919 1337 1961; x_wconf 77' lang='lat'>146</span> <span class='ocrx_word' id='word_1_648' title='bbox 1355 1933 1438 1968; x_wconf 85' lang='lat' dir='ltr'>sqq.</span> <span class='ocrx_word' id='word_1_649' title='bbox 1461 1922 1671 1957; x_wconf 81' lang='lat' dir='ltr'>Jornandes</span> <span class='ocrx_word' id='word_1_650' title='bbox 1689 1935 1722 1957; x_wconf 88' lang='lat' dir='ltr'>c.</span> <span class='ocrx_word' id='word_1_651' title='bbox 1748 1922 1810 1958; x_wconf 86' lang='lat'>36.</span> 
     </span>
    </p>
   </div>
   <div class='ocr_carea' id='block_1_7' title="bbox 1442 2013 2001 2066">
    <p class='ocr_par' dir='ltr' id='par_1_10' title="bbox 1442 2013 2001 2066">
     <span class='ocr_line' id='line_1_86' title="bbox 1442 2013 2001 2066; baseline 0.005 -18"><span class='ocrx_word' id='word_1_652' title='bbox 1442 2015 1502 2050; x_wconf 88' lang='lat'>16.</span> <span class='ocrx_word' id='word_1_653' title='bbox 1525 2013 1637 2062; x_wconf 74' lang='lat'>(450.</span> <span class='ocrx_word' id='word_1_654' title='bbox 1660 2016 1843 2050; x_wconf 86' lang='lat' dir='ltr'>Marciani</span> <span class='ocrx_word' id='word_1_655' title='bbox 1858 2027 1919 2051; x_wconf 88' lang='lat' dir='ltr'>an.</span> <span class='ocrx_word' id='word_1_656' title='bbox 1944 2014 2001 2066; x_wconf 89' lang='lat'>1.)</span> 
     </span>
    </p>
   </div>
   <div class='ocr_carea' id='block_1_8' title="bbox 1201 2095 2239 2211">
    <p class='ocr_par' dir='ltr' id='par_1_11' title="bbox 1201 2095 2239 2211">
     <span class='ocr_line' id='line_1_87' title="bbox 1255 2095 2239 2154; baseline 0.007 -21"><span class='ocrx_word' id='word_1_657' title='bbox 1255 2097 1400 2134; x_wconf 85' lang='lat' dir='ltr'>Ibidem</span> <span class='ocrx_word' id='word_1_658' title='bbox 1412 2112 1453 2148; x_wconf 87' lang='lat' dir='ltr'>p.</span> <span class='ocrx_word' id='word_1_659' title='bbox 1473 2104 1520 2143; x_wconf 60' lang='lat'>[20</span> <span class='ocrx_word' id='word_1_660' title='bbox 1541 2097 1648 2138; x_wconf 73' lang='lat' dir='ltr'>:⁰Ori</span> <span class='ocrx_word' id='word_1_661' title='bbox 1661 2101 1710 2152; x_wconf 87' lang='grc' dir='ltr'>τῷ</span> <span class='ocrx_word' id='word_1_662' title='bbox 1724 2099 1874 2152; x_wconf 80' lang='grc' dir='ltr'>Ἀττήλᾳ</span> <span class='ocrx_word' id='word_1_663' title='bbox 1887 2095 1930 2148; x_wconf 73' lang='grc' dir='ltr'>ἧν</span> <span class='ocrx_word' id='word_1_664' title='bbox 1942 2103 2002 2139; x_wconf 73' lang='grc' dir='ltr'>τοῦ</span> <span class='ocrx_word' id='word_1_665' title='bbox 2018 2100 2103 2154; x_wconf 82' lang='grc' dir='ltr'>πρὸς</span> <span class='ocrx_word' id='word_1_666' title='bbox 2116 2101 2239 2154; x_wconf 83' lang='grc' dir='ltr'>Φράγ-</span> 
     </span>
     <span class='ocr_line' id='line_1_88' title="bbox 1201 2156 2238 2211; baseline 0.006 -19"><span class='ocrx_word' id='word_1_667' title='bbox 1201 2169 1279 2204; x_wconf 90' lang='grc' dir='ltr'>γους</span> <span class='ocrx_word' id='word_1_668' title='bbox 1300 2156 1453 2205; x_wconf 82' lang='grc' dir='ltr'>πολέμου</span> <span class='ocrx_word' id='word_1_669' title='bbox 1472 2157 1642 2211; x_wconf 68' lang='grc' dir='ltr'>πρόφασις</span> <span class='ocrx_word' id='word_1_670' title='bbox 1664 2161 1685 2204; x_wconf 82' lang='grc' dir='ltr'>ἡ</span> <span class='ocrx_word' id='word_1_671' title='bbox 1706 2162 1767 2196; x_wconf 77' lang='grc' dir='ltr'>τοῦ</span> <span class='ocrx_word' id='word_1_672' title='bbox 1788 2161 1882 2210; x_wconf 76' lang='grc' dir='ltr'>σφῶν</span> <span class='ocrx_word' id='word_1_673' title='bbox 1905 2159 2075 2211; x_wconf 84' lang='grc' dir='ltr'>βασιλέως</span> <span class='ocrx_word' id='word_1_674' title='bbox 2095 2158 2238 2206; x_wconf 82' lang='grc' dir='ltr'>τελευτὴ</span> 
     </span>
    </p>
   </div>
   <div class='ocr_carea' id='block_1_9' title="bbox 146 2227 2240 2246">
    <p class='ocr_par' dir='ltr' id='par_1_12' title="bbox 146 2227 2240 2246">
     <span class='ocr_line' id='line_1_89' title="bbox 146 2227 2240 2246; baseline 0 1478"><span class='ocrx_word' id='word_1_675' title='bbox 146 2227 2240 2246; x_wconf 95' lang='lat' dir='ltr'> </span> 
     </span>
    </p>
   </div>
   <div class='ocr_carea' id='block_1_10' title="bbox 1200 2267 2240 2876">
    <p class='ocr_par' dir='ltr' id='par_1_13' title="bbox 1200 2267 2240 2876">
     <span class='ocr_line' id='line_1_90' title="bbox 1201 2267 2240 2312; baseline 0.006 -15"><span class='ocrx_word' id='word_1_676' title='bbox 1201 2267 1367 2299; x_wconf 75' lang='lat' dir='ltr'>Theodosii</span> <span class='ocrx_word' id='word_1_677' title='bbox 1387 2271 1522 2300; x_wconf 88' lang='lat' dir='ltr'>mortem</span> <span class='ocrx_word' id='word_1_678' title='bbox 1539 2270 1578 2300; x_wconf 88' lang='lat' dir='ltr'>ad</span> <span class='ocrx_word' id='word_1_679' title='bbox 1598 2270 1766 2310; x_wconf 87' lang='lat' dir='ltr'>imperium</span> <span class='ocrx_word' id='word_1_680' title='bbox 1781 2271 1959 2310; x_wconf 86' lang='lat' dir='ltr'>pervenisse</span> <span class='ocrx_word' id='word_1_681' title='bbox 1970 2296 1979 2311; x_wconf 89' lang='lat'><strong><em>,</em></strong></span> <span class='ocrx_word' id='word_1_682' title='bbox 1994 2273 2026 2303; x_wconf 86' lang='lat' dir='ltr'>et</span> <span class='ocrx_word' id='word_1_683' title='bbox 2041 2281 2115 2312; x_wconf 78' lang='lat' dir='ltr'>quae</span> <span class='ocrx_word' id='word_1_684' title='bbox 2135 2274 2240 2304; x_wconf 78' lang='lat' dir='ltr'>Hono-</span> 
     </span>
     <span class='ocr_line' id='line_1_91' title="bbox 1200 2319 2240 2363; baseline 0.006 -14"><span class='ocrx_word' id='word_1_685' title='bbox 1200 2319 1256 2350; x_wconf 83' lang='lat' dir='ltr'>riae</span> <span class='ocrx_word' id='word_1_686' title='bbox 1274 2319 1480 2358; x_wconf 79' lang='lat' dir='ltr'>accidissent,</span> <span class='ocrx_word' id='word_1_687' title='bbox 1499 2320 1537 2351; x_wconf 88' lang='lat' dir='ltr'>ad</span> <span class='ocrx_word' id='word_1_688' title='bbox 1555 2330 1647 2361; x_wconf 88' lang='lat' dir='ltr'>eum,</span> <span class='ocrx_word' id='word_1_689' title='bbox 1662 2322 1715 2361; x_wconf 87' lang='lat' dir='ltr'>qui</span> <span class='ocrx_word' id='word_1_690' title='bbox 1733 2322 1764 2352; x_wconf 91' lang='lat' dir='ltr'>in</span> <span class='ocrx_word' id='word_1_691' title='bbox 1783 2322 1956 2354; x_wconf 88' lang='lat' dir='ltr'>Occidente</span> <span class='ocrx_word' id='word_1_692' title='bbox 1971 2331 2077 2356; x_wconf 83' lang='lat' dir='ltr'>rerum</span> <span class='ocrx_word' id='word_1_693' title='bbox 2097 2322 2240 2363; x_wconf 90' lang='lat' dir='ltr'>potieba-</span> 
     </span>
     <span class='ocr_line' id='line_1_92' title="bbox 1201 2371 2237 2414; baseline 0.005 -14"><span class='ocrx_word' id='word_1_694' title='bbox 1201 2372 1265 2409; x_wconf 84' lang='lat' dir='ltr'>tur,</span> <span class='ocrx_word' id='word_1_695' title='bbox 1288 2371 1371 2403; x_wconf 84' lang='lat' dir='ltr'>misit</span> <span class='ocrx_word' id='word_1_696' title='bbox 1399 2372 1452 2412; x_wconf 90' lang='lat' dir='ltr'>qui</span> <span class='ocrx_word' id='word_1_697' title='bbox 1476 2372 1722 2412; x_wconf 83' lang='lat' dir='ltr'>contenderent,</span> <span class='ocrx_word' id='word_1_698' title='bbox 1740 2373 1912 2404; x_wconf 80' lang='lat' dir='ltr'>llonoriani</span> <span class='ocrx_word' id='word_1_699' title='bbox 1931 2373 2008 2405; x_wconf 90' lang='lat' dir='ltr'>nihil</span> <span class='ocrx_word' id='word_1_700' title='bbox 2024 2382 2058 2405; x_wconf 87' lang='lat' dir='ltr'>se</span> <span class='ocrx_word' id='word_1_701' title='bbox 2073 2373 2237 2414; x_wconf 85' lang='lat' dir='ltr'>indignum</span> 
     </span>
     <span class='ocr_line' id='line_1_93' title="bbox 1201 2422 2237 2465; baseline 0.004 -12"><span class='ocrx_word' id='word_1_702' title='bbox 1201 2422 1382 2460; x_wconf 86' lang='lat' dir='ltr'>admisisse,</span> <span class='ocrx_word' id='word_1_703' title='bbox 1408 2432 1506 2464; x_wconf 85' lang='lat' dir='ltr'>quam</span> <span class='ocrx_word' id='word_1_704' title='bbox 1534 2423 1737 2455; x_wconf 89' lang='lat' dir='ltr'>matrimonio</span> <span class='ocrx_word' id='word_1_705' title='bbox 1762 2433 1820 2455; x_wconf 90' lang='lat' dir='ltr'>suo</span> <span class='ocrx_word' id='word_1_706' title='bbox 1848 2424 2032 2456; x_wconf 85' lang='lat' dir='ltr'>destinasset</span> <span class='ocrx_word' id='word_1_707' title='bbox 2042 2436 2055 2464; x_wconf 67' lang='grc' dir='ltr'>ς,</span> <span class='ocrx_word' id='word_1_708' title='bbox 2074 2433 2171 2465; x_wconf 87' lang='lat' dir='ltr'>seque</span> <span class='ocrx_word' id='word_1_709' title='bbox 2193 2426 2237 2457; x_wconf 91' lang='lat' dir='ltr'>illi</span> 
     </span>
     <span class='ocr_line' id='line_1_94' title="bbox 1203 2474 2239 2516; baseline 0.004 -12"><span class='ocrx_word' id='word_1_710' title='bbox 1203 2474 1356 2505; x_wconf 83' lang='lat' dir='ltr'>auxilium</span> <span class='ocrx_word' id='word_1_711' title='bbox 1374 2475 1534 2515; x_wconf 88' lang='lat' dir='ltr'>laturum,</span> <span class='ocrx_word' id='word_1_712' title='bbox 1552 2475 1610 2507; x_wconf 91' lang='lat' dir='ltr'>nisi</span> <span class='ocrx_word' id='word_1_713' title='bbox 1629 2484 1755 2507; x_wconf 86' lang='lat' dir='ltr'>summa</span> <span class='ocrx_word' id='word_1_714' title='bbox 1768 2484 1896 2515; x_wconf 85' lang='lat' dir='ltr'>quoque</span> <span class='ocrx_word' id='word_1_715' title='bbox 1912 2475 2035 2516; x_wconf 88' lang='lat' dir='ltr'>imperii</span> <span class='ocrx_word' id='word_1_716' title='bbox 2051 2474 2080 2508; x_wconf 84' lang='lat' dir='ltr'>ei</span> <span class='ocrx_word' id='word_1_717' title='bbox 2099 2476 2239 2508; x_wconf 79' lang='lat' dir='ltr'>deferre-</span> 
     </span>
     <span class='ocr_line' id='line_1_95' title="bbox 1200 2525 2239 2559; baseline 0.003 -4"><span class='ocrx_word' id='word_1_718' title='bbox 1200 2525 1264 2556; x_wconf 81' lang='lat' dir='ltr'>tur.</span> <span class='ocrx_word' id='word_1_719' title='bbox 1283 2525 1367 2557; x_wconf 86' lang='lat' dir='ltr'>Misit</span> <span class='ocrx_word' id='word_1_720' title='bbox 1387 2526 1472 2557; x_wconf 87' lang='lat' dir='ltr'>etad</span> <span class='ocrx_word' id='word_1_721' title='bbox 1491 2529 1652 2558; x_wconf 85' lang='lat' dir='ltr'>Romanos</span> <span class='ocrx_word' id='word_1_722' title='bbox 1676 2527 1855 2558; x_wconf 83' lang='lat' dir='ltr'>orientales</span> <span class='ocrx_word' id='word_1_723' title='bbox 1873 2526 2068 2559; x_wconf 86' lang='lat' dir='ltr'>tributorum</span> <span class='ocrx_word' id='word_1_724' title='bbox 2083 2527 2239 2559; x_wconf 86' lang='lat' dir='ltr'>constitu-</span> 
     </span>
     <span class='ocr_line' id='line_1_96' title="bbox 1201 2578 2237 2620; baseline 0.003 -12"><span class='ocrx_word' id='word_1_725' title='bbox 1201 2578 1306 2609; x_wconf 85' lang='lat' dir='ltr'>torum</span> <span class='ocrx_word' id='word_1_726' title='bbox 1323 2579 1433 2618; x_wconf 84' lang='lat' dir='ltr'>gratia.</span> <span class='ocrx_word' id='word_1_727' title='bbox 1452 2579 1513 2611; x_wconf 86' lang='lat' dir='ltr'>Sed</span> <span class='ocrx_word' id='word_1_728' title='bbox 1530 2589 1563 2611; x_wconf 90' lang='lat' dir='ltr'>re</span> <span class='ocrx_word' id='word_1_729' title='bbox 1581 2579 1698 2611; x_wconf 78' lang='lat' dir='ltr'>inlecta</span> <span class='ocrx_word' id='word_1_730' title='bbox 1723 2579 1815 2619; x_wconf 83' lang='lat' dir='ltr'>legati</span> <span class='ocrx_word' id='word_1_731' title='bbox 1834 2579 1997 2620; x_wconf 84' lang='lat' dir='ltr'>utrimque</span> <span class='ocrx_word' id='word_1_732' title='bbox 2017 2581 2093 2611; x_wconf 89' lang='lat' dir='ltr'>sunt</span> <span class='ocrx_word' id='word_1_733' title='bbox 2108 2580 2237 2612; x_wconf 83' lang='lat' dir='ltr'>reversi.</span> 
     </span>
     <span class='ocr_line' id='line_1_97' title="bbox 1203 2629 2238 2672; baseline 0.003 -12"><span class='ocrx_word' id='word_1_734' title='bbox 1203 2629 1328 2661; x_wconf 83' lang='lat' dir='ltr'>Etenim</span> <span class='ocrx_word' id='word_1_735' title='bbox 1345 2630 1399 2670; x_wconf 89' lang='lat' dir='ltr'>qui</span> <span class='ocrx_word' id='word_1_736' title='bbox 1420 2631 1602 2662; x_wconf 81' lang='lat' dir='ltr'>Occidentis</span> <span class='ocrx_word' id='word_1_737' title='bbox 1621 2631 1753 2671; x_wconf 88' lang='lat' dir='ltr'>imperio</span> <span class='ocrx_word' id='word_1_738' title='bbox 1770 2632 1921 2671; x_wconf 75' lang='lat' dir='ltr'>praeerat,</span> <span class='ocrx_word' id='word_1_739' title='bbox 1939 2631 2116 2672; x_wconf 86' lang='lat' dir='ltr'>respondit,</span> <span class='ocrx_word' id='word_1_740' title='bbox 2134 2633 2238 2663; x_wconf 80' lang='lat' dir='ltr'>Hono-</span> 
     </span>
     <span class='ocr_line' id='line_1_98' title="bbox 1201 2679 2239 2722; baseline 0.003 -11"><span class='ocrx_word' id='word_1_741' title='bbox 1201 2680 1280 2711; x_wconf 88' lang='lat' dir='ltr'>riam</span> <span class='ocrx_word' id='word_1_742' title='bbox 1298 2679 1342 2712; x_wconf 90' lang='lat' dir='ltr'>illi</span> <span class='ocrx_word' id='word_1_743' title='bbox 1357 2681 1477 2712; x_wconf 87' lang='lat' dir='ltr'>nubere</span> <span class='ocrx_word' id='word_1_744' title='bbox 1492 2691 1554 2712; x_wconf 92' lang='lat' dir='ltr'>uon</span> <span class='ocrx_word' id='word_1_745' title='bbox 1570 2690 1675 2721; x_wconf 79' lang='lat' dir='ltr'>posse.</span> <span class='ocrx_word' id='word_1_746' title='bbox 1697 2682 1782 2722; x_wconf 86' lang='lat' dir='ltr'>quod</span> <span class='ocrx_word' id='word_1_747' title='bbox 1797 2682 1862 2721; x_wconf 80' lang='lat' dir='ltr'>Jam</span> <span class='ocrx_word' id='word_1_748' title='bbox 1876 2682 1929 2713; x_wconf 91' lang='lat' dir='ltr'>alii</span> <span class='ocrx_word' id='word_1_749' title='bbox 1942 2682 2108 2722; x_wconf 83' lang='lat' dir='ltr'>nupsisset.</span> <span class='ocrx_word' id='word_1_750' title='bbox 2129 2683 2239 2722; x_wconf 81' lang='lat' dir='ltr'>Neque</span> 
     </span>
     <span class='ocr_line' id='line_1_99' title="bbox 1201 2732 2238 2772; baseline 0.002 -9"><span class='ocrx_word' id='word_1_751' title='bbox 1201 2732 1370 2772; x_wconf 88' lang='lat' dir='ltr'>imperium</span> <span class='ocrx_word' id='word_1_752' title='bbox 1387 2733 1537 2764; x_wconf 79' lang='lat' dir='ltr'>Honoriae</span> <span class='ocrx_word' id='word_1_753' title='bbox 1551 2733 1659 2764; x_wconf 88' lang='lat' dir='ltr'>deberi</span> <span class='ocrx_word' id='word_1_754' title='bbox 1675 2746 1681 2764; x_wconf 81' lang='lat' dir='ltr'><strong><em>z</em></strong></span> <span class='ocrx_word' id='word_1_755' title='bbox 1697 2733 1840 2764; x_wconf 81' lang='lat' dir='ltr'>virorum</span> <span class='ocrx_word' id='word_1_756' title='bbox 1856 2733 1942 2764; x_wconf 90' lang='lat' dir='ltr'>enim</span> <span class='ocrx_word' id='word_1_757' title='bbox 1953 2757 1962 2772; x_wconf 89' lang='lat'><em>,</em></span> <span class='ocrx_word' id='word_1_758' title='bbox 1975 2742 2041 2765; x_wconf 87' lang='lat' dir='ltr'>non</span> <span class='ocrx_word' id='word_1_759' title='bbox 2055 2733 2238 2772; x_wconf 85' lang='lat' dir='ltr'>mulierum,</span> 
     </span>
     <span class='ocr_line' id='line_1_100' title="bbox 1201 2785 2240 2826; baseline 0.001 -10"><span class='ocrx_word' id='word_1_760' title='bbox 1201 2787 1381 2817; x_wconf 83' lang='lat' dir='ltr'>Romanum</span> <span class='ocrx_word' id='word_1_761' title='bbox 1406 2785 1575 2826; x_wconf 88' lang='lat' dir='ltr'>imperium</span> <span class='ocrx_word' id='word_1_762' title='bbox 1598 2794 1674 2817; x_wconf 89' lang='lat' dir='ltr'>esse.</span> <span class='ocrx_word' id='word_1_763' title='bbox 1692 2786 1754 2823; x_wconf 90' lang='lat' dir='ltr'>Qui</span> <span class='ocrx_word' id='word_1_764' title='bbox 1778 2794 1812 2816; x_wconf 88' lang='lat' dir='ltr'>m</span> <span class='ocrx_word' id='word_1_765' title='bbox 1836 2785 1966 2817; x_wconf 88' lang='lat' dir='ltr'>Oriente</span> <span class='ocrx_word' id='word_1_766' title='bbox 1989 2785 2184 2825; x_wconf 83' lang='lat' dir='ltr'>imperabat,</span> <span class='ocrx_word' id='word_1_767' title='bbox 2205 2794 2240 2817; x_wconf 81' lang='lat' dir='ltr'>se</span> 
     </span>
     <span class='ocr_line' id='line_1_101' title="bbox 1201 2835 2238 2876; baseline 0 -9"><span class='ocrx_word' id='word_1_768' title='bbox 1201 2837 1330 2868; x_wconf 88' lang='lat' dir='ltr'>minime</span> <span class='ocrx_word' id='word_1_769' title='bbox 1343 2838 1445 2868; x_wconf 88' lang='lat' dir='ltr'>ratam</span> <span class='ocrx_word' id='word_1_770' title='bbox 1461 2836 1576 2868; x_wconf 85' lang='lat' dir='ltr'>babere</span> <span class='ocrx_word' id='word_1_771' title='bbox 1592 2836 1703 2867; x_wconf 88' lang='lat' dir='ltr'>tributi</span> <span class='ocrx_word' id='word_1_772' title='bbox 1720 2836 1912 2874; x_wconf 88' lang='lat' dir='ltr'>illationem,</span> <span class='ocrx_word' id='word_1_773' title='bbox 1927 2845 2025 2876; x_wconf 88' lang='lat' dir='ltr'>quam</span> <span class='ocrx_word' id='word_1_774' title='bbox 2041 2835 2238 2868; x_wconf 86' lang='lat' dir='ltr'>Theodosius</span> 
     </span>
    </p>
   </div>
   <div class='ocr_carea' id='block_1_11' title="bbox 1200 2886 2291 2927">
    <p class='ocr_par' dir='ltr' id='par_1_14' title="bbox 1200 2886 2291 2927">
     <span class='ocr_line' id='line_1_102' title="bbox 1200 2886 2291 2927; baseline 0 -8"><span class='ocrx_word' id='word_1_775' title='bbox 1200 2887 1407 2919; x_wconf 88' lang='lat' dir='ltr'>consensisset</span> <span class='ocrx_word' id='word_1_776' title='bbox 1417 2898 1423 2918; x_wconf 90' lang='lat'>:</span> <span class='ocrx_word' id='word_1_777' title='bbox 1432 2886 1605 2927; x_wconf 83' lang='lat' dir='ltr'>quiescenti</span> <span class='ocrx_word' id='word_1_778' title='bbox 1614 2893 1748 2918; x_wconf 85' lang='lat' dir='ltr'>munera</span> <span class='ocrx_word' id='word_1_779' title='bbox 1757 2887 1948 2926; x_wconf 84' lang='lat' dir='ltr'>largiturum</span> <span class='ocrx_word' id='word_1_780' title='bbox 1958 2898 1966 2925; x_wconf 91' lang='lat'>;</span> <span class='ocrx_word' id='word_1_781' title='bbox 1976 2886 2096 2918; x_wconf 87' lang='lat' dir='ltr'>bellum</span> <span class='ocrx_word' id='word_1_782' title='bbox 2106 2887 2238 2919; x_wconf 84' lang='lat' dir='ltr'>minanti</span> <span class='ocrx_word' id='word_1_783' title='bbox 2289 2886 2291 2888; x_wconf 76' lang='grc'><strong>’</strong></span> 
     </span>
    </p>
   </div>
   <div class='ocr_carea' id='block_1_12' title="bbox 1199 2937 2239 3338">
    <p class='ocr_par' dir='ltr' id='par_1_15' title="bbox 1199 2937 2239 3338">
     <span class='ocr_line' id='line_1_103' title="bbox 1199 2937 2239 2978; baseline -0.001 -8"><span class='ocrx_word' id='word_1_784' title='bbox 1199 2939 1284 2970; x_wconf 87' lang='lat' dir='ltr'>viros</span> <span class='ocrx_word' id='word_1_785' title='bbox 1293 2940 1325 2970; x_wconf 90' lang='lat' dir='ltr'>et</span> <span class='ocrx_word' id='word_1_786' title='bbox 1334 2947 1423 2970; x_wconf 86' lang='lat' dir='ltr'>arma</span> <span class='ocrx_word' id='word_1_787' title='bbox 1435 2939 1637 2978; x_wconf 74' lang='lat' dir='ltr'>obJecturum</span> <span class='ocrx_word' id='word_1_788' title='bbox 1649 2937 1745 2978; x_wconf 85' lang='lat' dir='ltr'>ipsius</span> <span class='ocrx_word' id='word_1_789' title='bbox 1754 2938 1869 2978; x_wconf 89' lang='lat' dir='ltr'>opibus</span> <span class='ocrx_word' id='word_1_790' title='bbox 1879 2946 1943 2969; x_wconf 90' lang='lat' dir='ltr'>non</span> <span class='ocrx_word' id='word_1_791' title='bbox 1955 2937 2115 2968; x_wconf 87' lang='lat' dir='ltr'>inferiora.</span> <span class='ocrx_word' id='word_1_792' title='bbox 2128 2939 2239 2977; x_wconf 84' lang='lat' dir='ltr'>ltaque</span> 
     </span>
     <span class='ocr_line' id='line_1_104' title="bbox 1200 2988 2238 3033; baseline -0.002 -11"><span class='ocrx_word' id='word_1_793' title='bbox 1200 2991 1313 3022; x_wconf 82' lang='lat' dir='ltr'>Attilas</span> <span class='ocrx_word' id='word_1_794' title='bbox 1334 2990 1365 3021; x_wconf 90' lang='lat' dir='ltr'>in</span> <span class='ocrx_word' id='word_1_795' title='bbox 1381 2989 1484 3021; x_wconf 79' lang='lat' dir='ltr'>varias</span> <span class='ocrx_word' id='word_1_796' title='bbox 1506 2989 1742 3033; x_wconf 82' lang='lat' dir='ltr'>distrahebatur</span> <span class='ocrx_word' id='word_1_797' title='bbox 1763 2989 1955 3027; x_wconf 86' lang='lat' dir='ltr'>sententias,</span> <span class='ocrx_word' id='word_1_798' title='bbox 1979 2989 2011 3019; x_wconf 88' lang='lat' dir='ltr'>et</span> <span class='ocrx_word' id='word_1_799' title='bbox 2032 2988 2076 3019; x_wconf 92' lang='lat' dir='ltr'>illi</span> <span class='ocrx_word' id='word_1_800' title='bbox 2094 2989 2124 3019; x_wconf 94' lang='lat' dir='ltr'>in</span> <span class='ocrx_word' id='word_1_801' title='bbox 2140 2988 2238 3020; x_wconf 90' lang='lat' dir='ltr'>dubio</span> 
     </span>
     <span class='ocr_line' id='line_1_105' title="bbox 1201 3038 2238 3081; baseline -0.003 -8"><span class='ocrx_word' id='word_1_802' title='bbox 1201 3042 1342 3073; x_wconf 78' lang='lat' dir='ltr'>haerebat</span> <span class='ocrx_word' id='word_1_803' title='bbox 1354 3041 1497 3080; x_wconf 86' lang='lat' dir='ltr'>animus,</span> <span class='ocrx_word' id='word_1_804' title='bbox 1513 3049 1593 3081; x_wconf 86' lang='lat' dir='ltr'>quos</span> <span class='ocrx_word' id='word_1_805' title='bbox 1609 3039 1745 3080; x_wconf 88' lang='lat' dir='ltr'>primum</span> <span class='ocrx_word' id='word_1_806' title='bbox 1762 3039 1994 3079; x_wconf 80' lang='lat' dir='ltr'>aggrederetur.</span> <span class='ocrx_word' id='word_1_807' title='bbox 2013 3038 2152 3070; x_wconf 85' lang='lat' dir='ltr'>Tandem</span> <span class='ocrx_word' id='word_1_808' title='bbox 2170 3048 2238 3071; x_wconf 85' lang='lat' dir='ltr'>me·</span> 
     </span>
     <span class='ocr_line' id='line_1_106' title="bbox 1199 3090 2236 3132; baseline -0.002 -8"><span class='ocrx_word' id='word_1_809' title='bbox 1199 3093 1260 3124; x_wconf 87' lang='lat' dir='ltr'>lius</span> <span class='ocrx_word' id='word_1_810' title='bbox 1273 3092 1375 3124; x_wconf 72' lang='lat' dir='ltr'>visum</span> <span class='ocrx_word' id='word_1_811' title='bbox 1390 3093 1437 3123; x_wconf 89' lang='lat' dir='ltr'>est</span> <span class='ocrx_word' id='word_1_812' title='bbox 1449 3091 1489 3122; x_wconf 88' lang='lat' dir='ltr'>ad</span> <span class='ocrx_word' id='word_1_813' title='bbox 1506 3091 1712 3132; x_wconf 85' lang='lat' dir='ltr'>periculosius</span> <span class='ocrx_word' id='word_1_814' title='bbox 1724 3090 1845 3122; x_wconf 90' lang='lat' dir='ltr'>bellum</span> <span class='ocrx_word' id='word_1_815' title='bbox 1859 3090 1946 3131; x_wconf 89' lang='lat' dir='ltr'>prius</span> <span class='ocrx_word' id='word_1_816' title='bbox 1958 3096 2027 3122; x_wconf 86' lang='lat' dir='ltr'>sese</span> <span class='ocrx_word' id='word_1_817' title='bbox 2039 3092 2236 3130; x_wconf 76' lang='lat' dir='ltr'>convertero,</span> 
     </span>
     <span class='ocr_line' id='line_1_107' title="bbox 1199 3141 2237 3178; baseline -0.003 0"><span class='ocrx_word' id='word_1_818' title='bbox 1199 3148 1232 3178; x_wconf 88' lang='lat' dir='ltr'>et</span> <span class='ocrx_word' id='word_1_819' title='bbox 1246 3146 1279 3177; x_wconf 89' lang='lat' dir='ltr'>in</span> <span class='ocrx_word' id='word_1_820' title='bbox 1304 3145 1509 3177; x_wconf 82' lang='lat' dir='ltr'>Occidentem</span> <span class='ocrx_word' id='word_1_821' title='bbox 1533 3144 1709 3175; x_wconf 80' lang='lat' dir='ltr'>exercitum</span> <span class='ocrx_word' id='word_1_822' title='bbox 1733 3143 1878 3175; x_wconf 84' lang='lat' dir='ltr'>educere.</span> <span class='ocrx_word' id='word_1_823' title='bbox 1898 3142 1964 3174; x_wconf 87' lang='lat' dir='ltr'>illic</span> <span class='ocrx_word' id='word_1_824' title='bbox 1980 3141 2064 3174; x_wconf 80' lang='lat' dir='ltr'>euim</span> <span class='ocrx_word' id='word_1_825' title='bbox 2088 3142 2147 3174; x_wconf 91' lang='lat' dir='ltr'>sibi</span> <span class='ocrx_word' id='word_1_826' title='bbox 2170 3153 2237 3175; x_wconf 85' lang='lat' dir='ltr'>rem</span> 
     </span>
     <span class='ocr_line' id='line_1_108' title="bbox 1202 3191 2237 3232; baseline -0.002 -4"><span class='ocrx_word' id='word_1_827' title='bbox 1202 3197 1268 3228; x_wconf 79' lang='lat' dir='ltr'>sore</span> <span class='ocrx_word' id='word_1_828' title='bbox 1278 3204 1340 3227; x_wconf 91' lang='lat' dir='ltr'>non</span> <span class='ocrx_word' id='word_1_829' title='bbox 1351 3195 1454 3227; x_wconf 89' lang='lat' dir='ltr'>solum</span> <span class='ocrx_word' id='word_1_830' title='bbox 1465 3203 1539 3225; x_wconf 91' lang='lat' dir='ltr'>cum</span> <span class='ocrx_word' id='word_1_831' title='bbox 1553 3193 1651 3232; x_wconf 81' lang='lat' dir='ltr'>italis,</span> <span class='ocrx_word' id='word_1_832' title='bbox 1662 3194 1715 3225; x_wconf 88' lang='lat' dir='ltr'>sed</span> <span class='ocrx_word' id='word_1_833' title='bbox 1729 3194 1826 3225; x_wconf 86' lang='lat' dir='ltr'>etiam</span> <span class='ocrx_word' id='word_1_834' title='bbox 1836 3202 1910 3224; x_wconf 90' lang='lat' dir='ltr'>cum</span> <span class='ocrx_word' id='word_1_835' title='bbox 1920 3191 2032 3225; x_wconf 88' lang='lat' dir='ltr'>Gothis</span> <span class='ocrx_word' id='word_1_836' title='bbox 2040 3193 2072 3224; x_wconf 86' lang='lat' dir='ltr'>et</span> <span class='ocrx_word' id='word_1_837' title='bbox 2085 3193 2213 3225; x_wconf 87' lang='lat' dir='ltr'>Francis</span> <span class='ocrx_word' id='word_1_838' title='bbox 2227 3205 2237 3226; x_wconf 77' lang='lat' dir='ltr'>z</span> 
     </span>
     <span class='ocr_line' id='line_1_109' title="bbox 1200 3244 2236 3287; baseline -0.005 -7"><span class='ocrx_word' id='word_1_839' title='bbox 1200 3258 1272 3281; x_wconf 91' lang='lat' dir='ltr'>cum</span> <span class='ocrx_word' id='word_1_840' title='bbox 1290 3248 1388 3287; x_wconf 81' lang='lat' dir='ltr'>italis,</span> <span class='ocrx_word' id='word_1_841' title='bbox 1406 3249 1442 3278; x_wconf 92' lang='lat' dir='ltr'>ut</span> <span class='ocrx_word' id='word_1_842' title='bbox 1459 3246 1632 3278; x_wconf 83' lang='lat' dir='ltr'>Honoriam</span> <span class='ocrx_word' id='word_1_843' title='bbox 1647 3255 1719 3277; x_wconf 88' lang='lat' dir='ltr'>cum</span> <span class='ocrx_word' id='word_1_844' title='bbox 1734 3245 1912 3285; x_wconf 87' lang='lat' dir='ltr'>ingentibus</span> <span class='ocrx_word' id='word_1_845' title='bbox 1921 3244 2040 3276; x_wconf 88' lang='lat' dir='ltr'>divitiis</span> <span class='ocrx_word' id='word_1_846' title='bbox 2055 3253 2162 3276; x_wconf 81' lang='lat' dir='ltr'>secum</span> <span class='ocrx_word' id='word_1_847' title='bbox 2179 3245 2236 3276; x_wconf 86' lang='lat' dir='ltr'>ab·</span> 
     </span>
     <span class='ocr_line' id='line_1_110' title="bbox 1200 3297 2236 3338; baseline -0.004 -6"><span class='ocrx_word' id='word_1_848' title='bbox 1200 3300 1383 3338; x_wconf 79' lang='lat' dir='ltr'>ducereret3</span> <span class='ocrx_word' id='word_1_849' title='bbox 1395 3307 1468 3330; x_wconf 91' lang='lat' dir='ltr'>cum</span> <span class='ocrx_word' id='word_1_850' title='bbox 1477 3298 1601 3337; x_wconf 88' lang='lat' dir='ltr'>Gothis,</span> <span class='ocrx_word' id='word_1_851' title='bbox 1610 3299 1645 3328; x_wconf 90' lang='lat' dir='ltr'>nt</span> <span class='ocrx_word' id='word_1_852' title='bbox 1653 3297 1834 3329; x_wconf 82' lang='lat' dir='ltr'>Gensericlii</span> <span class='ocrx_word' id='word_1_853' title='bbox 1842 3299 1975 3337; x_wconf 85' lang='lat' dir='ltr'>gratiam</span> <span class='ocrx_word' id='word_1_854' title='bbox 1990 3298 2236 3336; x_wconf 84' lang='lat' dir='ltr'>promereretur.</span> 
     </span>
    </p>
   </div>
   <div class='ocr_carea' id='block_1_13' title="bbox 1246 3403 2235 3448">
    <p class='ocr_par' dir='ltr' id='par_1_16' title="bbox 1246 3403 2235 3448">
     <span class='ocr_line' id='line_1_111' title="bbox 1246 3403 2235 3448; baseline -0.006 -7"><span class='ocrx_word' id='word_1_855' title='bbox 1246 3411 1283 3442; x_wconf 76' lang='lat' dir='ltr'>Et</span> <span class='ocrx_word' id='word_1_856' title='bbox 1301 3411 1438 3441; x_wconf 87' lang='lat' dir='ltr'>Francos</span> <span class='ocrx_word' id='word_1_857' title='bbox 1450 3406 1578 3448; x_wconf 80' lang='lat' dir='ltr'>quidem</span> <span class='ocrx_word' id='word_1_858' title='bbox 1594 3406 1676 3438; x_wconf 84' lang='lat' dir='ltr'>bello</span> <span class='ocrx_word' id='word_1_859' title='bbox 1692 3404 1862 3437; x_wconf 85' lang='lat' dir='ltr'>lacessendi</span> <span class='ocrx_word' id='word_1_860' title='bbox 1885 3404 1990 3436; x_wconf 68' lang='lat' dir='ltr'>Attilae</span> <span class='ocrx_word' id='word_1_861' title='bbox 2003 3413 2098 3436; x_wconf 87' lang='lat' dir='ltr'>causa</span> <span class='ocrx_word' id='word_1_862' title='bbox 2113 3403 2171 3436; x_wconf 80' lang='lat' dir='ltr'>suit</span> <span class='ocrx_word' id='word_1_863' title='bbox 2186 3413 2235 3436; x_wconf 71' lang='lat' dir='ltr'>re·</span> 
     </span>
    </p>
   </div>
   <div class='ocr_carea' id='block_1_14' title="bbox 2313 2792 2326 3420">
    <p class='ocr_par' dir='ltr' id='par_1_17' title="bbox 2313 2792 2326 3420">
     <span class='ocr_line' id='line_1_112' title="bbox 2313 2792 2326 3420; textangle 90"><span class='ocrx_word' id='word_1_864' title='bbox 2316 3282 2326 3420; x_wconf 52' lang='lat' dir='ltr'>.-u...-.v.-.&lt;¹.2*.</span> <span class='ocrx_word' id='word_1_865' title='bbox 2313 3173 2326 3274; x_wconf 53' lang='lat' dir='ltr'>fidam.</span> <span class='ocrx_word' id='word_1_866' title='bbox 2315 3060 2326 3160; x_wconf 55' lang='lat' dir='ltr'>imm-ru</span> <span class='ocrx_word' id='word_1_867' title='bbox 2318 2906 2326 3052; x_wconf 40' lang='lat' dir='ltr'>«nau-namu*</span> <span class='ocrx_word' id='word_1_868' title='bbox 2323 2886 2326 2890; x_wconf 65' lang='lat'>.</span> <span class='ocrx_word' id='word_1_869' title='bbox 2323 2870 2326 2871; x_wconf 68' lang='grc'>,</span> <span class='ocrx_word' id='word_1_870' title='bbox 2320 2829 2326 2843; x_wconf 82' lang='grc'>.-.</span> <span class='ocrx_word' id='word_1_871' title='bbox 2316 2792 2326 2815; x_wconf 56' lang='lat' dir='ltr'>r.</span> 
     </span>
    </p>
   </div>
  </div>
 </body>
</html>
