2326 3724
1036 181 1372 222 FRAGMENTA.
2203 195 2254 229 59

150 285 179 312 ο.
207 270 295 311 Ὀτι
314 269 404 322 μετὰ
433 269 581 309 θάνατον
612 268 830 322 Στελίχωνος
848 269 1040 322 ἀναιρεῖται
1060 270 1143 307 ἐνα-

95 332 303 382 ποπνιγεῖσα
331 329 392 368 καὶ
415 330 555 382 Σερῆνα
588 331 610 375 ἡ
642 328 764 367 τούτου
783 328 891 380 γυνὴ,
914 328 1010 366 αἰτία
1041 343 1143 378 νομι-

55 396 57 399 ’
95 392 215 428 σθεῖσα
237 391 300 436 τῆς
318 387 376 426 ἐπὶ
399 387 544 438 Ῥώμην
565 387 688 440 ἐφόδου
709 386 909 440 Ἀλαρίχου.
937 387 1144 439 Ἀναιρεῖται

94 445 313 498 δὲπρότερον
331 443 421 496 μετὰ
436 446 499 493 τὴν
525 446 700 500 ἀναίρεσιν
728 445 947 498 Στελίχωνος
971 447 990 484 ὁ
1014 445 1144 493 ταύτης

93 503 254 545 κάκείνου
270 505 351 547 παῖς
367 506 385 542 ὁ
402 506 453 543 Eu
456 519 585 558 l‘pwc

205 560 292 603 “On
323 562 362 601 τὸ
395 563 651 614 Βουκελλάριος
680 562 790 613 ὄνομα
822 565 858 602 ἓν
885 568 960 607 ταῖς
997 561 1144 614 ἡμέραις

92 620 267 675 Ὃνωρίου
299 620 440 674 ἐφέρετο
472 622 565 660 κατὰ
587 623 810 675 στρατιωτῶν
842 623 881 660 οὐ
905 621 1019 695 μόνων
1048 621 1142 660 Ῥω-

93 680 222 732 μαίων,
245 681 338 719 ἀλλὰ
365 680 426 719 καὶ
454 682 483 720 Γ
485 680 593 719 οτθων
620 682 734 719 τινῶν·
754 682 802 724 ὡς
831 681 860 718 δ’
882 679 993 724 αὕτως
1022 680 1081 718 καὶ
1103 679 1143 719 τὸ

50 762 54 766 -
93 738 303 793 φοιδεράτων
321 738 413 778 κατὰ
429 738 594 794 διαφόρου
608 739 668 778 καὶ
685 743 882 791 συμμιγοῦς
898 739 1039 792 ἐφέρετο
1053 739 1141 787 πλή-

91 801 181 843 θους.

143 870 174 897 8.
203 855 290 897 “On
309 855 504 907 Ὀλύμπιος
521 859 538 895 ὃ
555 857 807 901 ἓπιὸουλεύσας
833 857 1037 910 Στελίχωνα
1069 857 1141 908 μά-

90 931 227 969 γιστρος
244 918 312 955 τῶν
331 916 498 969 ὂφςρικίων
516 916 667 968 γέγονεν·
684 910 760 954 εἶτα
781 917 920 961 ἐξέπεσε
936 919 998 964 τ’ἧς
1017 918 1141 968 ἀρχῆς.

91 969 183 1014 Εἶτα
211 975 318 1014 πάλιν
345 974 456 1022 ἐπέὸη
488 974 634 1022 ταύτης.
657 973 811 1014 Ἔπειτα
843 975 1016 1020 ἐξέπεσεν.
1050 969 1142 1015 Εἶτα

90 1033 262 1082 ἐκπεσὼν,
280 1034 446 1088 ῥοπάλοις
466 1033 607 1086 ὕστερον
628 1034 695 1073 ὑπὸ
718 1034 964 1075 Κωνσταντίου
976 1065 986 1083 ,
1003 1035 1038 1079 ὃς
1058 1035 1143 1086 ἠγά-

91 1107 172 1143 γετο
205 1092 421 1143 Πλακιδίαν,
460 1092 648 1143 παιόμενος
684 1094 899 1145 ἀναιρεῖται,
934 1095 996 1138 τὰς
1037 1093 1144 1139 ἀκοὰς

90 1151 257 1204 πρότερον
272 1151 443 1196 ἐκκοπείς.
461 1152 533 1191 Καὶ
543 1155 566 1199 ἡ
580 1152 658 1200 δίκη
672 1151 730 1191 τὸν
745 1152 967 1206 ἀνοσιουργὸν
983 1154 1030 1198 εἷς
1045 1153 1143 1198 τέλος

90 1212 155 1249 οὐκ
174 1212 306 1264 ἀφῆκεν
328 1211 562 1263 ἀτιμώρητον.

142 1283 173 1309 ⁹.
203 1268 290 1308 “Ori
319 1271 387 1307 τῶν
418 1268 508 1319 μετὰ
538 1268 765 1322 Ῥοδογάῖσον
794 1269 932 1309 Γότθων
967 1273 999 1310 οἳ
1033 1287 1142 1324 κεφα-

91 1328 241 1366 λαιῶται
260 1327 450 1378 ὄπτίματοι
469 1329 679 1377 ἐκαλοῦντο,
698 1331 745 1372 εἷς
764 1328 898 1368 δώδεκα
914 1330 1143 1374 συντείνοντες

88 1385 270 1439 χιλιάδας,
289 1385 347 1430 οὒς
373 1386 672 1437 καταπολεμήσας
703 1387 885 1441 Στελίχων
915 1388 1141 1440 Ῥοδογάῖσον

88 1444 403 1499 προσηταιρίσατο.

141 1517 190 1544 10.
220 1502 306 1544 Ὀτι
324 1503 509 1557 Ἀλαρίχου
528 1503 620 1558 νόσῳ
652 1505 948 1556 τελευτήσαντος,
980 1505 1142 1558 διάδοχος

89 1564 194 1602 αὐτοῦ
212 1562 420 1615 Ἀδάουλφος
439 1564 649 1602 καθίσταται
669 1567 687 1602 ὁ
706 1567 767 1611 τῆς
793 1564 955 1616 γυναικὸς
978 1566 1138 1618 ἀδελφός.

144 1636 191 1663 11.
223 1620 311 1663 “Ort
329 1622 386 1661 τὸν
402 1621 503 1675 ξηρὸν
520 1623 621 1675 ἄρτον
638 1623 907 1676 βουκέλλατον,ὃ
923 1623 1141 1678 συγγραφεὺς

89 1681 272 1721 καλεῖσθαί
300 1695 404 1735 φησι·
437 1682 499 1720 καὶ
529 1682 691 1735 χλευάζει
722 1682 786 1730 τὴν
814 1685 882 1722 τῶν
915 1686 1139 1736 στρατιωτῶν

88 1741 303 1794 ἐπωνυμίαν,
346 1743 393 1786 ὡς
440 1742 479 1779 ἐκ
522 1741 645 1781 τούτου
685 1742 952 1795 Βουκελλαρίων
988 1744 1139 1791 ἐπικλη-

66 1815 69 1818 ⁴
87 1800 224 1840 θέντων.

140 1873 188 1899 12.
218 1858 305 1899 “Ott
338 1860 603 1904 Κωνσταντῖνος
625 1861 674 1904 εἷς
702 1859 888 1912 τυραννίδα
909 1859 1022 1913 ἀρθεὶς
1047 1875 1138 1912 πρε,

1206 268 1369 308 σὸεύεται
1390 269 1474 323 πρὸς
1491 269 1673 323 Ὁνώριον,
1689 271 1782 310 ἄκων
1804 271 1864 322 μὲν
1886 272 1946 311 καὶ
1966 273 2033 312 ὑπὸ
2052 275 2120 313 τῶν
2141 290 2254 328 στρα-

1206 330 1339 366 τιωτῶν
1371 329 1525 382 βιασθεὶς
1544 329 1822 381 ἀπολογούμενος
1841 330 1964 382 ἄρξαι,
1986 332 2195 383 συγγνώμην
2217 332 2253 371 δὲ

1206 388 1325 434 αἰτῶν,
1346 386 1407 425 καὶ
1428 386 1491 434 τὴν
1520 391 1583 434 τῆς
1618 389 1797 440 βασιλείας
1829 388 1933 434 ἀξιῶν
1963 391 2157 429 κοινωνίαν.
2183 393 2254 431 Καὶ

1206 445 1369 497 βασιλεὺς
1389 446 1445 484 διὰ
1462 445 1505 484 τὰ
1526 445 1735 493 ἐνεστηκότα
1754 448 1906 500 δυσχερῆ
1921 447 2008 492 τέως
2022 449 2255 502 καταδέχεται

1205 503 1267 550 τὴν
1286 507 1348 550 τῆς
1370 505 1549 557 βασιλείας
1575 505 1773 553 κοινωνίαν,
1793 506 1884 545 κατὰ
1911 505 1972 550 τὰς
1991 508 2200 560 Βρεττανίας
2220 509 2256 546 δὲ

1204 565 1221 601 ὃ
1243 565 1508 607 Κωνσταντῖνος
1525 564 1714 616 ἐτύγχανεν
1736 565 2029 617 ἀνηγορευμένος,
2045 567 2166 604 στάσει
2186 569 2254 605 τῶν

1203 623 1315 660 ἐκεῖσε
1337 625 1560 675 στρατιωτῶν
1582 625 1629 667 εἷς
1651 623 1783 671 ταύτην
1808 624 2001 674 ἀνηγμένας
2031 623 2094 671 τὴν
2126 625 2252 677 ἀρχήν·

1202 679 1262 719 καὶ
1281 680 1348 733 γὰρ
1368 683 1403 719 ἐν
1421 681 1565 735 ταύταις
1580 687 1655 725 ταῖς
1677 682 1901 735 Βρεττανίαις
1913 713 1924 732 ,
1947 683 2026 735 πρὶν
2043 681 2066 729 ἢ
2086 681 2256 735 ‘Qvi-'ipim

1202 739 1242 778 τὸ
1263 739 1412 790 ἔὸδομον
1440 742 1655 789 ὑπατεῦσαι,
1673 743 1720 784 εἷς
1740 741 1863 780 στάσιν
1893 744 2052 793 ὁρμῆσαν
2071 741 2110 779 τὸ
2136 743 2170 780 ἐν
2193 744 2256 779 αὗ-

1202 805 1279 842 ταῖς
1300 799 1562 851 στρατιωτικὸν,
1578 799 1725 852 Μάρκον
1746 799 1822 838 τινὰ
1840 801 1982 838 ἀνεῖπον
2000 800 2254 853 αὐτοκράτορα.

1202 859 1275 897 'lov
1296 857 1331 896 δὲ
1352 860 1409 896 ὑπ’
1427 858 1541 896 αὐτῶν
1559 858 1821 919 ἀναιρεθέντος,
1841 860 2034 912 Γρατιανὸς
2060 861 2176 903 αὐτοῖς
2197 863 2257 897 ἀν-

1202 915 1459 956 τικαθίσταται.
1475 916 1579 955 Ἐπεὶ
1594 916 1629 955 δὲ
1644 916 1703 955 καὶ
1717 921 1814 961 οὗτος
1831 919 1878 962 εἷς
1894 917 2124 969 τετράμηνον,
2140 919 2257 960 αὐτοις

1204 974 1403 1027 προσκορὴς
1422 990 1591 1027 γεγονώς,
1611 976 1797 1029 ἀπεσφάγη
1812 1006 1822 1026 ,
1839 979 2103 1020 Κωνσταντῖνος
2119 976 2195 1014 τότε
2211 978 2258 1019 εἷς

1203 1034 1241 1072 τὸ
1259 1038 1318 1073 τοῦ
1337 1034 1589 1086 αὐτοκράτορος
1612 1035 1863 1081 ἀναὸιὸάζεται
1882 1035 2005 1086 ὄνομα.
2030 1030 2143 1079 Οῧτος
2163 1035 2256 1076 Ἰου-

1204 1093 1320 1131 στῖνον
1340 1092 1400 1131 καὶ
1418 1093 1664 1144 Νεοὸιγάστην
1686 1094 1903 1146 στρατηγοὺς
1919 1094 2181 1147 προὸαλόμενος
2197 1095 2257 1133 καὶ

1203 1151 1265 1196 τὰς
1282 1152 1496 1205 Βρεττανίας
1517 1151 1641 1203 ἐάσας,
1662 1156 1870 1205 περαιοῦται
1891 1152 1966 1204 ἅμα
1989 1156 2056 1191 τῶν
2077 1155 2181 1191 αὐτοῦ
2199 1154 2256 1191 ε’πὶ

1205 1210 1397 1259 Βονωνίαν,
1410 1210 1511 1249 πόλιν
1531 1210 1622 1249 οὕτω
1641 1212 1873 1262 καλουμένην,
1889 1210 2183 1264 παραθαλασσίαν
2197 1213 2258 1250 καὶ

1203 1269 1348 1322 πρώτην
1380 1271 1414 1308 ἔν
1436 1272 1506 1313 τοῖς
1525 1273 1594 1308 τῶν
1629 1271 1790 1309 Γαλλιῶν
1811 1269 1913 1322 ὁρίοις
1932 1270 2111 1318 κειμένην.
2143 1267 2258 1309 Ἔνθα

1204 1329 1405 1381 διατρίψας,
1435 1329 1495 1367 καὶ
1517 1327 1595 1367 ὅλον
1614 1328 1673 1367 τὸν
1693 1329 1830 1368 Γάλλον
1849 1329 1909 1366 καὶ
1931 1328 2116 1368 Ἀκύτανον
2149 1344 2256 1382 στρα-

1202 1387 1331 1435 τιώτην
1362 1387 1690 1439 ἷδιοποιησάμενος,
1727 1390 1851 1440 κρατεῖ
1880 1387 2022 1425 πάντων
2044 1390 2116 1426 τῶν
2141 1390 2258 1440 μερῶν

1203 1449 1264 1493 τῆς
1281 1446 1461 1491 Γαλατίας
1481 1446 1585 1498 μέχρι
1605 1448 1674 1484 τῶν
1688 1445 1848 1485 Ἄλπεων
1869 1449 1936 1484 τῶν
1955 1446 2084 1497 μεταξυ
2104 1446 2258 1490 Ἰταλίας

1201 1521 1239 1544 τε
1256 1505 1316 1544 καὶ
1337 1505 1527 1549 Γαλατίας.
1522 1499 1659 1576 ι..Οὗτος
1676 1505 1736 1543 δύο
1762 1505 1931 1549 παῖδας”
1912 1521 2019 1557 εσχε,
2039 1504 2257 1545 Κώνσταντα

1203 1580 1263 1602 και
1283 1564 1488 1604 Ἰουλιανόν·
1517 1566 1566 1602 ὡν
1587 1564 1645 1603 τὸν
1666 1562 1729 1615 μὲν
1750 1563 1970 1602 Κώνσταντα
1999 1563 2155 1617 καίσαρα
2181 1579 2257 1616 γει-

1204 1629 1352 1675 ροτονεῖ,
1371 1617 1447 1662 εἶτα
1465 1622 1607 1676 ὕστερον
1629 1622 1722 1661 κατὰ
1741 1622 1803 1667 τὰς
1823 1621 1930 1667 αὐτὰς
1958 1622 2094 1676 ἡμέρας
2112 1622 2172 1662 καὶ
2199 1622 2257 1661 τὸν

1202 1682 1391 1722 Ἰουλιανὸν
1412 1682 1680 1732 νωὸελίσσιμον.

1257 1755 1302 1780 13.
1334 1740 1421 1781 εὈτι
1440 1739 1608 1785 Ἄτταλος
1639 1740 1849 1793 βασιλεύσας
1880 1739 1972 1780 κατὰ
2008 1740 2178 1794 Ὁνωρίου
2200 1740 2259 1778 ἐπὶ

1203 1799 1397 1840 Ῥάὸενναν
1428 1801 1718 1853 ἕκστρατεύεται,
1739 1799 1800 1838 καὶ
1829 1800 2008 1851 πέμπεται
2035 1798 2121 1852 πρὸς
2141 1799 2258 1847 αὐτὸν,

1204 1862 1251 1900 ὡς
1280 1862 1319 1898 ἐκ
1351 1860 1521 1912 βασιλέως
1555 1859 1727 1912 Ὁνωρίου
1763 1859 1848 1913 πρὸς
1888 1859 2054 1911 βασιλέα,
2091 1858 2260 1902 Ἰοὸιανὸς

87 1990 199 2022 cedem
216 1991 415 2022 centenarios
431 1990 641 2031 quadraginta
658 1990 818 2032 accepisse
839 1989 905 2031 (cf.
923 1992 954 2022 Ζ
957 1999 1004 2022 os.
1024 1995 1060 2031 5,
1078 1994 1136 2031 26,

86 2047 123 2083 35
139 2045 197 2082 29,
220 2043 296 2082 14).

127 2099 160 2127 6.
177 2096 252 2126 Post
265 2094 454 2126 Steliclionis
469 2094 635 2126 interitum
654 2094 845 2125 suffocatam
859 2093 990 2133 periisse
1002 2095 1034 2125 et
1045 2096 1137 2125 Sere-

85 2155 181 2187 nam,
199 2146 268 2186 ejus
295 2146 484 2187 conjugem,
502 2145 586 2186 quod
614 2146 752 2177 Alariclii
778 2145 818 2177 ad
842 2145 956 2177 urbem
979 2145 1138 2178 adventus

85 2207 181 2230 causa
205 2198 363 2230 exstitisse
386 2199 566 2238 putaretur,
592 2198 624 2229 et
646 2197 850 2229 intersectum
874 2206 941 2229 esse
957 2199 1071 2236 antea,
1088 2199 1137 2228 in-

84 2251 243 2290 terempto
261 2249 327 2289 jam
345 2249 543 2289 Stelichone,
566 2248 669 2280 filium
693 2248 763 2290 ejus
786 2258 827 2281 ex
852 2250 988 2290 Serena,
1013 2249 1138 2282 Euche-

84 2302 170 2334 rium
189 2302 199 2342 (
216 2300 263 2341 ef.
281 2303 358 2333 Zos.
377 2305 407 2341 5,
425 2302 498 2342 38).

126 2356 157 2386 7.
180 2352 348 2386 Bucellarii
367 2352 561 2384 vocabulum
578 2352 711 2384 Honorii
724 2352 925 2393 imperatoris
939 2352 1139 2394 temporibus

84 2407 244 2440 tributum
260 2406 426 2445 militibus,
438 2414 502 2437 non
520 2406 672 2437 Romanis
689 2406 808 2445 solum,
821 2405 876 2438 sed
890 2407 923 2438 et
936 2406 1050 2438 Gothis
1063 2406 1137 2447 qui-

84 2460 232 2493 busdam.
276 2460 398 2493 Eodem
412 2461 507 2492 modo
519 2462 552 2493 et
568 2459 796 2492 soederatorum
810 2469 928 2492 nomen
943 2460 1138 2493 attributum

85 2512 259 2545 inconditae
275 2514 307 2544 et
321 2521 339 2544 e
356 2511 493 2544 diversis
506 2511 654 2544 conflatae
672 2511 885 2544 multitudini.

126 2567 158 2597 8.
176 2564 362 2605 Olympium
380 2564 490 2603 illum,
507 2564 563 2604 qui
579 2564 754 2596 Stelichoni
773 2563 941 2597 insidiatus
955 2566 1044 2606 erat,
1064 2565 1137 2598 offi-

85 2616 207 2648 ciorum
222 2616 410 2657 magistrum
425 2616 547 2648 factum
559 2640 569 2656 ,
587 2625 622 2648 ea
639 2617 711 2656 post
726 2615 880 2657 dignitate
893 2617 1060 2650 excidisse.
1080 2620 1137 2650 De-

86 2668 161 2700 liinc
173 2668 290 2700 iterum
304 2668 461 2708 potitum,
477 2677 604 2700 rursum
621 2669 781 2709 privatum
801 2677 868 2701 esse
884 2682 892 2701 ι
906 2669 1036 2701 tandem
1052 2670 1140 2702 susti-

85 2721 147 2753 bus
161 2730 180 2753 a
195 2721 402 2761 Constantio,
419 2721 475 2762 qui
490 2721 662 2753 placidiam
684 2731 819 2754 uxorem
832 2722 990 2764 duxerat,
1015 2726 1138 2755 macta-

84 2774 155 2805 tum
184 2773 372 2806 occubuisse
383 2797 393 2813 ‚
407 2782 509 2813 quum
526 2773 555 2805 ei
581 2777 656 2806 ante
684 2774 804 2805 caedem
832 2774 986 2806 auriculae
1009 2778 1139 2808 resectae

85 2827 230 2858 fuissent.
275 2828 323 2859 lta
345 2826 480 2867 impium
500 2827 591 2858 illum
611 2836 675 2858 non
693 2827 888 2868 impunitum
905 2828 1031 2860 obiisse.

126 2882 156 2911 9.
176 2878 356 2911 Gothorum
369 2903 378 2918 ,
395 2880 451 2919 qui
465 2888 539 2910 cum
556 2879 731 2919 Rodogaiso
745 2881 836 2912 erant
848 2904 857 2919 ,
872 2880 1040 2920 primarios
1053 2881 1139 2913 viros

85 2930 264 2975 Optimatos
281 2931 456 2971 appellatos
471 2931 533 2971 ait,
551 2931 723 2963 duodecim
740 2932 805 2963 fere
822 2931 960 2963 millium
978 2941 1115 2964 numero
1127 2956 1136 2972 ,

84 2983 275 3024 quibuscum
295 2984 510 3016 Steliclioneni
522 3008 532 3024 ,
552 2984 730 3025 Rodogaiso
743 2984 902 3017 debellato
914 3010 923 3025 ,
948 2987 1136 3018 societatem

85 3035 189 3068 iniisse
201 3035 286 3076 (406.
304 3035 356 3076 Cf.
369 3038 398 3068 Z
401 3038 497 3068 osim.
510 3041 542 3075 6,
558 3039 649 3076 26,4.
665 3039 757 3068 Oros.
768 3039 799 3075 7,
809 3040 860 3070 27.
875 3036 1073 3069 Jornandes
1088 3040 1136 3069 De

85 3097 227 3130 success.
243 3097 337 3129 reqn.
355 3097 383 3121 c.
399 3092 452 3121 95.
478 3089 604 3121 Deinde
622 3098 698 3130 quae
711 3091 883 3128 Zosimus,
902 3095 940 3129 6,
956 3092 1007 3129 27,
1029 3092 1135 3121 nomi·

86 3143 168 3173 nato
197 3141 436 3181 Olympiodoro
453 3141 577 3181 habet,
592 3141 670 3174 vide
692 3141 741 3174 ad
756 3142 884 3174 calcem
901 3145 987 3175 Exc.
1005 3141 1134 3173 Ρὴοίὶὶ.

130 3195 179 3224 10.
210 3193 358 3225 Alariclio
387 3193 491 3225 morbi
516 3193 548 3224 vi
569 3194 729 3226 exstineto
741 3217 751 3234 ,
778 3202 994 3226 successorem
1023 3193 1135 3225 datum

86 3243 290 3285 Adanlplium
301 3269 310 3285 ,
328 3246 438 3277 uxoris
451 3245 582 3277 fratrem
599 3246 700 3286 (410).

129 3299 177 3327 11.
198 3298 315 3328 Panem
330 3298 450 3329 siccum
462 3298 598 3338 scriptor
612 3298 663 3330 hic
674 3298 890 3330 buccellatum
903 3297 1012 3328 vocari
1025 3297 1135 3336 tradit,

87 3347 254 3390 illuditque
270 3350 408 3383 militum
420 3351 625 3392 cognomini,
642 3353 679 3384 ut
697 3352 753 3393 qui
770 3351 844 3383 hinc
862 3350 1050 3383 Buccellarii
1072 3350 1136 3383 sint

88 3401 243 3441 appellati.

1244 1996 1294 2023 12.
1322 1992 1552 2023 Constantinus
1580 1991 1621 2022 ad
1649 1991 1820 2031 imperium
1840 1990 2004 2031 tyrannice
2029 1989 2195 2028 sublatus,
2214 1989 2255 2020 ad

1199 2043 1377 2075 Ilonorium
1413 2044 1534 2084 legatos
1569 2042 1669 2074 mittit
1703 2044 1909 2081 excusantes,
1948 2042 2085 2073 invitum
2114 2050 2147 2073 se
2177 2043 2210 2073 et
2239 2049 2259 2072 a

1200 2096 1357 2128 militibus
1385 2098 1534 2127 coactum
1566 2095 1737 2136 imperium
1762 2095 1947 2135 suscepisse.
1991 2094 2125 2126 Veniam
2163 2094 2257 2134 igitur

1201 2149 1366 2189 postulare
1388 2148 1640 2188 societatemque
1661 2147 1800 2188 imperii.
1848 2147 2025 2187 Imperator
2042 2148 2171 2187 propter
2196 2146 2257 2178 im-

1201 2201 1374 2241 pendentes
1395 2200 1560 2232 molestias
1573 2200 1728 2240 tantisper
1742 2199 1883 2239 suscepit
1900 2199 1932 2230 in
1951 2198 2149 2230 societatem.
2168 2199 2256 2230 Con-

1200 2253 1360 2284 stantinus
1377 2252 1431 2284 liic
1448 2253 1480 2284 in
1503 2252 1669 2285 Britannia
1686 2251 1888 2283 renuntiatus
1913 2251 2035 2290 suerat,
2053 2249 2184 2282 militari
2202 2251 2257 2281 tu-

1201 2305 1306 2336 multu
1317 2304 1355 2336 ad
1370 2305 1542 2345 imperium
1553 2303 1697 2335 adactus.
1742 2302 1869 2335 Etenim
1880 2303 1954 2334 ante
1965 2301 2097 2335 Honorii
2110 2301 2257 2333 consula-

1200 2358 1270 2389 tum
1283 2357 1454 2397 septimum
1472 2355 1559 2397 (407)
1583 2354 1616 2387 in
1642 2355 1832 2387 seditionem
1858 2354 1922 2386 illic
1951 2362 2060 2386 versus
2076 2353 2255 2393 exercitus,

1201 2414 1347 2444 Marcum
1360 2410 1521 2452 quendam
1539 2410 1765 2450 imperatorem
1783 2409 1909 2440 crearat
1930 2420 1937 2439 ε
1956 2416 2021 2448 quo
2034 2407 2075 2438 ab
2088 2407 2163 2447 ipsis
2179 2406 2255 2438 sul)-

1202 2465 1267 2496 lato
1279 2488 1288 2503 ,
1313 2462 1488 2495 Gratianus
1512 2461 1667 2494 suffectus
1688 2462 1747 2493 est.
1794 2460 1854 2492 Hic
1871 2459 1925 2491 ubi
1944 2468 2068 2491 menses
2084 2460 2255 2499 quattuor,

1201 2516 1262 2548 illis
1285 2516 1351 2556 jam
1385 2514 1512 2547 fastidio
1540 2513 1667 2554 ductis,
1695 2512 1893 2554 praefuisset,
1920 2511 2124 2543 interficitur.
2171 2512 2255 2542 Tum

1200 2568 1430 2600 Constantinus
1471 2565 1606 2606 Augusti
1638 2565 1769 2597 nomine
1801 2565 1972 2596 salutatur.
2026 2564 2055 2594 ls
2087 2563 2107 2594 J
2111 2562 2253 2594 ustinum

1202 2620 1483 2660 (flammantum,
1509 2620 1591 2650 Zos.
1614 2617 1686 2658 6,2)
1703 2618 1736 2648 et
1755 2616 1965 2656 Neovigasten
1982 2614 1993 2654 (
2008 2616 2252 2654 Nevioqasten‚

1201 2671 1302 2711 Zos.)
1317 2671 1504 2703 militarium
1518 2669 1682 2716 qopiarum
1693 2668 1791 2700 dueae
1800 2676 1923 2707 creans,
1940 2666 2052 2699 relicta
2069 2665 2253 2708 Britannia,

1201 2734 1275 2756 cum
1289 2724 1354 2756 suis
1376 2722 1519 2764 trajecit,
1536 2722 1689 2762 venitque
1711 2720 1889 2753 Bononiam
1902 2743 1911 2758 ,
1927 2719 2122 2751 maritimam
2140 2717 2254 2749 urbem

1200 2777 1246 2809 sic
1262 2776 1382 2808 dictam
1392 2800 1401 2815 ,
1416 2775 1553 2816 primam
1568 2773 1729 2806 intGalliae
1745 2772 1864 2805 finibus
1879 2772 2023 2812 positam.
2038 2770 2084 2803 lbi
2095 2771 2253 2813 moratus,

1201 2829 1330 2861 Gallum
1360 2836 1490 2859 omnem
1515 2827 1549 2858 et
1572 2825 1770 2867 Aquitanum
1802 2824 1937 2856 militem
1965 2823 2023 2854 sihi
2055 2821 2253 2861 adjimgens‚

1200 2880 1290 2913 omni
1311 2881 1358 2912 est
1378 2879 1481 2911 Gallia
1504 2877 1626 2919 potitus
1650 2876 1691 2908 ad
1719 2877 1815 2917 Alpes
1839 2884 1962 2916 usque,
1981 2883 2055 2915 quae
2081 2873 2208 2906 ltaliam
2235 2881 2254 2904 a

1200 2934 1305 2966 Gallia
1316 2932 1475 2973 separant.
1494 2930 1576 2962 Huic
1592 2930 1647 2961 tilii
1661 2929 1726 2960 duo
1742 2928 1853 2967 erant,
1870 2929 2028 2959 Constans
2044 2926 2076 2958 et
2089 2926 2251 2958 Julianus.

1199 2986 1295 3018 Illum
1312 2986 1472 3017 Caesarem
1495 2981 1682 3020 constituit,
1700 2980 1867 3013 Julianum
1884 2978 1999 3011 deinde
2018 2987 2056 3010 eo
2083 2978 2151 3018 ipso
2170 2979 2253 3009 tem-

1199 3046 1277 3078 pore
1292 3036 1531 3069 Nobilissimum
1550 3033 1741 3066 nominavit.

1246 3093 1295 3121 13.
1317 3088 1443 3120 Attalus
1464 3087 1576 3118 contra
1594 3085 1774 3117 llonorium
1797 3084 1978 3124 imperans,
2002 3081 2043 3113 ad
2066 3083 2251 3113 Ravennam

1199 3142 1443 3173 castrametatus
1453 3140 1520 3176 est,
1531 3138 1709 3177 missusque
1723 3135 1763 3167 ad
1776 3136 1867 3167 illum
1877 3136 2032 3174 tanquam
2050 3133 2090 3164 ab
2111 3131 2252 3164 Honorio

1198 3195 1392 3235 imperatore
1421 3192 1463 3224 ad
1490 3192 1719 3232 imperatorem
1751 3188 1928 3226 Jovianus,
1956 3186 2127 3227 praefectus
2154 3185 2252 3223 atque

1199 3247 1370 3287 patricius,
1389 3248 1421 3277 et
1442 3245 1579 3283 Valens,
1598 3243 1766 3283 utriusque
1786 3241 1910 3272 militiae
1926 3239 2014 3277 dux,
2037 3239 2069 3269 et
2089 3234 2251 3268 potamius

1199 3301 1351 3339 quaestor,
1370 3299 1402 3329 et
1426 3297 1594 3335 Julianus,
1619 3294 1818 3326 notariorum
1841 3289 2050 3333 primicerius.
2078 3288 2117 3319 lli
2142 3286 2249 3318 Attalo

1199 3350 1398 3390 significant,
1418 3349 1458 3380 ab
1475 3347 1617 3380 Honorio
1630 3355 1698 3378 sese
1709 3345 1842 3383 missos,
1858 3345 1892 3374 ut
1908 3351 1981 3374 cum
1998 3341 2052 3371 illo
2068 3339 2108 3370 de
2126 3337 2248 3377 imperii

1200 3402 1354 3435 societate
1376 3402 1535 3440 tractent,
1555 3398 1668 3431 abnuit
1692 3406 1767 3429 vero
1784 3395 1860 3427 ille:
1876 3391 2049 3425 concedere
2062 3391 2169 3422 tamen
2191 3396 2247 3427 se,
