2372 3704
178 187 472 229 MELANTHII
490 186 737 237 PICTORIS,
759 184 1008 232 MELlssm,
1028 185 1327 236 MELITONIS,
1351 187 1622 228 MENANDRI
1651 191 1765 230 EPH.
1796 192 2131 233 FRAGMENTA.
2167 200 2241 234 ⁴45

203 315 684 375 MELANTHIUS
722 314 1010 372 PICTOR.

356 439 477 479 ΠΕΡΙ
504 439 855 478 ΖΩΓΡΑΦΙΚΗΣ.

131 514 244 588 Βίοὲ.
270 540 316 575 L.
335 540 386 576 IV
399 566 410 584 ‚
431 538 477 575 18
499 550 508 577 :
530 536 600 576 Καὶ
619 536 705 580 ὅλως
719 530 760 584 ἦν
777 539 930 580 τοιοῦτος
951 536 1132 587 (Polemo

0 617 1 620 ¹
76 595 377 648 philosophus),
413 591 483 635 οἶόν
512 611 598 649 φησι
625 595 819 639 Μελάνθιος
845 597 863 633 ὃ
886 594 1066 648 ζωγράφος
1096 596 1132 634 ἐν

77 657 148 700 τοῖς
169 655 259 708 Περὶ
278 658 512 709 ζωγραφικῆς·
542 654 628 708 φησὶ
653 655 720 707 γὰρ
746 656 816 693 δεῖν
842 653 1028 692 αὐθάδειάν
1055 669 1132 691 τινα

77 713 138 753 καὶ
163 713 386 766 σκληρότητα
406 719 476 757 τοῖς
497 712 608 767 ἔργοις
625 713 820 766 ἐπιτρέχειν
834 743 844 763 ‚
863 713 989 764 ὁμοίως
1010 712 1046 750 δὲ
1067 714 1132 750 κάν

77 776 147 817 τοῖς
163 772 295 820 ἤθεσιν.

130 833 381 870 Melambium
400 833 588 882 pictorem
611 834 754 869 Plinius
773 845 929 881 quoque
946 840 1134 869 memorat

2 913 3 916 =
78 894 178 929 inter
206 899 382 928 auctores
406 905 451 928 ex
472 893 611 940 quibus
639 893 707 930 lib.
743 893 891 929 XXXV
912 893 1128 928 corraserit.

78 952 229 990 Floruit
241 952 303 987 hic
323 950 513 1000 Pamphili.
531 952 740 1000 discipulus
750 958 837 1000 post
858 952 1028 1000 Apellem
1040 952 1131 987 cele·

0 1007 1 1048 J
77 1011 268 1047 berrimus
281 1011 341 1047 Ol.
368 1015 562 1053 104—112.
585 1012 629 1047 V.
641 1011 785 1046 Plinius
796 1010 958 1055 XXXV,
986 1022 1044 1055 ιο,
1068 1009 1130 1048 36.

80 1084 120 1119 7,
134 1070 181 1107 32
194 1084 204 1116 ;
217 1070 440 1118 Quintilian.
457 1071 532 1106 XII
544 1100 555 1120 ,
575 1083 641 1116 ιο,
657 1070 852 1108 Plutarch.
865 1071 970 1106 Arat.
985 1082 1017 1105 c.
1036 1082 1080 1104 12
1096 1076 1133 1104 et

84 1129 143 1169 13.
158 1130 307 1166 Mfiller.
320 1128 469 1166 Hcmdb.
483 1131 523 1167 cl.
540 1130 730 1167 Archoeol.
753 1129 841 1178 139,
857 1142 877 1164 2
892 1143 901 1174 3
914 1129 963 1165 cf.
986 1133 1074 1174 140,
1092 1133 1128 1171 4.

78 1211 131 1216 -
149 1191 206 1226 De
230 1189 440 1224 Melanthio
463 1196 603 1237 poeta,
630 1189 810 1230 Philoclis
835 1186 939 1233 filio,
964 1188 1132 1224 Cimonis

79 1249 216 1293 amico,
255 1261 293 1285 v.
324 1248 428 1283 Bode
452 1248 582 1284 Gesclz.
599 1249 638 1284 d.
661 1247 736 1285 ion'.
768 1249 857 1294 lyr.
886 1260 927 1296 p.
967 1247 1042 1282 263
1096 1254 1134 1282 et

77 1307 242 1343 Meinek.
282 1308 427 1344 Histor.
464 1308 548 1345 crit.
582 1308 691 1345 Com.
720 1321 762 1356 p.
804 1305 893 1344 205.
927 1304 989 1353 59.
1029 1306 1133 1342 Alios

77 1366 189 1414 liujus
207 1367 372 1403 nominis
402 1366 491 1403 vide
511 1379 572 1416 ap.
601 1367 752 1403 Fabric.
776 1367 829 1402 in.
851 1367 895 1402 Β.
928 1364 996 1401 Gr.
1026 1373 1064 1401 et
1093 1366 1133 1401 in

78 1426 208 1475 Steph.
231 1426 341 1464 Thes.
359 1437 388 1461 s.
405 1426 444 1464 h.
465 1439 504 1462 v.

497 1544 716 1558 ἥθ’-

393 1643 814 1703 MELISSEUS.

477 1763 724 1802 ΔΕΛΦΙΚΑ.

132 1862 262 1900 Schol.
285 1861 442 1898 Hesiod.
462 1862 564 1910 Opp.
578 1874 619 1909 p.
642 1861 690 1896 32
712 1860 774 1896 ed.
807 1859 938 1897 Gaisd.
963 1871 971 1897 :
994 1857 1039 1897 ‘H
1068 1857 1130 1909 μὲν

79 1919 208 1973 Πιερία
224 1922 338 1971 (urbs
348 1920 524 1968 Boeotiae)
540 1917 708 1970 πρότερον
720 1917 787 1955 ὑπὸ
804 1916 934 1969 Πιέρου
950 1920 1131 1955 κτισθεῖσα

78 1982 137 2016 τοῦ
156 1979 324 2024 Μεθώνης
341 1979 514 2031 ἀδελφοῦ,
539 1976 671 2028 πατρὸς
698 1976 733 2014 δὲ
752 1976 880 2026 Λίνου,
904 1975 1031 2029 Πιερία
1056 1976 1132 2015 ἐκέ-

78 2039 198 2085 κλητο·
211 2036 352 2089 ὕστερον
366 2036 400 2075 δὲ
411 2035 547 2088 Λύγκος
556 2035 702 2085 ἐκλήθη,
712 2031 754 2082 ἧς
764 2035 824 2073 καὶ
835 2035 897 2082 τὴν
907 2037 1019 2088 ἀρχὴν
1030 2034 1132 2087 ἔσχεν

79 2096 261 2149 Ἀέροπος,
294 2099 312 2134 ὁ
341 2095 581 2148 πρεσὸύτατος
612 2097 681 2133 τῶν
715 2094 938 2145 Ἠμαθίωνος
973 2094 1109 2132 παίδων
1121 2124 1131 2143 ,

79 2155 170 2195 καθὰ
185 2154 381 2199 Μελισσεύς
398 2170 502 2209 φησιν
516 2157 534 2192 ὁ
549 2153 593 2192 τὰ
612 2153 771 2207 Δελφικὰ
789 2153 1058 2204 συνταξάμενος.

133 2217 275 2253 Eadem
304 2217 344 2252 in
363 2217 505 2252 Histor.
539 2217 662 2253 TzetZ.
682 2216 756 2260 vl,
787 2214 879 2251 631.
910 2212 1131 2264 Μελισσεὺς,

78 2289 146 2313 rex
164 2276 384 2313 Chersonesi
404 2276 543 2319 Cariae,
564 2282 800 2311 memoratur
815 2286 877 2323 ap.
898 2274 1058 2310 Diodor.
1077 2277 1107 2311 V
1120 2304 1130 2323 ,

80 2335 126 2372 61
144 2363 154 2379 ‚
176 2348 244 2372 rex
270 2335 390 2373 Cretae
408 2335 600 2382 mythicus
621 2346 684 2382 ap.
705 2333 935 2382 Apollodor.
952 2335 990 2378 Ι,
1017 2346 1038 2368 2
1053 2361 1063 2379 ,
1083 2333 1130 2378 63

80 2396 224 2444 Hygin.
255 2396 362 2432 Poet.
391 2402 478 2430 astr.
500 2395 558 2440 ΙΙ,
582 2393 648 2438 133
670 2394 842 2428 Lactant.
871 2394 964 2429 Inst.
994 2393 1030 2438 Ι,
1065 2404 1129 2427 22.

78 2455 254 2490 Melissus
268 2454 448 2489 Euboicus
457 2481 467 2498 ‚
483 2457 548 2501 qui
559 2456 724 2488 onmium
731 2452 1036 2500 physiologomm
1049 2464 1132 2486 sen-

80 2517 215 2549 tentias
229 2514 444 2561 disputavit,
472 2513 651 2548 laudatur
665 2524 728 2560 ap.
750 2512 992 2560 Fulgentium
1007 2511 1129 2558 Myth.

79 2573 133 2616 II,
155 2572 199 2608 16
211 2599 221 2617 ,
238 2572 307 2607 ubi
325 2571 372 2607 de
393 2573 488 2607 Jove
504 2572 543 2606 in
561 2583 722 2619 cygnum
742 2583 941 2608 converso.
961 2570 1132 2606 Eundem

80 2632 173 2666 citat
188 2631 423 2680 Palaephatus
440 2630 591 2666 Incred.
619 2630 702 2664 init.
723 2642 762 2679 p.
790 2629 866 2664 268
882 2631 1001 2666 West.
1021 2641 1030 2666 τ
1065 2626 1132 2666 Ἀεὶ

444 2739 510 2810 DE
531 2771 765 2810 PlCTURA.

120 2864 260 2896 Omnino
279 2864 407 2896 Polemo
424 2863 581 2904 ejusmodi
601 2864 661 2895 fuit
682 2863 814 2904 qualem
837 2863 989 2895 describit
1012 2863 1132 2896 Melan-

78 2917 165 2949 thius
183 2917 286 2958 pictor
302 2918 333 2948 in
351 2917 440 2950 libris
452 2919 499 2949 De
518 2917 655 2957 pictura.
674 2916 725 2948 Ait
740 2916 827 2948 enim
842 2918 990 2956 oportere
1015 2918 1132 2948 contu-

78 2970 215 3001 maciam
228 2969 392 3010 quandam
406 2971 504 3011 atque
519 2969 671 3001 duritiem
688 2968 838 3010 operibus
852 2970 1037 3010 impressam
1052 2978 1132 3010 esse,

77 3022 220 3063 itemque
236 3022 390 3055 moribus.

468 3088 739 3146 DELPHICA'.

122 3204 224 3236 Pieria
236 3205 312 3236 olim
327 3213 346 3236 a
359 3205 448 3237 Piere
461 3205 628 3238 Methones
648 3206 763 3246 fratre,
783 3207 851 3238 Lini
867 3208 958 3247 patre
969 3231 977 3246 ‚
1003 3207 1133 3239 condita

81 3255 183 3288 Pieria
204 3257 399 3297 vocabatur;
422 3259 532 3298 postea
554 3266 632 3290 vero
655 3260 782 3298 Lyncus
799 3259 958 3299 appellata
971 3261 1029 3291 est.
1058 3259 1134 3299 Ejus

80 3307 251 3348 imperium
266 3308 371 3341 tenuit
391 3313 546 3350 Aeropus,
560 3318 600 3341 ex
619 3309 689 3342 filiis
705 3311 901 3342 Emathionis
926 3313 1002 3343 natu
1029 3311 1132 3342 maxi-

81 3369 153 3392 mus
165 3385 174 3400 ,
191 3361 283 3393 sicuti
298 3362 460 3395 Melisseus
472 3363 516 3395 ait
526 3363 582 3404 qni
596 3363 749 3404 Delphica
771 3365 962 3404 composuit.

1195 273 1224 311 δ’
1248 273 1357 326 ἔγωγε
1381 276 1514 314 ἐπαινῶ
1539 275 1616 320 τοὺς
1636 278 1857 331 συγγραφέας
1883 279 2058 319 Μέλισσον
2080 283 2140 318 καὶ
2169 285 2247 321 Λα-

1195 332 1319 383 μίσκον
1339 333 1396 372 τὸν
1415 335 1551 384 Σάμιον
1567 335 1577 386 ζ
1597 339 1810 373 Lamiscum
1831 341 2110 389 Pythagoreum
2124 343 2164 378 in
2176 345 2247 378 Ar-

1195 393 1315 440 chytae
1334 395 1442 442 epist.
1472 395 1521 432 ad
1550 396 1775 443 Dionysium
1806 403 2009 444 tyrannum
2043 400 2159 436 habes
2188 413 2248 449 ap.

1195 452 1356 500 Diogen.
1369 453 1411 489 L.
1432 454 1503 498 ΙΙΙ,
1518 465 1565 489 22
1581 453 1611 503 ),
1630 454 1664 490 ἐν
1679 454 1771 505 ἀρχῇ
1788 453 1965 504 λέγοντας,
1980 473 1994 489 α
2008 454 2134 495 Ἔστιν
2149 456 2167 494 ὃ
2180 457 2250 506 ἐγέ-

1195 523 1271 547 νετο
1291 509 1352 547 καὶ
1364 514 1421 547 νῦν
1437 509 1537 548 ἔσται
1556 512 1567 561 (
1583 509 1658 548 ἔστι
1677 515 1736 549 νῦν
1757 511 1844 563 ὃέγ.
1863 527 1900 552 κ.
1921 512 2019 551 ἔσται
2036 517 2150 552 scrib.
2169 518 2251 552 vult

1194 570 1298 606 Voss.
1313 569 1340 619 ).
1360 572 1418 606 De
1432 571 1583 606 Melisso
1603 572 1727 608 Samio
1747 572 1999 621 philosopho,
2022 575 2252 612 Parmenidis

1195 629 1401 678 discipulo,
1424 631 1511 666 satis
1531 638 1693 666 constat.
1716 633 1773 667 De
1786 632 1945 667 Melissis
1965 635 2224 680 grammaticis
2237 663 2248 682 ‚

1195 687 1262 736 qui
1278 689 1393 724 latine
1406 690 1657 738 scripserunt,
1674 703 1713 729 v.
1728 691 1883 726 Sueton.
1895 693 1952 727 De
1967 692 2059 728 clar.
2078 703 2134 740 gr.
2154 705 2187 730 c.
2211 693 2247 730 3.

1196 758 1265 791 213
1283 747 1426 783 Plinius
1445 749 1494 785 H.
1517 749 1563 785 N.
1580 749 1665 786 VII.
1683 749 1751 785 IX.
1772 750 1823 784 X.
1846 749 1916 786 XI.
1948 750 2115 794 XXXV;
2137 751 2248 787 Ovid.

1194 807 1247 841 Ex
1268 806 1380 842 Pont.
1402 807 1453 843 IV
1468 834 1479 852 ‚
1518 807 1586 852 16,
1614 820 1664 843 20
1684 808 1785 856 ibiq.
1822 809 1972 854 Heins.;
1992 809 2246 845 Lindemann.

1195 865 1243 900 ad
1260 866 1394 914 Pomp.
1407 866 1554 905 Comm.
1567 880 1607 915 p.
1624 867 1722 913 4263
1738 868 1866 903 Osann
1877 867 1926 905 ad
1941 867 2094 917 Apulej.
2111 870 2168 905 De
2189 881 2251 904 or-

1195 923 1320 972 thogr.
1343 937 1384 973 p.
1407 937 1476 970 703
1498 925 1650 961 Servius
1671 925 1721 961 ad
1738 926 1842 975 Virg.
1864 927 1937 972 lv,
1965 927 2038 970 146
2057 934 2147 974 etc.‚
2171 929 2252 964 Do·

1194 990 1271 1019 nat.
1295 984 1369 1022 Vit.
1393 985 1511 1033 Virg.;
1538 986 1582 1023 A.
1615 985 1755 1022 Gellius
1770 985 1916 1032 XVIII,
1941 990 1969 1032 4,

1566 1226 1626 1283 M
1631 1226 1871 1284 ELITO.

1359 1349 1479 1387 ΠΕΡΙ
1507 1349 1615 1389 ΤΩΝ
1641 1350 1875 1390 ΑΘΗΝΗΣΙ
1903 1352 1933 1390 Γ
1934 1350 2087 1391 ΕΝΩΝ.

1519 1457 1550 1492 Ε
1578 1457 1729 1493 LIBRO
1759 1457 1930 1496 PRIMO.

1251 1551 1486 1598 Harpocrat.
1507 1562 1516 1585 t
1537 1548 1714 1599 Κάθετος,
1735 1550 1753 1586 ὁ
1773 1549 1977 1599 καθιέμενος
1993 1550 2040 1593 εἷς
2053 1548 2092 1587 τὸ
2102 1548 2254 1600 πέλαγος

1195 1605 1316 1657 ἀμνός.
1350 1607 1484 1651 Λυσίας
1511 1608 1546 1645 ἐν
1574 1610 1626 1661 τῷ
1662 1605 1766 1647 Κατὰ
1797 1607 2023 1657 Τελάμωνος.
2055 1608 2254 1647 Διείλεκται

1195 1665 1357 1718 περὶτοῦ
1390 1664 1538 1704 καθέτου
1566 1666 1730 1705 Μελίτων
1761 1667 1795 1704 ἐν
1817 1665 1849 1703 α’
1877 1665 1967 1718 Περὶ
1997 1669 2065 1704 τῶν
2092 1667 2255 1714 Ἀθήνησι

1194 1727 1317 1776 γενῶν.
1339 1726 1397 1764 Cf.
1418 1727 1571 1773 Suidas‚
1588 1735 1625 1763 et
1643 1727 1801 1763 Photius
1823 1728 1888 1775 qui
1917 1727 2024 1763 addit
2042 1740 2051 1765 :
2078 1726 2252 1776 Σημαίνει

1195 1783 1231 1821 δὲ
1248 1787 1308 1821 καὶ
1331 1786 1411 1835 βοῦν
1426 1799 1501 1821 τινα
1520 1783 1722 1834 καθιέμενον
1742 1786 1788 1829 εἷς
1805 1783 1866 1831 τὴν
1883 1783 2063 1823 θάλασσαν
2081 1783 2138 1823 ἐπὶ
2152 1784 2253 1837 θυσίᾳ

1194 1847 1244 1897 τῷ
1276 1845 1484 1884 Ποσειδῶνι.
1519 1846 1574 1884 Cf.
1605 1846 1768 1884 Diodor.
1793 1848 1859 1892 IV,
1891 1845 1962 1892 23,
1985 1850 2021 1893 4,
2055 1859 2093 1893 2,
2119 1847 2251 1896 ibique

1193 1905 1414 1953 Wesseling.

1314 2113 1723 2174 MENANDER
1762 2112 2131 2171 EPHESIUS.

1578 2235 1785 2276 ΦΟΙΝΙΚΙ
1792 2236 1870 2274 ΚΑ.

1245 2335 1266 2369 J
1271 2333 1483 2382 osephusC.
1503 2333 1646 2382 Apion.
1660 2334 1691 2378 Ι,
1706 2332 1751 2368 18
1771 2346 1780 2368 :
1797 2330 1902 2370 Ἀλλὰ
1911 2330 1996 2384 πρὸς
2015 2330 2126 2382 τούτῳ
2139 2347 2252 2383 παρα-

1197 2390 1352 2440 θήσομαι
1363 2390 1564 2442 Μένανδρον
1577 2389 1636 2427 τὸν
1649 2389 1827 2443 Ἐφέσιον.
1850 2389 2011 2443 Γέγραφε
2026 2389 2060 2428 δὲ
2081 2383 2177 2433 οὗτος
2192 2388 2252 2432 τὰς

1196 2451 1249 2502 ἐφ’
1271 2449 1421 2487 ἑκάστου
1441 2451 1509 2486 τῶν
1532 2447 1704 2500 βασιλέων
1722 2447 1863 2501 πράξεις
1881 2447 1978 2501 παρὰ
2008 2449 2078 2492 τοῖς
2094 2447 2252 2495 Ἕλλησι

1193 2508 1251 2547 καὶ
1279 2507 1470 2561 βαρὸάροις
1494 2507 1693 2558 γενομένας,
1708 2509 1747 2546 ἐκ
1766 2510 1833 2545 τῶν
1857 2507 1941 2560 παρ’
1960 2507 2100 2550 ἐκείνοις
2120 2509 2252 2559 ἐπιχω-

1196 2568 1276 2619 ρίων
1292 2567 1513 2619 γραμμάτων
1535 2566 1736 2610 σπουδάσας
1750 2565 1812 2613 τὴν
1827 2566 1982 2618 ἱστορίαν
2000 2569 2136 2616 μαθεῖν.
2156 2565 2251 2619 Γρά-

1194 2642 1267 2680 φων
1288 2626 1329 2672 δὴ
1345 2625 1425 2678 περὶ
1441 2628 1508 2664 τῶν
1530 2625 1832 2678 βεὲασιλευκότων
1854 2627 1888 2663 ἐν
1903 2626 2010 2679 Τύρῳ
2022 2655 2032 2673 ,
2050 2626 2171 2663 ἔπειτα
2192 2640 2250 2676 γε·

1197 2770 1259 2808 uss
1290 2767 1681 2807 ATHEMENsiUM
1699 2767 1952 2808 GENTIBUS
1974 2762 2249 2818 (SACERD'O-

1596 2833 1814 2872 TAURUS
1825 2831 1846 2881 ).

1235 2924 1382 2960 Κάθετος,
1397 2932 1497 2964 agnus
1510 2923 1613 2964 quiin
1628 2931 1715 2954 mare
1728 2922 1912 2955 dimittitur.
1933 2924 2040 2964 Lysias
2056 2923 2089 2955 in
2105 2923 2250 2955 oratione

1193 2978 1314 3008 Contra
1323 2976 1542 3008 Telamonem.
1559 2974 1765 3007 Disseruitde
1777 2975 1839 3007 hoc
1854 2984 1936 3016 agno
1959 2975 2068 3007 Melito
2091 2975 2123 3007 in
2144 2975 2248 3016 primo

1194 3030 1275 3061 libro
1290 3032 1336 3062 De
1349 3028 1496 3069 gentibus
1513 3027 1766 3060 Atheniensium.

1433 3116 1502 3154 DE
1516 3116 1678 3155 REBUS
1695 3115 2002 3155 PHOENICUM.

1235 3207 1296 3240 Sed
1311 3207 1386 3239 huic
1410 3207 1620 3239 Menandrum
1634 3207 1808 3248 Ephesium
1829 3207 2011 3247 adjungam.
2026 3208 2057 3238 Is
2075 3206 2183 3237 autem
2197 3214 2246 3237 τω

1192 3260 1390 3300 singulorum
1403 3269 1514 3300 regum
1532 3262 1677 3302 tempore
1694 3260 1779 3301 apud
1796 3263 1926 3293 Graecos
1948 3259 2167 3298 Barbarosque
2188 3266 2244 3298 ge-

1193 3315 1257 3345 stas
1270 3308 1435 3345 memoriae
1446 3313 1642 3354 mandabat,
1657 3323 1698 3345 ex
1713 3314 1895 3346 vernaculis
1905 3313 2060 3353 cujusque
2073 3310 2244 3351 provinciae

1193 3367 1243 3398 vel
1261 3367 1362 3407 gentis
1382 3368 1461 3399 actis
1474 3367 1606 3399 studens
1623 3367 1766 3399 historiae
1784 3367 1951 3398 veritatem
1971 3372 2170 3405 cognoscere.
2195 3365 2243 3394 De

1194 3421 1230 3453 iis
1247 3421 1354 3461 itaque
1374 3421 1429 3462 qui
1451 3421 1483 3453 in
1502 3423 1587 3461 Tyro
1603 3422 1776 3462 regnarunt
1799 3420 1958 3459 scribens,
1979 3427 2044 3459 quo
2060 3418 2131 3448 loco
2144 3416 2240 3448 deve-
