2326 3724
99 181 145 213 52
926 177 1131 218 EUNAPU
1163 178 1405 218 SARDIANI

96 265 250 317 βικάριος
273 265 332 304 ὤν·
355 266 452 309 ἀετὸς
469 266 505 305 δὲ
524 267 702 318 γενόμενος
733 269 834 307 αὐτὸν
857 270 1055 322 συνήρπασε
1081 269 1139 308 τὸν

94 324 263 376 Ἱέρακα,
291 325 350 363 καὶ
386 325 485 376 μόλις
521 329 665 380 ἀφῆκεν,
699 329 727 365 εἰ
763 328 812 379 μὴ
843 329 1138 381 τετρακισχιλίους

94 384 220 426 ἐκεῖνος
236 384 330 436 αὐτῷ
351 388 498 436 χρυσοῦς
521 385 697 424 ἀπέτισεν.

146 444 203 478 De
210 443 312 478 bello
322 445 492 479 Isaurico
503 443 606 493 (404)
617 457 654 483 v,
668 447 837 481 Zosimus
847 448 890 490 V,
904 445 952 480 25
965 459 975 490 ;
986 444 1119 481 Sozom
1129 474 1136 480 .

93 503 181 538 VIII
197 528 206 546 ‚
232 499 305 551 253
330 503 556 552 Philostorg.
577 505 654 550 XI,
680 504 722 550 8;
747 505 949 540 Tillcmont
975 513 1067 542 tom.
1093 507 1138 549 V,

93 574 131 608 P·
152 560 226 606 473
246 573 332 610 sqq·

584 678 647 724 87.

147 789 247 827 lbid.
281 802 322 838 p.
366 802 440 838 292
469 811 517 817 —
544 790 619 838 295
659 804 666 825 :
695 787 780 827 ‘'Or-t
821 789 878 826 ἐπὶ
919 789 1138 841 Πουλχερίας

94 849 154 893 τ’ἥς
185 846 390 898 βασιλίσσης
423 846 570 891 ἐξέκειτο
605 847 758 900 δημοσία
788 847 1060 898 πιπρασκόμενα
1095 846 1140 885 τὰ

94 905 174 952 ἔθνη
206 911 274 946 τοῖς
305 905 526 956 βουλομένοις
558 908 719 944 ὠνεῖσθαι
751 905 812 949 τὰς
835 906 967 959 ἀρχάς·
987 912 1075 944 πᾶσι
1103 905 1139 943 δὲ

94 963 353 1015 ἐπιπράσκοντο
371 964 510 1015 μεγάλα
530 979 567 1002 τε
593 965 652 1002 καὶ
670 964 779 1017 μικρὰ
808 967 963 1017 φανερῶς
992 965 1049 1002 ἐπὶ
1078 965 1139 1011 δη-

94 1022 224 1070 μοσίων
255 1024 451 1073 τραπεζῶν,
481 1038 600 1093 ωσπερ
630 1022 716 1061 ἄλλο
749 1038 782 1060 τι
818 1025 886 1061 τῶν
923 1024 978 1060 ἐπ’
1012 1025 1140 1074 ἀγορᾶς

93 1081 218 1121 ὠνίων
260 1080 304 1119 ‘O
339 1080 544 1150 βουλόμενος
577 1080 840 1127 Ἑλλήσποντον
883 1082 1014 1119 ἀδικεῖν
1045 1084 1138 1132 εἶχεν

93 1138 353 1185 Ἑλλήσποντον
370 1138 582 1189 πριάμενος,
602 1139 662 1176 και
685 1139 788 1183 ἄλλος
810 1139 1044 1187 Μακεδονίαν,
1069 1142 1139 1179 Κυ-

94 1197 214 1246 ρήνην,
245 1197 303 1234 καὶ
337 1195 430 1240 ὅπως
459 1195 603 1240 ἕκαστος
636 1196 746 1235 ἐνόσει
783 1197 869 1249 πρὸς
902 1196 941 1235 τὸ
973 1197 1138 1245 ἄδικονῆ

95 1255 236 1307 ἐχθροὺς
258 1255 361 1306 ἔχων.
397 1254 502 1302 Ἔξῆν
528 1254 563 1292 δὲ
586 1255 645 1293 καὶ
677 1257 755 1294 καθ’
782 1255 927 1294 ἕκαστον
951 1255 1043 1300 ἔθνος
1076 1256 1139 1305 τὴν

90 1314 290 1366 μοχθηρίαν
321 1314 483 1352 ὠνεῖσθαι
512 1315 636 1352 ἑαυτοῦ
666 1314 750 1365 πρὸς
777 1314 816 1353 ab
858 1314 1025 1366 βλάπτειν
1058 1315 1138 1359 τοὺς

93 1372 285 1422 ὑπηκόους,
316 1371 376 1409 καὶ
404 1371 518 1410 πολλὰ
539 1373 798 1423 συλλαμὸάνειν
821 1372 900 1419 ἔθνη
915 1388 922 1396 ·
943 1377 1045 1411 τοῦτο
1070 1373 1138 1427 γὰρ

94 1434 111 1468 ὃ
139 1430 292 1482 βικάριος
318 1430 460 1468 ἐδύνατο
479 1430 539 1468 καὶ
561 1434 582 1478 ἡ
613 1432 806 1475 ἀνθύπατος
831 1431 936 1484 ἀρχή.
968 1432 1039 1470 Καὶ
1067 1432 1139 1476 δέος

92 1484 135 1535 ἦν
152 1489 248 1527 οὐδὲν
271 1490 338 1526 τῶν
359 1489 484 1526 ἀθλίων
501 1489 721 1540 γραμμάτων
747 1490 818 1534 τοῖς
842 1490 957 1540 νόμοις
981 1492 1139 1538 ἐντεθνη-

94 1547 217 1593 κότων,
237 1549 284 1591 ὡς
305 1547 356 1585 δεῖ
374 1547 431 1585 τὸν
453 1547 510 1585 ἐπὶ
526 1547 686 1621 χρήμασι
707 1549 889 1594 δικάζοντα
910 1549 1138 1594 κολάζεσθαι·

98 1605 173 1643 ἀλλ’
193 1607 224 1642 οἱ
245 1604 307 1655 μὲν
326 1605 424 1655 νόμοι
453 1604 544 1643 κατὰ
574 1605 632 1643 τὸν
665 1606 805 1653 Σκύθην
837 1607 1045 1659 Ἀνάχαρσιν
1077 1610 1138 1646 οὐκ

95 1662 269 1715 ἀραχνίων
303 1667 392 1710 ἦσαν
427 1662 666 1717 ἀσθενέστεροι
700 1664 760 1703 και
792 1665 993 1717 λεπτότεροι
1023 1666 1138 1714 μόνον,

97 1721 188 1758 ἀλλὰ
208 1737 268 1759 και
288 1725 464 1774 κονιορτοῦ
486 1721 617 1766 παντὸς
635 1721 720 1774 πρὸς
739 1723 779 1761 τὸ
808 1725 877 1776 ῥεῖν
906 1724 1055 1767 εὐκόλως
1081 1724 1140 1762 καὶ

96 1780 343 1828 διανεμοῦσθαι
360 1780 655 1832 παραφερόμενοι.
675 1780 719 1819 Ὁ
740 1781 775 1818 δὲ
792 1781 831 1818 τὸ
847 1780 938 1825 ἔθνος
957 1780 979 1827 ἢ
996 1780 1040 1819 τὰ
1061 1782 1138 1827 ἔθνη

96 1837 328 1890 παραλαὲὼν,
346 1838 416 1876 δύω
436 1837 529 1882 τινὰς
548 1838 570 1885 ἢ
588 1844 678 1890 τρεῖς
699 1840 913 1892 στρατιώτας
935 1839 1140 1890 συνεφελκό-

95 1912 196 1946 μενος
214 1895 302 1934 κατὰ
323 1895 386 1943 τὴν
415 1897 568 1948 πλαγίαν
594 1897 764 1941 εἰσιόντας
785 1897 903 1949 θύραν,
934 1898 983 1947 μὴ
1019 1897 1141 1948 βουλό-

96 1970 194 2003 μενος
206 1955 388 2005 μανθάνειν
406 1955 597 2006 (λανθάνειν
608 1957 682 2006 Β.),
693 1955 746 1994 ὅτι
755 1957 781 2007 [.
790 1985 829 2003 ..,
839 1956 895 1994 διὰ
906 1957 968 2007 B.]
984 1955 1143 1994 σιωπών-

96 2029 162 2051 των
193 2013 368 2065 κηρύκων,
396 2015 426 2051 εἷ
453 2012 493 2060 δὴ
523 2014 687 2065 κήρυγμα
709 2013 936 2064 σιωπώμενον
966 2013 1140 2064 γίγνεται,

94 2071 178 2123 πρὸς
210 2072 345 2115 πάντας
380 2074 640 2124 περιήγγελλεν,
673 2075 719 2115 ὡς
757 2072 798 2119 δή
829 2088 932 2125 φησιν
962 2071 1141 2124 τΌμηρος·

1203 285 1216 300 «ι
1238 265 1369 312 κλήδην
1394 266 1440 307 εἷς
1461 263 1588 315 ἀγορὴν
1609 263 1807 311 κικλήσκειν
1837 264 1945 318 ἄνδρα
1974 263 2130 313 ἑκαστον,
2151 266 2239 318 μηδὲ

1204 328 1304 373 βοᾶν,
1327 322 1428 366 αὐτὸς
1445 321 1481 360 δὲ
1501 321 1590 373 μετὰ
1610 321 1777 374 πρώτοισι
1800 324 1955 362 πονεῖτο·
1977 341 1991 358 »
2011 324 2071 362 καὶ
2087 325 2145 363 6’
2123 341 2240 379 αρχων

1201 381 1258 420 διὰ
1270 397 1337 420 των
1354 379 1442 432 ἀφθό
1443 392 1535 431 γγων
1550 379 1679 418 τούτων
1696 380 1857 434 κηρύκιον
1873 381 1956 434 πρὸς
1974 381 2013 420 τὸ
2030 398 2087 426 ους
2103 385 2240 437 ἑκάστῳ
2290 399 2295 435 3
2314 378 2323 398 ⁸

1201 439 1498 513 περιήγγελλεν,
1480 455 1526 482 ως
1544 438 1733 491 πριάμενος
1765 439 1817 487 εἴη
1837 439 1913 483 τους
1937 441 2108 488 ὑπηκόους
2136 441 2240 481 τόσου

1202 498 1261 536 καὶ
1276 498 1379 536 τόσου
1400 497 1584 549 ἀργυρίου,
1603 496 1663 534 καὶ
1680 496 1778 535 πᾶσά
1797 512 1836 548 γε
1857 497 1990 548 ἀνάγκη
2009 514 2111 538 τουτο
2129 515 2239 539 κατα-

1201 557 1357 604 δάλλειν,
1384 554 1406 601 ἢ
1438 554 1630 607 πράγματα
1655 554 1796 615 ἔχοντας
1824 555 2062 608 ἐπιτρίὸεσθαι
2083 557 2242 603 θανάτοις

1201 614 1262 651 καὶ
1291 612 1581 664 δημεύσεσιν.οἷ
1608 611 1669 663 μὲν
1689 616 1747 651 οὖν
1768 612 1903 665 ἔχοντες
1921 613 1981 652 και
2006 615 2175 660 συντελεῖς
2200 617 2240 655 ἐκ

1201 671 1497 725 προϋπαρχούσης
1516 670 1634 715 οὐσίας
1650 670 1873 709 κατετίθεσαν
1893 671 2097 721 οἰμώζοντες
2114 673 2154 712 τὸ
2177 675 2238 727 ἀρ·

1200 730 1328 782 γύριον·
1348 732 1378 768 οἱ
1396 729 1432 768 δὲ
1451 731 1658 782 ἀποροῦντες
1677 730 1830 782 δημοσία
1852 731 2144 770 κατεδαπανῶντο
2165 735 2243 777 ταῖς

1202 787 1342 839 μάστιξι
1358 788 1402 827 τὰ
1419 787 1568 839 σώματα
1581 803 1590 812 ·
1607 787 1778 841 πρόφασις
1793 788 1829 826 δὲ
1846 782 1888 836 ἧν
1905 788 2006 841 ἑτέρα
2021 804 2085 833 τις.
2106 790 2241 842 Εὖρέθη

1200 846 1267 900 γὰρ
1286 847 1380 899 γένος
1399 846 1591 899 ἀνθρώπων
1623 847 1667 885 δι’
1684 846 1832 899 ἀπορίαν
1852 846 1912 885 καὶ
1933 847 2100 887 ἀπόνοιαν
2119 848 2243 894 ὀξυθά-

1201 921 1302 944 νατον
1330 905 1390 944 καὶ
1411 905 1660 957 φιλοκίνδυνον,
1682 903 1716 943 οἳ
1734 904 1796 949 τὰς
1825 904 1939 957 ὕὸρεις
1963 907 2026 945 οὔκ
2049 906 2244 958 ἐνεγκόντες

1201 964 1258 1002 ἐπὶ
1276 964 1468 1017 κατηγορίᾳ
1488 967 1550 1010 τῆς
1569 963 1731 1016 λῃστείας
1750 963 1920 1016 ὥρμησαν
1941 964 1999 1003 ἐπὶ
2022 964 2081 1004 τὸν
2100 968 2163 1014 τῆς
2178 967 2242 1005 αὗ-

1201 1024 1263 1069 λῆς
1291 1023 1458 1075 ἔπαρχον.
1482 1024 1649 1065 Κάκεῖνος
1669 1021 1710 1060 ἂν
1733 1022 1790 1060 ἐπὶ
1809 1021 1848 1060 τὸ
1878 1029 2026 1074 πρᾶγμα
2048 1024 2243 1076 διεσχημα-

1201 1081 1359 1133 τισμένος
1375 1081 1486 1119 πάλαι
1502 1081 1562 1119 καὶ
1582 1081 1684 1126 αὐτὸς
1704 1079 1804 1134 ἕτερα
1832 1085 1978 1120 τοιαῦτα
2008 1082 2157 1134 πάσχων
2184 1083 2243 1122 τόν

1200 1155 1238 1178 τε
1270 1139 1552 1193 κατηγορηθέντα
1588 1139 1810 1192 συνήρπασε,
1841 1139 1901 1178 καὶ
1932 1138 2011 1184 τοὺς
2046 1141 2242 1194 κατηγορή·

1201 1213 1330 1242 σαντας
1349 1201 1395 1242 ὥς
1420 1197 1618 1250 παρρησίαν
1646 1197 1790 1250 ἔχοντας
1823 1197 1988 1250 ἐπῄνεσεν
2073 1229 2081 1238 .
2099 1204 2243 1240 τοιαῦτα

1201 1256 1350 1308 γένοιτο·
1380 1256 1441 1295 καὶ
1469 1256 1554 1310 πρὸς
1585 1255 1783 1327 τὸΜγῶνα
1802 1259 1863 1304 τ’ἥς
1882 1257 2027 1310 κρίσεως
2054 1258 2242 1308 ἐλθούσης,

1200 1315 1378 1387 ἔφραζεν
1361 1331 1402 1353 αν
1420 1315 1476 1354 διὰ
1492 1319 1553 1354 τοῦ
1564 1315 1772 1354 πιστοτάτου
1788 1318 1856 1353 τῶν
1873 1315 2058 1368 εὐνούχων·
2075 1334 2091 1353 ι
2108 1314 2246 1366 Ἄπιτε,

1200 1391 1228 1412 ω
1251 1373 1442 1426 βέλτιστοι,
1460 1374 1552 1412 πάνυ
1573 1374 1804 1425 θαυμάζοντες
1819 1373 1871 1412 ὅτι
1889 1376 1980 1425 μετὰ
1997 1377 2066 1414 τῶν
2082 1379 2242 1430 κεφαλῶν

1203 1432 1326 1470 ἄπιτε·
1347 1438 1550 1484 κατηγορεῖν
1573 1433 1640 1485 γὰρ
1665 1432 1878 1506 ἀρχρμένους
1909 1434 1971 1472 οὒκ
2001 1433 2143 1479 ἔξεστιν.
2162 1453 2178 1470 ιι
2195 1437 2243 1475 Οἱ

1203 1489 1265 1541 μὲν
1286 1490 1445 1542 ἀπηεσαν
1464 1491 1691 1543 ψηλαφῶντες
1710 1491 1770 1535 τὰς
1795 1490 1948 1544 κεφαλὰς
1967 1492 2026 1531 ἐπὶ
2046 1498 2116 1537 τοῖς
2132 1493 2246 1545 λόγοις

1200 1547 1260 1586 καὶ
1279 1549 1479 1598 ἀγαπωντες
1491 1580 1499 1595 ,
1517 1548 1568 1586 ὅτι
1589 1548 1708 1600 ἔχουσι
1726 1565 1949 1601 συνηρμοσμε
1941 1550 2035 1595 ’·νας
2051 1553 2070 1588 6
2085 1550 2122 1590 δὲ
2147 1551 2245 1599 νική-

1202 1622 1264 1650 σας
1283 1606 1346 1654 τὴν
1378 1607 1559 1657 Καδμείαν
1583 1623 1708 1660 μακρω
1734 1607 1838 1646 πλέον
1860 1611 1901 1655 ἠν
1930 1609 2163 1660 ἀθλιώτατος,
2183 1610 2246 1650 καὶ

1202 1664 1264 1711 τὴν
1292 1665 1404 1717 ἀρχὴν
1433 1666 1620 1717 πριάμενος
1650 1666 1732 1713 ὅλης
1761 1682 1823 1713 της
1856 1667 2080 1719 ὑπαρχούσης
2105 1668 2246 1720 οὐσίας,

1203 1739 1262 1761 και
1286 1723 1326 1761 τὸ
1347 1723 1465 1775 κέρδος
1486 1726 1546 1770 τῆς
1565 1726 1676 1776 ἀρχης
1694 1725 1998 1777 προσκαταὸαλων
2021 1732 2097 1771 ταῖς·
2114 1727 2246 1766 τοσαύ-

1202 1797 1278 1826 ταις
1294 1782 1444 1834 ἐνέδραις
1461 1798 1522 1820 και
1535 1784 1666 1834 λόχοις.
1684 1786 1806 1822 Πασαι
1821 1798 1900 1833 γουν
1914 1784 2020 1822 οἰκίαι
2032 1800 2117 1837 προς
2127 1801 2247 1824 τουτον

1204 1841 1380 1879 ἐκενουντο
1403 1840 1444 1878 ἂν
1463 1841 1520 1879 τὸν
1552 1841 1662 1880 δόλον·
1696 1841 1754 1879 καὶ
1787 1843 1898 1894 ῥᾷστα
1919 1846 1960 1889 ἠν
1981 1845 2063 1895 ὁρᾶν
2086 1842 2164 1887 τους
2183 1844 2245 1896 ἅρ-

1204 1898 1328 1943 ξαντας
1368 1899 1660 1950 δεδημευμένους,
1694 1915 1813 1952 ωσπερ
1846 1915 1913 1938 που
1949 1916 2010 1938 και
2042 1903 2061 1938 6
2094 1902 2248 1953 κωμικός

1204 1972 1320 2009 φησιν·
1337 1974 1354 1992 ιι
1370 1957 1533 2010 ἄρξαντος
1554 1958 1674 2011 ἀνδρὸς
1690 1958 1841 2006 δημόσια
1854 1957 1898 1996 τὰ
1911 1958 2094 2011 χρήματα.
2113 1977 2129 1995 »
2144 1959 2190 2000 ‘O
2211 1961 2246 1998 δὲ

1205 2016 1338 2065 ἀγνοῶν
1374 2015 1425 2059 τίς
1460 2016 1631 2067 κωμικὸς,
1668 2015 1746 2054 οὐδὲ
1777 2017 2023 2067 ἀναγινώσκειν
2060 2017 2152 2063 ἄξιος
2183 2018 2246 2066 τὴν

1204 2072 1358 2127 γραφήν.
1381 2073 1487 2113 Οὕτω
1503 2078 1583 2125 γοῦν
1598 2074 1658 2112 καὶ
1672 2077 1690 2112 6
1706 2074 1924 2126 Ἑρεννιανὸς
1937 2074 2015 2113 τότε
2034 2074 2092 2114 τὸν
2105 2075 2248 2129 Ἱέρακα

94 2184 113 2214 d
119 2193 207 2223 inens,
215 2185 369 2225 corripuit
378 2185 543 2216 Hieracem
554 2185 692 2225 ;vixque
700 2184 832 2217 demum
845 2184 977 2225 dimisit,
989 2186 1142 2225 quattuor

95 2237 233 2276 acceptis
250 2237 358 2268 abillo
371 2246 541 2268 aureorum
556 2237 707 2269 millibus.

583 2293 642 2323 87.

133 2346 306 2378 Pulcheria
329 2346 502 2386 regnante,
525 2346 712 2386 prostabant
737 2345 863 2386 publice
887 2353 1006 2377 venum
1032 2345 1142 2385 gentes

98 2399 135 2430 iis
157 2398 211 2438 qui
230 2397 435 2438 praefecturas
450 2405 597 2429 coemere
618 2397 771 2429 volebant
790 2407 797 2429 ε
816 2399 849 2429 et
867 2398 934 2429 sive
950 2397 1000 2429 hae
1017 2405 1141 2437 magnae

96 2452 163 2482 sive
181 2449 316 2481 modicae
329 2450 433 2480 essent
448 2472 456 2486 ‚
475 2449 578 2488 palam
595 2449 627 2480 in
642 2449 777 2489 publicis
790 2449 925 2488 mensis,
939 2458 998 2480 ceu
1015 2449 1143 2481 venales

97 2503 129 2533 in
144 2502 212 2533 soro
229 2509 371 2539 merces,
387 2500 655 2532 distrahebantur.
702 2501 801 2540 Igitur
823 2500 879 2540 qui
903 2501 1142 2541 Hellespontum

97 2555 234 2595 diripere
268 2553 404 2591 avebat,
439 2553 678 2593 Hellespontum
714 2554 855 2592 emptam
889 2552 1029 2591 serebat,
1063 2552 1144 2584 alius

97 2615 174 2638 vero
202 2604 438 2643 Macedoniam,
467 2604 548 2636 alius
576 2606 738 2644 Cyrenen,
766 2605 861 2644 prout
888 2604 1022 2644 quisque
1047 2612 1144 2644 pecu-

96 2657 182 2690 landi
210 2656 324 2688 morbo
351 2655 537 2695 laborabat,
557 2657 613 2687 aut
636 2655 781 2686 inimicos
803 2655 988 2687 ulciscendi.
1014 2655 1144 2688 Licebat

98 2711 205 2741 antem
229 2708 278 2739 his
303 2707 458 2747 improbis
476 2708 525 2739 vel
550 2708 747 2746 singularum
770 2708 913 2747 gentium
938 2708 1145 2748 praefecturas

48 2768 54 2773 ·
98 2760 234 2794 nocendi
263 2768 357 2791 causa
381 2768 544 2799 coemere,
571 2760 621 2790 vel
647 2760 743 2791 ctiam
772 2760 936 2791 cumulate
963 2760 1104 2800 plurium
1135 2769 1143 2791 ε

98 2813 247 2844 illatenus
267 2811 352 2843 enim
374 2811 504 2850 patebat
520 2811 630 2842 vicarii
652 2811 701 2843 vel
734 2811 932 2852 proconsulis
952 2811 1142 2851 jurisdictio.

99 2865 214 2898 Nullus
253 2864 361 2894 autem
397 2864 502 2894 metus
538 2865 607 2895 erat
649 2863 850 2895 decretorum
892 2863 1032 2895 tristium
1065 2863 1145 2903 Jam-

99 2916 223 2957 pridem
251 2923 326 2946 cum
351 2914 474 2954 legibus
498 2916 720 2954 mortuorum,
749 2915 833 2955 quod
866 2923 969 2955 poenae
996 2914 1146 2947 videlicet

101 2969 127 3001 is
141 2967 196 3008 qui
213 2966 266 3006 jus
284 2965 399 2997 venale
421 2965 534 3004 habet,
560 2965 718 2997 obnoxius
744 2966 795 2998 sit.
821 2967 945 2998 Etenim
974 2967 1056 3007 leges
1079 2975 1144 2998 non

101 3018 215 3057 mod0,
231 3018 327 3057 prout
351 3017 469 3055 Scytha
491 3016 683 3048 Anacharsis
707 3018 768 3057 ait,
795 3026 947 3049 araneosa
965 3018 1028 3049 tela
1054 3018 1143 3048 intir-

101 3071 217 3103 miores
229 3069 321 3100 erant
338 3076 377 3098 ac
392 3067 592 3106 subtiliores,
614 3076 723 3099 verum
744 3077 872 3108 prorsus
892 3068 1031 3108 pulveris
1046 3069 1146 3100 instar

102 3124 167 3155 huc
189 3121 266 3152 illuc
288 3119 372 3151 sacili
387 3119 474 3159 iactu
491 3119 790 3158 circumagebantur
806 3128 843 3150 ac
865 3119 1065 3152 diffluebant.
1084 3120 1146 3158 Qui

100 3183 178 3207 vero
194 3180 292 3204 unam
308 3172 434 3211 gentem
449 3171 596 3210 pluresve
609 3172 729 3202 cinerat
741 3194 751 3210 ‚
768 3171 850 3203 binis
863 3171 913 3203 vel
929 3172 1028 3203 ternis
1048 3172 1147 3212 stipa-

102 3232 155 3261 tns
177 3223 384 3262 satellitibus,
409 3223 466 3263 qui
484 3222 525 3254 ad
548 3231 582 3254 se
607 3231 662 3262 per
681 3223 838 3262 posticum
866 3223 1082 3262 ventitarent,
1107 3232 1148 3255 ne

104 3282 186 3313 sorte
203 3278 335 3316 lateret,
348 3277 364 3293 *
383 3285 440 3316 per
454 3275 567 3307 tacitos
582 3283 745 3314 praecones
759 3274 803 3313 (si
828 3276 934 3306 tamen
948 3275 1146 3315 praeconium

103 3332 238 3364 tacitum
250 3328 441 3368 tieripotest)
453 3335 564 3358 omnes
577 3327 728 3357 certiores
740 3326 825 3366 fecit,
837 3328 869 3357 et
881 3335 967 3356 more
977 3327 1146 3357 Homerico

106 3388 117 3426 (
135 3386 173 3417 ΙΙ.
192 3387 224 3423 9,
250 3382 305 3422 11)
323 3379 510 3412 nominatim
527 3378 567 3410 ad
588 3378 692 3409 sorum
710 3378 795 3409 viros
811 3378 951 3418 singulos
969 3377 1146 3409 advocabat
1177 3395 1179 3405 .

1203 2185 1270 2216 sine
1285 2186 1431 2226 strepitu,
1446 2186 1512 2226 ipse
1521 2188 1644 2218 veroin
1658 2186 1767 2227 primis
1780 2186 1971 2227 fungebatur
1983 2196 2127 2220 munere.
2138 2188 2250 2228 ltaque

1202 2237 1406 2277 magistratus
1416 2237 1465 2269 his
1479 2238 1647 2270 taciturnis
1659 2238 1861 2279 praeconibus
1876 2240 1970 2270 utens
1981 2239 2013 2270 in
2027 2239 2183 2280 cujusque
2195 2247 2249 2271 au·

1202 2297 1269 2320 rem
1284 2289 1523 2330 insusurrabat,
1543 2298 1577 2321 se
1593 2290 1734 2330 singulos
1750 2289 1894 2322 subditos
1922 2290 1983 2321 hoc
2002 2291 2035 2322 et
2057 2290 2112 2322 illo
2127 2290 2248 2331 argenti

1203 2342 1342 2382 pondere
1356 2343 1485 2375 venales
1506 2343 1632 2375 habere.
1652 2345 1785 2375 Prorsus
1807 2343 1917 2374 autem
1938 2351 2066 2375 necesse
2089 2343 2176 2382 erat,
2194 2343 2245 2375 vel

1202 2393 1393 2434 imperatam
1416 2394 1583 2434 pecuniam
1613 2394 1768 2434 pendere,
1804 2394 1855 2426 vel
1881 2394 2052 2426 calumniis
2078 2394 2250 2434 implicitos

1201 2445 1357 2486 supplicia
1371 2445 1491 2486 perpeti
1505 2447 1537 2478 et
1546 2445 1801 2486 proscriptiones.
1816 2445 1878 2483 Qui
1891 2454 1965 2486 ergo
1977 2445 2135 2478 nummati
2145 2446 2250 2484 erant,

1203 2497 1224 2528 ii
1242 2506 1299 2537 pro
1315 2497 1521 2528 facultatibus
1534 2498 1670 2537 quisque
1684 2497 1752 2528 suis
1771 2505 1846 2529 cum
1859 2497 1978 2537 gemitu
1995 2497 2164 2538 pecuniam
2182 2497 2247 2528 sol-

1203 2549 1323 2580 vebant
1343 2561 1351 2580 :
1366 2548 1528 2580 tenuiores
1543 2550 1652 2580 autem
1670 2549 1769 2589 plagis
1783 2549 1910 2588 publice
1927 2548 2084 2589 impositis
2098 2547 2248 2587 abibant;

1205 2600 1251 2631 rei
1263 2601 1438 2640 praetextus
1450 2601 1558 2631 autem
1572 2599 1701 2631 aliunde
1714 2600 1891 2639 petebatur.
1907 2599 2038 2631 Exstitit
2052 2598 2138 2631 enim
2151 2607 2251 2639 genus

1204 2652 1390 2691 hominum,
1415 2652 1469 2692 qui
1492 2651 1534 2682 ob
1554 2651 1725 2691 egestatem
1749 2659 1786 2681 ac
1808 2650 1989 2682 vecordiam
2008 2649 2246 2690 impendentem

1202 2712 1315 2736 necem
1329 2712 1367 2734 ac
1381 2703 1522 2743 pericula
1534 2703 1726 2734 temnerent.
1744 2702 1796 2741 Hi,
1808 2702 1960 2733 nimirum
1979 2701 2170 2741 injuriarum
2188 2701 2246 2732 im-

1204 2755 1372 2796 patienteS,
1386 2754 1507 2786 crimen
1525 2754 1692 2794 peculatus
1711 2753 1797 2793 apud
1813 2753 1897 2784 aulae
1919 2752 2109 2792 praefectum
2125 2751 2246 2784 detule-

1204 2807 1290 2838 runt.
1307 2806 1367 2838 uic
1380 2807 1502 2844 autem,
1517 2813 1584 2836 rem
1600 2804 1682 2835 serio
1703 2812 1797 2843 agere
1812 2803 1966 2835 simulans
1979 2803 2118 2844 (quippe
2133 2804 2166 2835 et
2182 2803 2247 2843 ipse
2279 2814 2283 2818 -

1203 2858 1280 2890 olim
1294 2857 1327 2889 in
1337 2857 1433 2889 simili
1447 2857 1577 2888 fortuna
1590 2857 1735 2887 versatus
1750 2859 1817 2887 erat
1826 2855 1854 2895 ‚)
1866 2863 1938 2886 eum
1951 2854 2007 2894 qui
2024 2854 2247 2893 accusabatur,

1204 2919 1296 2942 reum
1313 2909 1444 2950 agebat,
1464 2909 1498 2940 et
1519 2908 1713 2939 accusatoris
1737 2906 1886 2938 fiduciam
1914 2905 2170 2938 commendabat.
2185 2908 2249 2938 Ve-

1204 2963 1385 2994 rumtamen
1401 2960 1453 2992 ubi
1469 2958 1581 3000 judicii
1596 2958 1786 2999 disceptatio
1807 2957 1934 2996 aderat,
1950 2965 2006 2997 per
2028 2956 2247 2988 fidelissimum

1205 3013 1263 3045 sibi
1281 3011 1466 3049 eunuchum
1485 3009 1697 3042 nuntiandum
1724 3008 1786 3039 illis
1811 3007 1944 3039 curabat
1972 3019 1980 3039 ε
2009 3019 2024 3035 α
2051 3007 2144 3039 Abite
2155 3031 2164 3046 ‚
2186 3007 2248 3039 viri

1205 3064 1336 3105 optimi,
1366 3064 1521 3103 lucroque
1548 3061 1699 3102 apponite
1711 3083 1720 3099 ‚
1746 3058 1831 3100 quod
1864 3059 1955 3090 salvo
1992 3058 2096 3098 capite
2132 3058 2247 3100 abitis;

1205 3124 1345 3156 namque
1358 3113 1593 3154 magistratibus
1605 3112 1688 3143 diem
1701 3111 1807 3143 dicere
1819 3117 2022 3150 nequaquam
2036 3109 2122 3141 licet.
2136 3122 2151 3138 ιι
2164 3111 2247 3142 Tum

1206 3168 1252 3199 illi
1270 3166 1496 3204 discedebant,
1513 3164 1563 3196 his
1578 3162 1715 3202 auditis,
1740 3161 1845 3202 capita
1863 3169 1921 3192 sua
1938 3161 2192 3200 contrectantes,
2215 3163 2248 3194 et

1206 3221 1299 3260 plane
1312 3218 1466 3257 contenti,
1480 3216 1565 3257 quod
1577 3225 1614 3248 ea
1626 3214 1803 3247 cervicibus
1815 3212 1920 3244 adhuc
1931 3212 2098 3244 haererent.
2114 3212 2177 3249 Qui
2191 3220 2248 3243 au-

1206 3274 1271 3304 tem
1288 3272 1461 3304 Cadmeam
1475 3270 1558 3301 hanc
1568 3268 1737 3300 victoriam
1758 3266 1928 3304 retulerat,
1946 3265 2071 3296 multo*
2061 3273 2127 3304 Jam
2143 3265 2246 3296 infeli·

1207 3324 1273 3355 cior
1289 3327 1368 3362 erat,
1382 3325 1451 3354 tmn
1466 3321 1540 3362 qnia
1556 3330 1622 3361 pra·
1622 3320 1779 3351 secturam
1792 3317 1868 3349 olim
1882 3316 1968 3348 omni
1984 3325 2042 3348 suo
2056 3315 2246 3356 patrimonio

1207 3376 1399 3413 redemerat,
1415 3376 1482 3406 tum
1496 3373 1572 3413 quia
1589 3379 1690 3412 nuper
1707 3369 1906 3411 praefecturae
1920 3368 2008 3399 lucra
2021 3367 2199 3399 hisinsidiis
2214 3368 2247 3398 et

2291 99 2319 156 εἷ’-,Μ
2270 0 2317 86 1ῑέίῆ

2294 308 2321 355 22⁵⁹*
2289 211 2321 302 gra-*m
2294 198 2308 205 ³
2287 159 2320 193 εὖ(

2295 535 2301 553 ν,

2314 1200 2326 1293 ...Ἥ-ω..
2318 1189 2322 1195 -
2313 1084 2326 1163 mm.
2310 966 2326 1078 mutum
2305 855 2326 962 Mna-¹

2323 1390 2326 1400 ..
2318 1339 2326 1376 m
2320 1295 2326 1326 -..
