2372 3704
155 283 226 315 394

451 402 482 437 E
510 400 658 438 LIBRO
687 397 892 447 QUINTO.

629 510 714 536 23.

203 582 458 633 Harpocratio
485 591 494 619 :
524 578 670 630 Ἡραῖον
701 577 864 629 τεῖχος...
893 574 1021 627 χωρίον
1049 571 1141 611 ἐστὶν
1162 573 1196 610 ἐν

142 640 278 695 Θρᾴκῃ
302 639 409 683 οὕτως
431 637 706 688 ὀνομαζόμενον,
723 636 789 673 ὑπὸ
810 633 958 684 Σαμίων
984 631 1020 670 δὲ
1036 630 1170 677 οἷκίσθη
1185 659 1196 680 ,

151 700 198 744 ὥς
212 716 296 753 φησι
313 699 488 742 Διονύσιος
508 699 541 735 ἐν
557 696 582 735 ε’
606 696 778 736 Κτίσεων.
797 695 856 733 Cf.
878 697 1004 742 Etym.
1022 694 1094 738 M.,
1115 692 1199 728 Sui·

153 761 241 805 das,
266 761 444 804 photius,
466 758 597 806 steph.
620 758 659 792 B.
684 768 713 791 s.
745 768 784 791 v.
813 752 1002 790 Herodot.
1029 753 1079 787 IV
1095 777 1105 795 ,
1131 762 1195 797 90.

152 821 262 856 Circa
276 819 333 855 Ol.
354 819 402 855 30
423 818 569 855 Samios
586 829 631 852 eo
654 815 796 850 misisse
815 813 972 849 colonos
989 811 1201 859 suspicatur

152 877 326 914 Panofka
343 879 400 914 De
412 877 495 913 reb.
515 876 676 912 Samior.
693 886 735 922 p.
762 872 825 908 23.

432 982 463 1017 E
491 979 652 1017 LIBRIS
680 976 919 1014 INCERTIS.

662 1073 699 1109 3.

207 1165 365 1200 Photius
385 1165 475 1200 Lex.
501 1173 510 1200 :
532 1157 727 1212 Πραξιδίκη
742 1188 753 1207 ,
778 1156 871 1204 θεὸς,
898 1151 939 1204 ἧς
959 1155 1119 1209 κεφαλὴν
1139 1155 1207 1204 μό-

154 1238 211 1262 νον
224 1221 392 1274 ἱδρύοντο.
410 1218 576 1262 Μνασέας
590 1216 625 1256 δὲ
641 1219 674 1255 ἐν
688 1219 736 1269 τῷ
750 1216 839 1270 Περὶ
855 1215 1028 1269 Εὐρώπης
1042 1217 1206 1267 Σωτῆρος

154 1282 294 1327 καὶτῆς
321 1281 472 1332 ἀδελφῆς
499 1276 714 1331 Πραξιδίκης
746 1275 905 1327 γενέσθαι
937 1274 1088 1321 Κτήσιον
1111 1274 1205 1324 υἱὸν,

156 1341 215 1379 καὶ
243 1338 434 1391 θυγατέρας
466 1337 655 1387 Ὁμόνοιαν
687 1335 746 1374 καὶ
782 1335 939 1386 Ἀρετήν·
971 1333 1012 1377 ἃς
1043 1332 1113 1371 ἀπὸ
1146 1336 1207 1379 τῆς

158 1398 288 1450 μητρὸς
303 1396 518 1449 Πραξιδίκας
531 1396 718 1442 κληθῆναι.
738 1393 919 1436 Διονύσιος
933 1391 969 1430 δὲ
987 1393 1021 1429 ἐν
1040 1391 1204 1431 Κτίσεσιν

157 1457 314 1508 Ὠγύγου
329 1454 535 1507 Θυγατέρας·
552 1452 780 1503 Ἀλκομενίαν
792 1483 801 1498 ,
816 1451 1002 1495 Θελξινίαν
1018 1481 1027 1497 ,
1047 1450 1183 1490 Αὐλίδα
1197 1482 1206 1498 ,

160 1515 199 1559 ἃς
219 1515 359 1567 ὕστερον
386 1512 599 1565 Πραξιδίκας
625 1513 875 1563 ὀνομασθῆναι.
896 1511 1039 1548 Eadem
1059 1512 1205 1550 Suidas.

158 1578 203 1613 V.
221 1577 369 1613 Miiller.
391 1575 489 1610 Min.
508 1586 549 1621 p.
578 1585 667 1621 129.
845 1570 849 1573 ⁴

668 1658 702 1697 4.

213 1734 372 1770 Photius
399 1733 493 1770 LeX.
530 1744 538 1766 :
571 1729 783 1779 Τελμισσεῖς
811 1729 961 1766 οἰκοῦσιν
997 1729 1031 1765 ἐν
1066 1726 1207 1779 Καρίᾳ,

162 1791 350 1844 ἀπέχοντες
382 1789 408 1833 ξ’
442 1788 567 1827 στάδια
610 1787 883 1840 Ἁλικαρνασσοῦ
897 1816 908 1836 ,
947 1789 994 1830 ὡς
1034 1786 1208 1836 Πολέμων

163 1852 232 1903 (fr.
260 1850 308 1887 35
326 1850 354 1900 ).
379 1847 578 1898 Τελμισσὸς
606 1846 642 1884 δὲ
659 1846 758 1890 πόλις
778 1847 812 1884 ἐν
831 1844 946 1897 Λυκίᾳ
963 1844 1034 1883 ἀπὸ
1052 1846 1209 1894 Τελμισ-

165 1912 226 1948 σοῦ
247 1912 307 1946 τοῦ
325 1906 540 1949 Ἀπόλλωνος
563 1904 624 1944 καὶ
646 1910 728 1955 μιᾶς
757 1907 824 1942 τῶν
845 1903 1045 1955 Ἀντήνορος
1065 1902 1210 1954 θυγατέ-

166 1983 252 2019 ρων,
269 1962 293 2018 {i
313 1965 416 2016 ἐμίγη
438 1966 484 2008 εἷς
508 1963 668 2002 σκύλακα
692 1960 925 2014 μεταὸαλών·
955 1962 1007 2000 διὸ
1028 1964 1088 1999 καὶ
1106 1977 1209 2014 τερα-

163 2025 293 2064 σκόπον
327 2024 430 2062 αὐτὸν
463 2023 625 2070 ἐποίησεν
638 2053 648 2070 ,
680 2024 727 2065 ὡς
756 2021 935 2064 Διονύσιος
963 2022 997 2059 ἐν
1030 2020 1208 2060 Κτίσεσιν.

165 2087 306 2122 Eadem
331 2085 487 2130 Suidas‚
508 2084 684 2132 Apostol.
706 2083 855 2127 XVIII,
876 2080 940 2117 25.

215 2147 273 2181 De
293 2144 472 2180 Telmisso
492 2143 589 2178 urbe
609 2143 648 2177 in
675 2141 799 2189 Lyciae
828 2148 864 2176 et
890 2141 1009 2179 Cariae
1038 2138 1212 2175 confiniis

163 2204 233 2239 sita
246 2230 257 2249 ‚
276 2216 319 2239 ac
336 2202 454 2238 modo
469 2202 559 2237 huic
576 2200 694 2236 modo
714 2200 769 2235 illi
785 2200 932 2248 regioni
947 2206 1210 2244 annumerata,

163 2262 252 2298 vide
270 2262 449 2299 Strabon.
464 2261 555 2297 XIV
567 2287 576 2305 ‚
591 2273 630 2308 p.
649 2258 725 2295 665
739 2285 748 2304 ,
762 2259 892 2307 Steph.
906 2258 995 2306 Byz.
1011 2257 1214 2308 νἹΤελμισ·

165 2319 243 2366 σός,
262 2321 430 2358 Eustatb.
454 2319 503 2355 ad
522 2320 684 2366 Dionys.
709 2317 808 2366 859,
824 2318 923 2353 Plin.
942 2319 991 2352 H.
1007 2318 1054 2352 N.
1074 2319 1129 2361 V,
1149 2329 1212 2362 27,

164 2380 249 2417 Liv.
270 2375 459 2423 XXXVI,
496 2377 562 2422 16,
590 2377 687 2412 Mela
709 2375 746 2421 Ι,
774 2376 840 2421 15,
874 2376 914 2421 3,
939 2376 1088 2412 Arrian.
1118 2376 1214 2424 Exp.

151 2439 227 2474 -Al.
246 2439 286 2482 Ι,
306 2441 354 2480 24
370 2464 381 2485 ,
404 2437 465 2482 ΙΙ,
487 2435 524 2471 3.
544 2437 630 2470 Van
657 2436 726 2470 der
743 2435 846 2481 Chys
867 2436 904 2469 in
930 2435 1139 2470 Comment.
1170 2434 1215 2469 ad

166 2497 318 2534 Arrian.
341 2507 468 2544 geogr.
491 2507 531 2543 p.
554 2493 616 2531 31.
638 2493 756 2532 Cariae
783 2494 875 2528 urbs
892 2493 1016 2528 edicto
1034 2493 1217 2541 assignata

166 2556 315 2591 videtur
344 2554 392 2590 ab
425 2553 643 2590 Alexandro
678 2550 731 2588 M.
762 2552 823 2587 vel
851 2564 874 2587 a
903 2552 1124 2589 Ptolemaeis.
1159 2552 1215 2588 Cf.

166 2613 354 2652 Niebuhr.
380 2613 523 2661 Opusc.
541 2624 581 2660 p.
602 2610 678 2646 288
699 2623 757 2658 sq.
770 2632 824 2638 —
838 2611 923 2656 Qua
942 2613 979 2645 in
994 2611 1082 2645 urbe
1098 2612 1219 2645 excel-

171 2674 242 2708 luit
260 2674 466 2720 aruspicum
484 2671 702 2718 disciplina,
723 2670 802 2706 Cic.
821 2670 878 2705 De
892 2669 980 2704 Div.
999 2669 1038 2713 Ι,
1056 2670 1220 2714 413Nec
1247 2672 1251 2694 ἲ

170 2735 365 2778 quisquam
397 2731 501 2765 dixit
529 2729 711 2777 quomodo
738 2727 826 2777 (ars
856 2724 1029 2776 magica)
1060 2730 1222 2762 venisset

651 2842 673 2874 2
698 2847 732 2874 a.

212 2899 363 2930 Heraeum
376 2896 494 2937 tichus,
507 2897 598 2929 locus
607 2897 752 2930 Thraciae
766 2896 811 2928 sic
823 2896 940 2934 dictus,
952 2904 972 2927 a
982 2894 1097 2928 Samiis
1108 2895 1222 2928 incolis

172 2951 413 2991 frequentatus,
427 2951 464 2981 ut
477 2950 521 2981 ait
534 2949 705 2990 Dionysius
717 2949 831 2990 quinto
854 2948 1033 2989 Originum.

680 3005 713 3037 3.

215 3059 394 3098 Praxidice‚
408 3059 468 3091 dea
480 3059 571 3099 cujus
585 3061 682 3101 caput
697 3060 801 3092 solum
814 3059 866 3102 [in
880 3059 1008 3100 templis
1017 3058 1128 3091 aliisve
1142 3058 1223 3091 locis

175 3113 327 3156 publicis]
344 3113 502 3145 collocare
516 3114 668 3145 solebant.
685 3115 830 3146 Mnaseas
845 3122 922 3145 vero
937 3113 970 3145 in
983 3121 1080 3154 opere
1093 3114 1141 3145 De
1158 3115 1223 3144 Eu-

174 3174 254 3206 ropa
265 3165 310 3196 ait
334 3164 454 3197 soteris
479 3165 511 3196 et
527 3165 644 3197 sororis
657 3165 838 3197 Praxidicee
853 3165 948 3197 fuisse
964 3165 1126 3203 ctesium,
1145 3163 1225 3196 filias

173 3226 252 3249 vero
270 3215 482 3250 concordiam
501 3217 534 3247 et
544 3216 705 3248 Virtutem
718 3241 726 3256 ‚
741 3226 815 3257 quae
829 3226 847 3248 a
859 3218 962 3249 matre
975 3216 1153 3249 Praxidicae
1166 3225 1225 3248 vo-

176 3271 257 3303 catoe
270 3270 399 3302 suerint.
417 3269 588 3309 Dionysius
604 3279 680 3301 vero
703 3270 736 3301 in
750 3270 932 3310 Originibus
945 3271 989 3301 ait
1010 3269 1127 3310 Ogygis
1147 3269 1227 3301 filias

177 3322 272 3355 ruisse
293 3322 543 3354 Alalcomeniam
557 3345 565 3361 ,
591 3321 792 3352 Thelxiniam
803 3344 812 3360 ,
833 3321 979 3353 Aulidem
991 3345 1000 3360 ,
1025 3330 1099 3362 quae
1119 3322 1227 3362 postea

178 3373 357 3407 Praxidicae
373 3375 496 3406 vocatae
514 3373 644 3405 suerint.

222 3483 392 3517 Telmissus
410 3483 484 3516 urbs
501 3483 532 3515 in
546 3483 659 3524 Lycia,
675 3491 692 3514 a
706 3483 860 3516 Telmisso
874 3483 1027 3524 Apollinis
1041 3484 1106 3516 filio
1123 3484 1154 3516 et
1167 3491 1230 3516 uua

904 287 1137 330 DIONYSll
1170 282 1540 325 CHALCIDENSIS

1262 375 1504 419 Telmessum,
1527 373 1840 419 religiosissimam
1861 370 2002 413 urbem,
2029 369 2170 404 Plinius
2183 370 2231 405 H.
2253 369 2300 407 N.

1255 434 1388 479 XXX,
1417 445 1449 477 1,
1471 443 1507 467 2.
1538 450 1592 458 -
1620 431 1724 476 Quos
1743 429 1902 464 Photius
1928 425 2164 478 τερασκόπους
2189 427 2302 474 dicit,

1259 490 1458 528 Herodoto
1479 490 1497 524 1
1511 516 1521 533 ,
1545 487 1594 534 78
1612 494 1697 523 sunt
1717 484 1882 536 ἐξηγηταὶ
1900 486 2111 534 Τελμισσεῖς
2132 485 2304 534 (religio-

1259 563 1348 586 num
1367 553 1582 596 interpretes
1597 546 1676 584 Cic.
1696 547 1753 582 De
1773 546 1872 594 legg.
1891 546 1952 592 ΙΙ,
1971 543 2065 593 26),
2087 556 2184 591 quos
2202 545 2306 581 Croe-

1258 621 1320 644 sus
1354 607 1401 643 de
1433 611 1615 655 portento
1652 603 1834 640 Sardibus
1866 602 1970 638 edito
2008 602 2211 638 consuluit.
2248 602 2304 639 Cf.

1258 666 1412 702 Ruhnk.
1431 664 1481 700 ad
1499 664 1595 700 Tim.
1613 674 1653 710 p.
1679 675 1767 700 110.
1781 662 1943 698 —Filia
1955 660 2157 697 Antenoris
2175 661 2308 697 intelli-

1260 724 1383 773 genda
1395 730 1450 759 est
1461 749 1470 767 ‚
1484 722 1556 758 nisi
1570 721 1695 766 fallor,
1714 717 1832 769 Κρινώ
1843 749 1852 765 ,
1867 731 1982 767 quam
1998 716 2121 762 νήπιον
2138 715 2308 768 φέρουσαν

1261 784 1299 817 in
1330 781 1473 818 Lesche
1496 780 1682 828 Delphica
1698 779 1843 826 pictam
1861 778 1960 813 vidit
1987 779 2148 813 Pausan.
2169 777 2234 823 X,
2258 789 2306 824 27

1262 848 1358 877 extr.
1378 839 1559 876 Conferre
1579 839 1668 873 licet
1694 835 1816 888 Κρίνιν
1834 837 2023 885 Apollinis
2045 835 2228 872 Sminthei
2249 847 2311 872 sa-

1264 899 1459 935 cerdotem
1483 910 1544 946 ap.
1568 897 1762 933 Polemon.
1792 895 1840 931 fr.
1863 895 1926 931 31.
1949 897 2006 931 De
2027 894 2165 942 quibus
2185 895 2312 930 nomi-

1263 958 1375 993 nibus
1393 970 1431 994 v,
1450 955 1642 993 WVelcker.
1663 955 1769 1001 cycl.
1785 967 1826 1002 p.
1854 953 1926 990 152
1939 982 1950 1000 ,
1975 953 2063 998 154.
2083 975 2136 981 —
2150 953 2199 995 εἷς
2216 951 2314 990 σκύ-

1263 1016 1375 1052 λακα
1395 1014 1463 1064 μ.]
1483 1015 1576 1051 Cum
1599 1014 1672 1048 hac
1701 1013 1837 1048 fabulae
1854 1013 2106 1048 adornatione
2129 1013 2312 1061 componi

1266 1073 1380 1108 velim
1395 1084 1536 1108 nomen
1553 1071 1788 1108 sacerdotale
1809 1084 1895 1107 cum
1913 1071 2114 1120 Apollinea
2131 1070 2315 1118 religione

1267 1130 1536 1180 conjunctum,
1556 1127 1688 1172 Λάκιος
1710 1130 1782 1179 (ab
1804 1127 1951 1179 ἔλακε),
1969 1130 2196 1177 quibuscum
2214 1137 2316 1167 recte

1269 1190 1490 1226 Welckerus
1504 1202 1545 1237 p.
1568 1201 1643 1236 209
1660 1188 1788 1237 jungit
1803 1189 1961 1224 nomina
1980 1186 2124 1230 Ῥάκιος
2138 1195 2177 1224 et
2195 1186 2315 1239 Βράγ·

1267 1261 1344 1298 χος.
1358 1248 1414 1285 Cf.
1428 1249 1578 1286 Miiller.
1595 1249 1685 1284 Dor.
1698 1249 1716 1283 I
1727 1275 1737 1292 ,
1754 1260 1792 1295 p.
1812 1251 1885 1290 224
1899 1273 1910 1291 ‚
1930 1246 2020 1283 226.
2036 1245 2180 1282 Eodem
2193 1246 2317 1286 refero

1268 1305 1403 1344 Βάττον
1424 1308 1698 1355 Cyrenensem,
1731 1307 1798 1354 qui
1826 1318 1872 1342 eo
1891 1306 2047 1341 nomine
2065 1312 2120 1340 est
2145 1305 2319 1341 sacerdos

1270 1366 1471 1414 Apollinis.
1495 1367 1552 1402 De
1581 1365 1761 1400 Telmisso
1788 1377 1826 1402 v.
1856 1364 2036 1412 Stephan.
2069 1364 2159 1411 Byz.
2184 1375 2221 1401 v.
2242 1363 2318 1401 Γα-

1267 1424 1417 1472 λεῶται,
1443 1425 1511 1459 ubi
1531 1423 1722 1472 Apollinis
1747 1430 1786 1459 et
1810 1422 2020 1459 Themistiis
2045 1420 2144 1457 filius
2164 1421 2318 1466 dicitur,

1269 1482 1384 1518 frater
1397 1494 1487 1518 vero
1505 1482 1629 1526 Galei,
1651 1494 1673 1517 a
1693 1494 1770 1529 quo
1785 1481 1949 1518 Galeotae
1965 1480 2098 1516 Siciliae
2114 1480 2315 1517 nominati.

1268 1543 1314 1577 V.
1330 1542 1481 1578 Miiller.
1507 1542 1533 1576 l.
1556 1541 1582 1578 l.
1603 1553 1641 1589 p.
1664 1553 1726 1586 77.
1752 1539 2039 1576 Welcker.Das
2059 1539 2211 1573 Bonner
2231 1539 2317 1573 Mu-

1271 1613 1374 1635 seum
1390 1613 1430 1648 p.
1463 1613 1524 1645 77.
1551 1599 1607 1635 Cf.
1631 1600 1786 1634 Lacium
1814 1604 1852 1633 et
1870 1597 2140 1644 Antiphemum
2161 1596 2317 1641 fratres,

1271 1670 1437 1706 quorum
1465 1658 1529 1693 ille
1561 1656 1798 1692 Phaselidem
1827 1655 2075 1703 Pamphyliae,
2105 1654 2167 1690 hic
2190 1653 2322 1691 Gelam

1271 1718 1310 1752 in
1327 1717 1454 1753 Sicilia
1472 1715 1661 1752 condidit.

1779 1778 1815 1815 5.

1326 1860 1472 1898 Zenob.
1491 1860 1540 1903 V,
1569 1862 1617 1905 74
1639 1871 1647 1894 τ
1672 1858 1799 1895 Πᾶσα
1817 1857 1869 1907 γῆ
1889 1853 2046 1907 πατρίς
2069 1869 2078 1892 :
2101 1858 2204 1893 τοῦτο
2222 1854 2326 1907 μέρος

1275 1915 1348 1954 ἐστὶ
1367 1919 1529 1968 χρησμοῦ
1543 1945 1555 1966 ,
1582 1915 1619 1953 ὃν
1639 1915 1772 1952 ἀνεῖλεν
1790 1916 1808 1951 ὁ
1828 1913 1901 1956 θεὸς
1920 1914 2047 1965 Μελεῷ
2066 1915 2117 1966 τῷ
2146 1914 2325 1965 Πελασγῷ

1274 1974 1354 2028 περὶ
1384 1974 1551 2020 οἰκήσεως
1572 1972 1834 2025 μαντευομένῳ.
1865 1971 2054 2022 Μέμνηται
2074 1975 2133 2010 τοῦ
2158 1975 2322 2024 χρησμοῦ

1272 2033 1333 2072 καὶ
1355 2033 1522 2076 Μνασέας
1549 2032 1610 2071 καὶ
1638 2030 1817 2074 Διονύσιος
1841 2032 1859 2068 ὁ
1876 2030 2085 2074 Χαλκιδεύς.
2101 2053 2156 2060 —-
2173 2030 2325 2082 Μελεῷ]

1274 2094 1418 2139 codd.;
1449 2095 1530 2130 aliis
1559 2092 1699 2134 Μάλεος
1715 2093 1777 2128 vel
1803 2089 1930 2136 Μάλης
1948 2091 2066 2127 audit.
2096 2093 2142 2128 V.
2171 2091 2323 2127 Miiller.

1273 2153 1420 2189 Etruslc.
1439 2154 1482 2203 Ι,
1501 2152 1549 2189 83
1565 2179 1575 2199 ,
1596 2154 1652 2198 11,
1675 2151 1751 2187 208
1777 2151 1823 2188 G.
1852 2152 2060 2186 Hermann.
2084 2152 2142 2187 De
2168 2150 2234 2188 Gr.
2254 2150 2327 2186 Mi·

1273 2224 1391 2248 nerva
1405 2225 1446 2261 p.
1477 2211 1522 2256 6,
1542 2212 1682 2247 citante
1702 2209 1879 2245 Leutsch.
1902 2208 1951 2244 ad
1978 2209 2017 2246 h.
2045 2209 2070 2245 l.
2101 2208 2213 2245 Adde
2241 2220 2325 2257 quae

1274 2271 1390 2307 habet
1406 2270 1575 2308 Lobeck.
1593 2271 1633 2305 in
1648 2267 1836 2318 Aglaoph.
1852 2280 1893 2316 p.
1915 2266 1991 2303 586
2007 2274 2092 2303 not.
2113 2279 2164 2302 m.

1786 2353 1826 2390 6.

1336 2434 1463 2472 Schol.
1493 2433 1620 2482 Apoll.
1654 2432 1784 2471 Rhod.
1816 2433 1853 2479 1,
1875 2430 1977 2470 558:
2009 2426 2158 2472 Σουΐδας
2176 2426 2325 2481 γὰρκαὶ

1282 2491 1521 2544 Ἀριστοτέλης
1542 2493 1573 2529 οἱ
1589 2490 1670 2543 περὶ
1690 2488 1842 2533 Εὖὸοίας
1867 2486 2243 2541 πεπραγματευμένοι,
2269 2486 2329 2525 καὶ

1283 2553 1301 2588 ὁ
1329 2548 1406 2594 τοὺς
1426 2549 1602 2602 Φρυγίους
1621 2548 1742 2600 λόγους
1770 2548 1928 2601 γράψας,
1965 2547 2026 2586 καὶ
2059 2545 2242 2598 Δηίμαχος
2266 2545 2328 2584 καὶ

1285 2607 1461 2651 Διονύσιος
1474 2611 1491 2646 ὃ
1506 2606 1718 2655 Χαλκιδεὺς,
1731 2606 1839 2654 αὐτὴν
1857 2605 1938 2658 περὶ
1955 2605 2142 2658 Ἀχιλλέως
2159 2605 2327 2655 διεσπαρ-

1283 2666 1392 2717 μένην
1414 2668 1554 2719 ἀφ’ἦκαν
1572 2671 1656 2717 ἡμῖν
1675 2665 1731 2704 ἐπὶ
1742 2666 1861 2718 χώρας
1877 2664 1993 2709 δόξαν.
2008 2662 2114 2702 Ἀλλὰ
2130 2661 2329 2702 τούναντίον

1281 2728 1313 2764 οἱ
1331 2725 1392 2776 μὲν
1411 2727 1449 2763 ἐκ
1468 2725 1613 2769 Θέτιδος
1635 2724 1738 2763 αὐτὸν
1757 2724 1934 2774 νομίζουσι
1947 2721 2144 2776 γεγονέναι,
2157 2724 2220 2769 τῆς
2243 2719 2333 2760 Χεί-

1283 2835 1451 2867 Antenoris
1465 2835 1625 2875 filiarum,
1652 2844 1726 2866 cum
1747 2843 1810 2875 qua
1829 2843 1897 2866 rem
1916 2833 2030 2865 habuit
2054 2833 2087 2864 in
2106 2831 2249 2864 catulum
2263 2839 2336 2862 mu-

1283 2890 1383 2920 tatus.
1400 2891 1505 2926 Quam
1520 2888 1562 2919 ob
1577 2896 1706 2920 eausam
1722 2887 1815 2918 illum
1831 2887 1926 2918 etiam
1943 2886 2163 2927 prodigiorum
2183 2880 2350 2925 interpress

1282 2942 1348 2974 tem
1363 2941 1455 2978 fecit,
1466 2942 1502 2973 ut
1515 2941 1613 2973 tradit
1629 2943 1668 2972 D.
1683 2940 1717 2971 in
1731 2939 1925 2979 Originibus.

1790 3005 1826 3037 5.

1330 3079 1446 3110 Omnis
1461 3078 1556 3109 terra
1570 3076 1703 3116 patria.
1720 3075 1777 3107 Est
1799 3074 1869 3106 haec
1890 3073 2010 3105 oraculi
2030 3081 2121 3114 pars,
2147 3070 2237 3112 quod
2256 3070 2339 3104 deus

1285 3128 1373 3161 dedit
1387 3128 1491 3161 Meleo
1505 3127 1637 3167 Pelasgo
1649 3127 1690 3159 de
1702 3125 1908 3158 habitationis
1918 3125 1989 3157 loco
2001 3132 2190 3164 responsum
2203 3122 2335 3164 petenti.

1286 3180 1431 3214 Meminit
1443 3179 1565 3212 oraculi
1578 3180 1724 3211 Mnaseas
1739 3179 1771 3210 et
1791 3178 1960 3218 Dionysius
1974 3175 2200 3209 Chalcidensis.

1785 3252 1821 3284 6.

1331 3324 1446 3358 suidas
1470 3324 1503 3356 et
1524 3322 1727 3362 Aristoteles,
1742 3321 1799 3362 qui
1814 3321 1855 3353 de
1870 3320 1993 3353 Euboea
2010 3319 2225 3360 scripserunt,
2242 3318 2275 3350 et
2299 3317 2343 3349 de

1290 3376 1433 3417 Phrygiis
1445 3375 1541 3407 rebus
1553 3375 1666 3406 auctor
1679 3375 1711 3406 et
1724 3372 1918 3406 Deimachus
1927 3373 1959 3404 et
1972 3371 2144 3411 Dionysius
2156 3369 2339 3402 Chalciden·

1290 3431 1333 3464 sis
1348 3429 1388 3462 de
1404 3428 1526 3462 Achille
1543 3436 1608 3460 non
1626 3427 1789 3468 vulgatam
1806 3426 1894 3458 illam
1907 3433 1982 3466 quae
1994 3424 2079 3465 apud
2093 3432 2152 3455 nos
2170 3430 2277 3463 sparsa
2293 3423 2341 3453 est

1291 3481 1480 3515 sententiam
1507 3480 1699 3518 emiserunt,
1723 3487 1863 3519 quorum
1880 3477 1933 3509 alii
1957 3475 2093 3510 Thetide
2115 3473 2262 3508 Chironis
2276 3472 2343 3505 filia
