2326 3724
59 195 111 228 56
692 171 906 214 EUNAPII
935 170 1182 214 SARDIANI
1209 168 1543 212 FRAGMENTA.

55 275 94 311 οὗ
124 271 212 311 πολύ
240 287 273 310 τι
305 270 393 322 μείω
425 272 618 322 ἀνωρθοῦτο
638 270 699 309 καὶ
726 258 981 322 διηυχεινίζετο,
1004 267 1094 309 ἀλλὰ

54 330 184 370 τούτων
205 330 380 383 βαρύτερα
401 329 461 368 καὶ
477 330 633 382 κεραυνῷ
652 331 893 381 προσεμφερῆ.
913 346 929 362 ιι

113 407 129 424 ι(
153 392 376 440 Eunapiana
392 402 468 426 esse
483 390 654 438 suspicor
669 389 720 425 ob
738 401 845 424 usum
863 388 972 424 verbi
996 385 1097 423 διαυ-

55 447 270 502 χενίζεσθαι,
292 462 370 498 quo
401 461 488 485 usus
514 455 570 484 est
599 449 743 496 Eunap.
764 447 811 484 fr.
839 446 924 491 103,
955 453 993 482 et
1018 446 1098 481 haec

54 511 138 558 ipsa
161 508 277 545 verba
297 508 491 559 ἀνωρθοῦτο
516 504 576 544 καὶ
597 503 830 556 διηυχενίζετο
858 506 1036 554 leguntur
1059 505 1099 540 in

55 568 104 606 fr.
127 567 187 614 76.
209 581 224 599 υ
244 567 421 604 Β()155οΝ.

537 668 620 705 108.

106 775 215 812 Idem
246 789 255 811 ι
276 772 563 826 Δραστήριον
577 802 587 812 .
611 790 628 808 «ι
649 772 702 812 Τὸ
720 771 864 822 κόσμιον
880 771 940 810 καὶ
955 769 1100 823 ἡσύχιον

57 831 225 881 μετὰΔτοῢ
253 830 460 884 δραστηρίου
485 832 580 883 αὐτῷ
607 830 770 868 ἐτέτακτο
790 830 851 868 καὶ
878 833 938 868 τοῦ
967 828 1099 881 ἀνδρώ-

56 891 151 934 δους·
172 889 326 937 ἐπιεικὴς
344 889 412 941 γὰρ
429 889 477 927 ὢν
494 889 553 927 καὶ
573 889 657 942 πρός
670 890 702 941 γ’
720 888 770 926 ἔτι
784 888 992 942 ἀπράγμων,
1007 888 1101 938 ὅμως

57 949 103 992 εἷς
120 949 239 1000 ἀγῶνα
261 948 479 1000 πραγμάτων
505 946 708 998 ἔμὸεῧηκὼς
729 946 763 992 ἐξ
786 947 938 998 ἀνάγκης
970 946 1102 990 οὐδενὸς

56 1007 214 1046 ἐλείπετο
232 1009 303 1046 τῶν
322 1006 402 1058 περὶ
421 1010 534 1044 ταῦτα
553 1005 846 1055 καλινδουμένων.
869 1022 885 1039 >>

115 1083 132 1101 ιι
153 1069 420 1116 Fragmentum
441 1067 615 1115 Eunapio
641 1066 809 1101 dandum
839 1065 931 1101 duxi
949 1077 995 1101 ex
1017 1065 1099 1100 solo

56 1125 245 1162 scribendi
263 1137 413 1174 genere.
441 1125 568 1162 Sentio
595 1136 711 1173 quam
738 1124 927 1160 levidense
954 1125 1002 1159 sit
1027 1123 1102 1159 hoc

58 1190 337 1233 argumentum.
362 1199 379 1216 υ
401 1184 579 1219 Bo1ssoN.

58 1293 91 1325 et
105 1293 232 1325 cervice
246 1293 331 1325 elata
354 1291 537 1332 incedebat3
557 1291 614 1325 sed
636 1291 686 1324 his
703 1291 847 1332 graviora
861 1292 893 1323 et
909 1291 1036 1323 fulmini
1060 1290 1103 1322 si-

60 1345 159 1377 milia.

531 1399 615 1433 108.

99 1452 256 1486 Modestia
267 1453 299 1485 et
311 1453 527 1494 tranquillitas
540 1454 574 1485 in
587 1454 643 1485 illo
658 1453 831 1494 conjuncta
849 1455 918 1487 erat
939 1462 1014 1486 cum
1035 1454 1103 1486 ala-

59 1505 172 1537 critate
182 1506 215 1537 et
225 1504 421 1537 fortitudine.
432 1507 511 1538 Nam
521 1505 578 1546 qui
590 1505 753 1537 modestus
762 1507 844 1538 esset
856 1508 888 1538 et
898 1505 974 1538 vitae
986 1507 1104 1547 quietae

59 1565 189 1598 amans,
203 1556 288 1590 idem
300 1558 427 1597 tamen,
440 1565 543 1599 quum
555 1558 746 1591 necessitate
766 1558 899 1599 cogente
920 1558 961 1591 ad
978 1559 1105 1600 negotia

1632 285 1717 323 109.

1209 359 1351 397 Idem:
1377 358 1629 411 Περικαῶς,
1661 362 1844 413 ἐρωτικῶς.
1877 377 1892 397 α
1923 363 2108 415 Περικαῶς
2135 365 2198 411 τῆς

1157 416 1317 468 γυναικὸς
1349 415 1457 469 ἔχων.
1490 434 1506 451 ι·
1539 434 1555 450 α
1583 420 1677 456 Haec
1709 421 1882 470 Eunapio
1908 422 2062 468 tribuo,
2092 422 2200 471 quod

1158 476 1340 513 adverbio
1358 489 1437 513 non
1458 476 1606 525 vulgari
1625 478 1799 528 περικαῶς
1822 478 1936 516 fuerit
1952 493 2040 516 usus
2063 481 2105 516 in
2126 481 2201 518 So-

1157 535 1289 584 phistis
1314 548 1356 584 p.
1392 548 1480 575 111.
1510 537 1654 572 Rursus
1685 536 1808 573 fateor
1832 538 1907 575 hoc
1938 545 2202 588 argumentmn

1159 605 1238 630 non
1258 605 1335 631 esse
1352 593 1635 633 validissimum.
1662 610 1678 628 υ
1697 596 1866 635 Boisson.

1631 695 1717 720 110.

1213 768 1349 805 Idem:
1369 767 1637 824 Ἐμφέρεια,
1656 769 1830 820 ὁμοιότης.

1213 827 1321 864 Idem
1343 841 1351 864 :
1375 826 1691 876 Μεσαιπόλιος,
1709 827 1912 881 ὠμογέρων,
1935 829 2145 880 μιξοπόλιος.

1220 902 1236 919 α
1268 888 1358 923 Haec
1386 887 1518 923 referri
1544 900 1653 936 posse
1684 889 1733 924 ad
1760 890 1975 938 Eunapium
2000 892 2132 940 putavi
2161 903 2207 927 ex

1160 946 1231 982 hac
1257 947 1418 991 Zosimi,
1443 947 1509 994 qui
1537 948 1751 996 Eunapium
1779 950 1978 997 saepissime
2005 951 2204 999 exprimit,

1161 1006 1346 1041 sententia
1373 1003 1448 1055 (11,
1484 1004 1553 1054 51)
1583 1016 1593 1043 t
1624 1003 1731 1056 ἄνδρα
1758 1005 1995 1054 μεσαιπόλιον,
2024 1005 2208 1059 ἐμφέρειαν

1163 1077 1239 1100 τινα
1258 1061 1343 1116 πρὸς
1361 1060 1424 1108 τὴν
1443 1065 1502 1099 τοῦ
1528 1062 1700 1114 βασιλέως
1717 1062 1810 1101 ἰδέαν
1831 1064 1997 1102 δοκοῦντά
2013 1080 2088 1109 πως
2103 1065 2208 1118 ἔχειν,

1163 1120 1285 1174 εὑρών.
1307 1121 1381 1159 Sed
1395 1123 1522 1171 potuit
1541 1122 1674 1159 Suidas
1694 1124 1774 1172 ipsa
1789 1125 1929 1161 Zosimi
1946 1125 2063 1162 verba
2088 1127 2210 1175 respi-

1163 1193 1259 1220 cere.
1281 1197 1297 1213 »
1317 1182 1495 1217 Bmssoiv.

1165 1289 1348 1329 accederet,
1373 1290 1463 1322 nullo
1485 1291 1555 1323 erat
1575 1290 1705 1323 inferior
1728 1300 1842 1324 eorum
1862 1291 1919 1334 qui
1940 1292 1975 1326 in
1995 1292 2058 1325 illis
2077 1292 2205 1327 assidue

1164 1341 1281 1374 versati
1297 1343 1399 1374 erant.

1641 1399 1656 1431 1
1714 1425 1722 1432 .

1209 1451 1296 1484 nlius
1312 1452 1454 1485 mulieris
1469 1451 1601 1486 ardente
1615 1399 1725 1486 anffie
1737 1454 1882 1496 flagrans.

1208 1561 1402 1595 Similitudo.
1416 1579 1458 1586 -
1471 1510 1660 1596 Semicanu}
1667 1510 1681 1542 1
1689 1511 1724 1544 0.
