2326 3724
107 227 182 261 206
515 248 529 255 κ

106 302 265 358 Ἀὅάρων
285 305 431 357 δύναμιν
457 305 744 358 ἀντιταξομένης,
766 307 843 345 ἀλλ’
873 306 951 345 οὐδὲ
971 307 1150 359 ὃλιγίστης

107 363 196 409 ὅλως
229 364 457 418 ὑπαρχούσης
488 366 603 418 αὐτῷ,
635 364 775 403 πάντων
795 368 863 404 τῶν
890 368 1148 414 στρατιωτικῶν

107 424 310 475 καταλόγων
323 426 356 468 ἐς
377 423 435 462 τὸν
452 424 536 476 πρὸς
554 423 694 476 Πέρσας
712 423 864 474 πόλεμον
881 427 916 463 ἐν
934 424 1097 478 Ἀρμενία
1113 439 1147 462 τε

101 482 162 520 καὶ
181 485 224 534 τῇ
247 481 336 535 μέσῃ
357 485 424 520 τῶν
441 485 608 533 ποταμῶν
629 483 934 535 ἐνησχολημένων,
963 485 1147 536 ἀπεπροσ-

101 543 234 579 ποιεῖτο
259 542 360 588 δῆθεν
385 543 433 585 ὡς
451 542 489 579 06
511 540 700 587 συννοήσας
719 541 758 580 τὸ
786 540 966 594 βουλευθὲν
993 545 1044 594 τῷ
1069 543 1147 581 Χα-

102 599 213 653 γάνῳ.
230 598 394 653 Ἐφασκε
405 599 446 646 δὴ
461 599 646 652 βούλεσθαι
660 599 723 650 μὲν
734 599 793 638 και
809 600 910 644 αὐτὸς
924 599 1016 639 κατὰ
1033 602 1147 640 Σκλα-

104 657 219 704 Εηνῶν
245 657 369 701 αὐτους
394 661 577 711 χωρ’ἧσαι,
600 657 714 696 πολλὰ
745 661 807 706 τῆς
841 658 1030 709 Ῥωμαίων
1066 661 1148 698 ἐπι-

102 715 266 770 κρατείας
281 716 473 768 δῃούντων·
493 717 556 754 οὐκ
576 709 664 754 εἷναι
688 716 723 754 δὲ
740 719 801 763 τῆς
821 717 1070 771 ἐπιχειρήσεως
1089 716 1148 755 τὸν

102 774 223 828 καιρὸν
241 774 400 828 Ἀὅᾶροις
416 774 654 828 συμφέροντα,
669 774 837 828 Τούρκων
859 775 927 823 ἤδη
948 775 1028 828 περὶ
1051 778 1145 827 Χερ-

106 836 202 871 σῶνα
222 832 594 887 ἐστρατοπεδευμένων
610 832 671 871 καὶ
679 835 826 886 ταχεῖαν
843 833 1002 882 αἴσθησιν
1020 835 1148 880 αὐτῶν,

99 890 144 939 ἢν
177 892 236 931 τὸν
264 891 402 945 Ἴστρον
431 893 734 954 διαπεραιωθωσι,
768 891 971 943 δεξομένων.
1041 892 1147 931 Ἀλλὰ

100 952 258 1004 ἐπισχεῖν
276 950 345 1024 γὰρ
369 955 428 989 νῦν
458 943 547 988 εἰναι
567 950 674 988 καλὸν
696 949 840 999 αὐτους,
862 951 923 989 καὶ
950 950 1146 1004 υπερὸαλέ-

100 1013 181 1047 σθαι
200 1009 263 1056 τὴν
277 1009 510 1061 ἐπιχείρησιν.
533 1008 645 1052 Αὐτος
656 1009 691 1046 δὲ
712 1010 750 1047 06
765 1010 896 1047 πολλοῦ
913 1009 976 1056 τὴν
993 1009 1146 1048 διάνοιαν

100 1067 294 1120 γνώσεσθαι
312 1066 496 1119 Τούρκων,
518 1065 596 1104 ὅποι
625 1066 666 1113 δὴ
686 1066 745 1104 καὶ
765 1069 828 1112 τῆς
856 1067 979 1120 ἐφόδου
996 1067 1061 1115 τὴν
1093 1067 1147 1106 ἔν·

100 1142 195 1164 νοιαν
215 1125 339 1178 ἔχοιεν,
363 1124 424 1163 καὶ
439 1124 571 1171 ταύτην
592 1124 700 1173 δήλην
727 1124 885 1172 ποιήσειν
905 1127 955 1179 τῷ
973 1126 1144 1179 Χαγάνῳ.

102 1187 227 1224 Ταῦτα
255 1186 319 1222 οὐκ
339 1182 440 1221 ἔλαθε
461 1183 519 1222 τὸν
539 1183 696 1236 Ἀὅάρων
716 1183 946 1260 πρεσὸευτὴνε
956 1185 1150 1233 ἐξεπίτηδες

102 1243 189 1295 πρὸς
216 1258 275 1281 του
302 1241 473 1295 βασιλέως
497 1243 824 1293 συμπεπλασμένα,
845 1256 904 1281 και
927 1246 974 1288 ὡς
997 1244 1055 1282 τὸν
1080 1244 1150 1283 ἀπὸ

101 1304 135 1341 'l
137 1301 270 1353 ούρκων
288 1302 404 1344 αὐτοῖς
432 1300 718 1353 προὸαλλόμενος
724 1301 841 1363 φόὸον
871 1301 1002 1356 ἐφέξειν
1024 1303 1148 1350 ἤλπιζε

102 1363 164 1407 τ’ἧς
181 1359 332 1403 ἐπινοίας
350 1358 486 1403 αὐτούς.
510 1358 636 1404 Ἔδοξε
656 1360 685 1398 δ’
705 1364 763 1398 οὐν
781 1360 970 1409 πείθεσθαι,
987 1362 1047 1400 καὶ
1068 1378 1148 1400 συν-

103 1419 232 1458 ετίθετο
250 1419 388 1463 πάντως
414 1418 620 1471 ἐπισχήσειν
646 1419 704 1457 τὸν
725 1419 906 1471 Χαγοίνον.
933 1423 999 1460 Ἠν
1024 1420 1061 1459 δὲ
1086 1417 1148 1460 06-

102 1493 160 1521 ·τος
187 1480 205 1515 ὁ
226 1477 384 1528 μάλιστα
415 1477 546 1529 ἐνάγων
568 1478 671 1516 αὐτὸν
694 1478 749 1517 ἀεὶ
774 1479 834 1517 καὶ
849 1478 1088 1554 ῗπαροτρύνων
1117 1482 1151 1524 ἐς

102 1538 162 1575 τὸν
179 1536 271 1574 κατὰ
295 1536 485 1587 Ῥωμαίων
510 1536 677 1585 πόλεμον.
738 1537 811 1576 Καὶ
831 1541 928 1582 οὗτος
952 1539 1014 1588 μὲν
1038 1540 1148 1591 δῶρα,

103 1594 158 1647 ἐφ’
179 1587 227 1638 οἷς
255 1593 451 1647 υπέσχετο,
471 1594 586 1634 πολλὰ
616 1595 852 1646 κομισάμενος
880 1595 1060 1650 ἐξώρμησε
1090 1601 1150 1645 τῆς

106 1653 303 1705 βασιλίδος·
321 1653 382 1692 καὶ
403 1654 531 1701 συνέὸη
551 1654 644 1693 κατὰ
668 1654 731 1702 τὴν
752 1655 934 1708 Ἰλλυριῶν
959 1657 1064 1694 αὐτὸν
1082 1658 1151 1695 διο-

80 1712 248 1750 -δεύοντα
278 1712 367 1762 μετὰ
385 1716 455 1751 τῶν
487 1714 768 1766 προπεμπόντων
800 1714 925 1766 ὀλίγων
959 1714 1150 1766 ‘Panaetium

105 1770 190 1823 πρὸς
212 1773 282 1809 τῶν
298 1771 586 1824 κατατρεχόντων
604 1772 666 1818 τὴν
680 1771 800 1825 χώραν
820 1773 1072 1821 Σκλαὸηνῶν’
1054 1789 1154 1812 αναι-

108 1832 262 1882 ρεθῆναι.
319 1831 373 1869 06
406 1829 536 1868 πολλαὶ
564 1830 600 1869 δὲ
629 1830 812 1883 διέδραμον
831 1832 981 1884 ἡμέραι,
1009 1848 1069 1870 και
1085 1848 1154 1871 πα·

107 1889 253 1940 ραυτίκα
285 1887 399 1941 ἕτερος
430 1883 552 1935 ἡκεν’
537 1905 576 1927 εκ
597 1893 658 1927 τοῦ
679 1890 847 1939 Χαγάνου
873 1891 1011 1935 σταλεις
1038 1893 1072 1935 ἐς
1091 1891 1155 1939 τὴν

109 1948 275 1999 βασιλίδα
297 1947 535 2001 πρεσὸευτὴς,
565 1948 726 2001 Σόλαχος
759 1949 932 2000 τοῦνομα,
959 1949 994 1994 ὃς
1023 1950 1155 1989 εἰσόδου

105 2005 193 2056 πρὸς
213 2006 361 2057 βασιλέα
377 2005 493 2066 τυχὼν
506 2007 735 2063 φανερώτατα
749 2006 817 2055 ἤδη
838 2008 899 2046 καὶ
920 2007 1010 2059 μετὰ
1025 2012 1158 2060 γυμνῆς

106 2066 168 2110 τῆς
188 2064 396 2108 ἀναιδείας”
378 2080 443 2118 εφη
461 2066 546 2103 ὡδε-
577 2082 594 2099 σι
614 2064 681 2109 ‘sse
699 2067 758 2103 ὁ
735 2065 828 2110 ..Σάος
857 2065 919 2117 μὲν
948 2067 1057 2114 ἤδη
1038 2067 1159 2106 οιαπέ-

107 2174 234 2206 Persico
256 2173 341 2206 bello
363 2173 396 2205 in
418 2174 569 2206 Armenia
585 2176 617 2207 et
633 2175 866 2216 Mesopotamia
886 2176 1035 2216 occupati
1054 2178 1157 2208 erant.

109 2229 191 2265 Quae
204 2228 314 2259 tamen
327 2226 436 2258 omnia
449 2227 688 2267 dissimulabat,
710 2229 867 2269 tanquam
889 2237 954 2260 non
967 2228 1161 2269 intelligeret

107 2288 173 2320 quo
199 2279 368 2319 chaganus
390 2279 548 2312 tenderet.
580 2281 693 2321 Itaque
723 2280 898 2321 imperator
923 2281 1102 2322 respondit,
1127 2290 1161 2314 se

108 2340 239 2372 quoque
261 2333 345 2364 velle
366 2333 551 2373 sclavinos,
575 2334 728 2374 quoniam
748 2334 918 2375 plerasque
942 2336 1160 2367 Romanorum

109 2384 253 2424 regiones
274 2384 405 2425 praedati
431 2385 557 2417 fuerant
581 2387 614 2418 et
636 2386 812 2418 latrociniis
836 2387 1052 2427 vexaverant,
1071 2387 1156 2418 bello

109 2436 270 2477 persequi.
286 2436 349 2468 Sed
361 2438 441 2468 tunc
450 2437 603 2477 temporis
615 2446 679 2469 non
689 2439 907 2478 opportunum
921 2447 988 2470 esse
1000 2438 1158 2470 Avaribus

109 2497 181 2520 eam
195 2488 431 2528 expeditionem
447 2489 623 2529 suscipere,
639 2490 715 2529 quia
727 2489 822 2521 Turci
844 2489 910 2529 iam
923 2490 1008 2521 circa
1021 2490 1160 2522 Cherso-

111 2549 187 2572 nem
200 2542 349 2580 agerent,
365 2542 398 2572 et
417 2541 442 2572 si
459 2541 504 2572 illi
523 2542 640 2573 Istrum
654 2541 855 2581 trajicerent,
871 2542 1017 2574 celeriter
1032 2542 1101 2582 eJus
1114 2542 1160 2574 rei

111 2591 243 2624 nuntios
265 2592 428 2632 accepturi
453 2593 570 2624 essent.
594 2594 708 2633 Itaque
729 2593 930 2624 commodius
946 2593 1007 2624 illis
1020 2602 1087 2625 esse
1109 2593 1159 2624 suss

111 2643 280 2684 persedere
298 2644 331 2675 et
351 2643 480 2675 differre
495 2644 731 2684 expeditionem
751 2644 783 2675 in
808 2644 895 2675 aliud
919 2645 1058 2684 tempus.
1075 2644 1160 2682 Quid

112 2695 213 2726 velint
228 2695 324 2727 Turci
340 2695 372 2726 et
387 2703 452 2735 qua
469 2696 559 2736 parte
579 2695 775 2736 progressuri
791 2696 854 2728 sint
866 2719 875 2735 ,
894 2704 928 2728 se
946 2696 1037 2727 brevi
1054 2697 1161 2737 cogni-

112 2748 225 2779 turum
236 2771 245 2786 ‚
257 2747 296 2779 de
309 2747 427 2787 quibus
439 2748 589 2779 omnibus
602 2748 788 2788 chaganum
801 2749 970 2780 certiorem
985 2748 1159 2780 facturum.

114 2801 191 2831 Haec
211 2808 276 2830 non
294 2799 412 2831 latebat
435 2803 578 2832 Avarum
607 2801 766 2841 legatum,
784 2809 802 2832 e
819 2809 854 2832 re
869 2802 945 2832 nata
962 2801 1002 2832 ab
1024 2801 1161 2841 impera·

113 2852 184 2882 tore
212 2850 367 2890 conficta,
400 2851 456 2891 qui
489 2852 617 2892 obiecto
645 2854 826 2884 Turcorum
855 2854 945 2884 metu
972 2853 1161 2893 Cliaganum

114 2901 274 2934 abducere
297 2902 338 2934 ab
355 2902 483 2943 incepto
499 2913 595 2944 opere
619 2904 779 2945 sperabat.
798 2904 962 2936 sedidem
986 2913 1020 2937 se
1045 2905 1162 2937 sentire

115 2954 300 2994 simulavit,
322 2957 355 2986 et
368 2957 513 2996 promisit
530 2966 564 2989 se
580 2957 771 2989 effecturum
790 2960 829 2989 ut
850 2958 891 2989 ab
910 2967 948 2990 ea
961 2959 1070 2990 mente
1084 2958 1164 2990 Cha-

115 3014 218 3044 ganus
234 3005 408 3038 desisteret.
436 3009 546 3048 ltaque
564 3009 704 3049 legatus,
718 3009 773 3050 qui
793 3009 954 3050 praecipue
974 3010 1162 3049 chaganum

116 3057 156 3089 ad
187 3057 306 3090 bellum
334 3060 486 3091 Romanis
514 3060 714 3093 inferendum
747 3062 935 3102 impulerat,
963 3062 1164 3102 amplissimis

115 3108 208 3140 donis
223 3110 362 3150 acceptis
373 3134 382 3150 ,
392 3119 466 3151 quae
476 3120 533 3151 pro
546 3113 694 3145 mercede
706 3114 946 3154 postulaverat,
958 3122 976 3145 e
989 3114 1075 3154 regia
1086 3113 1164 3145 urbe

117 3160 343 3200 proficiscitur.
356 3161 417 3193 Sed
431 3171 533 3203 quum
547 3173 603 3204 per
614 3165 759 3205 Illyrium
771 3165 830 3197 iter
841 3165 957 3197 faceret
969 3173 1043 3196 cum
1057 3165 1164 3206 paucis

118 3210 273 3243 Romanis
285 3212 326 3244 ad
348 3221 422 3244 eum
436 3215 607 3246 tutandum
623 3217 794 3255 praemissis
805 3240 815 3256 ,
830 3225 849 3248 a
864 3216 1038 3256 sclavinis,
1052 3225 1162 3248 excur-

119 3262 225 3295 siones
243 3263 276 3295 in
299 3272 353 3296 eas
373 3266 480 3305 partes
503 3266 710 3307 facientibus,
734 3268 858 3300 occisus
880 3269 939 3300 est.
963 3269 1034 3300 Non
1057 3268 1165 3300 multis

121 3314 297 3355 interjectis
315 3316 428 3349 diebus
440 3341 449 3357 ,
473 3327 547 3350 ecce
574 3320 655 3351 alter
675 3320 795 3360 legatus
817 3321 907 3352 venit
926 3330 944 3352 a
961 3321 1112 3362 Chagano
1131 3321 1164 3352 in

120 3366 238 3406 regiam
252 3367 384 3409 urbem,
407 3369 564 3402 Solachus
578 3371 726 3412 nomine,
749 3372 805 3413 qui
819 3372 1018 3413 apertissima
1034 3375 1067 3405 et
1079 3372 1166 3404 nuda

122 3417 320 3459 impudentia
333 3420 377 3452 ita
388 3420 514 3454 locutus
525 3423 571 3455 est
585 3435 592 3454 z
605 3435 620 3450 «
635 3425 736 3456 Ponte
745 3423 894 3462 junctum
905 3424 1038 3457 fluvium
1053 3427 1164 3466 Saum,

854 221 1126 260 MENANDRI
1159 222 1512 263 PROTECTORIS

1214 323 1367 360 φρακται
1385 309 1544 361 ποταμὸς
1566 310 1792 364 γεφυρωθεὶς,
1820 311 1951 359 ἠλίθιόν
1977 327 2010 349 τι
2030 313 2158 363 νομίζω
2181 315 2254 353 δια-

1214 366 1457 406 ὃεὸαιοῦσθαι·
1490 367 1530 406 τὸ
1546 367 1612 422 γὰρ
1639 369 1900 421 προδηλότατον
1939 371 1973 408 ἐν
2009 371 2115 409 εἰδόσι
2143 372 2253 423 λέγειν

1211 425 1316 478 ψόγος
1345 428 1394 479 τῷ
1413 426 1564 478 λέγοντι·
1599 426 1660 465 καὶ
1690 427 1835 477 οὐδεμία
1870 428 2013 481 μηχανὴ
2051 429 2251 480 Ῥωμαίους

1211 483 1403 536 ἐπαρκέσαι
1435 484 1573 539 Σιρμίῳ
1602 489 1646 538 τῇ
1672 486 1793 534 πόλει,
1818 486 1908 537 μήτε
1928 490 2056 539 τροφῆς
2077 489 2165 538 μήτε
2185 489 2256 540 μὴν

1211 541 1332 595 ἑτέρας
1351 542 1441 587 τινὸς
1469 543 1629 596 βοηθείας
1657 543 1713 582 διὰ
1739 548 1798 583 τοῦ
1819 549 1984 595 ποταμοῦ
2012 546 2052 585 τὸ
2078 547 2199 586 λοιπὸν
2222 549 2256 593 ἐς

1210 600 1317 648 αὐτὴν
1335 601 1636 654 ἐσπλευσομένης,
1656 602 1748 650 πλὴν
1769 605 1798 642 εἷ
1819 603 1868 654 μὴ
1889 603 2044 652 τοσαύτη
2065 604 2255 655 Ῥωμαίων

1211 658 1368 710 ἀφίκοιτο
1387 659 1535 707 πληθὺς,
1555 662 1602 704 ὡς
1616 661 1764 713 δυνάμει
1781 662 1840 701 καὶ
1854 662 1914 717 βίᾳ
1932 662 1996 710 τήν
2013 679 2051 701 τε
2065 666 2134 702 τῶν
2149 663 2255 703 Ἀδά-

1211 732 1278 768 ρων
1300 717 1478 756 ἀπελάσαι
1498 719 1665 771 στρατιὰν
1690 719 1752 758 καὶ
1779 721 1942 759 διαλῦσαι
1967 721 2030 769 τὴν
2052 722 2219 775 γέφυραν.
2238 739 2255 758 ι

1210 777 1347 828 Χρῆναι
1377 780 1460 828 γοῦν
1476 776 1534 815 τὸν
1553 778 1792 832 αὐτοκράτορα
1815 781 1989 830 μηδαμῶς
2009 782 2256 832 ἐκπολεμῶσαι
2298 803 2309 814 ·

1212 840 1294 884 μιᾶς
1314 833 1414 873 ἕνεκα
1437 834 1571 880 πόλεως
1588 837 1760 887 εὐτελοῦς,
1777 839 1909 888 μαλλον
1929 838 1965 877 δὲ
1983 839 2114 891 χύτρας
2129 838 2257 894 (ταύτῃ

1210 893 1278 946 γὰρ
1308 895 1417 964 amr-'3²5⁸
1420 893 1626 941 δήπουθεν’
1611 895 1786 947 εχρήσατο
1811 900 1855 950 τῇ
1883 897 2013 950 λέξει),
2031 898 2198 951 Ἀὅάρους
2219 914 2258 938 τε

1212 951 1274 990 καὶ
1293 952 1350 991 τὸν
1370 955 1440 991 τῶν
1455 953 1611 1007 Ἀὅάρων
1624 954 1810 1006 Χαγάνον·
1824 955 1901 994 ἀλλ’
1918 956 2132 1008 ἐξαγαγόντα
2147 957 2260 1002 σώους

1212 1009 1371 1055 ἅπαντας
1391 1011 1471 1055 τοὺς
1491 1013 1526 1050 ἐν
1546 1014 1635 1064 αὐτῇ
1656 991 1873 1066 στρατιώτας
1901 1029 1938 1052 τε
1966 1015 2026 1053 καὶ
2055 1015 2255 1067 οἰκήτορας,

1211 1070 1249 1107 06
1271 1067 1339 1120 μὴν
1362 1069 1454 1109 ἀλλὰ
1471 1069 1531 1109 καὶ
1549 1070 1614 1109 ὅσα
1635 1071 1728 1109 ἐστὶν
1749 1073 1864 1116 αὐτοῖς
1882 1075 1950 1110 τῶν
1971 1075 2133 1126 φέρεσθαι
2153 1074 2259 1112 δυνα-

1211 1127 1323 1179 μένων
1343 1129 1546 1179 κτημάτων,
1563 1134 1825 1184 παραχωρῆσαι
1845 1134 1896 1185 τῷ
1929 1132 2085 1186 Χαγάνῳ
2109 1136 2172 1180 τῆς
2193 1133 2260 1172 πό-

1209 1188 1294 1232 λεως
1309 1219 1319 1237 ,
1341 1192 1474 1238 γυμνῆς
1502 1205 1539 1227 τε
1559 1190 1619 1228 καὶ
1639 1190 1774 1243 ἐρήμου
1803 1190 1842 1229 τὸ
1869 1191 1990 1230 λοιπὸν
2018 1191 2256 1239 καθεστώσης.

1211 1246 1412 1286 Δεδοικέναι
1424 1247 1491 1300 γὰρ
1507 1248 1625 1296 αὐτὸν,
1645 1249 1694 1299 μὴ
1714 1253 1774 1287 νῦν
1786 1249 1848 1300 μὲν
1865 1255 1941 1293 ταῖς
1960 1253 2023 1297 τῆς
2037 1250 2175 1303 εἰρήνης
2195 1252 2261 1301 ἐμ-

1212 1305 1326 1355 μένειν
1355 1311 1600 1358 προσποιοῖντο
1630 1306 1807 1357 εΡωμαῖοι
1831 1307 2039 1360 συνθήκαις,
2069 1310 2173 1362 μέχρι
2201 1308 2259 1348 τὸν

1211 1362 1303 1402 κατὰ
1334 1365 1481 1417 Περσῶν
1506 1366 1676 1404 διαθεῖντο
1695 1366 1863 1416 πόλεμον,
1881 1366 2078 1418 διαθέμενοι
2095 1367 2130 1406 δὲ
2151 1367 2254 1417 μετέ·

1213 1437 1317 1460 πειτα
1333 1430 1561 1476 πανστρατιᾷ
1578 1424 1670 1462 κατὰ
1684 1424 1841 1477 Ἀδάρων
1852 1425 2059 1478 χωρήσοιεν,
2077 1426 2259 1477 ἑτοιμότα-

1211 1496 1269 1519 τον
1292 1482 1525 1534 ἐπιτείχισμα
1544 1482 1676 1530 ταύτην
1705 1499 1745 1533 γε
1777 1483 1975 1531 δήπου-τὴν
2003 1485 2104 1523 πόλιν
2126 1484 2263 1538 ἔχοντες

1211 1541 1290 1579 κατ’
1323 1542 1454 1591 αὐτῶν,
1481 1556 1542 1578 και
1575 1541 1653 1580 οὔτε
1685 1545 1837 1596 ποταμῶ
1859 1542 1988 1593 μεταξὺ
2011 1543 2164 1597 μεγίστῳ
2183 1543 2262 1583 οὔτε

1215 1598 1284 1650 μὴν
1305 1598 1406 1660 ἑτέρα
1423 1598 1490 1637 τινὶ
1519 1599 1698 1653 δυσχωρία
1715 1602 1894 1644 παντελῶς
1913 1600 2157 1653 διειργόμενοι.
2180 1603 2258 1641 Σα-

1214 1657 1272 1710 φές
1304 1673 1341 1695 τε
1373 1661 1462 1696 εἶναι
1493 1658 1555 1696 καὶ
1575 1658 1831 1711 φανερώτατον,
1853 1661 1899 1703 ὡς
1916 1661 1979 1697 οὐκ
2007 1659 2065 1698 ἐπι
2085 1661 2184 1714 καλῶ
2209 1663 2260 1699 τῶ

1215 1716 1383 1769 Ἀῧάρων,
1404 1717 1540 1769 εἰρήνης
1561 1720 1610 1755 τῶ
1629 1717 1857 1771 αὐτοκράτορι
1878 1717 1964 1770 πρὸς
1990 1717 2113 1762 αὐτοὺς
2132 1722 2262 1757 σταθε-

1218 1782 1278 1828 ρᾶς
1299 1776 1535 1824 συνεστώσης,
1551 1778 1747 1823 τηλικαῦτα
1764 1777 1844 1829 περὶ
1863 1776 1926 1824 τὴν
1941 1777 2041 1815 πόλιν
2055 1777 2094 1815 τὸ
2113 1777 2261 1830 Σίρμιον

1217 1835 1469 1888 ᾠκοδομήσατο
1487 1834 1603 1887 τείχη.
1627 1834 1772 1887 Χαίρειν
1791 1835 1853 1885 μὲν
1871 1833 1939 1888 γὰρ
1959 1835 2090 1889 ἔφασκε
2109 1836 2168 1874 τὸν
2189 1838 2262 1875 Χα-

1217 1893 1321 1945 γάνον
1335 1893 1395 1931 καὶ
1406 1893 1465 1932 ἐπὶ
1477 1899 1546 1938 τοῖς
1563 1893 1640 1932 καθ’
1657 1893 1804 1932 ἕκαστον
1822 1893 1895 1938 ἔτος
1909 1893 2149 1945 στελλομένοις
2165 1896 2261 1947 αὐτῷ

1218 1951 1317 2005 παρὰ
1343 1953 1514 2004 βασιλέως
1552 1952 1692 2005 δώροις·
1725 1951 1833 1991 καλὸν
1859 1952 1926 2006 γὰρ
1954 1953 2124 2005 ὑπάρχειν
2145 1956 2264 2004 κτῆμα

1220 2010 1280 2049 καὶ
1298 2011 1429 2063 χρυσὸν
1449 2011 1510 2050 καὶ
1539 2010 1687 2064 ἄργυρον
1705 2011 1764 2050 καὶ
1785 2010 1847 2062 μὲν
1869 2007 1927 2050 οὖν
1946 2012 2074 2058 ἐσθῆτα
2097 2011 2264 2064 σηρικήψ

1826 2063 1846 2074 ιι·

1223 2069 1386 2108 ἁπάντων
1399 2070 1427 2108 δ’
1442 2074 1500 2109 οὐν
1518 2069 1798 2122 ἀξιοκτητότερον
1814 2074 1903 2109 εἶναι
1918 2069 2051 2109 τούτων
2067 2070 2127 2109 καὶ
2140 2069 2268 2122 τιμιώ-

1221 2187 1461 2219 snpervacuum
1478 2179 1627 2212 existimo
1649 2179 1819 2212 affirmare.
1844 2180 2011 2212 Manifesta
2033 2180 2119 2212 enim
2142 2183 2186 2219 is,
2211 2180 2267 2221 qui

1221 2231 1320 2272 probe
1333 2231 1443 2264 scienti
1457 2233 1587 2271 narrat,
1602 2231 1840 2272 vituperatione
1855 2232 1970 2272 dignus
1986 2233 2044 2264 est.
2060 2234 2171 2273 Neque
2189 2241 2268 2265 vero

1221 2283 1289 2315 ulla
1303 2284 1372 2316 arte
1383 2284 1518 2316 Romani
1537 2283 1689 2316 Sirmium
1707 2283 1861 2325 oppidum
1878 2283 1919 2315 ab
1933 2283 2099 2316 obsidione
2113 2284 2267 2324 liberare,

1221 2343 1327 2376 neque
1342 2337 1578 2376 commeatum,
1601 2337 1658 2368 aut
1676 2336 1772 2367 aliam
1797 2335 1897 2367 ullam
1923 2345 2010 2375 rem,
2033 2344 2108 2377 quae
2133 2336 2268 2369 obsessis

1222 2386 1405 2418 levamento
1423 2387 1483 2427 sit,
1505 2387 1638 2419 flumine
1663 2387 1696 2419 in
1718 2387 1833 2419 urbem
1859 2387 2011 2419 invehere
2035 2389 2188 2428 possunt,
2205 2388 2268 2420 nisi

1220 2439 1346 2470 tantam
1366 2439 1606 2471 multitudinem
1621 2439 1698 2470 illuc
1715 2438 1868 2477 mittant,
1884 2447 1958 2478 quae
1981 2438 2012 2470 vi
2032 2440 2064 2470 et
2083 2439 2269 2472 fortitudine

1222 2490 1321 2530 possit
1337 2494 1477 2522 Avarum
1493 2491 1670 2522 exercitum
1686 2490 1727 2522 ab
1743 2489 1908 2522 obsidione
1921 2489 2080 2531 depellere
2092 2492 2124 2522 et
2137 2492 2268 2531 pontem

1221 2541 1369 2581 dejicere.
1397 2543 1509 2582 ltaque
1526 2543 1749 2582 imperatorem
1769 2541 1947 2574 consultius
1965 2541 2141 2581 facturum,
2164 2543 2189 2574 si
2210 2551 2269 2583 pro

1223 2602 1290 2624 una
1308 2593 1442 2625 minime
1464 2594 1616 2633 opulenta
1632 2593 1731 2633 urbe,
1750 2593 1851 2633 magis
1865 2602 1924 2634 pro
1942 2601 2007 2625 una
2030 2593 2094 2625 olla
2115 2595 2170 2634 (ea
2182 2594 2267 2626 enim

1223 2645 1363 2678 dictione
1381 2655 1459 2678 usus
1478 2646 1624 2687 suerat),
1647 2655 1712 2678 non
1731 2646 1851 2678 bellum
1875 2647 1907 2678 in
1933 2649 2051 2679 Avares
2071 2647 2104 2678 et
2126 2649 2268 2679 Avarum

1223 2697 1412 2737 Cliaganum
1429 2698 1622 2738 susciperet,
1643 2697 1699 2730 sed
1715 2698 1741 2730 si
1766 2699 1936 2730 contentus
1957 2697 2094 2731 educere
2117 2698 2222 2730 salvos
2237 2699 2270 2731 et

1222 2749 1400 2781 incolumes
1422 2758 1535 2781 omnes
1559 2749 1677 2781 milites
1702 2751 1864 2782 Romanos
1887 2751 1920 2781 et
1942 2749 2031 2781 urbis
2057 2749 2180 2781 incolas
2203 2759 2269 2782 una

1223 2809 1297 2832 cum
1313 2801 1379 2832 suis
1397 2800 1511 2841 rebus,
1534 2800 1687 2840 quicquid
1705 2809 1815 2832 earum
1830 2801 1943 2832 efferre
1957 2801 2137 2841 potuerint,
2154 2801 2268 2834 urbem

1223 2851 1343 2883 nudam
1357 2853 1390 2883 et
1408 2851 1566 2882 desertam
1583 2851 1736 2890 chagano
1750 2851 1890 2883 cederet.
1915 2853 2008 2883 Hunc
2023 2851 2108 2882 enim
2126 2851 2268 2883 veritum

1223 2913 1307 2944 esse,
1322 2913 1362 2935 ne
1377 2903 1513 2935 Romani
1526 2904 1610 2934 stare
1631 2903 1718 2942 pacis
1739 2902 1976 2934 conditionibus
1996 2902 2029 2934 in
2049 2902 2156 2933 animo
2174 2903 2270 2935 liabe-

1224 2957 1295 2987 rent
1320 2955 1475 2995 tantisper
1490 2954 1568 2985 dum
1593 2954 1734 2993 bellum,
1758 2953 1847 2994 quod
1871 2962 1946 2985 cum
1974 2954 2077 2985 Persis
2101 2955 2267 2994 gererent,

1224 3006 1437 3046 confecerint,
1464 3014 1567 3046 eoque
1591 3005 1755 3044 confecto,
1777 3004 1928 3036 omnibus
1954 3003 2076 3035 viribus
2098 3005 2130 3035 in
2149 3009 2267 3037 Avares

1224 3059 1381 3100 impetum
1399 3058 1523 3097 facere,
1541 3066 1644 3098 quum
1672 3057 1755 3088 lianc
1779 3057 1892 3088 urbem
1919 3056 2189 3097 promptissimum
2213 3056 2268 3088 ad-

1228 3119 1339 3142 versus
1363 3109 1448 3150 ipsos
1471 3109 1746 3150 propugnaculum
1771 3108 1948 3148 haberent,
1973 3116 2078 3148 neque
2100 3107 2268 3148 interjecto

1225 3162 1323 3194 fluvio
1337 3162 1479 3193 maximo
1493 3163 1548 3193 aut
1561 3162 1624 3193 alia
1637 3161 1698 3193 loci
1713 3161 1902 3192 difficultate
1915 3160 2158 3201 impedirentur.
2178 3161 2269 3193 cete-

1227 3224 1299 3247 rum
1321 3215 1524 3256 perspicuum
1541 3215 1573 3246 et
1587 3215 1732 3255 apertum
1756 3222 1841 3253 esse,
1863 3214 2088 3254 imperatorem
2105 3212 2267 3245 commodi

1225 3271 1369 3300 Avarum
1383 3266 1504 3298 nullam
1519 3265 1669 3297 habuisse
1681 3266 1835 3297 rationem
1846 3289 1854 3305 ,
1866 3265 1939 3305 qui,
1954 3265 2050 3296 etiam
2062 3273 2138 3304 pace
2151 3263 2268 3296 consti-

1225 3321 1315 3359 tuta,
1345 3318 1498 3359 oppidum
1528 3318 1681 3350 Sirmium
1706 3317 1914 3349 validioribus
1937 3316 2098 3349 moenibus
2118 3315 2266 3347 cinxerit.

1225 3372 1301 3406 Frui
1317 3371 1446 3412 quidem
1467 3371 1654 3412 Chaganum
1670 3370 1762 3402 donis
1783 3379 1857 3410 quae
1879 3369 2009 3410 singulis
2021 3368 2112 3401 annis
2132 3368 2267 3408 accipiat

1192 3449 1196 3453 .
1226 3424 1266 3456 ab
1281 3423 1492 3464 imperatore;
1509 3430 1583 3454 nam
1612 3421 1716 3462 magni
1739 3421 1831 3462 pretii
1848 3421 1931 3453 bona
1955 3429 2023 3453 esse
2045 3427 2181 3458 aurum,
2207 3427 2258 3449 are
