2326 3724
107 196 154 227 50
935 181 1146 222 EUNAPII
1176 182 1420 221 SARDIANI

104 270 307 321 λευόμενος,
330 269 447 317 ἡλίκον
469 268 543 308 ἐστὶ
564 274 632 313 τοῖς
653 268 771 312 ἄλλοις
796 268 833 306 τὸ
859 269 974 313 καλῶς
994 284 1144 320 στρατη-

103 331 174 380 γεῖν
196 329 333 374 ἔδειξεν·
356 331 387 367 οἱ
414 327 450 366 δὲ
468 327 592 366 πολλοὶ
611 327 672 365 καὶ
699 327 778 366 ὅσον
804 326 934 374 ἠλίθιον
955 327 1015 365 καὶ
1033 327 1146 373 πηλοῦ

102 388 313 440 παχύτερον,
334 386 561 440 στρατηγικοί
585 402 672 429 τινες
690 380 776 424 εἶναι
807 385 1008 438 βουλόμενοι
1029 385 1090 423 καὶ
1108 385 1147 423 τὸ

102 446 239 498 γεγονὸς
259 444 555 496 ὑποσημαίνοντες
582 443 761 497 διελήρουν
779 444 839 482 καὶ
865 443 1144 496 παρεφλυάρουν,

101 506 163 549 τὰς
182 507 285 558 ὀφρῦς
303 506 525 547 ἀνασπῶντες
539 534 549 554 ,
567 503 628 541 καὶ
649 502 912 555 διαφλεγόμενοι
931 502 1046 555 φθόνῳ
1062 502 1146 555 πρὸς

102 564 360 602 ἀπίθανόντινα
381 563 440 600 καὶ
462 562 603 612 μυθώδη
624 564 914 614 καταστραφῆναι
931 561 1146 612 (καταστρο-

102 623 168 675 φὴν
182 622 215 674 Ρ)
237 622 306 660 ἀπὸ
326 628 408 672 μιᾶς
433 620 594 672 γλώσσης
610 619 671 659 καὶ
694 620 839 667 πάθους,
859 619 1030 672 ὁμόφωνοι
1055 618 1147 657 κατὰ

103 681 214 734 (παρὰ
226 683 285 732 Β.)
298 680 397 725 δόξαν
410 679 476 718 ὑπὸ
488 678 614 723 δειλίας
624 677 812 730 γεγονότες,
824 677 884 716 καὶ
894 680 943 731 τῷ
957 678 1145 730 παραλόγῳ

102 739 310 791 πληγέντες,
333 740 390 778 τὸν
411 738 592 789 Φράὸιθον
612 736 822 790 ἐπεψήφιζον
849 738 967 788 [νικᾶν
987 738 1053 788 Ν]
1082 736 1145 787 μὲν

102 799 246 846 εἰδέναι,
267 798 345 849 νίκῃ
366 797 402 836 δὲ
428 799 491 835 οὐκ
520 796 647 834 εἰδέναι
666 799 831 849 χρῆσθαι,
853 796 899 835 ‘O
919 799 1014 847 γοῦν.
1050 827 1058 836 .
1082 794 1144 842 τὴν

100 857 322 910 Χερρόνησον
346 855 571 908 ἐγκατέλιπεν
601 885 608 893 .
628 885 637 894 .
663 884 671 894 .
704 885 712 894 .
747 883 756 893 .
785 855 1009 905 αἰχμάλωτον
1033 853 1146 891 ὀπίσω

101 915 335 967 σωτηρίας..
369 913 611 966 προσηκόντως
639 912 793 965 τύχωσι·
824 912 938 963 θέαμα
959 915 1021 958 τῆς
1048 912 1146 983 νίκης

101 972 195 1018 ἄξιον
217 974 335 1014 ..καὶ
356 977 448 1012 οὗτοι
466 972 528 1023 μὲν
549 986 659 1023 πρ..
685 973 765 1023 ἐθρα
783 970 970 1022 [σύνοντο]
984 986 1044 1008 και
1065 970 1146 1008 υπέ-

102 1046 243 1083 σπειρον
258 1033 304 1075 εἷς
313 1030 358 1069 τα
373 1030 530 1083 βασίλεια
545 1046 595 1067 τω
608 1028 700 1098 λόγῳ
715 1028 871 1067 ποικίλον
886 1045 918 1067 τι
932 1028 993 1067 καὶ
1007 1045 1112 1082 περι.

100 1106 152 1136 ες,
171 1093 216 1133 ὡς
238 1089 412 1142 βάρὸαρος
429 1088 597 1141 βαρῧάρῳ
614 1103 674 1126 και
695 1087 827 1137 μύστης
845 1087 961 1140 μύστῃ
979 1087 1145 1140 παρέχων

102 1149 274 1201 διαφυγὴν
295 1148 356 1186 καὶ
376 1147 564 1200 σωτηρίαν·
582 1149 600 1184 6
620 1145 656 1184 δὲ
677 1146 887 1198 Φράὸιθος
881 1146 978 1184 μάλα
995 1147 1147 1199 φαιδρῶς

100 1206 160 1244 καὶ
181 1236 190 1246 .
212 1236 219 1244 .
241 1221 386 1257 προς..
409 1205 468 1242 ἐπὶ
487 1204 751 1244 Κωνσταντίνου
776 1205 876 1243 πόλιν
894 1204 985 1243 οὕτω
1002 1221 1062 1251 της
1079 1204 1147 1257 (ρή-

101 1281 169 1314 μης
193 1293 203 1304 .
227 1291 236 1300 .
258 1264 318 1302 καὶ
344 1263 517 1302 σκοτεινὸν
552 1263 703 1316 ὑφέρπον
734 1266 795 1310 τ’ἧς
816 1262 1076 1316 προφερομένης
1104 1293 1113 1302 .
1137 1294 1145 1302 .

100 1322 282 1376 παρελθὼν
305 1324 352 1367 εἷς
369 1321 413 1360 τὰ
435 1321 595 1374 βασίλεια
616 1322 756 1374 φαιδρὸς
772 1321 832 1359 καὶ
851 1322 1004 1373 γεγηθὼς
1027 1322 1147 1373 [πάν-

100 1399 167 1420 των
193 1380 515 1432 ἐκπεπληγ]μένων
542 1379 626 1432 πρὸς
652 1379 692 1418 τὸ
719 1380 919 1432 παράλογον
949 1384 1011 1426 τῆς
1040 1380 1148 1432 τύχης

101 1438 263 1479 καὶθεὸν
285 1442 368 1492 ὁρᾶν
398 1438 719 1490 ὓπολαμὸανόντων
749 1440 882 1489 μᾶλλον
913 1438 935 1485 ἢ
966 1439 1146 1492 ἄνθρωπον

100 1498 246 1552 (οὕτως,
261 1497 283 1536 6'
299 1514 331 1536 τι
352 1497 425 1536 ἐστὶ
443 1503 540 1536 νικᾶν
562 1497 622 1535 καὶ
642 1498 762 1550 χεῖρας
778 1498 883 1550 ἔχειν,
906 1501 967 1535 οὒκ
984 1497 1146 1549 ᾔδεσαν,)

101 1557 186 1610 πρὸς
205 1557 262 1595 τὸν
286 1556 432 1608 βασιλέα
455 1555 544 1606 μετὰ
565 1557 759 1608 ἐλευθερίας
776 1585 784 1593 .
807 1587 814 1593 .
836 1558 864 1593 εἰ
890 1555 958 1606 μὴν
976 1556 1148 1594 διατεινά-

102 1632 202 1666 μενος
230 1614 411 1661 ἐξεὸόησεν
439 1617 508 1652 τῶν
537 1614 899 1667 καταφρυαττομένων
921 1613 1054 1667 φθόνων
1088 1615 1147 1652 καὶ

102 1673 275 1721 νηστείαις
295 1673 530 1726 καθάρματα.
551 1672 685 1713 ,πόσον
706 1676 724 1711 6
747 1673 858 1717 θεὸς
840 1672 982 1711 ούναται
999 1676 1065 1726 θεῷ
1086 1673 1149 1724 μὲν

103 1732 159 1771 ὅτε
182 1732 378 1785 βού[λεται]
399 1747 438 1770 το
455 1731 667 1784 δυν[ατον]
653 1732 782 1770 εκείνου
802 1735 946 1775 κακῶς.
969 1733 1150 1779 ,τηλικου-

101 1807 159 1830 τον
180 1795 214 1830 ἐν
236 1807 393 1832 ..κατα
412 1806 456 1828 πε
481 1790 638 1843 ..ἔργον
667 1794 766 1828 οἶσθα
797 1792 956 1843 βασιλευ.
978 1791 1133 1829 Τουτο
1115 1789 1149 1827 οὲ

104 1851 142 1889 τὸ
159 1850 287 1922 ἔργον.
310 1849 521 1902 ,ἀλλότριον
534 1853 595 1896 τ’ἧς
610 1849 847 1900 Ρωμαῖκης’
828 1852 951 1901 αρχῆς.
970 1851 1044 1888 Τοῧ
1060 1849 1122 1888 δὲ.

103 1910 317 1952 ἐπινεύοντος
335 1908 537 1962 πρόσωπον,
554 1907 611 1945 διὰ
629 1906 695 1960 γὰρ
716 1907 898 1954 ἁπλότητα
918 1906 1074 1979 ‘ttokkffixom
1067 1922 1151 1957 συμ-

103 1967 266 2014 παθήσας
281 1966 365 2019 πρὸς
387 1983 430 2004 τα
450 1966 620 2018 λεγόμενα
645 1998 652 2006 .
676 1981 748 2006 .τα
764 1968 831 2004 τῶν
849 1964 1022 2017 εὐνούχων
1043 1968 1150 2012 εἶπεν,

103 2025 155 2064 ὅτι
183 2025 359 2078 προσῆκόν
388 2040 482 2063 εστιν
511 2023 679 2062 ἐπινεύειν
708 2052 717 2062 .
743 2053 750 2061 .
778 2054 786 2063 .
812 2052 822 2063 .
845 2026 906 2061 τοῦ
922 2022 958 2061 δὲ
983 2022 1153 2074 βασιλέως

103 2088 205 2122 τοῦτο
224 2083 399 2131 εἰπόντος,
416 2085 462 2126 ὡς
482 2083 589 2120 αἰτεῖν
609 2081 743 2133 ἀνάγκη
772 2081 917 2134 δωρεὰν,
935 2084 953 2119 ὁ
975 2080 1151 2134 Φράὸιθος

106 2143 233 2196 ἔφησεν
255 2144 488 2194 ἐπιτραπῆναι
503 2139 596 2179 κακὰ
612 2139 669 2178 τὸν
685 2140 828 2192 πάτριον
845 2139 950 2190 νόμον
963 2138 1152 2192 ἱερατεύειν

105 2202 193 2240 θεόν.
216 2201 263 2241 ‘O
289 2200 324 2239 δὲ
347 2199 510 2253 βασιλευς
539 2201 581 2238 δι’
610 2199 794 2273 ὑπεροχὴν
811 2201 994 2251 βασιλικῆς
1024 2200 1149 2252 ἀρετῆς

105 2261 164 2299 καὶ
182 2277 244 2307 την
265 2259 435 2298 υπατείαν
450 2258 649 2311 ἐπέτρεψεν·
670 2262 688 2297 6
709 2259 736 2296 δ’
758 2257 909 2303 ἐδέξατο.

158 2319 245 2359 εΌτι
275 2317 427 2369 Φαμέας
457 2298 640 2357 ὁΜίλκων
672 2317 929 2368 (1.Ἱμίλκων)
961 2316 1146 2354 ἐπικαλού-

107 2448 230 2479 clarum
257 2447 440 2487 exemplum
466 2446 679 2487 imperatoriae
706 2445 784 2477 artis
804 2445 1032 2486 suppeditavit.
1061 2443 1152 2476 Multi

107 2502 215 2531 tamen
240 2498 385 2530 homines
412 2498 518 2529 stolidi
543 2500 575 2529 et
591 2498 700 2538 pingui
722 2498 884 2537 Minerva,
904 2497 959 2536 qui
981 2496 1157 2536 imperandi

108 2550 201 2591 periti
216 2550 317 2582 videri
330 2550 468 2588 vellent,
484 2549 670 2589 praedictam
685 2558 752 2580 rem
772 2549 911 2580 ludibrio
929 2548 1082 2580 habentes
1094 2557 1156 2580 ser·

109 2603 324 2642 monibusque
337 2604 504 2642 carpentes
514 2610 552 2633 ac
564 2602 742 2642 superciliis
754 2601 901 2633 adductis
916 2601 1095 2639 irridentes,
1110 2601 1156 2632 in-

109 2654 194 2686 vidia
219 2653 408 2685 inflammati
434 2654 466 2685 et
491 2655 619 2693 repente
637 2654 754 2684 mirum
774 2653 806 2684 in
830 2653 962 2684 modum
985 2652 1159 2684 concordes

110 2707 203 2745 sacti,
227 2706 378 2746 factoque
409 2704 538 2745 inopino
563 2705 691 2737 attoniti
720 2705 848 2736 aiebant
878 2717 886 2736 ε
917 2706 1077 2745 Imperare
1099 2703 1159 2735 scit

110 2759 254 2792 Fravitta
264 2782 273 2798 ,
285 2758 340 2790 sed
351 2758 487 2789 victoria
502 2757 547 2789 uti
562 2758 664 2789 nescit
678 2782 685 2789 .
704 2782 711 2790 .
725 2758 959 2790 Chersonesum
974 2758 1114 2789 deseruit
1127 2782 1134 2789 .
1148 2781 1157 2789 .

110 2812 263 2843 severunt
282 2810 314 2842 in
337 2810 421 2850 regia
440 2818 586 2841 rumores
603 2810 710 2841 varios
732 2834 739 2842 .
760 2833 768 2842 .
790 2819 850 2841 ceu
869 2810 894 2841 si
912 2810 1067 2841 barbarus
1090 2810 1158 2841 har-

110 2863 191 2894 baro
204 2862 416 2902 ethnicusque
429 2861 560 2893 ethnico
572 2861 726 2901 effugium
740 2862 944 2902 salutemque
958 2861 1157 2893 concederet.

112 2914 256 2947 Fravitta
280 2915 390 2945 autem
407 2912 484 2944 dum
505 2912 689 2952 hujusmodi
711 2914 794 2944 sama
813 2913 1088 2953 Constantinopoli
1110 2921 1159 2953 pe·

112 2965 268 2999 detentim
289 2965 455 3003 manaret,
475 2964 507 2995 in
524 2964 644 3004 regiam
667 2964 805 3003 gestiens
821 2965 1089 3005 laetabun<lusque
1108 2965 1160 2997 de·

113 3019 216 3057 latus,
231 3017 404 3056 improviso
417 3016 555 3047 fortunae
568 3017 684 3047 eventu
703 3015 782 3047 deus
794 3016 917 3055 potius,
932 3025 1028 3056 quam
1045 3016 1140 3047 homo
1150 3040 1159 3057 ,

114 3070 205 3102 visus
219 3069 268 3100 est
285 3080 293 3099 :
308 3067 388 3099 adeo
407 3067 590 3099 nesciebant
602 3066 679 3107 quid
698 3069 781 3098 esset
794 3067 922 3099 vincere
937 3090 945 3098 .
964 3091 972 3098 .
989 3067 1045 3108 qui
1059 3077 1160 3108 quum

116 3121 196 3154 facie
211 3121 392 3159 annuisset;
404 3127 544 3159 namque
553 3119 595 3150 ob
605 3119 741 3151 multam
755 3121 854 3152 moris
866 3120 914 3152 sui
925 3121 1161 3160 simplicitatem

115 3172 209 3204 dictis
216 3172 396 3203 commotus
408 3170 513 3202 fuerat
526 3183 532 3201 z
546 3170 590 3202 ait
597 3179 728 3210 aequum
737 3179 804 3202 esse
811 3180 951 3203 annuere
960 3195 969 3203 .
980 3195 988 3203 .
998 3181 1163 3213 quumque

118 3225 295 3266 imperator
309 3223 449 3262 diceret,
467 3225 615 3262 oportere
640 3223 677 3253 ut
703 3224 847 3255 Fravitta
872 3225 1161 3256 remunerationem

119 3278 254 3318 peteret,
268 3274 319 3306 hic
328 3273 385 3314 ait,
397 3274 559 3314 postulare
572 3282 617 3312 se,
634 3276 670 3305 ut
683 3274 786 3315 patrio
799 3275 862 3306 ritu
877 3274 974 3306 deum
988 3276 1094 3308 colere
1104 3277 1162 3308 sibi

119 3328 239 3361 liceret.
249 3326 427 3366 Imperator
437 3326 545 3356 autem
558 3328 687 3366 propter
699 3326 863 3365 eximiam,
879 3335 952 3366 quae
968 3327 999 3358 in
1014 3327 1068 3359 illo
1082 3330 1162 3367 erat,

120 3375 275 3413 virtutem
293 3379 498 3412 consulatum
511 3387 643 3419 quoque
666 3379 821 3420 contulit,
836 3388 931 3421 quem
949 3380 1013 3421 ipse
1033 3382 1162 3422 recepit.

1211 283 1324 319 μενος,
1340 267 1446 319 μυρία
1462 267 1625 318 παρέχων
1643 266 1736 305 κακὰ
1753 267 1954 319 Ῥωμαίοις,
1969 263 2042 307 εἶτα
2059 270 2251 316 Σκιπίωνος

1210 331 1483 380 στρατηγοῦντος
1499 327 1537 363 οὐ
1557 325 1670 378 (οὐδὲν
1686 329 1730 366 N.
1744 326 1753 379 )
1773 328 1960 378 δυνάμενος
1971 358 1980 375 ,
1997 329 2060 374 τὴν
2082 330 2117 367 δὲ
2134 330 2250 368 αἰτίαν

1211 386 1432 437 ἐρωτώμενος
1445 384 1589 432 ἐξεῖπεν,
1609 385 1653 423 τὰ
1673 387 1736 435 μὲν
1753 387 1915 438 πρόὸατα
1935 382 2022 426 εἶναι
2040 388 2171 436 ταύτὰ,
2192 389 2250 428 τὸν

1210 444 1245 482 δὲ
1261 443 1410 495 ποιμένα
1423 442 1649 495 σφοδρότερον
1663 443 1723 482 καὶ
1735 449 1795 483 τοῦ
1806 442 1932 498 Ἄργου
1946 445 2248 499 πολυωπέστερον.

1260 507 1317 540 De
1335 517 1376 540 re
1391 517 1427 541 V.
1450 505 1622 542 Zosimus
1635 507 1666 540 V
1680 532 1690 550 ,
1710 518 1731 540 2
1742 518 1772 543 1.
1790 518 1827 553 9.
1843 507 1888 541 In
1906 507 2106 553 postremis
2119 507 2253 542 Gainas

1209 577 1296 599 cum
1324 564 1538 599 Himilcone
1561 564 1754 609 Phamaea,
1779 565 1944 600 Fravitta
1965 576 2053 600 cum
2075 565 2252 613 Scipione

1209 629 1464 671 comparatur.

1699 710 1762 749 83.

1262 800 1362 837 Ibid.
1386 812 1427 848 p.
1454 812 1523 848 291
1548 813 1556 835 :
1576 796 1687 850 Ἱέραξ
1705 792 1759 844 ἦν,
1779 797 1888 848 ὄνομα
1909 797 1945 835 δὲ
1960 801 2060 836 τοῦτο
2073 797 2253 851 ἀνθρώπου

1209 856 1340 909 κύριον,
1361 856 1397 894 ὃν
1412 851 1500 894 εἶδεν
1515 859 1533 894 6
1554 856 1773 909 συγγραφεὺς
1787 856 1847 894 καὶ
1861 856 2021 909 διελέχθη
2040 856 2124 909 πρὸς
2137 857 2253 908 αὐτὸν,

1208 915 1268 952 καὶ
1291 913 1354 962 τὴν
1380 914 1496 968 ψυχήν
1521 930 1556 952 τε
1586 914 1782 964 ἀνεμάξατο
1806 913 1862 952 διὰ
1883 913 1940 952 τὸν
1963 913 2064 965 λόγον
2085 915 2174 967 (τῶν
2195 917 2254 961 λό·

1208 989 1277 1025 γων
1309 977 1351 1012 Β.
1366 974 1392 1025 ).
1413 973 1486 1012 Καὶ
1506 972 1684 1012 συνελόντι
1713 988 1753 1025 γε
1772 975 1880 1011 εἰπεῖν
1907 972 2169 1026 Ἀλεξανδρεὺς,
2194 975 2255 1014 καὶ

1208 1031 1410 1083 κορακώδης
1439 1031 1502 1082 μὲν
1521 1030 1613 1070 κατὰ
1631 1031 1670 1069 τὸ
1691 1031 1870 1078 ἄπληστον
1899 1032 1933 1074 ἐς
1952 1030 2099 1084 τρορὴν,
2121 1035 2255 1085 προσῆν

1209 1089 1244 1127 δὲ
1267 1092 1360 1128 αὐτῶ
1378 1090 1437 1128 καὶ
1456 1090 1588 1144 τρυφὴ,
1609 1106 1694 1143 προς
1715 1088 1750 1128 δε
1770 1089 1894 1136 ἡδονὰς
1915 1090 2175 1143 ἀλεκτρυὼδης,
2195 1091 2255 1129 καὶ

1211 1142 1278 1192 οἷός
1298 1165 1349 1192 τις
1369 1147 1410 1186 ἂν
1433 1148 1676 1201 Ἀλεξανδρευς
1704 1148 1958 1200 ἀσελγέστατος
1977 1148 2128 1198 γένοιτο,
2148 1149 2207 1189 καὶ
2226 1151 2258 1189 εἴ

1209 1206 1250 1257 γέ
1266 1223 1298 1244 τι
1316 1207 1410 1245 ’ἶΑλε
1396 1207 1564 1259 ανδρεως
1582 1206 1844 1259 ἀσελγέστερον.
1865 1207 1956 1245 Αλλ’
1971 1205 2064 1258 ὅμως
2080 1210 2098 1245 ὁ
2111 1223 2257 1263 συγγρα·

1210 1265 1290 1317 φεὺς
1310 1267 1510 1312 αἰδεσθῆναι
1525 1265 1588 1313 τὴν
1605 1265 1776 1312 τοσαύτην
1797 1265 1972 1303 ἀναίδειαν
1988 1265 2048 1304 καὶ
2062 1267 2256 1318 ἰταμότητα

1210 1322 1407 1372 συμπείσας
1436 1323 1487 1376 ἐφ’
1507 1319 1556 1367 οἶς
1575 1318 1617 1371 ἦν
1638 1323 1793 1375 λόγοις”
1770 1340 1797 1362 ω
1799 1338 1882 1375 kero
1912 1323 2036 1372 ἀπιὼν,
2054 1325 2255 1372 τεθηπότων

1209 1384 1279 1419 τῶν
1283 1383 1494 1453 παρόντων,
1512 1382 1565 1420 ὅτι
1579 1383 1757 1435 ἄνθρωπος
1774 1382 1807 1427 ἐξ
1826 1382 2081 1436 Ἀλεξανδρείας
2095 1385 2257 1435 γλῶσσάν

1210 1455 1246 1477 τε
1277 1440 1405 1492 ἐπέσγε
1434 1441 1493 1478 καὶ
1523 1441 1693 1494 φλυαρίαν
1718 1441 1888 1486 ἐπέστησε
1917 1439 1976 1478 και
2002 1440 2042 1479 τὸ
2073 1441 2258 1493 πρόσωπον

1211 1498 1401 1552 κατεκοψεν
1436 1499 1446 1549 (
1464 1500 1676 1552 κατέκρυψεν
1711 1503 1757 1538 N.
1791 1498 1991 1551 xurfflaitsv
2027 1502 2254 1550 Diibnerus)

1211 1557 1416 1608 ἐρυθήματι.

1270 1633 1284 1649 «
1316 1619 1498 1664 Quisnam
1530 1618 1643 1653 fuerit
1670 1618 1732 1653 hic
1766 1618 1883 1653 hoino
1913 1618 2074 1666 proprio
2105 1619 2260 1654 nomine

1212 1677 1409 1723 Accipiter,
1449 1677 1509 1711 cui
1542 1683 1619 1711 tam
1646 1676 1886 1711 vehementer
1911 1676 2105 1712 maledicit
2135 1678 2260 1712 Euna-

1211 1730 1316 1776 pius,
1336 1742 1414 1764 non
1433 1729 1576 1766 divino.
1594 1730 1741 1776 Vixque
1762 1729 2049 1777 intelligendum
2069 1737 2163 1778 puto
2184 1733 2258 1766 Ar-

1212 1787 1406 1823 bazacium
1435 1787 1570 1823 ducem
1600 1786 1661 1837 [v.
1685 1788 1732 1824 sr.
1757 1786 1853 1836 84],
1877 1800 1989 1835 quem
2013 1789 2051 1822 in
2070 1788 2173 1823 bello
2200 1789 2261 1824 ad-

1212 1859 1341 1881 versus
1360 1847 1511 1881 Isauros
1528 1847 1720 1881 luxuriose
1734 1858 1771 1881 se
1791 1847 1944 1894 gessisse
1963 1847 2015 1881 ait
2025 1847 2196 1882 Zosimus
2208 1848 2259 1890 V,

1219 1919 1233 1940 1
1243 1903 1277 1943 5.
1293 1907 1438 1941 Etenim
1454 1917 1594 1940 nomen
1607 1905 1700 1940 illud
1713 1911 1878 1940 nontam
1891 1905 2086 1940 hominem
2098 1906 2241 1941 Alexan
2251 1927 2259 1933 -

1214 1964 1367 2000 drinum
1385 1977 1499 2012 quam
1516 1964 1724 1999 barbarum
1745 1963 1915 2001 denotat.
1941 1980 1956 1996 υ
1981 1965 2073 2001 Mu.
2097 1964 2203 2000 Idem
2223 1966 2260 2000 in

1214 2023 1411 2058 Addendis
1439 2036 1478 2071 p.
1505 2022 1578 2069 715
1607 2023 1687 2058 haec
1718 2021 1828 2058 affert
1864 2035 1873 2058 ε
1912 2038 1928 2055 «
1960 2025 2159 2071 Accipiter,
2201 2025 2261 2059 cui

1215 2084 1407 2132 Eunapius
1427 2084 1599 2119 ethnicus
1615 2090 1692 2118 tam
1711 2083 1848 2118 acerbe
1861 2082 2073 2127 maledicit,
2095 2084 2173 2119 sine
2188 2083 2262 2119 du-

1214 2142 1280 2178 bio
1307 2149 1362 2178 est
1388 2143 1450 2178 ille
1474 2143 1638 2186 Hier-ax,
1655 2143 1772 2180 hoino
1786 2137 2020 2178 Christianus
2049 2143 2087 2178 S.
2121 2143 2262 2190 Cyrillo

1215 2202 1406 2250 Episcopo
1422 2201 1678 2237 Alexandrino
1693 2212 1933 2248 summopere
1944 2200 2133 2245 addictus,
2150 2214 2263 2249 quem

1216 2259 1363 2295 idcirco
1396 2260 1603 2296 malevolus
1630 2259 1829 2308 praefectus
1857 2260 2091 2295 Alexandriae
2116 2260 2264 2299 Orestes

1219 2319 1412 2354 tormentis
1429 2317 1608 2365 subjecit,
1620 2318 1852 2366 indignante,
1865 2325 1908 2353 ut
1917 2330 1988 2366 par
2003 2325 2105 2363 erat,
2122 2319 2263 2366 Cyrillo

1259 2443 1414 2475 Phameas
1427 2444 1639 2483 cognomento
1655 2444 1767 2475 imilco
1778 2468 1787 2483 ,
1799 2443 1856 2484 qui
1869 2443 2046 2475 innumeris
2060 2443 2187 2476 damnis
2202 2445 2263 2476 Ro-

1221 2505 1334 2528 manos
1349 2497 1520 2536 affecerat,
1535 2496 1668 2535 deinde,
1690 2497 1836 2537 Scipione
1853 2497 2047 2528 exercitibus
2071 2496 2240 2537 praeposito
2253 2520 2262 2534 ,

1216 2557 1319 2589 quum
1342 2548 1427 2579 nihil
1452 2548 1519 2588 Jam
1553 2549 1678 2588 posset,
1707 2557 1901 2588 causamque
1920 2548 1965 2582 rei
1990 2550 2167 2588 rogaretur,
2191 2547 2262 2579 ait:

1218 2614 1233 2628 «ι
1252 2604 1337 2633 Oves
1359 2601 1491 2642 quidem
1509 2601 1630 2632 eaedem
1649 2603 1743 2641 sunt,
1757 2601 1813 2633 sed
1835 2603 1943 2642 pastor
1959 2601 2064 2633 multo
2079 2600 2264 2642 vigilantior

1217 2655 1315 2695 atque
1327 2656 1412 2694 Argo
1428 2654 1598 2685 oculatior.
1616 2667 1631 2682 »

1709 2734 1767 2766 83.

1259 2811 1342 2843 Huic
1364 2810 1486 2842 homini
1501 2819 1619 2842 nomen
1635 2810 1800 2850 proprium
1825 2810 1895 2841 erat
1914 2810 2033 2842 Hierax
2047 2809 2264 2850 (accipiter);

1218 2871 1315 2903 quem
1331 2862 1459 2902 quidem
1480 2861 1650 2894 historicus
1662 2861 1702 2892 de
1720 2861 1801 2893 facie
1817 2861 1907 2892 novit
1922 2863 2020 2901 atque
2035 2861 2193 2892 allocutus
2205 2862 2263 2900 est,

1218 2914 1427 2954 animumque
1439 2913 1509 2953 ejus
1524 2913 1665 2945 serendis
1677 2912 1878 2944 sermonibus
1894 2912 2084 2952 exploravit.
2103 2913 2146 2944 Ut
2159 2912 2264 2943 brevi·
2309 2924 2313 2930 ·

1218 2968 1268 2998 ter
1292 2966 1418 3006 dicam,
1444 2965 1678 2998 Alexandrinus
1703 2966 1772 2997 erat
1790 2966 1823 2996 et
1848 2965 1936 2996 corvi
1963 2964 2094 3005 quidem
2115 2967 2264 2996 naturam

1219 3017 1565 3058 ingluvieimitabatur
1591 3029 1599 3048 z
1626 3016 1681 3048 sed
1707 3025 1811 3056 neque
1830 3016 2016 3047 libidinibus
2046 3015 2196 3054 carebat,
2223 3015 2264 3047 ad

1220 3078 1300 3110 quas
1314 3069 1388 3109 galli
1407 3068 1472 3100 ritu
1494 3069 1599 3100 alacer
1614 3068 1700 3107 erat,
1724 3076 1918 3108 prorsusque
1942 3067 2144 3099 incontinens
2166 3067 2265 3099 instar

1221 3120 1359 3152 hominis
1387 3120 1612 3159 Alexandrini,
1639 3120 1739 3151 immo
1763 3120 1796 3150 et
1822 3119 1847 3150 si
1872 3118 1948 3158 quid
1976 3118 2192 3150 Alexandrino
2219 3118 2265 3150 in-

1219 3172 1436 3204 continentius
1457 3174 1516 3203 est.
1546 3171 1607 3203 Sed
1631 3173 1740 3203 tamen
1762 3170 1930 3202 historicus
1954 3171 2022 3201 tam
2045 3170 2264 3210 impudentem

1220 3227 1351 3265 tamque
1367 3223 1536 3255 effrontem
1557 3223 1720 3255 hominem
1739 3222 1894 3263 pudorem
1915 3221 2043 3253 edocuit
2059 3230 2161 3261 eoque
2179 3221 2265 3252 sacto

1221 3277 1317 3314 abiit,
1350 3275 1540 3307 mirantibus
1564 3275 1603 3307 iis
1626 3275 1682 3316 qui
1709 3274 1864 3314 aderant,
1887 3273 1974 3314 quod
2006 3273 2103 3304 homo
2125 3273 2264 3304 Alexan-

1222 3329 1334 3361 drinus
1352 3329 1491 3369 linguam
1506 3328 1690 3367 cohiberet,
1707 3335 1809 3368 nugas
1832 3325 2014 3365 omitteret,
2029 3326 2061 3358 et
2075 3325 2154 3358 facie
2166 3324 2262 3356 rubo-

1223 3390 1290 3413 rem
1304 3381 1453 3413 traheret.
