2372 3704
983 175 1316 217 FRAGMENTA.

579 261 615 298 8.

125 346 232 383 Idem
257 348 319 393 lv,
344 359 383 396 p.
419 348 514 397 167,
537 349 708 392 13:1³1<
732 351 894 387 τοσοῦτον
919 349 949 387 δ’
972 350 1124 395 ἀσωτίας

72 403 232 451 ἐληλύθει
260 404 319 442 καὶ
348 404 548 458 Δημήτριος
569 407 588 444 6
611 406 816 460 Δημητρίου
837 411 896 446 τοῦ
924 409 1122 463 Φαληρέως

72 461 306 514 ἀπόγονος,“’
281 479 326 506 ως
343 479 446 517 φησιν
471 463 730 517 Ἡγήσανδρος,
754 466 843 505 ὥστε
873 467 1121 520 Ἀρισταγόραν

71 521 134 572 μὲν
154 520 247 574 ἔχειν
262 520 325 568 τὴν
351 522 535 575 Κορινθίαν
562 525 753 578 ἐρωμένην,
771 528 831 573 ζῆν
856 525 891 564 δὲ
906 528 1119 572 πολυτελῶς.

71 578 401 630 Ἀνακαλεσαμένων
428 581 459 619 δ’
480 582 583 621 αὐτὸν
606 586 675 621 τῶν
695 583 951 636 Ἀρεοπαγιτῶν
972 586 1032 624 καὶ
1058 602 1120 625 κε-

69 638 239 678 λευόντων
253 638 387 691 βέλτιον
399 641 473 688 ζην,
492 659 506 675 κ
522 639 627 680 Ἀλλὰ
644 641 704 680 καὶ
716 646 788 690 νῦν,
804 647 910 692 εἶπεν,
922 646 1120 697 ἐλευθερίως

70 698 129 742 ζω.
151 698 224 738 Kal
243 697 311 752 γὰρ
342 698 482 752 ἑταίραν
504 698 581 752 ἔχω
607 699 671 747 τὴν
690 701 897 750 καλλιστην,
926 719 985 741 και
1012 705 1120 742 ἀδικῶ

69 757 211 805 οὐδένα,
228 758 288 796 καὶ
306 758 396 797 πίνω
411 759 497 798 Χῖον
511 762 616 807 οἶνον,
636 761 695 799 καὶ
716 761 815 800 τᾶλλ’
835 762 1031 815 ἀρκούντως
1054 779 1120 802 πα-

70 815 348 868 ρασκευάζομαι,
364 819 432 855 τῶν
454 817 549 856 ἰδίων
580 834 647 869 μου
672 819 852 872 προσόδων
878 823 925 865 εἷς
942 824 1040 860 ταυτ’
1063 823 1119 860 ἐκ·

68 877 252 915 ποιουσῶν.
309 878 383 924 Οὔ,
403 876 597 929 καθάπερ(
584 894 680 928 υμων
698 878 780 918 ἔνιοι
791 879 1050 931 ,δεκαζόμενος
1072 883 1119 926 ζω

68 932 129 972 καὶ
154 933 342 986 μοιχεύων.
361 953 376 969 1·
393 935 466 975 Καὶ
493 938 562 974 τῶν
581 936 625 975 τὰ
646 941 791 976 τοιαῦτα
811 939 1035 991 πραττόντων
1059 940 1118 979 καὶ

70 993 127 1030 ἐπ’
146 992 314 1044 ὀνόματος
326 993 422 1038 τινὰς
443 995 618 1041 κατέλεξε.
647 998 773 1036 Ταῦτα
800 997 829 1036 δ’
844 997 995 1042 ἀκούσας
1010 998 1117 1037 Αντί-

67 1066 164 1102 γονος
191 1054 208 1089 6
229 1052 408 1104 βασιλευς,
433 1053 642 1104 θεσμοθέτην
672 1055 774 1094 αὐτὸν
803 1055 1011 1105 κατέστησε.
1034 1060 1118 1101 Τοῖς

68 1109 105 1148 δὲ
125 1112 383 1158 Παναθηναίοις
397 1110 576 1166 ἵππαρχος
592 1113 652 1161 ὢν,
673 1114 782 1167 ἰκρίον
799 1114 927 1162 ἔστησε
943 1115 1028 1168 πρὸς
1048 1118 1118 1160 τοῖς

69 1167 217 1220 Ἑρμαῖς
252 1169 500 1244 Αρισταγόρα,
542 1172 794 1226 μετεωρότερον
838 1177 907 1213 τῶν
952 1175 1118 1226 Ἑρμῶν·

71 1225 245 1267 Ἐλευσῖνί
274 1245 312 1268 τε
346 1230 546 1282 μυστηρίων
578 1230 699 1280 ὄντων,
729 1232 849 1280 ἔθηκεν
882 1235 969 1286 αὐτῇ
1002 1235 1118 1287 θρόνον

65 1285 166 1339 παρὰ
180 1286 220 1326 τὸ
235 1287 438 1341 ἀνάκτορον,
447 1289 655 1339 οἰμώξεσθαι
669 1290 782 1344 φήσας
791 1308 869 1336 τους
882 1293 1115 1337 >ιω>ύσοντας.

120 1349 331 1397 Antigonus
346 1362 412 1386 rex
425 1358 480 1386 est
491 1352 702 1400 Antigonus
715 1353 892 1392 Gonatas.
914 1353 969 1393 Cf.
994 1356 1117 1403 Droy·

66 1407 386 1452 se11.Hellen.11,
406 1421 447 1457 p.
469 1408 561 1447 223.

571 1491 596 1526 9

118 1563 361 1613 IdemVI‚p.
385 1562 477 1613 250,
498 1565 546 1609 D,
569 1566 629 1602 E:
649 1563 940 1619 Ἡγήσανδροςδ’
960 1569 1115 1621 ἱστορεῖ,

66 1620 126 1659 καὶ
145 1620 290 1673 Ἱέρωνα
318 1619 377 1658 τὸν
400 1619 565 1673 τύραννον
592 1623 810 1676 ἀμὸλύτερον
827 1625 918 1664 κατὰ
939 1626 999 1671 τὰς
1025 1628 1118 1681 ὄψεις

65 1679 246 1732 γενέσθαι,
279 1679 338 1718 καὶ
370 1679 447 1723 τοὺς
479 1682 764 1726 συνδειπνοῦντας
792 1685 860 1721 τῶν
889 1685 1044 1736 φίλων”
1026 1703 1118 1738 εχειν

66 1738 223 1785 ἐπίτηδες
239 1737 536 1790 διαμαρτάνοντας
549 1742 618 1778 τῶν
638 1741 851 1791 ἐδεσμάτων,
868 1742 912 1780 ἵν
929 1744 986 1781 ὑπ’
1011 1747 1115 1783 αὐτοῦ

64 1800 374 1850 γειραγωγῶνται,
405 1798 464 1836 καὶ
485 1794 585 1851 δοκῇ
599 1802 668 1837 τῶν
697 1800 813 1838 ἄλλων
839 1801 1118 1855 ὀξυδερκέστερος

65 1843 166 1897 εἶναι.
189 1856 381 1903 Εὐκλείδην
401 1856 438 1894 δέ
464 1873 567 1910 φησιν
597 1858 860 1910 Ἥγησανδρος,
882 1861 938 1899 τὸν
964 1864 1114 1901 Σεῦτλον

65 1914 337 1964 επικαλούμενον
355 1916 566 1967 (παράσιτος
582 1911 650 1954 δ’
629 1933 670 1964 ην
691 1917 751 1956 καὶ
778 1913 917 1970 οὗτος),
938 1921 1115 1972 παραθέν-

64 1989 120 2017 τος
139 1973 229 2016 τινὸς
250 1975 344 2012 αὐτῶ
364 1974 503 2018 πλείους
525 1975 669 2026 σόγκους
691 1978 725 2013 ἐν
750 1977 799 2014 δέ’
771 1993 895 2030 -ιπνῳ,
916 1978 959 2018 Ὁ
982 1981 1111 2018 Καπα-

106 2148 152 2178 Eo
162 2146 416 2187 intemperantiae
428 2148 516 2180 venit
530 2150 710 2182 Demetrius
726 2152 879 2184 Demetrii
902 2154 1043 2186 Phalerei
1060 2163 1115 2186 ne-

65 2206 142 2239 pos,
159 2200 196 2230 ut
220 2198 264 2230 ait
293 2199 503 2240 Hegesander,
533 2203 570 2233 ut
595 2202 810 2243 Aristagoram
832 2205 1030 2236 Corinthiam
1057 2215 1114 2246 pio

66 2250 176 2291 pellice
183 2250 326 2288 haberet,
337 2252 499 2292 vitamque
506 2255 613 2292 ageret
620 2257 853 2295 sumptuosam.
864 2256 1115 2288 Advocantibus-

65 2312 128 2344 que
140 2313 219 2335 eum
233 2305 430 2345 Areopagitis
443 2307 475 2337 et
487 2306 602 2338 melius
620 2307 729 2340 vivere
742 2308 946 2351 jubentibus,
962 2322 978 2338 «ι
993 2313 1113 2342 Verum

64 2356 270 2397 etiamnunc,
284 2357 339 2396 ait,
351 2366 409 2398 ego
423 2360 458 2389 ut
470 2358 562 2391 decet
572 2359 754 2392 hominem
747 2370 922 2402 ingenuum
937 2362 1019 2395 vivo.
1033 2365 1114 2395 Nam

65 2409 200 2448 amicam
217 2409 318 2441 habeo
342 2410 586 2450 pulcerrimam,
603 2413 636 2444 et
652 2413 811 2445 neminem
828 2414 930 2452 loedo,
956 2417 988 2446 et
1003 2415 1112 2447 vinum

66 2460 183 2492 chium
198 2461 292 2500 bibo,
309 2463 342 2493 et
357 2461 479 2502 reliqua
495 2463 691 2496 sufficienter
707 2464 846 2503 adame,
871 2475 971 2506 quum
996 2468 1112 2507 proprii

65 2511 187 2543 reditus
212 2511 255 2544 ad
278 2512 339 2544 hoc
354 2515 537 2554 suppetant.
556 2517 627 2547 Non
653 2525 730 2547 vero
746 2517 1020 2557 quemadmodum
1038 2528 1115 2550 non-

65 2563 144 2595 nulli
164 2573 182 2595 e
194 2564 301 2603 vobis,
313 2565 500 2597 muneribus
512 2568 683 2607 corruptus
697 2567 789 2607 vivo,
803 2570 834 2600 et
848 2569 983 2600 aliorum
1000 2579 1116 2602 uxores

65 2624 250 2656 corrumpo.
264 2618 329 2648 »Et
338 2626 451 2648 eorum
468 2617 676 2659 aliquos,qui
692 2619 723 2650 id
736 2619 905 2660 faciebant,
921 2621 1110 2653 nominatim

7 2705 9 2707 ¹
65 2668 161 2700 etiam
180 2667 376 2709 designabat.
407 2671 487 2707 Quae
514 2678 615 2710 quum
641 2670 813 2703 audivisstt
838 2672 1014 2712 Antigonus
1040 2682 1114 2713 rex,

65 2721 315 2754 thesmothetam
330 2722 420 2754 illum
437 2723 614 2755 constituit.
630 2723 719 2756 Idem
737 2734 831 2764 vero,
846 2734 944 2766 quum
958 2726 1114 2758 Panathe-

65 2781 209 2804 naeorum
234 2774 428 2806 solemnibus
452 2775 598 2815 equitum
622 2777 792 2816 praefectus
815 2779 914 2816 esset,
934 2778 1115 2810 tabulatum

36 2855 38 2857 ,
65 2825 167 2857 erexit
187 2825 378 2866 Aristagorae
393 2826 478 2866 apud
498 2828 654 2859 Hermas
646 2828 721 2867 ipsis·
739 2830 863 2860 Hermis
873 2830 1063 2864 sublimius.
1084 2835 1116 2864 et

65 2876 224 2916 Eleusine,
233 2886 335 2918 quum
349 2877 588 2910 celebrarentur
601 2880 763 2919 mysteria,
778 2881 885 2912 sedem
897 2881 998 2913 eidem
1012 2884 1115 2923 posuit

64 2928 157 2968 juxta
167 2929 291 2962 Cereris
307 2931 483 2971 templum·
504 2931 587 2963 male
601 2934 768 2973 acceptum
786 2933 823 2964 iri
837 2933 984 2974 edicens,
1002 2936 1026 2967 si
1044 2937 1115 2977 quis

67 2982 149 3013 esset
165 2979 398 3022 prohibiturus.

573 3034 608 3065 9.

109 3086 307 3126 Hegesander
319 3089 439 3127 narrat,
455 3090 552 3121 etiam
568 3091 696 3122 Hieroni
711 3091 774 3131 regi
791 3092 988 3124 obtusiorem
1015 3093 1111 3126 fuisse

67 3137 234 3169 oculorum
254 3147 367 3179 usum,
394 3140 603 3182 habuisseque
631 3142 663 3174 in
679 3143 790 3174 amicis
814 3153 887 3175 cum
904 3145 971 3184 ipso
988 3154 1115 3177 coenare

67 3189 184 3230 wlitis,
199 3191 255 3232 qui
274 3193 420 3224 consulto
444 3201 464 3224 a
479 3194 576 3234 cibis,
594 3204 675 3235 quos
693 3197 855 3236 peterent,
872 3197 1019 3230 aberrare
1032 3199 1114 3230 sole·

68 3243 156 3282 rent,
170 3244 207 3275 ut
229 3244 294 3276 ab
286 3253 355 3285 ipso
376 3254 489 3278 manus
508 3255 620 3278 eorum
639 3247 862 3288 dirigerentur,
891 3249 1116 3290 videreturque

27 3334 31 3337 μ
67 3292 121 3325 ine
145 3295 271 3327 acutius
289 3296 418 3337 reliquis
442 3306 584 3330 cernere.
602 3299 743 3331 Euclidis
757 3300 892 3332 verbum
915 3301 1116 3341 Hegesander

69 3345 184 3386 refert,
204 3345 272 3384 ejus
290 3348 343 3379 cui
369 3349 598 3389 Seutlum(id
613 3351 673 3388 est,
690 3350 785 3391 bela)
801 3360 976 3392 cognomen
987 3353 1068 3393 ,qui
1084 3355 1115 3385 et

69 3394 134 3437 ipse
149 3399 303 3438 parasitus
313 3399 383 3432 tuit.
399 3403 506 3439 Quum
519 3403 778 3444 coenanti'ingens
794 3405 902 3436 sonchi
917 3405 1007 3446 copia
1017 3414 1113 3446 appo-

2146 197 2223 231 415

1183 263 1278 316 νεὺς,
1295 265 1382 319 ἔφη,
1411 270 1464 306 6‘
1452 268 1518 306 υπὸ
1547 272 1606 306 τοῦ
1636 270 1826 322 Εὐριπίδου
1849 274 2111 327 εἶσάγόμενος’
2096 282 2130 317 εν
2157 284 2234 324 ταῖς

1183 322 1390 372 Ἱκέτισιν,ε
1378 331 1600 378 υπεραστεῖος
1615 331 1672 377 ἠν,

1266 412 1296 443 Μ
1300 414 1388 451 ισων,
1402 413 1550 454 τραπέζας
1563 414 1646 451 ὅστις
1660 415 1807 456 ἐξογκοῖτ’
1823 417 1913 457 ἄγαν.

1182 480 1228 518 Οἱ
1248 478 1282 516 δὲ
1301 480 1610 533 δημαγωγοῦντες,
1631 499 1748 536 φησιν,
1770 484 1933 533 Ἀθήνησι
1953 488 2044 527 κατὰ
2064 490 2121 528 τὸν
2144 493 2234 544 Χρεᾱ

1183 538 1366 588 μωνίδειον
1381 539 1534 590 πόλεμον
1549 541 1793 587 κολακεύοντες
1804 544 1882 588 τοὺς
1896 545 2104 596 Ἀθηναίους,
2118 550 2231 588 τᾶλλα

1182 596 1291 646 μὲν”
1272 613 1423 650 εφασκον
1453 599 1568 637 πάντα
1598 594 1687 639 εἶναι
1720 603 1818 652 κοινὰ
1847 606 1915 641 τῶν
1952 604 2146 656 Ἑλλήνων,
2169 609 2231 655 τὴν

1181 656 1210 692 δ’
1229 655 1285 693 ἐπὶ
1305 655 1362 694 τὸν
1378 658 1521 709 οὐρανὸν
1538 660 1738 712 ἀνθρωπους
1755 660 1925 714 φέρουσαν
1941 663 2019 701 ὁδὸν
2037 665 2232 713 Ἀθηναίους

1183 714 1310 752 εἰδέναι
1328 715 1461 766 μόνους.
1487 719 1682 756 Postrema
1705 721 1754 757 ad
1771 723 2017 760 Athenienses
2041 727 2232 763 Ptolemaei

1179 777 1216 812 11
1236 777 1451 815 adulatores
1466 779 1582 816 refert
1599 783 1787 830 Droysen.
1815 783 1964 821 Hellen.
1990 785 2048 830 II,
2068 798 2108 834 p.
2137 799 2227 822 212.

1678 875 1736 900 10.

1231 934 1337 970 Idem
1364 936 1428 983 IV,
1459 949 1498 984 p.
1537 936 1624 982 132,
1654 938 1714 974 C:
1735 935 1894 989 Δρομέας
1925 938 1954 976 δ’
1974 940 1991 976 6
2016 938 2231 989 παράσιτος,

1178 990 1416 1043 ἐρωτήσαντός
1434 1009 1524 1037 τινος
1539 993 1654 1042 αὐτὸν,
1674 994 1720 1038 ὥς
1737 1011 1840 1048 φησιν
1857 998 1874 1033 6
1894 996 2027 1050 Δελφὸς
2046 997 2232 1048 <Ηγήσαν-

1178 1052 1274 1101 δρος,
1304 1050 1449 1103 πότερον
1478 1053 1513 1090 ἐν
1550 1052 1648 1091 ἄστει
1661 1054 1808 1115 ὐγίνεται
1840 1055 1965 1109 βελτίω
1993 1057 2161 1094 δεῖπνα
2143 1074 2164 1103 η
2195 1059 2230 1096 ἐν

1177 1109 1348 1156 Χαλκίδι,
1369 1110 1420 1148 Τὸ
1435 1110 1630 1170 προοίμιον,
1650 1116 1743 1159 εἰπε,
1764 1129 1833 1152 των
1850 1116 1884 1152 ἐν
1905 1115 2059 1153 Χαλκίδι
2084 1115 2230 1154 δείπνων

1176 1167 1406 1221 χαριέστερον
1422 1172 1511 1206 εἰναι
1527 1187 1588 1216 της
1611 1173 1645 1209 ἐν
1662 1171 1760 1209 ἄστει
1778 1176 2022 1225 παρασκευῆς·
2042 1174 2080 1212 τὸ
2101 1175 2230 1221 πληθος

1177 1228 1243 1264 τῶν
1258 1226 1408 1279 ὀστρεων
1422 1227 1482 1266 καὶ
1495 1227 1556 1275 τὴν
1573 1229 1748 1268 ποικιλίαν
1762 1231 1942 1283 προοίμιον
1957 1231 2062 1271 εἰπὼν
2078 1233 2229 1272 δείπνου.

1675 1314 1735 1340 11.

1230 1372 1336 1408 Idem
1355 1373 1629 1423 V111,p.350‚
1652 1378 1699 1420 A,
1717 1376 1764 1412 de
1779 1378 1992 1413 Stratonico
2009 1379 2226 1416 citharista.

1180 1428 1294 1467 Παλιν
1310 1429 1341 1466 δ’
1361 1430 1611 1481 ἐπερωτηθεὶς,
1630 1430 1676 1475 ὥς
1693 1447 1796 1484 φησιν
1813 1432 2074 1486 <Ηγήσανδρος,
2098 1435 2228 1486 πότερα

1178 1486 1325 1525 Βοιωτοι
1349 1487 1611 1541 βαρὸαρώτεροι
1631 1490 1859 1541 τυγχάνουσιν
1880 1491 1971 1535 ὄντες
1990 1491 2013 1539 ἢ
2033 1493 2226 1540 Θετταλοὶ,

1180 1545 1375 1589 'melone'
1356 1562 1499 1596 ezpnoev.
1527 1547 1742 1595 Ἀναστήσας
1762 1550 1798 1588 δέ
1818 1565 1901 1589 ποτε
1926 1550 1986 1589 καὶ
2007 1551 2172 1605 τρόπαιον
2193 1555 2228 1591 ἐν

1176 1606 1218 1654 τῇ
1242 1604 1403 1656 διατριὸῇ
1423 1604 1598 1659 ἐπέγραψε
1623 1607 1737 1645 κατὰ
1764 1610 1848 1647 τῶν
1874 1612 2015 1653 κακῶς
2028 1615 2227 1679 Νκιθαρι-

1177 1661 1357 1706 ζόντων.
1389 1662 1600 1716 Ἐρωτηθεὶς
1621 1665 1695 1703 δὲ(
1683 1667 1750 1705 υπό
1778 1682 1887 1714 τινος,
1908 1667 1985 1705 τίνα
2006 1684 2072 1706 των
2098 1669 2227 1707 πλοίων

1177 1720 1425 1774 ἀσφαλέστατά
1454 1725 1546 1769 ἐστι,
1566 1723 1609 1762 τὰ
1630 1724 1751 1778 μακρὰ
1778 1725 1865 1772 ἢτὰ
1893 1727 2115 1779 στρογγύλα,
2133 1746 2148 1763 α
2170 1727 2227 1767 'la

1175 1779 1459 1833 νενεωλκημένα,
1481 1799 1497 1816 ν
1517 1785 1624 1820 εἶπεν.

1674 1861 1733 1887 12.

1228 1927 1429 1963 Athenaeus
1459 1929 1561 1974 XIV,
1592 1942 1635 1978 p.
1662 1930 1763 1975 620,
1795 1932 1825 1967 F
1862 1944 1891 1965 :-
1902 1928 1946 1968 ‘O
1975 1933 2035 1967 τοῦ
2059 1930 2226 1969 Σωτάδου

1175 1982 1245 2026 υιὸς
1265 1983 1508 2028 Ἀπολλωνιος.
1529 1985 1690 2040 Εγραψε
1716 1986 1751 2024 δε
1772 2002 1830 2024 και
1851 1991 1946 2031 οὗτος
1965 1990 2053 2040 Περὶ
2076 2005 2143 2026 των
2159 2004 2219 2027 του

2155 2069 2214 2076 -
2221 2073 2223 2075 .

1178 2101 1319 2140 neretur‚
1335 2101 1581 2138 Per-urbanus,
1600 2102 1717 2143 inquit,
1737 2105 1920 2143 Capaneus
1933 2105 2000 2140 est,
2016 2106 2077 2145 qui
2097 2104 2140 2137 ab
2154 2106 2225 2136 Eu-

1174 2151 1287 2192 ripide
1299 2154 1336 2184 in
1351 2153 1573 2193 supplicibus
1585 2154 1778 2194 inducitur,

1280 2226 1419 2256 lnlmicus
1432 2236 1603 2257 mensarum
1617 2237 1649 2258 ln
1662 2230 1768 2266 qlllbus
1781 2231 1890 2259 nilnltls
1899 2225 2003 2267 ὄγκος.

1174 2293 1263 2327 Idem
1275 2296 1476 2335 Hegesander
1486 2297 1542 2336 ait,
1557 2298 1700 2330 oratores
1714 2299 1956 2332 Atheniensium
1972 2300 2055 2332 bello
2067 2300 2223 2333 Chremo-

1173 2346 1286 2386 nideo,
1305 2347 1472 2380 adulantes
1497 2350 1634 2390 populo,
1652 2349 1792 2383 dixisse:
1808 2352 1877 2383 Alia
1896 2352 2027 2392 quidem
2043 2352 2227 2385 communia

1174 2398 1291 2431 habere
1308 2399 1515 2432 Athenienses
1542 2409 1616 2432 cum
1643 2401 1773 2442 reliquis
1800 2403 1939 2443 Graecis;
1965 2403 2021 2436 sed
2035 2403 2137 2443 viam,
2152 2405 2226 2444 qliae

1173 2451 1337 2483 homines
1329 2461 1361 2483 in
1377 2453 1494 2484 coelum
1507 2453 1626 2492 ducat,
1643 2454 1718 2486 solis
1734 2455 1795 2488 illis
1807 2457 1968 2496 cognitam
1981 2465 2058 2489 esse

1671 2510 1726 2542 10.

1214 2565 1367 2595 Dromeas
1382 2564 1555 2604 parasitus,
1573 2565 1609 2596 ut
1630 2566 1726 2597 refert
1752 2567 1953 2607 Hegesander
1975 2567 2136 2607 Delphus,
2160 2567 2223 2598 cui·

1173 2614 1246 2646 dam
1276 2615 1501 2655 interroganti,
1525 2617 1633 2647 utrum
1653 2616 1805 2648 lautiores
1821 2620 1926 2650 essent
1950 2627 2051 2650 eoenae
2074 2618 2224 2657 Athenis,

1173 2676 1213 2699 an
1242 2668 1414 2701 Chalcide?
1430 2669 1609 2709 respondit,
1635 2672 1843 2702 Prooemium
1864 2679 2043 2703 coenarum
2063 2670 2226 2702 Chalcide

1173 2721 1310 2759 qratius
1325 2728 1393 2751 esse
1410 2722 1443 2752 ec
1462 2721 1677 2760 elcqantizw,
1705 2730 1811 2762 quam
1837 2723 1978 2754 Athenis
1998 2724 2106 2754 cotum
2123 2730 2226 2754 ccenae

1173 2773 1402 2812 apparatum.
1428 2773 1622 2803 Prooemium
1639 2782 1687 2804 cn
1690 2782 1738 2804 nae
1756 2774 1893 2806 vocabat
1921 2775 2019 2806 homo
2040 2776 2223 2806 ostreorum

1173 2825 1204 2855 et
1221 2823 1418 2864 reliquorum
1435 2825 1648 2856 testaceorum
1663 2825 1903 2857 multitudinem
1921 2827 2181 2866 varietatemque.

1673 2880 1686 2910 1
1698 2879 1729 2910 1.

1213 2933 1335 2964 Rursus
1348 2932 1578 2972 interrogatus,
1597 2934 1632 2964 ut
1645 2933 1754 2964 scribit
1769 2934 1982 2973 Hegesander‚
1996 2934 2105 2966 utrum
2124 2934 2222 2966 Boeoti

1172 2985 1270 3023 magis
1284 2984 1408 3016 barbari
1430 2987 1550 3023 essent,
1572 2994 1613 3016 an
1628 2986 1795 3017 Thessali?
1821 2987 1911 3026 Elei,
1928 2987 2041 3027 inquit.
2057 2986 2145 3018 ldem
2163 2987 2222 3018 ali-

1173 3036 1303 3076 quando
1316 3038 1473 3076 tropaeum
1486 3037 1607 3068 erexit'
1601 3046 1631 3067 in
1645 3037 1765 3076 schola,
1781 3038 1840 3069 hac
1856 3039 2082 3078 inscriptione:
2098 3038 2220 3070 Adver-

1174 3096 1232 3119 sus
1244 3088 1380 3119 cuhara
1395 3087 1486 3119 male
1504 3090 1676 3120 canentes.
1694 3089 1879 3121 sciscitante
1898 3090 2058 3130 quodam,
2073 3098 2220 3130 quaenam

1174 3139 1237 3170 sint
1251 3147 1347 3170 naves
1361 3139 1514 3178 tutiores,
1527 3139 1651 3180 longae,
1666 3149 1707 3172 an
1724 3141 1890 3172 rotundae?
1909 3143 2082 3178 Tutiores,
2099 3142 2218 3182 inquit,

1175 3190 1227 3223 72ae
1241 3198 1316 3231 quae
1331 3189 1509 3222 subductae
1520 3193 1614 3223 sunt.

1666 3249 1720 3280 12

1216 3300 1341 3332 Sotadis
1362 3299 1445 3332 filius
1463 3301 1659 3341 Apollonius.
1685 3303 1765 3334 Nam
1783 3303 1814 3334 et
1836 3302 1887 3334 hic
1908 3301 1948 3334 de
1966 3301 2122 3342 patrissui
2147 3309 2216 3332 car-

1174 3351 1313 3383 minibus
1328 3352 1446 3383 librum
1464 3353 1579 3393 edidit;
1595 3362 1613 3384 e
1625 3363 1689 3393 quo
1706 3353 1895 3394 perspicitur
1916 3352 2137 3392 intempestiva
2159 3354 2216 3383 So-

1175 3404 1257 3437 tadis
1273 3405 1480 3439 maledicendi
1509 3406 1651 3445 licentia,
1669 3406 1723 3446 qui
1740 3405 1939 3438 Alexandriae
1964 3405 2113 3445 probrosa
2136 3403 2216 3434 dixit
