2372 3704
100 216 175 248 550

100 298 145 337 Ὁ
174 297 240 349 γὰρ
270 299 418 350 Προῖτος
439 298 572 335 ἀνελεῖν
600 297 702 335 αὐτὸν
723 299 784 336 οὗκ
807 297 1006 345 ἠῧουλήθη,
1028 297 1147 345 ἐπειδὴ

100 360 134 396 ἐν
166 357 261 402 τάξει
290 357 411 395 τέκνου
453 356 822 410 ἇνεθρέψατοναῦτόν.
868 358 1079 408 Αἶσθόμενος
1113 357 1149 397 δὲ

99 419 117 454 ὁ
138 415 298 464 Ἰοὸάτης
315 415 368 455 ὅτι
387 416 518 469 ψευδής
533 417 626 455 ἐστιν
647 419 669 463 ἡ
696 416 774 455 κατ’
797 418 901 455 αὐτοῦ
930 417 1125 469 κατηγορία
1138 447 1148 464 ,

99 475 262 528 ἐφείσατο
283 479 342 513 τοῦ
373 475 666 528 Βελλεροφόντου.
692 473 795 514 Μετὰ
825 474 860 513 δὲ
886 474 949 521 τὴν
968 475 1148 527 βασιλείαν

99 538 158 573 τοῦ
180 533 333 587 Προίτου
351 533 522 587 Ἀκρίσιος
543 533 783 572 ἐὸασίλευσεν.

591 630 655 654 22.

151 689 244 724 Exc.
264 689 320 723 De
338 687 447 723 insid.
467 701 507 736 p.
529 687 603 735 390
623 700 631 722 :
650 684 775 735 Αἰγεὺς
782 715 794 734 ,
813 685 1036 736 ἀγγελθέντος
1054 687 1149 740 αὐτῷ

99 745 267 797 ψεύδους,
288 742 341 782 δ’τι
369 746 387 782 6
413 744 483 787 υἱὸς
513 745 618 782 αὐτοῦ
649 742 788 790 Θησεὺς
817 744 884 782 ὑπὸ
914 744 1148 796 Μινωταύρου

94 803 207 842 ὤλετο
222 834 232 854 ,
257 803 394 856 ἔρριψεν
416 802 538 841 ἑαυτὸν
557 804 603 846 εἷς
625 801 687 849 τὴν
709 802 889 840 θάλασσαν
933 802 993 840 καὶ
1019 803 1147 851 ἐκλήθη

98 867 116 902 ὃ
131 863 235 907 τόπος
251 865 408 915 Αἰγαῖος.

592 939 654 976 23.

151 1014 244 1051 Exc.
262 1015 320 1050 De
339 1014 425 1050 virt.
446 1025 486 1061 p.
524 1011 629 1059 782:
653 1010 739 1050 αΟτι
769 1011 932 1062 Πρίαμος
948 1015 966 1050 ὁ
993 1014 1148 1065 Φρυγῶν

100 1070 263 1125 βασιλευς
291 1069 463 1109 συνελθὼν
484 1069 623 1122 Ἓκάὸῃ
643 1074 736 1122 εἶχεν
762 1070 797 1114 ἐξ
818 1071 926 1117 αὐτῆς
949 1071 1062 1124 Πάριν
1089 1071 1148 1110 τὸν

97 1129 159 1168 καὶ
186 1128 423 1181 Ἀλέξανδρον.
454 1126 560 1171 “Huc
590 1127 710 1200 ἔγκυος
738 1131 825 1166 οὐσα
857 1128 950 1174 ἔδοξε
974 1130 1147 1180 λαμπάδα

96 1187 203 1241 πυρὸς
219 1187 362 1226 τίκτειν.
381 1186 483 1226 Kai’
468 1186 693 1239 επερωτήσας
706 1189 754 1231 εἷς
764 1186 803 1225 τὸ
819 1189 980 1238 μαντεῖον
995 1190 1013 1227 6
1034 1190 1144 1241 Πρία-

97 1263 159 1296 μος
174 1246 278 1285 ἔλαὸε
298 1246 479 1299 χρησμὸν,
499 1245 553 1284 ὅτι
569 1246 839 1298 τριακονταέτης
854 1247 1038 1298 γενόμενος
1054 1250 1147 1287 ἀπο-

95 1308 180 1358 λέσῃ
198 1304 259 1353 τὴν
280 1305 426 1358 Τροίαν.
451 1305 523 1345 Καὶ
535 1309 655 1344 τοῦτον
674 1305 881 1359 ἀπέπεμψεν
898 1307 944 1350 εἷς
957 1306 996 1345 τὸ
1012 1307 1146 1361 Πάριον

95 1365 294 1416 λεγόμενον.
308 1364 549 1416 Παρελθόντος
566 1364 601 1402 δὲ
618 1368 679 1403 τοῦ
694 1369 899 1417 τριακοστοῧ
916 1367 1073 1405 ἐνιαυτοῦ
1089 1383 1147 1417 με·

95 1423 367 1473 ταστειλάμενος
378 1427 500 1462 τοῦτον
519 1426 536 1462 6
556 1423 676 1475 πατὴρ
695 1426 729 1462 ἐν
747 1427 790 1477 τῇ
804 1424 915 1477 Τροία
933 1425 1053 1478 ἑορτὴν
1072 1427 1146 1465 ἐπε-

96 1484 230 1524 τέλεσε.
253 1484 324 1523 Καὶ
346 1482 504 1527 δεδωκὼς
530 1485 624 1535 αὐτῷ
644 1484 761 1536 δῶρα,
785 1484 846 1522 καὶ
875 1484 959 1536 πρὸς
986 1485 1064 1530 τοὺς
1085 1502 1146 1524 το-

97 1543 240 1595 πάρχας
273 1542 484 1586 ἀποστείλας
519 1541 722 1580 ἀπέστειλεν
755 1543 858 1582 αὐτὸν
889 1544 1051 1582 θυσιάσαι
1077 1545 1147 1589 τοῖς

96 1601 188 1640 κατὰ
203 1602 266 1648 τὴν
283 1601 443 1641 εΕλλάδα
455 1602 567 1653 ἱεροῖς.
583 1601 654 1640 Καὶ
666 1602 944 1654 παραγενόμενος
959 1604 1005 1646 εἷς
1022 1604 1144 1655 Σπάρ-

95 1677 159 1708 την
173 1662 235 1707 τὴν
253 1661 319 1698 ὑπὸ
335 1659 516 1699 Μενελάου
531 1659 607 1698 τότε
628 1660 904 1711 βασιλευομένην
918 1656 994 1713 εῧρε
1007 1662 1065 1700 τὸν
1081 1662 1144 1714 μὲν

97 1720 278 1760 Μενέλαον
295 1720 393 1757 πλεῖν
416 1719 587 1769 μέλλοντα
615 1719 672 1757 ἐπὶ
689 1719 751 1766 τὴν
779 1720 945 1773 Κρήτην,
968 1721 1146 1772 τάγματος

95 1780 196 1818 ἕνεκα
215 1778 275 1818 καὶ
296 1778 415 1822 θυσίας
434 1778 467 1823 ἐξ
486 1778 580 1822 ἔθους
597 1778 864 1831 προσαγομένης
881 1781 966 1832 παρ’
981 1781 1085 1819 αὐτοῦ
1102 1785 1144 1833 τῇ

99 1838 254 1891 Εὐρώπῃ
270 1868 280 1886 ,
304 1838 338 1882 ἐξ
358 1833 398 1885 ἧς
417 1837 532 1889 ἔλεγεν
554 1837 645 1889 ἔχειν
668 1837 707 1877 τὸ
727 1838 835 1889 γένος.
862 1838 907 1878 ‘O
925 1839 1036 1878 τοίνυν
1062 1842 1145 1879 Με-

94 1898 216 1941 νέλαος
244 1899 290 1940 ὡς
319 1897 457 1942 ἐδέξατο
477 1896 535 1935 τὸν
557 1896 779 1950 Ἀλέξανδρον
800 1898 860 1936 καὶ
879 1897 924 1937 τὰ
948 1899 1144 1951 γράμματα

94 1961 154 1995 τοῖ’)
172 1956 338 2010 Πριάμου
361 1956 421 1994 καὶ
445 1955 489 1994 τὰ
507 1957 625 2008 δῶρα,
650 1957 685 1994 ἐν
709 1959 795 2009 τιμῇ
820 1972 857 1995 τε
877 1957 1069 2004 ἐποιήσατο
1087 1958 1145 1996 τὸν

95 2016 205 2068 ἄνδρα
231 2015 292 2054 καὶ
312 2015 525 2062 κατέστησεν
548 2014 652 2052 αὐτὸν
673 2016 706 2052 ἐν
728 2018 777 2067 τῷ
799 2017 985 2069 παλλατίῳ
1007 2018 1145 2055 διαιτᾶ·

94 2077 194 2112 σθαι·
211 2074 271 2113 καὶ
288 2074 417 2126 ᾔτησεν
439 2074 542 2112 αὐτὸν
568 2076 752 2124 ἀναμεῖναι
772 2075 833 2119 τὰς
853 2075 972 2127 ὀλίγας
992 2075 1145 2128 ἡμέρας,

94 2134 195 2186 ἄχρις
212 2133 251 2171 ἂν
274 2134 377 2177 αὐτὸς
397 2132 461 2180 τὴν
479 2132 598 2185 ,εὐχὴν
619 2132 803 2177 ἐκτελέσας
823 2134 892 2173 ἀπὸ
921 2138 981 2182 τῆς
1003 2135 1146 2187 Κρήτης

93 2192 279 2246 ἐπανέλθῃ.
300 2193 406 2232 Οὕτω
422 2192 534 2230 τοίνυν
555 2191 780 2245 Ἀλεξάνδρου
799 2193 1033 2245 διατρίὸοντος
1051 2196 1084 2232 ἐν
1102 2198 1144 2247 τῇ

95 2251 268 2303 Σπάρτῃ,
296 2251 424 2299 συνέὸη
442 2250 505 2298 τὴν
535 2250 681 2298 Ἑλένην
708 2251 771 2298 τὴν
793 2252 974 2291 Μενελάου
995 2254 1144 2304 γυναῖκα

95 2305 200 2349 οὖσαν
226 2312 260 2348 ἐν
282 2309 487 2363 παραδείσῳ
504 2313 670 2356 θεαθῆναι
697 2310 754 2348 ὑπ’
775 2312 896 2351 αὐτοῦ.
927 2313 1092 2358 Συνῆσαν
1109 2311 1144 2349 δὲ

96 2372 184 2421 αὐτῇ
211 2368 324 2421 Αἴθρα
345 2384 381 2407 τε
403 2368 462 2407 καὶ
485 2368 650 2418 Κλυμένη
665 2398 675 2416 ,
707 2371 745 2407 ἐκ
763 2373 822 2407 τοῦ
852 2369 968 2420 γένους
987 2369 1143 2419 καταγό-

96 2444 199 2479 μεναι
221 2428 379 2471 Πέλοπος
405 2427 465 2465 καὶ
492 2427 683 2479 Εὐρώπης.
713 2427 779 2471 (Ως
807 2423 865 2466 οὖν
887 2422 972 2466 εἶδεν
994 2431 1011 2466 6
1034 2428 1147 2481 Πάρις

95 2487 135 2525 τὸ
151 2486 278 2530 κάλλος
292 2489 354 2532 τ’ἧς
373 2486 573 2534 Ἑλένης,
555 2503 657 2539 ερωτι
674 2486 810 2539 βληθεις
826 2488 874 2530 εἷς
888 2486 996 2534 αὐτὴν
1012 2486 1068 2524 δια
1085 2490 1146 2534 τῆς

95 2545 229 2598 Αἴθρας
245 2561 281 2583 τε
297 2561 358 2583 και
376 2546 561 2595 Κλυμένης
576 2545 774 2584 ὑπονοθεύει
786 2545 937 2593 ταύτην,
951 2561 1012 2584 και
1029 2545 1147 2599 φεύγει

97 2604 154 2642 διὰ
170 2607 239 2642 τῶν
260 2604 427 2642 πλοίων
409 2620 455 2642 ων
474 2609 581 2656 εἶχεν.
602 2605 733 2644 Λαὸὼν
749 2599 806 2643 ουν
826 2604 934 2651 αὐτὴν
955 2605 1043 2655 μετὰ
1060 2620 1148 2657 χρη-

97 2663 218 2713 μάτων
250 2664 376 2715 λιτρῶν
411 2663 618 2717 τριακοσίων
651 2664 710 2702 καὶ
741 2663 890 2717 ἀργύρου
921 2664 1052 2701 πολλοῦ
1086 2680 1146 2701 και

95 2723 230 2772 κόσμου
245 2723 461 2760 ἀπέπλευσεν
475 2725 522 2766 εἷς
539 2724 680 2762 Σιδῶνα
691 2722 841 2769 ,ἐκεῖθέν
854 2738 891 2761 τε
906 2724 952 2766 εἰς
967 2722 1147 2773 Αἴγυπτον

95 2781 181 2833 πρὸς
215 2781 273 2819 τὸν
305 2782 453 2832 βασιλέα
479 2781 647 2834 Πρωτέα.
686 2781 756 2821 Καὶ
785 2781 919 2831 ἔμεινεν
945 2781 1027 2834 ἄχρι
1059 2781 1148 2824 τινὸς

97 2840 182 2893 παρ’
204 2840 299 2892 αὐτῷ
319 2841 587 2893 καταφρονήσας
615 2836 662 2879 ὧν
693 2840 879 2888 ἐκελεύσθη
909 2843 1050 2879 θυσιῶν.
1083 2839 1146 2884 ‘sse

901 207 1117 248 JOANNIS
1146 200 1462 248 'ANTiocflssNl

1211 291 1268 337 οῧν
1298 297 1489 351 ἐγνωρίσθη
1509 300 1610 336 τοῦτο
1638 300 1708 342 τοῖς
1727 297 1790 345 τὴν
1812 294 1996 350 βασιλικὴν
2022 297 2256 350 φυὴάττουσιν

1211 355 1321 404 αὐλὴν
1338 360 1397 395 τοῦ
1418 356 1622 407 Μενελάου,
1651 360 1874 409 παραχρῆμα
1895 356 2106 396 ἀπέστειλάν
2126 373 2202 396 τινα
2220 359 2256 396 ἐν

1211 415 1366 468 Γορτύνῃ
1386 419 1429 469 τῇ
1444 416 1544 454 πόλει
1561 419 1622 462 τῆς
1641 415 1784 468 Κρήτης
1800 417 2067 468 ἀπαγγελοῦντα
2083 417 2256 490 Μενελάῳ

1210 474 1249 513 τὸ
1278 474 1431 527 γεγονός.
1461 474 1506 514 ‘O
1536 474 1571 513 δὲ
1592 474 1745 519 ἀκούσας
1777 477 1966 523 ἐπανῆλθεν
1997 475 2119 520 εὗθέως
2149 477 2184 514 ἐν
2212 478 2256 529 τῇ

1212 533 1383 585 Σπάρτῃ,
1398 533 1547 583 πέμπων
1562 534 1609 577 εἷς
1624 532 1835 581 ἀναζήτησιν
1850 535 1964 572 αὐτῶν
1979 535 2013 572 ἐν
2027 534 2132 573 παντὶ
2147 533 2258 587 τόπῳ.

1214 592 1286 631 Καὶ
1306 591 1362 631 ὅτε
1383 592 1490 642 ἔμαθε
1506 591 1644 636 τούτους
1665 586 1788 630 εἶναι’
1773 609 1807 631 εν
1827 595 1869 644 τῇ
1890 592 2021 646 Τροία,
2037 592 2172 646 ἔπεμψε
2190 609 2256 632 κα-

1211 650 1409 694 τασκόπους
1425 649 1625 702 ὀφείλοντας
1642 651 1738 704 αὖτῳ
1755 651 1819 698 τὴν
1836 650 2000 698 ἀλήθειαν
2022 652 2258 704 ἀπαγγειλαι·

1210 709 1271 747 καὶ
1290 708 1498 747 ἀποστέλλει
1525 708 1689 761 πρέσὸεις
1707 712 1726 748 6
1754 711 1933 754 Μενέλαος
1953 709 2043 760 μετὰ
2061 709 2256 763 χρημάτων

1211 768 1426 815 ἀποδοθῆναι
1447 768 1562 810 αὐτοῖς
1581 766 1644 815 τὴν
1665 766 1828 814 ἹΞλένην.
1851 767 2055 819 Ἀπράκτων
2076 768 2111 807 δὲ
2126 767 2258 809 τούτων

1211 825 1488 874 ἐπανελθόντων,
1517 827 1622 864 πάλιν
1647 825 1865 868 ἀπέστειλεν.
1891 826 1958 872 Ὡς
1975 827 2010 866 δὲ
2039 827 2137 867 οὐδὲν
2153 828 2258 882 ἔδρα,

1210 885 1472 937 ταραττομένου
1491 889 1552 924 τοῦ
1579 885 1692 935 δήμου
1715 885 1800 938 πρὸς
1823 885 1862 925 τὸ
1884 887 2096 934 ἀποδοθῆναι
2126 887 2256 935 αὐτὴν,

1211 945 1243 981 οἱ
1270 947 1329 982 τοῦ
1361 944 1528 996 Πριάμου
1558 945 1679 988 παῖδες
1705 945 1922 985 ἀνθίσταντο.
1943 945 1986 985 ‘O
2014 945 2050 984 δὲ
2080 945 2259 992 Μενέλαος

1211 1003 1444 1056 ὑποστραφεις
1462 1003 1523 1041 σὺν
1545 1002 1778 1055 Ἀγαμέμνονι
1797 1007 1847 1058 τῷ
1871 1007 2018 1062 βασιλεῖ
2024 1005 2160 1058 περιῄει
2177 1004 2258 1049 τους

1211 1061 1393 1114 τοπάρχας
1419 1065 1482 1108 τῆς
1511 1063 1651 1116 χώρας,
1679 1044 1897 1116 παρακαλῶν
1932 1063 1981 1115 μὴ
2004 1066 2163 1118 παριδεῖν
2193 1063 2259 1112 τὴν

1210 1119 1309 1172 ὕὸριν
1328 1124 1389 1167 τ’ῆς
1405 1120 1576 1166 Ελλάδος
1589 1153 1599 1172 ,
1624 1122 1714 1160 ἀλλὰ
1732 1129 1933 1176 συμμαχεῖν
1952 1124 2047 1162 αὐτῶ
2068 1124 2128 1162 καὶ
2148 1139 2257 1162 συνα-

1209 1180 1424 1230 γωνίσασθαι
1444 1180 1536 1219 κατὰ
1554 1183 1622 1219 τῶν
1642 1186 1755 1220 ταῦτα
1775 1182 2028 1234 τολμησάντων
2051 1181 2255 1236 βαρὸάρων.

1209 1239 1285 1276 Καὶ
1311 1239 1505 1291 συνήγαγον
1528 1242 1683 1292 βασιλεῖς
1702 1240 1762 1279 καὶ
1778 1241 1982 1294 τοπάρχας,
2013 1241 2127 1287 καθώς
2155 1257 2261 1295 φησιν

1208 1296 1372 1351 εΌμηρος
1389 1299 1448 1337 καὶ
1465 1299 1604 1343 Δίκτυς.

1702 1407 1766 1446 24.

1263 1485 1353 1522 Exc.
1375 1488 1488 1526 Salm.
1507 1501 1545 1537 p.
1576 1487 1650 1536 390
1676 1500 1684 1526 ε
1709 1485 1754 1525 Ὁ
1786 1485 1898 1539 Πάρις
1929 1485 2103 1538 ἐγκώμιον
2126 1484 2260 1530 ἐξέθετο

1208 1546 1269 1591 τῆς
1290 1543 1512 1598 Ἀφροδίτης,
1539 1545 1645 1597 ἤγουν
1670 1548 1731 1591 τῆς
1756 1544 1958 1594 ἐπιθυμίας,
1987 1544 2046 1582 καὶ
2067 1543 2259 1596 συγκρίνας

1209 1601 1316 1649 αὐτὴν
1335 1602 1424 1651 μετὰ
1439 1599 1555 1656 ’Ἥρας
1571 1603 1632 1641 καὶ
1650 1603 1793 1651 Ἀθηνᾶς
1806 1632 1816 1650 ,
1839 1602 1988 1640 δέδωκεν
2010 1603 2098 1655 αὐτῇ
2120 1602 2159 1640 τὸ
2186 1604 2259 1652 μῆ·-

1207 1662 1285 1708 λον,
1307 1661 1384 1709 ἤτοι
1410 1662 1472 1709 τὴν
1494 1662 1592 1710 νίκην
1609 1693 1619 1713 ,
1648 1657 1723 1701 εἶπε
1752 1662 1788 1702 δὲ
1822 1663 1901 1715 [εἷς]
1932 1661 2040 1709 αὐτὴν
2061 1662 2122 1701 καὶ
2152 1661 2259 1714 ὕμνον

1207 1720 1265 1758 τὸν
1282 1721 1467 1772 λεγόμενον
1488 1722 1625 1761 κεστόν.

1261 1793 1291 1820 2.
1311 1779 1355 1820 Ὁ
1372 1780 1594 1830 Παλαμήδης
1612 1780 1669 1818 διὰ
1688 1784 1750 1827 τῆς
1766 1779 1900 1824 τάὸλας
1917 1779 1975 1819 τὸν
1991 1780 2110 1832 γήϊνον
2126 1779 2260 1832 κόσμον

1207 1838 1368 1891 ᾐνίξατο,
1387 1839 1446 1877 τὸν
1467 1839 1634 1884 ζωδιακὸν
1654 1839 1782 1878 κύκλον
1801 1839 1858 1878 διὰ
1883 1842 1952 1877 τῶν
1969 1839 2103 1878 δώδεκα
2121 1838 2257 1886 κάσων,

1209 1897 1265 1936 διὰ
1291 1901 1351 1936 τοῦ
1373 1897 1576 1951 ψηφοὸόλου
1595 1898 1657 1936 καὶ
1676 1901 1744 1936 τῶν
1770 1899 1804 1936 ἐν
1823 1900 1918 1936 αὐτῶ
1938 1898 2028 1937 ἑπτὰ
2047 1897 2194 1937 κοκκίων
2213 1897 2258 1936 τὰ

1209 1956 1341 1995 ἑπτὰ”
1319 1973 1432 2008 αστρα
1448 1960 1517 1995 τῶν
1535 1957 1743 2003 πλανήτων·
1761 1957 1819 1996 δια
1834 1957 1871 1995 δὲ
1885 1973 1942 1996 του
1961 1957 2094 2011 πύργου
2109 1973 2150 1995 το
2172 1956 2257 2010 υψος

1206 2031 1268 2054 του
1289 2017 1458 2068 οὐρανου,
1477 2015 1511 2060 ἐξ
1539 2010 1733 2055 οἷ’δίδοται
1753 2022 1841 2054 πᾶσι
1859 2015 1952 2054 καλά
1980 2032 2018 2054 τε
2038 2014 2098 2054 καὶ
2122 2017 2253 2068 φαῦλα.

1262 2088 1292 2115 3.
1327 2074 1452 2119 Δίκτυς
1487 2078 1505 2113 6
1539 2091 1628 2126 μετα
1668 2075 1871 2125 Ἰδομενέως
1907 2075 2168 2129 συστρατεύσας
2199 2074 2258 2113 ἐπὶ

1208 2133 1339 2186 Τροίαν
1357 2134 1460 2186 φησὶν
1482 2133 1535 2172 ὅτι
1553 2134 1713 2188 Πρίαμος
1739 2133 1873 2187 ἔπεμψε
1896 2134 1956 2172 καὶ
1972 2134 2058 2187 πρὸς
2075 2133 2133 2172 τὸν
2148 2133 2261 2172 Δαυὶδ
2293 2138 2298 2143 ’

1211 2192 1422 2245 πρεσὸείαν,
1455 2193 1515 2231 καὶ
1547 2194 1633 2246 πρὸς
1652 2193 1840 2241 Ταυτάνην
1873 2193 2019 2245 βασιλέα
2049 2193 2258 2244 Ἀσσυρίων·

1207 2252 1266 2291 καὶ
1282 2255 1299 2290 ὃ
1317 2253 1380 2303 μὲν
1394 2252 1507 2291 Δαυὶδ
1529 2253 1567 2291 οὗ
1586 2253 1791 2306 προσήκατο
1808 2252 1939 2300 ταύτην
1953 2283 1964 2303 ,
1983 2255 2001 2291 6
2017 2251 2053 2290 δὲ
2073 2251 2260 2298 Ταυτάνης

1208 2311 1345 2365 ἔπεμψε
1365 2311 1423 2350 τὸν
1452 2312 1607 2351 Τιθωνὸν
1635 2312 1695 2350 καὶ
1714 2312 1772 2350 τὸν
1802 2311 1974 2362 Μέμνονα
1996 2310 2085 2361 μετὰ
2105 2311 2257 2358 πλήθους

1207 2371 1340 2412 Ἰνδῶν.
1367 2372 1410 2423 (4)
1445 2370 1545 2417 Φησὶ
1576 2369 1611 2408 δὲ
1641 2370 1701 2409 καὶ
1727 2370 1779 2409 ὅτι
1809 2370 1958 2423 ὃἘκτορι
1988 2373 2035 2415 εἷς
2065 2371 2257 2417 ὑπάντησιν

1207 2429 1451 2473 Πενθεσιλείας
1470 2432 1533 2476 τῆς
1565 2427 1750 2479 Ἀμαζόνος
1769 2428 1983 2482 ἐξερχομένῳ
1999 2428 2119 2472 νυκτὸς
2139 2427 2258 2467 ἐπιθέ-

1208 2504 1306 2539 μενος
1319 2488 1498 2541 Ἀχιλλεὺς
1516 2488 1618 2527 αὐτόν
1634 2504 1670 2526 τε
1685 2487 1744 2526 καὶ
1763 2487 1839 2532 τοὺς
1851 2488 1912 2526 σὺν
1929 2490 2023 2540 αὐτῷ
2046 2486 2257 2526 ἀπέκτεινεν.

1211 2549 1255 2598 (5)
1277 2547 1322 2587 ‘O
1349 2547 1452 2591 αὐτὸς
1474 2548 1566 2598 λέγει
1595 2546 1646 2585 ὅτι
1667 2547 1727 2585 καὶ
1753 2546 1810 2585 τὸν
1839 2545 1937 2600 παρὰ
1964 2545 2258 2598 Πολυμνήστορος

1207 2605 1469 2659 φυλαττόμενον
1492 2605 1703 2659 Πολύδωρον
1719 2607 1886 2659 Πριάμου
1903 2608 2012 2644 παῖδα
2028 2604 2152 2643 ἔλαὸεν
2166 2603 2259 2648 Αἴας

1210 2667 1227 2702 ὃ
1262 2663 1371 2716 μέγας
1403 2666 1568 2715 πολεμῶν
1608 2665 1899 2717 Πολυμνήστορι·
1935 2663 2168 2716 ἀναγαγόντος
2197 2659 2257 2702 οὖν

1208 2722 1310 2761 αὐτὸν
1321 2754 1331 2772 ,
1350 2725 1380 2761 οἳ
1399 2722 1575 2770 ἽΞλληνες
1591 2723 1659 2775 πρὸ
1675 2727 1735 2762 τοῦ
1750 2723 1885 2775 τείχους
1902 2727 1963 2771 τ’ῆς
1979 2723 2113 2766 πόλεως
2132 2724 2255 2769 διεκη--

1209 2781 1352 2834 ρύκευον
1373 2782 1493 2820 λαὸεῐν
1516 2781 1575 2829 τὴν
1597 2781 1749 2829 (Ελένην
1772 2782 1832 2820 καὶ
1854 2784 1972 2821 δοῦναι
1989 2781 2045 2820 τὸν
2063 2782 2192 2819 παῖδα·
2212 2783 2259 2824 ὡς

1208 2841 1237 2877 δ’
1257 2842 1320 2879 οὐκ
1339 2841 1532 2888 ἐπείθοντο,
1552 2841 1692 2879 πάντων
1713 2840 1873 2894 ὁρώντων
1892 2840 2133 2886 κατ-ἐτοξεύθη.

139 2953 192 2983 Fr.
221 2955 271 2982 22.
290 2953 330 2982 V.
353 2951 482 2983 Malalas
502 2961 534 2992 p.
555 2955 611 2990 87,
629 2953 721 2992 eujus
747 2953 890 2984 narratio
913 2961 1015 2992 quum
1032 2952 1177 2992 proxime
1193 2951 1323 2985 accedat
1342 2952 1383 2984 ad
1400 2961 1437 2985 ea
1453 2961 1527 2993 quae
1549 2952 1661 2986 suidas
1684 2961 1717 2984 v.
1747 2953 1886 2993 Αἰγεὺς
1909 2951 2023 2991 habet,
2042 2950 2122 2982 nihil
2145 2949 2259 2982 dubito

97 2999 173 3038 quin
190 3006 231 3029 ex
244 2997 376 3029 ,Ioannis
395 2999 494 3030 nostri
515 2999 678 3039 Excerptis
699 2999 852 3030 Suidiana
869 2999 1033 3030 fluxerint.

139 3047 191 3077 Fr.
208 3050 258 3077 23.
273 3045 392 3076 Eadem
411 3045 510 3077 fusius
525 3048 689 3086 exponunt
706 3047 836 3078 Malaias
855 3056 886 3087 p.
906 3051 946 3079 92
962 3055 1033 3087 sqq.
1058 3047 1091 3078 et
1108 3047 1271 3080 cedrenus
1287 3056 1316 3088 p.
1338 3051 1399 3079 216
1418 3056 1488 3087 sqq.
1513 3047 1589 3079 Post
1616 3046 1714 3078 verba
1731 3047 1772 3083 εἷς
1795 3047 1831 3078 τὸ
1853 3045 1971 3088 Πάριον
1991 3053 2031 3077 ex
2048 3043 2128 3076 serie
2146 3051 2257 3075 narra-

97 3092 194 3125 tionis
210 3093 357 3133 ponenda
373 3095 449 3124 sunt
465 3102 501 3125 ea
522 3103 596 3133 qua}
612 3094 652 3125 de
673 3094 784 3126 Paride
797 3095 906 3134 judice
927 3097 1067 3127 ,Ioannes
1084 3094 1247 3135 ἀλληγορεῖ
1259 3095 1290 3126 in
1307 3095 1346 3126 fr.
1368 3097 1407 3126 24
1419 3118 1428 3133 ,
1444 3093 1463 3134 §
1478 3098 1490 3125 1
1504 3119 1513 3132 ‚
1529 3094 1646 3126 collato
1662 3093 1775 3126 Malala
1792 3102 1824 3133 p.
1850 3097 1891 3127 92
1902 3117 1910 3132 ,
1933 3096 2065 3124 10-20,

138 3142 190 3172 Fr.
215 3142 265 3172 24.
284 3139 302 3180 §
320 3143 344 3171 1.
368 3140 415 3171 Cf.
435 3141 566 3171 Taetzes
587 3140 620 3171 in
638 3141 774 3180 Allegor.
794 3141 976 3172 fabularum
994 3143 1123 3173 Homer.
1138 3142 1337 3182 expositione
1360 3143 1474 3182 (quem
1495 3141 1605 3172 locum
1621 3149 1638 3172 e
1655 3140 1727 3172 cod.
1745 3139 1865 3179 Bodiej.
1892 3139 2003 3171 laudat
2027 3136 2258 3178 Humphredus

99 3187 242 3219 Hodius·
234 3195 267 3218 m
283 3187 422 3228 Prolegg:
435 3186 476 3218 ad
491 3189 607 3219 Joann.
623 3188 696 3219 Mai
713 3197 743 3228 p.
762 3189 906 3228 XXVU:
925 3190 984 3220 Καὶ
999 3190 1129 3231 ῥήτωρ
1113 3199 1144 3220 οε
1160 3189 1322 3230 γενόμενος
1337 3187 1401 3226 (sc.
1418 3187 1534 3244 Πάρις)
1549 3186 1655 3228 γράφει
1668 3187 1768 3218 πολλὰ
1786 3187 1840 3227 μὲν
1854 3186 1954 3225 ἄλλοι,
1970 3185 2044 3221 Εἰς
2039 3185 2070 3216 ἐν
2083 3185 2117 3216 δὲ
2133 3183 2256 3215 τούτων

96 3246 286 3277 συγγραμμα
303 3236 357 3271 τὰς
374 3239 451 3275 τρεῖς
473 3235 541 3270 θεὰς
564 3236 708 3276 σ)γκρίνε
712 3248 744 3275 ι,
766 3238 828 3274 Τὴν
847 3237 971 3274 Ἀθηνᾶν
993 3249 1048 3276 την
1070 3238 1236 3279 φρόνησιν,
1252 3236 1308 3273 τήν
1323 3235 1423 3276 ’Ἠραν
1445 3235 1500 3272 τήν
1517 3234 1677 3275 ἀνδρείαν,
1702 3235 1764 3265 Καὶ
1786 3234 1841 3271 τήν
1855 3232 2018 3274 ἐπιθυμίαν
2037 3232 2070 3263 δὲ
2098 3232 2175 3271 φημὶ
2202 3231 2258 3267 τὴν

97 3282 291 3324 Ἀφροδίτην·
308 3281 351 3323 ’ῌ
365 3283 418 3313 καὶ
436 3281 471 3313 τὸ
490 3283 586 3322 μῆλον
604 3283 718 3314 δέδωκε
729 3287 804 3323 ,τῆς
821 3283 906 3320 νίκης
920 3295 958 3314 τα
972 3288 1126 3325 πρωτεῖα,
1151 3284 1206 3320 Ὡς
1227 3282 1371 3320 Ἰωάννης
1388 3282 1528 3323 χρονικὸς
1546 3281 1712 3321 Ἀντιοχεύς
1731 3291 1792 3312 που
1808 3280 1935 3320 γράφει,
1953 3279 2035 3311 Αὐτὸ
2054 3278 2146 3319 μόνον
2161 3278 2254 3315 ἀλλη-

97 3334 216 3371 γορῶν,
232 3329 260 3361 τ’
276 3329 353 3361 ἄλλα
368 3329 624 3370 παραλιμπάνων.
640 3329 760 3370 —§2.
779 3332 817 3361 V
833 3331 936 3362 Mala!
955 3340 985 3370 p.
1007 3336 1081 3370 103,
1094 3331 1230 3363 Cedren.
1248 3339 1288 3374 p.
1298 3334 1369 3361 220.
1385 3327 1601 3368 -τάὸλας]
1619 3328 1733 3364 ταύλας
1744 3327 1858 3359 codex.
1881 3347 1921 3355 —
1944 3325 1963 3366 ξ
1984 3330 2012 3357 3.
2031 3324 2235 3361 Ταυτάνης
2262 3357 2265 3360 ⁴

99 3376 172 3407 deb.
197 3377 368 3417 Τεύταμον.
393 3377 434 3407 V.
457 3375 650 3415 Diod01.ll‚
670 3381 718 3407 22.
737 3376 910 3416 Epistolam
928 3377 1045 3408 Priami
1070 3378 1111 3408 ad
1128 3379 1276 3409 Teutam.
1298 3375 1397 3408 habes
1413 3383 1464 3416 ap.
1490 3374 1718 3415 cephalionem
1737 3373 1769 3405 in
1792 3372 1908 3405 Euseb.
1927 3372 2046 3405 Chron.
2070 3379 2102 3412 p.
2124 3372 2159 3403 41
2180 3369 2255 3403 Μ31.

99 3422 213 3465 ·——§4.
231 3426 268 3456 V.
284 3423 457 3464 malalasp.
478 3427 553 3464 123,
570 3428 598 3456 5.
614 3422 728 3463 -§5.
744 3425 783 3455 V.
801 3423 873 3455 Mal.
892 3432 921 3463 p.
941 3428 997 3455 102
1012 3433 1059 3464 sq
1076 3425 1212 3457 cedi-en.
1229 3433 1260 3465 p.
1275 3428 1347 3456 223.
