2326 3724
992 194 1327 234 FRAGMENTA.

89 285 250 333 τοιαύτην
268 283 423 335 ἀνάγκην
437 280 587 334 εὔχομαι
605 281 846 328 καταστῆναι,
866 275 924 315 ἵνα
941 275 1133 326 Ῥωμαίοις

90 344 294 396 πολεμησω.
316 361 331 378 υ
352 344 381 382 Γ
383 341 522 388 αλιηνος
541 339 578 378 δὲ
597 338 730 389 πέμπει
742 336 826 390 πρὸς
846 334 974 374 αὐτόν·
998 353 1014 370 α
1031 336 1133 374 Οὔκ-

89 419 147 442 ουν
165 402 355 456 ἀμφότεροι
376 397 696 450 μονομαχήσωμεν,
720 394 777 433 ἵνα
799 394 847 444 μὴ
863 393 1070 467 ῑΡωμαῖοΝ
1052 391 1135 430 από-

89 464 233 501 λωνται.
260 479 276 495 »
298 460 345 500 ‘O
365 458 401 497 δὲ
418 456 670 504 ἀντεδήλωσεν·
687 472 703 490 α
724 452 820 505 ’.Εγὼ
841 452 919 491 οὔτε
935 451 1134 504 μονομάχος

89 521 183 570 εἰμὶ,
206 519 283 559 οὔτε
303 516 430 571 γέγονά
452 531 554 554 ποτε·
578 513 655 552 ἀλλ’
678 511 920 563 ἀπολλυμένας
939 510 999 554 τὰς
1021 513 1135 560 ἐπαρ-

89 579 168 631 χίας
183 577 312 622 ταύτας
327 576 394 615 ὑπὸ
407 579 468 614 σοῦ
479 590 522 613 τα
525 572 620 627 &Oete
634 571 830 621 διασώζειν,
846 570 981 608 ἔσωσα·
992 568 1053 607 καὶ
1069 568 1136 606 ὑπὸ

89 639 158 683 τῶν
187 636 334 676 Γάλλων
355 634 482 687 ᾑρέθην
508 630 689 685 βασιλεύς·
718 629 778 668 καὶ
805 631 982 681 ἀρκοῦμαι
1013 627 1134 679 ἄρχειν

90 710 158 733 των
174 693 337 737 ἑκουσίως
351 709 394 743 με
410 691 601 741 ἑλομένων·
619 688 680 728 καὶ
700 687 733 726 εἴ
743 703 775 726 τι
796 687 948 738 δύναμαι
964 691 1007 740 τῇ
1027 687 1135 738 βούλῃ

89 755 132 804 τῇ
153 754 303 802 ἐμαυτοῦ
323 750 382 790 καὶ
396 753 439 803 τῇ
460 748 631 799 δυνάμει,
654 745 786 790 τούτοις
810 727 937 797 βοηθῶ.
958 762 989 781 ν.

144 815 201 850 De
231 812 410 849 Postumo
442 810 522 861 (Μ.
547 809 743 854 Cassiam'o
765 809 915 842 Latinio
940 807 1129 848 Postumo,

90 873 205 908 inser.
231 883 295 920 ap.
324 870 440 907 Orell.
478 866 574 904 1015
610 874 647 903 et
674 867 712 902 in
742 866 865 901 numis
886 877 949 914 ap.
977 864 1133 901 Eckhel.

90 933 139 968 D.
154 931 208 967 «N.
230 931 321 975 VII,
341 942 382 978 p.
405 926 480 971 458
497 940 554 974 sq.
572 925 583 975 )
605 926 768 978 rebelle,
787 925 853 972 qui
873 925 912 959 in
930 924 1051 960 Gallia
1070 934 1138 971 per

92 996 235 1038 septem
252 1001 370 1024 annos
392 982 646 1036 (260—267)
665 984 826 1032 imperio
840 984 984 1031 potitus
1004 989 1078 1026 est,
1096 994 1128 1016 v.

91 1048 299 1084 Trebellius
322 1048 361 1082 in
380 1046 482 1095 Trig.
515 1052 587 1093 tyr.
611 1056 644 1081 c,
668 1056 690 1079 2
719 1050 756 1078 et
781 1043 820 1077 in
848 1042 1007 1078 Gallien.
1030 1053 1067 1078 e.
1093 1043 1137 1084 43

92 1108 258 1143 Zonaras
276 1105 375 1150 XII,
395 1109 441 1148 24
457 1131 467 1150 ,
483 1117 523 1153 p.
544 1102 618 1151 597
637 1115 694 1150 sq.
708 1115 718 1146 3
734 1102 904 1137 Zosimus
917 1102 935 1136 Ι
949 1127 960 1145 ,
981 1099 1051 1145 383
1069 1099 1140 1135 Til-

92 1155 256 1200 lemont.¹
274 1165 353 1209 111,
373 1176 415 1212 p.
447 1161 522 1198 325
549 1174 660 1210 sqq.;
681 1162 862 1196 Dsmtzer.
890 1160 1081 1195 Postumus
1100 1171 1136 1193 ιι.

94 1225 276 1258 Victorius
307 1235 344 1260 u.
381 1223 541 1258 Tetricus
572 1224 611 1256 in
644 1220 792 1255 Gallica
830 1219 871 1254 in
900 1217 1139 1253 Rheinloe'nd.

92 1280 226 1316 Jahrb.
245 1281 317 1326 IV,
337 1292 378 1329 p.
405 1277 544 1322 45-58.

389 1379 426 1413 7.
457 1365 715 1404 ΟΔΕΝΑΘΟΙ
743 1363 856 1403 ΔΥΟ.

146 1451 233 1492 Ὅτι
251 1452 309 1491 τὸν
337 1452 525 1492 Ὀδέναθον
544 1450 602 1489 τὸν
622 1449 772 1488 παλαιὸν
796 1449 980 1503 εΡουφῖνος
1003 1450 1140 1500 ἀναιρεῖ

94 1512 140 1555 ὡς
158 1509 334 1564 νεωτέροις
363 1511 606 1562 ἐπιχειροῦντα
634 1508 856 1560 πράγμασιν.
882 1508 1083 1559 Κατηγόρει
1105 1507 1141 1545 δὲ

93 1571 112 1607 ὃ
139 1569 302 1622 νεώτερος
332 1567 518 1612 Ὀδέναθος
546 1567 730 1620 Ῥουφίνου
749 1570 797 1611 ὡς
825 1566 1052 1620 φονεύσαντος
1083 1565 1141 1604 τὸν

95 1626 231 1680 πατέρα
249 1628 370 1666 αὐτοῦ.
393 1625 440 1666 ‘O
465 1624 502 1664 δὲ
524 1626 722 1678 βασιλευς’
703 1624 864 1679 ηρώτησε
881 1625 939 1664 τὸν
960 1625 1140 1677 Ῥουφινον

95 1684 152 1723 διὰ
176 1683 210 1723 τί
227 1700 327 1723 τουτο
347 1684 523 1731 ἐποίησεν.
546 1683 588 1724 Ο
609 1683 645 1722 δὲ
665 1677 759 1722 εἶπεν
782 1684 835 1722 ὅτι
855 1699 917 1722 συν
947 1683 1024 1735 δίκῃ
1041 1686 1142 1721 τοῦτο

95 1743 258 1792 ἐποίησε
283 1761 297 1777 τι
321 1744 462 1786 Καινοῒς
477 1743 580 1795 γὰρ’
565 1742 737 1796 επεχείρει
757 1742 963 1796 πράγμασι·
986 1741 1046 1781 καὶ
1074 1740 1142 1780 εἴθε

96 1800 280 1853 ἔπέτρεπές
300 1816 359 1851 μοι
378 1800 439 1839 καὶ
451 1804 570 1839 τοῦτον
588 1800 644 1838 τὸν
666 1800 853 1840 Ὀδέναθον
870 1800 928 1839 τὸν
948 1800 1020 1838 υἱὸν
1038 1802 1142 1838 αὐτοῦ

97 1859 246 1909 ἀνελεῖν,
259 1858 319 1897 καὶ
334 1861 555 1912 παραχρῆμα
573 1862 675 1897 τοῦτο
690 1858 840 1898 ἐποίουν.
857 1877 871 1893 »
883 1853 954 1898 zflv
966 1858 1002 1896 δὲ
1016 1861 1034 1897 ὃ
1045 1858 1144 1898 Ῥου-

100 1922 194 1968 φῖνος
210 1916 380 1968 ποδαλγὸς
399 1918 459 1955 καὶ
478 1917 681 1969 χειραλγὸς,
701 1919 878 1961 παντελῶς
896 1916 944 1967 μὴ
962 1921 1144 1963 κινηθῆναι

98 1974 297 2023 δυνάμενος.
321 1973 395 2013 Καὶ
415 1974 529 2025 ἔλεγεν
548 1975 642 2026 αὐτῷ
658 1977 675 2012 ὁ
695 1975 878 2026 βασιλεύς·
901 1993 916 2008 «
932 1974 1023 2027 Ποία
1041 1974 1144 2012 δυνά-

98 2047 156 2082 μει
175 2032 235 2070 καὶ
254 2032 342 2085 ποίῳ
373 2032 512 2083 σώματι
539 2036 674 2086 θαρρῶν
695 2037 806 2070 ταῦτα
826 2032 955 2083 λέγεις;
988 2052 1003 2066 ν
1029 2032 1074 2072 ‘O
1107 2033 1143 2071 δὲ

98 2090 233 2142 ἔλεγεν·
251 2109 267 2124 «ι
287 2090 380 2130 Οὐδὲ
401 2093 430 2129 εἷ
447 2091 567 2143 ἔτυχον
594 2090 689 2142 ὑγιὴς
710 2089 757 2129 ὢν
777 2093 882 2130 πλέον
906 2095 967 2138 τῆς
986 2091 1145 2137 νεότητός

97 2200 410 2241 discederet,‚p0stea
425 2204 581 2241 regnaret.
598 2201 772 2242 Respondit
794 2204 964 2234 Postumus
979 2212 986 2233 ε
1006 2215 1020 2229 «
1037 2204 1149 2242 Neque

99 2255 132 2285 le
147 2256 260 2293 sponte
269 2253 339 2285 sino
352 2254 447 2294 Alpes
456 2254 633 2294 transgredi
645 2278 654 2292 ‚
673 2263 776 2294 neque
790 2255 822 2286 iu
838 2264 908 2286 eam
927 2255 1147 2286 necessitatem

98 2306 207 2337 venire
232 2314 285 2337 me
310 2308 407 2346 opto,
431 2309 467 2338 ut
484 2315 557 2338 cum
585 2308 736 2338 Romanis
765 2316 914 2348 pugnem.
939 2320 954 2335 »
982 2308 1150 2340 Gallienus

100 2358 206 2389 denuo
229 2358 330 2390 missis
345 2359 456 2399 legatis
471 2359 578 2391 aiebat
596 2370 606 2392 z
625 2373 641 2387 «
668 2360 767 2399 Igitur
785 2360 881 2391 ambo
900 2361 1050 2401 singulari
1067 2361 1149 2392 inter

100 2418 159 2441 nos
171 2418 276 2450 pugna
288 2412 464 2450 certemus,
477 2419 517 2443 ne
532 2412 751 2443 Romanorum
770 2412 874 2443 caedes
896 2411 961 2444 flat.
979 2426 993 2440 »ι
1009 2413 1063 2444 ille
1083 2422 1149 2444 rur·

100 2470 153 2494 sus
166 2462 347 2503 respondit:
363 2476 378 2491 «ι
396 2466 464 2504 Ego
485 2473 590 2504 neque
605 2473 676 2496 sum
694 2473 797 2504 neque
814 2465 858 2496 sui
874 2474 1015 2505 unquam
1033 2465 1149 2506 gladia·

101 2515 152 2545 tor
163 2525 172 2554 ;
188 2523 299 2546 verum
319 2515 377 2547 has
397 2515 577 2555 provincias
589 2540 598 2555 ‚
618 2525 757 2556 quarum
776 2517 863 2548 salus
887 2517 964 2548 1111111
983 2519 1047 2549 ate
1062 2526 1149 2548 com·

101 2566 198 2598 missa
214 2567 334 2607 suerat,
353 2568 496 2608 servavi;
513 2577 532 2599 a
548 2568 648 2600 Gallis
660 2570 769 2600 autem
785 2569 907 2601 electus
923 2579 994 2601 sum
1011 2570 1149 2610 impera-

61 2629 66 2634 ·
101 2620 164 2650 tor.
186 2621 284 2651 Porro
302 2619 382 2651 1111111
409 2619 485 2651 satis
500 2621 559 2660 est,
577 2620 604 2651 si
631 2620 680 2652 his
697 2621 872 2661 imperem,
888 2622 943 2662 qui
962 2631 1014 2654 me
1038 2625 1150 2663 sponte

102 2672 264 2712 elegerunt
280 2685 287 2704 :
304 2674 402 2713 atque
418 2671 467 2704 bis
483 2674 640 2713 quantum
667 2674 798 2706 consilio
815 2676 848 2706 et
863 2675 986 2706 viribus
999 2684 1129 2715 possum
1140 2700 1149 2716 ,

101 2733 194 2765 opem
209 2725 286 2757 fero.
304 2737 321 2752 ι»

402 2820 437 2853 7.
456 2818 712 2854 ODENATHI
728 2819 848 2855 DUO.

146 2914 352 2946 odenathum
367 2915 525 2947 seniorem
547 2916 682 2948 Rufinus
694 2918 848 2957 tanquam
873 2918 964 2949 novis
977 2918 1071 2949 rebus
1084 2920 1152 2950 stu-

104 2965 234 2997 dentem
254 2967 423 2998 interemit.
458 2969 635 3008 Quumque
650 2968 759 3008 Juuior
784 2969 971 3001 Odenatlius
1001 2971 1152 3001 Rufinum

104 3016 145 3048 de
157 3017 245 3048 caede
259 3018 396 3058 parentis
406 3018 453 3049 sui
464 3022 642 3050 accusasset
653 3043 662 3058 ‚
681 3019 854 3060 imperator
865 3020 1012 3052 facinoris
1023 3030 1152 3053 causam

105 3078 124 3100 a
139 3069 255 3101 Rufino
263 3070 422 3110 quaesivit.
435 3071 491 3102 llle
505 3080 592 3110 vero,
605 3084 620 3098 u
634 3072 762 3103 Utinam
777 3096 785 3111 ,
800 3073 901 3112 inquit
911 3097 919 3111 ,
934 3074 1060 3113 copiam
1074 3074 1152 3105 1111111

106 3120 224 3152 faceres
248 3121 333 3151 1111110
352 3117 480 3161 quoque
507 3122 608 3154 filium
634 3123 702 3162 ejus
729 3123 934 3155 Odenatbum
965 3125 1150 3164 occidendi,

106 3182 203 3213 quem
214 3173 298 3204 illico
308 3173 347 3205 de
361 3174 467 3205 medio
475 3175 637 3206 tollerem!
654 3189 667 3202 »v
680 3178 777 3207 Porro
789 3179 856 3207 erat
868 3177 1004 3208 Rutiuus
1014 3177 1153 3216 podagra

107 3224 316 3264 cliiragraque
341 3228 524 3265 correptus,
547 3229 643 3267 atque
671 3227 712 3258 ab
738 3228 825 3258 omui
851 3230 940 3259 motu
971 3228 1151 3268 impeditus.

108 3276 324 3313 Quamobrem
341 3277 385 3308 ait
403 3279 576 3317 imperator
591 3292 598 3310 :
621 3292 635 3307 «
659 3279 784 3317 Quibus
800 3279 921 3311 viribus
932 3281 989 3311 aut
1014 3280 1066 3311 cui
1082 3289 1153 3311 cor-

109 3328 175 3367 pori
194 3328 269 3358 tisus
294 3328 363 3359 liaec
376 3328 476 3360 dicis?
494 3343 508 3356 n
536 3328 592 3361 llle
615 3330 797 3370 respoudit:
816 3343 832 3358 «
856 3333 901 3362 Ne
916 3332 940 3362 si
967 3331 1155 3362 incolumior

109 3378 236 3419 quidem
249 3387 347 3419 quam
360 3380 452 3419 olim,
469 3382 564 3413 oetate
574 3381 720 3421 juvenili,
738 3391 840 3413 essem
852 3406 861 3421 ,
879 3382 1021 3422 corporis
1035 3382 1096 3414 mei
1111 3383 1151 3414 vi*

2163 202 2236 235 195

1194 290 1280 325 μου,
1298 272 1471 322 ἐδυνάμην
1488 272 1544 311 διὰ
1563 289 1621 311 του
1641 273 1801 323 σώματός
1822 290 1888 324 μου
1908 275 1941 313 τί
1964 291 2049 314 ποτε
2069 278 2115 320 εἷς
2135 276 2238 315 αὐτὸν

1193 347 1359 380 ποιησαι·
1389 331 1481 369 ἀλλὰ
1511 335 1554 383 τῇ
1587 347 1631 383 σῃ
1667 331 1760 384 δεξιᾷ
1795 333 1945 370 κελεύων
1972 334 2032 372 καὶ
2064 335 2240 372 διατυπῶν

1193 391 1308 429 πάντα
1329 388 1542 441 κατώρθουν.
1572 390 1642 429 Καὶ
1661 390 1703 428 σὺ
1722 390 1789 441 γὰρ
1810 391 1931 438 αὐτὸς,
1959 394 1988 429 ὠ
2014 394 2176 444 βασιλεῦ,
2203 395 2240 431 οὗ

1194 451 1243 486 τῶ
1262 448 1403 498 σώματί
1420 465 1482 488 σου
1510 449 1639 500 ἷσγύων
1657 454 1767 491 ποιεῖς
1780 478 1790 495 ,
1811 449 1902 486 ἀλλὰ
1923 450 1993 493 τοῖς
2013 452 2242 502 στρατιώταις

1196 522 1257 545 σου
1277 505 1441 545 κελεύων.
1463 525 1479 540 ν
1501 507 1574 545 Καὶ
1591 505 1737 558 ἐπῄνεσε
1759 505 1835 550 τοὺς
1854 507 1976 558 λόγους
2003 509 2108 546 αὐτοῦ
2129 511 2146 546 ὃ
2166 510 2242 547 Γα-

1194 565 1322 613 λιηνός.

1247 628 1304 663 De
1325 625 1549 674 Odenassm,
1571 632 1678 673 patre
1694 624 1774 672 ejus
1800 625 2010 670 Odenatlii,
2038 626 2102 673 qui
2119 627 2245 661 Zeno-

1195 685 1298 721 biam
1310 697 1468 721 uxorem
1479 684 1663 730 habebat,
1677 684 1788 720 sicuti
1802 683 1850 720 de
1864 683 2005 720 Rufino
2015 685 2080 719 illo
2093 684 2246 719 aliunde

1196 757 1276 781 non
1294 750 1457 780 constat.

1573 830 1611 867 8.
1645 830 1883 868 ΚΥΙΝΤΟΣ.

1252 933 1280 960 1,
1303 917 1389 958 ιὈτι
1410 917 1557 961 Κύιντος
1576 919 1594 955 ὃ
1615 915 1797 969 Μακρίνου
1815 915 1885 960 υἱὸς
1903 915 1942 954 τὸ
1965 916 2139 968 βασιλεῖον
2164 915 2248 967 (καὶ

1199 978 1443 1029 παραχρῆμα)
1479 978 1513 1015 ἐν
1552 975 1689 1027 Ἐμέσῃ
1723 974 1892 1022 ἐκάθητο,
1926 991 1986 1013 και
2017 974 2248 1027 παραγίνεται

1200 1035 1384 1079 Οδέναθος
1413 1034 1502 1085 μετὰ
1524 1034 1676 1081 πλήθους
1710 1033 1914 1086 βαρὸάρων,
1934 1033 1994 1072 καὶ
2014 1034 2115 1080 δηλοῖ
2133 1048 2250 1076 αυτοις

1199 1094 1251 1133 ὅτι
1271 1110 1293 1129 «
1310 1095 1496 1154 Παράδοτε
1520 1109 1662 1140 αυτους,
1683 1092 1706 1140 ἢ
1727 1091 1967 1143 πολεμήσατε.
1992 1111 2008 1126 »
2027 1094 2073 1131 Οἱ
2098 1091 2134 1130 δὲ
2152 1085 2249 1130 εἶπον

1200 1151 1252 1191 ὅτι
1264 1159 1332 1191 πᾶν
1345 1168 1363 1190 ο
1375 1168 1407 1190 τι
1419 1155 1476 1190 οὐν
1491 1150 1669 1204 ἠνείχοντο
1683 1150 1903 1203 ὑπομένεινῆ
1921 1150 2094 1204 βαρὸάρω
2106 1149 2250 1193 ἑαύτους

1200 1213 1427 1264 παραδουναι.

1254 1285 1285 1310 2.
1314 1268 1400 1309 εὈτι
1419 1271 1569 1322 Καρῖνος
1589 1269 1817 1321 ἐδυσχέρανεν
1837 1267 1944 1307 ὡσότι
1970 1270 2039 1307 τῶν
2057 1267 2249 1319 Ῥωμαίων

1201 1331 1258 1367 τὸν
1279 1329 1432 1379 πόλεμον
1449 1328 1654 1367 οἷκειώσατο
1673 1327 1870 1371 Ὀδέναθος.
1894 1327 1939 1367 ‘O
1959 1327 1994 1366 δὲ
2010 1331 2111 1366 τοῦτο
2128 1325 2249 1377 μαθὼν

1202 1387 1380 1426 ἐκέλευσεν
1399 1388 1502 1425 αὐτὸν
1520 1389 1763 1439 ἀναιρεθῆναι·
1779 1387 1839 1425 καὶ
1855 1389 1894 1425 ἐκ
1908 1389 1975 1425 τῶν
1988 1386 2122 1425 οἰκείων
2137 1385 2252 1425 πολλὰ

1202 1445 1477 1499 ἐφιλοτιμήσατο
1494 1447 1540 1489 εἰς
1553 1444 1665 1498 ταφὴν
1691 1447 1817 1493 αὐτοῦ,
1839 1444 1939 1483 ἅτινα
1956 1444 2016 1483 καὶ
2034 1447 2134 1489 ζῶντι
2155 1445 2251 1498 αὐτῷ

1203 1504 1388 1549 ἐπέδειξεν.
1411 1504 1458 1543 ‘O
1479 1504 1514 1542 δὲ
1531 1503 1683 1555 γελάσας
1700 1503 1764 1557 ἔφη
1780 1505 1914 1551 πολλῆς
1931 1503 2083 1554 ἀμαθίας
2099 1503 2160 1542 καὶ
2176 1504 2253 1550 εὐη-

1202 1563 1296 1606 θείας
1315 1564 1569 1614 πεπληρῶσθαι
1590 1562 1648 1600 τὸν
1670 1562 1798 1615 ἄνδρα·
1819 1562 1972 1613 ἀμαθίας
1992 1562 2072 1612 μὲν,
2102 1560 2155 1599 ὅτι
2174 1561 2252 1606 τοὺς

1203 1620 1344 1673 ἐχθροὺς
1364 1623 1588 1674 ἀναιροῦμεν,
1602 1623 1673 1663 τοῖς
1691 1620 1726 1659 δὲ
1747 1620 1857 1674 φίλοις
1873 1620 2101 1672 χαριζόμεθα·
2118 1621 2252 1671 ἀγνοεῖν

1204 1679 1239 1718 δὲ
1257 1680 1360 1724 αὐτὸς
1379 1679 1525 1732 πότερον
1546 1681 1593 1723 εἷς
1610 1679 1728 1733 φίλους
1746 1678 1769 1726 ἢ
1787 1681 1832 1724 εἷς
1852 1678 1994 1732 ἐχθροὺς
2011 1678 2107 1723 τάξει
2124 1678 2229 1716 αὐτόν
2242 1694 2251 1702 ·

1204 1738 1360 1786 εὐηθείας
1377 1738 1432 1786 δὲ,
1453 1738 1505 1777 ὅτι
1526 1738 1688 1791 βούλεται
1703 1738 1868 1791 περιόντα
1885 1738 1989 1777 αὐτὸν
2010 1737 2071 1776 καὶ
2092 1737 2252 1777 αἰσθανό-

1205 1813 1306 1848 μενον
1326 1799 1483 1845 λυπῆσαι
1500 1797 1560 1836 καὶ
1574 1801 1762 1850 φονεῦσαι,
1779 1798 1995 1835 τελευτῶντα
2016 1795 2053 1834 δὲ
2076 1795 2136 1834 καὶ
2153 1797 2256 1833 ἀναι-

1205 1860 1398 1903 σθητοῦντα
1419 1857 1563 1909 δωρεαῖς
1579 1862 1700 1906 τιμᾶν.
1725 1878 1778 1885 —-
1800 1855 1872 1895 Καὶ
1892 1858 1914 1902 ἡ
1934 1854 2087 1902 τοσαύτη
2111 1853 2254 1906 εὐτυχία

1207 1915 1354 1967 ταχείαν
1372 1914 1454 1967 ἔσχε
1476 1914 1710 1965 μετάπτωσιν.

1262 1974 1320 2013 Κύ
1332 1991 1365 2012 ιν
1377 1989 1443 2017 τος
1459 1975 1471 2025 ]
1486 1977 1545 2012 Sic
1561 1977 1672 2011 etiam
1693 1976 1860 2011 Zonaras
1873 1975 1967 2019 XII,
1988 1978 2052 2017 24.
2069 1974 2256 2009 Trebellio

1206 2034 1371 2072 Pollioni
1386 2036 1541 2082 Quietus
1558 2034 1714 2079 dicitur,
1729 2035 1869 2069 rectius
1882 2047 1891 2079 3
1904 2045 1991 2068 nam
2009 2034 2061 2068 sic
2079 2033 2117 2067 in
2133 2032 2257 2067 nuruis

1206 2094 1389 2129 Romanis
1427 2100 1604 2129 exaratur
1619 2105 1630 2141 3
1662 2093 1701 2127 in
1744 2093 1868 2128 numis
1909 2091 2172 2128 Alexandrinis
2203 2098 2259 2126 est

1210 2203 1296 2234 ribus
1314 2202 1388 2234 111110
1408 2211 1550 2242 unquam
1565 2210 1680 2233 nocere
1694 2210 1818 2242 possem
1834 2214 1841 2232 :
1860 2200 1915 2232 sed
1932 2201 1987 2232 tua
2000 2199 2258 2239 dexterajnbens

1208 2257 1306 2295 atque
1315 2254 1482 2295 designans
1493 2254 1569 2286 nihil
1585 2263 1648 2285 non
1660 2257 1746 2286 recte
1753 2263 1906 2293 gererem.
1922 2255 2001 2286 Nam
2012 2262 2051 2284 ue
2064 2255 2099 2285 tu
2109 2253 2237 2294 quidem
2248 2278 2257 2292 ,

1209 2307 1394 2347 imperator,
1419 2308 1560 2348 corporis
1577 2307 1625 2339 tui
1642 2307 1763 2339 viribus
1781 2316 1855 2347 quae
1873 2306 1948 2338 sacis
1966 2306 2107 2347 peragis,
2126 2306 2182 2337 sed
2197 2307 2258 2337 mi-

1210 2359 1319 2391 litibus
1341 2360 1406 2392 tuis
1431 2360 1602 2400 imperans.
1619 2372 1634 2387 υ
1661 2362 1752 2392 Hanc
1775 2358 1881 2391 Rufini
1901 2358 2080 2390 orationem
2097 2357 2260 2390 Gallienus

1209 2411 1362 2443 laudavit.

1591 2485 1626 2516 s.
1649 2480 1879 2526 QUINTUS.

1255 2561 1281 2588 1.
1301 2557 1443 2589 Simulac
1456 2557 1613 2598 Quintus,
1624 2556 1869 2596 Macrinitilius‚
1884 2556 2001 2596 regiam
2015 2555 2122 2588 sedem
2140 2558 2260 2587 Emesae

1210 2608 1340 2647 statuit,
1354 2608 1542 2640 odenathus
1565 2617 1640 2640 011111
1657 2608 1867 2640 barbarorum
1887 2608 2095 2639 multitudine
2119 2607 2259 2645 advenit,

1210 2660 1320 2700 eisque
1337 2660 1539 2692 denuntiavit
1560 2662 1595 2692 ut
1617 2660 1668 2691 vel
1679 2659 1874 2691 deditionem
1888 2660 1938 2691 vel
1953 2667 2091 2699 pugnam
2105 2660 2256 2690 swerent.

1212 2713 1261 2744 1111
1277 2722 1353 2745 vero
1368 2713 1600 2753 responderunt
1610 2722 1644 2745 se
1651 2712 1779 2753 1111111115
1792 2711 1857 2752 pati
1867 2712 1963 2744 malle
1976 2720 2075 2752 quam
2089 2711 2121 2743 111
2134 2711 2261 2743 barbari

1212 2774 1325 2797 manus
1342 2766 1492 2798 incidere.

1254 2821 1283 2848 2.
1307 2818 1442 2849 Carinus
1461 2817 1593 2848 moleste
1621 2816 1762 2856 serebat,
1789 2816 2056 2856 quotiescumque
2073 2815 2262 2847 Odenathus

1213 2877 1270 2910 pro
1287 2871 1438 2900 Romanis
1449 2868 1569 2900 bellum
1580 2877 1613 2899 se
1626 2876 1734 2907 gerere
1743 2867 1922 2899 dictitabat.
1941 2867 1973 2899 ld
1989 2867 2166 2906 intelligens
2182 2867 2262 2898 Ode-

1212 2920 1332 2952 natlius
1347 2921 1501 2952 Carinum
1513 2919 1606 2959 Jussit
1622 2919 1743 2958 occidi;
1760 2921 1792 2951 et
1813 2919 1854 2951 de
1869 2928 1928 2951 suo
1951 2918 2142 2959 patrimonio
2158 2918 2263 2948 multa

1213 2972 1355 3004 decrevit
1370 2972 1402 3003 in
1422 2973 1517 3003 sunus
1536 2973 1605 3011 ejus
1627 2971 1815 3004 insumenda
1828 2996 1836 3011 ‚
1856 2981 1930 3012 quac
1947 2971 2044 3002 etiam
2070 2970 2190 3002 viventi
2210 2970 2262 3001 ille

1213 3026 1453 3057 demonstravit.
1468 3025 1603 3057 Carinus
1617 3027 1726 3056 autem
1739 3033 1814 3056 cum
1837 3025 1900 3055 risu
1921 3024 2003 3055 dixit
2023 3023 2157 3055 inscium
2173 3023 2264 3062 plane

1215 3078 1406 3117 fatuumque
1420 3086 1487 3108 esse
1504 3076 1708 3108 Odenatluun
1724 3087 1732 3109 :
1752 3075 1885 3108 inscium
1903 3075 2032 3115 quidem
2044 3097 2052 3112 ,
2068 3074 2143 3113 quia
2158 3073 2263 3104 hostes

1213 3128 1407 3166 occidimus,
1422 3128 1533 3160 amicis
1549 3127 1728 3168 donamus;
1756 3128 1899 3167 ignorare
1912 3129 2021 3158 autem
2038 3124 2239 3156 Odeuathum
2253 3146 2262 3160 ‚

1215 3182 1324 3211 utrum
1338 3180 1444 3219 ipsum
1460 3179 1490 3210 in
1508 3179 1686 3210 amicorum
1703 3188 1744 3209 au
1759 3179 1790 3209 in
1809 3178 1949 3209 hostium
1965 3181 2099 3207 numero
2110 3176 2239 3215 poneret
2254 3187 2260 3204 ε

1215 3231 1340 3262 fatuum
1359 3240 1433 3262 vero
1446 3255 1454 3271 ‚
1472 3231 1546 3270 quia
1562 3239 1659 3270 quem
1676 3230 1836 3261 viventem
1860 3228 2097 3269 spirantemque
2121 3225 2263 3256 cruciare

1215 3284 1247 3314 et
1257 3282 1402 3313 occidere
1427 3282 1542 3318 vellet,
1569 3281 1711 3313 eundem.
1730 3278 1893 3312 mortu'um
1923 3286 2081 3317 sensuque
2103 3277 2262 3307 carentem

1215 3333 1307 3364 donis
1321 3333 1479 3364 bonorare
1498 3334 1634 3372 pararet.
1650 3350 1689 3354 —
1702 3334 1853 3365 Ceterum
1871 3337 2009 3370 praesens
2027 3328 2152 3358 t'ortuua
2165 3326 2263 3356 citam

1216 3383 1455 3416 couversionem
1471 3386 1563 3415 nacta
1582 3385 1640 3415 est.

2064 3439 2104 3464 13.
