2372 3704
135 313 154 345 3
165 315 206 348 7-1

124 385 277 435 Κρίτωνι
291 383 302 434 )
316 413 326 429 ,
344 395 544 432 comesque
558 385 796 432 imperatoris
811 383 918 419 fuisse
935 383 1096 418 traditur
1104 394 1165 431 ap.

123 445 212 480 Joh.
247 443 398 491 Lydum
432 442 480 479 de
509 454 610 491 mag.
642 444 678 478 II
690 469 700 487 ‚
724 441 786 480 28.
815 440 1036 478 Celebratur
1066 442 1127 477 ille
1147 454 1166 476 a

123 504 284 539 Martiali
301 503 386 551 (ep.
402 503 474 546 XI,
491 501 540 539 60
556 500 586 550 ).
606 503 661 537 Ex
674 501 875 537 tetrabiblo
896 500 976 547 ejus
995 500 1144 536 medico
1156 527 1166 545 ,

124 564 189 610 qui
215 562 432 598 inscribitur
454 558 687 610 Κοσμητικὰ,
715 561 876 597 Galenus
894 560 1078 594 nonnulla
1097 559 1167 594 ad-

125 621 244 657 ducit.
276 619 332 658 Τὰ
349 617 477 658 Γετικὰ
499 627 645 664 autem,
675 631 771 668 opus
788 619 1026 662 historicum,
1049 618 1169 653 conti·

123 681 244 716 nuisse
263 678 436 728 putanda
451 685 538 714 sunt
557 677 709 724 Trajani
722 677 863 713 bellum
876 678 1072 712 Dacicum.

177 740 234 774 De
254 736 374 774 Naxio
392 736 547 775 Critone
564 743 786 772 astronomo
804 761 814 779 ‚
834 746 947 782 quem
967 734 1107 769 librum
1123 731 1171 768 de

125 796 364 832 ennaeteride
379 797 455 831 sive
479 794 708 831 octaeteride
721 821 731 839 ,
747 793 795 829 ab
815 794 895 829 aliis
913 792 1095 836 Eudoxo,
1122 791 1170 826 ab

125 856 206 890 aliis
228 855 463 890 Eratostheni
478 853 728 899 vindicatum,
743 852 933 900 scripsisse
951 850 1084 887 Suidas
1098 851 1167 894 ait,

125 914 173 951 cs.
195 915 334 949 Plinius
346 913 474 950 XVIII
488 939 498 956 ,
516 924 545 949 s,
568 917 614 958 74
627 939 638 957 ,
657 912 744 949 coll.
766 909 1020 946 Eratosthenis
1035 908 1168 957 fragm.

62 998 75 1012 ι
125 974 299 1010 chronol.
318 986 355 1021 p.
379 975 452 1013 204
472 969 536 1020 (Ἴ.

541 1082 651 1119 ΓΕΤΙ
663 1082 742 1118 ΚΑ.

634 1188 665 1212 1.

178 1266 310 1302 Suidas
329 1279 362 1300 v.
386 1262 500 1301 Γεσοί.
531 1280 546 1294 τι
563 1263 609 1300 Οἱ
632 1261 808 1310 Ῥωμαῖοι
829 1259 998 1305 πήξαντες
1016 1257 1093 1301 τοὺς
1111 1274 1168 1309 γε·

126 1323 206 1368 σοὺς
226 1323 285 1361 καὶ
304 1322 366 1366 τὰς
397 1320 673 1373 περικεφαλαίας
695 1318 827 1362 τούτοις
855 1317 1026 1361 ἐπιθέντες
1042 1333 1171 1368 φαντα-
1214 1333 1227 1338 ,

125 1382 202 1426 σίας
233 1381 450 1435 παρέσχοντο
469 1381 537 1423 τοῖς
554 1381 592 1417 ἐκ
606 1378 864 1428 διαστήματος,
879 1379 923 1421 ὡς
940 1377 1097 1427 μένοντες
1116 1378 1173 1415 ἐπὶ

130 1446 189 1480 τοῦ
211 1441 333 1495 λόφου.
361 1459 376 1474 »
401 1438 527 1479 ’Ἔστιν
556 1438 591 1477 δὲ
620 1437 740 1477 ὅπλον.
772 1435 888 1488 [αΟτι
907 1439 925 1474 ὃ
948 1435 1053 1479 Γεσός
1081 1438 1173 1474 ἐστιν

126 1501 362 1552 μακροκέντης
390 1498 413 1545 ἢ
443 1497 574 1540 κοντός.
604 1495 755 1535 -σΟτι
785 1495 923 1547 Κρίτων
957 1494 1104 1547 ἔγραψεν
1135 1496 1171 1532 ἐν

121 1562 198 1603 γτοῖς
210 1562 376 1601 Γετικοῖς.
396 1559 411 1609 ]

179 1619 294 1655 Uncis
310 1618 452 1653 inclusa
474 1617 611 1652 absunt
635 1616 674 1650 in
688 1613 801 1651 codd.
819 1614 863 1656 B,
879 1613 920 1658 C,
944 1614 988 1657 V,
1008 1613 1049 1648 E.
1067 1612 1176 1648 Sicut

125 1678 365 1714 exhibuimus
386 1677 563 1724 leguntur
591 1676 628 1709 in
649 1674 794 1722 optimo
815 1672 903 1708 cod.
931 1674 976 1707 A.
1006 1674 1176 1719 Apparet

131 1737 224 1774 duas
240 1737 354 1772 hasce
370 1742 479 1770 notas
492 1734 680 1783 posterius
697 1731 844 1767 additas
860 1742 950 1767 esse.
963 1731 1049 1766 Non
1069 1729 1174 1765 dubi-

131 1796 288 1831 tandum
302 1802 428 1829 tamen
448 1806 530 1840 quae
544 1791 772 1828 antecedunt
792 1802 837 1825 ex
853 1789 991 1826 Geticis
1014 1789 1176 1824 Critonis

126 1867 205 1890 esse
223 1854 432 1902 desumpta.
460 1853 505 1887 In
521 1851 614 1888 edit.
643 1849 744 1886 Med.
776 1850 827 1884 ita
858 1859 867 1885 :
889 1843 993 1884 Ἔστι
1013 1844 1048 1883 δὲ
1069 1844 1174 1883 ὅπλον

125 1910 288 1957 ἢκοντός·
305 1909 476 1960 μακρόθεν
488 1911 627 1946 κεντοῦν
642 1904 662 1952 ἢ
679 1903 810 1948 κοντός.
831 1903 967 1956 Κρίτων
976 1902 1126 1956 ἔγραψεν
1141 1905 1176 1941 ἐν

127 1987 160 2007 τ.
185 1972 226 2009 Γ.
243 1972 432 2006 Kiisterus
456 1969 508 2004 ita
533 1967 640 2003 dedit
663 1979 671 2004 :
693 1964 799 2003 Ἐστι
817 1962 853 2000 δὲ
877 1960 983 2000 ὅπλον
1004 1962 1176 2014 μακρόθεν

124 2032 264 2066 κεντοῦν
279 2026 302 2073 ἢ
319 2025 452 2069 κοντός.
477 2023 614 2076 Κρίτων
635 2023 709 2074 ,ξ’-γρ.
731 2023 765 2059 ἐν
790 2037 823 2061 τ.
847 2023 888 2060 Γ.
915 2022 972 2059 Cf.
994 2022 1174 2070 Hesych.:

126 2088 239 2129 Γαιῶς
251 2087 293 2134 (l.
309 2084 440 2135 γαισὸς)
455 2078 726 2135 μακροκέντηςῆ
743 2078 860 2126 κοντος
879 2077 1083 2127 λαμὸάνων.
1103 2080 1178 2114 Po-

125 2155 260 2183 strema
279 2158 353 2181 vox
380 2157 522 2180 nomen
539 2143 674 2192 populi
699 2138 918 2190 (Ἀλανῶνῗ)
945 2139 1068 2175 celare
1092 2138 1194 2174 vide-

127 2215 200 2242 tur.
221 2205 278 2244 Cf.
301 2205 430 2253 Steph.
449 2203 564 2241 Thes.
586 2214 624 2239 v.
647 2197 778 2249 γαισός.

169 2328 217 2365 (*)
242 2326 361 2366 Κρίτων
383 2333 480 2365 quem
503 2333 553 2364 ap.
574 2324 683 2355 Tzetz.
701 2324 775 2362 Lyc.
793 2322 853 2352 644
875 2317 1082 2357 manuscripti
1103 2316 1174 2348 libri

129 2374 275 2405 nonnulli
293 2373 443 2404 exhibent
459 2371 469 2411 (
485 2371 598 2410 reliqui
613 2369 782 2410 Κράτων),
800 2368 848 2398 est
863 2365 1002 2406 Κράτης,
1022 2372 1119 2404 quem
1135 2363 1176 2395 de

126 2419 237 2451 eadem
267 2428 300 2450 re
327 2418 437 2450 laudat
460 2419 568 2457 Etym.
605 2419 647 2447 M.
671 2424 703 2446 v.
732 2415 834 2455 Ἄρνη.
853 2430 895 2436 -
918 2413 1064 2443 Fortasse
1092 2409 1176 2441 idem

126 2469 238 2500 Grates
261 2465 462 2506 reponendus
484 2473 537 2504 ap.
568 2463 775 2495 Plutarchum
796 2463 878 2492 Mor.
899 2468 928 2499 p.
959 2461 1033 2495 985,
1065 2459 1107 2496 Β,
1125 2456 1181 2487 ubi

129 2515 257 2556 Κριτεὺς
270 2514 388 2545 citatur
405 2513 445 2544 de
460 2520 555 2543 causa
570 2520 627 2542 cur
646 2512 772 2542 scutum
792 2507 911 2548 Ulyssis
924 2505 1109 2546 delphinum
1126 2504 1176 2535 in-

131 2563 219 2602 signe
233 2561 405 2592 habuisset.

170 2608 257 2640 Alios
275 2608 420 2639 critones
445 2613 589 2637 memoro
611 2603 824 2643 discipulum
850 2600 1020 2634 socratis,
1045 2597 1176 2635 Pytha-

131 2663 290 2695 yoreum,
308 2654 401 2693 cujus
417 2654 491 2693 Περὶ
515 2651 688 2693 φρονήσεως
706 2650 777 2680 libr.
793 2647 902 2679 laudat
920 2645 1010 2677 Stob.
1030 2644 1174 2684 Florileg.

130 2705 187 2741 lll,
205 2705 258 2734 74.
274 2704 331 2739 75;
346 2702 510 2732 comicum
527 2697 693 2730 comoediae
707 2704 818 2734 novae,
838 2693 929 2733 cujus
950 2694 1016 2722 tres
1041 2691 1176 2729 fabulae,

129 2749 292 2787 (Αἰτωλοὶ,
307 2746 480 2784 Μεσσηνία,
488 2744 739 2786 Φιλοπράγμων)
755 2741 976 2774 memorantur
986 2747 1038 2778 ap.
1052 2737 1175 2769 Polluc.

129 2797 184 2833 lx,
205 2800 252 2834 15,
267 2797 307 2834 Χ,
320 2798 371 2832 35;
382 2794 571 2826 Athenaeum
581 2793 675 2831 lV,p.
692 2793 760 2828 173,
778 2790 810 2821 Β.
822 2787 1058 2828 Ὀψαρτυτικῶν
1068 2785 1178 2815 aucto-
1206 2814 1212 2851 Ι

131 2850 196 2872 rem
214 2841 311 2872 habes
324 2849 374 2880 ap.
394 2840 508 2872 Athen.
531 2840 592 2877 lX,
611 2847 641 2878 p.
659 2841 729 2875 516,
743 2838 780 2868 C.

935 294 1171 334 CRITONIS
1201 294 1482 343 PIERIOTAE,

1736 412 1772 436 2.

1283 481 1388 516 Idem
1406 477 1668 525 Δεισιδαιμονία
1692 491 1701 516 :
1724 476 1862 528 Κρίτων
1880 478 1914 515 ἐν
1935 483 2003 521 τοῖς
2031 479 2186 522 Γετικοῖς
2202 492 2272 530 φη-

1230 549 1295 574 σιν·
1315 554 1330 570 α
1361 537 1408 575 Οἱ
1437 536 1472 573 δὲ
1495 535 1648 587 βασιλεῖς
1673 537 1741 573 τῶν
1761 537 1879 574 Γετῶν
1908 535 2025 587 ἀπάτῃ
2051 535 2112 574 καὶ
2131 535 2274 589 γοητείᾳ

1230 593 1499 644 δεισιδαιμονίαν
1529 592 1589 631 καὶ
1622 593 1782 643 ὁμόνοιαν
1817 593 2108 646 ε’νεργρασάμενοι
2139 595 2272 641 αὐτοῖς,

1230 652 1391 702 μεγάλων
1407 651 1475 698 ἤδη
1500 650 1664 703 ἐφίενται.
1685 668 1701 684 ¹·

1285 802 1397 838 Idem
1414 814 1422 838 :
1442 802 1474 840 Κ
1487 817 1509 839 α
1519 802 1537 839 θ
1547 816 1557 838 ι
1568 815 1589 838 σ
1600 816 1616 838 τ
1626 799 1648 838 ά
1660 815 1710 851 με
1720 815 1787 843 νος
1797 828 1808 847 ,
1819 798 1949 852 πρὸςτὸ
1958 798 2090 852 βέλτιον
2102 798 2276 852 μετάγων.

1233 877 1248 892 κ
1266 857 1312 899 ‘O
1332 858 1368 897 δὲ
1397 860 1540 912 Καῖσαρ
1567 859 1614 902 εἷς
1632 858 1696 905 τὴν
1715 857 1833 897 Ἀσίαν
1853 853 1936 905 ἦλθε
1953 857 1999 896 τὰ
2016 859 2085 896 τῶν
2113 857 2277 906 ὑπηκόων

1231 917 1292 955 καὶ
1301 919 1369 955 τῶν
1381 917 1532 970 Πάρθων
1551 916 1627 967 ἅμα
1641 917 1907 965 καθιστάμενος.
1927 933 1942 950 ¹·
1961 916 2034 956 Καὶ
2049 909 2156 960 αὖθις·
2173 933 2190 951 α
2208 918 2278 956 Πο-

1233 977 1393 1026 λεμοῦντι
1413 973 1448 1014 δὲ
1471 977 1565 1028 αὐτῷ
1586 975 1647 1014 καὶ
1669 974 1771 1027 [τὰ]
1791 974 1873 1027 περὶ
1888 974 1952 1022 τὴν
1973 973 2086 1028 ἀρχὴν
2105 978 2278 1014 καθιστα-

1235 1033 1330 1086 μένῳ
1357 1033 1619 1087 συγγενόμενος·
1643 1051 1660 1068 ι
1681 1032 1766 1086 φησὶ
1794 1032 1934 1085 Κρίτων
1951 1034 1986 1072 ἐν
2002 1034 2032 1074 Γ
2033 1035 2168 1077 ετικοῗς.
2189 1036 2279 1072 Haec

1234 1095 1282 1131 de
1299 1107 1338 1131 se
1363 1096 1448 1144 ipso
1471 1095 1576 1134 Crito
1595 1093 1745 1142 Trajani
1769 1101 1895 1130 comes
1906 1094 2032 1131 dicere
2047 1094 2185 1143 potuit.

1288 1152 1393 1190 Idem
1418 1165 1455 1188 ν.
1485 1148 1632 1202 Ἄρτι...
1653 1150 1714 1189 καὶ
1748 1151 1824 1189 ἀντὶ
1852 1154 1912 1189 τοῦ
1941 1154 2016 1189 νῦν
2035 1150 2075 1188 τὸ
2103 1149 2278 1204 ἀρτίως.

1238 1227 1253 1243 α
1274 1206 1356 1248 Ἔτι
1382 1208 1643 1262 περαιουμένοις
1661 1207 1722 1247 καὶ
1750 1208 1874 1262 ἀρτίως
1893 1208 2141 1248 ἀποέαίνουσιν
2170 1208 2281 1247 ἐπιτί-

1233 1270 1373 1306 θεσθαι·
1398 1285 1412 1302 υ
1433 1266 1571 1320 Κρίτων
1587 1269 1622 1306 ἓν
1645 1268 1815 1311 Γετικοῖς.

1290 1328 1398 1364 Idem
1415 1341 1453 1367 v,
1481 1325 1652 1370 Βοωτίαις
1670 1338 1679 1365 :
1702 1343 1717 1359 a
1738 1325 1811 1366 Καί
1829 1341 1931 1364 τινων
1952 1324 2112 1378 βοωτίαις
2131 1323 2282 1378 ἐφεστώ-

1236 1400 1303 1422 των
1315 1414 1325 1432 ,
1346 1387 1414 1423 τῶν
1435 1384 1471 1422 δὲ
1500 1384 1616 1423 ἄλλων
1643 1386 1713 1423 τῶν
1742 1383 1822 1437 περὶ
1856 1384 2004 1437 βασιλέα
2030 1389 2101 1428 τοῖς
2130 1383 2283 1437 ἐρύμασι

1235 1442 1493 1492 νενεμημένων·
1515 1460 1530 1476 υ
1561 1442 1698 1495 Κρίτων
1719 1444 1754 1481 ἐν
1771 1449 1841 1486 τοῖς
1861 1445 1892 1483 Γ
1893 1445 2028 1486 ετικοῒς.

1289 1504 1445 1540 Variant
1468 1503 1556 1538 libri
1584 1503 1683 1539 inter
1713 1501 1879 1553 Κρίτων,
1915 1501 2088 1552 Κρείτων,
2114 1500 2282 1553 Κρότων;

1237 1561 1323 1598 cod.
1333 1564 1364 1598 A
1380 1574 1389 1597 ε
1402 1559 1580 1603 Ἀττικοῖς.
1595 1561 1736 1597 Eadem
1743 1562 1879 1598 iterum
1891 1561 1957 1597 sed
1964 1562 2098 1597 leviter
2105 1567 2285 1610 corrupta

1236 1634 1263 1658 s.
1283 1633 1319 1655 v,
1337 1617 1572 1668 ε’νεμημένων.

1288 1679 1424 1715 Strabo
1443 1679 1511 1714 lib.
1529 1679 1621 1723 VII,
1638 1691 1677 1727 p.
1697 1677 1772 1726 596
1784 1705 1796 1726 ‚
1815 1678 1862 1714 de
1876 1678 1990 1726 Mysis
2005 1678 2199 1726 Europaeis
2217 1677 2284 1714 di-

1238 1739 1288 1773 cit
1305 1751 1313 1773 :
1334 1735 1438 1787 Λέγει
1455 1734 1490 1773 δὲ
1509 1733 1586 1778 τοὺς
1607 1734 1750 1779 Μυσοὺς
1765 1737 1783 1772 ὁ
1801 1734 2031 1778 Ποσειδώνιος
2041 1733 2101 1773 καὶ
2114 1734 2283 1788 ἐμψύχων

1237 1794 1429 1846 ἀπέχεσθαι
1445 1795 1523 1832 κατ’
1553 1793 1750 1842 εὐσέὸειαν,
1767 1792 1833 1832 ’διὰ
1856 1792 1892 1831 δὲ
1910 1796 2012 1831 τοῦτο
2038 1791 2098 1831 καὶ
2117 1791 2279 1844 θρεμμά-

1240 1868 1321 1890 των·
1343 1852 1458 1902 μέλιτι
1486 1851 1521 1890 δὲ
1541 1855 1692 1903 χρῆσθαι
1711 1851 1773 1890 καὶ
1792 1851 1942 1902 γάλακτι
1966 1850 2026 1889 καὶ
2044 1854 2136 1905 τυρῷ
2157 1853 2286 1896 ζῶντας

1241 1912 1318 1952 καθ’
1335 1911 1506 1964 ἡσυχίαν,
1527 1911 1585 1950 διὰ
1605 1910 1640 1948 δὲ
1655 1914 1757 1949 τοῦτο
1771 1912 1954 1948 καλεῖσθαι
1970 1910 2141 1952 θεοσεὸεῖς
2164 1924 2201 1947 τε
2223 1909 2286 1948 καὶ

1240 1970 1479 2016 καπνοὸάτας,
1496 1971 1575 2008 κτλ.
1595 1987 1610 2003 α
1630 1970 1691 2006 Ad
1703 1970 1805 2005 hunc
1820 1969 1899 2005 fere
1916 1969 2047 2004 locum
2059 1997 2068 2014 ,
2083 1968 2283 2005 Cramems

1242 2033 1308 2077 ait,
1325 2030 1366 2068 in
1382 2031 1553 2079 margine
1565 2029 1651 2067 cod.
1671 2031 1716 2066 A.
1736 2040 1798 2077 pr.
1814 2041 1864 2065 m.
1883 2027 2065 2063 adnotata
2080 2032 2165 2063 sunt
2177 2027 2256 2065 haec
2274 2039 2283 2062 :

1239 2088 1331 2132 Τοὺς
1347 2087 1550 2140 πιλοφόρους
1566 2085 1694 2133 Γέτας,
1713 2086 1759 2127 ὡς
1774 2084 1872 2122 ἄλλοι
1889 2083 1927 2122 τέ
1939 2099 2024 2136 φασι
2040 2084 2100 2122 καὶ
2120 2083 2184 2137 (in
2199 2084 2286 2121 cod.

1239 2150 1261 2195 ἠ
1278 2149 1289 2199 )
1307 2148 1446 2200 Κρίτων
1466 2149 1502 2185 ἓν
1521 2146 1590 2189 τοῖς
1607 2145 1775 2188 Γετικοῖς.

1291 2209 1403 2246 Getas
1423 2208 1508 2243 illos
1524 2204 1729 2256 πιλοφόρους
1755 2210 2026 2240 commemorat
2046 2191 2121 2240 Dio'
2139 2203 2287 2242 Cassius

1240 2270 1278 2303 in
1288 2268 1504 2304 narratione
1518 2266 1566 2302 de
1579 2264 1842 2312 Trajanibello
1853 2264 1998 2300 Dacico
2015 2261 2096 2314 (lib.
2106 2263 2284 2307 LXVIII,

1246 2340 1257 2362 1
1269 2330 1288 2368 4
1305 2325 1315 2375 )
1337 2332 1374 2362 et
1399 2338 1443 2361 ex
1474 2326 1597 2361 Dione
1626 2323 1761 2361 Petrus
1796 2322 1980 2358 Patricius
2011 2320 2057 2359 fr.
2090 2325 2126 2358 5.
2159 2319 2283 2357 Porro

1238 2385 1493 2432 Chrysostom.
1504 2384 1611 2419 Orat.
1632 2395 1651 2428 7
1662 2394 1675 2417 1
1689 2394 1746 2433 ,p.
1761 2378 1836 2415 658
1852 2392 1860 2415 :
1875 2374 1985 2416 Ἔνθα
2001 2375 2066 2428 γὰρ
2079 2375 2187 2414 ἐνίοτε
2205 2375 2284 2427 βλέ-

1208 2428 1212 2490 Ι
1238 2456 1361 2479 πουσιν
1382 2439 1601 2492 ἀνθρώπους,
1617 2438 1693 2483 τοὺς
1711 2437 1774 2489 μέν
1797 2452 1890 2480 τινας
1909 2436 2029 2479 πίλους
2048 2435 2106 2473 ἐπὶ
2125 2440 2200 2478 ταῖς
2225 2449 2286 2472 κε-

1241 2500 1366 2552 φαλαῖς
1385 2499 1547 2551 ἔχοντας,
1569 2501 1615 2541 ὡς
1635 2501 1693 2534 νῦν
1715 2499 1784 2534 τῶν
1805 2497 1958 2547 Θρᾳκῶν
1974 2510 2063 2538 τινες
2077 2495 2146 2532 τῶν
2165 2494 2282 2532 Γετῶν

1242 2557 1453 2608 λεγομένων.
1474 2558 1653 2594 Paulinus
1668 2557 1707 2591 in
1723 2555 1898 2594 Carmine
1915 2554 1964 2590 de
1987 2555 2140 2598 Niceta,
2159 2552 2286 2589 Daciae

1243 2618 1423 2665 episcopo
1445 2629 1453 2651 ε

1419 2714 1454 2740 Et
1467 2713 1549 2739 Getae
1567 2712 1699 2739 currunt
1712 2711 1742 2737 et
1755 2711 1882 2744 uterque
1895 2710 1989 2735 Dacus

1419 2752 1468 2785 qui
1481 2751 1552 2779 colit
1563 2754 1651 2779 terrae
1665 2749 1774 2783 medio,
1791 2749 1839 2780 vel
1853 2748 1904 2776 ille

1416 2791 1518 2820 divitis
1533 2790 1630 2819 multo
1643 2790 1719 2818 bove
1732 2789 1857 2825 pileatus

1665 2831 1766 2859 accola
1777 2830 1860 2866 ripae.

135 2886 2271 2913 Μ

555 2999 750 3038 GETICA.

639 3104 668 3134 1.

173 3181 275 3211 Gaesa.
289 3191 303 3205 «ι
313 3175 446 3209 Romani
456 3176 564 3207 autem
572 3183 672 3214 quum
682 3182 766 3214 gaesa
772 3173 862 3205 humi
872 3172 1067 3212 defixissent,
1076 3171 1179 3212 iisque

131 3231 235 3271 galeas
246 3228 468 3270 imposuissent
479 3250 488 3266 ,
506 3226 630 3258 eminus
639 3225 864 3266 aspicientibus
877 3224 1014 3264 speciem
1028 3222 1175 3264 praebue-

132 3285 226 3320 runt,
240 3279 330 3321 quasi
344 3279 375 3310 in
389 3279 470 3310 colle
484 3277 590 3308 adhuc
604 3278 816 3308 versarentur.
836 3289 852 3304 »
877 3276 932 3307 Est
955 3277 1064 3306 autem
1086 3275 1177 3314 γεσὸς

133 3332 272 3374 (γαισὸς)
291 3331 392 3364 telum
403 3354 412 3369 ,
426 3331 540 3361 contus
552 3329 675 3368 longus.
691 3329 768 3359 Haec
781 3327 891 3359 Criton
904 3326 1028 3367 scripsit
1038 3326 1070 3358 in
1082 3334 1178 3366 opere

134 3391 180 3420 De
195 3386 277 3418 bello
289 3384 416 3426 cetico.

641 3447 675 3479 2.

176 3511 264 3542 Crito
281 3511 312 3542 in
327 3509 446 3543 Geticis
464 3509 509 3541 ait
533 3519 539 3540 :
555 3521 569 3537 «
595 3510 692 3549 Reges
711 3516 786 3539 vero
801 3508 973 3547 Getarum,
993 3515 1092 3547 quum
1115 3505 1175 3537 im-

1207 2936 1218 2954 ·
1235 2930 1364 2968 postura
1378 2928 1409 2959 et
1424 2925 1588 2967 praestigiis
1601 2924 1731 2965 magicis
1745 2924 1873 2955 illorum
1892 2923 2007 2954 animis
2032 2920 2214 2961 religionem
2233 2921 2284 2952 in-

1233 2981 1388 3013 cusserint
1403 2981 1435 3011 et
1454 2978 1713 3016 consensionem,
1735 2985 1850 3016 magna
1871 2976 1937 3016 Jam
1953 2974 2061 3006 animo
2078 2974 2208 3014 agitant.
2226 2986 2241 3001 ›-

1740 3031 1774 3063 3.

1278 3103 1293 3118 c‹
1309 3091 1416 3122 Caesar
1431 3089 1541 3120 autem
1558 3088 1590 3118 in
1610 3080 1714 3118 Asiam
1742 3084 1903 3125 profectus
1915 3084 1983 3114 tam
2004 3080 2195 3122 populorum
2223 3079 2284 3112 sibi

1234 3141 1453 3182 subjectorum
1466 3147 1564 3179 quam
1588 3137 1780 3170 Parthorum
1805 3143 1855 3166 res
1867 3133 2059 3174 composuit.
2080 3145 2095 3160 u
2113 3132 2153 3164 Et
2176 3131 2250 3163 alibi
2274 3143 2283 3163 :

1239 3208 1254 3222 τι
1269 3194 1331 3232 Qui
1345 3202 1420 3224 cum
1430 3201 1467 3224 eo
1480 3193 1548 3223 erat
1560 3190 1681 3222 bellum
1694 3189 1822 3228 gerente
1834 3188 1866 3219 et
1875 3195 1926 3218 res
1935 3185 2060 3226 imperii
2072 3183 2252 3216 ordinante.
2266 3195 2282 3211 ιι

1237 3249 1316 3284 Quae
1330 3243 1471 3277 Critonis
1485 3243 1560 3275 sunt
1578 3241 1611 3272 in
1629 3240 1757 3273 Geticis.

1279 3296 1369 3330 Crito
1380 3295 1413 3327 in
1424 3293 1543 3327 Geticis
1557 3305 1566 3328 ς
1583 3305 1598 3320 «ι
1614 3291 1728 3324 Adhuc
1745 3290 1880 3322 nuvium
1900 3288 2112 3328 trajicientes,
2127 3295 2192 3327 quo
2214 3286 2284 3327 ipso

1237 3352 1381 3390 tempore
1396 3347 1532 3380 navibus
1548 3345 1724 3384 excedunt,
1742 3342 1877 3384 afflredi.
1891 3355 1906 3369 υ

1279 3414 1294 3429 «
1313 3403 1420 3438 Quum
1433 3397 1486 3430 alii
1507 3397 1708 3437 agriculturae
1722 3393 1863 3435 praefecti
1885 3392 2006 3430 essent,
2021 3391 2118 3422 ceteri
2137 3399 2211 3421 vero
2226 3388 2282 3429 qni

1237 3462 1342 3494 regem
1365 3450 1594 3484 comitarentur
1613 3448 1816 3480 castellorum
1829 3454 1939 3478 curam
1957 3445 2098 3485 agerent.
2115 3456 2130 3471 υ
2145 3442 2234 3474 Crito
2248 3441 2282 3472 in

1236 3505 1367 3538 Geticis.
