2326 3724
957 250 1206 299 ABYDENI,

166 333 297 386 τέροισι
325 334 466 386 δαίμοσι
496 335 635 388 χρεώμε
640 351 673 374 ν
662 352 692 380 ις
725 336 985 390 συμμάχοισιν·
1024 339 1143 385 ἐπάξει
1177 341 1212 379 δὲ

166 393 387 442 δουλοσύνην.
410 388 466 434 Οὖ
486 394 528 442 δὴ
549 394 721 440 συναίτιος
741 394 838 434 ἔσται
866 396 1013 447 Μήδης,
1034 397 1074 436 τὸ
1089 398 1214 437 Ἀσσύ-

167 466 237 502 ριον
258 451 420 505 αὔχημα.
439 453 505 498 εΩς
521 453 588 492 εἴθε
610 466 681 504 μιν,
702 454 851 507 πρόσθεν
870 454 892 502 ἢ
921 457 1037 495 δοῦναι
1053 457 1130 500 τους
1146 474 1215 496 πο-

165 509 303 561 λιήτας,
318 511 499 564 Χάρυὸδίν
511 528 587 551 τινα
603 511 625 559 ἢ
640 513 818 552 θάλασσαν
833 515 1078 566 εἶσδεξαμένην
1093 519 1215 555 ἀϊστῶ-

167 583 225 606 σαι
245 570 426 624 πρόρριζον
444 571 466 619 ἤ
486 587 544 622 μιν
566 571 675 616 ἄλλας
701 572 798 616 ὁδους
812 573 1023 646 νστραιρέντα
1052 574 1215 627 φέρεσθαι

167 626 225 664 διὰ
248 631 310 675 τῆς
325 630 480 699 ἐρήμου,
494 629 552 668 ἵνα
570 629 646 668 οὔτε
664 631 771 669 ἄστεα
790 631 868 670 οὔτε
884 633 995 677 πάτος
1009 634 1213 686 ἀνθρώπων,

167 688 266 738 θῆρες
297 687 331 726 δὲ
360 688 462 762 νόμον
492 689 613 741 ἔχουσι
633 689 693 727 καὶ
726 689 854 744 ὄρνιθες
883 691 1092 740 πλάζονται,
1122 692 1156 730 ἔν
1178 707 1214 730 τε

163 760 312 799 πετρῃσι
332 748 391 785 καὶ
411 748 611 801 χαράδρῃσι
632 751 756 799 μοῦνον
767 748 966 800 ἀλώμενον·
994 751 1056 800 ἐμέ
1073 767 1110 789 τε
1132 750 1213 803 πρὶν

163 804 230 851 εἷς
241 803 316 842 νόον
351 805 518 857 βαλέσθαι
547 810 660 845 ταῦτα
692 806 803 851 τέλεος
832 808 1019 858 ἀμείμονος
1047 812 1212 862 κυρῆσαι.

163 861 208 900 ‘O
235 861 297 913 μὲν
321 864 487 908 θεσπίσας
517 868 741 917 παραχρῆμα
770 865 955 918 ἠφάνιστο·
977 869 995 904 ὃ
1015 867 1054 905 δέ
1075 870 1107 906 οἱ
1131 869 1214 912 παῖς

163 917 480 974 Ἀμιλμαρούδοκος
497 923 690 964 ἕὸασίλευε,
707 923 777 963 Τὸν
792 925 853 963 δ’ὁ
868 924 1073 972 κηδεστὴς’
1055 926 1213 965 αποκτεί-

162 994 223 1023 νας
253 980 452 1033 Ἰγλισάρης
485 983 531 1032 (i.
573 997 610 1032 q.
641 983 927 1036 Νηριγλισάρης)
960 983 1073 1022 λείπει
1102 986 1212 1023 παῖδα

161 1037 503 1092 Λαὸασσοάρασκον.
523 1041 658 1080 Τούτου
677 1040 712 1079 δὲ
731 1042 961 1086 ἀποθανόντος
979 1043 1084 1096 βιαίῳ
1101 1043 1211 1095 μόρῳ,

161 1096 427 1150 Ναδαννίδοχον
465 1100 688 1138 ἀποδεικνῦσι
726 1100 892 1151 βασιλέα,
923 1101 1149 1154 προσήκοντά
1180 1104 1211 1141 οἷ

159 1154 270 1193 οὐδέν.
289 1156 360 1195 Τὸν
378 1156 413 1194 δὲ
433 1159 545 1210 Κῦρος
562 1156 649 1196 ἑλὼν
670 1158 879 1207 Βαὸυλῶνα,
899 1160 1109 1212 Καρμανίης
1126 1164 1212 1213 ἡγε-

159 1214 261 1266 μονίῃ
283 1215 461 1268 δωρέεται.
483 1234 498 1251 ³⁹

212 1274 286 1312 Καὶ
317 1275 397 1326 περὶ
425 1278 485 1314 τοῦ
514 1277 632 1315 κτίσαι
662 1277 699 1316 δὲ
727 1277 785 1316 τὸν
813 1277 1124 1330 Ναὸουχοδονόσορ
1147 1279 1209 1327 τὴν

159 1331 379 1381 Βαὸυλῶνα,
397 1337 414 1371 ὁ
432 1334 535 1379 αὐτὸς
551 1339 663 1374 ταῦτα
680 1336 818 1390 γράφει·

215 1409 231 1425 ‹
256 1391 406 1443 Λέγεται
426 1393 462 1431 δὲ
483 1393 597 1432 πάντα
619 1394 682 1446 μὲν
705 1395 739 1440 ἐξ
767 1397 879 1448 ἀρχῆς
906 1395 999 1448 ύδωρ
1021 1399 1128 1443 εἰναι,
1150 1395 1208 1434 θά-

156 1449 294 1488 λασσαν
313 1452 399 1489 καλε
385 1451 543 1524 εομένην.
564 1455 680 1499 Βῆλον
706 1454 743 1492 δέ
762 1469 851 1505 σφεα
874 1454 1043 1492 *nauem
1057 1453 1207 1507 ,χώρην

156 1508 294 1561 ἑκάστῳ
308 1510 560 1561 ἀπονείμαντα,
576 1512 636 1550 καὶ
653 1512 849 1551 Βαὸυλῶνα
864 1512 972 1564 τείχει
988 1511 1205 1564 περιὸαλειν·

154 1582 205 1604 τι)
224 1567 340 1620 χρόνῳ
359 1568 395 1606 δὲ
415 1571 465 1607 τῶ
485 1570 675 1623 ἱκνευμένῳ
703 1573 949 1623 ἀφανισθῆναι.
982 1570 1146 1623 Τειχίσαι
1171 1571 1208 1610 δὲ

155 1619 252 1670 αὖθις
287 1627 638 1681 Ναὸουχοδονόσορον
673 1630 712 1668 τὸ
748 1629 852 1682 μέχρι
889 1633 950 1677 τῆς
982 1630 1207 1669 Μακεδονίων

155 1686 267 1737 ἀρχῆς
283 1687 495 1737 διαμεῖναν
482 1687 535 1726 εὸν
553 1688 830 1740 χαλκόπυλον.»

207 1743 282 1782 Και
292 1742 373 1794 μεθ’
390 1743 491 1799 ἕτερα
508 1746 679 1798 ἐπιλέγει·

211 1821 226 1837 «ι
258 1803 610 1857 Ναὸουχοδονόσορος
641 1805 678 1844 δὲ
708 1805 950 1857 διαδεξάμενος
981 1807 1044 1854 τὴν
1077 1806 1205 1860 ἀρχὴν,

153 1861 352 1900 Βαὸυλῶνα
371 1862 434 1913 μὲν
451 1863 599 1916 ἐτείχισε
616 1866 753 1918 τριπλῷ
770 1864 947 1918 περιὸόλῳ
965 1867 1000 1903 ἓν
1020 1866 1202 1904 πεντεκαί-

154 1921 238 1958 δεκα
255 1921 431 1974 ἡμέρῃσι,
451 1922 508 1961 τόν
535 1939 572 1962 τε
594 1923 822 1977 Ἀρμακάλην
841 1924 1000 1974 ποταμὸν
1019 1923 1202 1976 ἐξήγαγεν,

154 1979 254 2017 ἐόντα
276 1980 380 2033 κέρας
401 1982 612 2035 Εὐφρήτεω,
630 1982 689 2021 τόν
705 1999 741 2021 τε
764 1983 974 2036 Ἀκράκανον
996 1982 1204 2037 (Ἀράκανον

150 2043 325 2077 nonnulli
355 2042 444 2078 libri
468 2043 493 2092 ).
525 2040 638 2094 Ὑπὲρ
663 2041 698 2080 δὲ
726 2045 787 2089 τῆς
811 2044 1051 2095 Σιππαρηνῶν
1085 2042 1204 2087 πόλιος

151 2097 280 2136 λάκκον
319 2099 552 2152 ὀρυξάμενος,
594 2100 802 2154 περίμετρον
840 2100 902 2152 μὲν
938 2100 1202 2153 τεσσαράκοντα

150 2158 422 2210 παρασαγγέων,
440 2159 542 2211 βάθος
560 2160 588 2198 δ’
607 2159 771 2213 ὀργυιέων
789 2160 909 2208 εἴκοσι,
927 2160 1040 2204 πύλας
1057 2159 1204 2208 ἐπέστη-

151 2231 221 2263 σεν,
239 2216 300 2260 τὰς
314 2217 507 2268 ἀνοίγοντες
525 2217 693 2269 ἄρδεσκον
707 2218 746 2256 τὸ
759 2218 889 2256 πεδίον·
906 2218 1071 2256 καλέουσι
1089 2218 1117 2256 δ’
1139 2221 1200 2257 αὖ-

149 2274 211 2318 τὰς
231 2275 528 2327 ἐχετογνώμονας.
558 2276 780 2329 Ἐπετείχισε
800 2278 836 2315 δὲ
865 2277 924 2316 καὶ
946 2281 1007 2324 τῆς
1030 2277 1203 2330 Ἐρυθρῆς

149 2333 328 2381 θαλάσσης
353 2334 415 2381 τὴν
434 2335 619 2374 ἐπίκλυσιν
645 2336 705 2374 καὶ
731 2336 913 2388 Τερηδόνα
940 2336 1041 2374 πόλιν
1065 2335 1199 2376 ἔκτισεν

99 2433 102 2435 ,
148 2391 240 2430 κατὰ
257 2393 319 2437 τὰς
344 2393 500 2447 Ἀράὸων
523 2394 701 2438 εἷσὸολάς·
727 2395 771 2433 τά
787 2410 824 2433 τε
854 2396 1022 2447 βασιλήια
1053 2395 1202 2448 δένδροις

148 2449 298 2501 ἤσκησε,
316 2451 535 2504 κρεμαστοὺς
552 2453 784 2506 παραδείσους
810 2455 999 2505 ὀνομάσας.
1023 2473 1040 2488 »
1062 2478 1111 2485 —
1129 2455 1200 2494 Καὶ

148 2512 259 2547 ταῦτα
278 2509 315 2547 δέ
332 2525 390 2560 μοι
409 2510 477 2549 ἀπὸ
492 2514 553 2558 τῆς
572 2512 785 2559 δηλωθείσης
799 2513 925 2550 κείσθω
945 2516 1092 2565 γραφῆς.

171 262 242 294 281

147 2620 205 2651 aut
232 2620 391 2660 profundo
419 2620 530 2661 pelago
559 2620 692 2652 haustus
729 2622 828 2661 atque
862 2621 1032 2661 absorptus
1061 2621 1197 2662 periret,

99 2680 101 2685 ‘
146 2673 333 2714 priusquam
350 2673 435 2706 cives
448 2682 538 2705 meos
560 2673 603 2705 ita
619 2673 784 2714 proderet,
807 2675 864 2705 aut
880 2673 1041 2714 Charybdi
1061 2674 1200 2714 quadam

146 2725 224 2756 alias
251 2725 402 2766 abreptus
431 2725 532 2757 invias
557 2733 613 2765 per
635 2724 823 2757 solitudines
851 2734 923 2757 erro
941 2726 1123 2765 vagaretur,
1145 2726 1201 2758 ubi

146 2776 267 2808 nullius
297 2785 401 2817 neque
428 2776 518 2809 urbis
542 2785 648 2818 neque
676 2776 815 2809 hominis
843 2777 1010 2817 vestigium
1028 2780 1197 2817 appareat,

146 2827 200 2859 sed
219 2828 293 2859 serae
305 2828 462 2860 duntaxat
476 2828 576 2860 libere
592 2830 774 2869 pascantur,
791 2829 1001 2869 volucresque
1017 2829 1198 2860 circumvo-

147 2879 233 2919 lent,
259 2880 406 2920 adeoque
434 2881 522 2912 solus
539 2880 662 2913 medios
686 2880 770 2912 inter
796 2880 945 2921 scopulos
969 2889 1008 2912 ac
1035 2881 1200 2920 voragines

141 2931 332 2969 jactaretur.
351 2931 428 2963 Mihi
450 2941 597 2972 quoque,
627 2932 814 2973 priusquam
845 2932 915 2964 haec
937 2932 965 2963 ei
992 2933 1060 2964 tam
1079 2932 1200 2964 nefaria

147 2991 237 3014 mens
256 2982 371 3022 injecta
390 2983 448 3021 sit,
468 2983 642 3015 feliciorem
659 2983 783 3016 exitum
804 2984 909 3016 sortiri
928 2983 1034 3015 liceat.
1057 2986 1135 3016 Haec
1151 2984 1197 3016 ef-

146 3034 249 3073 fatus,
266 3034 432 3065 hominum
449 3043 489 3066 ex
509 3035 611 3067 oculis
627 3037 758 3076 repente
771 3036 918 3068 sublatus
930 3035 1072 3067 evanuit.
1095 3037 1200 3076 Atque

145 3085 441 3117 Amilmarudocum
469 3085 569 3117 tilium
593 3087 680 3127 regni
697 3086 810 3119 habuit
836 3095 1063 3119 successorem.
1095 3089 1198 3125 Quem

144 3137 264 3170 occidit
289 3138 393 3169 affinis
417 3138 559 3178 lglisares
576 3139 847 3179 (Neriylisares)
865 3139 1033 3184 filiumque
1049 3139 1200 3180 relinquit

144 3189 440 3222 Labassoarascum.
462 3191 531 3221 Hoc
547 3191 642 3222 etiam
658 3191 795 3223 violente
815 3200 893 3223 nece
911 3191 1037 3223 sublato
1048 3215 1056 3228 ‚
1071 3191 1198 3223 Naban-

145 3241 332 3280 nidochum‚
343 3241 432 3272 nulla
439 3250 514 3272 cum
524 3250 562 3273 eo
572 3241 726 3274 affinitate
734 3242 954 3282 conjunctum,
963 3251 1067 3283 regem
1077 3243 1198 3282 creant,

145 3295 197 3326 cui
216 3296 318 3335 Cyrus
338 3295 451 3334 postea
471 3294 630 3334 Babylone
653 3295 772 3334 potitus
788 3296 968 3327 Carmaniae
985 3295 1198 3335 principatum

145 3346 230 3378 ultro
245 3346 408 3378 concessit.
431 3358 445 3373 n

186 3399 274 3431 Idem
304 3408 399 3439 porro
428 3398 590 3431 conditam
617 3407 635 3430 a
663 3399 977 3432 Nabucliodonosore
1000 3399 1194 3439 Babylonem

147 3450 242 3482 fuisse
261 3451 304 3482 ita
321 3452 429 3482 narrat
445 3464 451 3482 ε

188 3514 203 3529 «
221 3504 359 3542 Ferunt,
388 3502 506 3541 inquit,
538 3502 602 3533 loca
629 3502 695 3533 iuri·
722 3502 829 3534 omnia
854 3502 942 3534 initio
968 3503 1058 3542 aquis
1081 3503 1195 3534 obruta

1248 251 1535 295 ACESANDRI

1772 368 1831 393 10.

1331 445 1454 480 Moses
1473 445 1703 485 Chorenens.
1733 449 1783 497 ΙΙ,
1806 461 1837 484 c.
1858 462 1892 495 7,
1911 463 1951 498 p.
1972 448 2021 498 95
2052 463 2061 488 :
2161 461 2202 488 ut
2223 453 2326 501 Aby-

1277 503 1392 538 denus
1416 507 1591 552 scriptum
1617 507 1767 554 reliquit
1795 511 1847 542 ita
1874 510 2000 544 dicens
2023 523 2034 544 :
2065 511 2241 547 «Potens
2260 514 2326 549 ille

1276 561 1318 596 N
1315 561 1658 599 abuchodonosorus
1684 567 1880 602 Herculem
1905 568 2080 615 Libycum
2101 573 2144 604 υἱ
2173 582 2326 619 supera-

1277 619 1351 656 bat.
1374 620 1550 656 Exercitu
1568 630 1708 667 coacto,
1737 627 1775 659 in
1792 626 1923 661 Iberor
1923 639 1982 661 um
2000 630 2188 674 regionem
2201 631 2318 672 venit,

1277 676 1568 724 etprostigatam
1588 692 1874 730 oppressamque
1894 687 1932 718 in
1951 684 2125 720 ditionem
2146 698 2251 724 suam
2269 699 2326 723 re-

1276 735 1388 783 degit,
1404 743 1440 770 et
1444 745 1595 783 partem
1611 740 1804 786 quandam
1810 743 1943 789 populi
1958 745 2012 778 ad
2022 744 2195 780 dextram
2210 748 2326 781 maris

1279 794 1426 829 Pontici
1445 795 1605 831 abduoeit
1617 799 1893 847 collocavitque.
1920 818 1932 832 »ι

1736 914 1794 939 10.
1827 915 1862 938 a.

1329 991 1488 1038 Syncell.
1507 1004 1548 1040 p.
1571 991 1647 1027 226
1665 995 1724 1030 A:
1747 992 1854 1030 Μετὰ
1872 1008 1991 1032 τουτον
2017 996 2085 1045 (sc.
2101 995 2160 1034 τὸν
2178 996 2326 1036 Ναὸου-

1274 1047 1496 1099 χοδονόσωρ)
1525 1047 1597 1092 υἱὸς
1627 1050 1730 1088 αὐτοῦ
1754 1050 1906 1089 Εὐειλὰδ
1939 1053 2118 1106 Μαροδὰχ
2145 1054 2326 1106 λεγόμενος

1274 1104 1334 1152 ἔτη
1367 1104 1426 1144 δύο
1455 1105 1545 1156 μετὰ
1575 1106 1721 1146 θάνατον
1755 1112 1816 1146 τοῦ
1848 1109 1983 1163 πατρὸς
2012 1110 2251 1160 ἐδασίλευσεν,
2281 1115 2326 1157 ὡς

1274 1168 1508 1236 μαρτυρρῧσιν
1531 1167 1563 1204 οἱ
1584 1166 1628 1204 τὰ
1651 1166 1839 1206 Χαλδαϊκὰ
1859 1170 2144 1222 συγγραψάμενοι
2166 1170 2325 1216 Ἀλέξαν-

1273 1224 1349 1276 δρος
1363 1222 1423 1261 καὶ
1437 1222 1642 1274 Αὸυδηνὸς,
1660 1228 1708 1268 οῖς
1722 1226 1782 1263 καὶ
1796 1226 1968 1273 Ἰώσηπος
1981 1243 2040 1266 και
2058 1228 2186 1274 πάντες
2201 1231 2236 1268 ἐν
2254 1230 2326 1269 τού-

1272 1297 1341 1326 τοις
1359 1281 1522 1333 ἕπονται,
1546 1282 1801 1335 συμφωνούσης
1821 1285 1881 1323 καὶ
1897 1289 1958 1332 τῆς
1979 1286 2071 1330 θείας
2088 1291 2236 1341 γραφῆς.

1770 1391 1829 1416 ΙΙ,

1357 1469 1576 1506 ABYDENI
1605 1471 1670 1506 DE
1698 1471 1865 1508 REGNO
1895 1472 2231 1512 ASSYRIORUM.

1323 1574 1507 1611 Eusebius
1525 1575 1666 1613 Chron.
1690 1588 1730 1624 p.
1761 1575 1809 1612 36
1830 1589 1836 1611 :
1863 1576 2039 1613 Chaldoei
2059 1581 2221 1626 regionis
2243 1590 2323 1615 suoe

1268 1643 1374 1679 reges
1397 1634 1446 1668 ab
1470 1634 1585 1670 Aloro
1612 1647 1723 1682 usque
1747 1636 1801 1670 ad
1818 1636 2080 1672 Alexandrum
2111 1637 2182 1673 hoc
2205 1645 2323 1686 pacto

1267 1699 1496 1730 enumerant.
1526 1693 1621 1728 Nini
1647 1694 1794 1740 quidem
1821 1701 1860 1729 et
1884 1694 2151 1731 Samiramidis
2176 1697 2320 1732 nullam

1266 1752 1450 1786 rationem
1471 1750 1623 1786 habent.
1646 1753 1718 1788 His
1733 1759 1855 1788 autem
1874 1753 1978 1789 dictis
2004 1757 2059 1789 ita
2075 1766 2181 1790 suam
2201 1754 2320 1790 histo-

1267 1811 1362 1844 riam
1389 1810 1584 1845 exorditur
1613 1822 1621 1845 .·
1653 1826 1668 1842 «
1706 1811 1811 1855 Fuit,
1845 1814 1979 1860 inquit,
2016 1813 2140 1849 Ninus
2167 1813 2311 1857 Arbeli,

1267 1866 1427 1912 Chaali,
1451 1868 1594 1911 Arbeli,
1620 1869 1756 1914 Anebi,
1779 1870 1896 1906 Babil
1902 1897 1912 1914 ,
1938 1871 2025 1906 Beli
2042 1874 2140 1918 regis
2156 1874 2320 1919 Assyrio-

1265 1938 1361 1964 rum.
1382 1918 1529 1963 Deinde
1547 1935 1720 1964 accurate
1738 1940 1844 1976 reges
1867 1937 2063 1965 enumerat
2075 1942 2100 1965 a
2117 1931 2221 1967 Nino
2235 1939 2272 1966 et
2293 1944 2319 1966 a

1267 1986 1524 2022 Samiramide
1542 1988 1598 2022 ad
1620 1987 1961 2037 Sardanapallum,
1985 1992 2049 2037 qui
2064 1992 2228 2025 omnium
2246 2002 2319 2026 ez·-

1267 2052 1403 2080 tremus
1406 2042 1492 2090 suit
1510 2058 1522 2080 .·
1536 2058 1562 2080 α
1583 2058 1654 2094 quo
1672 2047 1727 2081 ad
1735 2050 1900 2094 primam
1922 2047 2186 2096 Olympiadem
2201 2060 2318 2084 seara-

1261 2106 1370 2151 ginta
1393 2111 1432 2139 et
1455 2111 1594 2152 septem
1622 2107 1716 2139 anni
1736 2112 1929 2152 putantur.
1949 2121 1965 2137 »ι
1999 2106 2058 2141 De
2083 2107 2318 2153 Assyriorum

1262 2175 1375 2210 regno
1389 2162 1462 2198 hac
1471 2163 1671 2210 diligentia
1679 2167 1830 2211 scripsit
1840 2164 2054 2210 Abydenus.
2066 2164 2318 2203 Nihilominus

1262 2229 1301 2257 et
1313 2222 1446 2258 Castor
1456 2224 1581 2270 primo
1598 2222 1692 2258 libro
1704 2225 1899 2258 summarii
1907 2221 2168 2259 Chronicorum
2183 2223 2315 2259 eadem

1259 2282 1378 2328 plane
1393 2282 1449 2316 ad
1466 2282 1611 2316 literam
1631 2289 1762 2316 narrat
1781 2282 1830 2317 de
1843 2293 1958 2330 regno
1975 2282 2220 2329 Assyriorum.

1314 2341 1445 2375 Annos
1465 2339 1512 2386 67
1530 2352 1551 2376 a
1571 2338 1646 2376 fine
1664 2339 1927 2389 Sardanapalli
1945 2352 2066 2388 usque
2088 2341 2136 2377 ad
2155 2340 2308 2390 Olymp.

1267 2411 1280 2433 1
1298 2405 1474 2434 numerat
1490 2399 1604 2435 etiam
1619 2405 1754 2434 auctor
1769 2400 2046 2448 Excerptorum
2058 2399 2312 2436 Barbarorum

1262 2457 1327 2507 (ex
1343 2457 1523 2493 Africano
1535 2455 1544 2507 )
1555 2486 1562 2492 .
1575 2459 1632 2494 De
1642 2457 1716 2493 hoc
1733 2464 1916 2506 computo
1932 2457 2095 2494 diximus
2109 2459 2148 2493 in
2159 2458 2310 2507 Fragm.

1261 2516 1435 2552 chronol.
1455 2529 1494 2564 p.
1524 2517 1611 2553 162.
1632 2516 1809 2555 Ceterum
1826 2515 1961 2555 Castor
1976 2518 2149 2565 quamvis
2169 2517 2209 2552 in
2227 2517 2302 2553 uni-

1262 2622 1356 2654 fuisse
1369 2623 1530 2663 marisque
1542 2623 1672 2655 nomine
1684 2623 1844 2664 appellata
1858 2631 1868 2655 :
1884 2631 1998 2656 verum
2010 2631 2102 2655 suam
2116 2622 2250 2664 singulis
2263 2631 2312 2656 re·

1259 2673 1386 2714 gionem
1398 2674 1510 2707 Belum
1522 2674 1707 2715 assignasse,
1719 2674 1982 2716 Babylonemque
1995 2675 2153 2707 moenibus
2162 2674 2309 2714 cinxisse,

1258 2733 1296 2756 ac
1308 2724 1459 2766 deinceps
1480 2723 1667 2758 mortalium
1689 2726 1792 2758 oculis
1817 2727 1963 2767 ereptum
1982 2735 2050 2759 esse
2076 2739 2085 2758 ι
2106 2727 2216 2767 postea
2229 2735 2308 2759 vero

1264 2777 1391 2816 septum
1420 2776 1518 2816 illud,
1535 2777 1636 2808 valvis
1660 2777 1849 2810 distinctum
1873 2779 1983 2818 aereis,
2006 2787 2027 2810 a
2048 2778 2310 2811 Nabuchodono-

1257 2836 1328 2860 sore
1341 2828 1543 2860 exstrue-tum
1557 2836 1636 2867 esse,
1651 2828 1736 2868 quod
1750 2828 1791 2860 ad
1805 2829 2016 2861 Macedonum
2027 2829 2198 2870 imperium
2211 2835 2311 2871 usque

1257 2881 1390 2912 steterit.
1403 2894 1417 2908 »

1299 2935 1344 2963 Ac
1357 2940 1467 2964 rursus
1480 2931 1641 2964 nonnullis
1655 2932 1829 2972 interjectis
1848 2941 1856 2962 :

1301 2996 1315 3010 «ι
1330 2983 1681 3023 Nabucliodonosorus,
1699 2983 1821 3023 inquit,
1839 2991 1935 3023 regno
1962 2983 2083 3024 potitus
2110 2983 2307 3022 Babylonem

1258 3034 1341 3066 intra
1354 3034 1536 3075 quindecim
1550 3034 1676 3066 dierum
1689 3035 1828 3075 spatium
1844 3034 1961 3074 triplici
1977 3043 2071 3066 muro
2081 3034 2195 3075 cinxit,
2210 3037 2308 3076 atque

1258 3086 1445 3118 Armacalen
1460 3089 1725 3126 Acracanumque
1737 3085 1871 3125 fluvios,
1888 3085 1929 3117 ab
1945 3085 2109 3126 Euphrate
2126 3086 2227 3125 ortos,
2245 3086 2308 3118 alio

1257 3138 1424 3170 derivavit.
1451 3139 1534 3170 Tum
1561 3137 1812 3178 Sipparenorum
1829 3136 1917 3169 urbis
1941 3136 1975 3169 in
1997 3137 2132 3178 gratiam
2157 3137 2307 3178 paludem

1258 3190 1353 3230 fodit,
1366 3190 1459 3230 quus
1471 3189 1832 3230 ambitum.parasangas
1847 3189 2071 3230 quadraginta,
2083 3189 2220 3222 altitudo
2229 3198 2306 3222 vero

1257 3243 1348 3275 ulnas
1368 3242 1478 3283 viginti
1496 3241 1668 3274 obtineret.
1685 3241 1797 3274 Eidem
1814 3241 1955 3274 claustra
1979 3241 2153 3282 imposuit,
2167 3241 2305 3273 Echeto-

1255 3303 1430 3335 guomonas
1444 3294 1577 3331 vocant,
1599 3292 1716 3332 quibus
1740 3293 1907 3333 patefactis
1922 3302 2034 3333 agrum
2059 3293 2104 3324 illi
2121 3301 2216 3325 suum
2238 3292 2305 3324 irri-

1256 3347 1377 3386 garent.
1401 3345 1497 3377 Maris
1513 3353 1641 3384 quoque
1666 3344 1765 3376 Rubri
1793 3345 1974 3377 eluvionem
2001 3343 2135 3384 objectis
2157 3344 2305 3384 repressit

1255 3397 1418 3436 obicibus,
1440 3405 1478 3428 ac
1505 3395 1701 3428 Teredonem
1728 3396 1841 3428 urbem
1867 3396 2020 3428 adversus
2049 3395 2193 3428 Arabum
2223 3395 2304 3426 irru-

1258 3449 1379 3489 ptiones
1410 3447 1576 3486 excitavit,
1607 3447 1827 3487 palatiumque
1858 3455 1952 3479 suum
1982 3446 2149 3479 arboribus
2174 3445 2302 3478 consitis

1258 3503 1266 3539 (
1280 3501 1412 3541 pensiles
1426 3501 1533 3532 hortos·
1553 3499 1685 3532 vocabat
1700 3500 1710 3541 )
1728 3499 1905 3531 exornavit.
