2326 3724
142 223 214 259 106

136 302 431 355 καταλεγόμενος,
453 301 549 355 παρὰ
567 301 603 340 δὲ
625 300 763 354 Πέρσας
784 299 1043 347 Κωνστάντιος,
1059 300 1175 353 τρίτον

136 361 199 412 μὲν
228 364 291 409 τὴν
311 361 467 414 ὕπαρχον
490 359 641 411 (ὕπατον
662 360 776 411 cod,)
805 357 922 396 λαὸὼν
944 357 1071 410 ἀρχὴν,
1090 358 1176 411 πρὸς

135 421 173 458 δὲ
193 422 236 472 τῇ
257 422 410 471 ὓπατικῇ
427 418 504 471 ἀξίᾳ
522 418 581 457 καὶ
601 421 662 465 τῆς
681 417 945 469 πατρικιότητος
960 416 1087 468 τυχών.
1106 416 1178 455 Καὶ

134 481 169 518 T
171 477 310 520 ατιανὸς
325 476 387 527 μὲν
403 479 442 515 ἐκ
454 477 643 523 Βανδήλων
656 475 752 519 εὐθὺς
766 475 943 528 ἄπρακτος
960 474 1175 527 ἀνεχώρησε,

135 539 204 575 τῶν
232 534 426 574 αὖτοῧ“ὖπὸ
452 538 511 573 τοῦ
531 533 716 586 Γεζερίχου
737 532 786 583 μὴ
806 533 1095 585 παραδεχθέντων
1115 532 1178 570 λό-

135 610 228 647 γων·
249 597 267 632 6
291 593 327 632 δὲ
358 593 600 636 Κωνστάντιος
631 596 674 644 τῇ
703 590 876 642 ἸΞδέσσῃ,
906 590 1095 642 Ῥωμαϊκῇ
1116 589 1178 640 μὲν

135 652 252 700 πόλει,
274 651 448 705 προσοίκῳ
466 652 501 690 δὲ
515 654 575 698 τῆς
593 652 740 702 Περσῶν
758 649 875 701 χώρας
889 679 900 700 ,
919 649 1178 698 ἐγκατέμεινεν,

136 709 337 755 ἐσδέξασθαι
356 710 459 748 αὐτὸν
479 710 535 748 ἐπὶ
552 707 640 748 πολὺ
661 707 980 758 διαναὸαλλομένου
998 711 1056 746 τοῦ
1078 709 1181 759 Παρ-

136 768 254 808 θυαίου
271 769 462 821 μονάρχου.

353 854 415 891 33.
441 852 499 906 (c.
530 852 617 897 465.
637 854 756 890 Leon.
790 865 851 890 an.
875 852 939 902 9.)
964 901 966 903 Ι

189 942 289 979 Ibid.
310 955 352 991 p.
374 940 436 988 75.
459 940 536 986 76:
562 936 648 978 ‘'Oa-t
667 954 724 976 τον
748 937 990 977 Κωνστάντιον
1011 936 1069 974 τὸν
1091 952 1179 989 πρε-

135 998 284 1045 σὸευτὴν
313 1000 412 1046 ἐντη
370 1015 412 1050 τη
446 997 598 1049 Ἐδέσσῃ
626 996 747 1049 χρόνον
778 995 1003 1047 ἐπιμείναντα
1016 1025 1027 1045 ,
1058 998 1103 1038 ὡς
1132 995 1180 1033 εἴ·

137 1057 241 1109 ρηταί
255 1072 332 1107 μοι,
351 1059 410 1103 τῆς
428 1054 615 1107 πρεσὸείας
633 1054 730 1106 πέρι,
751 1054 828 1092 τότε
846 1054 983 1098 ἐδέξατο
1001 1056 1018 1091 6
1033 1055 1180 1104 Περσῶν

137 1115 309 1166 μόναρχος
330 1117 362 1158 ἐς
391 1113 453 1160 τὴν
475 1113 658 1166 σφετέραν,
679 1112 738 1150 καὶ
758 1111 840 1164 παρ’
866 1111 967 1149 αὐτὸν
997 1110 1181 1164 ἀφικέσθαι

135 1172 357 1226 προσέταξεν,
376 1174 438 1211 οὔκ
457 1173 491 1209 ἐν
511 1177 585 1215 ταῖς
602 1171 756 1217 πόλεσιν,
777 1169 867 1208 ἀλλὰ
887 1170 953 1223 γὰρ
970 1171 1005 1207 ἐν
1024 1176 1093 1213 τοῖς
1111 1187 1183 1220 με-

140 1231 262 1284 θορίοις
274 1233 386 1269 αὐτῶν
397 1246 433 1269 τε
448 1230 507 1268 καὶ
519 1229 660 1269 Οὔννων
673 1232 741 1267 τῶν
757 1230 953 1281 Κιδαριτῶν
967 1228 1030 1273 τὰς
1046 1230 1179 1281 διατρι-

137 1290 201 1333 ὅὰς
217 1289 468 1339 ποιούμενος...
487 1288 595 1341 [πρὸς
613 1287 669 1331 οὓς
685 1287 836 1338 πόλεμον
850 1290 976 1338 suppl.
996 1287 1065 1338 N.]
1088 1289 1182 1340 αὐτῷ

137 1347 324 1386 συνίστατο
341 1347 454 1385 αἰτίαν
476 1362 490 1384 ε
493 1362 579 1398 ,ζων
599 1362 645 1389 ως
661 1345 738 1388 τοὺς
755 1345 878 1398 φόρους
894 1348 960 1382 τῶν
976 1344 1118 1384 Οὔννων
1134 1346 1182 1395 υ.ὴ

137 1405 386 1456 κομιζομένων,
409 1404 465 1448 οὒς
491 1407 521 1442 οἵ
540 1403 652 1442 πάλαι
669 1403 730 1450 μὲν
751 1406 820 1440 τῶν
838 1405 984 1474 Περσῶν
999 1403 1059 1442 καὶ
1078 1403 1183 1454 Πάρ-

137 1467 205 1501 θων
227 1463 465 1515 βασιλεύοντες
485 1462 613 1502 ἔθεντο.
635 1455 708 1500 ’ἓΩν
729 1464 746 1499 6
767 1477 885 1513 πατηρ
915 1463 962 1512 [τ
941 1461 1003 1507 τὴν
1036 1477 1097 1499 του
1119 1461 1183 1514 φό-

140 1536 198 1573 ρου
208 1521 252 1572 ]'
233 1521 527 1573 απαρνησάμενος
541 1519 734 1571 ἀπαγωγὴν
745 1535 803 1557 τον
817 1519 968 1570 πόλεμον
984 1519 1183 1567 ὑπεδέξατο,

139 1579 199 1618 καὶ
229 1595 347 1618 τουτον
370 1577 459 1630 μετὰ
479 1581 540 1625 τ’ἧς
565 1579 745 1630 βασιλείας
765 1577 973 1630 παρέπεμψε
995 1580 1046 1630 τῷ
1065 1577 1183 1625 παιδὶ,

139 1637 229 1676 ὥστε
249 1640 324 1681 ταῖς
354 1637 485 1689 μάχαις
507 1636 789 1688 ἐπιτριοομένους
804 1635 882 1679 τους
906 1635 1045 1687 Πέρσας
1065 1635 1182 1687 ἀπάτῃ

141 1697 302 1742 ἐθελῆσαι
330 1694 392 1742 τὴν
413 1697 480 1732 τῶν
511 1693 652 1733 Οὔννων
673 1696 775 1732 λῦσαι
805 1693 985 1754 διαφορὰν,
1017 1709 1076 1731 και
1097 1694 1184 1740 δῆτα

142 1754 408 1806 διαπέμψασθαι
431 1753 488 1791 τὸν
510 1753 691 1804 Πειρώζην
716 1755 835 1802 (τουτο
855 1768 922 1804 γαρ
940 1755 982 1799 ἠν
1009 1751 1120 1801 ὄνομα
1137 1768 1186 1804 τῳ

141 1812 217 1850 τότε
238 1815 386 1863 Περσῶν
405 1811 640 1864 βασιλεύοντι)
659 1827 744 1863 προς
760 1811 818 1849 τὸν
836 1811 1002 1862 Κούγχαν
1022 1810 1078 1848 τὸν
1093 1809 1187 1849 Οὕν-

141 1886 209 1908 νων
228 1871 435 1922 ἡγούμενον,
457 1873 502 1914 ὡς
521 1869 582 1915 τὴν
599 1884 687 1921 προς
707 1869 810 1908 αὐτὸν
830 1869 1022 1919 ἀσμενίζων
1048 1869 1186 1921 εἰρήνην

143 1929 201 1966 ἐπί
215 1944 251 1966 τε
281 1928 469 1981 συμμαχία
489 1929 694 1966 σπένδεσθαι
717 1926 893 1979 βούλοιτο,
911 1926 970 1965 καὶ
995 1928 1058 1974 τὴν
1080 1929 1184 1965 αὐτοῦ

143 2003 262 2038 κατεγ
260 1994 319 2040 (eor
345 1987 510 2040 ἀδελφήν.
539 1987 726 2026 Νεώτατον
757 1985 823 2039 γὰρ
853 1985 956 2023 αὐτὸν
987 1989 1075 2023 εἶναι
1099 2001 1184 2023 συν-

1011 213 1171 253 Pfllscl
1198 212 1406 251 PANITAE
1458 187 1460 189 ’

1239 299 1368 347 έὸαινε,
1383 299 1442 338 καὶ
1461 299 1607 350 μηδέπω
1622 299 1754 338 παίδων
1773 294 1859 338 εἶναι
1872 298 2021 351 πατέρα.
2035 300 2104 340 Τὸν
2120 301 2155 339 δὲ
2170 308 2278 353 προσ·

1240 358 1424 408 δεξάμενον
1462 358 1540 403 τοὺς
1574 359 1694 410 λόγους
1726 358 1907 410 γήμασθαι
1942 360 1980 396 οὗ
2011 363 2072 396 τοῦ
2102 359 2280 411 Πειρώζου

1240 418 1405 470 ἀδελφὴν,
1428 419 1505 455 ἀλλ’
1525 418 1644 470 ἑτέραν
1659 423 1807 468 γυναῖκα
1828 418 2015 468 βασιλικῶς
2035 419 2280 468 διακοσμηθεῖ-

1240 491 1318 523 σαν,
1333 476 1377 522 ἣν
1396 478 1413 513 6
1434 477 1579 528 Περσῶν
1607 476 1779 529 μόναρχος
1803 475 1997 527 ἐξέπεμψε,
2019 475 2281 528 παρεγγυήσας,

1240 537 1285 577 ὣς
1299 533 1396 572 οὐδὲν
1413 534 1476 584 μὲν
1491 534 1786 573 ἀνακαλύπτουσα
1799 538 1868 573 τῶν
1883 534 2196 586 ἐσχηματισμένων
2215 537 2281 587 βα-

1241 591 1372 636 σιλείας
1403 592 1463 630 καὶ
1495 593 1714 642 εὐδαιμονίας
1746 592 1898 644 μεθέξει,
1934 592 2122 644 ε’κλέγουσα
2152 591 2187 630 δὲ
2217 591 2281 640 τὴν

1243 649 1422 702 ὑπόκρισιν
1438 650 1584 690 θάνατον
1605 650 1671 696 ἕξει
1698 651 1851 702 ζημίαν·
1878 652 1915 688 οὗ
1935 650 2002 703 γὰρ
2023 649 2199 695 ἀνέξεσθαι
2223 650 2282 690 τὸν

1243 708 1480 780 Κιδαριτῶν”
1457 723 1611 760 αρχοντα
1627 708 1869 762 θεράπαιναν”
1852 724 1943 760 εχειν
1961 708 2116 760 γαμετὴν
2132 708 2207 746 ἀντὶ
2223 711 2297 756 τῆς·

1242 781 1279 804 ευ
1310 764 1509 817 γενομένης.
1535 765 1671 804 Ἰούτου
1690 766 1792 819 χάριν
1814 766 2043 816 σπεισάμενος
2065 769 2082 805 6
2104 765 2285 818 Πειρώζης

1241 823 1325 876 πρὸς
1340 823 1398 862 τὸν
1418 825 1485 861 τῶν
1506 823 1682 863 Οὔννων
1666 826 1854 876 ηγούμενον
1869 841 1930 864 ουκ
1944 825 2002 864 ἐπὶ
2016 825 2103 863 πολὺ
2120 841 2180 870 της
2196 824 2284 863 ἀπά-

1241 898 1302 929 της
1318 881 1483 920 ἀπώνατο
1496 898 1503 906 ·
1523 882 1753 930 εὔλαὸηθεῑσα
1769 883 1836 936 γὰρ
1856 887 1877 930 ἡ
1895 885 2000 935 γυνὴ,
2017 883 2065 934 μή
2084 899 2166 922 ποτε
2186 886 2204 921 6
2221 883 2282 935 ἅρ-

1242 955 1316 992 χων
1333 944 1393 978 τοῦ
1408 940 1521 984 ἔθνους
1538 941 1604 978 ὑπὸ
1621 942 1745 992 ἑτέρων
1765 942 1955 992 πυθόμενος
1972 942 2034 989 τὴν
2055 945 2159 988 αὐτῆς
2175 941 2284 994 τύχην

1243 1001 1391 1050 χαλεπῷ
1413 997 1519 1045 αὐτὴν
1541 999 1655 1051 ὑφέξει
1677 1001 1834 1053 θανάτῳ,
1865 1001 1988 1050 μηνύει
2011 1000 2050 1038 τὸ
2080 1001 2281 1050 μελετηθέν,

1244 1056 1289 1096 ‘O
1319 1057 1355 1094 δὲ
1381 1056 1546 1108 Κούγχας
1577 1058 1759 1102 ἐπαινέσας
1785 1058 1848 1105 τὴν
1873 1065 2021 1110 γυναῖκα
2043 1061 2104 1104 τῆς
2124 1058 2286 1106 ἀληθείας

1246 1114 1353 1161 αὐτὴν
1374 1114 1436 1166 μὲν
1458 1115 1591 1165 ἔμεινεν
1611 1115 1701 1168 ἔχων
1723 1116 1897 1168 γαμετὴν,
1918 1118 2079 1155 τίσασθαι
2099 1116 2135 1155 δὲ
2154 1121 2214 1155 τοῦ
2229 1117 2286 1156 δό-

1243 1174 1306 1211 λου
1329 1173 1510 1225 Πειρώζην
1525 1174 1651 1212 ἐθέλων
1667 1175 1819 1225 πόλεμον
1834 1174 1918 1226 πρὸς
1937 1174 2015 1218 τοὺς
2030 1175 2214 1238 ὁμόρους’
2195 1191 2287 1228 εχειν

1244 1226 1468 1278 ὑπεκρίνετο,
1501 1226 1632 1265 δεῖσθαί
1665 1243 1703 1266 τε
1735 1229 1868 1280 ἀνδρων
1893 1243 1931 1265 ου
1963 1230 2031 1266 τῶν
2053 1227 2137 1279 πρὸς
2168 1229 2287 1279 μάχην

1245 1285 1448 1332 ἐπιτηδείων
1466 1286 1477 1336 (
1492 1286 1613 1338 μυρίον
1630 1285 1697 1338 γὰρ
1715 1287 1810 1324 αὐτῶ
1827 1287 1988 1338 παρεῖναι
2001 1287 2178 1338 πλῆθος),
2198 1285 2288 1325 ἀλλὰ

1246 1345 1314 1381 τῶν
1331 1343 1644 1396 στρατηγησόντων
1660 1346 1754 1398 αὐτῷ
1772 1345 1831 1382 τὸν
1846 1345 2013 1394 πόλεμον.
2033 1344 2078 1384 ‘O
2093 1345 2130 1382 δὲ
2145 1344 2174 1382 τ’
2193 1346 2288 1397 αὐτῷ

1247 1402 1372 1450 ἄνδρας
1391 1406 1458 1440 τῶν
1487 1403 1643 1454 λογάδων
1667 1403 1849 1456 ἐξέπεμψε,
1880 1404 1952 1443 Καὶ
1986 1404 2063 1447 τοὺς
2088 1403 2150 1455 μὲν
2181 1406 2288 1442 ὁτῶν

1250 1462 1444 1514 Κιδαριτῶν
1479 1461 1598 1514 ἅρχων
1631 1462 1831 1509 ἀπέκτεινε,
1867 1463 1945 1506 τοὺς
1973 1462 2008 1500 δὲ
2040 1462 2290 1513 λωὸησάμενος

1245 1518 1343 1572 παρὰ
1352 1519 1410 1557 τὸν
1426 1520 1608 1573 Πειρώζην
1625 1520 1832 1572 ἀπέπεμψεν
1850 1522 2153 1571 ἀπαγγελοῦντας,
2169 1523 2215 1564 ὡς
2229 1523 2290 1567 τ’ἦς

1247 1577 1385 1624 ἀπάτης
1404 1578 1534 1625 ταύτην
1554 1578 1660 1617 ἔδωκε
1679 1579 1790 1625 δίκην.
1808 1578 1929 1622 Οὕτως
1946 1573 2040 1623 αὖθις
2059 1581 2174 1623 αὐτοῖς
2189 1581 2207 1617 6
2227 1579 2290 1617 πό-

1246 1637 1350 1687 λεμος
1362 1638 1628 1688 ἀνεζωπυρήθη,
1637 1638 1695 1676 καὶ
1706 1638 1878 1689 ἐμάχοντο
1889 1640 2076 1690 καρτερῶς.
2093 1638 2156 1677 Ἰῖν
2173 1629 2288 1691 Γόργᾳ

1247 1694 1358 1733 τοίνυν
1377 1697 1498 1746 (τοῦτο
1514 1698 1581 1748 γὰρ
1598 1696 1707 1747 ὄνομα
1724 1699 1773 1748 τῷ
1791 1696 1930 1749 χωρίῳ,
1950 1698 1984 1734 ἐν
1998 1692 2092 1749 ᾧπερ
2112 1697 2290 1735 συνέὸαινε

1248 1752 1327 1797 τοὺς
1337 1754 1479 1806 Πέρσας
1492 1755 1843 1807 στρατοπεδεύεσθαι)
1858 1755 1914 1793 τὸν
1929 1755 2172 1794 Κωνστάντιον
2183 1758 2200 1794 ὂ
2213 1757 2291 1795 Πει-

1250 1811 1360 1863 ρώζης
1391 1812 1551 1864 ἐδέχετο,
1580 1812 1641 1851 καί
1671 1829 1765 1856 τινας
1791 1813 1925 1865 ἡμέρας
1956 1814 2292 1866 φιλοφρονησάμενος

1249 1871 1427 1923 διαφῆκεν,
1457 1870 1563 1916 δεξιὸν
1593 1871 1689 1910 οὐδὲν
1717 1871 1796 1925 περὶ
1815 1875 1875 1918 τ’ῆς
1894 1871 2080 1924 πρεσὸείας
2100 1871 2292 1924 ἀποκρινά-

1248 1943 1360 1978 μενος.

145 2107 216 2129 rum
231 2099 450 2139 conscriptus;
462 2098 502 2129 ad
517 2101 629 2130 Persas
641 2107 717 2129 vero
728 2097 933 2129 Constantius
942 2121 951 2135 ‚
965 2096 1097 2128 tertium
1111 2105 1190 2136 prae·

146 2151 264 2190 sectus,
285 2153 317 2182 et
334 2159 398 2182 una
411 2159 485 2182 cum
503 2151 671 2181 consulatu
692 2149 771 2189 (an.
790 2149 870 2189 457)
888 2148 1072 2189 patriciatus
1087 2148 1190 2188 digni-

145 2203 246 2233 tatem
263 2203 405 2235 sortitus.
423 2204 463 2234 Et
479 2202 632 2234 Tatianus
649 2201 778 2242 quidem
794 2209 814 2232 a
829 2200 982 2232 Vandalis
997 2200 1080 2231 intra
1095 2199 1192 2232 breve

145 2255 290 2294 tempus,
318 2263 352 2285 re
376 2254 510 2294 insecta,
537 2262 682 2285 reversus
699 2254 767 2291 est,
791 2251 964 2292 repudiatis
979 2260 998 2283 a
1020 2251 1191 2283 Genserico

147 2305 234 2345 pacis
254 2304 501 2339 conditionibus.
524 2304 729 2336 Constantius
751 2312 826 2335 vero
850 2303 994 2342 Edessae,
1019 2311 1094 2342 quae
1115 2302 1194 2334 urbs

146 2358 194 2388 est
217 2357 249 2387 in
274 2358 492 2387 Romanorum
517 2355 638 2387 ditione
668 2355 770 2395 posita
793 2355 826 2386 et
853 2355 954 2386 Persis
975 2354 1191 2394 contermina,

147 2404 307 2447 substitit,
323 2407 355 2438 in
369 2416 434 2447 qua
445 2407 537 2447 longo
552 2409 696 2447 tempore
711 2407 929 2438 commoratus
941 2407 1005 2446 est,
1017 2414 1120 2446 quum
1137 2405 1191 2437 diu

147 2469 222 2492 eum
236 2460 405 2491 admittere
425 2460 616 2491 Parthorum
634 2468 691 2491 rex
705 2459 859 2491 differret.

639 2515 697 2547 33.

189 2569 332 2600 Tandem
349 2571 520 2601 Persarum
537 2578 594 2601 rex
610 2568 834 2601 Constantium
852 2568 991 2608 legatum
1003 2591 1012 2606 ‚
1028 2567 1085 2607 qui
1099 2568 1192 2607 longo

149 2622 307 2660 tempore,
322 2623 359 2652 ut
375 2621 513 2652 diximus
523 2645 531 2660 ,
548 2620 713 2660 legationis
725 2629 821 2652 causa
835 2620 963 2652 Edessae
986 2619 1192 2658 substiterat,

149 2673 183 2704 in
204 2682 294 2704 suam
312 2673 471 2713 regionem
495 2673 622 2705 admisit
648 2675 680 2705 et
699 2673 740 2704 ad
767 2678 800 2704 se
816 2673 925 2704 venire
945 2672 1055 2712 iussit,
1079 2680 1143 2703 non
1160 2671 1193 2703 in

150 2725 285 2757 urbibus
299 2727 388 2764 tum,
404 2725 459 2757 sed
480 2726 511 2756 in
535 2725 682 2757 confiniis
706 2725 842 2766 regionis
858 2734 925 2757 suae
945 2727 977 2757 et
999 2726 1194 2756 Hunnorum

151 2777 370 2809 Cidaritarurn
399 2786 612 2809 commorans.
649 2778 774 2810 Etenim
806 2777 927 2810 bellum
961 2777 1000 2809 iis
1027 2777 1192 2817 intulerat,

153 2830 321 2869 propterea
344 2828 429 2868 quod
448 2829 556 2861 llunni
573 2829 704 2861 minime
719 2829 878 2861 tributum
893 2828 1089 2868 inserebant,
1106 2828 1194 2869 quod

151 2880 212 2912 illis
237 2880 313 2911 olim
338 2882 505 2912 Persarum
523 2885 554 2912 et
580 2881 772 2912 Parthorum
792 2885 880 2921 reges
906 2881 1134 2921 imposuerant.
1154 2881 1195 2912 Et

151 2933 232 2973 regis
255 2935 445 2964 Hunnorum
474 2935 562 2973 pater
588 2933 810 2974 (Jsdeyerdes
825 2935 856 2974 ),
882 2933 994 2965 tributi
1018 2933 1207 2980 illationem.

151 2993 303 3023 renuens,
321 2985 441 3016 bellum
458 2987 644 3025 exceperat,
663 2985 751 3026 quod
769 2985 899 3026 quidem
920 2994 985 3017 una
1004 2994 1079 3016 cum
1098 2994 1194 3025 regno

151 3036 193 3068 ad
210 3036 311 3068 tilium
329 3037 550 3069 transmiserat
565 3050 572 3069 z
588 3037 691 3070 donec
709 3038 809 3070 Persis
827 3038 961 3078 longiori
977 3038 1062 3070 bello
1081 3038 1195 3069 defati-

151 3089 233 3129 gatis
247 3088 384 3120 venitin
409 3091 549 3121 mentem
567 3089 689 3121 bellum
713 3099 788 3121 cum
808 3091 932 3122 Hunnis
957 3090 1069 3122 fraude
1093 3091 1194 3121 linire.

153 3143 264 3182 ltaque
282 3143 411 3173 Pei-oses
424 3142 486 3181 (sic
500 3142 584 3174 enim
599 3144 765 3174 Persarum
778 3152 833 3174 rex
849 3143 1024 3174 vocabatur
1034 3143 1045 3182 )
1055 3142 1097 3174 ad
1109 3144 1195 3174 Cun-

155 3193 250 3224 cham
261 3217 270 3233 ‚
289 3194 478 3224 Hunnorum
498 3202 621 3233 regem,
642 3193 744 3233 misit,
759 3195 915 3234 tanquam
932 3194 1028 3226 vellet
1044 3203 1119 3225 cum
1135 3194 1197 3226 illis

155 3252 266 3284 pacem
283 3243 409 3275 firmare
423 3245 455 3276 et
472 3253 636 3275 armorum
650 3239 834 3277 societatem
847 3244 980 3285 ,iungere
995 3246 1027 3276 et
1043 3245 1086 3276 illi
1104 3254 1195 3277 suam

154 3303 297 3333 sororem
318 3294 394 3326 dare
410 3303 556 3326 uxorem.
582 3295 637 3326 llle
650 3295 735 3326 enim
751 3297 819 3327 erat
831 3297 902 3327 tum
922 3296 1003 3327 rorte
1023 3296 1129 3327 adhuc
1142 3296 1194 3336 ju-

155 3345 238 3384 nior,
249 3353 353 3385 neque
362 3345 438 3377 dum
451 3342 566 3377 liberos
576 3346 658 3377 ullos
667 3346 849 3378 sustulerat.
864 3347 987 3384 Quibus
997 3348 1196 3379 sermonibus

155 3406 256 3441 quum
269 3397 418 3431 Cunchas
431 3399 512 3430 esset
528 3406 690 3438 assensus,
708 3402 771 3430 non
789 3401 895 3430 tamen
913 3399 1034 3431 Perosis
1053 3409 1193 3431 sororem

1252 2097 1283 2128 in
1303 2098 1544 2130 matrimonium
1567 2099 1680 2139 duxit,
1706 2099 1761 2132 sed
1785 2100 1882 2132 aliam
1905 2100 2072 2131 mulierem
2097 2100 2184 2140 regio
2199 2099 2291 2132 cultu

1251 2149 1451 2182 adornatam.
1470 2152 1560 2182 Hanc
1581 2153 1689 2183 autem
1711 2154 1880 2184 Persarum
1903 2160 1962 2184 rex
1983 2152 2086 2191 misit,
2103 2153 2158 2191 ut,
2171 2151 2198 2183 si
2213 2151 2292 2183 nihil

1251 2210 1363 2233 eorum
1374 2226 1383 2242 ‚
1396 2196 1471 2242 uuae
1492 2203 1704 2243 fingebantur,
1724 2203 1921 2243 enuntiaret,
1938 2204 2032 2244 regiae
2050 2202 2208 2235 felicitatis
2219 2211 2293 2244 par-

1250 2254 1380 2294 ticipem
1396 2254 1537 2286 suturam
1555 2267 1562 2286 :
1577 2254 1626 2286 sin
1638 2254 1745 2286 minus
1754 2279 1762 2294 ,
1777 2256 1810 2286 et
1823 2254 1970 2286 simulata
1983 2254 2160 2295 detegeret,
2180 2255 2294 2287 mortis

1251 2305 1442 2346 supplicium
1464 2305 1663 2344 subituram;
1687 2314 1753 2337 non
1777 2305 1861 2337 enim
1887 2314 2055 2346 passurum
2080 2305 2293 2338 Cidaritarum

1253 2367 1378 2398 regem,
1395 2367 1529 2390 uxorem
1555 2367 1588 2390 se
1610 2358 1728 2390 habere
1748 2358 1871 2390 servilis
1884 2357 2075 2390 conditionis
2087 2367 2145 2399 pro
2157 2358 2293 2398 ingenua

1252 2411 1284 2441 et
1300 2410 1408 2441 nobili.
1420 2412 1528 2448 Quum
1541 2410 1636 2450 igitur
1649 2410 1698 2442 his
1707 2409 1942 2441 conditionibus
1956 2411 2086 2443 penses
2096 2418 2206 2450 pacem
2219 2418 2292 2441 cum

1254 2464 1447 2494 Hunnorum
1474 2471 1546 2502 rege
1563 2462 1737 2502 sanxisset,
1754 2471 1817 2494 non
1834 2462 1879 2494 illi
1902 2461 1957 2493 diu
1980 2470 2039 2494 sua
2056 2462 2142 2494 fraus
2161 2461 2293 2494 utilitati

1253 2516 1285 2546 et
1304 2515 1421 2546 fructui
1444 2515 1515 2547 suit.
1540 2515 1654 2547 Mulier
1670 2515 1774 2555 enim,
1788 2515 1905 2546 timens
1921 2522 1979 2554 ne,
2005 2513 2032 2546 si
2045 2514 2127 2546 forte
2144 2523 2200 2556 per
2215 2513 2294 2546 alios

1253 2568 1292 2600 de
1310 2577 1368 2599 sua
1385 2568 1565 2600 conditione
1584 2568 1698 2600 certior
1717 2567 1826 2606 fieret,
1841 2567 1975 2608 pessima
1987 2576 2020 2599 se
2033 2568 2136 2599 morte
2156 2567 2294 2599 mulcta·-

1254 2621 1319 2659 ret,
1338 2620 1557 2651 commentum
1575 2619 1744 2659 vindicavit.
1772 2619 1919 2651 Cunchas
1936 2627 2030 2659 vero,
2058 2617 2226 2650 mulierem
2251 2617 2293 2650 ob

1254 2671 1422 2703 veritatem
1447 2670 1606 2702 detectam
1631 2670 1786 2710 laudans,
1806 2678 1876 2702 eam
1899 2670 1933 2701 in
1957 2669 2159 2701 matrimonio
2177 2668 2294 2701 habere

1255 2722 1411 2763 perstitit,
1425 2721 1478 2754 sed
1496 2721 1607 2753 dolum
1623 2722 1682 2753 sibi
1708 2722 1826 2753 sactum
1847 2721 1991 2760 ulturus,
2007 2721 2120 2752 contra
2141 2719 2294 2752 finitimos

1253 2775 1372 2806 bellum
1389 2782 1423 2806 se
1440 2782 1548 2814 gerere
1563 2773 1741 2812 simulavit,
1762 2773 1794 2803 in
1810 2781 1874 2812 qno
1891 2772 1950 2804 sibi
1966 2772 2042 2803 viris
2054 2780 2134 2812 opus
2149 2779 2217 2804 osse
2228 2779 2293 2803 non

1254 2827 1384 2868 quidem
1412 2826 1452 2858 ad
1481 2825 1630 2858 militiam
1663 2826 1744 2865 aptis
1769 2824 1945 2863 (infinitam
1981 2823 2064 2855 enim
2096 2823 2210 2854 horum
2234 2822 2293 2854 sibi

1255 2881 1363 2913 adesse
1387 2879 1667 2918 multitudinem),
1695 2877 1750 2909 sed
1779 2877 1843 2917 his,
1872 2877 1927 2918 qui
1956 2876 2077 2919 bellum
2103 2876 2163 2907 sibi
2188 2875 2292 2907 admi-

1255 2933 1438 2965 nistrarent.
1471 2934 1601 2964 Peroses
1634 2939 1710 2961 vero
1743 2930 1902 2961 trecentos
1934 2927 2112 2968 principum
2149 2926 2190 2958 ad
2218 2935 2292 2958 eum

1255 2984 1352 3024 misit,
1367 2993 1504 3024 quorum
1521 2983 1598 3014 alios
1614 2981 1827 3014 Cidaritarum
1843 2989 1896 3011 rex
1913 2978 2096 3017 trucidavit,
2113 2977 2192 3009 alios
2204 2979 2294 3009 trun-

1255 3037 1344 3068 catos
1362 3035 1402 3067 ad
1421 3037 1568 3067 Perosem
1584 3033 1715 3072 remisit,
1732 3031 1787 3072 qui
1801 3030 2036 3069 renuntiarent,
2050 3029 2107 3060 has
2122 3028 2192 3062 illos
2208 3037 2294 3060 com-

1255 3088 1359 3120 missae
1373 3087 1413 3118 ab
1427 3095 1464 3118 eo
1479 3082 1599 3118 fraudis
1617 3093 1727 3125 poenas
1740 3082 1846 3114 luisse.
1866 3083 1977 3121 ltaque
1993 3081 2075 3112 inter
2088 3080 2172 3120 ipsos
2189 3080 2292 3112 multo

1255 3139 1377 3176 acrius,
1393 3146 1489 3178 quam
1503 3138 1615 3176 antea,
1633 3135 1752 3167 bellum
1765 3135 1813 3165 est
1825 3133 2019 3170 excitatum,
2033 3132 2064 3163 et
2081 3131 2230 3162 omnibus
2242 3131 2292 3162 vi-

1254 3191 1343 3223 ribus
1366 3189 1597 3230 depugnarunt.
1623 3189 1660 3219 ln
1686 3188 1789 3226 Gorga
1810 3184 1905 3224 igitur
1923 3183 2001 3222 (hoc
2020 3181 2110 3220 *enim
2133 3183 2203 3214 erat
2221 3182 2292 3213 loco

1249 3251 1392 3281 -nomen,
1410 3241 1442 3272 in
1463 3248 1527 3283 quo
1544 3241 1623 3271 tunc
1645 3239 1726 3270 sorte
1751 3239 1853 3267 Persae
1877 3235 1980 3265 castra
2002 3233 2184 3273 habebant)
2201 3235 2292 3265 Con-

1253 3294 1406 3327 stantium
1430 3294 1558 3324 Peroses
1579 3289 1714 3330 excepit.
1741 3291 1842 3325 Quem
1861 3287 2030 3326 postquam
2056 3294 2112 3325 per
2137 3283 2290 3324 quosdam

1254 3347 1321 3378 dies
1333 3346 1417 3378 laute
1432 3344 1643 3382 tractaverat,
1661 3340 1749 3372 nullo
1769 3338 1880 3370 idoneo
1894 3337 1934 3368 ad
1947 3337 2136 3377 legationem
2149 3335 2223 3367 dato
2240 3343 2290 3367 re-

1253 3408 1382 3440 sponso,
1398 3396 1523 3429 dimisit.
