2326 3724
987 193 1318 232 FRAGMENTA.
2173 199 2221 231 39

91 284 266 336 πολεμίοις
291 284 619 341 ἐπιτετηδευμενον,
641 279 737 319 οὐδὲν
757 279 903 332 ἐχούσης
925 282 986 323 τ’ἧς
1011 279 1126 330 μιμή-

91 360 178 387 σεως
206 343 459 395 πραγματῶδες
479 356 539 379 και
561 331 741 388 δύσκολον,
775 339 864 377 ἀλλὰ
887 338 1021 400 ἐξηρκει
1040 339 1125 392 φαιὰ

90 402 214 452 ἱμάτια
235 402 375 451 σύρουσι
394 415 452 438 και
470 398 631 451 χιτώνια,
653 398 813 449 πονηροῖς
828 413 864 436 τε
883 402 970 439 εἰναι
987 396 1046 436 καὶ
1062 412 1127 435 πι-

90 460 282 500 στεύεσθαι.
309 458 378 498 Καὶ
408 473 508 496 τουτο
538 457 638 501 ὀξέως
663 458 814 495 συνειδον
835 459 866 495 οἱ
898 455 1065 508 βάρῧαροι
1088 454 1127 493 τὸ

91 517 348 569 θαυμαζόμενον
368 516 465 568 παρὰ
485 514 674 565 Ῥωμαίοις
702 517 735 558 ἐς
761 514 977 568 παραγωγὴν
1003 516 1127 561 ἐπιτη-

91 576 271 619 δεύσαντες
283 591 291 599 ·
307 574 382 613 ἐπεὶ
395 574 439 613 τά
455 590 494 626 γε
505 574 594 612 ἄλλα
613 574 702 623 μετὰ
721 573 910 625 βαθύτητος
923 573 983 611 καὶ
998 572 1129 619 σκέπης

91 634 142 673 ὅτι
161 634 314 684 μάλιστα
336 631 600 684 στεγανωτάτης
621 634 689 669 τῶν
707 631 915 684 ἀπορρήτων
933 630 978 668 τὰ
996 629 1128 682 πάτρια

89 694 166 747 ἱερὰ
185 694 347 744 γεννικῶς
376 708 412 730 τε
444 691 504 730 καὶ
524 691 654 738 ἀδόλως
671 691 900 744 φυλάττοντες
932 690 1128 743 [διετέλουν

90 767 199 803 supp.
216 752 297 802 N.].
311 748 416 789 Οὕτω
433 749 468 788 δὲ
483 749 630 802 ἐχόντων
645 749 786 798 τούτων,
797 748 891 799 ὅμως
905 750 939 793 ἐς
956 749 1128 795 τοσαύτην

92 810 209 848 ἄνοιαν
233 807 484 855 ἐξεπτώκεσαν,
504 806 594 846 ὥστε
628 811 885 858 συμπεπεῖσθαι
920 809 1037 860 σαφῶς
1069 806 1130 845 καὶ

92 867 238 919 ἀμάχως
255 866 333 912 τοὺς
358 868 541 910 δοκοῦντας
560 870 638 904 νοῦν
668 866 772 918 ἔχειν,
794 865 846 904 ὅτι
865 865 1071 918 Χριστιανοί
1093 864 1132 903 τέ

92 928 158 964 εἶσι
173 926 233 964 καὶ
253 925 381 968 πάσαις
400 930 476 967 ταῖς
495 925 650 968 τελεταῖς
670 923 862 976 ἀνέχοντες.

143 986 229 1022 Haec
260 998 339 1021 non
367 985 414 1021 de
441 984 593 1030 Gothis,
628 985 694 1032 qui
722 985 790 1019 sub
818 985 970 1021 Valente
998 982 1127 1032 (376)

91 1046 227 1081 Istrum
254 1045 499 1090 transierunt,
530 1043 596 1078 sed
619 1043 665 1078 de
685 1044 792 1078 novis
822 1043 890 1078 sub
917 1042 1130 1078 Theodosio

92 1104 244 1140 advenis
258 1102 499 1150 intelligenda
513 1114 588 1137 esse
605 1102 796 1137 videntur.
813 1102 933 1137 Maius
947 1108 1104 1136 annotat
1121 1114 1129 1136 :

98 1179 113 1195 «
131 1164 214 1198 Hoc
232 1162 319 1197 loco
339 1162 463 1210 agitur
476 1161 522 1196 de
545 1161 716 1196 barbaris
735 1162 805 1196 illis
823 1173 986 1208 quorum
1003 1161 1132 1208 ingen-

94 1229 167 1256 tem
188 1233 387 1256 numerum
406 1219 455 1255 ad
481 1231 518 1255 se
537 1219 716 1255 accedere
734 1231 862 1268 passus
881 1226 934 1254 est
958 1217 1133 1254 Theodo-

94 1279 168 1314 sius
187 1277 351 1327 (Zosim.
374 1279 438 1323 IV,
462 1277 525 1315 3ο.
549 1277 644 1326 33),
663 1278 723 1313 vel
743 1278 788 1322 de
814 1277 1028 1325 Porthingis
1045 1278 1134 1313 item

94 1338 230 1372 Istrum
250 1337 318 1372 sub
344 1336 477 1372 eodem
494 1337 721 1384 imperatore
738 1349 816 1371 non
834 1337 911 1371 sine
936 1348 1133 1371 munerum

94 1396 307 1443 corruptela
324 1395 619 1439 transeuntibus,
636 1402 679 1429 ut
697 1395 770 1430 late
789 1395 919 1430 scribit
942 1394 1043 1429 idem
1061 1396 1133 1430 Zo-

93 1454 207 1489 simus
222 1454 285 1499 IV,
308 1452 377 1498 38,
401 1453 465 1501 39.
488 1468 504 1486 ³>
535 1454 584 1489 At
608 1465 690 1500 quae
715 1453 883 1488 Zosimus
910 1451 974 1496 lv,
998 1450 1061 1486 30.
1086 1451 1132 1487 33

94 1518 240 1558 narrat,
272 1524 350 1547 non
369 1519 455 1547 sunt
475 1511 659 1558 ejusmodi
681 1518 724 1546 ut
753 1511 802 1546 ad
819 1517 989 1546 nostrum
1008 1510 1135 1546 locum

94 1571 238 1619 possint
254 1569 400 1608 referri.
423 1571 512 1617 Quae
531 1571 576 1606 de
597 1570 811 1618 Porthingis
825 1570 992 1605 Zosimus
1007 1570 1068 1614 IV,
1086 1568 1133 1604 38

94 1629 225 1674 habet,
246 1630 436 1677 pertinent
453 1630 500 1665 ad
516 1642 655 1665 annum
675 1629 748 1665 386
763 1643 773 1674 3
793 1640 989 1676 quousque
1005 1636 1134 1664 nostro

95 1688 180 1722 loco
197 1687 367 1723 nondum
379 1687 563 1736 perducta
577 1700 652 1723 esse
667 1688 793 1735 potuit
808 1688 989 1722 narratio.
1013 1688 1136 1733 Quare

97 1746 143 1781 de
154 1746 226 1781 alio
243 1752 413 1794 tempore
432 1746 551 1795 (inter
561 1758 648 1781 ann.
665 1745 734 1781 381
751 1753 787 1781 et
802 1744 875 1780 383
892 1744 1041 1793 medio)
1059 1757 1135 1780 ser-

96 1817 247 1840 monem
262 1805 300 1839 h.
323 1805 347 1842 l.
364 1817 438 1840 esse
457 1805 634 1840 arbitror.
655 1825 706 1833 ·-
719 1801 854 1854 ἱερὰ...
878 1803 1084 1854 συνεφελκ
1096 1816 1137 1839 ο-

98 1859 174 1910 μέν
183 1861 229 1911 η]
245 1862 299 1899 Cf.
311 1864 562 1911 Hieronymus
572 1864 644 1911 Ep.
662 1874 748 1911 107,
761 1875 781 1898 2
800 1875 809 1898 :
825 1863 996 1898 Getarum
1008 1863 1138 1897 rulilus

98 1920 262 1966 etssavus
279 1925 460 1956 exercitus
478 1913 714 1956 ecelesiar-zmz
732 1918 944 1966 circunfert
960 1924 1133 1964 tentoria,·

66 1979 70 1982 ’
99 1987 137 2014 et
149 1980 231 2014 ideo
240 1977 402 2023 fortasse
415 1988 543 2015 contra
556 1992 621 2015 nos
633 1992 825 2027 oequapu
811 1987 925 2014 “nant
938 1982 1029 2022 acie,
1047 1983 1136 2026 quia

95 2040 183 2084 pari
212 2038 388 2084 reh'gione
416 2038 613 2085 confidunt.
634 2058 686 2064 ——
701 2035 889 2088 ἱερείας]
923 2053 937 2069 «
968 2038 1138 2085 Intellige

100 2095 324 2131 diaconissas
342 2097 383 2130 in
402 2103 526 2131 vetere
543 2096 742 2131 christiana
765 2097 929 2131 Ecclesia
953 2108 1138 2142 nusquam

99 2166 178 2188 non
198 2154 367 2189 ordinari
394 2155 532 2191 solitas.
553 2155 674 2189 Immo
691 2166 782 2190 vero
799 2155 1006 2202 intelligere
1026 2155 1140 2190 etiam

99 2213 187 2247 licet
215 2224 337 2248 sacras
365 2213 527 2261 virgines
559 2213 761 2258 moniales;
795 2213 900 2260 quod
930 2214 1140 2248 institutum

100 2270 203 2318 apud
221 2270 364 2307 Gothos
383 2271 612 2307 Christianos
632 2272 809 2307 exstitisse
827 2273 914 2308 satis
935 2272 1139 2309 docerGo-

101 2329 191 2364 thiei
216 2330 420 2365 calendarii
441 2330 689 2378 fragmentum
708 2331 747 2365 in
765 2331 967 2379 specimine
995 2331 1142 2366 Medio-

99 2388 241 2422 lanensi
269 2388 431 2433 editum,
456 2388 524 2424 ubi
543 2401 610 2426 x1v
626 2389 713 2427 Kal.
738 2390 898 2437 Augusti
920 2390 1058 2437 legitur
1076 2401 1139 2425 ve-

100 2445 328 2480 nerabilium
355 2447 423 2482 XL
452 2448 674 2482 monialium
703 2448 1036 2492 commemoratio,
1059 2459 1143 2495 quae

101 2505 238 2539 Beroeae
251 2505 470 2552 martyrium
482 2505 663 2542 fecerunt.
681 2522 696 2537 »
716 2507 808 2543 MAI.
818 2527 870 2532 —
880 2506 902 2541 ἀ
911 2520 937 2541 π
948 2519 965 2541 ο
975 2520 993 2556 ρ
1004 2503 1115 2556 ρήτω
1124 2520 1141 2541 ν

102 2623 200 2653 genus
213 2614 289 2646 illud
301 2615 486 2655 bominum,
503 2624 585 2656 quos
603 2616 776 2648 monachos
788 2616 942 2656 dicimus,
961 2617 1001 2648 ad
1015 2616 1142 2648 illorum

103 2665 314 2696 imitationem
327 2666 550 2706 subornatum,
562 2668 617 2707 qui
629 2668 660 2699 in
672 2667 805 2700 adversa
815 2670 905 2708 parte
919 2668 1139 2707 versabantur;

105 2717 223 2757 quippe
235 2717 370 2749 imitatio
384 2718 462 2749 nihil
477 2718 572 2750 babet
591 2727 760 2759 operosum
780 2721 836 2751 aut
851 2719 999 2759 difficile,
1022 2720 1077 2751 sed
1093 2720 1142 2751 ni-

106 2767 168 2807 gris
179 2769 313 2808 paenulis
329 2771 361 2801 et
373 2771 490 2802 tunicis
505 2771 640 2802 humum
653 2780 778 2803 verrere
790 2771 908 2804 sufficit
921 2772 1146 2812 improbosque

106 2828 174 2851 esse
191 2820 223 2851 et
238 2820 423 2852 existimari.
437 2823 545 2862 Atque>
556 2822 617 2853 lioc
633 2822 730 2854 barba
737 2823 761 2854 ri
775 2823 874 2863 probe
890 2824 1025 2855 scientes
1041 2824 1074 2855 in
1087 2824 1145 2855 ad-

107 2870 274 2903 miratione
287 2872 373 2910 apud
386 2874 543 2905 Romanos
553 2882 631 2913 esse,
642 2874 819 2915 decipiendi
833 2884 929 2907 causa
944 2876 1143 2908 factitabant.

109 2922 304 2962 Ceteroquin
333 2932 423 2955 sacra
439 2926 541 2964 patria
563 2925 717 2965 praeclare
741 2926 986 2967 incorrupteque
1010 2928 1148 2959 firmissi-

112 2982 230 3014 moque
245 2974 373 3006 silentio
386 2978 470 3007 tecta
487 2977 571 3017 apud
582 2986 614 3009 se
631 2977 865 3010 custodiebant.
882 2981 964 3016 Quae
982 2988 1085 3019 quum
1105 2979 1149 3011 ita

108 3033 142 3056 se
158 3025 312 3057 haberent
324 3050 333 3065 ‚
358 3027 566 3059 nibilominus
581 3028 681 3060 nostri
699 3029 731 3060 in
750 3031 876 3061 tantum
904 3030 1073 3063 dementiae
1091 3040 1148 3062 ve-

109 3079 245 3117 nerunt,
264 3080 300 3109 ut
311 3078 434 3110 cordati
448 3088 578 3119 quoque
592 3080 737 3113 homines
749 3082 914 3114 manifeste
927 3085 959 3115 et
972 3084 1150 3116 indubitate

111 3127 144 3159 in
174 3129 309 3160 eandem
340 3131 531 3162 sententiam
549 3132 822 3173 conspiraverint;
842 3135 929 3174 quod
954 3136 1000 3167 illi
1031 3137 1150 3169 scilicet

113 3179 284 3212 Christiani
297 3183 400 3213 essent
411 3183 509 3222 atque
521 3183 671 3215 omnibus
684 3185 842 3225 mysteriis
855 3186 982 3219 imbuti.

598 3239 656 3271 56.

153 3288 330 3320 Theodosio
346 3289 523 3330 imperante
543 3292 622 3323 adeo
639 3301 688 3324 res
701 3302 812 3325 omues
835 3294 1038 3335 insuperabili
1059 3296 1090 3327 vi
1120 3298 1152 3328 et

113 3338 220 3370 divina
236 3340 423 3373 necessitate
447 3343 765 3384 circumferebantur,
788 3347 824 3377 ut
846 3346 1008 3377 asinorum
1024 3355 1152 3387 quoque

1189 279 1425 331 ἐχεμυθία]
1445 296 1460 313 «
1478 282 1565 316 Haec
1579 281 1767 328 pertinere
1789 281 1962 316 videntur
1986 281 2033 317 ad
2052 294 2228 317 arcanam

1189 340 1295 390 apud*
1310 341 1538 376 Christianos
1564 339 1795 385 doctrinam,
1823 339 1869 374 de
1886 351 1962 386 qua
1987 352 2026 375 re
2058 341 2230 376 ecclesia-

1189 399 1273 434 stici
1303 399 1474 434 historici
1502 398 1771 435 disseruerunt.
1804 397 1900 432 Sane
1933 397 1978 432 de
1999 398 2231 434 eucharistiae

1188 451 1378 500 praecipue
1407 457 1441 487 et
1470 450 1517 486 de
1538 450 1715 498 baptismi
1731 457 1966 485 sacramento
1987 450 2089 497 apud
2112 451 2231 487 inere-

1190 509 1296 545 dulos
1323 516 1388 544 aut
1413 509 1585 544 indoctos
1612 508 1821 543 reticebant
1848 507 2061 550 Christiani,
2097 521 2144 543 ne
2174 522 2233 546 res

1189 568 1433 604 sanctissimas
1453 567 1620 602 ludibrio
1646 573 1930 615 exponerent.»
1952 566 2042 603 ΜΛῙ.
2060 587 2111 593 -
2128 567 2232 617 φαιὰ

1189 624 1346 675 ἱμάτια
1379 624 1584 684 σύρουσι]
1620 624 1676 661 Cf.
1700 626 1864 691 “Eunap.
1907 625 1947 659 in
1982 625 2056 660 Vit.
2096 626 2234 662 AEdesii

1189 697 1230 732 p.
1250 675 1644 731 45.1Ξίταέπεισῆγον
1662 683 1731 724 τοῖς
1747 682 1850 733 ἱεροῖς
1868 679 1984 754 τόπρις
2003 679 2080 723 τοὺς
2102 683 2235 720 καλου-

1192 740 1311 790 μένους
1331 739 1525 791 μοναχοὺς,
1546 737 1744 792 ἀνθρώπους
1771 737 1833 789 μὲν
1862 737 1953 777 κατὰ
1977 738 2016 776 τὸ
2035 733 2140 786 εἶδος,
2161 742 2179 778 ὅ
2199 741 2234 778 δὲ

1194 798 1264 851 βίος
1282 799 1394 841 αὐτοῖς
1411 797 1563 845 συώδης,
1584 797 1644 836 καὶ
1661 799 1692 840 ἐς
1713 796 1753 836 τὸ
1772 796 1921 849 ἐμφανὲς
1940 796 2098 849 ἔπασχόν
2119 813 2155 836 τε
2178 800 2236 837 καὶ

1192 857 1329 895 ἐποίουν
1354 856 1460 908 μυρία
1481 858 1575 893 κακὰ
1602 871 1662 893 και
1693 856 1868 908 ἄφραστα.
1903 855 1995 894 Ἀλλ’
2015 855 2107 906 ὅμως
2137 873 2236 896 τουτο

1193 914 1255 965 μὲν
1275 914 1431 988 εὐσεὸὲςΝ
1428 913 1560 961 ἐδόκει,
1581 915 1619 952 τὸ
1648 919 1876 966 καταφρονεῖν
1897 918 1956 952 τοῦ
1976 914 2087 952 θείου·
2107 931 2235 967 τυραν-

1193 973 1321 1020 νικὴν
1310 973 1377 1025 γὰρ
1399 976 1490 1025 εἶχεν
1512 972 1669 1018 ἐξουσίαν
1689 972 1767 1011 τότε
1783 979 1851 1016 πᾶς
1872 972 2050 1027 ἅνθρωπος
2070 973 2237 1023 μέλαιναν

1193 1047 1309 1085 φορων
1338 1033 1484 1079 ἐσθῆτα,
1504 1031 1564 1069 καὶ
1593 1032 1744 1084 δημοσία
1774 1031 2018 1082 βουλόμενος
2000 1036 2236 1083 ασχηιιονεῒν·

1195 1093 1228 1134 ἐς
1255 1085 1395 1129 τοσόνδε
1423 1092 1546 1144 ἀρετῆς
1567 1090 1677 1137 ἤλασε
1706 1090 1745 1129 τὸ
1766 1090 1991 1143 ἀνθρώπινον.
2024 1090 2130 1130 Ἀλλὰ
2158 1093 2236 1145 περὶ

1194 1149 1323 1188 τούτων
1346 1149 1408 1200 μὲν
1431 1149 1492 1187 καὶ
1511 1150 1546 1187 ἐν
1572 1155 1642 1192 τοῖς
1670 1153 1864 1193 καθολικοῖς
1891 1152 1951 1196 τῆς
1980 1149 2132 1202 ἱστορίας
2152 1167 2239 1202 συγ-

1195 1208 1399 1261 γράμμασιν
1417 1207 1566 1260 εἴρηται.

1686 1297 1748 1334 65.

1249 1392 1339 1428 Exc.
1361 1393 1418 1427 De
1431 1399 1522 1428 sent.
1537 1404 1576 1461 p.
1595 1404 1641 1427 2
1628 1402 1696 1439 9.
1714 1389 1828 1428 ‘''On
1814 1405 1871 1427 επι
1891 1390 2079 1429 Θεοδοσίου
2095 1406 2158 1428 του
2177 1394 2241 1442 βα-

1197 1447 1354 1490 σιλεως
1340 1463 1373 1490 ες
1389 1462 1491 1485 τουτο
1509 1447 1576 1495 ἤδη
1595 1447 1779 1486 συνέπεσεν
1798 1447 1937 1485 ἅπαντα
1956 1463 2014 1485 και
2030 1448 2240 1500 περιηνεχθη

1196 1505 1286 1543 κατά
1306 1521 1383 1543 τινα
1409 1505 1488 1556 βίαν
1513 1506 1752 1557 ἀπαραίτητον
1773 1506 1833 1543 καὶ
1859 1505 2014 1557 ἀνάγκην
2039 1506 2242 1544 ἀνυπόστα-

1196 1579 1254 1602 τον
1277 1564 1338 1602 καὶ
1360 1563 1578 1612 θεήλατον,
1560 1580 1606 1608 ως
1626 1563 1686 1601 καὶ
1705 1563 1745 1601 τὸ
1764 1566 1832 1602 τῶν
1861 1563 1946 1601 ὄνων
1971 1562 2082 1614 γένος,
2114 1563 2162 1614 μὴ
2191 1564 2242 1602 ότι

1197 1625 1266 1660 τῶν
1282 1621 1414 1670 ἵππων,
1429 1621 1520 1683 ἀλληὰ
1536 1638 1597 1660 και
1611 1625 1679 1660 τῶν
1698 1622 1891 1676 ἐλεφάντων
1909 1622 2065 1673 γενέσθαι
2079 1623 2243 1672 τιμιώτε-

1199 1695 1270 1732 ρον.
1305 1679 1351 1720 ‘O
1383 1680 1445 1731 μὲν
1468 1684 1525 1718 οὖν
1556 1679 1732 1720 Μακεὸων
1764 1680 1946 1724 Φίλιππος
1974 1680 2243 1732 καταζευγνύναι

1198 1738 1336 1789 μέλλων
1353 1755 1434 1791 περι
1451 1738 1600 1791 ἑσπέραν
1617 1738 1705 1786 ἤδη,
1723 1742 1798 1777 εἶτα
1818 1739 2040 1788 πυθόμενος“
2023 1755 2068 1781 ως
2085 1741 2122 1776 οὐ
2141 1740 2242 1777 δυνα-

1198 1798 1270 1847 τὸν,
1286 1797 1451 1836 εἰπόντων
1468 1799 1537 1835 τῶν
1555 1797 1773 1848 κωλυόντων,
1789 1797 1888 1849 χιλὸν
1905 1799 1970 1849 οὐχ
1983 1797 2152 1849 ὑπάρχειν
2169 1799 2245 1835 ἱκα-

1198 1856 1253 1894 νὸν
1268 1862 1337 1901 τοῖς
1354 1855 1565 1907 ὑποζυγίοις,
1584 1855 1739 1901 ἀνέζευξε
1756 1857 1851 1894 τοῦτ’
1867 1855 1986 1903 εἰπὼν,
2003 1857 2048 1898 ὡς
2067 1855 2163 1893 οὐδὲν
2185 1860 2245 1908 βα-

1202 1915 1327 1960 σιλέως
1347 1915 1591 1969 ἀτυχέστερον,
1612 1914 1648 1960 ὃς
1674 1915 1733 1954 καὶ
1752 1915 1836 1969 πρὸς
1854 1915 1911 1954 τὸν
1934 1918 2001 1953 τῶν
2021 1914 2106 1953 ὄνων
2126 1915 2245 1967 καιρὸν

1200 1976 1260 2020 ζῆν
1283 1974 1530 2025 ἀναγκάζεται.
1552 1973 1595 2012 Ὁ
1612 1973 1647 2011 δὲ
1665 1975 1743 2011 καθ’
1758 1976 1851 2024 ἡμᾶς
1869 1973 1991 2027 χρόνος
2011 1973 2243 2012 ἐκινδύνευσεν

1200 2031 1286 2075 ὅλως
1301 2031 1357 2070 ἐπὶ
1371 2037 1441 2075 τοῖς
1459 2032 1545 2075 ὄνοις
1566 2031 1738 2070 σαλεύειν.

1694 2119 1756 2167 57.

1254 2214 1355 2252 Ibid.
1382 2226 1422 2286 Ρ.
1446 2227 1542 2264 279,
1572 2214 1680 2252 280.
1701 2215 1774 2253 Τοῦ
1798 2213 1966 2262 βασιλέως
1988 2215 2181 2265 Γρατιανοῧ
2200 2214 2243 2251 τὰ

1203 2270 1265 2322 μὲν
1283 2271 1360 2309 καθ’
1383 2270 1528 2309 ἕκαστον
1552 2286 1611 2310 και
1633 2265 1701 2316 οἱός
1719 2287 1769 2316 τις
1785 2275 1840 2319 ἠν,
1860 2270 1936 2309 οὔτε
1958 2270 2100 2309 δυνατὸν
2123 2275 2162 2318 ἦν
2183 2287 2244 2309 πε-

1203 2329 1460 2382 ριεργάζεσθαι·
1481 2329 1526 2368 τὰ
1553 2329 1658 2382 γὰρ’
1642 2346 1676 2368 εν
1699 2336 1768 2374 τοῖς
1794 2329 2014 2382 βασιλείοις’
1999 2330 2247 2382 επικρύπτεται

1201 2387 1261 2426 καὶ
1278 2387 1375 2438 μάλα
1392 2390 1585 2439 στεγανῶς,
1604 2387 1681 2427 οὔτε
1695 2390 2026 2440 πολυπραγμονοῦσι
2041 2389 2248 2439 συμμαθεῒψ

1201 2446 1245 2484 τὰ
1265 2445 1333 2499 γὰρ
1354 2446 1649 2498 ἀπαγγελλόμενα
1665 2449 1749 2499 παρ’
1771 2446 1937 2494 ἑκάστου,
1953 2446 2085 2489 πολλὰς
2101 2446 2160 2484 καὶ
2179 2461 2247 2484 πο-

1201 2503 1395 2557 λυμόρφους
1413 2505 1474 2548 τὰς
1502 2504 1668 2557 διαφορὰς
1689 2504 1836 2556 ἔχοντα,
1858 2505 1967 2555 μόνην
1992 2504 2055 2551 τὴν
2083 2504 2247 2550 ἀλήθειαν

1202 2616 1332 2657 quidem
1349 2617 1512 2658 Philippus
1532 2618 1592 2650 sub
1609 2626 1773 2658 vesperam
1791 2627 1808 2649 e
1829 2618 1941 2649 castris
1958 2619 2123 2657 moturus,
2148 2627 2248 2658 quum

1203 2667 1235 2698 id
1253 2668 1319 2699 fieri
1333 2677 1398 2700 non
1418 2677 1508 2709 posse
1526 2669 1684 2709 audisset,
1703 2670 1780 2709 quia
1797 2669 1949 2709 pabulum
1961 2693 1970 2708 ,
1992 2671 2029 2700 ut
2053 2669 2227 2701 monebant
2239 2694 2248 2709 ,

1201 2719 1354 2760 jumentis
1369 2721 1521 2753 idoneum
1534 2730 1599 2753 non
1612 2721 1742 2760 aderat,
1760 2730 1814 2753 rex
1829 2730 1897 2753 sese
1911 2721 2029 2761 recepit
2047 2723 2156 2761 aitque
2170 2722 2248 2752 nibil

1204 2782 1271 2805 esse
1290 2783 1361 2813 rege
1386 2774 1562 2814 infelicius,
1584 2774 1640 2814 qui
1659 2774 1879 2814 J'umentorum
1899 2782 2029 2814 quoque
2041 2771 2252 2803 commodita-

1205 2825 1291 2857 tibus
1315 2826 1414 2857 vitam
1435 2834 1526 2857 suam
1545 2826 1747 2857 conformare
1769 2825 1912 2856 deberet.
1934 2826 2050 2856 Nostra
2069 2833 2145 2856 vero
2156 2827 2250 2856 aetate

1207 2886 1312 2909 rerum
1328 2885 1454 2909 summa
1466 2876 1499 2908 in
1515 2877 1609 2908 asinis
1622 2877 1724 2918 posita
1743 2885 1810 2908 esse
1825 2876 2006 2908 videbatur.

1694 2932 1752 2965 57.

1249 2990 1356 3020 Caesar
1368 2988 1539 3020 Gratianus
1550 2987 1728 3027 cujusmodi
1739 2988 1772 3018 in
1793 2987 1926 3027 singulis
1939 2987 2035 3019 rebus
2048 2988 2148 3025 esset,
2164 2995 2250 3019 seru<

1208 3040 1268 3071 tari
1283 3039 1378 3071 altius
1387 3048 1482 3071 nemo
1493 3041 1626 3079 poterat.
1640 3039 1764 3070 Etenim
1778 3047 1850 3079 quae
1861 3039 1944 3070 intra
1961 3039 2045 3078 regia
2057 3040 2145 3078 septa
2157 3038 2248 3075 liunt,

1208 3098 1245 3121 ea
1254 3090 1398 3120 celantur
1411 3089 1638 3121 studiosissime
1654 3098 1758 3129 neque
1772 3089 1804 3120 in
1816 3089 1964 3120 notitiam
1975 3089 2177 3120 curiosorum
2194 3097 2250 3119 vc·

1209 3142 1313 3173 ninnt.
1331 3143 1490 3174 Rumores
1505 3143 1613 3173 autem
1624 3165 1634 3181 ,
1656 3150 1738 3182 quos
1756 3137 2100 3181 singillatim‘bomines
2122 3142 2247 3178 serunt,

1210 3193 1231 3223 ii
1247 3201 1346 3233 quum
1361 3193 1448 3225 varie
1461 3193 1666 3233 multumque
1679 3194 1761 3224 inter
1771 3201 1804 3224 se
1815 3192 1983 3231 differant,
2004 3192 2178 3231 simplicem
2194 3199 2248 3221 ve-

1211 3245 1337 3276 ritatem
1352 3253 1412 3276 ceu
1436 3245 1622 3276 thesaurum
1648 3244 1807 3285 quendam
1830 3252 1983 3275 areanum
2001 3251 2104 3281 neque
2124 3241 2249 3272 nudant

1211 3305 1315 3336 neque
1341 3297 1500 3328 revelant.
1545 3297 1646 3329 Sicuti
1664 3305 1738 3328 vero
1752 3296 1879 3335 accidit,
1894 3304 1995 3335 quum
2011 3293 2124 3332 aliquis
2142 3293 2250 3324 iconas

1212 3348 1309 3389 pingit
1329 3350 1593 3390 propositumque
1605 3349 1797 3389 archetypon
1815 3348 1993 3388 exprimere
2007 3346 2133 3384 studet,
2155 3346 2189 3376 ut
2206 3346 2247 3376 t'a-

114 3399 212 3430 genus
231 3390 426 3432 elephantis,
453 3393 570 3425 nedum
589 3395 678 3434 equis
704 3397 871 3436 pretiosius
899 3399 992 3430 esset.
1032 3400 1162 3432 Macedo
1215 3401 1271 3432 ciei
1291 3400 1530 3435 similitudinem
1544 3409 1652 3441 parvae
1669 3400 1816 3441 quaedam
1834 3409 1882 3431 res
1904 3398 2039 3438 objectae
2055 3396 2244 3435 conficiant,-
