2326 3724
451 215 739 256 AMPHIONIS
767 215 1118 266 THESPIENSIS,
1150 218 1497 259 ANAXICRATIS
1525 210 1858 262 FRAGMENTA.

0 295 8 334 st
67 299 112 348 τῇ
131 297 256 349 ἐννοίτῃ
275 295 444 350 γέγραφεν
464 296 623 350 ἱστορίᾳ,
647 297 720 334 ἄνω
738 311 778 347 γε
799 297 835 334 ἐν
855 299 900 349 τῇ
923 296 1110 348 ἀκροπόλει

0 385 2 391 ,
67 353 250 407 Κέκροπός
265 356 338 393 ἐστι
356 354 461 408 τάφος
478 354 576 407 παρὰ
600 355 663 401 τὴν
683 355 878 406 Πολιοῦχον
899 354 1020 399 αὐτήν.
1040 358 1111 394 Ve-

65 426 152 451 rum
163 427 237 464 pro
253 411 441 466 Ἀντιλόχῳ
451 443 462 461 ,
479 414 586 463 quod
604 415 705 451 estin
717 413 990 451 vetustioribus
1004 414 1110 450 codi-

0 472 5 505 ἶ
66 473 188 518 cibus,
202 473 430 510 recentiores
441 473 614 522 praebent
628 470 800 523 Ἀντίοχος
813 483 824 522 3
838 471 944 520 quod
958 478 1000 508 ut
1013 484 1110 520 prae—

0 558 6 583 3
65 530 231 567 feramus
259 530 351 568 facit
384 531 556 569 Clemens
571 531 678 570 Alex.
696 531 821 567 Protr.
846 543 888 580 p.
911 529 972 575 13,
1002 534 1050 573 24
1074 537 1112 566 et

0 587 5 610 f
65 589 258 626 Arnobius
275 590 326 627 VI
338 616 350 636 ,
365 589 405 635 6,
423 590 490 638 qui
503 588 664 626 eandem
683 601 765 626 rem
783 601 831 626 ex
845 587 1029 625 Antiocho
1047 600 1110 625 re-

0 654 3 695 J
66 646 207 686 ferunt.
228 649 264 684 Is
279 659 371 684 vero
388 647 599 685 Antiochus
615 647 753 697 procul
774 647 892 684 dubio
910 653 965 683 est
978 654 1114 683 auctor

64 704 133 741 τῶν
162 702 266 742 Κατὰ
285 702 386 742 πόλιν
417 705 592 754 μυθικῶν,
620 717 785 754 quorum
810 705 950 741 librum
978 716 1112 740 secun-

0 790 2 793 .
65 761 159 799 dum
174 763 304 800 laudat
321 764 544 800 Ptolemaeus
557 764 833 813 Hephaestionis
849 774 912 812 ap.
934 763 1112 799 Photium

0 822 7 846 5'
66 820 154 859 cod.
190 833 288 870 190,
310 834 352 872 p.
387 819 460 859 150
488 822 524 859 b.
548 826 570 865 4
605 820 676 872 (v.
709 821 842 871 fragm.
873 821 1114 858 Athenodori

66 878 330 930 Eretriensis).
363 880 537 917 Eundem
566 881 733 929 intellige
768 892 831 929 ap.
862 879 991 916 Schol.
1028 881 1113 916 Ari-

0 935 3 937 *
63 936 153 975 stid.
173 950 215 987 p.
234 938 306 975 103
324 938 386 975 ed.
404 939 596 976 Frommel
615 937 670 990 (v.
686 937 896 985 Pherecyd.
919 937 967 976 fr.
994 950 1062 974 101
1081 937 1111 987 ).

64 996 337 1045 Amphilochus
348 999 476 1034 nescio
493 997 745 1045 quilaudatur
754 996 857 1046 apud
863 996 1111 1034 Boissonnad.

64 1056 138 1091 An.
159 1056 200 1100 I,
221 1068 262 1105 p.
285 1055 334 1092 38
355 1068 364 1092 ε
392 1053 615 1107 Ἀμφιλόχου.
636 1053 682 1093 ‘H
700 1052 876 1106 προπετὴς
901 1054 1040 1104 γλῶττα
1060 1054 1114 1092 οὔ·

73 1110 130 1149 δὲν
149 1110 241 1156 ἄξιον
258 1111 468 1165 ἐρευγομένη
482 1142 493 1163 ,
507 1113 567 1151 καὶ
584 1111 826 1164 ἀσύγγνωστός
842 1113 934 1149 ἐστιν
954 1110 1014 1149 καὶ
1034 1113 1113 1149 ἑαυ-

66 1168 129 1217 τὴν
157 1170 414 1218 ἐστηλίτευσεν.
445 1174 664 1222 Sequuntur
690 1171 786 1217 ibid.
814 1172 895 1208 aliae
923 1172 1114 1207 sententiae

65 1230 259 1281 ejusdem,
285 1239 329 1269 ut
358 1232 522 1279 videtur,
543 1231 802 1281 Amphilochi.
834 1230 1010 1269 Ceterum
1034 1231 1113 1267 haec

64 1289 230 1327 hominis
245 1297 333 1328 sunt
350 1291 421 1329 aevi
436 1289 557 1327 infimi
573 1290 867 1339 Christianique.

165 1543 500 1604 AMPHION
526 1541 1031 1600 THESPIENSIS.

136 1678 259 1718 ΠΕΡΙ
287 1678 391 1718 ΤΟΥ
419 1679 487 1718 ΕΝ
516 1678 733 1718 ΕΑΙΚΩΝΙ
762 1676 1042 1717 ΜΟΥΣΕΙΟΥ.

117 1776 318 1813 Athenaeus
340 1778 442 1823 XIV,
475 1789 516 1825 p.
546 1776 649 1824 629,
677 1777 709 1812 A
732 1787 741 1814 :
765 1771 918 1826 Ἀμφίων
939 1770 976 1810 δὲ
1001 1772 1019 1809 ὃ
1044 1772 1115 1810 Θε-

67 1833 185 1878 σπιεὺς
204 1835 239 1872 ἐν
257 1833 406 1887 δευτέρῳ
422 1834 513 1887 Περὶ
532 1837 593 1872 τοῦ
614 1836 648 1871 ἐν
665 1831 833 1872 Ἑλικῶνι
851 1830 1014 1882 μουσείου
1032 1830 1115 1882 ἄγε-

67 1892 147 1931 σθαί
161 1908 265 1946 φησιν
281 1895 316 1932 ἐν
329 1893 495 1932 Ἑλικῶνι
515 1892 651 1930 παίδων
668 1891 829 1944 ὀρχήσεις
848 1889 938 1942 μετὰ
950 1890 1116 1938 σπουδῆς,

66 1950 339 2004 παρατιθέμενος
354 1955 501 2006 ἀρχαῖον
521 1950 729 2003 ἐπίγραμμα
743 1949 820 1987 τόδε
831 1964 839 1973 ·

109 2057 278 2099 Ἄμφότερ’,
298 2058 462 2099 ὠρχεύμαν
472 2068 505 2089 τε
515 2057 567 2088 καὶ
584 2057 616 2088 ἐν
638 2056 772 2092 Μώσαις
786 2055 948 2087 ἐδίδασκον

148 2105 257 2145 ἄνδρας
268 2113 275 2120 ·
291 2106 308 2136 ὁ
322 2106 348 2136 δ’
366 2105 498 2142 αὐλητὰς
510 2104 548 2144 ἦν
558 2104 686 2140 Ἀνακος
703 2102 836 2139 Φιαλεύς
847 2111 855 2118 ·

107 2153 170 2192 εἰμὶ
187 2153 219 2184 δὲ
235 2152 408 2193 Βακχείδας
423 2152 603 2187 Σικυώνιος.
618 2150 663 2182 Ἦ
684 2151 723 2191 ῥα
746 2151 844 2181 θεοῖσι

148 2202 212 2236 τοῖς
230 2201 363 2231 Σικυῶνι
377 2200 473 2231 καλὸν
486 2198 570 2231 τοῦτ’
585 2199 729 2230 ἀπέκειτο
743 2198 843 2239 γέρας.

120 2295 178 2334 Cf.
198 2296 347 2333 Miiller.
374 2297 476 2333 Min.
502 2308 542 2344 p.
572 2294 660 2331 381.
692 2291 781 2343 Περὶ
800 2294 859 2328 τοῦ
891 2291 927 2327 ἐν
947 2289 1115 2328 Ἑλικῶνι

69 2356 198 2407 ἀγῶνος
214 2355 311 2393 dixit
326 2355 440 2391 etiam
455 2355 676 2391 Nicocrates
694 2364 756 2402 ap.
770 2351 895 2388 Schol.
914 2350 960 2388 ΙΙ.
984 2347 1025 2397 ν’,
1050 2363 1113 2389 21.

2123 232 2192 265 301

1423 357 1520 413 AN
1526 356 1960 416 AXICRATES.

1679 497 1714 523 1.

1552 582 1827 622 APPOAIKA.

1455 704 1484 740 Ε
1511 704 1663 741 LIBRO
1692 704 1932 743 SECUNDO.

1227 795 1353 832 Schol.
1370 795 1501 834 Venet.
1516 796 1557 832 in
1572 796 1706 845 Eurip.
1728 795 1912 834 Androm.
1938 799 2012 838 224
2030 807 2038 833 :
2053 787 2106 833 γΩ
2128 795 2215 846 φίλ-

1173 852 1259 891 ταθ’
1276 850 1495 905 ‘'Ex-top...
1527 851 1687 903 μαστὸν
1706 851 1789 900 ἤδη
1815 851 2026 895 πολλάκις
2049 851 2218 890 νόθοισι

1177 911 1270 955 σοῖς
1289 911 1304 962 ]
1322 912 1438 950 Τοῦτο
1463 910 1546 963 παρ’
1576 909 1730 960 ἱστορίαν
1757 910 1860 964 φασὶν
1882 911 2057 962 εἰρῆσθαι·
2080 909 2128 960 μὴ
2151 910 2218 963 γὰρ

1174 971 1384 1020 ἱστορεῖσθαι
1397 966 1545 1022 ‘'Em-opt
1562 967 1595 1013 ἐξ
1607 968 1715 1016 ἄλλης
1726 967 1887 1020 γυναικὸς
1896 971 2101 1019 γεγενῆσθαι
2114 968 2218 1011 υἱούς.

1176 1026 1445 1079 Ἀπερίσκηπτοι
1466 1025 1503 1065 δέ
1526 1028 1610 1065 εἰσιν
1636 1028 1668 1065 οἱ
1694 1030 1805 1065 ταῦτα
1823 1027 1991 1078 λέγοντες.
2011 1025 2214 1079 Ἀναξικρά-

1174 1101 1235 1132 της
1262 1085 1329 1138 γὰρ
1352 1087 1457 1137 ἔντῇ
1484 1084 1627 1139 δευτέρᾳ
1652 1087 1720 1124 τῶν
1753 1085 1960 1137 Ἀργολικῶν
1989 1084 2079 1123 οὕτω
2109 1084 2214 1136 λέγει·

1177 1146 1255 1184 «Οἱ
1276 1144 1304 1183 δ’
1325 1145 1411 1197 ἀμφ’
1431 1143 1529 1182 ἑνέαο
1548 1145 1559 1195 (
1579 1146 1597 1182 ὃ
1616 1143 1652 1182 δὲ
1675 1144 1839 1197 Ἀμφινέα
1856 1146 1975 1182 schol.
1997 1145 2131 1194 vulg.)
2156 1143 2220 1181 καὶ

1176 1202 1420 1255 Σκαμάνδριον
1436 1201 1493 1241 τὸν
1512 1200 1685 1262 “Ἐκτορος
1701 1202 1773 1241 υἱὸν
1789 1201 1849 1241 καὶ
1866 1200 2100 1262 πρεσὸύτερον
2125 1203 2136 1253 (
2151 1217 2220 1239 πα-

1175 1261 1344 1318 λαίτερον
1347 1263 1468 1298 schol.
1490 1263 1591 1311 vulg.
1610 1261 1638 1311 ).
1658 1263 1771 1300 Ἦσαν
1788 1259 1824 1298 δὲ
1845 1260 1940 1298 αὐτῶ
1964 1263 2061 1303 οὗτος
2079 1259 2140 1310 μὲν
2160 1259 2218 1297 νό-

1176 1323 1251 1370 θος,
1269 1319 1304 1363 ὃς
1331 1320 1413 1371 ἰ’(ἰ.
1440 1318 1693 1372 θ.ἕν’1λίῳῑ’)
1713 1310 1925 1372 κατελήφθη
1942 1317 1999 1368 (ὃς
2016 1318 2217 1371 κατεληφθη

1177 1379 1211 1415 ἐν
1228 1377 1324 1429 Ἰλίῳ
1345 1379 1423 1416 sch.
1445 1377 1573 1428 vulg.)
1596 1376 1656 1414 καὶ
1677 1377 1889 1415 ἀπόλλυται.
1910 1371 2019 1415 Οὗτοι
2035 1375 2070 1414 δὲ
2085 1375 2219 1414 διασώ-

1177 1437 1304 1480 ζονται.
1324 1434 1567 1487 Σκαμάνδριος
1593 1432 1630 1472 δὲ
1652 1434 1795 1487 ἀφίκετο
1813 1436 1860 1478 εἷς
1886 1433 2064 1483 Ταναΐδα,
2081 1434 2219 1474 Αἰνείου

1177 1493 1214 1532 δὲ
1234 1493 1397 1546 Ἀγχίσης
1421 1495 1439 1531 ὁ
1465 1492 1582 1546 πατὴρ
1605 1493 1735 1547 ἴ(5ἰο)
1755 1492 1814 1539 καὶ
1842 1492 1942 1531 ἄλλοι
1967 1492 2075 1540 τινὲς,
2099 1493 2220 1536 παῖδες

1178 1554 1305 1600 αὐτῶν,
1324 1551 1384 1590 καὶ
1403 1551 1587 1604 Ἀγέστας,
1607 1551 1732 1595 οἷκεῒος
1750 1549 1797 1589 ὢν
1819 1550 1982 1604 Ἀγχίσῃ,
1998 1550 2059 1590 καὶ
2079 1550 2220 1595 Αἰνείας

1178 1612 1225 1655 εἷς
1241 1609 1417 1663 Δάρδανον
1435 1610 1728 1661 μεταπίπτονται.
1747 1606 1764 1643 »’

1232 1687 1247 1705 «
1262 1672 1428 1708 Plurima
1436 1672 1569 1707 suntin
1578 1672 1652 1707 hoc
1663 1671 1807 1707 scholio
1820 1670 1980 1719 pessime
1992 1676 2187 1719 corrupta.
2203 1684 2219 1701 ι»

1178 1730 1316 1774 COBET.
1334 1730 1585 1778 Amphineum
1600 1729 1776 1766 Hectoris
1789 1727 1910 1764 filium
1928 1729 2134 1764 memorari
2155 1728 2221 1763 di-

1179 1797 1271 1826 cunt
1290 1789 1393 1838 apud
1415 1790 1559 1836 Dictyn
1579 1790 1676 1825 Cret.
1696 1789 1753 1823 ΙΙΙ
1766 1815 1776 1832 ,
1804 1798 1867 1824 20.
1890 1786 1941 1823 At
1958 1787 1999 1822 in
2019 1786 2224 1823 Dederichi

1179 1850 1345 1885 editione
1361 1848 1457 1883 nihil
1475 1848 1626 1883 invenio
1644 1846 1725 1882 nihi
1743 1847 1822 1882 haec
1836 1856 1846 1883 ε
1863 1846 2097 1892 Astyanacta
2113 1857 2219 1893 quem

1177 1909 1346 1944 nonnulli
1357 1907 1641 1943 Scamandr‘iam
1652 1905 1913 1953 appellabant,
1930 1911 1969 1939 et
1981 1904 2221 1939 Laodaman·

1179 1976 1261 2005 ta...
1270 1980 1357 2016 proe
1368 1979 1408 2002 se
1424 1966 1565 2001 habens
1581 1961 1908 2014 (Andromache),
1928 1969 2000 1998 etc.
2017 1964 2102 1998 Huc
2117 1974 2222 1998 acce-

1179 2026 1235 2062 dit
1265 2025 1494 2074 Amphineus
1525 2035 1666 2059 nomen
1706 2034 1778 2071 per
1805 2033 1846 2057 sc
1879 2028 2094 2070 suspectum
2127 2032 2219 2056 esse.

1178 2084 1350 2120 Eundem
1371 2083 1544 2120 Hectoris
1562 2081 1683 2117 filium
1705 2091 1782 2116 esse
1805 2085 1901 2128 puto
1914 2105 1925 2124 ,
1948 2090 2062 2126 quem
2087 2077 2223 2116 Conon

1176 2145 1322 2180 Narrat.
1345 2142 1415 2188 46,
1435 2154 1521 2178 cum
1538 2137 1958 2186 Scamandriojungens
1974 2134 2129 2180 Ὀξύνιον
2150 2149 2221 2184 ap-

1176 2203 1305 2251 pellat.
1323 2203 1499 2237 Attamen
1517 2199 1592 2234 hoc
1610 2208 1764 2246 quoque
1784 2201 2009 2243 corruptum
2034 2206 2112 2230 esse
2127 2194 2222 2228 mihi

1177 2261 1342 2298 videtur.
1356 2261 1454 2297 Vera
1478 2258 1644 2293 nominis
1670 2256 1791 2292 forma
1815 2254 1930 2290 fuerit
1951 2250 2135 2303 Ὀφρύνιος
2162 2253 2223 2287 vel

1177 2315 1381 2370 Ὀφρυνεύς.
1404 2317 1555 2354 Scilicet
1573 2314 1683 2351 fictus
1708 2314 1770 2350 ille
1789 2312 1966 2349 Hectoris
1987 2310 2086 2347 filius
2102 2317 2157 2346 est
2177 2309 2223 2345 de

1176 2377 1303 2424 Mysiae
1314 2377 1402 2411 loco
1415 2370 1592 2426 Ὀφρυνίῳ
1603 2374 1663 2409 vel
1678 2367 1892 2423 Ὀφρυνείῳ,
1904 2370 1972 2406 ubi
1983 2369 2158 2406 Hectoris
2172 2380 2226 2404 se·

1175 2437 1352 2485 pulcrum
1362 2436 1545 2481 lucusque
1559 2433 1593 2468 ei
1604 2438 1770 2468 sacratus
1783 2436 1865 2466 erat
1883 2428 1941 2478 (v,
1956 2428 2093 2465 Strabo
2106 2428 2221 2472 XIII,

1179 2508 1221 2544 p.
1236 2494 1333 2543 5953
1346 2492 1531 2529 Herodot.
1550 2493 1639 2536 VII,
1657 2490 1727 2535 433
1742 2489 1977 2538 Xenophon.
1993 2487 2117 2523 Anah.
2133 2487 2217 2530 VII,

1179 2553 1216 2599 8,
1240 2553 1281 2598 53
1303 2551 1533 2588 Aristodemi
1547 2549 1681 2598 fragm.
1705 2548 1745 2594 6,
1766 2558 1882 2596 supra
1899 2558 1941 2596 p.
1966 2544 2085 2594 310).
2107 2564 2161 2572 —
2178 2545 2223 2579 Iu

1176 2611 1419 2659 sequentibus
1434 2610 1648 2658 scripserim
1666 2619 1675 2645 :
1699 2604 1758 2642 τὸν
1775 2603 1946 2655 Ἕκτορος
1961 2602 2033 2639 υἱὸν
2053 2601 2111 2639 τὸν
2136 2615 2225 2652 πρε-

79 2658 2224 2696 --,,---,--,--ἐ------------

96 2745 167 2796 'ne
195 2758 455 2798 MUSARUM
483 2757 691 2797 TEMPLo
720 2757 772 2796 IN
803 2754 1074 2794 HELICONE.

108 2873 268 2915 Amphion
285 2873 485 2915 Thespiensis
500 2874 641 2906 secundo
659 2873 741 2905 libro
758 2875 803 2905 De
820 2874 983 2904 Musarum
996 2870 1117 2910 templo

68 2925 100 2957 in
113 2925 282 2965 Helicone,
301 2925 485 2958 saltationes
505 2934 680 2966 puerorum
699 2925 743 2956 ait
761 2923 902 2956 studiose
913 2923 961 2964 agi
978 2923 1010 2954 in
1028 2922 1115 2954 Heli-

67 2985 147 3010 cone
158 3001 168 3018 ‚
181 2978 275 3010 vetus
290 2986 449 3018 apponens
465 2978 659 3018 epigramma
672 2975 857 3016 hujusmodi
873 2985 881 3007 :

137 3073 235 3102 Ambo
252 3073 318 3103 haec
337 3074 461 3110 praestiti
475 3084 483 3102 ι
497 3074 599 3103 saltavi
610 3076 639 3102 et
655 3074 799 3103 musicam
813 3073 903 3102 docui

173 3120 326 3150 Homines.
346 3120 466 3149 Tibicen
483 3120 555 3149 mihi
572 3119 630 3149 fuit
649 3122 767 3148 Anacus
780 3119 952 3148 Phialensis.

137 3169 210 3195 Sum
222 3174 295 3196 vero
305 3167 465 3197 Bacchides
475 3167 644 3204 Sicyonius.
660 3169 727 3196 Hoc
740 3174 812 3202 ergo
831 3166 888 3194 diis

174 3214 304 3250 positum
317 3217 360 3245 est
372 3223 498 3251 munuS,
513 3215 635 3251 Sicyoni
656 3213 867 3243 honorificum.

486 3319 702 3335 -οου-

1561 2747 1835 2789 ARGOLICA.

1685 2834 1719 2866 1.

1223 2898 1406 2930 carissime
1430 2896 1570 2935 Hector,
1588 2895 1715 2934 sceptus
1741 2898 1930 2924 mammam
1950 2889 2087 2931 praebui
2109 2886 2223 2919 nothis

1178 2954 1260 2984 tuis.
1269 2951 1281 2993 ]
1299 2952 1367 2982 Hoc
1383 2951 1494 2981 contra
1514 2947 1678 2980 historiam
1700 2945 1823 2978 dictum
1847 2952 1916 2977 esse
1933 2943 2043 2982 aiunt,
2058 2949 2159 2982 quum
2184 2948 2224 2971 ex

1176 3003 1239 3035 alia
1249 3002 1382 3034 muliere
1391 3000 1507 3032 liberos
1519 2999 1559 3031 ab
1573 2999 1710 3031 Hectore
1722 2997 1846 3038 genitos
1858 3004 1926 3028 esse
1936 2993 2045 3026 histos
2037 3002 2068 3024 ia
2080 3000 2144 3024 non
2160 2992 2223 3022 tra-

1176 3056 1242 3087 dat.
1270 3055 1310 3087 At
1335 3054 1406 3085 haec
1430 3053 1486 3093 qui
1511 3051 1641 3091 dicunt,
1667 3058 1782 3091 parum
1804 3047 2025 3088 circumspecti
2041 3045 2126 3077 sunt.
2143 3045 2223 3075 Nam

1175 3106 1383 3140 Anaxicrates
1400 3104 1439 3136 de
1465 3103 1562 3135 rebus
1588 3101 1741 3143 Argolicis
1755 3101 1838 3133 libro
1856 3098 1996 3132 secundo
2024 3097 2068 3128 ita
2097 3094 2221 3126 habet·
2214 3117 2222 3124 .

1178 3173 1194 3188 «
1211 3160 1270 3192 Alii
1289 3167 1365 3190 vero
1393 3157 1506 3189 dicunt
1526 3156 1750 3197 Ophryneum
1767 3155 1800 3186 et
1815 3150 2059 3186 scamandrium
2080 3145 2224 3180 Hectoris

1178 3213 1282 3245 filium
1293 3213 1370 3243 natu
1382 3210 1545 3250 majorem.
1557 3208 1684 3242 Etenim
1698 3207 1729 3239 hi
1741 3207 1831 3239 nothi
1844 3206 1952 3243 erant3
1965 3203 2048 3235 silius
2063 3199 2223 3240 legitimus

1176 3265 1209 3295 in
1225 3264 1281 3296 llio
1305 3262 1432 3294 relictus
1450 3261 1602 3302 perierat3
1618 3259 1708 3291 nothi
1728 3259 1836 3290 autem
1850 3256 1896 3288 illi
1911 3254 2025 3288 servati
2044 3252 2127 3284 sunt.
2145 3251 2221 3281 Sca-

1176 3316 1341 3348 mandrius
1351 3315 1481 3347 venitin
1491 3313 1698 3353 Tanaidem,(
1711 3311 1912 3352 Ophryneus
1920 3307 2013 3346 vero)
2026 3306 2057 3337 et
2071 3302 2220 3336 Anchises

1176 3372 1285 3401 AEneae
1298 3368 1400 3408 pater,
1414 3367 1507 3399 etalii
1519 3366 1648 3406 quidam
1659 3373 1695 3396 ex
1707 3363 1813 3396 liberis
1825 3369 1949 3398 eorum,
1961 3359 1994 3391 et
2006 3357 2141 3396 ingestas,
2155 3355 2220 3385 An-

1176 3420 1273 3453 chisoe
1286 3420 1456 3461 cognatus,
1471 3418 1601 3459 ipseque
1615 3418 1727 3449 AEneas
1744 3416 1774 3446 in
1791 3413 1972 3446 Dardanum
1990 3405 2219 3446 confugiunt.»
