2326 3724
132 243 205 274 2³³.ss

808 231 1002 280 ACHAEI,
1038 230 1353 278 AENESIDEMI,
1385 231 1522 271 AETH
1531 233 1598 271 LII

126 312 366 357 Acestoride‚
401 313 466 360 qui
500 310 588 363 Περι
617 310 750 349 πόλεων
781 314 840 348 vel
869 310 927 350 Ἰὰ
955 311 1046 349 κατὰ
1075 310 1174 349 πόλιν
1237 314 1255 350 ὁ
1287 310 1497 365 Πίνδαρος’
1482 328 1556 350 εντε
1541 312 1751 366 τυχηκέναι
1779 329 1828 365 τῳ
1847 313 1979 366 Ἀχαιῷ
2007 314 2278 370 ἱστοριογρᾶφῳ.

125 371 255 422 μυθικα
271 373 433 422 scripsit.
453 373 538 411 Vid.
560 380 653 409 tom.
672 374 724 417 11,
745 385 784 420 p.
812 373 901 416 464.

179 435 252 468 Ρι·0
265 431 434 468 Autucho
448 444 511 481 ap.
525 433 715 467 Justinum
724 432 834 476 XIII,
855 432 877 466 6
893 438 1072 480 corrupte
1088 431 1175 480 legi-

127 500 190 528 tur
205 491 406 528 Authocus.
424 493 469 528 V.
489 491 638 528 Miiller.
660 491 757 526 Min.
775 502 816 539 p.
841 489 931 535 347.

630 572 667 608 6.

138 648 308 687 Schol.
329 649 509 697 Apollon.
531 647 662 685 Rhod.
684 649 747 693 IV,
778 646 909 693 1750:
933 644 977 684 ‘O
1000 644 1035 682 δὲ
1056 644 1177 696 Εὔφη-

128 722 191 756 μος
219 705 303 744 ὤκει
326 705 388 756 μὲν
408 704 470 752 τὴν
498 703 708 750 Λακωνικὴν
737 703 828 741 κατὰ
848 703 904 741 τὸν
934 703 1108 752 αἰγιαλόν·
1131 706 1178 746 εἷς

126 764 163 804 δὲ
179 781 246 803 των
267 764 447 815 ἀπογόνων
469 765 574 802 αὐτου
596 763 765 813 Σήσαμος
780 765 828 805 εἷς
846 761 971 814 Θήραν
991 761 1174 813 ἀπώκησε.

129 823 304 874 Σησᾶμου
331 823 366 861 δὲ
391 826 432 869 ἠν
457 821 625 872 ἀπόγονος
648 820 912 872 Ἀριστοτέλης,
936 819 1028 863 ὅστις
1051 823 1112 865 τῆς
1132 821 1178 863 εἷς

127 882 294 935 Κυρήνην
310 880 470 924 ἀποικίας
485 879 655 931 ἡγήσατο.
673 879 881 931 Ἱστορεῖται
898 879 934 916 δὲ
950 882 1061 916 ταῦτα
1080 876 1178 928 παρὰ

127 941 294 993 Πινδάρῳ
314 939 527 991 (Τιμάνδρῳ
544 939 740 989 Paris.)-e'v
759 937 993 981 Πυθιονίκαις·
1016 935 1176 987 ἐπιμελέ-

126 1014 247 1052 στερον
268 997 304 1038 δὲ
328 997 426 1051 παρὰ
445 996 663 1049 Θεοχρήστῳ
683 998 717 1034 ἐν
738 996 770 1034 α’
792 996 971 1044 Λιὸυκῶν,
1000 995 1059 1034 καὶ
1079 994 1177 1046 παρὰ

125 1058 343 1111 Ἀκεσάνδρῳ
358 1059 393 1095 ἐν
408 1056 498 1109 Περὶ
518 1055 693 1109 Κυρήνης.

632 1151 652 1164 ,-

638 1161 667 1184 J-

179 1222 307 1259 Schol.
332 1221 444 1258 Pind.
467 1221 576 1270 Pyth.
601 1221 665 1266 IV,
694 1232 709 1255 1
736 1232 743 1255 z
766 1216 951 1270 Ἡρόδοτος
972 1217 1058 1268 (lv,
1089 1216 1175 1288 155)

129 1278 171 1329 μὲ
157 1295 192 1316 ν
213 1281 272 1315 οὐν
299 1293 403 1330 φησιν
424 1277 477 1315 ὅτι
498 1281 520 1324 ἡ
541 1275 658 1316 Πυθία
684 1275 742 1314 τὸν
771 1277 907 1329 πρῶτον
937 1273 1070 1313 Βάττον
1087 1273 1177 1312 ούτω

127 1336 402 1389 προσηγόρευσεν
434 1335 674 1387 Ἀριστοτέλην
708 1334 874 1386 πρότερον
907 1332 1105 1384 λεγόμενον,
1134 1335 1176 1384 τῇ

126 1395 268 1435 Λιὸύιον
286 1398 404 1447 φωνῇ·
426 1394 554 1438 Αίὸυες
577 1393 644 1446 γὰρ
667 1393 821 1436 Βάττους
836 1409 912 1436 τους
932 1390 1098 1444 βασιλέας
1117 1391 1177 1429 λε’-

125 1469 261 1505 γουσιν·
279 1455 310 1492 οἱ
333 1453 368 1491 δὲ
394 1452 484 1491 δ’τι’
475 1453 686 1506 ισχνόφωνος
705 1456 747 1500 ἠν
776 1451 836 1490 καὶ
863 1450 944 1503 περὶ
973 1467 1034 1498 της
1064 1465 1179 1502 φωνης

125 1512 402 1563 πυνθανόμενος,
427 1516 450 1559 ἡ
478 1512 595 1551 Πυθία
626 1511 760 1550 Βάττον
780 1509 976 1563 προσηγόρε
964 1525 1116 1556 υσεν,ε
1102 1508 1177 1547 ἐπεὶ

127 1572 187 1610 καὶ
206 1572 245 1610 τὸ
267 1572 456 1624 ἐπέχεσθαι
476 1571 538 1617 τὴν
558 1572 717 1621 γλῶτταν
747 1571 965 1622 βατταρίζειν
994 1567 1174 1621 φαμέν....

128 1631 174 1671 Ὁ
195 1631 224 1668 δ’
247 1631 470 1683 Ἀκέσανδρος
490 1629 538 1679 μὴ
559 1632 598 1668 ἐκ
610 1632 750 1680 γενετῆς
765 1628 867 1668 αὐτόν
886 1643 989 1681 φησιν
1006 1626 1178 1681 ἰσχνόφω-

127 1705 184 1728 νον
210 1692 438 1740 γεγενῆσθαι,
478 1689 557 1726 ἀλλ’
591 1688 660 1726 ἀπὸ
688 1687 911 1738 ταύτομάτου
943 1688 1082 1733 δεθῆναι
1113 1685 1177 1733 τὴν

127 1750 300 1803 γλῶτταν.
320 1742 393 1787 ’Ἦν
414 1747 449 1786 δὲ
471 1750 489 1786 ὃ
518 1746 606 1802 ἀνὴρ
627 1747 827 1800 ῥητορικὸς,
860 1746 970 1799 φησὶ,
1001 1745 1061 1783 καὶ
1087 1761 1177 1796 συμ-

129 1806 385 1846 ὅουλεύσασθαι
405 1806 603 1857 δυνάμενος.

531 1925 776 1943 ψ

182 2012 533 2050 ACESTODORUS
556 2012 616 2047 vel
637 2010 983 2048 ACESTORIDES.
1008 2009 1102 2045 Vide
1117 2009 1172 2046 Ci-

129 2084 206 2108 neae
226 2071 361 2120 fragm.
385 2076 423 2116 4,
445 2078 538 2109 tom.
556 2070 610 2115 ΙΙ,
631 2083 670 2119 p.
691 2068 779 2112 464.

466 2284 856 2353 (ACHAEUS.)

184 2416 311 2452 Schol.
333 2415 487 2453 Pindar.
505 2416 565 2452 Ol.
582 2417 740 2459 V11,42
757 2427 765 2450 :
780 2411 972 2454 Ἐναντίως
986 2413 1036 2462 τῷ
1049 2411 1178 2459 ποιητῇ

130 2473 174 2510 τὰ
195 2488 274 2525 περι
293 2488 354 2518 της
372 2472 502 2545 μητρὸς
528 2471 764 2546 ’ζίληπολέμου
788 2472 921 2523 ἱστορεῖ
944 2473 961 2508 ὃ
982 2450 1173 2521 Πιίνδαρος·

130 2531 294 2583 ’Όμηρος
327 2529 390 2581 μὲν
421 2530 489 2581 γὰρ
523 2529 630 2576 αὐτὴν
667 2529 867 2602 Ἀστυόχην
893 2530 1084 2567 ἀποκαλων
1120 2527 1180 2566 καὶ

133 2589 297 2641 Ἄκτορος
326 2593 413 2627 εἶναι
442 2589 614 2641 θυγατέρα
649 2587 831 2640 βούλεται,
852 2590 886 2626 ἐν
915 2591 963 2631 οἱς
983 2603 1088 2639 φησιν
1112 2590 1178 2636 (Il.

135 2649 186 2701 β,
205 2649 304 2695 658;
322 2650 372 2688 cf.
391 2648 540 2698 513)·«
526 2647 593 2685 «ὃν
612 2647 708 2685 τέκεν
728 2646 980 2698 Ἀστυόχεια.»
1000 2645 1178 2685 Ἐοικεδὲ

628 2775 664 2806 6.

174 2840 361 2880 Euphemus
377 2840 410 2871 in
434 2840 591 2871 Laconica
615 2839 779 2870 habitabat
802 2837 841 2869 ad
865 2846 955 2869 oram
973 2837 1178 2868 maritimam.

133 2893 224 2923 Unus
245 2901 321 2923 vero
343 2900 382 2923 ex
411 2891 546 2931 posteris
563 2891 631 2931 ejus
654 2893 804 2923 Sesamus
823 2889 857 2921 in
878 2889 1015 2922 Theram
1043 2888 1181 2919 insulam

133 2943 312 2983 emigravit.
338 2946 364 2974 A
390 2945 520 2974 Sesamo
543 2943 652 2974 autem
669 2951 768 2981 genus
794 2941 884 2972 ducit
909 2939 1110 2978 Aristoteles,
1129 2939 1183 2979 qui

132 2994 328 3026 deducendae
353 2994 385 3025 in
410 2995 557 3033 Cyrenen
581 2993 714 3025 coloniae
740 2992 878 3034 praefuit.
909 2993 1089 3024 Narrantur
1115 2990 1184 3022 haec

133 3045 218 3086 apud
239 3046 411 3077 Pindarum
438 3046 470 3076 in
492 3045 705 3085 Pythionicis‚
728 3047 761 3077 et
783 3046 965 3076 accuratius
980 3044 1077 3076 etiam
1099 3043 1183 3083 apud

134 3098 386 3129 Theochrestum
411 3096 493 3127 libro
525 3097 627 3136 primo
658 3099 776 3129 Rerum
806 3097 1019 3136 Lybicarum‚
1044 3097 1076 3127 et
1100 3094 1183 3135 apud

136 3148 351 3181 Acesandrum
368 3147 471 3188 primo
486 3150 533 3179 De
544 3149 678 3188 Cyrene.

639 3209 689 3249 7„

177 3267 362 3300 Secundum
383 3266 583 3299 Herodotum
597 3267 713 3307 Pythia
735 3269 865 3299 Battum
891 3266 1049 3298 vocabulo
1065 3265 1185 3306 Libyco

138 3329 194 3351 usa
218 3319 263 3351 sic.
284 3319 475 3359 appellavit,
493 3328 593 3358 quum
614 3319 702 3359 prius
724 3318 777 3350 ille
801 3318 984 3350 Aristoteles
999 3318 1182 3349 vocaretur.

138 3371 263 3402 Etenim
279 3370 391 3410 Libyes
409 3370 520 3402 batlos
538 3379 625 3409 reges
640 3370 763 3401 dicunt.
778 3369 962 3400 Secundum
978 3368 1057 3400 alios
1074 3369 1186 3400 Battus

139 3431 156 3453 a
172 3422 283 3462 Pythia
301 3421 483 3452 nominatus
502 3423 561 3460 est,
578 3421 665 3461 quod
686 3429 797 3451 vocem
816 3420 1015 3451 haesitantem
1041 3419 1184 3456 haberet,

140 3483 176 3504 ac
203 3474 242 3505 de
259 3474 372 3514 linguae
397 3473 519 3505 medela
536 3473 703 3504 oraculum
724 3472 925 3511 consuleret;
943 3480 1017 3503 nam
1036 3480 1112 3502 voce
1131 3480 1184 3502 ca-

1237 367 1390 415 Ἐκεῖνος
1406 371 1473 424 γὰρ
1490 371 1580 410 οὕτω
1596 375 1809 423 γενεαλογεῖ
1831 372 2028 425 Ὑπερόχου
2052 373 2279 425 Εὐρύπυλος·
2322 379 2326 422 ,’

1237 433 1275 467 οὓ
1295 428 1486 482 ”·Ορμενος
1507 434 1544 469 ου
1566 431 1702 483 Φέρης·
1720 435 1761 469 οὗ
1776 431 1975 484 Ἀμύντωρ·
1991 435 2030 470 οὗ
2046 432 2281 486 Ἀστυδάμεια
2324 464 2326 467 s

1236 491 1258 535 ἡ
1284 489 1519 539 Τληπολέμου
1540 505 1672 541 μητηρ.
1698 490 1767 528 Και
1796 490 1898 534 αὐτος
1921 490 2024 541 (κατ’
2047 490 2222 543 ἅλλουςΡ)
2242 492 2278 530 δὲ

1237 545 1419 600 Ἀμύντωρ
1439 549 1486 591 εἷς
1505 547 1574 586 Δία
1597 547 1637 586 τὸ
1663 547 1757 599 γένος
1778 548 1911 599 ἀνάγει.
1933 547 2049 588 Ἔνιοι
2069 549 2104 588 δὲ
2131 549 2192 589 καὶ
2209 549 2281 590 υἱὸν

1238 604 1432 657 Ἀμύντορα
1450 608 1512 642 τοῦ
1533 605 1613 649 Διὸς
1633 601 1720 643 εἶναι
1738 606 1911 658 λέγουσιν.

1291 664 1352 700 Ad
1363 664 1442 701 haec
1458 666 1661 702 Boeckius:
1686 668 1775 703 «De
1788 668 1925 713 Agthaeo
1945 668 2128 704 historico
2141 695 2152 714 ,
2171 680 2284 718 quem

1240 723 1400 758 Beckius
1419 723 1644 772 Pherecydis
1663 726 1843 773 aequalem
1858 726 2027 773 judicat,
2046 727 2180 764 dubito
2199 739 2284 764 ma-

1237 794 1419 830 gnopere.
1434 785 1541 820 Voss
1560 785 1608 821 H.
1626 784 1691 822 Gr.
1710 786 1773 830 IV,
1791 797 1831 833 p.
1853 783 1945 830 501,
1962 793 2099 834 praeter
2112 784 2286 823 nostrum
2324 776 2326 778 .

1238 841 1364 876 locum
1383 842 1491 877 novit
1507 854 1624 877 unum
1644 843 1768 878 Schol.
1798 845 1902 880 Arati
1928 845 2282 892 Phaen,.171‚ubi

1239 911 1458 947 quanquam
1491 913 1578 936 cum
1608 901 1827 949 Pherecyde
1856 901 1926 950 (fr
1971 903 2019 946 46
2035 903 2046 953 )
2077 911 2114 940 et
2143 905 2285 954 Hippia

1239 957 1494 1007 conjungitur,
1514 966 1640 995 tamen
1654 961 1818 1008 tragicus
1837 961 1990 998 Achaeus
2007 963 2129 1011 accipi
2143 970 2282 1011 potest.

1239 1017 1379 1052 Contra
1406 1024 1538 1053 nostro
1560 1019 1646 1053 loco
1667 1019 1726 1054 vel
1743 1019 1891 1054 articuli
1914 1020 2060 1068 positus
2075 1028 2286 1058 monstrare

1238 1075 1331 1110 mihi
1345 1075 1511 1120 videtur,
1527 1076 1710 1112 excidisse
1721 1090 1861 1113 nomen
1875 1078 2058 1124 auctoris,
2070 1091 2108 1114 v.
2122 1091 2156 1116 c.
2170 1077 2286 1116 Ἀκου-

1228 1132 1351 1185 σιλάῳ
1361 1135 1410 1185 τῷ
1422 1132 1560 1185 ἀρχαίῳ
1571 1133 2103 1188 ἱστοριογρᾶφῳ.ΒυοὴιιεΙοοίε
2111 1137 2287 1174 Achaeum

1238 1192 1460 1228 historicum
1481 1194 1676 1230 restituere
1704 1195 1860 1230 tentavit
1884 1196 1981 1244 Aug.
2005 1196 2168 1232 Meinek.
2194 1196 2273 1233 Cur

1191 1275 1195 1277 >
1238 1255 1316 1287 crit.
1338 1264 1380 1300 p.
1413 1251 1477 1296 30,
1500 1252 1619 1288 altero
1640 1253 1759 1289 schol.
1781 1253 1960 1291 Nicandr.
1983 1254 2156 1290 Theriac.
2186 1253 2284 1300 613,

1238 1310 1305 1345 ubi
1332 1310 1583 1346 Schneiderus
1598 1323 1670 1359 pro
1696 1309 1849 1362 Ἀρχαίῳ
1873 1323 1998 1361 nuper
2022 1324 2067 1348 ex
2092 1311 2167 1349 fide
2191 1314 2287 1362 mpti
2323 1313 2326 1315 ’

1238 1371 1404 1404 Alcoeum
1435 1369 1557 1415 dedit;
1580 1371 1699 1406 altero
1721 1371 2059 1419 Harpocrationis‚
2088 1373 2148 1408 cui
2175 1373 2283 1408 illum

1237 1440 1316 1462 non
1330 1427 1577 1464 obtrudemus
1589 1455 1599 1473 ‚
1612 1429 1679 1464 ubi
1693 1430 1821 1466 Achaei
1835 1430 2007 1466 historici
2023 1432 2288 1467 auctoritatem

1239 1486 1315 1522 fere
1335 1487 1476 1522 nullam
1497 1487 1803 1523 intellexerimus.
1824 1488 1930 1524 Idem
1945 1501 2038 1524 vero
2053 1489 2196 1525 ibidem
2211 1502 2284 1538 pro

1240 1543 1391 1596 Ἀρχαίῳ
1417 1558 1478 1593 ap.
1511 1546 1745 1587 Artemidor.
1778 1547 1883 1583 Onir.
1917 1548 1974 1591 II,
2006 1545 2054 1583 25
2081 1544 2313 1584 rectissime*

1238 1605 1382 1640 Alcaeus'
1400 1611 1564 1652 praestat.
1591 1621 1606 1637 »

1292 1664 1486 1699 Acusilaus
1506 1664 1535 1699 si
1564 1663 1829 1712 intelligendus
1847 1671 1923 1709 est,
1946 1665 2088 1701 scribas
2108 1664 2215 1703 ε’ντετ.
2234 1665 2284 1716 τῷ

1239 1720 1412 1773 Ἀργείῳ
1439 1722 1548 1772 ἷστορ.
1579 1722 1653 1758 Sed
1674 1723 1802 1758 malim
1826 1721 2073 1774 ἕπιτυχηκέναι
2098 1721 2280 1776 Ἑκαταίῳ

1237 1781 1307 1818 ἱστ.
1322 1782 1628 1817 Westermannus
1648 1782 1687 1817 in
1701 1789 1782 1817 not.
1802 1782 1851 1818 ad
1863 1783 1970 1818 Voss.
1989 1783 2085 1818 Hist.
2109 1783 2173 1820 Gr.
2195 1796 2284 1818 con·

1239 1839 1329 1875 ferri
1357 1839 1468 1886 jubet
1496 1840 1538 1877 C.
1574 1840 1738 1877 Friebel.
1773 1840 1892 1878 Graec.
1928 1847 2114 1889 satyrogr.
2148 1840 2282 1890 fragm.

1238 1910 1277 1946 p.
1301 1911 1364 1946 αι..
1394 1900 1450 1934 De
1466 1911 1507 1934 re
1527 1898 1576 1934 cf.
1605 1899 1755 1937 Miiller.
1778 1899 1874 1934 Min.
1895 1911 1934 1947 p.
1957 1898 2045 1941 348.

1294 2073 1466 2109 AENEAS
1485 2072 1519 2108 ἐν
1533 2071 1741 2121 Σαμιακοῖς.
1757 2074 1803 2109 V.
1823 2073 1982 2110 Abantis
1995 2073 2042 2109 fr.
2066 2087 2080 2109 1
2101 2081 2183 2110 not.

1295 2143 1474 2236 ΑξλΕΌΞ
1497 2142 1846 2180 MYTILENAEUS.
1863 2144 1907 2180 V.
1923 2144 2137 2179 PolemoniS
2155 2143 2287 2192 fragm.

1241 2213 1276 2249 p.
1299 2213 1313 2236 1
1349 2213 1385 2236 2.

1513 2366 2014 2436 AENESIDEMUS.

1643 2494 1886 2533 THNIAKA.

1296 2591 1420 2626 Schol.
1448 2590 1573 2638 Apoll.
1595 2588 1722 2626 Rhod.
1744 2590 1784 2633 Ι,
1811 2587 1924 2632 1300,
1946 2587 1992 2623 de
2010 2588 2098 2623 Zete
2128 2593 2167 2622 et
2188 2586 2289 2622 Calai

1243 2647 1479 2682 Boreadibus
1515 2659 1523 2682 :
1557 2644 1710 2688 Τούτους
1744 2643 1925 2696 Ἡρακλῆς
1956 2644 2089 2682 ἀνεῖλεν
2124 2642 2287 2696 ὕστερον,

1245 2759 1336 2796 plum
1345 2755 1411 2788 esse
1420 2756 1608 2797 βατταρίζειν
1620 2756 1765 2787 dicimus.
1776 2755 1956 2787 Acesander
1965 2763 2040 2786 vero
2052 2763 2126 2786 eum
2138 2762 2202 2785 non
2215 2753 2290 2785 inde

1244 2808 1284 2839 ab
1295 2807 1456 2839 natalibus
1468 2816 1580 2839 vocem
1594 2807 1795 2838 haesitantem
1810 2807 1975 2846 habuisse,
1991 2805 2045 2838 sed
2060 2814 2135 2837 casu
2154 2805 2286 2837 fortuito

1245 2859 1352 2899 lingua
1377 2859 1507 2898 captum
1527 2867 1595 2890 esse
1614 2858 1732 2898 tradit;
1747 2865 1822 2889 nam
1836 2858 1896 2897 vir,
1914 2857 1974 2896 ait,
1991 2857 2150 2889 oratorius
2171 2858 2240 2888 erat
2258 2857 2290 2888 et

1246 2911 1376 2943 consilio
1388 2911 1525 2943 valebat.

1656 2961 1873 2976 *⁰⁶⁹-

1288 3018 1334 3048 De
1359 3016 1462 3047 matre
1474 3014 1648 3055 Tlepolemi
1670 3014 1826 3046 Pindarus
1840 3022 1859 3044 a
1871 3014 2011 3045 Homero
2035 3011 2189 3044 dissentit.
2209 3013 2289 3044 Nam

1247 3069 1403 3100 Homerus
1419 3075 1490 3098 eam
1513 3065 1692 3106 Astyochea
1710 3065 1804 3096 vocat
1829 3065 1860 3096 et
1877 3065 2000 3096 Actorls
2016 3071 2084 3094 esse
2107 3062 2205 3094 {iliam
2219 3062 2290 3094 vult

1245 3130 1310 3161 quo
1331 3121 1400 3151 loco
1413 3119 1490 3150 dicit
1509 3129 1516 3150 z
1535 3131 1550 3146 «
1569 3121 1674 3156 Quem
1690 3119 1827 3158 peperit
1842 3116 2032 3157 Astyochia.
2050 3128 2066 3143 ν
2084 3115 2238 3147 Pindarus
2253 3115 2287 3146 in

1246 3173 1399 3204 Achaeum
1420 3172 1459 3212 (Ρ)
1477 3171 1664 3203 historicum
1687 3170 1834 3202 incidisse
1851 3169 1991 3201 videtur.
2021 3170 2050 3200 Is
2064 3167 2149 3199 enim
2169 3165 2291 3207 generis

1246 3225 1361 3256 seriem
1376 3224 1421 3255 ita
1434 3222 1600 3255 constituit
1621 3235 1628 3254 :
1647 3221 1827 3262 Hyperochi
1848 3220 2049 3261 Eurypylus;
2070 3218 2166 3258 hujus
2181 3220 2290 3250 Orme-

1246 3285 1325 3315 nus;
1341 3276 1435 3315 hujus
1450 3275 1568 3307 Pheres
1577 3285 1587 3314 ;
1602 3274 1698 3314 hujus
1713 3273 1888 3314 Amyntor3
1905 3273 2001 3313 huJus
2017 3271 2200 3312 Astydamia
2214 3270 2288 3302 Tle-

1247 3327 1362 3369 polemi
1376 3328 1489 3359 mater.

1550 3391 1617 3429 DE
1635 3390 1770 3429 TENO
1791 3389 1985 3428 INSULA.

1288 3469 1383 3500 Zeten
1398 3467 1428 3499 et
1444 3466 1555 3499 Calain
1572 3465 1730 3498 Bon-cadas
1743 3466 1852 3506 postea
1874 3462 2030 3495 interfecit
2048 3461 2086 3493 ad
2103 3462 2224 3493 Tenum
2242 3459 2287 3491 in-
