2326 3724
982 223 1316 264 FRAGMENTA.
2170 235 2216 267 67

126 326 173 352 41.
192 309 278 351 Ὅτι
298 309 464 363 Ὀνώριος
481 310 625 363 ὓδερικῷ
641 310 814 361 νοσήματι
844 309 946 354 ἁλοὺς
959 341 970 361 ,
991 310 1058 363 πρὸ
1080 310 1114 356 ἓξ

73 371 253 410 καλανδῶν
270 368 523 422 Σεπτεμῧρίων
539 370 697 420 τελευτᾷ·
717 367 776 407 καὶ
792 368 990 419 πέμπονται
1004 370 1115 422 γράμ-

74 445 170 480 ματα
201 429 286 482 πρὸς
325 428 389 476 τὴν
433 427 621 475 ἀνατολὴν,
657 428 716 466 τὸν
756 427 926 478 βασιλέως
967 428 1113 467 θάνατον

71 488 260 540 μηνύοντα.
287 488 349 527 Ἐν
374 491 403 541 ᾧ
435 486 472 526 δὲ
490 491 600 525 ταῦτα
627 486 842 537 ἐπέμποντο,
869 486 1034 534 Ἰωάννης
1065 503 1115 531 τις

73 546 286 593 αὖθεντήσας
300 551 480 599 τυραννεῖ·
502 547 555 596 ἐφ
572 549 609 583 οὓ
628 544 688 583 καὶ
703 548 764 591 τῆς
782 544 1005 596 ἀναρρήσεως
1023 560 1112 594 γινο

69 605 189 656 μένης,
207 605 334 659 ἐρρήθη
352 605 471 657 ὥσπερ
488 604 558 643 ἀπό
575 619 664 648 τινος
679 604 903 657 προρρήσεως
919 604 1114 656 προαχθέν·

67 682 86 700 ι
104 664 302 713 πίπτει,οὔ
321 664 463 711 στήκει·
483 681 499 699 »
520 663 579 702 καὶ
598 662 637 702 τὸ
656 665 785 710 πλῆθος
808 662 926 715 ωσπερ
948 663 1114 701 ἀναλύον-

67 739 123 768 τες
141 724 199 763 ἐπι
218 724 257 762 τὸ
285 723 384 778 ῥηθὲν
410 725 650 783 ἀναφωνοῦσι·
668 741 684 756 α
711 722 854 769 στήκει,
873 724 911 760 οὐ
937 721 1112 762 πίπτει.»

120 796 168 823 ⁴2.
187 781 273 823 Ὅτι
290 781 507 835 Βονηφάτιος
523 781 645 834 ἀνὴρ’
628 797 668 829 ην
684 780 833 833 ἡρωϊκὸς
849 783 907 819 καὶ
925 780 1017 819 κατὰ
1032 782 1114 819 πολ-

67 839 136 878 λῶν
161 840 329 883 πολλάκις
360 839 547 892 βαρόάρων
567 840 785 893 ἠρίστευσεν,
808 839 933 878 ἄλλοτε
960 839 1022 890 μὲν
1052 855 1113 877 συν

66 898 193 950 ὀλίγοις
211 899 454 951 ἐπερχόμενος,
474 899 599 936 ἄλλοτε
614 897 649 935 δὲ
664 897 723 936 καὶ
739 896 799 935 σὺν
820 895 988 944 πλείοσιν,
1007 897 1112 936 ἐνίοτε

68 956 103 996 δὲ
134 957 194 995 καὶ
223 959 448 1010 μονομαχῶν·
483 957 543 995 καὶ
570 957 690 999 ἁπλῶς
713 957 838 1005 εἰπεῖν,
865 956 971 994 παντὶ
997 956 1114 1009 τρόπῳ

66 1017 205 1054 πολλῶν
227 1016 414 1069 βαρὸάρων
434 1016 493 1054 καὶ
523 1014 698 1068 διαφόρων
716 1017 820 1054 ἐθνῶν
850 1015 1032 1063 ἀπήλλαξε
1051 1014 1112 1062 τὴν

70 1074 249 1128 Ἀφρικήν.
268 1069 339 1115 ἢ’Ήν
355 1075 389 1113 δὲ
408 1074 469 1112 καὶ
486 1073 707 1121 δικαιοσύνης
722 1074 888 1126 ἐραστὴς,
905 1074 965 1113 καὶ
978 1073 1115 1127 χρημά-

68 1149 136 1171 των
171 1133 352 1186 κρείττων.
376 1134 562 1185 Ἐπράχθη
598 1133 634 1171 δὲ
664 1135 759 1186 αὐτῷ
788 1133 847 1171 καί
878 1148 911 1171 τι
945 1137 1110 1173 τοιοῦτον.

70 1191 171 1245 Ἀνήρ
192 1209 242 1237 τις
262 1193 438 1245 ἄγροικος,
458 1192 548 1245 ἔχων
571 1194 739 1230 ἀνθοῦσαν
758 1197 906 1243 γυναῖκα
922 1191 984 1238 τὴν
1005 1191 1112 1244 ὥραν,

70 1250 136 1289 ὑπό
150 1267 238 1296 τινος
258 1255 326 1290 τῶν
348 1251 543 1304 συμμάχων
559 1250 746 1303 βαρὸάρων
764 1250 983 1302 ἐμοιχεύετο·
1004 1252 1113 1289 δεῖται

65 1313 246 1362 τοιγαροῦν
268 1310 504 1362 Βονηφατίου,
524 1309 586 1357 τὴν
605 1309 703 1361 ὕὸριν
724 1309 986 1363 ὀλοφυρόμενος.
1010 1308 1055 1348 Ὁ
1078 1308 1115 1347 δὲ

65 1368 281 1421 Βονηιράτιος
293 1368 412 1419 μαθων
427 1370 465 1406 τὸ
480 1368 656 1419 διάστημα
675 1372 736 1407 τοῦ
754 1369 862 1407 τόπου
876 1383 936 1406 και
946 1367 986 1406 τὸ
1002 1367 1115 1418 ὄνομα

65 1430 126 1464 τοῦ
148 1428 253 1479 ἀγροῦ
284 1429 318 1465 ἐν
348 1444 376 1480 ῳ
398 1426 442 1465 τὰ
461 1443 523 1474 της
540 1426 696 1479 μοιχείας
723 1426 955 1499 ἐπράττετο,
960 1426 1018 1464 τὸν
1047 1426 1110 1474 μὲν

66 1483 183 1531 ἱκέτην
199 1484 284 1528 τέως
301 1485 505 1536 ἀπέπεμπε,
521 1485 719 1538 προστάξας
732 1486 839 1524 πάλιν
856 1488 899 1535 τῇ·
922 1484 998 1531 ἑξῆς
1015 1486 1110 1522 αὐτῶ

66 1544 284 1596 προσελθεῖν·
313 1543 413 1597 ὀψίας
443 1544 480 1582 δὲ
510 1543 625 1582 λαθὼν
659 1543 837 1591 ἅπαντας,
870 1543 930 1581 καὶ
964 1543 1022 1581 ἐπὶ
1053 1542 1110 1581 τὸν

70 1602 174 1655 ἀγρὸν
192 1604 338 1650 ἐλάσας,
359 1603 599 1654 ἑὸδομήκοντα
617 1603 835 1654 διιστάμενον
858 1602 1031 1653 σταδίοις,
1052 1602 1111 1641 καὶ

67 1660 176 1712 εὑρὼν
204 1661 262 1700 τὸν
283 1661 462 1714 βάρὸαρον
482 1665 526 1713 τῇ
555 1662 786 1714 μοιχευομένη
813 1661 1112 1712 συγκαθεύδοντα,

48 1771 50 1773 ‚
65 1719 184 1770 τέμνει
203 1735 240 1758 τε
258 1722 364 1759 αὐτοῦ
377 1720 441 1768 τὴν
461 1721 617 1774 κεφαλὴν
642 1721 701 1759 καὶ
722 1722 765 1759 δι’
783 1722 888 1767 αὐτῆς
905 1721 1112 1774 ὑποστρέφει

29 1828 43 1834 ,ἡ
67 1780 200 1823 νυκτός.
234 1779 466 1831 Προσελθόντι
498 1778 534 1817 δὲ
551 1779 642 1818 κατὰ
666 1778 705 1816 τὸ
724 1778 937 1833 πρόσταγμα
970 1780 1016 1823 εἷς
1047 1779 1110 1826 τὴν

68 1837 184 1890 αὔριον
199 1840 247 1890 τῷ
266 1837 362 1890 ἀνδρὶ
379 1837 557 1876 ἐπιδίδωσι
578 1841 637 1876 τοῦ
659 1837 839 1891 βαρὸάρου
857 1837 918 1885 τὴν
938 1838 1108 1892 κεφαλὴν,

68 1897 378 1947 διαπυνθανόμενος
398 1898 428 1935 εἰ
446 1895 668 1947 ἐπιγινώσκοι
689 1896 813 1943 αὐτήν.
833 1896 878 1937 ‘O
897 1897 932 1935 δὲ
954 1903 1024 1940 τοῖς
1042 1913 1112 1934 πα-

69 1959 182 2008 ροῦσιν
201 1955 274 2007 ἅμα
294 1956 532 2008 καταπλαγεὶς
547 1955 607 1994 καὶ
625 1955 876 2008 ἀμηχανήσας,
898 1955 1018 1994 ἔπειτα
1039 1957 1111 1994 ἐπι-

1177 310 1277 363 γνοὺς
1306 311 1499 350 καὶπολλὰ
1528 315 1589 358 τῆς
1615 311 1834 361 δικαιοσύνης
1860 315 2128 367 εὐχαριστήσας,
2158 318 2219 355 σὺν

1175 376 1273 424 χαρᾷ
1286 369 1406 422 ἀπῃει.

1229 441 1278 466 43.
1296 427 1382 468 ἸΟτι
1402 427 1546 474 ἕκαστος
1566 431 1633 468 τῶν
1654 429 1817 482 μεγάλων
1843 431 1946 470 οἴκων
1969 435 2031 479 της
2056 432 2220 484 Ῥώμης,

1176 485 1222 531 ὥς
1241 502 1359 541 φησιν,
1390 487 1528 526 ἅπαντα
1550 483 1642 540 εἶχεν
1661 490 1696 526 ἐν
1728 491 1841 528 ἑαυτω
1858 490 1973 528 ὁπόσα
2002 492 2101 536 πόλις
2130 492 2221 543 σύμ-

1177 562 1298 599 μετρος
1311 546 1495 594 ἠδύνατο
1476 563 1584 599 εχειν,
1601 548 1816 621 ἱππόδρομον
1831 548 1890 587 καὶ
1910 549 2030 602 φόρους
2050 551 2109 588 καὶ
2122 552 2222 596 ναους

1175 605 1302 652 καὶπη
1253 604 1370 657 πηγὰς
1388 605 1449 644 καὶ
1468 605 1596 660 λουτρα
1623 607 1782 661 διάφορα.
1804 607 1866 647 Διὸ
1883 608 1943 646 καὶ
1969 611 1987 646 ὁ
2008 610 2222 664 συγγραφευς

1176 663 1433 717 ἀπεφθέγξατο·

1258 752 1313 789 Εἷς
1327 752 1450 794 δόμος”
1432 764 1511 785 αστυ
1524 753 1626 785 πέλει·
1643 754 1730 791 πόλις
1743 754 1840 786 ἄστεα
1857 755 1950 797 μυρία
1963 756 2076 789 κεύθει.

1175 828 1294 874 ῗΗσαν
1309 833 1419 873 δὲκαὶ
1435 834 1564 888 λουτρα
1578 836 1730 887 δημόσια
1742 837 1968 909 παμμεγέθη.
1990 841 2035 878 Αἱ
2053 839 2088 877 δὲ
2099 840 2223 880 Ἀντω·

1175 893 1323 932 νινιαναὶ
1335 893 1424 932 οὕτω
1437 894 1650 945 καλούμεναι
1668 896 1715 939 εἷς
1726 895 1847 948 χρείαν
1867 899 1935 934 τῶν
1946 898 2141 948 λουομένων
2154 915 2223 938 κα-

1177 951 1298 1005 θέδρας
1320 956 1414 1005 εἰχον
1434 953 1696 1006 παρακειμένας
1718 954 1864 1007 χιλίας’
1851 955 2051 1005 εξακοσίας,
2077 960 2115 996 ἐκ
2133 975 2222 1011 μαρ-

1179 1011 1290 1063 μάρου
1318 1011 1646 1062 κατεσκευασμένας
1674 1012 1815 1058 ξεστοῦ·
1846 1017 1881 1052 αἱ
1909 1014 1945 1052 δὲ
1973 1017 2223 1062 Διοκλητιαναὶ

1177 1069 1277 1121 ἐγγὺς
1297 1071 1511 1113 διπλασίους.
1537 1071 1591 1111 Τὸ
1617 1071 1653 1110 δὲ
1671 1078 1785 1125 τεῖχος
1808 1075 1870 1119 τ’ἥς
1890 1073 2033 1125 Ῥώμης
2054 1075 2222 1126 μετρηθὲν

1178 1129 1275 1182 παρὰ
1298 1128 1483 1180 Ἄμμωνος
1502 1133 1563 1168 τοῦ
1581 1130 1780 1183 γεωμέτρου
1802 1134 1882 1170 καθ’
1900 1131 1937 1170 ὃν
1960 1132 2082 1185 καιρὸν
2100 1134 2222 1172 Γότθοι

1176 1186 1238 1234 τὴν
1255 1188 1427 1241 προτέραν
1447 1189 1525 1227 κατ’
1543 1190 1649 1236 αὐτῆς
1667 1190 1889 1242 ἐπιδρομὴν’
1873 1192 2099 1240 εποιήσαντο,
2114 1191 2222 1231 εἴκοσι

1177 1262 1236 1285 και
1257 1247 1329 1291 ἑνὸς
1346 1247 1461 1298 μιλίου
1480 1247 1697 1299 διάστημα”
1679 1264 1759 1301 z-:on
1778 1250 1980 1303 ἀπεδείχθη.

1233 1320 1282 1346 44.
1293 1305 1381 1347 Οτι
1394 1307 1518 1346 πολλοὶ
1532 1301 1619 1346 οἶκοι
1631 1308 1818 1358 Ῥωμαίων
1831 1310 2132 1362 προσόδουςκατ”
2117 1327 2225 1350 ενιαυ-

1176 1364 1235 1403 τὸν
1250 1365 1445 1418 εδέχοντο’
1427 1366 1496 1404 απὸ
1512 1368 1580 1404 τῶν
1609 1366 1799 1418 κτημάτων
1827 1370 1939 1407 αὐτῶν
1961 1369 2026 1407 ἀνὰ
2051 1370 2223 1422 τεσσαρά-

1178 1439 1283 1462 κοντα
1311 1428 1441 1477 χρυσοῦ
1474 1426 1704 1477 κεντηνάρια,
1735 1426 1843 1478 χωρὶς
1866 1431 1926 1464 τοῦ
1956 1427 2051 1466 σίτου
2081 1428 2140 1466 καὶ
2162 1432 2223 1466 τοῦ

1177 1481 1269 1521 οἴνου
1289 1483 1350 1521 καὶ
1369 1486 1436 1521 τῶν
1455 1483 1569 1522 ἄλλων
1585 1485 1750 1522 ἁπάντων
1765 1486 1877 1533 εἰδῶν,
1894 1485 1915 1523 ἃ
1932 1488 1977 1530 εἷς
1996 1486 2109 1539 τρίτον
2127 1487 2224 1525 συνέ-

1176 1556 1299 1593 τεινεν,
1314 1543 1343 1579 εἰ
1361 1541 1608 1595 ἐπιπράσκετο,
1627 1547 1687 1581 τοῦ
1705 1543 1950 1596 εἰσφερομένου
1964 1545 2125 1597 χρυσίου.
2141 1548 2222 1584 Τῶν

1178 1600 1214 1639 δὲ
1241 1601 1331 1652 μετὰ
1361 1600 1440 1645 τοὺς
1469 1601 1628 1654 πρώτους
1659 1602 1828 1656 δευτέρων
1860 1603 1964 1642 οἴκων
1993 1607 2055 1650 τῆς
2081 1604 2225 1656 Ῥώμης

1177 1660 1431 1699 πεντεκαίδεκα
1457 1662 1517 1700 καὶ
1547 1661 1630 1699 δέκα
1662 1662 1898 1715 κεντηναρίων
1926 1667 1948 1710 ἡ
1975 1664 2143 1716 πρόσοδος
2170 1660 2224 1712 ἦν.

1179 1719 1250 1759 Καὶ
1278 1719 1330 1758 ὅτι
1356 1720 1495 1773 Πρόὸος
1519 1723 1536 1758 ὃ
1555 1723 1637 1765 παῖς
1663 1721 1862 1773 Ὀλυμπίου
1891 1722 2098 1776 (Ὀλυὸρίου
2122 1726 2222 1773 conj.

1176 1781 1327 1817 Reines.
1351 1788 1390 1817 et
1418 1778 1568 1831 Nieb.),
1601 1779 1745 1825 τελέσας
1767 1780 1829 1828 τὴν
1851 1781 1982 1819 οἰκείαν
2009 1786 2224 1835 πραιτοῦραν

1177 1837 1267 1876 κατὰ
1287 1837 1344 1876 τὸν
1364 1837 1483 1892 καιρὸν
1503 1842 1564 1886 τῆς
1576 1837 1740 1878 Ἰωάννου
1756 1839 1972 1893 τυραννίδος,
1991 1840 2124 1879 δώδεκα
2141 1857 2222 1879 κεν-

1178 1896 1327 1950 τηνάρια
1344 1901 1475 1950 χρυσοῦ
1491 1897 1665 1944 ἀνήλωσε.
1689 1899 1887 1951 Σύμμαχος
1906 1899 1940 1937 δὲ
1962 1902 1979 1937 ὁ
2001 1900 2225 1953 λογογράφος,

1178 1956 1408 2007 συγκλητικὸς
1426 1956 1473 1994 ὢν
1490 1959 1559 1994 τῶν
1577 1956 1740 2008 μετρίων,
1753 1957 1868 2010 πρὶνῆ
1884 1957 1947 2005 τὴν
1965 1957 2112 2009 Ῥώμην
2131 1959 2223 1997 ἁλῶ-

65 2087 168 2125 lenle,
185 2095 260 2118 cum
278 2087 386 2118 liberis
408 2086 574 2126 ablegatur
593 2087 693 2126 (423).
713 2087 805 2118 Solus
827 2087 1007 2119 Bonisacius
1021 2087 1114 2118 tidem

66 2138 112 2170 illi
135 2146 282 2176 servans,
302 2147 404 2179 quum
431 2147 472 2169 ex
489 2138 610 2177 Africa,
627 2138 679 2168 cui
702 2139 850 2178 praeerat,
870 2138 1038 2178 pecuniam
1051 2161 1060 2177 ,
1080 2138 1116 2168 ut

66 2193 208 2231 poterat,
226 2191 450 2231 submittebat,
471 2193 541 2222 tum
559 2190 599 2222 ad
617 2190 678 2222 alia
691 2191 719 2222 ei
732 2191 884 2231 obsequia
902 2192 1017 2231 praesto
1036 2193 1113 2222 erat.

66 2243 128 2280 Qui
142 2245 214 2283 post
227 2243 336 2284 etiam,
352 2245 389 2275 ut
404 2243 442 2275 ad
459 2244 628 2284 imperium
644 2244 715 2275 haec
728 2243 857 2283 rediret,
874 2243 952 2274 nihil
967 2252 1029 2274 non
1044 2243 1118 2275 fecit

64 2295 214 2335 tulitque.

107 2350 157 2379 41.
169 2348 327 2379 Honorius
337 2357 432 2388 aquae
445 2347 612 2380 intercutis
625 2347 738 2379 morbo
752 2347 934 2387 correptus,
946 2347 1020 2379 ante
1032 2346 1116 2378 diem

64 2404 191 2432 sextum
208 2401 360 2433 kalendas
385 2401 580 2441 Septembris
598 2400 680 2440 (αη.
702 2400 786 2439 423)
810 2399 909 2430 vitam
929 2398 1021 2438 finiit,
1038 2399 1116 2431 mie-

65 2460 172 2493 saeque
185 2453 217 2484 in
232 2453 396 2485 Orientem
407 2453 522 2484 litterae
533 2452 665 2493 Augusti
680 2453 816 2483 mortem
828 2451 1020 2482 nuntiantes.
1036 2453 1117 2487 Quoe

65 2504 143 2536 dum
154 2505 240 2536 ultro
253 2505 397 2545 citroque
411 2506 596 2543 mittuntur,
611 2507 750 2536 Joannes
763 2503 896 2544 quidam
913 2502 1116 2543 tyrannidem

65 2556 246 2596 occupavit.
274 2558 319 2587 De
346 2565 410 2596 qno
431 2556 465 2587 in
492 2556 559 2596 ipsa
579 2555 648 2596 ejus
678 2555 938 2595 inauguratione,
962 2555 1116 2594 tanquam

65 2608 173 2648 aliquo
188 2609 305 2639 suturae
321 2608 366 2639 rei
379 2608 512 2639 oraculo
524 2632 534 2647 ‚
550 2607 672 2647 jactum
685 2607 732 2639 est
749 2618 757 2638 ι
771 2619 787 2634 «
802 2605 908 2646 cadit,
923 2614 988 2637 non
1002 2608 1082 2638 stat:
1098 2619 1114 2634 »

66 2660 153 2700 quod
177 2660 290 2700 vulgus
314 2660 437 2691 dictum
463 2660 625 2691 invertens
649 2659 856 2691 exclamabat
879 2668 887 2690 :
908 2670 925 2686 «
944 2659 1032 2699 Stat,
1050 2667 1115 2690 non

65 2711 162 2744 cadit.
182 2725 198 2740 ν

107 2766 161 2796 42.
183 2764 368 2796 Bonifactus
383 2763 432 2794 vir
452 2764 521 2795 erat
538 2763 703 2802 heroicus,
731 2762 787 2803 qui
809 2771 883 2794 cum
909 2762 1019 2794 multis
1032 2770 1116 2802 srepe

69 2816 217 2855 gentibus
231 2815 376 2847 barbaris
389 2817 518 2847 strenue
529 2815 697 2855 pugnavit,
712 2815 821 2855 paucis
837 2814 1000 2846 interdurn
1015 2814 1116 2854 copiis

71 2868 239 2907 adhibitis,
263 2868 420 2900 interdum
435 2868 580 2908 pluribus
595 2892 604 2906 ‚
624 2876 857 2907 nonnunquam
871 2876 947 2898 vero
960 2868 993 2898 et
1009 2867 1115 2907 singu-

37 2931 40 2934 *
70 2919 126 2952 lari
140 2920 313 2952 certamine
329 2932 336 2951 ε
352 2923 394 2960 et,
405 2922 443 2952 ut
457 2920 554 2951 verbo
563 2920 681 2958 dicam,
699 2919 853 2951 barbaras
865 2919 985 2950 multas
998 2918 1116 2950 varias·

69 2982 132 3014 que
149 2975 259 3014 gentes
273 2973 378 3005 Africa
402 2973 537 3013 expulit.
584 2972 671 3004 idem
684 2971 816 3013 justitiae
829 2972 880 3003 vel
896 2971 1040 3011 inprimis
1052 2973 1117 3003 stu-

72 3024 179 3057 diosus
196 3026 228 3057 et
243 3025 406 3057 abstinens
419 3033 456 3056 ac
479 3024 686 3065 pecuniarum
700 3025 902 3064 contemptor
918 3023 991 3054 suit.
1010 3026 1035 3054 A
1052 3032 1116 3063 quo

70 3079 169 3111 etiam
197 3078 382 3119 hujusmodi
413 3078 587 3118 aliquando
617 3078 781 3118 patratum
813 3076 943 3108 facinus.
970 3076 1118 3108 Rusticus

69 3131 197 3172 quidam
214 3131 377 3172 praestanti
395 3131 498 3162 forma
517 3139 652 3162 uxorem
668 3139 760 3163 suam
777 3139 851 3162 cum
877 3129 1013 3161 barbaro
1035 3138 1116 3169 quo-

69 3182 143 3214 dam
156 3192 174 3215 e
201 3183 424 3214 confoederatis
439 3183 540 3214 milite
560 3191 767 3214 consuescere
794 3181 943 3221 cognovit
959 3193 967 3212 ε
995 3182 1118 3220 rogavit

70 3235 178 3275 itaque
207 3235 428 3274 Bonisacium,
452 3234 591 3266 dedecus
618 3234 696 3266 illud
725 3233 854 3266 familiae
878 3233 1064 3272 deplorans,
1081 3234 1118 3264 ut

71 3297 165 3329 opem
180 3288 287 3320 terret.
302 3288 359 3320 lile
369 3312 378 3327 ,
392 3288 520 3328 cognito
538 3287 601 3319 loci
613 3287 780 3319 intervallo
791 3288 822 3318 et
838 3286 903 3326 agri
919 3285 1047 3317 nomine
1062 3285 1118 3317 ubi

71 3341 262 3373 adulterium
287 3342 478 3381 patraretur,
496 3341 660 3372 hominem
683 3341 753 3372 tum
781 3339 911 3380 quidem
930 3338 1061 3378 dimisit,
1085 3339 1118 3370 in

72 3395 235 3434 posterum
246 3393 330 3425 diem
347 3393 385 3425 ad
399 3402 433 3425 se
448 3393 551 3425 redire
561 3393 699 3433 jussum.
743 3394 849 3425 Noctu
866 3393 976 3423 autem
989 3416 998 3431 ‚
1012 3391 1119 3423 insciis

73 3445 236 3486 omnibus,
253 3445 286 3478 in
302 3454 411 3487 agrum
429 3446 521 3478 illum
537 3446 738 3486 septuaginta
755 3444 865 3477 stadiis
879 3444 1027 3476 dissitum
1047 3453 1117 3484 pro-

1179 2086 1300 2126 fectus,
1315 2086 1501 2127 deprehensi
1515 2096 1589 2118 cnm
1603 2088 1729 2119 moecha
1755 2088 1884 2119 barbari
1911 2090 2009 2129 caput
2033 2090 2225 2130 amputavit,

1177 2137 1355 2178 eademqne
1374 2137 1506 2169 domum
1523 2140 1617 2170 nocte
1630 2140 1771 2171 revertit.
1796 2139 1953 2172 Redeunti
1973 2140 2066 2180 dein,
2083 2143 2119 2173 nt
2135 2151 2227 2174 man-

1177 2191 1290 2223 datum
1307 2191 1423 2230 tuerat,
1439 2191 1591 2231 postridie
1606 2191 1722 2223 marito
1733 2216 1742 2232 ,
1756 2192 1884 2224 barbari
1895 2194 1994 2233 caput
2010 2194 2139 2233 obtulit,
2154 2204 2224 2235 per-

1179 2244 1349 2275 cunctatus
1364 2251 1405 2274 an
1423 2243 1573 2276 novisset.
1596 2244 1652 2276 Ille
1664 2269 1673 2284 ‚
1685 2244 1868 2284 spectac-ulo
1883 2253 2069 2285 percussus,
2089 2248 2120 2278 et
2135 2248 2227 2287 quasi

1178 2303 1274 2326 sensu
1292 2296 1415 2334 motus,
1431 2304 1519 2334 mox,
1534 2295 1591 2327 ubi
1605 2297 1747 2336 agnovit,
1765 2295 2021 2337 multisjustitiae.
2038 2307 2134 2330 causa
2147 2299 2228 2331 actis

1177 2347 1286 2388 gratiis
1298 2371 1307 2387 ,
1326 2347 1459 2379 domum
1473 2348 1568 2380 laetus
1581 2349 1686 2381 rediit.

1218 2400 1270 2431 43.
1299 2401 1322 2430 Ε
1342 2400 1464 2440 magnis
1488 2402 1641 2432 Romanae
1663 2400 1755 2432 urbis
1777 2400 1944 2442 domibus,
1966 2403 2003 2434 ut
2025 2402 2078 2434 hic
2107 2403 2223 2443 refert,

1177 2452 1286 2484 omnia
1305 2452 1388 2484 intra
1405 2461 1439 2484 se
1453 2461 1658 2492 unaquaeque
1677 2453 1801 2492 habuit,
1824 2462 2042 2495 quaecumque
2058 2455 2228 2488 mediocris

1177 2504 1274 2535 etiam
1290 2504 1369 2535 urbs
1389 2504 1505 2536 habere
1529 2504 1646 2545 potuit,
1669 2504 1936 2546 hippodromum,
1961 2506 2049 2545 sora,
2073 2506 2226 2547 delubra,

1178 2556 1299 2597 fontes,
1314 2556 1403 2588 varia
1417 2555 1540 2588 balnea.
1558 2556 1639 2589 Hinc
1653 2557 1685 2588 et
1701 2557 1838 2597 scriptor
1851 2557 1896 2589 sic
1905 2557 2066 2590 exclamat
2085 2571 2092 2590 ε

1249 2635 1301 2663 Est
1313 2633 1387 2662 urbs
1399 2640 1461 2662 una
1474 2632 1581 2662 domus
1595 2642 1603 2660 ι
1623 2633 1704 2662 mille
1717 2633 1828 2669 oppida
1837 2634 1976 2663 continet
1991 2642 2051 2663 una
2062 2635 2142 2664 urbs.

1177 2710 1239 2743 Sed
1252 2711 1284 2743 et
1304 2711 1431 2742 lavacra
1450 2710 1577 2751 publica
1595 2709 1715 2750 ingenti
1731 2717 1862 2750 prorsus
1877 2709 1966 2741 suere
1988 2708 2205 2750 magnitudine
2217 2732 2226 2748 ,

1177 2773 1195 2796 e
1207 2765 1323 2805 quibus
1331 2789 1340 2805 ‚
1354 2773 1428 2805 quae
1444 2763 1667 2796 Antoninianae
1680 2762 1888 2803 nominantur
1903 2762 2050 2794 Thermae
2060 2786 2068 2801 ‚
2085 2761 2126 2793 ad
2139 2770 2226 2793 com-

1178 2819 1355 2850 modiorem
1373 2817 1550 2850 lavantium
1563 2825 1658 2848 usum
1678 2816 1766 2848 mille
1782 2817 1932 2847 sexcenta
1950 2815 2130 2846 habuerunt
2147 2814 2227 2847 sedi-

1178 2871 1237 2910 lia,
1257 2880 1275 2903 e
1304 2879 1465 2902 marmore
1492 2870 1591 2911 polito
1618 2869 1790 2908 fabricata,
1815 2868 2019 2900 Diocletianae
2037 2867 2137 2908 duplo
2162 2868 2227 2900 sere

1177 2923 1281 2963 plura.
1299 2925 1453 2955 Romanae
1472 2930 1550 2954 vero
1569 2921 1657 2953 urbis
1672 2921 1790 2953 moenia
1809 2929 1850 2952 ex
1872 2919 2039 2953 Ammonis
2057 2922 2227 2960 geometroe

1178 2973 1396 3012 dimensione,
1422 2982 1487 3014 quo
1510 2973 1656 3013 tempore
1681 2973 1777 3004 Gothi
1808 2972 1898 3004 illam
1921 2971 2027 3013 priore
2046 2970 2227 3005 incursione

1177 3026 1380 3065 infestarunt,
1392 3025 1503 3065 viginti
1521 3026 1554 3057 et
1570 3024 1665 3057 unius
1680 3024 1814 3056 miliaris
1824 3024 1963 3064 spatium
1973 3025 2006 3056 in
2019 3024 2155 3057 circuitu
2167 3024 2224 3055 ha-

1183 3079 1259 3111 bere
1273 3079 1437 3117 comperta
1455 3076 1541 3109 sunt.

1219 3132 1271 3161 44.
1291 3130 1410 3161 Multas
1424 3130 1534 3160 Romae
1557 3127 1692 3159 familias
1707 3135 1832 3159 annuos
1849 3127 1970 3159 reditus
1985 3136 2003 3159 e
2025 3127 2116 3158 bonis
2131 3135 2223 3158 acce-

1177 3183 1259 3224 pisse
1271 3182 1478 3224 quadraginta
1491 3181 1616 3213 circiter
1625 3181 1695 3212 auri
1708 3180 1917 3220 centenarios,
1929 3180 2049 3220 absque
2063 3180 2223 3211 frumento

1177 3236 1209 3266 et
1221 3235 1297 3266 vino
1311 3234 1444 3273 aliisque
1458 3232 1623 3273 speciebus
1634 3257 1643 3272 ‚
1658 3241 1731 3273 quae
1745 3233 1871 3264 tertiam
1887 3231 2058 3272 aequabant
2068 3231 2136 3262 auri
2150 3240 2222 3271 par-

1177 3289 1256 3325 tem,
1267 3286 1294 3318 si
1306 3285 1533 3317 venderentur.
1549 3284 1672 3316 Alteras
1688 3293 1765 3316 vero
1779 3285 1851 3324 post
1867 3283 1923 3315 has
1933 3283 2042 3315 decem
2059 3283 2115 3314 aut
2128 3283 2222 3322 quin-

1177 3339 1282 3371 decim
1309 3337 1508 3370 centenarios
1534 3338 1567 3369 in
1591 3345 1687 3368 censu
1715 3335 1872 3368 habuisse.
1902 3335 2064 3372 Probum,
2085 3334 2222 3374 Olympii

1180 3391 1226 3431 (l.
1247 3389 1399 3431 Olybrii)
1419 3389 1541 3428 filiurn,
1565 3389 1598 3420 in
1630 3389 1789 3428 praetura,
1818 3395 1917 3427 quam
1941 3385 2073 3418 ,Ioannis
2097 3385 2221 3425 tyranni

1179 3443 1380 3484 temporibus
1395 3431 1501 3483 gessit,
1519 3441 1589 3473 auri
1610 3440 1808 3472 centenarios
1826 3438 1994 3470 duodecim
2012 3437 2196 3478 expendisse
2213 3450 2219 3468 :

2086 3499 2115 3523 ο,
