2326 3724
136 218 182 250 512

134 297 266 336 σύῧιον.
290 295 508 336 Καθεσθέντα
529 295 564 334 δὲ
585 295 686 334 αὐτὸν
706 312 756 334 τω
776 294 904 349 [αὐτῷ]
921 295 1036 348 τρόπῳ
1057 297 1087 332 οἱ
1104 310 1173 332 πα-

136 356 248 409 ρόντες
275 355 418 406 ἐτίμων,
441 354 622 410 δεχόμενοι
648 353 709 398 τὰς
738 354 878 398 κύλικας
910 369 968 392 και
998 353 1086 403 μετὰ
1117 353 1173 391 τὸν

136 414 324 465 ἀσπασμὸν
362 416 431 452 ἀπο
433 414 622 464 γευόμενοι.
664 412 830 465 Ἓκάστω
874 412 909 450 δὲ
943 415 988 455 εἷς
1025 410 1176 462 οἰνοχόος

136 476 264 525 παρ’ἧν,
286 472 322 510 ὃν
339 472 408 510 ἔδει
425 471 516 510 κατὰ
537 476 672 522 στοῖχον
697 470 855 518 εἷσιέναι,
871 474 931 508 τοῦ
954 469 1103 515 Ἀττήλα
1123 471 1176 505 οἰ-

137 530 258 582 νοχόου
278 529 484 574 ὑπεξιόντος.
505 528 718 579 Ἰιμηθέντος
738 527 772 566 δὲ
789 528 848 565 καὶ
864 531 922 565 τοῦ
945 526 1102 575 δευτέρου
1118 525 1177 562 καὶ

137 591 205 626 τῶν
223 587 324 638 ἑξῆς,
348 587 406 626 καὶ
426 590 520 636 ἡμας
549 592 618 629 τοῖς
646 585 730 628 ἴσοις
747 588 764 623 ὁ
781 584 946 631 Ἀττήλας
975 583 1177 627 ἐδεξιώσατο

137 645 228 684 κατὰ
246 645 308 692 τὴν
328 661 396 683 των
416 645 529 683 θάκων
548 644 656 688 τάξιν.
690 637 736 698 Ὡ
768 642 809 689 δὴ
842 645 1019 693 ἀσπασμῳ
1039 641 1177 678 πάντων

138 702 366 753 τιμηθέντων,
391 702 582 754 υπεξῃεσαν
616 700 677 751 μὲν
699 717 729 739 οι
748 700 917 751 οἰνοχόοι,
948 679 1114 751 τράπεζαι
1143 696 1178 735 δὲ

142 760 230 812 μετὰ
247 760 310 807 τὴν
328 764 385 799 τοῦ
405 760 552 806 Ἀττήλα
575 758 797 811 παρετίθεντο
813 757 903 795 κατὰ
922 762 1012 808 τρεῖς
1030 771 1089 793 και
1108 755 1180 793 τέτ-

142 835 251 871 ταρας
279 818 451 872 ἄνδρας
432 836 454 866 η
475 818 534 856 καὶ
561 817 719 859 πλείους·
737 817 811 854 ὅθεν
833 816 975 858 ἕκαστος
995 809 1062 857 οἷός
1081 830 1118 852 τε
1137 818 1178 861 ἠν

140 879 207 915 τῶν
229 880 270 929 τῇ
297 877 416 927 μαγίδι
436 877 510 915 τοδι
532 875 649 927 (ἷδίαὲ)
674 877 755 913 Val.
773 877 782 925 )
806 873 1048 923 ἐπιτιθεμένων
1070 887 1177 922 μετα-

141 935 259 973 λαὸεῖν
275 934 323 985 μὴ
340 933 485 979 ὑπεξιὼν
503 937 563 980 τ’ἧς
580 936 646 971 τῶν
662 933 787 984 θρόνων
803 931 942 975 τάξεως.
962 931 1032 968 Καὶ
1047 933 1181 1000 πρῶτος

142 992 250 1044 εἰσῄει
269 995 286 1030 ὁ
305 996 364 1030 τοῦ
384 992 566 1038 Ἀττήλα
554 990 746 1041 υπηρέτης,
775 992 882 1042 κρεῶν
902 988 1019 1061 πλήρη
1050 988 1180 1027 πίνακα

144 1051 270 1104 φέρων,
289 1051 348 1089 καὶ
368 1053 398 1088 οι
418 1057 505 1088 πᾶσι
523 1048 779 1098 διακονούμενοι
797 1047 871 1098 μετ’
889 1048 990 1084 αὐτὸν
1013 1049 1106 1084 σῖτον
1123 1046 1182 1085 καὶ

141 1109 212 1162 ὄψα
244 1112 318 1152 ταῖς
337 1108 524 1160 τραπέζαις
545 1106 725 1144 ἐπέθεσαν.
751 1105 856 1143 Ἀλλὰ
875 1110 945 1149 τοῖς
980 1103 1041 1155 μὲν
1065 1104 1182 1148 ἄλλοις

145 1168 334 1220 βαρὸάροις
354 1167 413 1205 καὶ
441 1170 525 1217 ἡμῖν
555 1167 728 1212 πολυτελῆ
753 1166 874 1203 δεῖπνα
904 1164 1182 1212 κατεσκεύαστο,

140 1226 277 1269 κύκλοις
299 1225 498 1275 ἐπικείμενα
520 1226 698 1275 ἀργυροῖς·
718 1226 767 1275 τῷ
791 1223 826 1262 δὲ
851 1222 1002 1274 Ἀττήλᾳ
1034 1222 1093 1261 ἐπὶ
1122 1226 1182 1261 τοῦ

145 1284 278 1329 ξυλίνου
298 1284 439 1327 πίνακος
467 1277 507 1330 ἦν
540 1281 635 1320 οὐδὲν
665 1283 769 1320 πλέον
797 1284 920 1333 κρεῶν.
955 1281 1107 1334 Μέτριον
1147 1281 1182 1319 δὲ

142 1341 262 1380 ἑαυτὸν
282 1341 341 1379 καὶ
362 1343 396 1378 ἐν
416 1346 486 1384 τοῖς
503 1340 618 1384 ἄλλοις
635 1340 762 1378 ἅπασιν
782 1340 926 1378 ἐδείκνυ.
945 1342 1029 1383 Τοῖς
1045 1339 1111 1393 γὰρ
1126 1342 1185 1386 τῆς

141 1400 287 1452 εὐωχίας
307 1399 449 1452 ἀνδράσι
470 1399 605 1442 κύλικες
631 1404 760 1451 χρυσαῖ
778 1415 815 1436 τε
844 1398 904 1436 καὶ
933 1399 1084 1451 ἀργυραῖ
1103 1399 1183 1435 ἐπει

142 1458 292 1505 δίδοντο,
309 1457 347 1496 τὸ
363 1457 397 1495 δὲ
416 1460 519 1495 αὐτοῦ
537 1457 685 1507 ἔκπωμα
702 1455 834 1502 ξύλινον
851 1452 906 1503 ἦν.
924 1456 1014 1503 Λιτ·>ι
1035 1455 1070 1494 δὲ
1091 1457 1184 1507 αὐτῷ

142 1517 202 1554 καὶ
221 1520 242 1563 ἦ
272 1516 371 1562 ἐσθὴς
401 1515 586 1567 ἐτύγχανεν
616 1509 720 1563 οὖσα,
739 1514 847 1565 μηδὲν
867 1517 935 1552 τῶν
962 1514 1076 1551 ἄλλων
1094 1513 1185 1560 πλὴν

142 1578 200 1613 τοῦ
218 1574 355 1626 καθαρὰ
374 1568 461 1611 εἶναι
480 1573 777 1626 διαφυλάττουσα·
798 1572 856 1611 καὶ
882 1572 960 1610 οὔτε
978 1573 1017 1610 τὸ
1036 1588 1184 1624 παρῃω-

145 1634 291 1685 ρημένον
319 1633 412 1684 αὐτῷ
431 1632 543 1685 ξίφος,
562 1631 639 1670 οὔτε
659 1634 690 1670 οἱ
713 1634 780 1670 τῶν
804 1631 1026 1684 βαρὸαρικῶν
1054 1632 1187 1678 ὑποδη-

145 1692 262 1742 μάτων
284 1691 427 1741 δεσμοὶ,
451 1691 528 1729 οὔτε
548 1695 607 1728 τοῦ
623 1690 732 1728 ἵππου
753 1693 770 1728 ὃ
791 1689 950 1742 χαλινὸς,
975 1688 1093 1741 ὥσπερ
1119 1693 1186 1727 τῶν

144 1749 259 1787 ἄλλων
275 1751 430 1795 Σκυθῶν,
448 1750 567 1801 χρυσῷ
587 1748 608 1795 ἢ
629 1748 734 1791 λίθοις
754 1748 776 1795 ἥ
793 1763 858 1786 τινι
877 1750 945 1785 τῶν
965 1747 1087 1797 τιμίων
1107 1749 1183 1784 ἐκο-

144 1813 278 1857 σμεῖτο.
299 1809 377 1845 Τῶν
394 1806 430 1844 δὲ
449 1806 542 1858 ὄψων
562 1808 628 1844 τῶν
649 1808 683 1844 ἐν
700 1808 770 1849 τοῖς
786 1805 935 1858 πρώτοις
954 1804 1088 1850 πίναξιν
1106 1807 1186 1843 ἐπι-

144 1866 307 1903 τεθέντων
338 1864 598 1914 ἀναλωθέντων,
630 1864 757 1907 πάντες
785 1865 1026 1914 διανέστημεν,
1057 1863 1116 1901 καὶ
1148 1865 1186 1900 οὐ

144 1924 306 1976 πρότερον
339 1924 394 1962 ἐπὶ
413 1923 471 1961 τὸν
500 1924 616 1976 δίφρον
637 1922 787 1966 ἀναστὰς
807 1918 910 1971 ἦλθε,
935 1921 1015 1974 πρὶν
1037 1920 1065 1968 ἢ
1095 1920 1186 1960 κατὰ

144 1981 206 2028 τὴν
227 1981 395 2034 προτέραν
430 1977 523 2025 τάξιν
555 1981 699 2025 ἕκαστος
727 1980 790 2027 τὴν
823 1979 1065 2030 ἐπιδιδομένην
1094 1981 1189 2032 αὐτῷ

145 2120 269 2142 merum
288 2110 473 2150 degustans,
497 2110 662 2142 autetiam
676 2109 825 2148 ebibens,
841 2110 993 2150 poculum
1008 2109 1187 2149 pocillatori

147 2162 304 2193 redderet.
325 2162 453 2194 Sedenti
472 2165 578 2193 autem
595 2161 703 2193 Attilae
722 2161 834 2193 eodem
853 2160 960 2199 modo,
974 2161 1029 2200 qni
1042 2160 1189 2191 convivio

148 2214 341 2252 intererant,
366 2213 479 2253 pocula
505 2213 712 2252 suscipientes
733 2215 765 2245 et
785 2213 857 2252 post
881 2211 1106 2243 salutationem
1131 2211 1189 2242 de-

147 2267 321 2304 gustantes,
334 2264 487 2296 honorem
501 2264 706 2295 exhibebant.
751 2263 933 2303 Unicuique
948 2272 1024 2295 vero
1037 2271 1120 2294 unus
1138 2271 1189 2302 po·

150 2317 274 2348 cillator
299 2316 422 2356 aderat,
449 2325 557 2357 quem,
585 2325 684 2357 quum
702 2316 852 2356 pincerna
878 2316 985 2347 Attilae
1008 2315 1122 2355 exiret,
1139 2315 1189 2345 in-

150 2368 248 2399 troire
265 2376 322 2399 suo
339 2368 449 2398 ordine
467 2368 621 2407 oportuit.
638 2368 783 2400 Secundo
797 2368 829 2399 et
845 2367 976 2407 reliquis
991 2367 1140 2407 deinceps
1152 2366 1191 2397 ad

153 2419 240 2450 hunc
267 2419 399 2450 modum
425 2419 544 2450 honore
560 2420 693 2458 affectis,
716 2419 829 2451 Attilas
852 2428 910 2450 nos
929 2427 1058 2459 quoque
1078 2418 1190 2449 eodem

149 2470 245 2502 modo
257 2470 407 2501 salutavit
422 2471 597 2502 secundum
610 2471 754 2503 ordinem
768 2472 929 2503 sellarum.
945 2473 1028 2503 Tum
1043 2470 1192 2502 omnibus

149 2522 348 2553 salutationis
378 2521 497 2553 honore
513 2522 636 2562 delato,
666 2523 823 2563 pincernae
840 2523 1049 2554 recesserunt.
1073 2524 1191 2554 Mensae

151 2581 229 2604 vero
244 2572 339 2612 juxta
353 2573 458 2604 Attilae
479 2582 621 2604 mensam
637 2575 728 2605 erant
741 2576 869 2613 erectae,
883 2573 1076 2614 excipiendis
1091 2572 1194 2605 tribus

150 2626 183 2656 et
195 2626 358 2664 quattuor,
374 2626 429 2655 aut
443 2626 536 2656 etiam
553 2626 695 2666 pluribus
708 2627 849 2658 convivis
860 2626 993 2666 idoneoe,
1009 2627 1053 2658 ita
1063 2627 1099 2658 ut
1112 2626 1193 2666 quis·

153 2684 217 2715 qne
234 2676 265 2706 in
281 2676 368 2706 sedili
382 2684 440 2707 suo
454 2677 604 2716 residens,
619 2677 657 2708 de
671 2678 824 2717 impositis
839 2687 955 2710 mensae
967 2678 1095 2709 ferculis
1110 2686 1194 2709 com·

155 2726 250 2757 mode
273 2735 399 2758 sumere
418 2729 534 2767 posset.
564 2728 684 2760 Deinde
700 2730 821 2769 primus
839 2729 872 2760 in
898 2729 1041 2761 medium
1062 2729 1196 2760 accessit

153 2777 263 2810 Attilae
273 2777 416 2809 minister
427 2779 568 2818 patinam
581 2779 729 2811 carnibus
739 2781 864 2820 plenam
875 2781 994 2820 terens3
1008 2781 1078 2820 post
1092 2780 1194 2820 ipsum

153 2829 208 2868 qui
236 2837 350 2868 panem
375 2829 596 2862 ministrabant
615 2833 647 2863 et
675 2832 806 2863 obsonia
831 2833 946 2864 mensis
968 2833 1193 2873 apposuerunt.

154 2879 215 2911 Sed
223 2880 336 2911 ceteris
347 2880 475 2920 quidem
487 2881 630 2913 barbaris
643 2883 673 2914 et
686 2883 776 2915 nobis
789 2884 963 2915 lautissima
974 2892 1064 2915 coena
1072 2892 1196 2924 praepa-

153 2931 223 2962 rata
233 2931 301 2962 erat
314 2933 345 2962 et
355 2931 386 2962 in
394 2931 487 2962 discis
499 2933 653 2972 argenteis
667 2935 816 2974 reposita,
829 2935 935 2966 Attilae
947 2935 1064 2966 veroin
1073 2935 1195 2975 quadra

155 2981 278 3021 lignea,
295 2983 327 3013 et
348 2982 427 3013 nihil
444 2985 560 3022 praeter
576 2993 697 3016 carnes.
721 2985 920 3016 Moderatum
938 2986 1054 3026 pariter
1070 2986 1102 3017 in
1123 2987 1196 3017 reli-

155 3034 228 3074 quis
240 3034 388 3065 omnibus
398 3043 465 3066 sese
480 3036 652 3074 praebebat.
668 3038 818 3069 Convivis
831 3047 927 3069 aurea
941 3040 971 3069 et
982 3040 1130 3078 argentea
1143 3048 1195 3079 po·

156 3085 230 3116 cula
241 3085 545 3126 suppeditabantur;
564 3087 671 3119 Attilae
687 3089 838 3127 poculum
857 3092 925 3120 erat
943 3090 1094 3129 ligneum.
1112 3090 1195 3122 Sim-

157 3135 231 3176 plex
250 3135 421 3167 admodum
444 3137 528 3168 illius
545 3138 640 3169 vestis
655 3139 743 3169 nulla
757 3148 802 3178 re,
822 3140 881 3171 nisi
900 3141 1068 3180 munditie,
1085 3143 1197 3172 ornata

157 3188 236 3218 erat.
252 3189 363 3227 Neque
379 3187 449 3226 ejus
465 3189 559 3228 ensis,
577 3198 680 3228 neque
692 3190 872 3221 calceorum
892 3191 1100 3223 barbarorum
1118 3193 1195 3232 liga*-

159 3238 257 3276 mina,
275 3247 379 3278 neque
402 3238 470 3278 ejus
487 3240 561 3279 equi
587 3240 693 3280 frena,
714 3243 749 3272 ut
771 3242 968 3281 reliquorum
986 3244 1194 3283 Scytharum,

159 3298 239 3321 auro
251 3292 307 3322 aut
323 3290 479 3330 lapidibus
494 3293 551 3322 aut
564 3292 625 3322 alia
639 3301 832 3332 quacunque
849 3302 880 3325 re
895 3295 1029 3333 pretiosa
1044 3297 1134 3327 erant
1147 3305 1196 3327 or-

159 3342 246 3372 nata.
265 3343 308 3373 Ut
324 3341 454 3373 obsonia
478 3342 654 3382 primorum
675 3344 866 3375 serculorum
890 3346 978 3377 suere
997 3349 1196 3387 consumpta,

159 3392 376 3433 surreximus,
402 3402 507 3434 neque
531 3394 619 3434 prius
649 3395 819 3435 quisquam
845 3398 991 3428 nostrum
1022 3397 1062 3429 ad
1089 3398 1196 3431 sedem

1003 208 1162 248 PRlSCI
1193 209 1397 247 PANlTAE

1235 294 1324 332 οἴνου
1348 294 1464 344 πλήρη
1487 293 1598 338 ἐξέπιε
1626 293 1769 340 κύλικα,
1797 294 1853 331 τὸν
1887 294 2055 342 Ἀττήλαν
2087 298 2155 334 σῶν
2190 291 2277 336 εἶναι

1236 352 1476 401 ἐπευξάμενος.
1500 351 1570 390 Καὶ
1593 355 1710 390 τοῦτον
1732 352 1930 402 τιμηθέντος
1953 355 2055 391 αὐτοῦ
2071 353 2128 392 τὸν
2148 354 2274 407 τρόπον
2314 379 2315 382 ¹

1237 410 1484 459 ἐκαθέσθημεν,
1502 410 1562 447 καὶ
1588 409 1744 462 δεύτερος
1766 410 1896 462 ἑκάστῃ
1922 411 2074 463 τραπέζῃ
2102 413 2276 451 ἐπετίθετο

1236 466 1336 511 πίναξ
1357 467 1456 519 ἕτερα
1476 467 1565 519 ἔχων
1582 467 1748 518 ἐδώδιμα.
1770 467 1835 512 εΩς
1854 470 1889 506 δὲ
1909 469 1969 507 καὶ
1984 470 2087 507 αὐτοῦ
2103 471 2134 508 οἱ
2148 470 2277 514 πάντες

1237 525 1439 574 μετέλαὸον,
1467 525 1526 563 καὶ
1553 528 1603 578 τῷ
1632 528 1726 578 αὐτῷ
1756 526 2002 570 ἐξαναστάντες
2028 527 2165 580 τρόπῳ,
2185 522 2280 572 αὖθις

1237 583 1411 626 ἐκπιόντες
1423 583 1669 634 ἐκαθέσθημεν.
1683 583 1955 634 Ἰίπιγενομένης
1968 585 2003 622 δὲ
2018 585 2165 638 ἑσπέρας
2179 587 2279 639 δᾷδες

1239 640 1453 690 ἀνήφθησαν,
1474 640 1534 680 δύο
1555 641 1589 679 δὲ
1617 642 1756 694 ἀντικρὺ
1787 645 1846 679 τοῦ
1875 641 2024 689 Ἀττήλα
2052 643 2280 696 παρελθόντες

1240 699 1410 751 βάρὸαροι
1427 698 1570 751 ᾄσματα
1588 699 1806 750 πεποιημένα
1827 700 1955 752 ἔλεγον,
1981 700 2076 744 νίκας
2092 702 2196 740 αὐτοῦ
2216 702 2278 740 καὶ

1237 756 1297 800 τὰς
1317 757 1408 795 κατὰ
1428 757 1579 807 πόλεμον
1599 757 1736 810 ᾅδοντες
1756 758 1898 810 ἀρετάς·
1918 760 1950 802 ἐς
1969 758 2026 803 οὒς
2049 761 2080 797 οἱ
2105 762 2166 806 τῆς
2189 761 2280 798 εὕω-

1238 815 1317 867 χίας
1340 815 1551 863 ἀπέὸλεπον,
1570 816 1629 854 καὶ
1649 818 1679 854 οἱ
1705 817 1766 867 μὲν
1791 816 1913 863 ἥδοντο
1931 822 2001 860 τοῖς
2020 818 2232 869 ποιήμασιν,
2248 820 2281 857 οἱ

1239 872 1276 910 δὲ
1301 875 1368 912 τῶν
1398 874 1560 924 πολέμων
1593 874 1935 924 ἀναμιμνησκόμενοι
1969 875 2080 926 διηγεί
2102 891 2180 914 οντο
2211 877 2282 920 τοῖς

1241 931 1472 984 φρονήμασιν,
1492 932 1591 970 ἄλλοι
1607 932 1642 970 δὲ
1659 931 1810 984 ἐχώρουν
1839 934 1871 976 ἐς
1891 932 2044 986 δάκρυα,
2065 949 2113 971 ων
2132 933 2200 972 ὑπὸ
2219 937 2280 974 τοῦ

1241 989 1366 1042 χρόνου
1385 989 1521 1036 ἠσθένει
1537 989 1576 1028 τὸ
1593 992 1695 1040 σῶμα
1715 990 1774 1028 καὶ
1798 991 1982 1042 ἡσυχάζειν
2004 994 2022 1030 ὁ
2041 991 2146 1042 θυμὸς
2174 995 2283 1045 ἠναγ-

1241 1048 1377 1093 κάζετο.
1398 1048 1500 1087 Μετὰ
1528 1048 1564 1086 δὲ
1595 1048 1641 1085 τὰ
1672 1048 1815 1101 ᾄσματα
1847 1047 1984 1096 Σκύθης
2013 1065 2065 1093 τις
2096 1049 2281 1102 παρελθὼν

1243 1105 1499 1158 φρενοὸλαῧὴς,
1521 1105 1692 1144 ἀλλόκοτα
1712 1106 1772 1144 καὶ
1793 1106 1988 1158 παράσημα
2006 1107 2065 1145 καὶ
2081 1107 2176 1146 οὐδὲν
2193 1110 2284 1160 ὑγιὲς

1244 1164 1491 1216 φθεγγόμενος,
1513 1166 1546 1208 ἐς
1564 1164 1698 1215 γέλωτα
1724 1165 1858 1207 πάντας
1879 1164 2120 1216 παρεσκεύασε
2152 1169 2284 1219 παρελα

1244 1224 1327 1262 θεῖν.
1364 1225 1450 1261 Μεθ’
1470 1222 1506 1260 ὃν
1527 1224 1712 1269 ὑπεισῆλθε
1732 1222 1872 1275 Ζέρκων
1895 1226 1913 1261 ὁ
1933 1223 2151 1275 Μαυρούσιος
2179 1225 2280 1276 (vid.

1245 1284 1291 1321 sr.
1312 1298 1326 1319 1
1339 1282 1386 1332 1)·
1401 1283 1418 1318 ὃ
1431 1280 1498 1333 γὰρ
1515 1280 1669 1320 Ἔδέκων
1686 1281 1788 1318 αὐτὸν
1804 1280 1900 1333 παρὰ
1914 1281 1971 1320 τὸν
1988 1281 2156 1329 Ἀττήλαν
2176 1278 2284 1321 ἐλθεῖν

1245 1339 1467 1392 παρέπεισεν,
1484 1342 1529 1383 ὡς
1547 1343 1590 1392 τῇ
1611 1338 1740 1377 ἐκείνου
1758 1341 1889 1390 σπουδῇ
1905 1337 1967 1386 τὴν
1985 1339 2140 1392 γαμετὴν
2154 1342 2286 1388 ἀπολη-

1245 1397 1405 1450 ψόμενον,
1424 1398 1466 1445 ἣν
1486 1397 1576 1435 κατὰ
1595 1398 1656 1444 τὴν
1676 1400 1744 1435 τῶν
1773 1396 1959 1449 βαρὸάρων
1987 1397 2120 1451 εἰλήφει
2151 1398 2283 1451 χώραν,

1245 1458 1294 1508 τῷ
1316 1455 1434 1507 Βλήδᾳ
1455 1455 1751 1508 περισπούδαστος
1773 1454 1834 1495 ὤν.

1867 1455 2103 1494 Ἀπολελοίπει
2121 1457 2157 1495 δὲ
2176 1456 2284 1503 αὐτὴν
2320 1463 2326 1494 ἶ

1246 1515 1280 1551 ἐν
1301 1517 1342 1566 τῇ
1365 1516 1518 1565 ,Σκυθικῇ
1539 1513 1635 1566 παρὰ
1662 1517 1721 1551 τοῦ
1753 1513 1902 1559 Ἀττήλα
1923 1515 2030 1566 δῶρον
2051 1514 2169 1567 Ἀετίῳ
2187 1530 2284 1566 πεμ-
2318 1516 2326 1539 4

1246 1572 1350 1624 φθείς.
1375 1573 1480 1610 Ἀλλὰ
1499 1576 1560 1619 τῆς
1581 1571 1643 1622 μὲν
1662 1571 1822 1619 τοιαύτης
1843 1572 2031 1624 διήμαρτεν
2052 1573 2206 1621 ἐλπίδος,
2225 1577 2286 1612 τοῦ
2319 1587 2326 1620 jj

1247 1630 1393 1676 Ἀττήλα
1422 1630 1700 1681 χαλεπήναντος,
1718 1631 1769 1668 ὅτι
1798 1645 1837 1681 γε
1862 1629 1902 1676 δὴ
1924 1631 1958 1674 ἐς
1975 1634 2038 1677 τὴν
2064 1632 2169 1669 αὐτοῦ
2194 1633 2286 1670 ἐπα-
2324 1655 2326 1662 =

1245 1690 1361 1735 ν’ἧλθε.
1392 1689 1481 1728 Τότε
1502 1689 1537 1726 δὲ
1562 1688 1619 1726 διὰ
1637 1688 1694 1726 τὸν
1715 1691 1775 1734 τῆς
1793 1688 1942 1740 εὐωχίας
1963 1689 2082 1742 καιρὸν
2101 1689 2283 1742 παρελθὼν
2321 1714 2326 1746 4

1247 1749 1296 1799 τῷ
1321 1762 1357 1785 τε
1386 1747 1466 1784 εἴδει
1495 1747 1555 1785 καὶ
1578 1747 1646 1789 τοῖς
1674 1746 1847 1795 ἐσθήμασι
1867 1746 1926 1784 καὶ
1950 1748 1997 1798 τῇ
2017 1750 2119 1800 Αφωνῇ
2139 1747 2199 1785 καὶ
2218 1753 2288 1791 τοῖς

1248 1805 1514 1858 συγκεχυμένως
1545 1805 1628 1856 παρ’
1650 1806 1751 1842 αὐτοῦ
1770 1803 2038 1857 προφερομένοις
2067 1805 2217 1858 ῥήμασι·
2244 1809 2287 1858 τῇ
2323 1835 2326 1837 -

1247 1862 1313 1914 γὰρ
1331 1863 1508 1902 Αὐσονίων
1539 1862 1598 1908 τὴν
1619 1865 1686 1900 τῶν
1708 1862 1849 1901 Οὔννων
1868 1863 1927 1900 καὶ
1956 1861 2018 1910 τὴν
2052 1866 2120 1902 τῶν
2150 1863 2288 1902 Γότθων
2323 1872 2326 1874 ’

1248 1920 1468 1972 παραμιγνὺς
1495 1922 1653 1972 γλῶτταν
1673 1921 1804 1964 πάντας
1828 1920 1967 1971 διέχεεν
1987 1921 2047 1959 καὶ
2066 1923 2099 1964 ἐς
2119 1921 2288 1959 ἄσὸεστον
2324 1948 2326 1950 -

1249 1981 1405 2032 ὁρμῆσαι
1422 1978 1557 2029 γέλωτα
1577 1977 1840 2031 παρεσκεύασε,
1866 1977 1958 2025 πλὴν
1978 1978 2142 2026 Ἄττήλα.
2177 1979 2290 2023 Αὐτὸς
2323 2017 2326 2030 ÷

1249 2116 1341 2139 suam
1352 2109 1399 2140 est
1413 2116 1570 2148 reversus,
1584 2116 1681 2148 quam
1693 2107 1752 2139 sibi
1762 2107 1911 2139 traditam
1925 2108 2068 2148 pateram
2082 2107 2146 2139 vini
2154 2108 2290 2149 plenarii,

1249 2161 1374 2192 servato
1385 2160 1488 2201 priore
1506 2160 1629 2199 ordine,
1644 2160 1774 2192 Attilam
1789 2160 1914 2192 salvum
1927 2161 1960 2192 et
1975 2160 2168 2192 incolumem
2182 2169 2288 2200 proca·
2323 2163 2326 2165 '

1249 2213 1312 2250 tus,
1326 2211 1488 2244 ebibisset.
1512 2213 1558 2243 Eo
1574 2211 1614 2243 ad
1628 2211 1714 2243 hunc
1727 2211 1860 2243 modum
1877 2212 1999 2243 honore
2013 2212 2120 2251 culto,
2137 2211 2289 2244 sedimus.

1251 2267 1333 2296 Tum
1350 2273 1435 2296 nova
1449 2265 1566 2296 fercula
1583 2264 1700 2304 cuique
1714 2273 1831 2296 mensae
1849 2266 1923 2295 sunt
1935 2264 2035 2303 illata,
2050 2273 2124 2304 qum
2137 2264 2198 2295 alia
2217 2272 2289 2295 con·
2324 2254 2326 2258 Α

1250 2316 1395 2347 tinebant
1410 2316 1582 2354 esculenta,
1596 2324 1637 2347 ex
1653 2315 1770 2356 quibus
1782 2315 1837 2346 ubi
1850 2323 1972 2354 omnes,
1990 2315 2095 2355 quoad
2107 2314 2184 2346 satis
2195 2316 2289 2354 esset,

1251 2367 1473 2406 comedissent,
1487 2367 1598 2399 eodem
1610 2366 1704 2398 modo
1714 2366 1923 2403 surreximus,
1933 2367 1966 2397 et
1975 2367 2069 2406 epoto
2077 2365 2174 2397 calice
2182 2374 2291 2398 rursus
2322 2371 2326 2405 ,ξ

1252 2419 1463 2451 consedimus.
1481 2418 1678 2450 Adveniente
1690 2426 1831 2458 vespere,
1854 2417 2039 2457 facibusque
2057 2417 2210 2457 accensis,
2227 2417 2291 2448 duo
2322 2422 2326 2462 j

1252 2470 1380 2510 Scythae
1395 2478 1504 2501 coram
1522 2470 1618 2501 Attila
1634 2469 1834 2510 prodierunt,
1847 2470 1880 2500 et
1892 2476 2003 2500 versus
2015 2476 2034 2500 a
2046 2476 2080 2500 se
2092 2468 2205 2508 factor-2,
2218 2468 2290 2508 qui·
2324 2480 2326 2484 ⁴

1253 2521 1312 2552 bus
1329 2521 1398 2560 eius
1414 2521 1563 2552 victorias
1578 2522 1611 2552 et
1624 2520 1753 2552 bellicas
1774 2519 1909 2551 virtutes
1921 2519 2089 2558 canebant,
2103 2519 2288 2552 recitarunt.
2323 2518 2326 2555 j

1252 2574 1290 2603 In
1307 2581 1388 2613 quos
1401 2572 1546 2603 convivae
1565 2572 1674 2603 oculos
1690 2571 1885 2610 defixerunt;
1898 2571 1930 2602 et
1943 2570 1996 2602 alii
2009 2570 2137 2611 quidem
2148 2570 2291 2603 versibus

1254 2623 1510 2661 delectabantur,
1525 2623 1594 2654 aliis
1606 2622 1765 2654 bellorum
1784 2621 1961 2654 recordatio
1982 2621 2104 2653 animos
2119 2621 2290 2662 excitabat,
2324 2620 2326 2623 “

1253 2674 1322 2707 aliis
1341 2673 1514 2706 manabant
1529 2674 1681 2712 lacrimae,
1700 2682 1837 2713 quorum
1852 2681 1967 2713 corpus
1978 2673 2073 2705 aetate
2090 2672 2291 2705 debilitatum

1254 2730 1322 2760 erat
1335 2728 1366 2759 et
1382 2727 1470 2766 vigor
1483 2726 1579 2758 animi
1596 2727 1758 2766 quiescere
1769 2725 1950 2766 cogebatur.
1970 2726 2045 2757 Post
2057 2726 2170 2757 cantus
2182 2726 2213 2756 et
2225 2733 2293 2756 car-

1256 2779 1343 2811 mina
1360 2778 1478 2818 scytha
1499 2778 1605 2810 nescio
1621 2778 1692 2818 quis
1713 2778 1820 2808 mente
1845 2778 1958 2816 captus
1975 2776 2113 2808 absurda
2133 2777 2166 2808 et
2186 2776 2292 2817 inepta

1255 2839 1314 2862 nec
1329 2831 1397 2862 sani
1412 2830 1584 2870 quicquam
1600 2829 1747 2861 habentia
1761 2828 1927 2860 effundens
1937 2828 2036 2861 risum
2045 2827 2194 2862 omnibus
2205 2836 2292 2860 com-

1256 2883 1368 2915 movit.
1388 2884 1675 2914 Postremozercon
1688 2880 1868 2912 Maurusius
1889 2880 2041 2912 introivit.
2061 2879 2190 2915 Edecon
2204 2880 2288 2911 enim

1255 2935 1299 2966 illi
1319 2935 1528 2975 persuaserat,
1545 2935 1582 2965 ut
1597 2933 1638 2964 ad
1656 2933 1787 2964 Attilam
1814 2932 1946 2971 veniret,
1969 2939 2097 2963 omnem
2109 2940 2239 2972 operam
2258 2932 2291 2964 et
2320 2924 2326 2976 ¹⁵

1255 2986 1397 3018 studium
1420 2986 1589 3026 pollicitus,
1612 2993 1677 3024 quo
1703 2992 1835 3015 uxorem
1861 2984 2072 3023 recuperaret.
2087 2985 2176 3014 Hanc
2193 2983 2290 3023 enim,
2323 3000 2326 3008 ι

1256 3046 1358 3078 quum
1373 3037 1418 3068 illi
1434 3036 1530 3069 Bleda
1547 3037 1684 3074 faveret,
1701 3035 1733 3066 in
1747 3035 1954 3066 barbarorum
1968 3034 2094 3074 regione
2108 3036 2290 3074 acceperat,
2324 3074 2326 3076 Ι

1256 3099 1390 3130 eamque
1403 3090 1435 3121 in
1457 3089 1597 3129 Scythia,
1611 3088 1651 3119 ab
1670 3088 1767 3120 Attila
1782 3087 1822 3118 ad
1839 3087 1965 3119 Aetium
1981 3086 2065 3118 dono
2081 3086 2207 3126 missus,
2221 3086 2292 3118 reli-

1256 3143 1378 3182 querat.
1406 3141 1466 3174 Sed
1483 3142 1542 3173 hac
1562 3149 1617 3181 spe
1630 3141 1799 3172 frustratus
1810 3139 1869 3178 est,
1885 3138 1960 3179 quia
1972 3138 2086 3170 Attilas
2098 3138 2143 3169 illi
2162 3146 2292 3170 succen-

1256 3195 1330 3231 suit,
1339 3194 1423 3234 quod
1437 3194 1477 3225 ad
1485 3203 1541 3225 sua
1552 3192 1756 3232 remigrasset.
1771 3193 1882 3232 ltaque
1891 3192 1969 3222 tunc
1979 3192 2103 3231 arrepta
2115 3190 2292 3222 festivitatis
2321 3226 2326 3228 ,

1257 3245 1439 3283 occasione,
1461 3253 1641 3285 progressus
1654 3245 1686 3275 et
1700 3243 1802 3274 forma
1814 3244 1846 3274 et
1862 3243 1971 3274 habitu
1989 3243 2021 3274 et
2036 3241 2292 3282 pronuntiatione

1257 3298 1288 3328 et
1302 3297 1406 3328 verbis
1418 3296 1548 3327 confuse
1558 3295 1598 3326 ab
1611 3303 1649 3326 eo
1662 3294 1803 3334 prolatis,
1817 3295 1968 3325 Romanae
1981 3295 2170 3325 Hunnorum
2181 3294 2213 3324 et
2230 3294 2290 3324 Go-

1258 3349 1386 3380 thorum
1405 3347 1543 3387 linguam
1561 3346 1794 3385 intermiscens,
1812 3353 1922 3376 omnes
1944 3345 2054 3376 laetitia
2072 3343 2236 3384 implevit,
2259 3344 2292 3374 et

1258 3400 1362 3432 effecit
1377 3400 1413 3431 ut
1428 3399 1460 3430 in
1473 3398 1694 3430 vehementem
1710 3396 1808 3430 risum
1822 3396 2076 3437 prorumperent.
2099 3394 2160 3428 Sed
2179 3393 2293 3426 Attiias
