2326 3724
110 237 187 270 222

108 333 164 361 τος
181 316 242 367 μὲν
260 311 317 355 οὐν
335 322 442 360 οὕτως
459 315 566 362 ἔλεξε.
590 316 662 357 Καὶ
675 317 754 371 περὶ
772 318 834 369 μὲν
850 321 918 358 τῶν
934 321 1151 372 Σαρακηνῶν

107 375 146 413 τὸ
161 375 282 414 λοιπὸν
304 375 448 427 οὐδεμία
467 391 518 419 τις
537 375 676 428 ἐφέρετο
697 375 832 428 μνήμη.
853 377 1097 430 Ἐπιτηρήσας
1117 377 1153 416 δὲ

108 437 157 487 τῷ
183 436 295 472 δοκεῖν
316 435 378 472 οὐκ
401 436 560 487 ἔργωδῶς
592 434 682 487 ἀμφὶ
715 435 887 480 Σουανίας
904 435 1073 489 ἀπέρριψε
1095 436 1154 475 λό-

107 509 205 544 γους,
225 496 271 538 ὡς
293 493 367 532 δέον
386 494 453 532 ὑπὸ
474 493 672 544 Ῥωμαίους
689 494 798 542 αὐτὴν
818 497 1046 544 καθεστάναι,
1067 496 1099 534 εἴ
1116 512 1154 547 γε

107 553 167 591 καὶ
183 555 338 600 Λαζικῆς
355 552 568 591 ἓπελάὸοντο
586 553 810 603 ἐννομώτατα
825 554 935 594 αὐτοί.
951 554 995 594 Ὁ
1010 555 1045 592 δὲ
1063 557 1156 607 Περ-

107 614 175 649 σῶν
195 611 356 664 βασιλεὺς
375 611 452 655 τοὺς
470 612 550 661 περὶ
571 611 741 656 Σουανίας
758 612 820 663 μὲν
841 612 963 664 λόγους
981 612 1072 658 ἔδοξε
1087 629 1154 651 πα-

107 669 337 722 ραδέχεσθαι,
353 674 483 722 χρῆναι
498 670 532 708 δὲ
551 670 654 708 αὐτὸν
672 670 736 722 ἔφη
756 670 834 723 περὶ
848 671 977 718 ταύτης
996 671 1070 722 ἅμα
1088 675 1157 716 τοῖς

106 729 141 767 ἐν
160 728 250 767 τέλει
267 731 335 767 τῶν
356 728 490 776 Μηδων
509 729 776 781 βουλεύσασθαι.
801 728 902 768 Μετὰ
917 733 1028 768 ταῦτα
1045 733 1063 769 ὁ
1077 730 1157 770 Ἰω-

107 787 210 834 άννης
226 787 348 839 λόγους
367 787 569 839 προσήγαγε
585 790 634 825 τῶ
650 788 688 827 l
683 805 692 826 ι
694 803 719 840 χ
735 790 784 826 τῶ
801 788 860 826 καὶ
879 787 1156 842 Ἰεσδεγουσνὰφ,

105 844 167 883 καὶ
188 844 249 895 μὲν
271 861 328 883 ουν
346 846 472 898 ἑτέροις
491 861 560 884 τισι
580 849 648 884 τῶν
665 845 762 898 παρὰ
786 845 939 899 Πέρσαις
957 847 1154 898 ἡγεμόνων.

105 904 152 942 Οἱ
169 904 204 941 δὲ
222 902 354 950 ἔλεξαν,
373 906 418 948 ὡς
437 904 683 955 ἑτοιμότατα”
665 920 776 956 εχοιεν
798 904 970 949 Σουαιιίας
983 921 1156 957 παραχω

106 977 210 1014 ρησαι
233 961 442 1012 Ῥωμαίοις,
465 962 555 1001 οὕτω
576 962 693 1036 μέντοι
716 963 772 1015 ἐφ’
798 965 827 1015 ω
847 962 1018 1015 χρήματα
1047 964 1158 1016 λήψε-

105 1023 186 1058 σθαι
213 1020 274 1058 καὶ
293 1019 393 1059 ὤνιον
413 1020 530 1058 θεσθαι
549 1023 612 1066 τὴν
634 1021 858 1072 ἀπαλλαγήν.
921 1021 992 1060 Και
1013 1021 1096 1072 πρός
1116 1038 1156 1073 γε

105 1079 281 1126 συνθήκας
298 1079 408 1123 ἄλλας
433 1079 528 1123 τινὰς
549 1080 618 1117 δεῖν
639 1080 789 1133 ἔφασκον
816 1080 986 1132 γενέσθαι,
1008 1081 1156 1135 αἰσχράς

103 1153 141 1175 τε
169 1138 229 1176 καὶ
249 1138 388 1183 ἀναξίας
409 1141 471 1185 τῆς
500 1138 690 1188 Ῥωμαίων
708 1142 837 1192 ἀρχῆς,
866 1139 926 1177 καὶ
946 1140 1156 1192 βεὸαιούσας

103 1198 264 1247 οὐδαμῶς
277 1197 340 1243 τὴν
357 1197 436 1250 περὶ
454 1197 624 1249 βασιλέως
643 1197 833 1236 ’[ουστίνου
854 1198 1083 1252 κρατήσασαν
1100 1199 1155 1237 δό-

104 1253 179 1302 ξαν,
207 1253 253 1299 ὥς
273 1257 346 1293 ἐστι
369 1256 466 1306 μάλα
488 1255 655 1308 ἐμὸριθής
681 1271 719 1294 τε
747 1256 807 1294 καὶ
829 1256 1151 1309 κατηκριὸωμένος.

103 1313 267 1361 Ἰωάννης
287 1313 323 1352 δὲ
337 1314 381 1352 τὰ
397 1314 513 1352 τοιάδε
534 1314 712 1362 ἀκηκοὼς,
731 1315 791 1353 καὶ
811 1317 847 1354 οὐ
867 1316 999 1369 σφόδρα
1017 1319 1078 1363 τῆς
1093 1321 1154 1354 τοῦ

103 1373 358 1425 αὐτοκράτορος
387 1373 641 1425 στοχαζόμενος
661 1373 821 1425 γνώμης,
842 1374 1064 1412 ἀδουλότατα
1085 1375 1153 1412 διε-

101 1431 279 1483 πράςατο·
301 1432 430 1473 ἔστειλε
446 1432 514 1485 γὰρ
534 1433 632 1485 παρὰ
654 1433 859 1481 Σουάνους,
865 1433 923 1482 τὸν
941 1437 1036 1487 σφῶν
1053 1437 1154 1486 βασι·

100 1490 140 1529 λε’
144 1507 164 1528 α
187 1492 393 1543 βουλόμενος
410 1493 658 1540 δεξιώσασθαι,
679 1492 905 1538 δελεάσαντος
920 1498 978 1532 οὐν
999 1494 1102 1532 αὐτὸν
1124 1496 1155 1538 ἐς

101 1553 202 1587 τοῦτο
219 1550 364 1594 ἀτοπίας
384 1552 492 1589 ἐλθεῖν
514 1553 617 1590 αὐτοῦ
647 1551 823 1603 Χοσρόου,
843 1551 1037 1599 ἐσκηπτετο
1058 1551 1094 1590 δὲ
1114 1553 1153 1591 τὸ

101 1607 229 1646 τοιόνδε
247 1609 307 1647 καὶ
325 1611 550 1661 ἐμηχανᾶτο,
568 1610 661 1654 ὅπως
675 1610 787 1649 ἔσοιτό
800 1627 839 1662 γε
856 1613 951 1664 αὐτῷ
967 1613 1000 1655 ἐς
1017 1612 1150 1650 δικαιο-

100 1667 221 1717 λογίαν
242 1668 342 1718 τινὰ,
363 1671 408 1712 ὡς
429 1669 527 1708 αὐτοὶ
549 1669 720 1720 Σουάνοι,
741 1685 855 1708 καιτοι
874 1685 1152 1722 προτραπεντες,

100 1727 163 1764 οὐκ
192 1726 369 1778 ἀνάσχετα
398 1731 577 1765 ποιοῦνται
598 1727 829 1778 Ῥωμαίοιςί
817 1727 1020 1767 υπακούειν.
1044 1727 1153 1775 Ἒξη<

100 1783 251 1823 πίστατο
266 1785 334 1837 γὰρ
346 1780 452 1823 ὅτι
413 1789 471 1824 οὖν
486 1786 624 1833 ὤνησαν
639 1788 669 1824 οἳ
683 1787 767 1839 πρὸς
779 1786 941 1826 Ἰωάννου
956 1786 1151 1830 σταλέντες.

100 1843 203 1882 Μετὰ
217 1847 328 1882 ταῦτα
344 1845 580 1896 ἐπηγγείλατο
594 1845 754 1898 Χοσρόης
767 1846 921 1883 στέλλειν
933 1845 1150 1897 πρεσὸευτὴν

99 1905 144 1947 ὡς
174 1902 322 1954 βασιλέα
352 1903 558 1954 Ῥωμαίων,
587 1905 646 1942 τὸν
676 1908 787 1942 ταῦτα
817 1904 959 1943 ἅπαντα
986 1906 1020 1942 ἐν
1041 1903 1152 1942 δέοντι

99 1961 418 2014 καταστησόμενον·
429 1963 487 2000 καὶ
500 1963 673 2008 ἀνέζευξεν
685 1963 849 2011 Ἰωάννης
861 1965 893 2008 ἐς
903 1964 942 2002 τὸ
954 1963 1154 2009 Βυζάντιον.

867 231 1139 272 MENANDBI
1169 232 1518 275 PROTECTOBIS

1717 326 1777 363 16.

1272 405 1421 442 Ibidem
1447 419 1488 455 p.
1521 405 1589 442 151
1617 419 1625 442 ε
1652 403 1738 444 ”Οτι
1759 405 1942 451 Ἰουστῒνος
1961 408 1979 444 ὁ
2004 406 2164 459 βασιλεὺς
2192 408 2268 447 ἐπεὶ

1220 461 1363 501 ἐπύθετο
1376 492 1385 510 ,
1405 465 1450 506 ὡς
1466 465 1498 501 ἐν
1520 463 1671 516 Σουανίᾳ
1694 464 1746 511 εἴη
1766 464 1927 518 πέμψας,
1944 466 2003 504 καὶ
2023 465 2076 504 ὅτι
2091 472 2161 510 τοῖς
2181 466 2269 506 Ῥω-

1221 520 1334 570 μαίων
1351 521 1390 559 οὖ
1410 521 1619 574 προσέθεντο
1637 523 1784 561 Σουάνοι
1796 553 1806 572 ,
1825 523 2067 575 ἐχαλέπαινεν,
2088 519 2145 563 οἷα
2161 525 2264 570 εἰκός.

1220 578 1294 617 Καὶ
1312 580 1597 632 παραπρεσὸείας
1617 581 1768 633 ἐκρίνετο
1788 582 1973 630 Ἰωάννης,
1992 583 2052 621 ἅτε
2070 585 2106 622 οὐ
2127 584 2214 636 πρὸς
2226 584 2266 623 τὸ

1220 643 1376 675 συνοῖσον
1396 641 1439 690 τῇ
1460 639 1619 692 πολιτείᾳ
1639 639 1931 693 διαπραξάμενος.
1950 641 2043 682 Οὐδὲ
2058 641 2125 694 γὰρ
2141 645 2270 695 χρῆναι

1221 695 1324 733 αὐτὸν
1340 695 1469 749 ἔφασκε
1486 699 1633 744 στεῖλαι,
1650 697 1720 750 εἴγε
1736 698 1784 749 μὴ
1800 703 1901 738 τοῦτο
1916 700 2162 738 ἐνεκελεύσατο
2173 703 2191 739 ὃ
2209 704 2271 753 βα-

1221 753 1428 800 σιλεὺς,κάκ
1443 754 1565 793 τούτου
1580 757 1696 794 δοῦναι
1708 757 1879 810 πρόφασιν
1894 758 2048 811 Πέρσαις
2059 759 2098 796 τὸ
2110 759 2269 810 ἀδίκημα

1221 811 1426 861 ξυσκιάζειν,
1456 813 1515 851 καὶ
1546 813 1728 867 προφέρειν
1754 815 1895 866 λόγους,
1927 820 1973 861 ὡς
2002 817 2099 855 αὐτοὶ
2119 818 2268 857 Σουάνοι

1220 870 1444 918 ἀπηνήναντο
1457 872 1501 909 τὰ
1515 871 1725 923 Ῥωμαίων·
1747 875 1825 912 ἀλλ’
1840 874 1943 913 οὐδὲ’
1929 892 1962 913 εν
1981 877 2073 928 ἄρχῃ
2052 875 2146 922 '‘t-*hv
2157 875 2271 914 τοιαύ-

1218 945 1281 975 την
1310 929 1567 981 προσδέξασθαι
1592 931 1800 983 πρόκλησιν,
1822 931 1898 979 ἢςἼ
1868 933 2044 978 «ουάνους
2069 934 2266 987 προτρέψα-

1219 992 1300 1027 σθαι
1316 991 1437 1026 εἶναιί
1425 988 1494 1026 υπὸ
1512 988 1765 1039 Ῥωμαίους,
1747 1007 1769 1037 η
1786 991 1909 1029 τούτου
1925 1007 1964 1042 γε
1984 992 2085 1031 ἕνεκα
2101 993 2271 1046 πρεσὸευ·

1218 1047 1315 1093 τὴν’
1300 1062 1334 1084 εν
1356 1046 1536 1108 Βυζαντίῳ
1557 1047 1730 1098 γενέσθαι.
1789 1050 1983 1103 Οὐδέτερον
2001 1051 2068 1104 γὰρ
2085 1050 2120 1096 ἐξ
2142 1053 2270 1112 ἀμφοῖν

1218 1105 1386 1158 εὐπρεπὲς
1406 1109 1494 1143 εἶναι
1514 1109 1557 1158 τῇ
1575 1106 1731 1144 πολιτεία
1749 1108 1920 1158 ἡγήσατο.
1942 1109 2110 1157 Ἰωάννην
2129 1113 2188 1149 οὖν
2205 1126 2269 1148 πε-

1220 1166 1429 1217 ριφρονήσας
1444 1167 1461 1203 ὁ
1476 1165 1701 1219 αὐτοκράτωρ
1715 1168 1749 1204 ἐν
1765 1170 1807 1218 τῇ
1822 1170 1890 1205 τῶν
1906 1167 2154 1215 ἀνεπιτηδείων
2169 1168 2267 1214 ἔταξε

1219 1223 1338 1277 μοίρᾳ,
1355 1223 1600 1276 ἐγνωμάτευσε
1620 1223 1656 1263 δὲ
1679 1224 1772 1269 ὅπως
1797 1224 1841 1264 τὰ
1868 1225 2107 1279 ἡμαρτημένα
2135 1221 2174 1266 εῧ
2193 1228 2268 1266 δια-

1218 1281 1305 1330 θείη.

1470 1367 1529 1401 ¹7-
1566 1355 1651 1404 (an.
1675 1354 1771 1401 5663
1802 1356 1940 1392 Justim·
1970 1356 2027 1406 2.)

1270 1437 1363 1471 Exc.
1379 1437 1436 1472 De
1455 1437 1524 1485 leg.
1547 1445 1648 1486 gent.
1670 1451 1708 1486 p.
1735 1437 1872 1474 103—
1889 1439 1961 1475 106
1984 1451 1992 1477 :
2010 1435 2096 1477 “Ort
2116 1436 2269 1489 ἠγγέλθη

1217 1491 1416 1545 Ἰουστίνῳ,
1439 1495 1486 1536 ὡς
1505 1495 1544 1532 ἐκ
1568 1497 1630 1542 τῆς
1657 1497 1805 1546 Περσῶν
1826 1495 2047 1548 ἐπικρατείας
2072 1496 2270 1550 ἐξώρμησεν

1216 1552 1234 1587 ὁ
1254 1551 1324 1603 Ζὶχ
1354 1551 1656 1603 πρεσὸευσόμενός
1683 1568 1721 1590 τε
1754 1553 1815 1591 καὶ
1850 1554 2164 1606 διαλεχθησόμενος
2190 1555 2270 1628 περὶ

1217 1609 1427 1657 Σουάνων,’
1413 1626 1446 1647 εν
1460 1611 1576 1648 ταύτω
1588 1610 1648 1648 καὶ
1666 1611 1917 1672 φιλοφροσύνης
1937 1612 2110 1664 ῥήματα’
2092 1614 2269 1664 αποκομί-

1218 1681 1287 1704 σων
1307 1669 1466 1719 βασιλεῖ,
1484 1668 1535 1706 ἔτι
1551 1683 1588 1706 τε
1607 1669 1667 1707 καὶ
1683 1668 1726 1707 τὰ
1743 1669 1795 1721 ἐφ’
1813 1674 1860 1713 οῖς
1878 1669 2052 1722 Ῥωμαῖοι
2071 1687 2269 1745 προσεγκα-

1216 1726 1333 1764 λουσιν
1373 1729 1409 1765 εὖ
1445 1727 1704 1776 διαθησόμενος.
1737 1727 1782 1767 ‘O
1811 1727 1847 1766 δὲ
1877 1728 2063 1774 Ἰουστῒνος
2095 1732 2130 1768 ἐν
2161 1733 2269 1784 βουλῇ

1217 1788 1366 1824 ἐποιεῖτο
1388 1785 1408 1832 ἢ
1427 1784 1476 1836 μὴ
1499 1786 1755 1838 προσδέξασθαι
1774 1787 1837 1834 τὴν
1854 1789 2057 1840 πρεσὸείαν,
2078 1788 2100 1836 ἢ
2120 1791 2267 1842 προσδε-

1217 1844 1366 1897 χόμενον
1389 1845 1515 1883 εἰδέναι
1534 1844 1592 1883 τὸν
1612 1845 1700 1897 Ζὶχ,
1720 1848 1767 1889 ὡς
1786 1845 1830 1885 τὰ
1849 1847 1941 1886 κατὰ
1969 1852 2046 1886 νοῦν
2067 1850 2162 1902 αὐτῷ
2183 1850 2268 1887 ἀνυ-

1219 1904 1388 1950 σθήσεται
1417 1905 1590 1954 οὐδαμῶς.
1617 1904 1688 1943 Καὶ
1715 1903 1757 1952 δὴ
1778 1904 2064 1958 ξυγκροτηθείσης
2092 1908 2187 1960 αὐτῷ
2207 1909 2267 1945 ἐκ·

1219 1962 1388 2010 κλησίας,
1410 1964 1502 2001 δοκεῖ
1532 1963 1731 2010 κατάδηλον
1761 1964 1918 2014 γενέσθαι
1949 1965 2000 2004 ἔτι
2033 1967 2268 2019 ὁδοιποροῦντι

100 2075 150 2104 ret
161 2097 170 2111 ‚
183 2073 223 2104 ab
238 2075 515 2107 armisinserendis
528 2085 590 2108 non
607 2077 790 2109 abstineret.
807 2091 822 2105 »
839 2079 942 2118 Atque
951 2077 1003 2108 hic
1016 2077 1055 2108 ad
1071 2077 1156 2108 hunc

99 2125 232 2157 modum
249 2128 296 2158 est
313 2126 459 2167 locutus,
477 2136 582 2168 neque
606 2128 755 2169 deinceps
779 2130 846 2161 ulla
865 2129 988 2160 mentio
1005 2129 1044 2160 de
1063 2131 1155 2160 Sara-

99 2178 186 2210 cenis
202 2180 250 2210 est
269 2179 366 2212 facta.
385 2180 562 2212 Observato
581 2181 694 2213 deinde
710 2183 872 2222 temporo,
891 2191 931 2213 ne
947 2181 986 2213 dc
1000 2181 1156 2213 industria

99 2237 191 2269 agere
202 2229 376 2270 videretur,
395 2232 522 2263 suaniae
535 2233 731 2265 mentionem
746 2234 872 2273 injecit;
886 2233 1039 2264 nimirum
1053 2242 1155 2274 quum

100 2282 213 2313 Lazica
226 2283 347 2322 optimo
362 2283 434 2323 ⁸iure
448 2285 596 2316 restituta
612 2287 695 2317 esset
707 2310 716 2324 ‚
731 2286 880 2326 oportere
905 2294 1034 2326 quoque
1053 2286 1156 2326 ipsam

99 2334 250 2365 suaniam
277 2336 493 2367 Romanorum
511 2337 659 2376 potestati
686 2337 841 2377 permitti.
860 2338 957 2369 Visus
974 2339 1022 2369 est
1045 2339 1154 2369 autem

98 2387 268 2416 Persarum
279 2395 336 2418 rex
352 2396 514 2420 sermones
530 2388 570 2420 de
584 2389 702 2421 Suania
719 2390 884 2430 excipere,
897 2391 929 2421 et
942 2390 1001 2422 sibi
1018 2391 1156 2431 amplius

99 2437 139 2468 de
149 2446 185 2468 ea
201 2447 234 2469 re
249 2448 322 2469 cum
334 2439 532 2480 principibus
545 2441 712 2472 Medorum
723 2442 968 2473 deliberandum
980 2442 1074 2474 dixit.
1090 2445 1155 2475 Nec

99 2490 202 2521 multo
232 2492 303 2530 post
332 2493 474 2523 ,loannes
502 2492 699 2532 colloquium
723 2493 835 2525 habuit
855 2502 931 2525 cum
959 2494 1074 2532 Zicho,
1097 2494 1154 2534 qui

99 2542 196 2573 etiam
211 2542 447 2583 lesdegusnaph
463 2543 701 2583 nominabatur,
719 2546 751 2576 et
765 2545 895 2585 reliquis
907 2548 1075 2577 Persarum
1091 2545 1154 2586 pri-

45 2588 47 2591 ’
99 2594 256 2625 moribus.
279 2595 327 2626 llli
351 2595 484 2635 quidem
505 2595 674 2636 dixerunt,
702 2598 831 2636 paratos
852 2605 886 2628 se
910 2606 978 2628 esse
1003 2598 1155 2629 Romanis

99 2646 212 2678 cedere
225 2646 377 2678 suaniam
395 2647 456 2678 bac
466 2647 649 2679 conditione
662 2672 670 2687 ‚
686 2650 722 2679 ut
736 2649 876 2688 pretium
890 2648 958 2688 ejus
974 2649 1154 2688 acciperent

99 2699 131 2729 et
147 2697 214 2737 ejus
228 2699 402 2730 cessionem
416 2699 613 2739 venderent,
631 2700 815 2740 multasque
828 2700 907 2731 alias
923 2701 1154 2732 conventiones

99 2749 131 2780 in
145 2749 286 2781 medium
301 2750 524 2791 proponebant
539 2752 650 2791 turpes
672 2754 705 2783 et
721 2751 864 2792 indignas
880 2752 1015 2783 Romani
1030 2752 1153 2792 imperii

100 2802 284 2842 majestate,
303 2804 336 2834 et
358 2812 432 2843 quae
457 2803 589 2835 minime
606 2804 852 2844 existimationi,
883 2813 980 2845 quam
1007 2805 1154 2836 ,lustinus

99 2853 238 2894 adeptus
263 2856 351 2893 erat,
381 2855 636 2887 consentiebant.
667 2857 783 2888 Gravis
799 2856 884 2887 enim
906 2858 938 2887 et
955 2856 1029 2887 elati
1055 2856 1152 2887 animi

99 2907 162 2945 vir,
181 2907 279 2947 etqui
294 2907 402 2938 omnia
422 2908 588 2948 diligenter
610 2909 831 2949 perpenderet,
862 2909 1051 2941 habebatur.
1074 2911 1153 2947 Quoe

99 2965 198 2996 quum
213 2959 352 2988 Joaunes
366 2958 535 2999 audiisset,
549 2969 654 3000 neque
669 2962 744 2992 satis
763 2960 804 2992 ad
820 2969 876 2998 ea,
891 2969 965 3000 quae
982 2960 1154 3000 imperator

99 3008 143 3040 illi
160 3013 368 3049 praeceperat,
392 3010 600 3051 advertisset,
614 3012 835 3052 imprudenter
854 3012 947 3051 fecit,
968 3014 1000 3044 et
1016 3012 1055 3043 ad
1069 3014 1151 3044 Sua-

99 3068 158 3091 nos
171 3061 269 3099 misit,
283 3060 339 3100 qui
356 3069 460 3101 regem
474 3070 585 3094 eorum
597 3064 773 3096 salutarent
786 3063 918 3104 ejusque
934 3064 1067 3104 gratiam
1078 3072 1152 3095 con·

103 3111 260 3143 ciliarent.
289 3114 334 3143 Eo
362 3112 567 3145 absurditatis
597 3123 671 3146 eum
695 3115 869 3155 pellexerat
895 3115 1069 3154 Cliosroes‚
1095 3115 1152 3156 qui

99 3163 212 3194 callide
226 3163 286 3194 hoc
306 3166 507 3196 commentus
524 3166 567 3197 ita
583 3166 739 3206 instituit,
757 3169 794 3199 ut
811 3167 943 3200 liaberet
956 3168 1044 3208 quod
1060 3168 1150 3208 quasi

102 3214 170 3254 iure
183 3223 241 3246 suo
255 3215 386 3255 diceret,
399 3217 522 3248 Suanos
536 3217 620 3257 ipsos
632 3219 781 3258 quamvis
796 3221 923 3259 rogatos
934 3220 1087 3252 Romanis
1097 3229 1151 3260 pa-

100 3275 170 3298 rere
189 3275 360 3298 recusasse.
375 3269 515 3300 Noverat
529 3269 614 3300 enim
624 3294 633 3308 ,
647 3274 804 3310 quantum
818 3271 875 3311 qui
892 3280 911 3302 a
923 3273 1048 3303 Joanue
1064 3272 1151 3304 missi

101 3318 239 3357 fuerant,
250 3318 423 3351 efficerent.
440 3321 504 3351 Nec
514 3321 617 3352 multo
628 3323 698 3361 post
709 3323 866 3355 chosroes
876 3324 1036 3364 pollicitus
1045 3326 1105 3363 est,
1118 3333 1152 3356 se

102 3370 241 3410 legatum
255 3369 294 3401 ad
314 3372 534 3403 Romanorum
552 3372 776 3413 imperatorem
799 3375 970 3406 missurum
984 3384 1070 3414 esse,
1093 3377 1149 3416 qui

102 3422 172 3454 luec
182 3422 290 3454 omnia
302 3425 519 3464 componeret,
534 3426 566 3456 et
580 3434 725 3459 reversus
735 3428 783 3474 est
795 3429 811 3459 J
816 3436 935 3460 oannes
947 3428 1148 3469 Byzantium.

1716 2080 1772 2113 16.

1257 2134 1403 2167 Justinus
1415 2133 1589 2175 imperator
1605 2134 1659 2166 ubi
1674 2135 1813 2175 accepit,
1826 2137 1984 2167 Joannem
2003 2135 2122 2176 legatos
2136 2135 2168 2167 in
2185 2136 2267 2168 Sua.-

1215 2187 1301 2218 niam
1330 2186 1468 2225 misisse,
1487 2188 1611 2217 Suanos
1624 2187 1732 2218 autem
1751 2195 1785 2218 se
1806 2195 1871 2218 non
1887 2187 2021 2227 imperio
2045 2189 2267 2220 Romanorum

1214 2238 1403 2278 subjecisse,
1416 2238 1554 2278 graviter
1566 2238 1764 2279 molesteque
1779 2238 1866 2278 tulit,
1881 2241 1914 2270 et
1926 2240 2084 2271 Joannem
2103 2239 2269 2280 legationis

1214 2299 1279 2322 nou
1292 2300 1333 2322 ex
1349 2290 1489 2322 utilitate
1512 2290 1555 2321 rei
1571 2289 1708 2330 publicae
1722 2291 1818 2330 gestae
1844 2290 2083 2323 condemnavit.
2102 2293 2170 2324 Nec
2181 2291 2266 2322 enim

1214 2351 1247 2374 se
1264 2342 1380 2382 inscio,
1397 2343 1530 2373 autnon
1546 2341 1698 2381 jubente,
1717 2341 1864 2373 debuisse
1888 2342 2016 2374 mittere
2031 2343 2114 2374 etex
2135 2342 2196 2374 hoc
2208 2351 2266 2374 oc-

1214 2395 1374 2426 casionem
1393 2394 1494 2425 Persis
1517 2394 1678 2434 praebere,
1704 2403 1768 2434 qua
1792 2402 1883 2425 suam
1900 2393 2089 2434 injustitiam
2103 2395 2265 2435 tegerent,

1214 2448 1245 2477 et
1261 2447 1363 2486 palam
1381 2446 1607 2487 praedicarent,
1623 2448 1747 2478 Suanos
1758 2446 1842 2486 ipsos
1856 2448 2075 2478 Romanorum
2095 2446 2265 2487 imperium

1214 2497 1417 2530 detrectasse.
1445 2500 1511 2530 Nec
1526 2498 1612 2530 enim
1637 2498 1718 2529 lianc
1731 2497 1772 2529 ab
1790 2498 1922 2538 imperio
1935 2497 2108 2538 suscepisse
2129 2498 2264 2539 provin-

1217 2550 1319 2587 ciam,
1333 2550 1370 2581 ut
1392 2551 1450 2581 aut
1472 2549 1585 2581 suanis
1609 2549 1759 2581 suaderet
1786 2551 1822 2581 ut
1844 2558 1878 2581 se
1904 2549 2054 2581 Romanis
2077 2549 2263 2589 subderent,

1213 2604 1269 2633 aut
1292 2601 1387 2641 liujus
1409 2602 1454 2633 rei
1471 2602 1572 2642 gratia
1595 2602 1785 2642 Byzantium
1810 2602 1932 2642 legatus
1949 2602 2083 2634 veniret.
2101 2603 2263 2635 Neutrum

1213 2654 1299 2684 enim
1326 2653 1460 2693 imperio
1487 2655 1631 2685 Romano
1655 2654 1785 2694 dignum
1805 2663 1874 2685 esse
1906 2653 2120 2686 existimabat.
2150 2656 2265 2695 ltaque

1212 2708 1368 2738 Joannem
1386 2707 1558 2746 imperator
1571 2715 1589 2737 a
1602 2715 1636 2738 se
1653 2707 1870 2738 abalienatum
1888 2706 2008 2738 dimisit
2029 2708 2060 2739 et
2076 2715 2188 2738 eorum
2202 2715 2263 2738 nu·

1213 2766 1303 2789 mero
1331 2758 1462 2796 habuit,
1485 2758 1540 2798 qui
1566 2758 1698 2790 minime
1729 2758 1891 2789 commodi
1919 2758 1984 2790 suis
2008 2758 2105 2790 rebus
2131 2759 2262 2790 essent:

1213 2812 1283 2841 tum
1300 2810 1507 2850 excogitavit,
1521 2818 1586 2850 qua
1597 2810 1721 2842 ratione
1737 2810 1916 2842 inconsulte
1926 2810 2011 2841 sacta
2024 2810 2056 2841 in
2069 2809 2182 2841 melius
2195 2818 2263 2842 cor-

1213 2863 1337 2903 rigeret.

1713 2906 1768 2938 17.

1253 2960 1380 2992 Justino
1404 2959 1586 2991 nuntiatum
1611 2960 1659 2990 est
1674 2967 1692 2990 a
1706 2960 1876 2990 Persarum
1899 2957 2033 2999 imperio
2057 2957 2191 2990 Ziclium
2215 2957 2262 2990 le·

1212 3015 1321 3054 gatum
1333 3013 1374 3044 ad
1393 3021 1426 3044 se
1440 3014 1571 3044 missum
1589 3020 1667 3051 esse,
1683 3011 1790 3052 quide
1809 3012 1922 3043 Suauis
1935 3013 2053 3051 ageret,
2073 3013 2262 3043 Persarum-

1213 3073 1277 3105 que
1296 3073 1370 3104 erga
1384 3064 1609 3104 imperatorem
1623 3063 1879 3095 benevolentiam
1897 3062 2136 3102 testificaretur,
2155 3064 2188 3095 et
2209 3071 2260 3102 ea,

1213 3117 1252 3149 de
1265 3117 1383 3158 quibus
1390 3116 1523 3149 Romani
1534 3119 1757 3157 quererentur,
1772 3116 1873 3148 amice
1884 3117 2099 3156 componeret.
2115 3117 2134 3148 J
2138 3116 2263 3148 ustinus

1213 3178 1289 3201 vero
1306 3170 1362 3200 aut
1373 3169 1504 3200 minime
1517 3168 1705 3208 legationem
1723 3168 1895 3199 admiterre
1907 3192 1915 3207 ,
1930 3171 1987 3199 aut
1998 3191 2008 3207 ,
2024 3167 2050 3199 si
2063 3167 2258 3207 admitteret,

1211 3221 1309 3252 Ziclio
1321 3220 1498 3260 significare
1511 3219 1694 3259 constituit,
1717 3228 1920 3259 nequaquam
1943 3228 2011 3251 rem
2027 3221 2174 3260 optatum
2190 3220 2259 3251 exi-

1213 3274 1283 3304 tum
1307 3272 1499 3304 habituram.
1525 3273 1566 3303 Et
1579 3271 1751 3303 accedente
1764 3273 1893 3302 senatus
1912 3271 2102 3302 auctoritate
2118 3271 2258 3310 censuit,

1214 3325 1251 3356 ut
1267 3326 1407 3356 Joannes
1436 3331 1492 3364 per
1515 3323 1638 3354 litteras
1656 3322 1754 3354 Zicho
1778 3322 1883 3354 adhuc
1899 3322 1960 3354 iter
1975 3322 2138 3363 peragenti
2155 3322 2259 3362 palam

1213 3377 1330 3408 faceret
1337 3400 1348 3417 ,
1362 3376 1589 3416 imperatorem
1601 3375 1632 3406 in
1646 3375 1736 3407 nullo
1746 3384 1859 3407 eorum
1872 3400 1880 3414 ,
1899 3383 1972 3415 quoe
1985 3375 2140 3415 speraret,
2155 3382 2259 3406 assen-

1211 3437 1337 3462 surum.
1362 3431 1434 3466 Quo
1451 3429 1555 3467 racto,
1573 3428 1758 3468 Timotheo,
1777 3436 1815 3460 ex
1830 3436 1966 3460 numero
1978 3435 2108 3466 eorum,
2124 3426 2178 3467 qui
2192 3426 2257 3466 Jarn
