2372 3704
99 277 173 311 328

636 264 906 305 Amsrorus
933 250 1150 312 PELLAEI,
1180 262 1502 311 miserenum,

91 364 290 407 putarunt,
314 363 427 406 atque
447 355 568 393 fllium
588 354 668 403 ejus
688 367 804 392 curru
821 355 1009 391 victorem
1025 353 1139 390 intel-
1201 351 1355 400 σθείσης,
1382 354 1404 398 ἡ
1437 349 1623 401 μετέπειτα
1649 355 1806 387 συστᾶσα
1834 347 2020 399 Ρωμαϊκὴ
2047 349 2145 394 πόλις
2174 348 2238 397 τὴν

91 416 286 465 ligendum
310 427 388 452 esse
415 415 611 452 Theseum.
634 414 810 451 Ceterum
829 413 1014 449 Theseum
1040 412 1140 448 inter
1183 409 1402 461 ἐπωνυμίαν
1422 408 1624 462 ἀμείψασα,
1644 409 1690 451 εἷς
1715 407 1778 454 τὴν
1803 410 1862 445 τοῦ
1890 410 2096 460 κρατοῦντος
2114 408 2238 449 Αἰλίου

93 481 299 511 certatores
318 474 538 522 Olympicos
556 473 770 521 Aristippus
785 481 1013 507 memorasse
1029 470 1134 506 vide-

91 540 154 568 tur
173 545 220 570 ex
236 533 382 581 Diphili
400 531 603 579 Theseide,
634 531 673 566 in
697 530 802 577 cujus
820 529 1031 578 fragmento
1053 527 1136 577 (ap.

91 591 211 627 schol.
234 591 261 627 1.
283 587 332 641 l.)
353 591 516 627 Theseus
535 589 780 639 componitur
796 600 882 625 cum
898 587 1011 625 Semo
1029 588 1136 624 Man-

95 649 268 710 tineensi.

526 765 699 779 ⁴0⁶-

289 870 555 928 ARISTO
592 867 951 926 PELLAEUS.

147 996 331 1032 Eusebius
351 997 446 1035 Hist.
473 996 616 1032 Eccles.
640 996 703 1040 lv,
733 994 756 1030 6
781 991 851 1041 (‘H
870 991 959 1030 κατ’
979 990 1136 1042 Ἀδρια-

95 1051 164 1090 νὸν
185 1051 405 1090 Ἰουδαίων
433 1050 682 1103 πολιορκία)
713 1063 721 1090 :
745 1049 818 1089 Καὶ
839 1049 880 1096 δὴ
904 1048 948 1086 τὰ
965 1051 1026 1096 τῆς
1047 1048 1139 1087 Ἰου-

100 1109 205 1148 δαίων
217 1109 431 1153 ἀποστασίας
444 1103 539 1153 αὖθις
550 1111 596 1152 εἷς
607 1108 698 1160 μέγα
712 1108 772 1146 καὶ
789 1106 876 1146 πολὺ
894 1107 1138 1160 προελθούσης,

95 1167 243 1220 Ῥοῦφος
272 1167 436 1220 ἐπάρχων
466 1170 526 1214 τῆς
555 1167 742 1213 Ἰουδαίας,
765 1169 1016 1218 στρατιωτικῆς
1046 1167 1140 1218 αὐτῷ

97 1225 301 1277 συμμαχίας
321 1225 386 1263 ὑπὸ
413 1225 584 1279 βασιλέως
611 1225 846 1277 πεμφθείσης,
866 1227 940 1268 ταῖς
964 1223 1141 1268 ἀπονοίαις

95 1284 207 1320 αὐτῶν
240 1283 384 1334 ἀφειδως
418 1283 597 1335 χρώμενος
630 1282 806 1352 ἐπεξῄειζυ
815 1282 985 1335 μυριάδας
1012 1281 1141 1335 ἀθρόως

97 1341 229 1392 ἀνδρῶν
246 1343 330 1391 ὁμοῦ
345 1357 404 1380 και
423 1341 556 1380 παίδων
578 1341 638 1380 καὶ
656 1357 828 1391 γυναικων
844 1340 1061 1406 διαφθείρων,
1075 1356 1141 1379 πο-

96 1393 204 1444 λέμου
226 1393 260 1432 δὲ
281 1394 377 1447 νόμῳ
400 1393 461 1438 τὰς
480 1393 600 1446 χώρας
622 1396 735 1432 αὖτῢν
756 1393 1136 1446 εξανδραποδιζόμενος.

96 1450 333 1503 Ἐστρατήγει
351 1452 385 1490 δὲ
407 1451 583 1491 Ἰουδαίων
603 1455 794 1500 τηνικαῦτα
813 1450 1088 1504 Βαρχωχεὸᾶς”
1068 1466 1139 1490 ονο-

98 1525 171 1560 μα,
191 1509 210 1547 ὃ
229 1510 312 1556 δὴ’
293 1510 422 1564 αστέρα
443 1511 559 1558 δηλοῖ·
579 1510 624 1549 τὰ
647 1511 708 1561 μὲν
730 1510 821 1548 ἄλλα
841 1510 976 1570 φονικὸς
1000 1509 1060 1548 καὶ
1084 1511 1142 1562 λῃ-

97 1567 232 1618 στρικός
251 1583 301 1611 τις
320 1568 423 1621 ἀνὴρ,
439 1570 497 1606 ἐπὶ
516 1568 551 1607 δὲ
571 1572 614 1620 τῇ
628 1569 845 1622 προσηγορία
867 1562 957 1606 οἷα
942 1569 997 1606 επ’
1015 1569 1140 1620 ἄνδρα·

99 1626 266 1677 πόδων,
249 1643 294 1670 ως
311 1626 352 1674 δὴ
369 1627 402 1671 ἐξ
420 1629 565 1679 οὐρανοῦ
580 1626 723 1680 φωστὴρ
741 1628 856 1670 αὐτοῖς
879 1642 962 1665 κατε
966 1626 1141 1675 ληλυθὼς,

97 1683 324 1734 κακουμένοις
336 1700 372 1722 τε
391 1685 590 1738 ἐπιλάμψαι
604 1686 884 1738 τερατευόμενος,
904 1685 1142 1736 Ἀκμᾶσαντος

99 1741 135 1780 δὲ
165 1746 226 1780 τοῦ
246 1741 402 1793 πολέμου
423 1743 518 1787 ἔτους
538 1743 837 1782 ὀκτωκαιδεκάτου
865 1746 925 1790 τῆς
955 1743 1140 1795 ἡγεμονίας

98 1799 276 1852 Ἀδριανοῦ
292 1799 382 1838 κατὰ
395 1801 549 1853 Βίθθηρα
567 1801 678 1850 πόλιν,
692 1801 767 1848 ἥτις
781 1796 822 1848 ἦν
837 1801 1056 1853 ὀχυρωτάτη,
1073 1803 1141 1840 τῶν

101 1857 352 1910 Ἱεροσολύμων
364 1859 402 1896 οὔ
417 1860 548 1912 σφόδρα
562 1859 680 1912 πόρρω
691 1861 861 1898 διεστῶσα
871 1891 880 1907 ,
893 1862 954 1906 τῆς
970 1875 1007 1898 τε
1021 1859 1142 1905 ἔξωθεν

99 1915 300 1969 πολιορκίας
320 1916 458 1968 χρονίου
477 1917 684 1969 γενομένης,
704 1919 798 1970 λιμῷ
817 1933 854 1955 τε
882 1918 941 1955 καὶ
964 1917 1054 1970 δίψει
1073 1921 1140 1956 τῶν

99 1977 352 2026 νεωτεροποιῶν
380 1977 426 2018 εἷς
445 1975 594 2027 ἔσχατον
616 1974 757 2027 ὀλέθρου
777 1975 1061 2028 περιελαθέντο)ν,
1081 1976 1141 2015 καὶ

98 2036 159 2070 τοῦ
178 2035 238 2079 τ’ἧς
267 2032 429 2077 ἀπονοίας
459 2034 573 2077 αὐτοῖς
602 2034 712 2072 αἰτίου
740 2033 803 2080 τὴν
824 2033 922 2078 ἀξίαν
947 2034 1144 2079 ἕκτίσαντος

99 2090 211 2138 δίκην,
226 2089 264 2128 τὸ
277 2097 346 2128 πᾶν
368 2091 460 2135 ἔθνος
478 2091 510 2136 ἐξ
530 2092 660 2130 ἐκείνου
681 2091 741 2131 καὶ
758 2094 819 2139 τ’ῆς
833 2092 912 2144 περὶ
931 2091 974 2130 τὰ
995 2092 1146 2145 Ἱεροσό-

99 2150 194 2199 λυμα
211 2151 273 2199 γῆς
294 2149 462 2200 πάμπολυ
489 2150 678 2188 ἐπιὸαίνειν
702 2150 851 2202 εἴργεται
868 2150 973 2201 νόμου
999 2152 1145 2202 δόγματι

100 2206 163 2244 καὶ
177 2206 371 2251 διατάξεσιν
381 2207 571 2260 Ἀδριανοῦ,
582 2210 627 2252 ὡς
641 2208 680 2246 ἂν
690 2208 978 2258 μηδ’ἐξάπόπτου
989 2211 1144 2262 θεωροῖεν

100 2265 139 2303 τὸ
171 2268 333 2318 πατρῷον
355 2266 477 2320 ἔδαφος
498 2267 815 2320 ἐγκελευσαμένου,
838 2269 915 2319 [ὡς]
939 2269 1144 2321 Ἀρίστων

101 2325 120 2360 6
137 2325 352 2367 Πελλαῖος
370 2326 510 2378 ιστορεῒ.
531 2325 636 2365 Οὕτω
654 2326 695 2373 δὴ
712 2343 773 2373 της
789 2326 922 2370 πόλεως
938 2329 984 2370 εἷς
998 2326 1144 2379 ἐρημίαν

106 2383 167 2418 τοῦ
189 2379 367 2419 Ἰουδαίων
387 2382 500 2426 ἔθνους
518 2384 577 2421 καὶ
599 2385 772 2431 πολυτελῆ
801 2384 929 2437 φθορὰν
945 2387 1013 2423 τῶν
1033 2385 1146 2423 πάλαι

102 2436 291 2490 οἰκητόρων
317 2438 497 2487 ἐλθούσης,
518 2440 552 2485 ἐξ
575 2440 771 2494 ἀλλοφύλου
790 2458 827 2480 τε
851 2442 972 2493 γένους
994 2458 1145 2480 συνοικι-

154 2553 328 2582 Ριέινειηα
361 2551 564 2584 Judaeorum
592 2556 804 2593 exmeqnatio
840 2555 1044 2594 temporibus
1076 2558 1148 2587 Ha-

1200 467 1376 520 Ἀδριανοῦ
1395 467 1512 517 τιμὴν,
1527 466 1632 505 Αἷλία
1651 463 1959 518 προσαγορεύεται.

1253 527 1395 563 Eadem
1408 533 1537 562 narrat
1553 526 1787 574 Nicephorus
1803 526 1852 560 Η.
1876 524 1978 560 Eccl.
2002 525 2080 570 ΙΙΙ,
2101 529 2165 568 24.
2185 545 2239 554 —

1201 586 1219 622 6
1235 582 1474 634 Πελλαῖος]
1498 599 1514 617 «
1538 584 1584 620 Id
1611 590 1667 620 est
1684 595 1731 620 ex
1754 583 1850 619 urbe
1869 582 1986 631 Syriae
2010 583 2131 628 Pella,
2157 596 2241 632 quae

1199 650 1286 692 post
1301 644 1464 680 excisam
1479 654 1502 678 a
1513 643 1599 678 Tito
1608 642 1742 678 urbem
1759 641 2039 688 Hierosolyma,
2055 641 2160 678 sedes
2171 642 2243 680 fuit

1201 703 1441 751 episcopatus
1476 700 1824 748 Hierosolymitani.
1863 700 1984 735 Porro
2018 699 2080 735 hic
2114 700 2242 737 Aristo

1201 761 1354 796 Pellaeus
1381 766 1516 796 auctor
1534 770 1612 795 esse
1638 758 1780 794 dieitur
1801 757 1920 794 libelli
1939 756 2158 804 cujusdam,
2179 759 2243 795 cui

1202 818 1329 853 titulus
1348 823 1430 853 erat
1449 818 1659 865 Disputatio
1675 816 1826 851 Iasonis
1840 823 1879 851 et
1895 815 2058 864 Papisci.
2082 816 2141 852 Ita
2155 817 2244 852 seri·

1201 877 1260 913 bit
1269 877 1455 913 Maximus
1468 877 1508 912 in
1519 876 1640 912 sehol.
1657 875 1706 912 ad
1719 876 1877 924 Dionys.
1895 877 1953 912 De
1967 874 2126 924 mystica
2141 876 2244 912 theo·

1201 936 1281 984 log.
1301 948 1336 971 c.
1363 948 1379 972 1
1403 948 1412 971 :
1438 932 1603 985 Ἄνέγνων
1622 930 1659 971 δὲ
1674 930 1752 975 τοὺς
1775 931 1865 970 ἑπτὰ
1880 930 2041 984 οὐρανοὺς
2059 931 2120 970 καὶ
2145 933 2180 970 ἐν
2198 935 2243 987 τῇ

1202 990 1497 1044 συγγεγραμμένῃ
1526 989 1705 1043 Ἀρίστωνι
1729 991 1780 1042 τῷ
1809 988 1975 1041 Πελλαίῳ
1989 988 2147 1034 Διαλέξει
2163 991 2243 1029 Ποι-

1201 1049 1326 1088 πίσκου
1342 1049 1402 1088 καὶ
1421 1049 1586 1097 Ἰάσονος,
1598 1047 1640 1095 ἢν
1658 1047 1807 1099 Κλήμης
1819 1050 1838 1086 6
1854 1046 2090 1099 Ἀλεξανδρεὺς
2103 1048 2139 1085 ἐν
2155 1046 2246 1100 ἕκτῳ

1204 1107 1329 1160 βιὸλίῳ
1356 1110 1424 1146 τῶν
1454 1105 1736 1146 Ὑποτυπώσεων
1755 1105 1814 1144 τὸν
1843 1104 1940 1156 ἅγιον
1972 1107 2111 1144 Λουκᾶν
2140 1105 2244 1159 φησὶν

1202 1166 1414 1219 ἀναγράψαι.
1443 1166 1565 1214 Hujus
1583 1165 1703 1203 libelli
1719 1165 1892 1202 meminit
1909 1165 2036 1202 Celsus
2053 1172 2091 1202 et
2109 1165 2245 1214 Orige-

1200 1238 1266 1262 nes
1278 1227 1378 1262 libro
1393 1232 1529 1274 quarto
1543 1225 1684 1262 Contra
1697 1224 1858 1260 Celsum.
1871 1223 2043 1259 Eundem
2053 1235 2098 1259 ex
2111 1223 2246 1260 Graeco

1202 1285 1241 1320 in
1265 1285 1424 1320 latinum
1442 1295 1653 1320 sermonem
1677 1282 1791 1318 vertit
1815 1282 1940 1319 Celsus
1970 1281 2141 1334 quidam.
2171 1282 2246 1318 Sed

1201 1343 1279 1379 sola
1310 1342 1389 1389 ejus
1408 1343 1580 1392 praefatio
1607 1341 1724 1377 hodie
1753 1346 1922 1389 superest
1941 1339 2040 1375 inter
2065 1339 2247 1388 opuscula

1203 1400 1397 1449 Cypriani.
1421 1418 1436 1434 »
1469 1402 1670 1437 VALnsms.
1689 1400 1803 1436 Plura
1822 1398 1868 1434 de
1882 1398 1956 1434 hoc
1981 1398 2142 1446 Dialogo
2159 1396 2247 1433 vide

1202 1471 1264 1507 ap.
1283 1459 1501 1496 Fabricium
1514 1459 1554 1494 in
1567 1458 1611 1494 B.
1625 1458 1690 1495 Gr.
1709 1463 1802 1495 tom.
1818 1457 1865 1502 V,
1881 1468 1922 1507 p.
1942 1454 2014 1502 187
2031 1455 2093 1492 ed.
2109 1455 2247 1506 princ„

1201 1519 1347 1567 V11,p.
1375 1517 1447 1555 156
1464 1517 1526 1555 ed.
1550 1516 1655 1553 Harl.
1790 1529 1796 1538 =

1466 1721 1987 1780 ARISTOBULUS.

1568 1908 1576 1913 ⁶
1614 1849 1838 1887 ΙΤΑΛΙΚΑ.

1512 1952 1542 1987 E
1570 1949 1717 1988 LIBRO
1745 1949 1938 1986 TERTIO.

1260 2035 1452 2073 Plutarch.
1467 2036 1551 2071 Par.
1563 2048 1616 2071 m.
1630 2047 1664 2070 c.
1681 2034 1728 2070 32
1747 2047 1756 2069 ε
1769 2031 1837 2071 Διὰ
1847 2031 1926 2075 τοὺς
1937 2030 2178 2084 ἀστυγείτονας
2189 2045 2248 2070 πο-

1207 2092 1335 2144 λέμους
1352 2096 1373 2139 ἡ
1394 2092 1586 2142 σύγκλητος
1604 2093 1672 2129 τῶν
1692 2090 1881 2141 Ῥωμαίων
1899 2093 1958 2128 τοῦ
1973 2089 2085 2139 δήμου
2103 2089 2142 2127 τὸ
2157 2088 2250 2127 σιτό-

1209 2167 1332 2204 μετρον
1346 2146 1421 2204 ἦρε·
1440 2149 1621 2200 Ῥωμύλος
1638 2149 1694 2197 δὲ,
1707 2151 1725 2186 6
1743 2147 1924 2201 βασιλεὺς,
1945 2147 2075 2200 βαρέως
2088 2147 2249 2198 ἐνεγκὼν,

1207 2212 1257 2262 τῷ
1273 2209 1375 2262 δήμῳ
1393 2208 1569 2247 ἀπέδωκε·
1588 2205 1736 2251 πολλοὺς
1752 2206 1788 2245 δὲ
1804 2209 1873 2245 τῶν
1893 2206 2056 2257 μειζόνων
2072 2205 2247 2250 ἐκόλαζεν.

1208 2269 1254 2307 Οἱ
1277 2267 1313 2306 δὲ
1332 2267 1558 2320 φονεύσαντες
1585 2264 1686 2304 αὐτὸν
1711 2267 1747 2303 ἐν
1775 2268 1818 2318 τῇ
1839 2264 2022 2316 συγκλήτῳ
2044 2265 2170 2316 βουλῇ,
2188 2262 2250 2302 καὶ

1206 2326 1397 2380 κόψαντες,
1418 2328 1463 2369 εἷς
1483 2324 1560 2369 τους
1583 2324 1730 2367 κόλπους
1748 2323 1887 2362 ἔὸαλον.
1911 2323 2085 2372 Ῥωμαῖοι
2101 2321 2137 2360 δὲ
2161 2320 2250 2372 μετὰ

1207 2385 1314 2437 πυρὸς
1333 2401 1380 2428 εις
1395 2383 1457 2430 τὴν
1475 2384 1667 2434 σύγκλητον
1689 2382 1853 2435 ἔδραμον.
1875 2381 1992 2426 Αἴτιος
2015 2380 2051 2419 δὲ
2069 2380 2248 2433 Πρόκλος,

1207 2446 1275 2481 τῶν
1293 2442 1475 2493 ἓπισημων
1491 2441 1600 2493 ἀνὴρ,
1618 2445 1712 2489 εἰπε,
1728 2441 1786 2479 τὸν
1801 2439 2018 2490 Ῥωμύλον’
2003 2455 2038 2478 εν
2054 2439 2126 2492 ὄρει
2142 2440 2251 2491 ἑωρα-

117 2515 2252 2528 w

1209 2564 1284 2595 gens
1302 2555 1335 2586 in
1358 2554 1518 2595 regionem
1533 2554 1619 2586 circa
1642 2553 1859 2593 Hierosolyma
1877 2552 1971 2583 silam
1997 2550 2108 2591 pedem
2135 2549 2252 2582 inferre

106 2603 239 2635 driani.
262 2603 373 2638 Quum
384 2602 519 2635 desectio
542 2603 730 2636 Judaeorum
747 2605 846 2644 magis
859 2614 897 2636 ac
913 2606 1013 2645 magis
1032 2606 1149 2637 iterum

107 2655 281 2693 cresceret,
294 2653 395 2686 Rufus
405 2654 527 2694 legatus
539 2657 558 2687 J
561 2655 677 2695 udaeae,
694 2655 822 2687 auxiliis
834 2656 891 2687 sibi
905 2657 946 2688 ab
959 2657 1150 2696 imperatore

105 2705 286 2745 submissis,
303 2706 475 2738 amentiam
494 2715 531 2738 ac
552 2707 803 2747 desperationem
821 2707 986 2739 hominum
1005 2707 1037 2739 in
1056 2716 1149 2739 ocea-

105 2758 225 2790 sionem
242 2757 391 2790 saeviendi
416 2761 561 2800 vertens,
589 2769 642 2792 eos
658 2760 860 2792 acerbissime
877 2760 964 2792 ultus
979 2761 1044 2798 est,
1069 2768 1151 2791 caesa

106 2809 330 2841 innumerabili
356 2810 521 2842 hominum
543 2811 750 2844 multitudine
765 2820 840 2843 cum
859 2811 1048 2852 conjugibus
1061 2820 1098 2843 ac
1111 2811 1150 2843 li-

107 2862 191 2893 beris
201 2885 209 2900 ,
222 2870 359 2902 agroque
374 2863 502 2895 illorum
510 2864 581 2904 jure
594 2864 668 2896 belli
682 2864 713 2896 in
726 2865 834 2905 populi
850 2864 984 2897 Romani
999 2864 1151 2896 ditionem

107 2912 249 2944 redacto.
266 2915 341 2944 Erat
358 2914 436 2946 tunc
455 2915 607 2956 temporis
625 2915 811 2948 Judaeorum
825 2915 940 2947 ductor
957 2916 1153 2948 Barelioche-

108 2963 164 2996 bas
191 2963 321 3003 quidam
334 2988 343 3003 ‚
375 2965 461 3005 quod
483 2975 600 2998 nomen
622 2967 746 2999 stellam
759 2966 914 3007 significat
938 2980 945 2999 :
963 2968 1012 2999 vir
1033 2967 1152 3007 alioqui

109 3015 262 3046 cruentus
274 3015 307 3046 et
324 3015 531 3048 latrocinandi
545 3018 670 3057 avidus,
684 3018 738 3050 sed
763 3018 819 3059 qui
835 3018 964 3051 nomine
979 3027 1037 3050 suo
1059 3018 1151 3058 audi:

110 3065 234 3097 toribus
259 3066 369 3105 utpote
384 3066 544 3099 vilissimis
560 3069 724 3109 mancipiis
747 3070 857 3101 fucum
884 3069 1040 3108 faciebat,
1063 3070 1152 3110 quasi

110 3116 199 3148 sidus
221 3125 238 3148 e
256 3117 336 3148 coelo
362 3117 524 3157 delapsum
541 3121 642 3159 esset,
670 3122 704 3152 ut
726 3120 800 3160 ipsis
826 3129 1042 3152 aerumnarum
1067 3121 1153 3155 mole

111 3171 267 3210 oppressis
282 3169 389 3202 lucem
403 3171 542 3203 afferret.
559 3175 651 3204 Anno
665 3173 794 3204 demum
809 3175 925 3205 octavo
943 3173 1068 3206 decimo
1092 3173 1153 3205 iin-

111 3221 190 3262 perii
218 3221 385 3260 Hadriani,
402 3231 503 3263 quum
525 3225 624 3256 totius
639 3225 713 3257 belli
733 3226 779 3258 vis
801 3226 884 3257 circa
903 3226 1022 3258 Bittera
1042 3226 1153 3258 urbem

114 3274 356 3305 munitissimam
371 3283 428 3306 nec
445 3276 555 3315 procul
573 3276 798 3316 Hierosolymis
816 3277 957 3309 dissitam
975 3279 1154 3316 exarsisset,

113 3327 146 3357 et
169 3326 329 3365 protracta
341 3325 461 3357 diutius
481 3336 499 3358 a
515 3328 662 3358 Romanis
674 3328 856 3367 obsidione,
879 3330 1011 3361 rebelles
1025 3330 1106 3361 same
1119 3337 1156 3360 ac

114 3378 163 3409 siti
180 3378 318 3418 oppressi
334 3380 455 3417 essent,
474 3380 601 3420 ipseque
617 3381 697 3412 adeo
719 3381 881 3413 seditionis
900 3384 1014 3414 auctor
1035 3382 1157 3414 debitas

115 3438 224 3471 poenas
237 3429 372 3462 dedisset
380 3453 388 3469 ,
403 3439 442 3462 ex
453 3440 491 3463 eo
501 3431 648 3472 deinceps
658 3434 800 3473 tempore
813 3433 960 3466 universa
971 3434 1157 3467 Judaeorum

1210 2607 1366 2647 prohibita
1387 2609 1454 2646 est,
1482 2607 1549 2647 lege
1570 2607 1602 2638 et
1627 2604 1853 2638 constitutione
1876 2603 2075 2644 imperatoris
2087 2601 2250 2642 Hadriani,

1209 2658 1287 2690 adeo
1296 2659 1380 2690 utne
1391 2658 1569 2698 prospicere
1582 2666 1599 2689 e
1608 2656 1778 2697 longinquo
1787 2655 1922 2696 patrium
1930 2655 2033 2686 solum
2044 2653 2117 2694 ipsis
2129 2652 2251 2693 liceret,

1211 2712 1246 2742 ut
1258 2711 1367 2742 scribit
1375 2711 1479 2742 Aristo
1488 2711 1631 2742 Pellaeus.
1643 2712 1678 2741 ln
1687 2710 1771 2740 hunc
1782 2707 1876 2748 igitur
1885 2707 2016 2739 modum
2027 2715 2128 2747 quum
2139 2705 2252 2738 civitas

1210 2763 1399 2795 Judaeorum
1418 2764 1511 2803 gente
1530 2762 1651 2794 nudata
1670 2762 1752 2793 esset
1774 2762 1806 2792 et
1823 2760 1983 2792 veteribus
2001 2758 2112 2790 incolis
2128 2758 2252 2798 penitus

1211 2815 1416 2854 vacuefacta,
1434 2815 1543 2854 postea
1558 2813 1739 2853 alienigenis
1750 2821 1788 2844 eo
1805 2810 2039 2843 confluentibus
2054 2810 2131 2842 urbs
2145 2810 2177 2841 et
2195 2817 2250 2840 co-

1211 2866 1295 2897 lonia
1307 2866 1424 2897 civium
1438 2868 1654 2897 Romanorum
1668 2865 1798 2903 effecta,
1809 2863 2006 2894 inhonorem
2016 2860 2091 2894 AElii
2101 2859 2252 2893 Hadriani

1210 2918 1408 2959 imperatoris
1424 2918 1506 2950 AElia
1521 2918 1703 2956 nuncupata
1717 2917 1776 2948 est.

1624 3006 1838 3046 ITALICA.

1719 3106 1751 3138 ¹.

1249 3174 1381 3213 Propter
1391 3171 1440 3203 bel
1445 3171 1473 3203 la
1485 3179 1559 3202 cum
1571 3169 1682 3201 vicinis
1691 3169 1777 3209 gesta
1789 3167 1917 3199 senatus
1925 3167 2087 3198 Romanus
2100 3162 2253 3196 frumenti

1213 3225 1245 3256 in
1262 3224 1417 3266 populum
1435 3222 1663 3254 dimensionem
1683 3219 1854 3251 sustulerat
1873 3227 1880 3249 :
1896 3217 1981 3258 quod
2003 3216 2158 3249 Romulus
2171 3222 2254 3255 aegre

1215 3278 1316 3310 ferens
1324 3276 1441 3317 populo
1452 3274 1599 3313 restituit,
1612 3272 1721 3304 multis
1731 3271 1946 3312 potentiorum
1957 3267 2127 3300 mulctatis.
2142 3269 2255 3307 ltaque

1215 3338 1234 3360 a
1246 3329 1403 3370 primariis
1418 3328 1465 3359 est
1480 3327 1512 3358 in
1525 3327 1635 3358 senatu
1648 3324 1772 3356 occisus
1786 3323 1949 3362 frustaque
1961 3319 2108 3360 discerpti
2122 3319 2154 3349 in
2166 3318 2254 3350 sinu-

1216 3382 1276 3412 bus
1288 3381 1401 3420 egesta.
1415 3378 1547 3411 Romani
1563 3378 1670 3408 autem
1687 3384 1762 3406 cum
1780 3375 1849 3414 igne
1868 3373 1908 3404 ad
1924 3372 2047 3404 curiam
2064 3377 2254 3402 concursum

1218 3434 1360 3466 fecerunt
1369 3432 1539 3464 crematuri
1555 3440 1562 3462 z
1577 3429 1637 3462 nisi
1649 3428 1752 3461 Julius
1764 3427 1930 3465 Proculus,
1939 3432 2021 3457 unus
2034 3423 2075 3456 de
2086 3429 2255 3464 procerum
