2326 3724
981 207 1315 249 FRAGMENTA.

74 297 292 348 ἀποπέμπει,
307 296 400 340 ὅπως
413 297 452 335 ἐκ
471 297 531 343 τ’ἥς
545 295 642 341 ἀξίας
655 297 716 342 τῆς
729 294 915 348 πρεσὸείας
933 294 972 334 τὸ
989 297 1113 348 σχῆμα

71 356 328 396 κατασκευάσοι
348 354 566 408 σεμνότερον,
595 354 664 394 Καὶ
680 357 698 392 ὁ
716 354 778 405 μὲν
803 353 1020 402 εξέπλευσεν,
1041 356 1059 392 6
1079 352 1114 391 δὲ

74 415 252 462 Βάνδηλος
270 415 404 467 μαθὼν,
425 413 478 452 ὅτι
504 414 579 461 ἥξοι
601 412 789 464 πρεσὸεία,
816 412 947 466 φθάσας
966 412 1114 459 ἔκπλουν

72 476 244 523 ποιεῖται,
278 473 339 512 καὶ
373 473 570 512 Νικόπολιν
612 466 715 514 εἷλεν.
756 471 800 511 ‘0
832 470 868 510 δὲ
902 470 1116 524 πρεσὸευτὴς

74 534 225 585 Σευῆρος
241 531 402 575 διαὸὰς’
383 531 452 570 απὸ
473 530 634 574 Σικελίας
657 532 704 575 εἷς
732 529 945 602 Καρχηδόνα
966 532 1114 583 ἀφῖκτο,

72 590 133 629 καὶ
155 589 269 629 πολλὰ
289 590 345 628 διὰ
373 590 430 628 τὸν
462 589 647 628 ἔκπλουν’
632 589 805 642 εμέμφετο
834 588 892 627 τὸν
920 589 1113 635 Βάνδηλον.

72 647 119 687 Ὁ
139 647 175 686 δὲ
191 647 233 686 τὰ
255 646 318 699 μὲν
339 647 490 700 ἔλεγενε
472 664 519 692 ως
542 647 708 698 πολέμιος
734 645 882 700 πρᾶξαι·
908 645 966 685 τὸν
983 647 1019 685 δὲ
1037 646 1116 699 περὶ

73 709 135 753 τῆς
155 706 312 758 εἰρήνης,
331 705 450 753 ἐπειδὴ
467 705 715 758 πρεσὸεύοιτο,
731 709 789 744 νῦν
806 704 871 758 ἔφη
890 705 990 756 >όγον
1010 721 1116 758 προσ

73 765 251 817 δέχεσθαι.
295 767 367 805 Tou
401 766 436 804 δὲ
466 765 624 818 Σευήρου
658 764 697 803 τό
731 780 767 802 τε
795 779 931 815 σωφρον
956 768 1017 802 τοῦ
1043 763 1117 816 βίου

74 823 258 874 θαυμάσας
276 823 336 862 καὶ
355 826 424 862 τῶν
441 823 552 875 λόγων
571 822 709 874 ἠγάσθη
723 853 733 871 ,
747 838 805 861 και
822 825 882 870 τῆς
903 823 1120 870 δικαιοσύνης

76 881 130 920 ἀεὶ
155 883 278 935 πεῖραν
309 882 502 933 λααὸάνων
533 888 602 920 πᾶν
636 881 771 931 ἕτοιμος
806 884 848 928 ἠν
880 887 1002 929 ποιεῖν,
1034 880 1119 934 ὅπερ

75 943 200 984 ἐκεῖνος
218 917 465 994 προὸάλλοιτο.
494 940 662 980 Μάλιστα
682 938 718 978 δὲ
741 938 852 984 ἔδοξεν
873 941 968 977 αὗτω
989 913 1120 983 δίκαιος

76 1004 185 1046 εἶναι,
209 997 280 1071 ὅτι,
308 998 352 1038 τὰ
371 1000 541 1052 χρήματα
572 1000 667 1037 αὐτῶ
687 1003 746 1038 τοῦ
772 998 949 1052 βαρὸάρου
971 999 1121 1042 διδόντος

75 1058 134 1097 καὶ
151 1058 194 1096 τὰ
212 1057 390 1111 πρέποντα
411 1060 505 1110 δῶρα
533 1059 732 1111 πρεσὸευτῇ
754 1057 969 1110 δωρούμενος
983 1087 992 1105 ,
1028 1059 1120 1095 ἀπε-

76 1116 217 1155 σείσατο
235 1117 374 1165 πάντα,
406 1117 511 1155 εἰπὼν
547 1119 593 1160 ὡς
623 1116 701 1155 ἀντὶ
729 1116 859 1155 τούτων
887 1116 994 1169 δῶρόν
1028 1118 1120 1154 ἔστιν

77 1174 255 1227 εὔσχημον
289 1174 515 1227 πρεσὸεύοντι
556 1174 727 1227 ἀνθρώπῳ
763 1174 841 1219 τοὺς
877 1173 1122 1227 αἰχμαλώτους

78 1233 304 1284 κομίσασθαι.
325 1233 371 1273 Ὁ
397 1234 432 1272 δὲ
449 1237 509 1281 τῆς
529 1233 681 1278 διανοίας
697 1233 881 1278 ἐπαινέσας
902 1235 959 1272 τὸν
990 1233 1120 1285 ἄνδρα,

82 1309 98 1325 α
116 1291 173 1336 οὓς
193 1291 270 1343 μὲν,
288 1309 304 1327 n
329 1292 433 1345 ἔφησε
457 1311 471 1327 «
499 1292 560 1330 σὺν
581 1298 651 1336 τοῖς
672 1293 766 1342 ἐμοῖς
782 1291 871 1330 υἱέσι
891 1295 960 1330 τῶν
988 1293 1122 1344 αἰχμα-

81 1349 202 1388 λώτων
221 1349 412 1402 ἀπέλαχον,
429 1350 568 1394 τούτους
588 1367 642 1389 σοι
658 1351 791 1394 πάντας
812 1349 955 1402 ἀφίημι·
971 1350 1013 1397 ἣν
1031 1350 1066 1388 δὲ
1084 1350 1122 1388 τὸ

79 1404 208 1449 πλῆθος
236 1405 348 1441 αὐτῶν
379 1403 610 1453 κατενείματο
639 1404 778 1455 μοῖραν,
805 1403 945 1446 τούτους
976 1402 1030 1441 σοὶ
1061 1402 1123 1452 μὲν

81 1459 215 1505 ἐξέσται
231 1461 315 1513 παρ’
326 1461 486 1508 ἑκόντων,
502 1464 530 1500 εἰ
549 1461 683 1514 βούλει,
694 1461 864 1513 πρίασθαι
877 1464 945 1499 τῶν
961 1462 1122 1513 ἐχόντων,

83 1519 184 1563 αὐτὸς
205 1520 235 1557 δ’
257 1518 298 1557 ἂν
321 1521 359 1558 οὔ
381 1519 549 1571 δυναίμην
568 1521 632 1558 οὐκ
651 1520 829 1563 ἐθέλοντας
847 1535 958 1558 ταυτα
977 1519 1055 1563 τοὺς
1075 1521 1123 1557 εἷ·

81 1578 232 1632 ληφότας
263 1579 514 1631 βιάσασθαι.»
546 1579 721 1618 Ῥνταῖθα
748 1582 766 1618 6
789 1581 941 1632 Σευῆρος
972 1578 1123 1617 ἀπέλυσε

82 1637 144 1686 μὲν
175 1643 304 1689 προῖκα
333 1637 390 1710 ρῦς
421 1636 524 1681 αὐτος
554 1641 645 1689 εἶχεν
675 1639 693 1675 6
724 1637 920 1685 Βάνδηλος·
946 1637 968 1676 ἃ
990 1636 1025 1675 δὲ
1051 1641 1124 1689 εἶχε

80 1695 268 1748 χρήματα,
287 1711 347 1734 και
367 1697 495 1743 ἐσθῆτα
526 1695 586 1733 καὶ
616 1696 722 1742 σκεύη
751 1696 865 1734 πάντα
901 1695 967 1734 ὑπὸ
999 1695 1124 1748 κήρυκι

82 1754 234 1807 δημοσία
264 1753 450 1801 πωλήσας,
468 1753 598 1797 τούτοις
617 1753 716 1797 ὅσους
740 1753 865 1806 ἴσχυσε
884 1757 953 1792 τῶν
987 1755 1125 1806 αἰχμα-

81 1813 200 1850 λώτων
224 1812 380 1865 ἐπρίατο.
405 1815 654 1852 Genserichus
682 1816 713 1850 si
741 1823 915 1851 mortuus
937 1822 992 1851 est
1015 1816 1124 1851 initio

81 1874 170 1908 anni
186 1875 258 1919 477
270 1900 280 1918 ,
301 1874 417 1922 paulo
432 1880 520 1922 post
535 1885 670 1922 pacem
690 1886 776 1909 cum
794 1875 946 1910 Zenone
965 1874 1099 1909 initam
1113 1886 1121 1909 t

82 1933 251 1979 sequitur
279 1933 505 1980 legationem
530 1939 698 1967 nostram
723 1931 858 1980 (quam
879 1932 927 1968 ad
947 1932 1125 1968 Genseri-

83 1991 211 2035 elium,
222 2003 301 2026 non
311 2003 401 2026 vero
413 1991 463 2026 ad
477 1990 596 2026 filium
611 1990 690 2037 ejus
701 1990 959 2026 effeminatum
974 1991 1126 2026 missam

82 2102 116 2132 et
137 2100 261 2139 justitia
284 2102 437 2140 proeslare
465 2100 706 2132 existimabatur
722 2113 730 2131 ε
746 2101 873 2140 itaque,
900 2101 937 2131 ut
962 2099 1127 2139 legationis

84 2152 228 2192 dignitati
242 2152 346 2191 maius
355 2151 453 2184 decus
465 2151 616 2190 adderet,
632 2151 799 2192 patricium
814 2160 888 2183 eum
910 2152 1044 2183 creavit.
1089 2152 1130 2183 Et

85 2204 138 2236 ille
150 2203 280 2244 quidem
297 2203 471 2242 navigavit.
514 2203 575 2235 Sed
603 2203 782 2241 Vandalus,
799 2202 854 2234 ubi
876 2202 986 2235 didicit
1003 2203 1129 2242 legatio·

85 2266 158 2289 nem
176 2256 215 2288 ad
227 2265 260 2288 se
279 2256 387 2288 venire
398 2279 407 2295 ,
422 2256 509 2296 prius
524 2265 598 2288 cum
622 2257 721 2288 classe
735 2256 880 2296 trajecit,
899 2257 932 2288 et
948 2255 1128 2296 Nicopolim

88 2308 226 2348 (Epiri)
243 2307 338 2347 cepit.
386 2309 524 2339 Severus
537 2310 646 2339 autem
670 2308 812 2348 legatus,
826 2307 953 2339 solvens
966 2316 985 2339 a
1006 2307 1129 2346 Sicilia,

86 2359 310 2399 Carthaginem
342 2359 452 2396 venit,
471 2361 503 2391 et
520 2368 710 2399 magnopere
735 2361 869 2399 questus
884 2360 932 2390 est
953 2368 1029 2391 cum
1042 2361 1130 2390 Van-

86 2410 160 2442 dalo
171 2434 179 2449 ,
200 2410 285 2451 quod
301 2410 399 2442 classe
416 2410 649 2442 transmisisset.
668 2411 726 2442 llle
740 2419 816 2441 vero
838 2409 940 2446 dixit,
957 2419 991 2442 se
1015 2411 1085 2442 hacc
1095 2410 1131 2442 ut

87 2462 211 2494 hostem
230 2463 338 2494 secisse
356 2475 363 2494 ε
382 2471 466 2494 nunc
483 2472 584 2503 quum
600 2463 640 2495 de
664 2472 741 2504 pace
760 2462 802 2495 ad
826 2472 859 2495 se
881 2463 1001 2503 legatus
1017 2464 1132 2495 missus

90 2514 148 2554 sit,
161 2514 361 2546 conditiones
385 2514 454 2554 ejus
466 2523 499 2546 se
515 2515 671 2555 excipere.
690 2515 796 2546 Severi
810 2515 917 2546 autem
932 2516 1031 2547 vitam
1051 2515 1131 2555 frugi

90 2568 124 2598 et
143 2567 319 2598 modestam
343 2567 536 2606 admiratus,
565 2567 633 2606 ejus
666 2567 896 2599 consuetudine
921 2569 954 2599 et
972 2568 1132 2608 colloquio

91 2618 321 2656 delectabatur,
335 2618 451 2658 quippe
475 2619 529 2659 qui
548 2618 617 2658 ejus
640 2619 772 2659 justitiae
788 2618 930 2659 qnotidie
953 2619 1131 2660 periculum

91 2669 223 2707 taceret,
238 2679 278 2701 ex
291 2679 354 2709 quo
367 2669 476 2700 omnia
499 2671 649 2710 exsequi,
667 2679 740 2710 quae
764 2670 982 2710 proponebat,
1003 2672 1133 2711 paratus

89 2723 167 2753 erat.
212 2722 351 2753 Maxime
367 2721 412 2752 illi
426 2721 512 2753 visus
527 2723 574 2753 est
585 2722 689 2762 justus
702 2730 768 2754 esse
792 2722 823 2753 in
838 2731 876 2754 eo
888 2747 896 2759 ,
912 2722 997 2762 quod
1008 2746 1016 2760 ‚
1031 2731 1132 2763 quum

89 2773 118 2805 ei
131 2773 284 2805 barbarus
297 2774 447 2814 pecunias
459 2773 627 2812 largiretur
649 2776 681 2806 et
697 2783 829 2806 munera
842 2775 944 2814 legato
958 2774 1064 2806 debita
1074 2774 1131 2806 'da-

89 2826 182 2856 turus
214 2826 312 2864 esset,
344 2825 452 2856 omnia
481 2825 589 2865 reiecit
614 2825 741 2865 dicens,
765 2825 891 2856 nullum
914 2825 1035 2857 donum
1063 2826 1132 2858 viro

90 2875 192 2916 legato
208 2876 334 2916 dignius
358 2879 391 2908 et
412 2877 669 2916 convenientius,
690 2886 787 2917 quam
815 2873 959 2917 captivos'
981 2877 1014 2908 in
1035 2877 1129 2909 liber-

91 2929 188 2960 tatem
213 2929 385 2961 vindifflre.
432 2932 470 2961 Et
488 2929 663 2967 barbarus,
693 2930 890 2961 humanitate
915 2929 984 2969 ejus
1010 2930 1130 2961 cottan-

91 2979 190 3011 data:
211 2992 226 3006 «ι
240 2983 378 3019 Omnes,
397 2980 520 3020 inquit,
543 2981 700 3021 captivos,
720 2981 775 3021 qui
800 2981 932 3018 mihi,et
953 2981 1025 3013 tiliis
1054 2982 1133 3013 meis

91 3032 175 3062 sorte
188 3031 388 3071 obtigerunt,
400 3031 457 3063 tibi
473 3031 623 3072 permitto
635 3043 644 3071 ;
656 3032 795 3072 reliquos
810 3041 887 3063 vero
905 3032 988 3063 inter
1010 3033 1131 3064 exerci-

91 3083 161 3113 tum
172 3084 256 3114 sorte
267 3082 386 3115 divisos
403 3092 455 3123 per
473 3091 525 3115 me
537 3083 594 3114 tibi
605 3083 697 3122 licet,
711 3084 749 3115 ut
766 3083 872 3121 lubet,
889 3083 929 3114 ab
949 3084 997 3116 his
1009 3084 1063 3124 qui
1078 3093 1132 3116 eos

94 3134 271 3174 possident,
285 3135 310 3166 si
324 3135 420 3166 modo
432 3137 667 3174 consenserint,
682 3136 847 3167 redimere.
892 3138 957 3168 Nec
970 3136 1053 3167 enim
1062 3146 1132 3176 pos-

93 3193 159 3216 sem
176 3195 247 3225 eos,
261 3195 397 3226 qnorum
408 3186 548 3218 dominio
564 3189 737 3225 cesserunt,
753 3187 868 3218 invitos
883 3196 1006 3227 cogere.
1028 3202 1043 3216 »
1068 3190 1130 3220 lta-

93 3245 156 3276 que
167 3239 302 3269 Severus
317 3246 388 3276 eos,
406 3247 486 3278 quos
511 3237 673 3269 Vandalus
690 3238 890 3278 possidebat,
905 3239 971 3270 sine
986 3239 1086 3279 pretio
1100 3239 1130 3270 in

93 3287 270 3321 libertatem
286 3290 439 3329 restitnit,
453 3294 484 3322 et
498 3290 631 3330 pecunia
643 3292 730 3322 omni
749 3299 847 3330 quam
858 3291 995 3323 habebat
1020 3300 1130 3332 quam-

93 3349 156 3381 que
170 3351 208 3373 ex
226 3342 366 3374 vestibus
389 3344 421 3375 et
439 3343 633 3381 supellectile
647 3343 771 3383 publice
788 3352 806 3374 a
825 3352 970 3383 praecone
995 3345 1131 3376 venditis

94 3392 254 3433 solvebat,
268 3394 411 3434 captivos
423 3403 643 3435 quoscumque
658 3395 759 3435 potuit
774 3394 916 3427 redemit.

2145 218 2217 250 ¹15

1175 309 1252 333 esse
1266 297 1426 333 dubium
1436 309 1516 332 non
1529 296 1601 346 est)
1615 296 1742 345 fugam
1752 298 1913 333 Zenonis
1925 296 1988 346 (an
2017 296 2091 343 475
2104 298 2217 344 Nov.)

1175 355 1413 392 antecedere.
1424 357 1467 394 V.
1479 355 1697 391 Tillemont.
1712 357 1775 400 VI,
1788 368 1814 404 p
1846 355 1936 399 480.
1954 355 2010 394 Cf.
2027 362 2151 391 tamen
2165 355 2206 391 id

1175 425 1217 462 p.
1240 413 1332 457 640.

1599 499 1637 538 li-
1673 493 1803 544 (475

1230 573 1322 607 Exc.
1355 573 1412 608 De
1444 572 1517 619 leg.
1550 572 1665 607 Rom.
1700 584 1742 620 Ρ.
1772 570 1837 618 87.
1873 570 1959 607 88:
1994 568 2079 608 Οτι
2103 568 2222 614 Ζήνων

1178 630 1196 666 6
1217 626 1380 680 βασιλευς
1397 627 1482 680 πρὸς
1498 627 1555 665 τὸν
1575 627 1729 681 ἀρχηγὸν
1753 644 1819 666 των
1839 629 1868 666 l
1870 627 1978 666 ότθων
2006 627 2224 679 πρεσὸευσά·

1181 702 1282 737 μενος
1297 686 1378 738 περὶ
1392 685 1608 738 Ἡρακλείου
1628 690 1689 724 τοῦ
1710 690 1907 739 στρατηγοῦ
1922 690 1982 724 τοῦ
1999 682 2226 737 κρατηθέντος

1179 744 1277 796 παρὰ
1297 747 1365 782 τῶν
1389 744 1542 794 Γότθων,
1566 743 1739 796 ὑπέσχετο
1756 744 1814 782 ἐπὶ
1833 745 1969 796 λύτροις
1989 743 2146 796 ἀφήσειν,
2166 743 2226 781 καὶ

1179 803 1223 842 τὰ
1240 803 1350 857 λύτρα
1371 802 1493 841 ἑκατὸν
1512 803 1782 854 συνωμολόγησε
1802 805 1973 842 τάλαντα.
2004 805 2130 842 Ταῦτα
2150 803 2228 846 τοὺς

1180 862 1419 914 προσήκοντας
1442 862 1644 915 Ἡρακλείῳ
1669 863 1790 910 Ζήνων
1821 863 1982 901 ἐκέλευσε
2015 863 2227 914 παρασχεῖν,

1179 920 1236 958 ἵνα
1258 920 1306 971 μὴ
1324 921 1440 969 δοκοίη
1459 921 1644 972 λελυμένος
1662 923 1720 959 ὑπ’
1738 921 1854 959 ἄλλων
1871 923 1904 960 ἐν
1926 921 2050 960 δούλου
2069 922 2228 972 γενέσθαι

1182 979 1353 1031 σχήματι.
1381 979 1567 1029 Πέμπεται
1597 979 1633 1018 δὲ
1654 982 1700 1024 εἷς
1730 980 1878 1034 Θράκην
1911 983 1982 1024 τοῖς
2013 979 2152 1023 Γότθοις
2183 978 2228 1017 τὰ

1180 1038 1360 1090 χρήματα.
1380 1040 1459 1078 Οἱ
1442 1038 1477 1077 οὲ
1495 1038 1651 1077 ἐδέξαντο
1666 1039 1740 1088 μὲν,
1757 1039 1816 1079 καὶ
1835 1040 1964 1086 δηθεν’
1951 1055 1989 1077 εκ
2005 1042 2066 1085 τῆς
2081 1045 2230 1092 φρουρᾶς

1183 1099 1318 1135 ἀνιᾶσιν
1354 1096 1574 1150 Ἡράκλειον·
1607 1098 1762 1150 προϊόντι
1793 1098 1829 1135 δὲ
1859 1099 1952 1149 αὖτῳ
1984 1099 2018 1135 ἐν
2050 1096 2230 1149 Ἀρκαδίαν

1185 1155 1284 1195 πόλει
1312 1155 1568 1209 προστρέχουσί
1599 1172 1688 1199 τινες
1720 1156 1862 1207 Γότθοι,
1883 1156 1942 1194 καὶ
1979 1156 2149 1206 βαδίζοντι
2180 1157 2230 1192 τῶ

1185 1213 1386 1267 Ἡρακλείω
1407 1230 1458 1258 τις
1479 1217 1517 1252 ἐκ
1533 1230 1601 1252 των
1628 1214 1766 1254 Ιότθων
1788 1214 1847 1267 βίᾳ
1877 1230 1935 1253 τον
1966 1230 2061 1265 ωμον
2090 1213 2228 1252 ἔπαισε.

1183 1276 1265 1312 Ἰων
1285 1272 1320 1311 δὲ
1337 1273 1417 1325 περὶ
1434 1272 1492 1311 τὸν
1518 1272 1727 1325 ἹΙράκλειόν
1747 1289 1797 1317 τις
1816 1255 1990 1319 ἐπέπληξε
2009 1275 2059 1326 τῷ
2088 1272 2230 1325 Γότθῳ,

1183 1330 1243 1369 καί
1262 1350 1277 1366 «ι
1299 1333 1395 1378 πῶς,
1426 1326 1534 1379 εἶπεν,
1554 1331 1633 1369 οὔτε
1653 1331 1780 1369 σαυτὸν
1805 1326 1921 1378 οἶδας,
1954 1331 2134 1384 ἄνθρωπε,
2153 1330 2231 1369 οὔτε

1183 1389 1368 1464 γινώσκεις
1381 1389 1417 1427 ὃν
1440 1389 1610 1442 ἔπληξαςε,
1631 1407 1646 1423 »
1663 1390 1708 1430 ‘O
1727 1389 1762 1428 δὲ
1783 1390 1875 1428 πάνυ
1893 1389 2072 1440 γινώσκειν
2091 1391 2156 1442 ἔφη
2173 1389 2231 1427 τὸν

1186 1449 1245 1486 ὑπ’
1264 1449 1368 1486 αὐτοῦ
1387 1447 1538 1486 κάκιστα
1559 1447 1806 1497 ἀπολούμενον·
1825 1448 1884 1486 καὶ
1912 1448 1986 1497 ἅμα
2013 1447 2232 1498 σπασάμενοι

1185 1502 1203 1538 6
1223 1499 1286 1550 μέν
1302 1516 1353 1544 τις
1368 1502 1430 1548 τὴν
1451 1500 1606 1554 κεφαλὴν
1623 1504 1684 1538 τοῦ
1703 1500 1913 1553 Ἡρακλείου
1926 1533 1936 1551 ,
1955 1504 1972 1539 6
1990 1500 2024 1538 δὲ
2042 1500 2102 1545 τὰς
2114 1502 2234 1552 χεῖρας

1187 1559 1354 1609 ἀπέτεμε.
1391 1559 1464 1598 Καί
1491 1575 1607 1612 φασιν,
1639 1557 1692 1597 ὅτι
1725 1559 1816 1598 κατὰ
1848 1560 2079 1597 ἀνταπόδοσιν
2105 1559 2233 1598 ἔπαθεν
2257 1608 2259 1611 ¹

1186 1617 1409 1671 Ἡράκλειος·
1429 1617 1566 1666 ἐλέγετο
1578 1617 1645 1670 γάρ
1663 1634 1758 1662 τινας
1772 1620 1841 1655 τῶν
1859 1618 1914 1670 ὑφ’
1933 1620 2027 1670 αὑτῷ
2044 1617 2232 1656 τελούντων

1185 1679 1421 1730 στρατιωτῶν,
1441 1676 1606 1721 δόξαντάς
1626 1691 1659 1714 τι
1679 1678 1902 1727 πλημμελεῖν
1923 1678 1985 1714 οὐκ
2011 1676 2104 1718 ἄξιον
2130 1677 2235 1715 θανά·

1185 1751 1263 1782 του,
1279 1736 1327 1779 εἷς
1346 1735 1466 1786 βόθρον
1483 1734 1695 1773 καταὸαλὼν
1713 1741 1782 1773 πᾶν
1799 1735 1839 1773 τὸ
1856 1735 2058 1788 στράτευμα
2079 1736 2235 1787 ἀναγκά-

1186 1810 1246 1832 σαι
1262 1793 1384 1837 αὖτοὺς
1399 1796 1627 1833 καταλεῦσαι.
1648 1791 1798 1834 ’Έκτοτε
1814 1789 1872 1832 οὖν
1891 1797 1914 1840 ἡ
1930 1797 1990 1832 τοῦ
2011 1797 2086 1832 θεοῦ
2105 1794 2234 1845 ἀγανά-

1186 1868 1308 1900 κτησις
1324 1853 1372 1897 εἷς
1389 1853 1492 1892 αὐτὸν
1513 1854 1683 1906 ἐτηρεῖτο.

1241 1988 1257 2039 [
1269 1989 1404 2026 Suidas
1424 2003 1433 2026 :
1465 1988 1475 2001 ‘
1486 1991 1518 2028 H
1530 2003 1547 2041 ρ
1558 1987 1609 2026 άκ
1618 1989 1663 2026 λε
1673 2003 1749 2036 ιος,
1782 1987 1974 2041 στρατηγὸς
2000 1987 2148 2038 γεγονὼς
2178 1988 2235 2025 ἐπὶ

1687 2128 1724 2159 4.

1230 2206 1317 2236 Zeno
1340 2204 1513 2245 imperator
1535 2213 1591 2245 per
1606 2204 1728 2244 legatos
1743 2212 1907 2236 summum
1923 2204 2102 2236 Gothorum
2120 2204 2235 2236 ducem

1191 2257 1332 2297 rogavit,
1355 2258 1392 2290 ut
1415 2257 1596 2290 Heraclium
1612 2257 1747 2296 ducem,
1769 2258 1826 2298 qui
1843 2257 1875 2289 in
1895 2257 2037 2289 hostium
2059 2259 2127 2289 erat
2143 2259 2235 2298 pote-

1190 2311 1291 2350 state,
1308 2310 1414 2341 soluto
1434 2310 1661 2351 redemptionis
1673 2310 1775 2351 pretio
1789 2310 1956 2350 liberaret,
1970 2311 2003 2342 et
2023 2319 2081 2350 pro
2109 2310 2234 2342 redem-

1189 2362 1298 2403 ptione
1316 2363 1474 2403 pollicitus
1494 2364 1542 2395 est
1556 2372 1590 2395 se
1607 2363 1761 2395 daturum
1774 2364 1905 2395 centum
1925 2363 2058 2394 talenta.
2083 2364 2129 2394 Ea
2151 2365 2236 2394 Zeno

1191 2414 1338 2446 Heraclio
1356 2415 1592 2455 propinquitate
1614 2415 1805 2455 conjunctos
1820 2415 2001 2455 persolvere
2014 2414 2125 2454 jussit,
2144 2414 2184 2447 ne
2196 2415 2237 2446 ab

1190 2465 1259 2497 aliis
1270 2465 1471 2506 redemptus,
1488 2466 1572 2498 servi
1593 2467 1664 2498 loco
1682 2466 1865 2498 haberetur.
1909 2466 2014 2498 Missae
2041 2467 2119 2498 sunt
2140 2466 2237 2505 igitur

1191 2517 1334 2557 pecuniae
1354 2517 1468 2550 Gothis
1492 2517 1525 2549 in
1546 2518 1735 2557 Thraciam,
1759 2527 1839 2558 quas
1859 2519 2065 2558 receperunt,
2092 2519 2124 2549 et
2141 2520 2236 2549 Hera-

1190 2568 1288 2600 clium
1302 2578 1319 2600 e
1330 2569 1473 2600 custodia
1484 2570 1620 2601 liberum
1631 2569 1719 2601 abire
1732 2569 1887 2601 siverunt.
1905 2572 1938 2600 ln
1949 2569 2047 2608 hunc,
2062 2579 2163 2610 quum
2178 2571 2236 2601 iter

1192 2620 1413 2661 Arcadiopolin
1434 2620 1598 2660 tenderet,
1619 2621 1788 2652 incurrunt
1804 2621 1950 2652 nonnulli
1966 2621 2082 2660 Gothi,
2097 2629 2236 2660 quorum

1193 2681 1276 2703 unus
1290 2672 1471 2704 Heraclium
1482 2672 1617 2704 humero
1631 2673 1822 2704 vulneravit.
1839 2672 2056 2709 Quamobrem
2071 2672 2184 2712 aliquis
2197 2682 2236 2703 ex

1194 2724 1259 2764 his,
1282 2724 1339 2764 qui
1361 2733 1435 2755 cum
1451 2724 1597 2756 Heraclio
1617 2725 1725 2764 erant,
1747 2725 1780 2755 in
1804 2724 1948 2756 Gothum
1966 2725 2112 2755 invectus
2136 2736 2144 2755 :
2165 2737 2180 2751 «
2197 2726 2238 2756 Et

1191 2776 1270 2817 quid
1295 2777 1354 2808 tibi
1379 2777 1446 2808 vis?
1472 2777 1535 2817 ait;
1562 2777 1644 2808 satin
1665 2778 1700 2808 tu
1724 2778 1756 2808 te
1773 2777 1877 2816 ipsum
1893 2777 1977 2808 nosti
1994 2778 2027 2808 et
2043 2785 2118 2808 eum
2139 2785 2236 2816 quem

1192 2828 1391 2859 vulnerasti?
1407 2840 1422 2855 «
1441 2829 1482 2860 At
1495 2828 1639 2867 Gothus,
1654 2827 1752 2868 probe
1771 2836 1805 2859 sc
1818 2836 1910 2859 nosse
1927 2836 2002 2858 eum
2018 2827 2118 2867 dixit,
2138 2836 2236 2867 quem

1191 2879 1276 2910 male
1296 2879 1476 2920 perditurus
1490 2881 1584 2911 esset.
1629 2881 1669 2911 Et
1690 2879 1786 2911 simul
1807 2878 1904 2910 Gothi
1926 2887 2016 2910 enses
2028 2878 2235 2918 stringentes,

1193 2940 1276 2964 unus
1289 2933 1386 2973 caput
1395 2955 1404 2971 ,
1421 2932 1502 2963 alter
1514 2940 1630 2964 manus
1644 2932 1791 2964 Heraclio
1804 2931 1951 2964 abscidit.
1998 2933 2037 2963 Et
2051 2931 2093 2962 illi
2106 2931 2235 2971 quidem

1190 2983 1297 3022 aiunt,
1314 2992 1351 3015 ea
1367 2992 1439 3024 quae
1459 2983 1645 3023 meruisset,
1664 2991 1806 3024 repensa.
1826 2984 1942 3015 Fertur
1958 2984 2043 3014 enim
2060 2982 2233 3022 quosdam,

1190 3037 1246 3076 qui
1263 3036 1323 3067 sub
1339 3045 1378 3068 eo
1396 3036 1552 3076 stipendia
1566 3036 1744 3075 faciebant,
1762 3035 1923 3075 judicatos
1948 3035 2075 3075 aliquod
2095 3034 2233 3072 tac-inus,

1190 3098 1254 3120 non
1269 3090 1377 3120 tamen
1398 3090 1501 3120 morte
1517 3088 1647 3129 dignum
1661 3113 1670 3128 ,
1688 3087 1901 3127 commisisse,
1929 3087 1962 3119 in
1983 3088 2110 3119 foveam
2126 3086 2234 3124 conje-

1190 3142 1258 3171 ctos
1272 3140 1428 3180 lapidibus
1439 3139 1480 3171 ab
1501 3140 1588 3171 omni
1610 3139 1755 3172 exercitu
1771 3139 1864 3172 obrui
1880 3139 2028 3179 jussisse;
2049 3147 2090 3170 ex
2105 3146 2143 3169 eo
2156 3137 2235 3169 deus

1191 3191 1237 3223 ira
1255 3200 1313 3223 sua
1330 3200 1404 3223 eum
1423 3193 1610 3232 persecutus
1623 3193 1683 3223 est.

1697 3271 1732 3303 5.

1231 3343 1396 3375 Heraclius
1422 3343 1483 3375 suit
1502 3343 1563 3375 sub
1587 3346 1713 3375 Zenone
1732 3343 1896 3383 copiarum
1925 3341 2011 3380 dux,
2034 3340 2130 3370 homo
2159 3338 2227 3377 qui-

1198 3395 1271 3427 dem
1285 3395 1391 3427 audax
1408 3397 1439 3427 et
1453 3396 1583 3435 paratus
1597 3394 1638 3426 ad
1655 3403 1769 3426 manus
1781 3402 1855 3425 cum
1866 3391 2049 3424 hostibusin
2066 3388 2157 3421 hellis
2167 3388 2229 3420 ala·

2053 3453 2078 3475 ⁸.
