2326 3724
927 234 1269 274 FRAGMENTA.

18 331 80 379 τὴν
98 332 248 386 εἰρήνην,
270 332 361 370 καθά
385 347 452 369 που
476 331 709 383 ἐνεγέγραπτο
726 332 760 369 ἓν
778 333 853 374 ταῖς
873 330 1067 379 ξυνθήκαις.

19 391 162 445 Σφόδρα
191 391 259 443 γὰρ
289 393 322 429 ἐν
353 391 477 443 ἀρχαῖς
508 389 649 443 ἐτάραξε
669 389 831 443 Χοσρόην
851 391 1069 442 αἰσθόμενον,

19 452 65 494 ὣς
83 450 246 504 βασιλεὺς
260 449 448 501 Ῥωμαίων
463 448 548 502 πρὸς
562 449 714 500 πόλεμον
731 449 835 503 ὥρμα
849 448 893 488 τὰ
913 451 1071 502 εἰρηναῖα

19 511 289 563 παρωσάμενος.
313 508 507 549 Ἔδεδοίκει
527 524 583 556 τε,
602 508 651 559 μή
672 525 747 552 πως
769 511 808 548 ἐκ
832 509 988 560 μεγάλης
1008 526 1074 548 πα-

21 572 194 620 ρασκευῆς
226 567 376 607 ἐπιθοῖτό
407 583 444 606 τε
472 569 578 620 αὐτῷ.
603 567 676 607 Καὶ
707 567 822 611 ἄλλως
851 569 917 620 οὐχ
943 568 1072 616 ἥκιστα

21 628 185 680 φροντίδα
202 627 350 679 ἐτίθετο,
366 629 412 670 εἷς
429 626 577 679 ἔσχατον
597 629 708 681 γῆρας
725 626 906 674 ἐληλακὼς
924 627 985 666 καὶ
1003 627 1072 675 ἤδη

21 686 249 737 ἐκλελυμένος
267 689 342 730 ταῖς
360 686 485 738 ὁρμαῖς
509 689 569 724 τοῦ
595 684 750 736 πολέμου
764 716 774 734 ,
795 685 887 724 ὥστε
902 687 1074 740 ἐρρῶσθαι

20 743 66 784 τὰ
93 747 270 798 εἰρηναῖα,
294 746 354 784 καὶ
373 743 493 797 ὥσπερ
515 744 638 795 ἀμέλει
662 746 826 798 πατρῷον
855 748 974 796 κτῆμα
1005 751 1075 789 τοῖς

21 819 61 855 γε
77 805 182 842 αὐτοῦ
199 803 300 842 παισὶ
324 802 501 842 ἀσάλευτά
528 818 566 841 τε
591 803 651 841 καὶ
681 802 823 856 ἄτρωτοι
851 805 1072 842 καταλιπεῖν.

23 862 206 916 Σεὸόχθην
228 862 291 913 μὲν
315 856 373 901 οῧν
394 862 580 906 Ἰουστῖνος
599 861 815 914 φοιτήσαντα
840 864 873 906 ἐς
895 862 951 901 τὸν
973 866 1076 916 βασι-

22 922 86 961 λέα
111 922 150 961 οὔ
179 938 212 960 τι
230 922 327 973 μάλα
355 922 532 974 προσίετο,
551 922 626 960 ἐπεὶ
640 922 700 960 καὶ
719 921 832 966 ἄλλως
847 953 857 972 ,
880 922 980 970 ἡνίκα
1006 925 1076 961 εἷσ-

23 983 108 1028 ἢλθε
128 980 219 1020 κατὰ
240 980 282 1028 δὴ
308 981 348 1019 τὸ
371 980 487 1024 εἰωθὸς
520 980 578 1019 τὸν
600 982 841 1034 αὐτοκράτορα
875 981 1078 1035 προσκυνή-

25 1057 112 1091 σων,
138 1041 256 1094 χαμαὶ
288 1040 452 1095 ῥίψαντος
479 1039 614 1088 ἑαυτὸν,
636 1039 726 1079 οὕτω
754 1040 904 1091 ξυμὸὰν,
935 1044 954 1080 ὁ
980 1042 1079 1086 πῖλος

23 1101 58 1145 ὃς
76 1100 134 1139 ἐπὶ
153 1104 198 1154 τῇ
218 1102 354 1153 κεφαλῇ
375 1099 467 1139 κατὰ
487 1100 526 1138 τὸ
551 1099 798 1151 νενομισμένον
819 1100 974 1153 Πέρσαις
1000 1101 1080 1138 ἐπέ-

23 1176 138 1209 κειτο,
163 1162 197 1204 ἐς
215 1160 383 1214 τοῦδαφος
403 1160 521 1199 ἔπεσε.
544 1159 670 1212 Τούτῳ
691 1159 793 1211 αἰσίῳ
814 1159 880 1197 τινὶ
911 1159 1079 1213 συμὸόλῳ

23 1220 246 1274 χρησάμενοι
267 1221 330 1258 οῖ’
315 1235 350 1257 εν
370 1219 462 1257 τέλει
478 1219 538 1257 καὶ
555 1221 573 1256 ὁ
593 1220 703 1268 δῆμος
718 1219 793 1261 ταῖς
810 1218 1009 1262 κολακείαις
1022 1220 1079 1257 τὸν

26 1278 206 1331 βασιλέα’
192 1275 407 1330 επτέρυ)σαν,
426 1280 471 1321 ὡς
488 1277 567 1316 ὅσον
588 1276 686 1315 οὔπω
700 1279 927 1315 ὁποπεσεῒται
945 1279 1039 1316 αὐτῶ
1057 1281 1078 1324 ἡ

31 1337 176 1391 Περσίς.
197 1339 259 1390 Τῳ
277 1336 406 1390 τοιᾶρα
418 1336 630 1380 Ἰουστῖνος’
615 1335 812 1390 επῃρμένος
826 1339 867 1383 ἠν
876 1342 951 1380 ταῖς
966 1337 1081 1375 ἐλπίσι

26 1397 88 1436 καὶ
110 1397 339 1450 μετεωρίζετο
358 1399 402 1450 τῇ
424 1395 577 1448 διανοία,
597 1395 641 1433 τὰ
664 1396 756 1435 κατὰ
782 1399 860 1433 νοῦν
890 1398 1037 1448 ῥᾷστα’
1023 1412 1082 1434 εκ-

26 1456 197 1504 ὅήσεσθαι
218 1454 388 1507 οἰόμενος.
411 1426 596 1507 Σεὸόχθήν
627 1454 669 1501 δὴ
701 1448 760 1492 οὐν
793 1454 1041 1506 ἀγγείλαντα
1027 1457 1080 1507 εφ’

25 1510 74 1560 οἷς
93 1515 324 1567 παρεγένετο,
345 1517 362 1553 ὁ
381 1513 543 1567 βασιλευς
560 1511 812 1566 περιεφρόνησέ
828 1529 867 1565 γε
885 1514 1002 1561 αὐτον,
1021 1530 1081 1552 και

26 1577 61 1614 ἐν
81 1575 192 1614 οὐδενὶ
214 1573 309 1626 λόγῳ
337 1575 488 1612 ἐποιεῖτο
515 1573 572 1612 τὸν
602 1573 728 1626 ἄνδρα.
797 1576 863 1627 Ξφη
897 1577 1081 1627 τοιγαροῦν

27 1637 75 1679 ὡς
106 1633 226 1681 αὐτὸν,
257 1635 304 1676 ὡς
337 1637 359 1681 ἡ
398 1633 540 1686 φιλότης
566 1633 730 1686 χρήμασι
764 1633 997 1686 βεὸαιουμένη
1019 1635 1081 1672 οὐκ

29 1693 165 1747 ἀγαθή·
202 1691 335 1746 αἰσχρὰ
367 1691 435 1745 γὰρ
475 1693 535 1730 καὶ
581 1693 850 1745 ἀνδραποδώδης
885 1692 1003 1740 ὠνητή
1045 1708 1082 1731 τε

27 1756 49 1800 ἡ
66 1752 194 1792 τοιάδε.
212 1752 344 1792 Φιλίαν
365 1750 400 1789 δὲ
429 1751 491 1798 τὴν
513 1749 697 1804 ἷσόρροπόν
715 1767 752 1789 τε
770 1751 830 1790 καὶ
852 1752 930 1804 οὐχὶ
955 1753 1083 1804 κερδα-

27 1812 110 1852 λέαν
128 1811 319 1865 ὁρίζεσθαι,
339 1813 373 1849 ἐν
393 1805 416 1863 ’ᾗ
434 1810 546 1849 καὶτὸ
568 1811 708 1863 βέὸαιον
728 1811 866 1863 πέπηγε
885 1811 985 1865 φύσει
999 1811 1080 1851 τινί.

31 1870 127 1925 Πρὸς
154 1871 269 1909 τοῖσδε
300 1869 552 1909 ἀνεπυιθάνετό
580 1885 619 1920 γε
639 1871 724 1923 πρὸς
748 1872 877 1921 αὐτου,
901 1870 950 1920 μή
972 1886 1005 1908 τι
1025 1886 1086 1908 και

30 1946 111 1983 περι
131 1933 192 1974 τ’ἧς
216 1928 308 1968 κατὰ
304 1935 425 1990 ...σφᾶς
446 1928 637 2002 Ἀρμενίας
658 1928 830 1980 βούλοιτο·
845 1929 1080 1980 διαλέγεσθαι.

32 1988 213 2042 Σεὸόχθης
227 1989 269 2035 δη
287 1991 345 2026 οὖν
366 1988 600 2040 ἀπεκρίνατο,
619 1987 808 2034 ἀκηκοέναι
823 1987 886 2038 μὲν
901 1987 959 2025 τὸν
978 1990 1085 2025 αὐτοῦ

31 2049 222 2103 βασιλέα,“
205 2065 251 2092 ως
267 2048 332 2086 ἀνὰ
349 2064 394 2086 τα
410 2048 522 2099 ἐκείνῃ
545 2047 695 2100 βραχεῖά
715 2064 767 2091 τις
785 2049 919 2098 ἐγένετο
936 2046 1091 2100 ταραχὴ,

29 2164 168 2206 petebat.
186 2166 267 2196 Nam
287 2172 388 2204 quum
403 2163 493 2194 initio
512 2162 667 2195 chosroes
683 2161 910 2202 suspicaretur,
928 2161 1085 2193 Romano·

28 2226 101 2248 rum
116 2216 342 2256 imperatorem
356 2224 375 2246 a
389 2214 628 2246 conditionibus
643 2214 728 2254 pacis
746 2214 948 2246 recedentem
965 2214 1005 2245 ad
1022 2214 1086 2246 bel-

29 2269 98 2301 lum
117 2269 203 2308 ferri,
221 2267 315 2299 valde
329 2267 535 2308 perturbatus
549 2266 662 2298 fuerat.
680 2267 861 2298 Verebatur
871 2267 976 2306 enim,
994 2275 1034 2298 ne
1047 2275 1088 2298 ex

30 2321 204 2362 improviso
215 2321 388 2361 imperator
403 2328 478 2350 cum
490 2328 606 2359 magno
626 2321 780 2359 apparatu
798 2328 831 2351 se
843 2319 928 2351 bello
941 2318 1088 2358 aggrede-

32 2375 132 2406 retur.
150 2375 188 2405 Et
203 2373 335 2404 omnino
359 2371 402 2403 illi
420 2371 561 2402 maxime
575 2380 661 2402 curae
679 2372 759 2410 erat,
774 2380 875 2411 quum
892 2370 959 2410 jam
976 2369 1015 2401 ad
1029 2379 1087 2402 ex-

31 2427 167 2460 tremam
188 2426 384 2457 senectutem
401 2423 613 2464 pervenisset,
638 2424 670 2454 et
686 2423 845 2454 bellorum
860 2422 992 2453 consilia
1011 2422 1089 2453 omi-

33 2481 139 2517 sisset,
154 2487 265 2519 pacem
285 2478 472 2508 inviolatam
496 2485 643 2515 servare,
659 2477 690 2508 et
715 2476 812 2507 nullis
828 2476 919 2507 bellis
932 2475 1088 2507 intertur-

33 2531 143 2564 batam
158 2533 190 2562 et
204 2530 391 2570 impeditam
409 2529 494 2569 regui
521 2528 642 2568 paterni
658 2528 889 2568 possessionem
904 2528 1012 2559 liberis
1025 2528 1090 2559 suis

35 2583 227 2624 relinquere.
255 2583 431 2622 imperator
447 2582 556 2612 autem
581 2580 784 2612 Sebochtlien
801 2580 841 2611 ad
860 2589 894 2612 se
909 2581 1089 2611 venientem

35 2645 100 2669 non
111 2636 214 2676 magni
229 2635 383 2673 faciebat,
397 2633 572 2674 praesertim
585 2642 685 2673 quum
700 2633 880 2673 accidisset,
895 2633 1091 2674 simulatque

35 2689 193 2730 ingressus
204 2689 251 2719 est
263 2687 302 2718 ad
314 2687 553 2726 imperatorem,
566 2686 602 2716 ut
618 2685 714 2716 moris
724 2687 805 2723 erat,
820 2694 989 2724 venerans,
1004 2687 1036 2717 et
1049 2685 1089 2717 ad

37 2741 132 2782 pedes
145 2741 213 2780 ejus
230 2739 320 2771 humi
337 2737 528 2779 procubuit,
549 2739 585 2768 ut
599 2737 720 2778 pileus,
744 2746 841 2778 quem
858 2737 890 2768 in
907 2737 1027 2777 capite,
1055 2739 1092 2769 ut

38 2795 207 2826 Persarum
228 2793 311 2832 leges
329 2791 454 2829 serunt,
477 2790 640 2831 gestabat,
666 2792 695 2821 in
720 2792 839 2822 terram
857 2790 994 2822 caderet.
1022 2792 1092 2822 Hoc

38 2846 145 2878 omine
171 2845 330 2886 principes
359 2843 418 2875 viri
442 2845 475 2875 et
494 2845 599 2875 cetera
622 2843 735 2882 turba,
756 2845 913 2883 tanquam
938 2843 1093 2875 divinitus

11 2931 20 2939 ,
39 2898 201 2937 immisso,
221 2897 268 2929 usi
283 2899 313 2928 et
332 2897 414 2928 soeda
429 2897 612 2928 adulatione
629 2897 856 2937 imperatorem
873 2897 1046 2937 extollere,
1060 2899 1093 2929 et

42 2949 148 2982 dicere
160 2974 169 2991 ‚
193 2950 259 2981 sore
274 2950 309 2980 ut
332 2948 435 2980 Persis
452 2949 540 2980 brevi
561 2949 589 2980 ei
607 2949 862 2980 submitteretur.
881 2951 950 2980 Hac
975 2949 1094 2990 cogita-

39 3002 127 3035 tione
150 3003 258 3034 mente
279 3002 381 3033 elatus
395 3003 413 3033 J
418 3002 542 3033 ustinus
562 3001 592 3032 in
606 3010 694 3041 spem
714 3001 946 3041 adducebatur,
964 3002 1091 3040 omnia,

0 3048 1 3063 ³
41 3063 115 3096 quae
128 3055 234 3086 animo
248 3054 418 3094 volvebat,
438 3053 477 3085 ad
494 3055 640 3094 optatum
655 3054 777 3085 exitum
795 3055 999 3093 perventura.
1026 3055 1093 3085 lta-

41 3116 105 3148 que
117 3117 218 3149 quum
232 3107 429 3139 Sebocbtlies
444 3116 493 3146 ea,
506 3116 643 3147 quorum
658 3115 754 3138 causa
768 3108 912 3146 venerat,
929 3107 1093 3138 renuntia-

42 3164 111 3198 ret,
127 3161 302 3201 imperator
321 3169 393 3191 eum
421 3160 614 3201 contempsit
638 3162 670 3192 et
686 3160 776 3192 nullo
799 3169 936 3192 numero
960 3159 1091 3198 babuit,

43 3212 188 3254 dixitque
225 3213 399 3244 amicitiam
433 3213 576 3253 pecuniis
602 3215 801 3244 contractam
833 3212 919 3244 haud
949 3213 1089 3253 probari.

44 3266 185 3306 Turpem
209 3265 293 3296 enim
310 3266 342 3296 et
367 3265 515 3296 servilem
530 3273 596 3296 esse
609 3290 618 3305 ‚
645 3265 764 3305 quippe
777 3274 850 3304 quae
866 3264 968 3304 pretio
987 3266 1096 3304 empta

44 3318 137 3349 osset.
166 3316 344 3348 Amicitiam
371 3318 478 3348 autem
489 3341 498 3355 ‚
523 3317 617 3355 cuius
643 3316 725 3348 ratio
747 3318 897 3347 constans
919 3317 953 3347 et
980 3317 1098 3347 natura

45 3367 126 3400 bene
138 3368 271 3400 fundata
283 3370 377 3408 esset,
388 3369 559 3408 aequalem,
574 3377 638 3400 non
653 3370 777 3409 quaestu
794 3368 1014 3407 comparatam
1022 3367 1099 3399 defi-

46 3419 119 3452 niri.
143 3419 266 3452 Deinde
279 3429 318 3451 ex
334 3420 402 3460 ipso
416 3420 579 3460 quaesivit,
594 3419 754 3460 numquid
769 3419 866 3450 vellet
887 3416 927 3450 de
941 3419 990 3450 bis
1001 3443 1009 3458 ,
1024 3427 1098 3459 quae

47 3470 81 3503 in
91 3471 253 3512 Armenia,
270 3480 344 3512 quac
359 3481 470 3504 eorum
487 3471 566 3511 juris
582 3473 668 3512 erat,
683 3471 906 3511 contigerant,
928 3470 1097 3503 disserere.

2110 249 2184 282 239

1137 333 1273 370 στεῖλαι
1293 331 1328 370 δὲ
1345 332 1439 383 ὅμως
1459 333 1536 372 τινὰ
1563 334 1622 373 τὸν
1652 336 1840 387 δυνάμενον
1862 338 1897 375 ἐν
1918 338 2039 391 κόσμῳ
2069 340 2187 378 θέσθαι

1134 392 1178 429 τὰ
1197 391 1413 443 γεγενημένα
1440 392 1500 431 καὶ
1528 393 1586 431 τὸν
1608 393 1753 447 θόρυὸον
1781 396 2069 438 καταπαύσοντα.
2101 399 2187 437 Ἰου-

1135 456 1246 494 στῖνος
1260 450 1295 489 δὲ
1313 452 1598 504 Περσαρμενίους
1609 453 1880 506 προφανέστατα
1895 455 1960 507 ἔφη
1973 456 2189 501 εἰσδέξασθαι

1136 512 1283 562 Περσων
1318 510 1646 572 ἀποχωρήσαντας,
1675 511 1737 551 καὶ
1769 514 1807 551 οὖ
1844 515 2070 566 περιόψεσθαι
2102 522 2191 566 σφᾶς

1136 568 1400 620 ἀδικουμένους,
1430 573 1486 608 οἱα
1521 570 1563 618 δὴ
1596 570 1846 644 ὁμογνώμονας
1875 571 1919 609 τὰ
1943 574 1990 616 εις
2010 572 2097 612 θεόν.
2124 575 2192 612 Σε-

1137 627 1267 681 ὅόχθης
1278 628 1319 675 δὴ
1337 632 1395 667 οὐν
1416 630 1451 667 ἐν
1467 628 1652 682 Πέρσαις
1633 629 1794 682 αγχίνους
1804 630 1954 683 [τε]άμα
1970 631 2029 669 καὶΙ
2043 631 2192 683 νομίζων

1136 687 1180 725 τὰ
1199 703 1279 740 περι
1309 703 1347 725 το
1374 690 1464 726 θειον
1489 703 1552 726 ουκ
1574 688 1736 733 ἄλλως*
1716 706 1739 736 η
1766 689 1857 728 καθὰ
1894 690 2073 741 νομίζουσι
2105 693 2195 743 Χρι-

1138 747 1290 797 στιανοὶ,
1311 747 1570 798 ἐπιμελέστατά
1592 764 1665 792 πως
1685 749 1796 788 ἐδεῖτο
1815 752 1875 787 τοῦ
1908 750 2079 802 βασιλέως
2098 749 2194 789 Ἰου-

1138 805 1254 845 στίνου
1270 805 1319 857 μὴ
1340 806 1482 853 κινῆσαί
1501 821 1535 844 τι
1554 809 1623 845 τῶν
1640 809 1675 845 ἐν
1699 806 1837 861 κόσμῳ,
1857 810 1891 846 ἐν
1906 810 1954 859 νῷ
1968 824 2005 846 τε
2027 809 2196 861 βαλέσθαι

1137 865 1195 902 τὸν
1215 863 1384 914 πόλεμον,
1407 864 1515 910 οὕτως
1542 865 1671 912 ἄδηλον
1692 872 1842 919 πρᾶγμα
1867 866 1928 905 καὶ
1950 866 2029 905 οὔτε
2046 867 2104 906 ἐπὶ
2129 871 2196 918 ῥη-

1138 926 1208 967 τοῖς
1226 923 1371 962 εἰωθότα
1388 930 1530 977 χωρεῖν.
1553 925 1626 964 Καὶ
1644 924 1697 964 ὅτι
1717 925 1779 973 δὴ,
1798 925 1868 978 εἴγε
1889 924 1980 964 οὕτω
1997 926 2120 979 τύχοι,
2137 927 2198 966 καὶ

1139 982 1359 1035 κρατούντων
1378 983 1584 1034 Ῥωμαίων,
1607 986 1640 1028 ἐς
1659 984 1858 1024 τούναντίον
1876 986 1995 1029 αὐτοῖς
2008 987 2196 1039 περισταίη

1138 1041 1182 1080 τὰ
1203 1045 1264 1089 τῆς
1283 1042 1392 1090 νίκης.
1415 1041 1596 1087 Ἔσιόντες
1615 1042 1682 1094 γὰρ
1709 1046 1742 1087 ἐς
1773 1043 1836 1091 τὴν
1869 1046 2019 1097 Περσῶν
2048 1044 2110 1082 καὶ
2139 1045 2198 1083 ἐπὶ

1141 1100 1349 1153 μικρότατον
1387 1101 1630 1153 (μακρότατον
1670 1103 1775 1151 conj.
1825 1105 1938 1141 Nieb.
1955 1101 1965 1154 )
1999 1103 2199 1156 ὁδοιπορίας

1141 1159 1343 1204 ἐλαύνοντες
1360 1160 1564 1212 εὑρήσουσιν
1581 1160 1739 1204 ἅπαντάς
1756 1177 1795 1213 γε
1811 1161 1853 1208 δή
1867 1177 1935 1200 που
1952 1161 2033 1213 περὶ
2053 1162 2093 1200 τὸ
2108 1166 2197 1201 θεῖον

1141 1219 1204 1256 οὐκ
1218 1218 1350 1266 ἄλλως,
1364 1219 1455 1272 ἤπερ
1470 1219 1590 1270 αὐτὸν,
1603 1219 1865 1264 ἐσπουδακότας
1878 1236 1886 1243 ·
1903 1221 1967 1268 ὡς,
1981 1219 2052 1272 εἴγε
2066 1219 2200 1259 ἕλοιντο

1142 1276 1220 1322 τοὺς
1245 1278 1402 1317 τοιούσδε
1423 1279 1693 1326 ἀποκτιννύναι,
1721 1278 1818 1317 οὐδὲν
1837 1274 1942 1327 ἧττον
1963 1280 2062 1318 αὐτοὶ
2091 1279 2198 1318 πάλιν

1142 1336 1418 1384 ἡττηθήσονται.
1438 1340 1492 1377 Οὔ
1520 1339 1608 1386 δῆτα
1629 1332 1688 1376 οἶν
1707 1337 1822 1390 χρεὼν
1852 1340 1944 1377 κατὰ
1975 1341 2199 1391 Χριστιανῶν

1142 1395 1220 1439 τοὺς
1239 1396 1422 1446 ὁμοδόξους
1452 1396 1568 1447 θήγειν
1601 1396 1646 1435 τὰ
1676 1396 1769 1449 ξίφη.
1794 1397 1900 1437 Ἀλλὰ
1925 1398 1993 1450 γὰρ
2018 1401 2088 1442 τοῖς
2109 1397 2201 1437 οὕτω

1143 1453 1221 1492 λίαν
1254 1455 1398 1504 ὁμαλοῖς
1429 1470 1468 1492 τε
1496 1455 1556 1493 καὶ
1588 1455 1755 1493 ἐπιεικέσι
1785 1455 1899 1507 λόγοις
1930 1456 2117 1501 Ἰουστῖνος
2137 1458 2201 1495 οὐκ

1143 1513 1231 1566 ᾤετο
1250 1516 1380 1566 χρῆναι
1401 1513 1540 1552 ἔσεσθαι
1559 1514 1745 1561 πειθήνιος.
1766 1513 1864 1568 Ἔφη
1883 1514 1943 1564 δὲ,
1962 1517 2025 1562 ὥς,
2043 1517 2114 1567 εἴγε
2129 1531 2202 1553 πα·

1147 1572 1267 1624 ραθείη
1305 1573 1474 1611 δάκτυλον
1514 1571 1596 1624 ἕνα,
1630 1571 1873 1620 κινηθήσεται,
1909 1573 1970 1611 καὶ
2000 1577 2045 1617 ὡς
2075 1575 2108 1617 ἐς
2139 1573 2202 1620 τὴν

1147 1635 1295 1683 Περσῶν
1317 1633 1455 1671 ἐλάσοι·
1475 1633 1613 1685 θαρρεῖν
1631 1648 1686 1680 τε,
1707 1634 1773 1678 ὡς,
1797 1633 1828 1670 εἷ
1856 1632 1942 1685 πρὸς
1961 1633 2114 1683 πόλεμον
2140 1635 2203 1684 ὁρ-

1148 1691 1274 1741 μήσοι,
1295 1692 1438 1729 καθελεῖ
1455 1707 1491 1730 τε
1515 1690 1678 1744 Χοσρόην
1699 1690 1759 1729 καὶ
1780 1690 1883 1733 αὐτὸς
1905 1691 2053 1743 βασιλέα
2081 1707 2208 1744 χειρο-

1146 1750 1286 1797 τονήσοι
1308 1750 1475 1802 Πέρσαις.
1501 1749 1607 1790 Οὕτω
1635 1749 1748 1788 τοίνυν
1778 1749 1946 1804 ὑπερόρια
1976 1749 2082 1789 εἰπὼν
2116 1750 2204 1788 ἀπέ-

1147 1812 1265 1863 πεμψε
1287 1809 1484 1862 Σεὸόχθην.

1207 1887 1223 1902 «
1247 1872 1338 1906 Post
1356 1871 1457 1906 hunc
1479 1872 1603 1906 locum
1625 1877 1838 1919 sequuntur
1864 1871 1905 1906 in
1931 1871 2035 1919 vulg.
2063 1870 2141 1906 duo
2161 1883 2207 1906 ex

1150 1931 1357 1966 Simocatta
1372 1931 1493 1979 petita
1506 1957 1515 1975 ‚
1535 1937 1572 1965 ct
1585 1931 1723 1965 lemma
1743 1929 1782 1966 ἐκ
1801 1931 1863 1975 τῆς
1885 1927 1916 1980 β’
1935 1928 2058 1981 βίὸλου
2071 1958 2082 1979 ,
2099 1930 2208 1979 quod

1151 1990 1200 2025 ad
1219 1989 1383 2026 eundem
1401 1990 1579 2038 pertinet.
1604 2006 1619 2022 »
1631 1991 1826 2025 Nllfflmm.

1151 2164 1190 2194 Et
1213 2163 1265 2194 ille
1281 2162 1411 2203 quidem
1436 2171 1542 2202 regem
1559 2171 1655 2194 suum
1674 2164 1833 2202 accepisse
1858 2161 2041 2202 respondit,
2056 2163 2210 2194 exortum

1151 2214 1315 2254 quendam
1334 2214 1366 2245 in
1384 2214 1438 2246 illa
1461 2215 1627 2254 provincia
1646 2214 1825 2246 tumultum
1838 2238 1847 2254 ,
1864 2213 1969 2245 levem
1982 2214 2014 2245 et
2035 2213 2208 2254 exiguum3

1148 2268 1188 2298 ad
1208 2277 1284 2299 eum
1301 2268 1479 2299 sedandum
1496 2268 1618 2299 misisse
1633 2267 1690 2308 qui
1713 2267 1941 2308 comprimeret
1959 2267 1990 2298 et
2007 2275 2057 2298 res
2074 2266 2208 2307 pristino

1148 2320 1244 2351 statui
1260 2320 1454 2351 restitueret.
1479 2320 1626 2352 Justinus
1641 2328 1718 2351 vero
1733 2320 1839 2359 palam
1858 2318 1961 2358 dixit,
1978 2327 2012 2350 se
2025 2321 2210 2351 Persarme-

1150 2373 1236 2411 uios,
1264 2373 1318 2413 qui
1338 2382 1356 2404 a
1378 2373 1482 2405 Persis
1498 2373 1709 2412 defecissent,
1730 2373 1763 2404 in
1776 2372 1872 2403 fidem
1887 2372 2090 2412 tutelamque
2115 2381 2209 2404 suam

1150 2426 1304 2466 recepisse
1314 2451 1322 2466 ,
1337 2435 1443 2467 neque
1459 2426 1486 2459 si
1503 2427 1577 2467 quis
1593 2435 1647 2458 eos
1659 2426 1777 2466 injuria
1791 2425 1956 2465 afficeret,
1969 2426 2208 2466 neglecturum,

1149 2481 1267 2519 quippe
1281 2479 1336 2519 qui
1353 2479 1486 2518 eadem,
1505 2487 1580 2519 qnae
1592 2478 1676 2518 ipse,
1698 2478 1738 2510 de
1754 2478 1905 2517 religione
1923 2478 2089 2509 sentirent.
2110 2478 2209 2510 Sebo-

1150 2531 1263 2562 clitlies
1278 2532 1400 2570 autem,
1412 2530 1467 2571 qui
1483 2530 1568 2570 apud
1583 2533 1695 2562 Persas
1708 2529 1879 2570 prudentia
1895 2530 2092 2570 excellebat,
2107 2538 2208 2570 quum

1151 2583 1301 2621 eandem,
1316 2592 1415 2624 quam
1429 2582 1621 2622 Christiani,
1637 2583 1677 2614 de
1688 2582 1840 2622 religione
1854 2582 2038 2622 opinionem
2054 2582 2185 2614 liaberet
2196 2606 2205 2622 ,

1151 2636 1248 2666 etiam
1259 2636 1357 2675 atque
1367 2634 1465 2667 etiam
1478 2635 1686 2666 vehementer
1696 2636 1713 2666 J
1718 2634 1860 2666 ustinum
1872 2634 2001 2673 orabat,
2016 2643 2056 2666 ne
2070 2642 2120 2673 ea,
2135 2642 2209 2674 quae

1151 2696 1184 2719 se
1198 2687 1279 2718 bene
1297 2687 1470 2725 haberent,
1486 2687 1649 2724 moveret,
1665 2687 1697 2717 et
1716 2687 1753 2717 ut
1770 2685 1916 2717 animum
1939 2685 2124 2725 induceret,
2145 2685 2211 2717 bel·

1154 2741 1220 2771 lum
1237 2749 1304 2772 esse
1331 2749 1399 2772 rem
1418 2740 1510 2772 valde
1537 2740 1694 2771 incertam
1711 2748 1816 2780 neque
1838 2739 1935 2770 certis
1958 2739 2080 2779 legibus
2100 2739 2210 2771 fluere.

1153 2792 1275 2830 Quodsi
1295 2794 1375 2824 i'orte
1394 2793 1522 2824 fortuna
1541 2792 1759 2832 contingeret,
1778 2792 1815 2822 ut
1840 2790 1976 2822 Romani
1995 2790 2129 2822 victoria
2151 2800 2210 2832 po·

1152 2845 1302 2885 tirentur,
1321 2845 1419 2885 ipsam
1434 2844 1601 2876 victoriam
1616 2843 1749 2876 fortasse
1769 2844 1802 2874 in
1826 2842 2026 2874 contrarium
2048 2851 2209 2876 casuram.

1155 2898 1280 2928 Etenim
1298 2893 1352 2937 qui
1371 2898 1543 2928 Persarum
1565 2895 1724 2934 regionem
1740 2895 1789 2926 vel
1805 2894 1987 2935 longissimo
2006 2894 2118 2926 itinere
2135 2903 2211 2935 cog·

1153 2949 1320 2988 noverint,
1344 2957 1398 2980 eos
1426 2948 1630 2988 compertum
1661 2947 1796 2986 habere,
1830 2955 1943 2978 omnes
1965 2955 2029 2978 non
2056 2947 2120 2978 alio
2147 2946 2209 2979 ritu

1154 3001 1340 3041 religionem
1352 3026 1360 3039 ‚
1386 3009 1485 3041 quam
1496 3000 1565 3041 ipse
1579 3000 1663 3031 colat
1673 3024 1681 3039 ,
1695 3000 1802 3031 colere
1817 3000 1849 3031 et
1860 2999 2022 3040 amplecti.
2042 3001 2108 3032 Hos
2121 3000 2146 3031 si
2160 3009 2211 3031 00.

1154 3053 1260 3085 cidere
1272 3054 1488 3093 susceperint,
1505 3052 1714 3084 nihilominus
1730 3052 1839 3092 postea
1856 3051 1931 3091 ipsis
1948 3051 2116 3082 inferiores
2130 3052 2208 3083 sore.

1131 3122 1133 3125 ·
1157 3105 1291 3137 Proinde
1306 3104 1421 3143 injuste
1434 3113 1488 3136 eos
1504 3105 1617 3135 contra
1633 3103 1779 3135 homines
1799 3103 1911 3135 eadem
1925 3112 1999 3134 cum
2022 3103 2211 3135 Christianis

1155 3159 1304 3198 religione
1327 3160 1455 3189 utentes
1477 3166 1568 3190 enses
1593 3166 1661 3189 esse
1685 3157 1864 3189 stricturos.
1892 3157 1948 3188 His
1970 3157 2036 3188 tam
2061 3156 2161 3196 aequis
2179 3156 2212 3187 et

1155 3210 1280 3241 lenibus
1306 3209 1510 3241 sermonibus
1535 3211 1683 3241 Justinus
1707 3209 1839 3240 minime
1854 3207 1914 3240 sibi
1939 3207 2209 3248 acquiescendum

1155 3262 1370 3301 existimavit,
1389 3261 1445 3294 sed
1465 3261 1566 3301 dixit,
1585 3261 1710 3294 etiamsi
1727 3270 1828 3292 unum
1858 3260 1994 3300 digitum
2019 3259 2210 3299 apponeret,

1156 3324 1189 3346 se
1197 3314 1432 3355 expeditionem
1446 3316 1673 3355 suscepturum
1681 3316 1712 3346 et
1724 3314 1883 3346 Persidem
1893 3314 2091 3343 invasurum.
2107 3310 2210 3342 Confi-

1157 3366 1232 3398 dere
1248 3375 1300 3405 se,
1315 3366 1341 3398 si
1360 3366 1393 3397 in
1411 3366 1530 3398 bellum
1552 3366 1713 3406 eruperit,
1728 3366 1905 3397 chosroem
1925 3363 1964 3395 de
1981 3363 2086 3394 medio
2103 3362 2210 3394 subla-

1158 3419 1288 3457 turum,
1312 3419 1344 3449 et
1362 3427 1466 3457 regem
1493 3417 1594 3449 Persis
1617 3418 1783 3449 daturum.
1805 3416 1853 3448 Ad
1878 3416 1964 3447 bunc
1977 3413 2110 3446 modum
2130 3413 2210 3444 inso-

1160 3471 1263 3503 lenter
1288 3471 1432 3510 loc-utus‚
1449 3471 1650 3504 Seboclithen
1666 3470 1798 3502 missum
1824 3468 1910 3500 fecit.
