2372 3704
164 255 238 289 656

162 335 306 389 γράφων
320 332 439 378 οὕτως·
456 351 471 368 α
489 332 622 373 Διελὼν
639 332 676 372 δὲ
692 331 754 380 τὴν
771 332 875 371 πόλιν
888 332 1028 376 Ἀλεύας
1041 331 1139 377 ἔταξε
1152 331 1212 370 καὶ

162 395 221 433 τὸν
242 395 370 444 κλῆρον
398 391 565 446 παρέχειν
586 391 777 443 ἑκάστους,
803 390 931 434 ἱππέας
955 389 1018 441 μὲν
1037 389 1211 443 τεσσαρά-

163 469 290 501 κοντα,
312 452 511 496 πελταστὰς
535 451 611 503 (sic
627 453 762 490 Cobet.
781 465 853 500 pro
874 450 1019 493 ὁπλίτας
1038 455 1122 489 cod.
1147 450 1157 500 )
1175 449 1212 487 δὲ

164 504 493 563 6y3075x0vw.³}1v
513 509 549 549 δὲ
570 512 593 557 ἡ
615 509 726 557 πέλτη
747 507 852 552 ἀσπὶς
870 507 945 546 ἴτυν
965 509 1030 560 οὐχ
1060 507 1212 560 ἔχουσα,

164 570 252 622 [οὐδ’
257 575 269 618 ]
287 571 503 636 ἐπίχαλκος,
523 568 601 607 οὐδὲ
621 568 716 621 βοος,
736 569 813 606 ἀλλ’
834 566 930 618 αἰγὸς
950 566 1096 634 δέρματι
1113 581 1212 618 περικ-

163 622 352 674 τεταμένη·
373 622 433 662 καὶ
463 621 647 675 τριακόντα
670 623 681 671 (
703 623 755 659 sic
785 621 887 659 cod.-
879 619 992 673 ,τρία
1019 619 1209 667 ἀκόντιαΐ)

164 681 188 729 ἢ
224 696 358 732 μακρον
394 680 474 734 δόρυ
498 681 625 724 πάντες
655 679 814 732 ἐφόρουν,
846 680 864 716 ὃ
882 677 1019 730 σχέδιον
1040 678 1211 716 ἐκαλεῖτο.

120 755 129 761 -
165 742 307 779 Eadem
320 769 331 788 ‚
361 742 517 778 laudato
554 741 776 787 Aristotele,
817 738 884 775 sed
911 739 1046 774 omissa
1088 738 1214 786 operis

163 802 372 846 mentione,
387 801 502 836 habes
518 811 580 848 ap.
599 799 719 834 schol.
737 799 884 835 Platon.
907 811 947 847 p.
965 795 1038 841 453
1053 796 1212 833 Bekker.

165 860 287 896 Porro
316 872 361 896 ex
381 859 516 896 eodem
543 857 754 893 Aristotelis
778 858 865 892 loco
887 861 1097 904 propagata
1115 859 1214 898 sunt,

167 930 250 966 quae
259 919 305 955 de
317 918 421 966 pelta
429 917 571 953 habent
581 915 801 962 Hesychius,
814 915 981 959 Photius,
991 912 1137 957 Suidas‚
1151 912 1213 947 Ti-

165 990 279 1013 maeus
291 978 383 1014 Lex.
399 977 491 1013 Plat.
507 988 548 1024 p.
561 986 605 1010 21
618 986 631 1009 1
643 975 755 1022 ‚Lex.
775 973 891 1009 Bekk.
909 974 985 1009 An.
1007 984 1046 1020 p.
1069 983 1159 1020 297,
1177 983 1213 1019 9.

218 1034 313 1084 Pag.
328 1035 415 1079 151,
428 1035 472 1070 sr.
489 1034 572 1076 146.
589 1054 637 1060 -
654 1035 805 1067 Aminei
818 1031 984 1067 Thessali
995 1030 1085 1067 fort.
1098 1029 1215 1065 iidem

166 1102 253 1130 sunt
269 1095 335 1142 qui
362 1106 423 1142 ap.
450 1092 579 1141 Steph.
600 1093 689 1139 Byz.
721 1088 894 1140 Ἀμυμνοι
910 1091 971 1126 vel
990 1087 1214 1139 Ἀμυμναῐοι,

166 1151 259 1195 ἔθνος
282 1148 760 1202 Ἤπειρο1τικόν,νο011111111.

220 1210 311 1261 I’ag.
340 1224 426 1258 171.
447 1231 500 1238 —-
524 1210 584 1246 Ad
607 1221 649 1245 ea
671 1221 754 1257 quae
789 1208 836 1244 de
854 1207 954 1243 libro
983 1204 1216 1254 Δικαιώματα

166 1267 302 1307 πόλεων
321 1271 501 1318 inscripta
525 1268 706 1314 diximus,
730 1267 827 1303 adde
846 1268 973 1303 locum
989 1268 1101 1303 Joan.
1124 1266 1215 1302 Gal-

165 1331 276 1367 lensis
297 1330 405 1379 (ord.
427 1328 472 1365 fr.
490 1328 630 1363 minor.
653 1328 692 1362 in
711 1327 861 1375 Anglia,
880 1339 962 1364 saec,
984 1338 1070 1370 xxv,
1095 1325 1159 1372 qni
1178 1336 1217 1359 se

167 1391 282 1426 vitam
304 1387 517 1426 Aristotelis
535 1399 556 1423 e
575 1399 698 1435 graeco
720 1386 950 1422 transtulisse
975 1383 1156 1432 affirmat)
1177 1384 1217 1419 in

167 1450 323 1485 Summa
354 1449 401 1483 cle
435 1449 618 1494 regimine
654 1448 743 1481 vitoe
780 1445 957 1480 humanae
996 1442 1214 1492 (Lugduni,

169 1521 229 1545 an.
250 1507 317 1544 151
330 1520 361 1555 1,
384 1518 470 1554 cap.
485 1505 524 1550 6,
542 1505 608 1541 sol.
625 1504 697 1540 166
712 1510 802 1542 rect.
819 1503 830 1553 )
853 1516 861 1541 ε
885 1503 1098 1552 Composuit
1110 1501 1120 1551 (
1132 1503 1217 1538 Ari-

168 1563 341 1615 stoteles)
358 1569 516 1613 scriptas
529 1560 629 1599 abeo
641 1563 930 1612 justificationes
943 1574 1152 1609 grmcarum
1170 1564 1218 1597 ci-

170 1629 336 1668 vitatum,
363 1625 493 1672 quihus
509 1623 703 1671 Philippus
718 1623 801 1657 lites
820 1623 1031 1657 Groecormn
1048 1622 1219 1657 determi-

169 1686 303 1722 nabat.
322 1684 460 1720 Attulit
474 1683 575 1718 hunc
588 1683 715 1718 locum
731 1679 1005 1717 Hiillemannus
1016 1681 1054 1715 in
1068 1681 1218 1716 Staats-

170 1744 277 1780 recht
291 1744 356 1778 des
375 1737 605 1778 Altertlmm‘s
630 1753 668 1788 p.
702 1750 796 1787 1223
816 1751 885 1786 ego
916 1738 1035 1774 debeo
1066 1739 1218 1775 Schnei-

173 1801 339 1846 dewino,
364 1801 431 1848 qui
449 1799 580 1835 citavit
594 1799 674 1834 haec
695 1798 733 1832 in
753 1796 945 1833 Heraclid.
965 1796 1046 1835 Pol.
1064 1810 1105 1846 p.
1122 1810 1219 1843 xvn,

172 1860 319 1896 addens
333 1860 412 1895 haec
434 1871 443 1894 :
465 1874 479 1889 α
500 1859 668 1894 Rectene
687 1854 930 1891 lltillemanus
948 1867 994 1891 cx
1007 1856 1079 1891 illis
1095 1857 1221 1892 verbis

173 1920 367 1968 collegerit
384 1918 603 1966 Philippum
629 1914 884 1951 Macedonum
901 1915 940 1949 in
959 1914 1129 1950 secandis
1147 1915 1220 1950 liti-

171 1978 242 2014 bus
272 1979 464 2013 civitatum
489 1987 697 2025 graecarum
728 1974 939 2010 Aristotelis
965 1986 1081 2022 opere
1112 1987 1221 2009 usum

172 2050 250 2074 esse
267 2037 371 2073 haud
392 2036 501 2071 facile
523 2034 680 2079 dixeris,
707 2040 745 2069 et
764 2039 820 2068 est
844 2045 912 2068 cur
935 2032 982 2069 de
1003 2045 1049 2068 eo
1070 2033 1223 2071 dubite—

172 2103 235 2132 tur
257 2107 266 2134 :
290 2095 385 2131 illud
408 2101 511 2130 recte
537 2094 666 2142 posuit
692 2103 701 2130 :
730 2108 745 2124 «
769 2090 1002 2128 Aristoteles’
1021 2092 1139 2128 Werk
1158 2092 1224 2127 hat

172 2167 251 2190 von
268 2155 340 2191 den
356 2153 681 2190 licrkommliclien
705 2152 984 2200 gegenseitigen
1001 2150 1223 2187 Gerechtsa-

172 2226 262 2250 men
290 2213 358 2248 der
380 2211 639 2261 griechischen
660 2211 810 2247 Staaten
829 2209 1048 2258 gehandelt‚
1077 2213 1141 2245 aus
1164 2209 1224 2245 die

174 2273 226 2308 sie
245 2273 324 2308 sich
338 2272 457 2307 sehon
471 2270 601 2306 sriiher
618 2271 656 2304 in
676 2269 784 2304 ihren
798 2268 1079 2316 Streitigkeiten
1097 2280 1143 2302 zu
1154 2268 1224 2303 be-

175 2331 286 2367 rufen
312 2329 478 2379 psscgten
509 2328 705 2379 (Thucyd.
727 2329 744 2363 Ι
760 2354 770 2372 ,
800 2326 922 2376 41).»
951 2326 1098 2362 Eodem
1117 2338 1226 2362 sensu

176 2403 247 2439 ego
265 2401 419 2437 quoque
440 2388 487 2424 de
504 2394 724 2436 argumento
744 2386 855 2433 liujus
870 2386 958 2421 libri
974 2386 1100 2424 statui.

232 2447 327 2495 Pag.
352 2446 438 2492 185,
464 2446 599 2494 fragm.
624 2458 698 2492 272
718 2458 753 2482 a.
771 2465 822 2472 -——
839 2446 1095 2493 Harpocratio
1108 2458 1147 2482 v,
1166 2446 1226 2483 Δι-

182 2503 515 2554 δάσκαλοςκἸδίως
543 2502 773 2545 διδασκάλους
803 2501 944 2551 λέγουσι
973 2501 1050 2544 τοὺς
1081 2501 1228 2549 ποιητὰς

179 2566 249 2601 τῶν
267 2558 493 2615 διθυράμὸων
513 2561 536 2608 ἢ
562 2564 630 2600 τῶν
651 2561 844 2612 κωμῳδιῶν
867 2558 890 2606 ἢ
916 2562 985 2598 τῶν
1007 2562 1224 2613 τραγῳδιῶν.

180 2621 347 2674 Ἀντιφῶν
371 2623 404 2660 ἐν
423 2623 473 2673 τῷ
491 2619 579 2670 Περὶ
595 2623 653 2657 τοῦ
669 2622 834 2672 χορευτοῧ
858 2621 868 2668 (
885 2620 906 2668 §
927 2633 940 2655 1
954 2633 967 2656 1
986 2619 996 2668 )
1021 2637 1036 2652 «ι
1052 2617 1227 2671 Ἔλαχον,

181 2680 288 2733 φησὶ,
309 2679 521 2719 Παντακλέα
552 2677 774 2716 διδάσκαλον.
795 2696 811 2711 n
830 2675 917 2716 “O-tt
935 2675 1003 2729 γὰρ
1034 2678 1052 2714 ὁ
1079 2679 1227 2716 Παντα-

182 2741 272 2788 κλῆς
291 2738 458 2787 ποιητὴς,
493 2738 686 2785 δεδήλωκεν
718 2736 956 2790 Ἀριστοτέλης
973 2739 1007 2775 ἐν
1027 2743 1102 2781 ταῖς
1122 2739 1228 2776 Διδα·

183 2798 354 2842 σκαλίαις.
377 2799 436 2838 Cf.
455 2800 635 2848 Steplian.
658 2800 746 2846 Byz.
771 2796 947 2843 Ἀτήνη,
969 2796 1077 2846 δῆμος
1098 2796 1228 2835 Ἀντιο-

183 2857 280 2909 χίδος
314 2860 471 2910 φυλῆς...
500 2857 549 2896 ‘O
580 2855 736 2906 ’δημότης
769 2854 941 2902 Ἄτηνεύς,
970 2871 985 2888 α
1022 2857 1230 2907 Πατροκλῆς

185 2915 344 2962 Ἀτηνεὺς
362 2915 522 2969 ἐχορήγει
539 2915 597 2954 καὶ
616 2915 827 2961 Παντακλῆς
845 2931 861 2949 υ
873 2946 882 2962 ,
904 2928 986 2964 quae
1013 2918 1229 2965 Harpocra-

186 2978 300 3012 tionis
325 2989 398 3025 ope
434 2977 485 3011 sic
519 2976 683 3012 restituit
713 2975 919 3011 Meinekius
946 2976 985 3010 in
1013 2976 1109 3011 Hist.
1143 2977 1227 3014 crit.

187 3048 285 3072 com.
308 3049 348 3084 p.
372 3036 394 3071 6
416 3047 426 3073 t
452 3035 568 3085 Πατρ.
593 3033 643 3072 Ἀ.
667 3031 850 3084 ἐχορήγει,
875 3037 886 3079 [
905 3032 1095 3084 Ἀντιοχὶς]
1115 3032 1230 3080 ἐνίκα,

188 3093 401 3138 Παντακλῆς
417 3092 431 3143 [
446 3091 622 3130 ἐδίδασκεν
634 3096 661 3138 ].
679 3094 854 3128 Ceterum
869 3093 915 3128 de
931 3093 1231 3130 Didascaliorum

187 3153 335 3188 ratione
355 3152 440 3188 vide
457 3163 538 3199 quae
551 3159 638 3199 post
656 3151 923 3187 Casaubonum
941 3151 991 3187 ad
1008 3152 1139 3190 Athen.
1158 3154 1206 3189 VI
1221 3179 1230 3197 ‚

187 3224 227 3260 p.
239 3210 314 3247 235
327 3240 337 3260 ,
353 3213 396 3258 Ε,
418 3218 454 3246 et
468 3211 686 3248 Fabricium
701 3211 738 3245 in
750 3212 792 3248 B.
811 3210 878 3248 Gr.
893 3212 1003 3260 11,p.
1023 3211 1231 3257 288Ha1-1.,

189 3271 364 3319 exposuit
379 3270 576 3306 Boeckhius
596 3270 633 3304 in
655 3270 696 3308 C.
713 3272 829 3308 Inscr.
849 3271 895 3309 N.
915 3283 992 3319 229
1005 3298 1014 3316 ‚
1037 3273 1074 3318 Ι,
1090 3283 1129 3319 p.
1158 3271 1233 3308 350

190 3342 266 3378 sq..
289 3337 327 3365 et
341 3329 551 3365 Mcinekius
570 3329 595 3366 l.
615 3329 638 3365 l.

244 3387 334 3436 Pag.
358 3388 428 3424 186
441 3415 451 3432 ,
468 3388 690 3435 ΐι’.274,1111.
710 3401 745 3424 2.
771 3411 815 3417 —
828 3390 871 3425 In
887 3390 1012 3425 latinis
1030 3389 1111 3438 lege
1133 3403 1139 3426 :
1160 3391 1234 3427 Ne-

193 3450 267 3484 leus
288 3449 318 3484 C
320 3449 402 3484 odri
409 3448 534 3495 filius.

875 244 1120 298 ADDENDA
1148 244 1212 284 ET
1241 243 1574 285 CORRIGENDA

1323 332 1371 372 P.
1408 346 1495 382 190.
1526 354 1578 360 —
1595 332 1656 370 Ad
1673 332 1931 382 mythologica
1948 333 2159 370 Aristotelis
2189 334 2316 372 nescio
2352 323 2361 369 s

1273 390 1396 438 cujus,
1411 391 1509 428 adde
1527 391 1646 428 schol.
1665 393 1745 428 Vat.
1762 392 1895 439 Eurip
1916 391 2029 429 Rhes.
2049 391 2125 428 28:
2142 390 2269 435 Διττὰς
2282 390 2319 430 δὲ

1272 447 1335 492 τὰς
1354 447 1562 508 Εὐρώπας’
1543 446 1802 500 αναγράφουσιν
1816 447 1909 486 ἔνιοι·
1928 463 2011 497 μιαν
2028 448 2090 499 μὲν
2108 447 2318 498 Ωκεανίδα,

1273 506 1332 558 ἀφ’
1352 509 1392 552 ἡς
1402 505 1467 543 καὶ
1488 504 1526 542 τὸ
1541 503 1577 542 ἓν
1581 491 1694 572 ..με-ἶρις
1705 509 1765 552 τῆς
1782 507 1924 557 οἷκουμε
1910 506 1988 554 ’νης
2002 510 2188 555 κληθῆναι,
2205 509 2320 548 καθά·
2354 499 2355 502 ¹

1273 579 1339 615 περ
1352 563 1479 602 Ἀπίων
1495 564 1528 600 ἐν
1543 579 1614 607 τοις
1629 564 1718 614 Περι
1735 565 1927 616 ἐπωνύμων
1941 581 2001 604 και
2013 568 2050 606 Ἀ
2063 565 2322 618 ριστοτέλης

1274 623 1308 659 ἐν
1325 621 1454 674 πρώτῳ
1474 623 1534 667 τῆς
1561 621 1760 671 Θεογον’
1750 637 1834 669 ιας,
1855 622 1975 676 ἑτέραν
1993 621 2029 662 δὲ
2050 624 2235 664 Φοινικίαν
2259 624 2321 664 καὶ

1274 679 1466 732 Ἀγήνορος.

1327 739 1422 789 Pag.
1450 740 1524 789 198
1536 755 1576 787 α,
1591 747 1692 786 not.,
1708 741 1776 780 lin.
1794 745 1857 784 14.
1876 761 1930 769 —-
1945 742 2022 778 Pro
2033 742 2251 780 architectus
2260 746 2326 782 ille

1274 799 1345 847 leg.
1366 800 1415 835 ab
1437 800 1637 836 architecto
1655 800 1732 836 illo.

1328 856 1420 907 Pag.
1453 871 1549 904 201,
1570 870 1608 903 a,
1632 859 1698 895 lin.
1734 871 1794 904 17.
1817 879 1869 885 ——
1888 859 1980 895 Cum
2005 859 2138 896 codice
2159 862 2325 900 Parisino
2357 887 2360 891 ·

1280 929 1294 951 1
1303 915 1378 963 657
1392 917 1683 966 componendus
1694 924 1748 952 est
1761 916 1883 952 codex
1893 919 2208 965 Escorialensism,
2218 921 2252 965 1,
2265 933 2282 956 1
2292 933 2326 968 1,

1276 975 1314 1010 in
1334 988 1411 1023 quo
1434 975 1656 1012 Politiarum
1673 975 1885 1024 fragmenta
1901 982 2079 1024 tanquam
2098 990 2187 1027 pars
2205 980 2326 1016 Varia
2352 974 2354 976 V

1275 1034 1362 1072 hist.
1381 1035 1518 1071 AEliani
1535 1035 1771 1072 exhibentur.
1787 1034 1933 1070 Titulus
1943 1043 2026 1074 est·
2043 1033 2111 1075 Ἐκ
2127 1038 2194 1074 τῶν
2211 1035 2327 1090 Ἡρα..

1276 1091 1422 1130 κλείδων
1453 1093 1557 1143 (sic)
1579 1107 1658 1144 περι
1680 1091 1839 1135 πολιτίας
1864 1092 2066 1139 ’.Αθηναίων
2088 1096 2234 1143 Quibus
2253 1097 2329 1135 ad·
2355 1092 2372 1172 ᾗ

1276 1152 1364 1187 (111ςί
1388 1154 1529 1202 possis,
1548 1160 1591 1188 ut
1609 1165 1725 1201 unam
1751 1152 2035 1189 Atheniensium
2063 1155 2238 1192 Politiam
2252 1157 2329 1195 He-
2362 1173 2372 1221 ἓ

1276 1211 1428 1247 raclidae
1439 1212 1597 1247 Pontico
1608 1195 1878 1247 vindicandam
1889 1219 2011 1259 putes.
2022 1209 2197 1250 Cetei-um
2208 1215 2330 1254 codex

1278 1271 1408 1308 Escor.
1432 1268 1573 1318 (quem
1598 1270 1721 1306 scriba
1751 1270 1791 1304 in
1814 1270 1996 1318 Hispania
2013 1271 2176 1308 absolvit
2194 1273 2256 1310 die
2271 1285 2330 1311 ιιι
2358 1267 2364 1289 ⁴⁷

1276 1330 1402 1365 Martii
1423 1341 1483 1367 an.
1504 1328 1602 1373 1543
1619 1328 1629 1377 )
1649 1329 1818 1365 Parisino
1838 1328 2012 1375 inferior,
2031 1342 2102 1367 nec
2119 1331 2331 1382 quidquam
2352 1333 2359 1347 ⁵

1277 1388 1390 1424 habet
1406 1387 1513 1436 quod
1530 1389 1677 1424 enotari
1692 1395 1895 1427 mereatur.
2354 1336 2372 1444 ἰ

1331 1445 1425 1496 Pag.
1445 1446 1612 1492 216,1”1·.
1635 1460 1702 1493 11,
1725 1447 1747 1495 g
1769 1460 1806 1485 2,
1832 1469 1881 1475 —-
1900 1449 1988 1484 Haec
2016 1460 2094 1497 quo
2117 1445 2372 1524 11011111οωῑῇ

1278 1505 1461 1541 docemur
1489 1506 1636 1541 Nicolai
1654 1505 1863 1554 fragmento
1885 1504 1934 1542 53
1965 1505 2078 1554 (Exc.
2094 1508 2152 1543 De
2169 1508 2280 1545 insid.
2301 1507 2372 1560 ).

1331 1563 1426 1613 Pag.
1449 1577 1535 1608 222,
1560 1564 1607 1600 fr.
1625 1565 1687 1602 31.
1705 1564 1882 1603 —Conf.
1901 1578 1984 1613 quae
1997 1566 2132 1602 similia
2149 1566 2197 1603 de
2211 1567 2332 1604 muri·
2360 1546 2372 1602 ²

1278 1623 1375 1659 bus
1368 1636 1406 1658 111
1423 1623 1576 1671 Gyara'
1567 1635 1636 1659 ms.
1659 1630 1788 1659 narrat
1804 1624 1983 1672 Antigon.
2001 1625 2139 1662 Mirab.
2159 1637 2194 1661 0.
2213 1639 2277 1665 21.
2355 1604 2372 1676 ,ξ

1332 1681 1425 1731 Pag.
1443 1682 1534 1731 239,
1554 1682 1600 1720 sr.
1633 1695 1674 1718 11
1702 1695 1739 1718 a.
1769 1705 1817 1711 —-—
1841 1683 1967 1721 Schol.
1984 1685 2113 1723 Venet.
2136 1684 2177 1719 in
2179 1686 2330 1754 mEurip.
2355 1645 2372 1763 ξ

1280 1739 1786 1813 Α11(110111.1;Δικαίαρχός
1806 1755 1910 1792 φησιν
1935 1741 2086 1792 ἐνθάδε(
2075 1743 2138 1792 (ἐν
2157 1745 2200 1795 τῇ
2221 1743 2331 1796 Θηὸῃ

1281 1797 1494 1851 ’Υπλακίῳ)
1517 1798 1741 1850 ἄπόσπασμά
1759 1815 1793 1837 τι
1817 1798 1905 1848 μετὰ
1924 1803 1984 1837 τοῦ
2002 1799 2153 1850 Κάδμου
2174 1802 2329 1848 οἰκῆσαι.
2364 1798 2372 1839 i

1333 1857 1426 1907 Pag.
1447 1857 1543 1905 245,
1562 1859 1608 1895 fi.
1636 1859 1706 1904 31,
1728 1860 1767 1895 in
1784 1860 1929 1906 latinis,
1950 1860 2015 1898 lin.
2037 1865 2059 1904 4
2084 1861 2132 1897 ab
2155 1862 2222 1900 ult.
2227 1875 2331 1912 ,pro
2367 1851 2372 1872 ““

1283 1917 1478 1953 Crotonem
1494 1918 1574 1966 lege
1591 1918 1866 1966 [Metapontum.

1336 1974 1428 2025 Pag.
1453 1974 1530 2012 255
1543 2003 1553 2021 ,
1576 1976 1621 2014 fr.
1641 1975 1703 2024 59,
1718 1976 1741 2025 ἓ
1758 1989 1779 2012 2
1798 1983 1894 2012 extr.
1910 1996 1964 2004 —
1978 1978 2121 2014 Vocem
2140 1975 2332 2030 ἀνθρώπων

1285 2033 1296 2083 (
1313 2033 1402 2093 ἀνῳν
1417 2035 1457 2070 in
1476 2034 1591 2072 codd.
1608 2035 1725 2071 scribi
1748 2036 1868 2084 solet)
1889 2046 1967 2070 non
1987 2035 2186 2086 glossema,
2203 2037 2271 2075 sed
2287 2050 2335 2076 ex

1283 2107 1320 2131 v.
1343 2094 1431 2130 εἶναι
1452 2101 1575 2130 ortam
1590 2106 1668 2130 0550
1678 2101 1787 2142 puto,

1338 2150 1434 2201 Pag.
1451 2153 1527 2188 260
1547 2166 1572 2188 α
1585 2181 1595 2200 ,
1615 2154 1654 2188 in
1669 2161 1750 2191 not.
1766 2154 1834 2189 lin.
1860 2165 1905 2189 12
1923 2153 1970 2189 ab
1984 2153 2074 2190 ima.
2096 2174 2147 2182 -—
2161 2155 2262 2204 Lege
2275 2167 2334 2193 vo-

1285 2224 1364 2247 cem
1381 2213 1482 2247 nude
1498 2215 1676 2260 positam.

1339 2269 1431 2319 Pag.
1454 2271 1528 2306 263
1542 2299 1551 2316 ,
1566 2271 1612 2309 fr.
1631 2271 1677 2307 61
1699 2271 1781 2306 init.
1801 2292 1854 2298 --
1867 2271 2098 2319 Corruptum
2113 2271 2213 2308 istud
2223 2270 2336 2321 στᾶμ·
2366 2298 2372 2314 ·.

1286 2341 1354 2364 που
1377 2330 1505 2365 nescio
1526 2341 1574 2365 an
1605 2330 1720 2365 suerit
1746 2327 1930 2380 Στύμφου.
1961 2330 2071 2366 Certe
2092 2327 2244 2382 Στύμφη
2274 2332 2336 2369 vel

1287 2384 1419 2437 Τύμφη
1456 2401 1563 2424 1110115
1594 2389 1633 2424 in
1660 2388 1875 2436 Thessalia,
1905 2388 2012 2436 Epiri
2045 2395 2083 2424 et
2107 2389 2337 2427 Macedoniae
2359 2387 2372 2435 3

1287 2445 1461 2482 confiniis
1481 2448 1573 2483 situs
1602 2454 1677 2496 est,
1699 2448 1916 2495 optimeque
1941 2458 1988 2483 00
2014 2447 2196 2484 terminus
2213 2449 2339 2485 notari
2363 2457 2372 2484 ἐ

1286 2506 1425 2553 potuit.
1446 2507 1595 2542 Nomen
1617 2507 1692 2541 hoc
1708 2506 1812 2541 varie
1838 2506 1879 2541 in
1897 2505 2003 2541 libris
2019 2512 2242 2556 corruptum
2267 2514 2322 2544 δὲ

1288 2564 1380 2601 Vide
1394 2565 1531 2601 Strabo
1545 2567 1630 2610 Vll,
1643 2578 1683 2614 p.
1704 2565 1779 2601 326
1795 2578 1883 2601 011111
1896 2572 1980 2603 not.
1994 2565 2177 2612 Crameri,
2187 2567 2337 2606 Arrian.
2362 2563 2367 2591 Ῑ

1287 2623 1412 2662 Anab.
1434 2625 1466 2667 Ι,
1487 2637 1523 2670 7.

1342 2680 1435 2730 Pag.
1457 2682 1554 2728 286,
1584 2682 1631 2718 ad
1655 2681 1700 2720 fr.
1731 2681 1797 2725 64.
1819 2702 1874 2710 -
1900 2680 2010 2718 Adde
2034 2682 2211 2730 Hesych.:
2244 2682 2338 2721 Κλε-

1289 2737 1452 2790 ψίαμὸοι·
1471 2738 1719 2791 Ἀριστόξενος,
1739 2738 1828 2788 μέλη
1847 2737 1925 2776 τινὰ
1945 2740 2033 2790 παρ’
2047 2738 2228 2790 Ἀλκμᾶνι.
2362 2755 2372 2781 ··,

1343 2798 1388 2834 Ρ.
1412 2804 1486 2847 294
1503 2812 1537 2842 (ι,
1565 2801 1646 2835 init.
1667 2820 1718 2827 —
1734 2799 1902 2835 'situlum
1929 2799 1982 2834 sic
2000 2799 2082 2848 lege
2101 2810 2111 2838 ε
2146 2799 2338 2839 ΠΡΥΤΑ·

1291 2857 1412 2895 ΝΕΙΣ
1445 2858 1688 2896 ΕΦΕΣΙΩΝ.

1345 2916 1437 2965 Pag.
1463 2917 1553 2961 301,
1572 2917 1621 2953 ad
1650 2917 1697 2952 sr.
1722 2920 1785 2958 4ο.
1816 2916 1919 2951 -Ε
1953 2915 2102 2952 Phaniae
2131 2916 2230 2953 libro
2250 2915 2340 2969 Περὶ
2369 2942 2372 2943 ⁷

1291 2976 1443 3020 ποιητῶν
1471 2983 1685 3024 propagata
1705 2975 1818 3010 etiam
1842 2986 1886 3010 ea
1907 2974 2069 3019 fuerint,
2088 2986 2170 3022 quae
2204 2975 2340 3013 codem
2368 3006 2369 3009 ,

1291 3035 1378 3070 1000
1410 3035 1624 3070 Eustathius
1656 3046 1676 3069 0
1702 3034 1874 3068 Timolao
1903 3031 1993 3080 (qui
2011 3033 2191 3070 Phaniam
2210 3040 2340 3071 testem
2369 3048 2372 3049 ⁷

1292 3093 1515 3142 adduxerit)
1546 3094 1714 3129 narravit
1730 3093 1775 3129 de
1791 3093 2015 3128 Demodoco
2037 3100 2074 3129 et
2092 3093 2140 3129 de
2169 3094 2337 3140 Phemio,

1293 3167 1458 3203 quorum
1489 3154 1551 3189 illc
1577 3154 1882 3201 Clytaenmcstrae‚
1907 3152 1968 3187 hic
1998 3153 2196 3202 Penelopae
2215 3159 2340 3191 custos
2363 3197 2372 3203 ἢ

1291 3214 1338 3249 sit
1357 3213 1567 3261 apposituS.
2366 3225 2372 3256 3

1346 3269 1438 3319 Pag.
1460 3270 1557 3314 332,
1588 3268 1636 3306 fr.
1660 3269 1699 3306 6.
1720 3290 1769 3296 -
1792 3269 1850 3307 Cf.
1881 3271 2104 3309 Tertullian.
2136 3273 2193 3307 De
2220 3271 2338 3320 pallio
2369 3279 2372 3283 ’

1295 3343 1328 3366 0.
1347 3342 1386 3377 9,
1403 3330 1442 3364 in
1456 3327 1658 3365 Alexandri
1676 3328 1806 3375 Polyb.
1825 3329 1870 3367 fr.
1895 3328 1980 3374 151,
1999 3330 2229 3378 t0m.111‚p.
2248 3333 2338 3372 244.

1348 3387 1438 3437 Pag.
1466 3387 1555 3424 333.
1577 3407 1630 3414 —-
1650 3388 1823 3423 Fortasse
1840 3401 1978 3424 nomen
2002 3387 2136 3430 Κλύτος
2155 3389 2211 3424 νο1
2235 3388 2337 3425 Κλεῖ-

1295 3462 1350 3491 τος
1373 3454 1594 3496 corruptum
1614 3454 1667 3483 cst
1686 3448 1722 3483 in
1746 3446 1946 3499 Κλειτοφῶν
1964 3448 2065 3496 apud
2080 3448 2199 3486 schol.
2224 3449 2335 3484 Hom.
