2372 3704
1015 231 1346 274 FRAGMENTA.

105 315 238 361 Ἰόλαος
259 317 306 355 fr.
323 317 372 364 .3;
396 313 553 360 Ἴουλλος
573 317 620 355 fr.
650 329 672 353 2
684 330 695 363 ;
716 314 852 360 Ἴουλος
871 317 918 356 fr.
946 331 986 365 13
1008 317 1150 362 Ἰούλιος

105 377 151 416 fr.
176 381 215 420 4.
233 376 347 424 Quod
381 377 548 425 primum
573 377 702 425 posui,
725 377 837 412 unice
860 389 991 413 verum
1007 378 1147 416 habeo.

104 436 226 482 Quam
236 447 333 484 saepe
346 433 479 476 Ἰόλαος
491 435 626 471 abierit
635 436 676 470 in
686 432 823 476 Ἰόλλας
838 442 875 471 et
888 433 1012 482 Ἰόλας,
1024 449 1151 473 exem-

103 494 168 542 pla
185 493 393 542 docebunt,
409 506 491 541 quae
505 493 550 531 G.
563 491 789 529 Dindorfius
801 494 953 542 collegit
965 495 1004 530 in
1017 495 1148 543 steph.

103 551 215 590 Thes.
234 565 264 588 s.
285 552 337 592 h.
349 565 386 589 v.
405 553 504 588 Hinc
522 551 628 588 haud
645 552 760 600 longe
782 551 929 598 aberat,
945 559 989 588 ut
1011 555 1150 590 Iulium

102 611 214 646 nobis
227 612 391 647 Romani
407 612 476 647 aevi
495 611 655 648 Graeculi
669 609 905 659 effingerent.
928 612 1056 648 Iolaus
1071 626 1151 650 me-

106 669 214 705 dicus
228 677 462 706 memoratur
478 681 539 719 ap.
558 669 743 706 Galenum
752 669 871 715 XIII,
889 681 929 718 p.
948 669 1021 716 867
1028 698 1048 717 a
1067 671 1150 707 Cel-

88 726 184 762 sum
197 730 241 773 V,
262 740 333 773 22,
352 726 388 774 5,
413 729 578 764 Plinium
598 728 690 773 XX,
718 739 748 763 5.
770 726 839 776 73,
859 728 924 776 76,
947 729 1066 767 schol.
1083 731 1150 766 Ni-

104 786 236 821 candri
255 787 365 823 Ther.
384 786 475 824 683.
492 787 600 823 Idem
617 794 682 822 aut
698 787 792 822 alius
807 793 862 823 est
876 787 1001 823 Iolaus
1019 788 1148 837 Bithy-

103 855 174 879 nus
189 844 408 891 botanicus,
426 845 474 881 de
493 858 571 893 quo
587 857 623 883 v.
645 845 834 894 Epiphan
861 846 880 881 I
894 872 904 891 ,
922 858 962 895 p.
986 846 1031 895 3,
1047 847 1089 893 C,
1111 852 1150 885 et

101 901 349 938 Dioscorides
373 904 412 938 in
426 899 573 952 praefat.
598 903 654 940 Ex
679 903 811 939 eadem
829 903 985 940 fortasse
1010 904 1150 942 familia

102 960 286 997 oriundus
298 969 427 998 noster
438 962 651 1000 Φοινικικῶν
666 963 842 1010 scriptor.
860 961 971 1001 Certe
983 964 1149 1000 historiae

101 1020 284 1055 naturalis
328 1021 497 1056 studium
527 1021 632 1057 haud
671 1021 836 1057 alienum
872 1021 919 1057 ab
950 1034 996 1058 eo
1037 1022 1148 1059 fuisse

106 1077 279 1126 coarguit
299 1076 508 1115 κολοκασίου
529 1080 668 1127 plantae
691 1078 924 1129 descriptio(
931 1068 976 1117 fr.
999 1093 1015 1116 1
1036 1077 1063 1131 ).
1081 1082 1148 1116 Ju

101 1134 272 1171 daeorum
298 1138 486 1186 originem
519 1137 679 1174 deducit
709 1138 758 1173 ab
791 1137 927 1174 Judaeo
964 1139 1147 1176 Thebano

102 1190 116 1242 (
136 1193 185 1231 fr.
206 1194 226 1229 3
244 1195 269 1244 ).
299 1195 398 1231 Hinc
421 1196 576 1244 colligat
597 1196 762 1244 aliquis
751 1208 876 1262 ipsum
891 1204 1066 1233 nostrum
1084 1210 1149 1234 au-

100 1257 246 1287 ctorem
264 1252 402 1288 Thebis
421 1254 632 1290 oriundum
654 1253 787 1300 fuisse,
807 1255 951 1304 quippe
978 1255 1047 1291 ubi
1068 1268 1148 1292 non

100 1310 224 1345 solum
247 1310 344 1346 Iolai
359 1311 486 1347 herois
511 1312 633 1348 cultus
651 1311 847 1359 floruerit,
866 1313 933 1349 sed
949 1315 1063 1350 etiam
1090 1314 1149 1350 fa-

98 1369 206 1404 milia
222 1369 457 1405 Iolaidarum
470 1371 674 1416 exstiterit,
687 1378 846 1407 testante
863 1371 1032 1417 Iolaida‚
1048 1371 1147 1408 duce

100 1427 370 1463 Thebanorum
403 1429 444 1463 in
475 1441 606 1478 pugna
633 1430 883 1466 Mantiueensi
915 1429 927 1480 (
943 1431 1078 1467 AElian.
1102 1433 1147 1468 V.

100 1484 234 1530 H.11‚
256 1498 318 1531 12,
338 1485 374 1523 3.
387 1487 583 1526 Plutarch.
601 1489 698 1526 Mor.
713 1501 755 1537 p.
778 1493 873 1537 194,
893 1487 964 1539 C).
983 1489 1059 1525 Sed
1071 1489 1146 1525 hoc

98 1542 255 1579 fortasse
282 1543 474 1580 ludicrum
502 1553 569 1584 est.
589 1547 692 1582 Vixit
721 1554 856 1583 auctor
873 1554 961 1595 post
988 1547 1148 1596 Augusti

102 1609 296 1651 tempora,
321 1604 379 1639 uti
394 1615 440 1639 ex
462 1604 635 1642 Caesareae
655 1605 762 1641 urhis
776 1606 970 1642 mentione
987 1606 997 1654 (
1014 1605 1062 1645 fr
1090 1619 1112 1642 2
1132 1606 1144 1656 )

100 1661 327 1710 colligimus.
353 1684 400 1690 ——
417 1665 563 1707 lolam,
586 1676 701 1712 quem
715 1664 763 1700 de
776 1665 1029 1713 Poleponnesi
1043 1666 1145 1701 urbi·

96 1719 168 1756 bus
181 1721 368 1769 scripsisse
384 1721 479 1757 dicit
494 1722 610 1758 schol.
627 1722 811 1758 Nicandri
829 1723 939 1761 Ther.
961 1722 1052 1769 521,
1066 1736 1146 1760 non

98 1785 154 1814 est
166 1786 306 1822 noster,
341 1787 386 1815 ut
405 1780 539 1818 Vossio
557 1780 724 1827 videtur,
745 1781 839 1817 sed
829 1794 877 1828 is,
899 1782 966 1830 qui
986 1783 1067 1818 aliis
1087 1783 1145 1819 di-

99 1837 199 1873 citur
214 1837 373 1887 Apollas
392 1840 451 1875 vel
467 1840 620 1888 Apellas
641 1839 703 1889 (v.
725 1853 841 1891 supra
856 1842 997 1891 Apellae
1018 1841 1065 1883 fr
1086 1842 1144 1892 4).

484 1928 777 1968 ΦΟΙΝΙΚΙΚΑ.

417 2022 448 2057 Ε
476 2022 627 2059 LIBRO
651 2022 824 2059 PRIMO.

611 2111 644 2136 1.

150 2168 331 2217 Stephan.
349 2169 468 2218 Byz.:
487 2166 597 2216 Ακη,
618 2167 717 2212 πόλις
734 2168 937 2215 Φοινίκης.
945 2169 1148 2214 ,Κλαύδιος

98 2224 134 2263 δὲ
160 2224 298 2270 Ἴουλος
325 2228 359 2265 ἐν
394 2225 517 2280 πρώτῃ
549 2229 767 2266 Φοινικικῶν
801 2227 905 2281 φησὶν
935 2225 988 2266 ὅτι
1015 2228 1146 2276 ἐκλήθη

98 2283 168 2322 ἀπὸ
181 2283 410 2337 ἹΙρακλεόυς.
430 2286 706 2326 Χαλεπωτάτων
716 2285 813 2339 γόιρε
800 2287 868 2325 υπὸ
885 2287 1126 2338 Εὖρυσθέως’
1110 2304 1146 2326 εν

100 2343 285 2395 ἐπιταγαῖς
303 2343 417 2382 ἄθλων
437 2345 673 2398 περισχεθεὶς,
693 2348 743 2398 τῷ
768 2347 831 2392 τῆς
851 2345 1058 2399 Λερναίας”
1042 2346 1148 2398 υδρας

98 2402 141 2454 ἰῷ
158 2401 267 2454 [και]
285 2408 354 2447 τοῖς
368 2406 436 2442 τῶν
454 2403 640 2455 δηγμάτων
668 2405 823 2444 ἐπονεῖτο
843 2404 992 2443 ἕλκεσιν.
1016 2404 1146 2443 Ἀνεῒλε

317 2537 388 2576 DE
415 2537 580 2578 REBUS
608 2538 915 2580 PHOENICUM-

606 2639 623 2672 1
632 2663 641 2672 .

137 2715 221 2752 Ace,
251 2712 416 2746 Plioenices
445 2713 534 2748 urbs.
564 2715 721 2748 Claudius
750 2716 857 2750 Iolaus
892 2717 998 2759 primo
1024 2719 1145 2751 Rerum

95 2763 330 2796 Pboeniciarum
342 2764 389 2797 ait
404 2766 577 2799 Herculem
592 2767 621 2799 ei
634 2776 753 2800 nomen
770 2768 930 2802 indidisse.
945 2772 1027 2802 Nam
1042 2779 1143 2810 quum

93 2815 154 2856 ipsi
164 2816 205 2848 ab
219 2817 395 2859 Eurystheo
408 2818 620 2852 difficillima·
610 2830 641 2852 111
641 2821 754 2861 Juncta
766 2824 871 2854 essent
886 2823 1080 2863 certamina,
1094 2824 1143 2856 la

94 2867 230 2900 berabat
244 2869 424 2911 ulceribus,
440 2879 514 2912 quae
527 2880 567 2904 ex
586 2873 752 2905 venenatis
765 2873 876 2914 hydrae
895 2876 1037 2907 Lernoeae
1056 2884 1144 2907 mor·

93 2920 183 2953 sibus
197 2923 374 2962 acceperat.
391 2925 473 2956 Tum
496 2932 515 2956 a
531 2924 687 2965 Delphico
702 2926 834 2958 oraculo
850 2935 1036 2967 responsum
1049 2928 1144 2967 tulit,

94 2972 250 3004 orientem
276 2981 387 3006 versus
415 2974 474 3015 ipsi
506 2976 701 3017 pergendum
732 2986 819 3017 esse,
854 2978 958 3011 donec
987 2979 1145 3012 inveniret

97 3031 226 3056 amnem
243 3026 278 3058 in
298 3034 366 3067 quo
381 3027 481 3060 herba
503 3031 690 3062 nasceretur
710 3030 823 3072 hydrae
839 3032 983 3065 similis:
999 3041 1096 3073 qnam
1117 3033 1143 3066 si

96 3076 257 3116 emplastri
275 3077 372 3110 modo
394 3079 556 3113 ulceribus
571 3081 771 3123 imponeret,
790 3083 857 3116 fore
872 3085 909 3115 ut
921 3084 962 3115 ab
979 3085 1143 3117 ulceribus

95 3126 298 3161 liberaretur.
322 3131 448 3163 Invenit
473 3132 611 3165 fluvium
628 3135 661 3165 et
687 3134 820 3167 herbam
839 3135 994 3176 Apollinis
1006 3137 1141 3168 oraculo

95 3180 304 3212 monstratam
313 3182 429 3222 ,cujus
442 3184 542 3216 caulis
557 3187 654 3226 atque
669 3186 762 3218 radix
774 3188 930 3219 varietate
941 3188 1142 3220 maculorum

95 3231 192 3271 atque
207 3232 363 3273 capitibus
379 3234 513 3276 hydram
529 3237 724 3271 imitantur:
755 3240 835 3280 quot
856 3240 942 3271 enim
963 3240 1078 3281 aliquis
1090 3240 1144 3272 de-

95 3285 215 3324 metat,
231 3285 280 3317 tot
289 3286 352 3318 alia
368 3286 482 3321 deinde
495 3293 717 3324 renascuntur.
740 3292 893 3324 Radicem
913 3293 996 3324 banc
1018 3294 1143 3325 coloca-

95 3333 179 3366 sium
189 3337 359 3376 appellant.
374 3339 539 3372 eiborium
556 3350 632 3374 vero
642 3345 771 3375 enatum
783 3343 964 3384 jucundum
975 3347 1143 3384 spectacu-

96 3386 163 3418 lum
173 3389 206 3418 et
216 3387 326 3421 edules
337 3398 434 3423 venas
450 3392 573 3432 praebet
585 3394 750 3435 AEgyptiis.
772 3395 912 3427 Plurima
933 3396 1019 3428 circa
1035 3397 1143 3428 Nilum

96 3439 260 3473 nascitur:
278 3442 312 3474 at
324 3442 378 3475 illa
398 3445 482 3478 circa
495 3447 608 3479 Belum
625 3447 736 3481 ulcera
753 3450 870 3481 cnratu
884 3448 1025 3481 difficilia
1038 3450 1141 3483 sanat.

2175 251 2248 283 363

1213 319 1250 358 δὲ
1278 320 1318 359 τὸ
1347 320 1518 374 Δελφικὸν
1553 324 1714 373 μαντεῖον
1734 322 1787 362 ἐπ’
1818 325 1989 370 ἀνατολὰς
2018 327 2121 375 ἰτέον,
2151 329 2256 382 μέχρι

1214 378 1255 417 ἂν
1277 379 1405 432 ἐντύχῃ
1419 383 1570 433 ποταμῶ
1587 380 1706 434 φύοντι
1721 381 1810 420 πόαν
1828 386 1871 434 τῇ
1891 384 1979 437 ὕδρα
1995 388 2255 438 παραπλήσιον·

1214 437 1349 484 ἐκείνης
1376 437 1443 490 γὰρ
1463 439 1784 490 καταπλασάμενον
1817 443 1886 479 τῶν
1918 444 2027 481 ἑλκῶν
2047 446 2257 498 ἀπαλλαγη-

1212 499 1346 536 σεσθαι.
1366 491 1458 550 Εὗρε
1491 497 1527 536 δὲ
1555 497 1614 536 τὸν
1645 498 1805 549 ποταμὸν
1835 500 1898 538 καὶ
1923 500 1987 548 τὴν
2015 504 2256 556 πυθόχρηστον

1211 554 1315 602 πόαν,
1331 550 1373 603 ἧς
1391 558 1410 594 ὃ
1425 555 1553 600 καυλὸς
1565 555 1589 603 ἥ
1612 572 1650 595 τε
1671 557 1748 610 ῥίζα
1768 556 1910 602 πάντως
1928 558 2018 597 ἐστιν
2042 562 2192 613 ὀφιώδης
2207 566 2256 602 τῶ

1212 613 1361 667 ποικίλῳ
1387 614 1500 666 [καὶ]
1519 615 1595 657 ταῖς
1613 616 1800 668 κεφαλαῖς·
1819 615 1932 654 ὁπόσα
1956 617 2024 689 γὰρ
2044 618 2084 656 ἄν
2101 635 2153 663 τις
2167 623 2254 659 ἀπο-

1210 671 1323 725 κείρῃ,
1334 671 1479 725 φύονται
1492 676 1588 717 αὖθις
1599 671 1729 726 ἕτεραι.
1746 674 1961 713 Κολοκάσιον
1974 675 2092 726 μέντοι
2108 679 2254 717 καλοῦσι

1210 730 1272 777 τὴν
1297 731 1407 784 ῥίζαν.
1433 731 1486 771 Τὸ
1517 731 1547 769 δ’
1581 734 1645 770 ὑπε
1632 732 1822 785 ρπεφυκὸς
1841 733 2004 785 κιὸώριον
2028 734 2105 787 ὄψιν
2135 738 2255 782 ἡδεῖαν

1210 790 1402 840 ἐδωδίμους
1417 806 1454 829 τε
1475 789 1538 834 τὰς
1558 791 1690 843 φλέὸας
1703 791 1861 844 παρέχον
1883 792 2104 864 Αἰγυπτίοις·
2125 795 2204 846 περὶ
2222 796 2257 834 δὲ

1209 848 1267 887 τὸν
1288 850 1414 888 Νεῖλον
1428 848 1551 902 φύεται
1566 850 1695 897 πολλή.
1708 849 1755 889 Ἥ
1775 850 1810 888 δὲ
1822 850 1902 903 περὶ
1912 851 1969 889 τὸν
1979 853 2093 898 Βῆλον
2105 851 2190 900 ἕλκη
2204 857 2258 892 θε-

1211 907 1352 960 ραπεύει
1366 908 1523 947 δυσίατα.
1541 910 1575 947 Γ
1579 908 1745 960 ριὸομενη
1768 908 1804 947 δὲ
1832 909 1923 960 μετὰ
1938 926 2001 957 της
2024 910 2118 962 ῥίζης
2130 912 2253 950 λευκὸν

1210 966 1450 1005 ἀναδίδωσιν’
1433 967 1533 1005 οπόν.
1548 966 1798 1020 Τούτῳ,φησὶ,
1810 982 1871 1005 και
1880 967 2167 1020 Ἧρακλῆςῖάθη.
2186 971 2259 1009 Καὶ

1209 1025 1356 1063 καλεσαι
1369 1024 1431 1072 τὴν
1443 1025 1543 1064 πόλιν
1556 1022 1677 1073 Ἄκην.
1691 1027 1747 1064 Cf.
1767 1028 1897 1077 Steph.
1912 1029 2024 1067 Thes.
2040 1042 2078 1068 v,
2095 1030 2257 1068 Κολοκα-

1210 1083 1282 1124 σία.
1301 1087 1376 1122 Ριο
1394 1081 1846 1129 ''loqucwestermannus
1859 1087 2012 1136 scripsit
2027 1085 2187 1131 Ἰούλιος.

1514 1198 1545 1233 Ε
1573 1197 1726 1234 LIBRO
1757 1198 1952 1235 TERTIO.

1716 1299 1754 1325 2..

1261 1366 1370 1403 Idem
1403 1378 1413 1405 ε
1449 1367 1587 1419 Δῶρος,
1617 1366 1717 1411 πόλις
1754 1368 1968 1415 Φοινίκης..
1991 1370 2066 1408 Νυν
2097 1368 2132 1408 δὲ
2152 1372 2258 1424 Δῶρα

1209 1424 1402 1464 καλεῖται..
1410 1424 1607 1469 ,Κλαύδιος
1619 1424 1803 1470 Ἴουλλος’
1789 1443 1856 1478 ενγ
1858 1427 2130 1466 ’ΦοινικικῶνὛ
2130 1429 2258 1469 Μετὰ

1212 1481 1428 1533 Καισάρειαν
1459 1484 1565 1535 Δῶρα
1595 1489 1707 1521 κεῖται
1746 1485 1895 1537 βραχεῖα
1924 1486 2094 1538 πολίχνη,
2130 1487 2259 1527 Φοινί-

1209 1554 1279 1576 κων
1311 1539 1419 1586 αὗτὴν
1450 1539 1648 1589 οἰκούντων,
1683 1540 1716 1579 οἳ
1737 1540 1794 1579 διὰ
1828 1542 1867 1580 τὸ
1897 1543 2091 1595 ὑπόπετρον
2124 1547 2192 1583 τῶν
2221 1561 2257 1584 τε

1212 1599 1380 1649 αἰγιαλῶν
1402 1598 1462 1637 καὶ
1480 1598 1520 1637 τὸ
1540 1599 1721 1652 πορφύρας
1741 1599 1883 1651 γόνιμον
1897 1602 2117 1647 συνελθόντες
2133 1604 2258 1648 καλιὰς

1212 1658 1328 1701 αὐτοῖς
1348 1657 1621 1732 ὠκοδομήσαντρ
1635 1675 1695 1697 και
1711 1659 2003 1711 περιὸαλλόμενοι
2014 1662 2195 1714 χάρακας,
2209 1680 2256 1707 ως

1212 1716 1386 1763 ὑπήκουεν
1424 1718 1540 1761 αὐτοῖς
1574 1717 1619 1755 τὰ
1646 1721 1708 1765 τ’ῆς
1739 1719 1923 1770 ἐργασίας,
1959 1720 2165 1771 τεμνόμενοι
2198 1723 2259 1766 τὰς

1210 1774 1341 1828 πέτρας
1357 1775 1415 1813 διὰ
1436 1778 1505 1814 τῶν
1527 1775 1778 1885 ἐξαιρου(μενων
1796 1777 1901 1816 λίθων
1921 1778 1965 1816 τὰ
1985 1780 2085 1831 τείχη
2108 1796 2192 1819 κατε
2180 1781 2259 1820 ²602-

1210 1835 1323 1882 λοντο,
1335 1850 1395 1872 και
1411 1834 1510 1881 τὴν”
1491 1837 1668 1886 ενορμον(
1685 1835 1777 1888 εὔορ.
1794 1836 1836 1890 i’)
1854 1836 1975 1889 χειλὴν
1999 1839 2097 1888 (leg.
2117 1839 2258 1890 χηλὴν)

1211 1891 1306 1936 ὅπως
1319 1909 1357 1932 τε
1381 1893 1499 1945 (γεῖ)
1528 1895 1693 1947 ἀσφαλῶς
1713 1894 1848 1945 ἔθεντο,
1872 1896 2055 1946 ἐπώνυμον
2084 1898 2192 1944 αὐτὴν
2214 1901 2257 1950 τῇ

1210 1951 1349 2005 πατρίῳ
1367 1952 1511 2025 γλώσσῃ
1528 1955 1635 2005 Δῶρα
1652 1952 1785 2005 (Δὼρὶ)
1798 1952 1807 2004 )
1825 1955 2024 1998 καλουντες.
2043 1957 2090 1993 Οἱ
2112 1955 2148 1993 δὲ
2164 1953 2257 1995 “EA-

1210 2012 1312 2057 ληνες
1330 2011 1434 2062 χάριν
1451 2015 1512 2049 του·
1525 2014 1586 2057 τῆς
1600 2014 1715 2064 φωνῆς
1735 2012 1950 2065 εὐπροφόρου
1965 2014 2084 2051 καλεῖν
2106 2015 2256 2066 ἀρκουν-

1209 2084 1268 2107 ται
1297 2072 1403 2122 Δῶρα
1423 2069 1486 2116 τὴν
1505 2069 1624 2110 πόλιν.
1657 2070 1730 2108 Καί
1755 2085 1844 2114 τινες
1862 2072 2038 2123 ἱστορουσι
2057 2073 2177 2125 Δῶρον
2197 2072 2257 2112 τὸν

1212 2129 1431 2172 Ποσειδῶνος
1445 2127 1602 2176 οἰκιστὴν
1616 2129 1722 2175 αὐτῆς
1734 2128 1962 2180 γεγονέναι.»

1690 2223 1776 2257 2‚.a

1262 2287 1386 2335 Etym.
1402 2287 1455 2326 M.
1485 2299 1527 2336 p.
1549 2299 1646 2336 219,
1666 2287 1747 2324 32:
1765 2283 1931 2339 Γάδειρα.
1954 2286 2013 2326 Τὰ
2029 2287 2120 2327 Γάδε
2107 2303 2182 2340 ειρα
2197 2287 2258 2326 λε’-

1208 2359 1329 2395 γονται
1348 2346 1603 2392 πληθυντικως,
1623 2343 1693 2382 ἀπὸ
1709 2359 1768 2382 του
1790 2347 1836 2396 γῆ
1855 2344 1916 2382 καὶ
1935 2348 1994 2383 τοῦ
2017 2346 2133 2399 δειρᾶ,
2153 2347 2256 2385 οιονεὶ

1208 2405 1272 2453 γῆς
1286 2403 1321 2440 δε
1306 2403 1397 2455 ειρά.
1411 2402 1468 2442 Τὰ
1485 2402 1552 2455 γὰρ
1567 2402 1719 2455 Γάδειρα
1729 2419 1790 2450 της
1803 2419 1864 2454 γης
1881 2403 2016 2456 ἐξοχή’
2002 2420 2105 2443 εστιν.
2123 2403 2190 2452 H,
2211 2404 2257 2449 ὥς

1205 2509 1352 2542 contrita
1366 2509 1467 2541 herba
1486 2518 1560 2541 cum
1576 2509 1683 2541 radice
1704 2509 1814 2541 album
1832 2518 1967 2541 succum
1991 2510 2107 2542 reddit.
2135 2512 2204 2542 Hoc
2223 2520 2258 2543 se

1205 2561 1376 2593 Herculem
1388 2569 1515 2594 sanasse
1535 2562 1601 2602 ait,
1617 2563 1650 2594 et
1662 2561 1776 2593 urbem
1793 2561 1833 2594 de
1847 2563 1908 2593 bac
1925 2570 2020 2595 causa
2035 2564 2123 2597 Acen
2151 2563 2256 2604 appel-

1205 2615 1299 2648 lasse.

1713 2666 1750 2698 2.

1245 2723 1366 2761 Dorus,
1387 2730 1462 2762 quae
1480 2730 1566 2753 nunc
1581 2723 1664 2753 Dora
1677 2721 1857 2760 vocantur,
1872 2720 1949 2752 urbs
1965 2720 2143 2752 Phoenices.
2158 2720 2255 2752 Clau-

1203 2772 1276 2805 dius
1292 2774 1398 2806 Iolaus
1419 2773 1502 2805 libro
1520 2772 1616 2805 tertio
1641 2775 1761 2805 Rerum
1783 2772 2020 2804 Phoeniciarum
2050 2772 2096 2804 sic
2120 2772 2253 2804 scribit.

1205 2827 1315 2858 «Post
1342 2827 1523 2858 Coesaream
1545 2825 1606 2856 sita
1634 2826 1711 2856 sunt
1737 2826 1841 2864 Dora,
1864 2824 2017 2864 exiguum
2044 2824 2254 2865 oppidulum,

1203 2879 1291 2919 quod
1307 2887 1326 2910 a
1340 2878 1544 2910 Phoenicibus
1557 2877 1733 2917 habitatur,
1748 2877 1802 2917 qui
1817 2877 1947 2917 propter
1962 2885 2112 2908 saxosum
2130 2878 2163 2908 et
2178 2885 2254 2916 pur·

1208 2928 1296 2968 puris
1312 2928 1500 2960 foecundum
1522 2928 1598 2959 litus
1614 2927 1657 2958 ibi
1673 2929 1831 2967 congressi
1850 2927 2012 2967 gurgustia
2030 2927 2090 2958 sibi
2112 2926 2252 2958 aedifica-

1203 2982 1298 3018 runt,
1315 2981 1348 3012 et
1372 2980 1471 3011 fossas
1497 2978 1794 3018 circumducentes,
1815 2978 1922 3019 prouti
1938 2987 2020 3020 opus
2039 2978 2252 3019 procedebat,

1203 3033 1317 3065 excisis
1332 3041 1350 3064 e
1363 3034 1447 3064 saxis
1460 3041 1570 3063 muros
1586 3031 1781 3070 fundarunt,
1801 3033 1835 3063 et
1850 3031 1981 3064 navium
1995 3031 2123 3063 stationi
2146 3034 2254 3071 aptam

1203 3085 1334 3123 molem,
1343 3093 1416 3125 quae
1426 3093 1459 3115 m
1470 3091 1557 3115 mare
1569 3083 1739 3124 procurrit,
1749 3083 1912 3115 firmantes
1920 3084 2025 3115 tutam
2035 3082 2251 3120 reddiderunt,

1203 3136 1308 3176 lingua
1327 3136 1428 3176 patria
1445 3143 1517 3166 eam
1535 3137 1605 3167 Dor
1623 3135 1635 3172 (
1645 3136 1677 3174 Ρ)
1692 3136 1855 3166 vocantes.
1881 3135 1985 3167 Graeci
2014 3143 2090 3166 vero
2107 3132 2254 3165 facilioris

1203 3185 1430 3217 enuntiationis
1457 3193 1554 3216 causa
1579 3185 1694 3216 urbem
1720 3188 1815 3217 Dora
1832 3193 1948 3216 vocare
1964 3186 2041 3216 satis
2060 3184 2187 3215 liabent.
2212 3184 2252 3213 Et

1203 3236 1348 3267 nonnulli
1371 3237 1504 3268 narrant
1527 3238 1654 3268 Dorum
1678 3235 1818 3277 Neptuni
1840 3235 1943 3268 filium
1960 3235 2030 3276 ejus
2054 3234 2251 3266 conditorem

1203 3286 1337 3319 fuisse.

1687 3343 1710 3375 2
1735 3350 1768 3375 a.

1244 3395 1383 3436 Gadita,
1406 3396 1519 3436 plurali
1534 3405 1669 3428 numero
1686 3397 1815 3428 dicitur.
1836 3398 1958 3428 Nomen
1977 3392 2187 3433 compositum
2209 3401 2249 3423 ex

1202 3449 1336 3482 vocibus
1347 3453 1387 3488 γῆ
1401 3451 1433 3482 et
1444 3450 1546 3491 δειρά,
1561 3450 1598 3482 ut
1613 3450 1654 3482 sit
1667 3458 1724 3491 pro
1739 3453 1794 3490 γῆς
1807 3448 1908 3489 δειρά,
1923 3449 2024 3479 cerrae
2039 3444 2166 3478 collum
2184 3451 2248 3476 an·
