2372 3704
158 229 234 262 580

157 310 280 363 ράννου
311 311 465 361 γαμετῆς
510 302 623 359 (ἦκτο
653 308 721 361 γὰρ
755 308 798 356 δὴ
834 308 964 356 ταύτην
995 309 1105 349 παῖδα
1134 312 1194 348 τοῦ

153 369 261 409 Τίτου
282 368 546 420 τυγχάνουσαν)
579 368 769 419 ἀγνοούσης
798 367 861 415 τὴν
894 368 1199 418 ἐπιδουλὴν,οὔτε

153 427 347 480 Νωρέάνου
374 426 435 465 καὶ
473 426 666 466 Σεκούνδου
700 429 768 465 τῶν
804 426 987 480 ὑπάρχων.
1044 427 1200 471 Τούτους

151 485 218 539 γὰρ
245 485 286 533 δὴ
309 485 503 536 μαθόντας,
524 484 577 524 ὅτι
597 491 686 539 σφᾶς
706 485 861 524 ἐκποδὼν
880 485 1011 538 ἀθρόως
1040 488 1057 524 ὃ
1077 488 1200 536 Δομε-

150 544 263 588 τιανὸς
291 543 504 591 ποιήσασθαι
525 544 709 596 διέγνωκε,
730 544 790 583 καί
815 560 891 582 τινα
921 544 981 582 καὶ
1006 545 1199 597 γράμματα

150 603 230 656 περὶ
241 603 363 641 τούτου
376 602 625 652 θεασαμένους,
638 605 699 641 οὐκ
714 602 971 640 ἀναὸάλλεσθαι
985 602 1048 649 τὴν
1062 602 1199 654 πρᾶξιν,

151 661 228 700 ἀλλ’
250 664 283 705 ἐς
301 661 363 709 τὴν
393 664 556 700 ἐπιοῦσαν
582 661 704 705 εὐθέως
731 660 1110 713 παρασκευασαμένους
1129 662 1199 699 εἷσ-

150 720 289 773 πέμψαι
315 719 376 758 σὺν
408 719 541 773 ξιφιδίῳ
572 720 752 773 Στέφανον
786 719 843 757 τὸν
870 719 1109 772 ἀπελεύθερον·
1141 718 1201 757 καὶ

148 780 269 817 τοῦτον
286 778 529 831 προσπεσόντα
547 780 750 831 Δομετιανῷ
771 776 973 816 καθεύδοντι
993 777 1032 815 τὸ
1048 779 1199 827 μεθημε-

151 837 261 890 ρινὸν,
283 836 437 881 πατάξαι
459 836 520 887 μὲν
534 866 544 883 ,
573 837 611 874 οὗ
630 835 699 886 μὴν
725 835 877 886 καιρίαν.
898 833 1201 882 Ἀναπηδήσαντος

148 900 228 948 γοῦν
244 896 390 943 ἐκείνου,
409 895 469 934 καὶ
483 895 540 932 τὸν
558 894 735 948 Στέφανον
750 893 1042 941 καταὸάλλοντος,
1060 892 1200 931 δείσαν-

149 971 211 999 τας
225 954 303 998 τοὺς
316 953 396 1007 περὶ
414 953 471 992 τὸν
484 953 676 1004 Παρθένιον
693 951 743 1003 μὴ
760 952 819 990 καὶ
833 951 1070 1004 περιγένηται,
1082 953 1198 990 ἐπεισ-

149 1015 278 1060 ελθεῖν,
303 1013 362 1051 καὶ
381 1012 559 1054 παντεᾘῦς
579 1010 683 1049 αὐτὸν
704 1009 1093 1062 προσκατεργάσασθαι.

203 1074 438 1125 Προσημῆναι
460 1069 495 1108 δὲ
516 1072 564 1122 τῷ
585 1072 790 1121 Δομετιανῷ
821 1067 886 1115 τὴν
911 1068 1079 1115 τελευτὴν
1107 1067 1199 1105 ἄλλα

147 1145 185 1168 τε
205 1129 341 1175 πολλὰ,
362 1132 462 1167 τοῦτο
485 1127 548 1179 μὲν
565 1127 713 1180 τέρατα,
728 1131 829 1165 τοῦτο
855 1125 890 1164 δὲ
911 1125 1005 1179 ὄψεις
1030 1126 1171 1178 ὀνείρων
1184 1155 1195 1176 ,

149 1188 207 1227 καὶ
225 1188 378 1238 μάλιστα
405 1187 544 1224 πάντων
572 1186 757 1238 Λαργῖνον“
775 1185 984 1238 ἀστρολόγον
1009 1185 1098 1223 τινά·
1119 1188 1199 1223 τοῦ·-

147 1261 205 1283 τον
228 1246 294 1298 γὰρ
319 1243 360 1292 δὴ
379 1243 475 1297 παρὰ
501 1245 570 1287 τοῖς
599 1244 776 1288 Γαλάταις
807 1243 1018 1296 προειπόντα
1047 1243 1198 1296 δημοσία

147 1305 210 1350 τὴν
227 1304 390 1351 τελευτὴν
410 1307 470 1342 τοῦ
496 1303 663 1356 τυράννου
689 1305 748 1342 καὶ
769 1302 828 1341 τὸν
861 1303 985 1355 χρόνον
1009 1302 1198 1350 ἀποδηλώ-

149 1378 259 1400 σαντα
296 1362 380 1416 πρὸς
414 1365 473 1400 τοῦ
503 1362 663 1415 ὑπάρχου
705 1364 977 1415 ἀναπεμφθῆναι
1003 1364 1054 1415 τῷ
1085 1366 1198 1413 Δομε·

151 1424 258 1474 τιανῷ
291 1422 349 1459 ἐπὶ
377 1421 539 1468 κολάσει,
572 1421 632 1459 καὶ
662 1416 757 1465 αὖθις
785 1420 829 1458 τὰ
857 1420 945 1458 αὐτὰ
970 1420 1111 1459 εἰπόντα
1139 1421 1199 1459 καὶ

153 1479 216 1526 τὴν
246 1479 382 1533 ἡμέραν
396 1479 703 1532 προαγορεύσαντα
741 1480 1042 1526 καταδικασθῆναι
1068 1478 1198 1529 μὲν,οὖ

151 1539 220 1589 μὴν
251 1541 434 1577 ἀποθανεῖν
465 1543 525 1576 τοῦ
550 1538 715 1590 τυράννου
739 1537 1026 1587 ἀναὸαλλομένου
1055 1536 1118 1584 τὴν
1145 1552 1197 1575 τι-

149 1598 282 1651 μωρίαν
304 1600 337 1642 ἐς
366 1597 422 1636 τὸν
446 1597 592 1651 ῥηθέντα
613 1597 757 1650 χρόνον,
778 1596 871 1640 ὅπως
892 1596 933 1642 δὴ
962 1595 1137 1648 διαφυγὼν
1154 1597 1200 1633 δι-

148 1658 326 1709 καιότερον
355 1656 458 1695 αὐτὸν
484 1659 530 1699 ὡς
565 1656 785 1708 ψευσάμενον
803 1654 975 1694 κολάσειε·
997 1657 1063 1692 κάν
1088 1654 1199 1708 τούτῳ

154 1715 392 1768 ἀναιρεθέντος
419 1719 477 1754 τοῦ
512 1715 939 1766 Δομετιανοῦ,διαφυγεῒν
963 1712 1020 1751 τὸν
1038 1713 1160 1766 ἄνδρα.

203 1774 358 1812 Κάκεῒνο
386 1773 422 1811 δὲ
451 1772 652 1823 θαυμαστὸν
670 1772 776 1825 ’παρὰ
813 1772 876 1818 τὴν
906 1773 1004 1810 τοῦδε
1035 1772 1199 1819 τελευτὴν

149 1831 386 1881 συμὸέὸηκεν.
398 1831 628 1870 Ἀπολλώνιον
644 1831 712 1883 γὰρ
730 1831 787 1869 τὸν
806 1831 946 1870 Τυανέα
966 1831 1045 1869 κατ’
1063 1831 1199 1878 ἐκείνην

147 1891 211 1938 τὴν
227 1890 385 1943 ἡμέραν,
405 1892 537 1941 μᾶλλον
554 1889 589 1928 δὲ
607 1893 692 1942 παρ’
708 1890 812 1928 αὐτὸν
829 1889 887 1928 τὸν
902 1889 1098 1942 καιρὸντῆς
1117 1905 1202 1941 σφα-

150 1953 224 2000 γῆς,
239 1952 416 2002 προειπεῖν
430 1949 603 2001 Ἐφεσίοις
618 1951 652 1987 ἐν
667 1951 770 2001 κοινῷ
781 1948 819 1986 τὸ
829 1947 908 1997 περὶ
921 1947 978 1986 τὸν
989 1949 1201 1998 Δομετιανὸν

150 2008 258 2067 πάθος
277 2009 391 2046 τοῖσδε
410 2010 479 2052 τοῖς
501 2007 650 2061 ῥήμασι,
669 2025 684 2041 «
708 2009 838 2050 Καλῶς
850 2037 860 2057 ‚
880 2000 908 2044 ὦ
929 2008 1085 2060 Στέφανε
1096 2037 1106 2055 ,
1123 2001 1201 2058 εῧγε

147 2069 177 2104 ὠ
198 2066 377 2119 Στέφανε,
394 2067 476 2105 παῖε
497 2066 555 2104 τὸν
589 2065 783 2119 μιαιφόνον,
806 2064 1002 2114 Ἔπληξας,
1027 2064 1200 2118 ἔτρωσας,

151 2125 369 2168 ἀπέκτεινας.
391 2144 406 2159 »

634 2216 720 2241 10.

203 2292 291 2326 Exc.
313 2289 429 2328 Salm.
452 2302 492 2338 p.
524 2290 599 2338 396
630 2304 638 2326 :
671 2287 882 2339 Δομετιανὸς
908 2287 968 2335 ἔτη
988 2287 1091 2326 πέντε
1114 2288 1203 2339 [καὶ

152 2348 236 2386 δέκα
252 2348 284 2399 ].
307 2350 483 2400 Προεῖπεν
499 2347 709 2400 ἀστρολόγος
723 2347 782 2385 καὶ
796 2346 879 2385 πότε
894 2347 953 2385 καὶ
974 2345 1066 2390 ὅπως
1084 2346 1203 2392 τεθνή-

152 2406 258 2450 ξεται.
279 2405 480 2457 Ἠρώτησεν
502 2400 561 2443 οὖν
582 2406 684 2443 αὐτὸν
710 2407 834 2448 ἐκεῖνος
849 2436 859 2456 ,
879 2408 969 2457 ποίῳ
987 2405 1080 2442 τέλει
1101 2405 1204 2448 αὐτὸς

151 2463 335 2514 χρήσεται·
355 2464 415 2501 καὶ
435 2463 610 2511 εἰπόντος,
631 2463 739 2501 θέλων
772 2463 960 2514 ἀπελέγξαι
982 2463 1087 2501 αὐτὸν
1116 2466 1204 2516 ψευ-

153 2522 295 2572 δόμενον
309 2551 320 2571 ,
340 2521 496 2560 ἐκέλευσε
514 2524 624 2566 ζῶντα
635 2525 805 2568 καυθῆναι
817 2552 827 2570 ,
846 2522 1009 2574 ἁφθέντος
1027 2521 1062 2559 δὲ
1078 2522 1204 2575 πυρὸς,

153 2580 248 2624 ὓετὸς
266 2579 373 2624 πολὺς
391 2580 622 2632 καταρραγεὶς
645 2580 707 2626 τὴν
725 2580 838 2632 πυρὰν
859 2580 981 2618 ἔσὸεσε
993 2610 1003 2630 ,
1026 2580 1086 2619 καὶ
1104 2581 1203 2625 κύνες

950 219 1164 260 JOANNIS
1194 221 1510 263 ANTIOCHI-:Nl

1262 311 1375 349 ὀπίσω
1394 310 1444 350 τὼ
1462 313 1557 365 χεῖρε
1577 313 1758 364 δεδεμένου
1784 312 1861 358 τοὺς
1877 313 2022 365 δεσμοὺς
2053 313 2303 367 διεσπάραξαν.

1262 371 1471 420 Δομετιανὸς
1487 370 1523 410 δὲ
1537 365 1605 410 εἶδε
1617 372 1686 425 πρὸ
1700 378 1781 423 μιᾶς
1793 373 1927 426 ἡμέρας
1942 377 2004 412 τοῦ
2021 373 2170 412 θανάτου
2183 375 2305 421 αὐτοῦ,

1262 431 1307 472 ὡς
1326 428 1428 483 ἵππῳ
1440 430 1564 480 μέλανι
1584 430 1776 479 ἐπεκάθητο
1794 431 1946 475 ἔνοπλος·
1967 431 2028 471 καὶ
2046 432 2223 471 πεσόντων
2243 433 2306 470 αὖ·

1262 487 1419 537 τομάτως
1432 488 1466 534 ἐξ
1482 490 1586 528 αὐτοῦ
1597 492 1664 528 τῶν
1678 490 1797 528 ὅπλων
1812 491 1875 529 σὺν
1890 493 1940 544 τῷ
1959 489 2057 544 ἵππῳ
2071 493 2117 535 εἷς
2129 491 2168 530 τὸ
2181 490 2308 543 χάσμα

1262 547 1474 599 κατηνέχθη.
1493 550 1665 600 Λαργῖνος
1686 548 1720 587 δὲ
1743 548 1899 601 Πρόκλος
1915 551 1949 587 ἐν
1966 550 2146 602 Γερμανίᾳ
2163 550 2309 603 προεῖπε

1263 606 1415 658 δημοσία
1434 605 1495 652 τὴν
1515 606 1650 659 ἡμέραν
1683 608 1718 645 ἐν
1745 602 1770 659 ᾗ
1792 610 1810 645 ὀ
1831 607 1992 659 βασιλεὺς
2015 608 2226 655 τεθνήξεται·
2258 607 2311 646 διὸ

1263 663 1402 713 δέσμιος
1427 666 1632 717 Δομετιανῷ
1661 666 1708 709 εἷς
1728 665 1872 716 Ῥώμην
1902 665 2077 719 ἐπέμφθη.
2111 666 2185 706 Καὶ
2215 659 2311 705 εἶπεν

1264 723 1358 775 αὐτῷ
1371 725 1419 767 εἷς
1437 723 1514 775 ὄψιν
1531 724 1570 761 τὸ
1590 723 1687 763 αὐτό.
1705 723 1751 764 Ὁ
1769 724 1804 763 δὲ
1818 724 1998 763 ἐκέλευσεν
2010 724 2114 764 αὐτὸν
2131 726 2310 779 φυλαχθῆ-

1263 796 1337 828 ναι,
1359 783 1405 825 ὡς
1427 781 1469 819 ἂν
1486 784 1546 828 τῆς
1559 781 1692 834 ἡμέρας
1707 782 1839 830 ἐκείνης
1853 782 2112 834 διαδραμούσης
2131 786 2309 838 ἀναιρεθῇ·

1263 838 1354 877 ἀλλὰ
1374 839 1534 884 θανόντος
1555 843 1615 878 τοῦ
1642 840 1828 892 βασιλέως,
1855 841 2011 889 ἀπελύθη
2040 841 2208 889 ἀὸλαὸής.
2233 841 2312 894 Πρὸ

1262 901 1478 948 Δομετιανοῦ
1495 898 1599 943 Τίτος
1615 898 1846 953 πρεσὸύτερος
1857 900 2004 953 ἀδελφὸς
2017 901 2124 939 αὐτοῦ
2135 931 2147 952 ,
2162 902 2224 949 ἐτη
2235 900 2311 952 δύο,

1263 960 1374 1007 μῆνας
1393 956 1485 995 ὀκτὼ
1496 987 1508 1009 ,
1528 957 1662 1010 ἡμέρας
1677 958 1724 998 κ’.

1677 1039 1894 1080 ΝΕΡΒΑΣ.

1746 1129 1833 1166 109.
2176 1128 2189 1145 θ

1315 1185 1415 1223 Ibid.
1433 1197 1474 1234 p.
1495 1185 1570 1235 396
1595 1199 1603 1221 ι
1627 1183 1766 1236 Νέρὸας
1782 1183 1897 1235 ἔλεγεν
1917 1185 1964 1228 ὡς
1987 1202 2003 1219 «
2029 1183 2143 1224 Οὐδὲν
2157 1188 2311 1225 τοιοῦτον

1261 1241 1464 1292 πεποίηκα,
1487 1240 1577 1280 ὥστε
1599 1241 1648 1293 μὴ
1682 1242 1848 1280 δύνασθαι
1867 1241 1930 1289 τὴν
1960 1241 2073 1295 ἀρχὴν
2099 1242 2315 1282 καταθέσθαι

1261 1300 1321 1339 καὶ
1338 1302 1503 1354 ἀσφαλῶς
1516 1302 1730 1340 ἰδιωτεῦσαι.
1745 1318 1760 1336 »
1774 1299 1846 1339 Καί
1857 1316 1927 1339 τισι
1937 1300 1973 1340 δὲ
1984 1301 2092 1340 ἔδωκε
2107 1301 2200 1356 ξίφη,
2215 1301 2312 1354 λόγῳ

1263 1358 1324 1409 μὲν
1341 1359 1399 1398 ἵνα
1420 1359 1679 1413 ἐπισκέψωνται
1699 1358 1789 1398 αὗτὰ
1810 1361 1840 1398 εἷ
1859 1359 1938 1404 ὀξέα
1958 1361 2045 1399 εἰσὶν
2058 1390 2069 1409 ,
2090 1360 2188 1414 ἔργῳ·
2198 1359 2234 1399 δὲ
2255 1362 2311 1399 ἓν·

1262 1418 1478 1468 δεικνύμενος
1490 1447 1501 1468 ,
1516 1420 1562 1460 ὡς
1579 1417 1676 1456 οὐδὲν
1692 1420 1788 1471 αὐτῷ
1805 1418 1903 1469 μέλει
1916 1417 1981 1457 κᾶν
1999 1422 2221 1473 παραχρῆμα
2231 1421 2316 1458 ἀπο-

1262 1476 1363 1528 θάνῃ.
1390 1472 1503 1521 Οὗτος
1522 1475 1758 1529 ἀπηγόρευσεν
1779 1476 1955 1527 ἐκτέμνειν
1976 1478 2010 1516 ἐν
2027 1477 2172 1530 Ῥώμῄ.

1744 1561 1760 1584 1
1771 1561 1785 1583 1
1793 1561 1832 1588 ο.

1316 1613 1411 1650 Exc.
1435 1614 1492 1649 De
1521 1613 1591 1648 ins.
1614 1624 1653 1661 p.
1677 1624 1726 1659 29
1755 1622 1764 1649 :
1784 1609 1870 1650 ‘'Ou
1898 1609 2064 1662 Νέρὸας,
2086 1610 2206 1658 ἐπειδὴ
2226 1611 2312 1664 πρός

1263 1686 1365 1708 τινων
1383 1669 1442 1707 διὰ
1461 1669 1500 1707 τὸ
1519 1672 1628 1720 γῆρας
1644 1669 1916 1721 καταφρονηθεὶς
1931 1669 2164 1718 ἐπεὸουλεύθη
2180 1670 2313 1709 πολλά-

1262 1744 1334 1776 κις,
1356 1728 1417 1767 καὶ
1440 1727 1496 1766 τὸν
1515 1726 1711 1779 Πετρώνιον
1729 1727 1789 1765 καὶ
1815 1726 1872 1765 τὸν
1891 1727 2102 1779 Παρθένιον,
2120 1731 2312 1782 προσφιλε-

1264 1787 1408 1831 στάτους
1419 1787 1532 1834 ὄντας,
1547 1787 1705 1824 ἐκδοῦναι
1718 1787 1789 1830 τοῖς
1803 1785 2030 1838 στρατιώταις
2043 1787 2128 1838 πρὸς
2145 1789 2312 1833 Αἰλιανοῦ

1265 1850 1325 1885 τοῦ
1342 1848 1410 1884 τῶν
1431 1844 1628 1898 δορυφόρων
1648 1843 1844 1896 ἡγουμένου
1864 1844 2024 1891 ε’ὅιάσθη·
2044 1846 2097 1898 ἐφ’
2119 1839 2167 1890 οἷς
2189 1844 2232 1893 δὴ
2252 1845 2312 1884 καὶ

1265 1905 1397 1957 σφόδρα
1414 1906 1548 1951 ἠνιᾶτο.
1572 1902 1724 1953 Λέγεται
1744 1901 1780 1940 δὲ
1805 1905 1974 1955 Τραϊανῷ
1994 1903 2086 1942 ἄλλα
2102 1903 2141 1942 τέ
2159 1919 2237 1942 τινα
2255 1919 2315 1942 τε·

1263 1965 1393 2002 λευτῶν
1412 1961 1591 2014 αὐτοχειρὶ
1621 1962 1837 2012 ἐπιστεῖλαι,
1861 1961 1922 1999 καὶ
1941 1960 1999 2000 τὸν
2020 1961 2214 2016 Ὁμηρικὸν
2235 1963 2310 2016 (11.

1266 2038 1305 2068 α,
1328 2020 1399 2073 4²)
1420 2021 1587 2059 ἐπιθεῖναι
1603 2020 1742 2072 στίχον,

1388 2102 1515 2134 Τίσειαν
1531 2101 1647 2134 Δαναοὶ
1662 2101 1723 2142 ἐμὰ
1735 2100 1854 2141 δάκρυα
1861 2102 1946 2132 σοῖσι
1963 2100 2118 2142 βέλεσσιν.

1651 2185 1924 2231 ΤΡΑῙΑΝΟΣ.

1740 2286 1829 2312 111.

1318 2346 1573 2385 Exc.Devirt.
1590 2357 1631 2393 p.
1651 2343 1727 2380 818
1740 2357 1748 2379 :
1763 2339 1850 2381 ‘'o-:2
1867 2341 2041 2394 Τραϊανὸς
2049 2346 2121 2385 τοῖς
2135 2341 2313 2394 Χριστια-

1266 2404 1332 2448 νοῒς
1358 2403 1546 2454 ἀνακωχήν
1575 2418 1652 2440 τινα
1680 2404 1742 2448 τῆς
1770 2400 1937 2452 τιμωρίας
1953 2398 2144 2453 παρέσχεν.
2167 2401 2214 2440 Οἱ
2244 2399 2314 2452 γὰρ

1265 2462 1356 2502 κατὰ
1376 2461 1496 2515 καιρὸν
1517 2459 1584 2499 ὑπὸ
1603 2463 1672 2499 τῶν
1690 2458 1879 2509 Ῥωμαίων
1898 2458 1959 2503 τὰς
1977 2456 2088 2511 ἀρχὰς
2106 2457 2313 2509 ὠνούμενοι,

1265 2521 1350 2574 πρὸς
1375 2520 1561 2574 θεραπείαν
1585 2522 1654 2558 τῶν
1673 2518 1751 2557 τότε
1779 2517 1950 2570 βασιλέων
1977 2517 2159 2570 διαφόρους
2183 2518 2314 2569 ἐπῆγον

1265 2582 1336 2624 τοῖς
1358 2581 1582 2632 Χριστιανοῒς
1608 2577 1782 2621 κολάσεις.
1798 2575 1904 2616 ’Ὀθεν
1924 2575 1985 2615 καὶ
2006 2575 2213 2629 Τιὸεριανὸς
2229 2578 2313 2626 ἡγε·

154 2711 194 2718 --
206 2692 328 2723 παῖδα
343 2695 411 2723 τοῦ
430 2691 572 2733 Τίτου]
586 2692 686 2723 immo
702 2691 895 2723 Corbulonis
909 2691 972 2722 tilia
994 2691 1134 2722 Domitia
1150 2692 1230 2723 erat.
1245 2690 1422 2722 confundit
1437 2691 1607 2730 excerptor
1621 2689 1796 2721 Domitiam
1809 2697 1884 2719 cum
1903 2687 2008 2727 Julia,
2026 2686 2089 2720 Titi
2105 2687 2125 2720 t'.
2135 2711 2145 2728 ,
2163 2695 2237 2719 cum
2249 2694 2316 2728 qun

155 2748 221 2770 rem
240 2739 440 2770 Domitianus
453 2739 575 2770 habuit.
594 2757 634 2762 —
653 2738 890 2780 Νωρὸανοῦ]
907 2739 1002 2778 Νορῧ.
1019 2737 1138 2769 codex.
1155 2739 1306 2769 Ceterum
1331 2739 1520 2777 excerptum
1542 2737 1602 2767 hoc
1621 2736 1717 2767 etiam
1742 2734 1856 2768 suidas
1876 2744 1908 2767 v.
1923 2736 2111 2775 Δομετιανὸς
2126 2734 2242 2773 habet,
2256 2733 2311 2766 sed

154 2786 247 2818 valde
261 2785 412 2817 mutilum
429 2798 437 2817 ε
453 2786 551 2822 Οὗτος
565 2787 616 2818 διὰ
630 2787 665 2818 τὸ
679 2787 801 2827 φονικὸν
812 2786 864 2817 καὶ
879 2785 1022 2826 θηριῶδες
1036 2784 1176 2824 ἔχθιστος
1189 2786 1232 2815 ὢν
1246 2785 1319 2825 πρὸς
1330 2788 1391 2816 τῶν
1403 2784 1526 2816 οἰκείων
1539 2783 1720 2815 συστάντων
1736 2782 1784 2814 ἐπ’
1794 2783 1880 2823 αὐτῷ
1893 2781 2126 2813 κατακτείνεται
2139 2804 2149 2820 ,
2161 2781 2213 2812 καὶ
2225 2780 2314 2811 *πα-

155 2834 446 2874 ρασκευασαμὲνους
465 2834 635 2874 εἰσπέμψαι
650 2834 705 2865 σὺν
723 2833 840 2874 ξιφιδίῳ
859 2832 1010 2872 Στεφανόν
1024 2832 1076 2862 τὸν
1093 2831 1291 2872 ἀπελεύθερον
1305 2840 1311 2846 ’
1328 2832 1380 2862 καὶ
1393 2834 1502 2862 τοῦτον
1518 2829 1737 2871 προσπεσόντα
1750 2830 1931 2869 Δομετιανῷ
1944 2827 2121 2859 καθεύδοντι
2134 2827 2170 2859 τὸ
2184 2827 2315 2868 μεθημε-

156 2882 236 2920 ρινον
252 2880 384 2916 πατάξαι
409 2881 462 2920 μὲν
472 2905 480 2920 ,
497 2881 532 2911 οὐ
548 2882 607 2921 μὴν
626 2882 749 2922 καιρίαν
762 2889 767 2895 ·
784 2880 1039 2917 ἀναπηδήσαντος
1053 2882 1126 2918 γοῦν
1141 2879 1258 2910 ἐκείνου
1273 2878 1322 2909 **.
1339 2895 1382 2900 —-—
1394 2876 1610 2918 Λαργῖνον]
1637 2876 1810 2917 Λαργίκνον
1824 2874 1937 2906 codex.
1951 2875 1991 2906 V.
2007 2874 2159 2914 xiphilin.
2175 2874 2294 2905 van
2303 2896 2314 2912 ‚

160 2931 195 2958 16
209 2939 217 2967 ;
233 2929 375 2959 Zonaras
389 2936 421 2967 p.
437 2930 514 2966 581,
527 2930 562 2959 C.
578 2949 620 2954 —
633 2926 958 2966 ἀποδηλώσαντα]
973 2927 1182 2957 ἁπολώσαντα
1192 2926 1304 2957 codex.
1319 2942 1360 2948 -—
1373 2925 1535 2956 κάκεῖνο
1553 2924 1591 2955 δὲ
1605 2922 1830 2963 θαυμαστὸν
1843 2922 1926 2952 κτλ.
1938 2920 2001 2961 ]V.
2015 2920 2168 2961 xiphilin.
2182 2921 2314 2959 LXVII,

160 2978 220 3013 ¹83
236 2977 350 3006 Zonar.
366 2983 399 3014 p.
416 2978 487 3013 582,
503 2977 546 3014 Α;
563 2976 770 3007 Philostratus
788 2977 860 3006 Vlll
872 2998 881 3014 ,
896 2979 934 3006 26
948 2983 996 3014 sq.
1011 2975 1143 3005 Tzetzes
1161 2974 1244 3006 Cliil.
1264 2974 1307 3005 lll
1320 2999 1327 3012 ,
1345 2981 1377 3003 v.
1393 2975 1463 3003 962.

200 3023 252 3054 Fr.
280 3024 350 3054 108.
374 3023 398 3053 T
408 3032 425 3052 ο
435 3022 452 3053 b
463 3033 476 3057 ς
502 3023 519 3053 δ
529 3033 542 3052 ε
553 3034 572 3053 σ
583 3033 629 3062 μο
639 3023 657 3053 b
668 3034 680 3058 ς
706 3023 766 3054 διε
778 3033 829 3054 σπ
841 3021 886 3062 άρ
898 3022 971 3057 αξα
981 3032 997 3052 ν
1009 3020 1020 3061 l
1036 3022 1075 3052 V.
1095 3020 1275 3060 Xiphilinus
1294 3021 1420 3058 LXVH,
1438 3022 1487 3057 16,
1507 3017 1561 3048 ubi
1576 3025 1662 3047 nunc
1674 3015 1808 3055 iegitur:
1825 3017 1846 3053 ἡ
1862 3015 1894 3046 δὲ
1910 3013 1992 3055 πυρὰ
2006 3013 2155 3052 ἐσὸέσθη,
2171 3013 2315 3046 κάκεῖνον

157 3069 244 3104 κυνὲς
257 3069 361 3099 ὀπίσω
381 3069 426 3100 τὼ
441 3072 522 3110 χεῖρε
536 3070 694 3110 δεδεμένον
708 3071 760 3101 καὶ
775 3069 967 3109 ἐπικείμενον
982 3068 1030 3099 ἐπ’
1053 3068 1148 3105 αὐτῆς
1165 3067 1298 3109 εὑρόντες
1317 3064 1536 3105 διεσπάραξαν.
1555 3063 1608 3095 Sic
1629 3063 1726 3094 etiam
1740 3063 1874 3093 Sueten.
1898 3063 1994 3092 Dom.
2017 3068 2046 3092 c.
2067 3064 2116 3091 15.
2134 3060 2177 3091 At
2193 3060 2314 3092 libera-

158 3118 229 3148 tum
246 3115 352 3155 potius
365 3124 383 3146 a
397 3116 528 3147 canibus
542 3116 703 3148 hominem
717 3126 802 3156 esse,
817 3125 892 3147 cum
905 3117 1015 3148 nostro
1029 3115 1126 3147 refert
1139 3115 1297 3145 Manasses
1312 3111 1432 3143 Cliton.
1449 3119 1480 3150 p.
1499 3112 1551 3141 43.
1572 3128 1612 3134 -
1628 3107 1799 3144 ἐπεκάθητο
1813 3104 1962 3146 ἔνοπλος]
1983 3114 2048 3137 non
2063 3113 2098 3137 se
2119 3105 2244 3145 ipsum,
2258 3103 2312 3138 sed

158 3164 335 3194 Minervam
354 3162 443 3193 vidit.
460 3163 652 3203 Xipl1ilin.l.
671 3165 692 3195 l.
712 3177 719 3196 ε
743 3165 798 3202 τὴν
813 3163 937 3201 Ἀθηνᾶν
949 3185 958 3201 ,
976 3163 1013 3200 ἣν
1036 3163 1068 3194 ἐν
1090 3163 1136 3202 τῷ
1157 3162 1282 3192 κοιτῶνι
1297 3158 1458 3199 ἱδρυμένην
1473 3157 1559 3197 εἶχε,
1582 3156 1622 3187 τὰ
1644 3155 1726 3187 ὅπλα
1741 3154 1987 3191 ἀποὸεὸληκέναι
1999 3177 2008 3194 ,
2022 3153 2076 3184 καὶ
2090 3151 2151 3190 ,ἐπὶ
2176 3151 2312 3193 ἅρματος

158 3211 264 3242 ἳππων
282 3210 422 3251 μελάνων
442 3210 471 3245 ἐς
488 3211 598 3251 χάσμα
616 3210 776 3243 ἐσπίπτειν
794 3211 886 3247 ἔδοξε.
901 3210 950 3242 cf.
967 3211 1099 3242 sueton.
1113 3209 1136 3240 l.
1151 3208 1173 3240 l.
1190 3225 1229 3230 -
1246 3203 1419 3247 Λαργῖνος]
1433 3203 1556 3244 λάργιος
1569 3201 1685 3233 (50(ῙΘΧ-

202 3258 255 3288 Fr.
283 3259 352 3288 109.
374 3258 413 3287 V.
435 3257 588 3295 xiphilin.
606 3259 735 3289 LXVlil
746 3281 754 3296 ‚
771 3262 799 3289 3.
812 3274 853 3279 -—
865 3255 967 3297 τισιν]
981 3264 1026 3288 sc.
1044 3254 1219 3296 calpurnio
1230 3255 1345 3286 Crasso
1357 3251 1490 3291 ejusque
1510 3249 1604 3282 sociis
1617 3247 1853 3289 conjurationis.
1865 3266 1902 3274 -
1920 3243 2148 3287 ἐκτέμνειν]
2169 3244 2313 3286 εὐνουχί-

160 3304 264 3340 ζεσθαι
278 3303 371 3343 Xiph.
390 3303 410 3334 l.
431 3303 453 3335 Ι.
469 3312 497 3334 c.
517 3308 546 3334 2.

203 3353 256 3383 Fr.
281 3353 350 3382 110.
368 3349 580 3390 Αἰλιανοῠ]
595 3350 722 3381 κλιανοῦ
741 3349 854 3381 codex.
872 3350 912 3380 V.
927 3348 1082 3389 Xipliilin.
1096 3347 1247 3385 LXVffl,
1265 3349 1296 3378 3.
1318 3347 1365 3378 De
1382 3353 1472 3385 seqq.
1490 3343 1534 3376 cf.
1552 3341 1638 3374 idem
1654 3350 1684 3373 c.
1700 3344 1739 3381 4,
1759 3343 1875 3373 Zonar.
1894 3348 1927 3380 p.
1947 3341 2025 3379 584,
2042 3340 2082 3371 A.

203 3398 253 3428 Fr.
277 3401 345 3428 111.
361 3395 478 3427 Eadem
493 3395 606 3427 suidas
619 3404 649 3426 v.
664 3395 826 3436 Τραϊανός.
838 3395 1006 3427 Antecedit
1019 3394 1103 3434 apud
1117 3394 1246 3427 suidam
1260 3393 1350 3425 locus
1359 3416 1369 3432 ‚
1379 3400 1477 3432 quem
1490 3390 1531 3422 ad
1543 3390 1681 3422 eundem
1695 3389 1931 3425 Antiochenam
1944 3385 2152 3428 probabiliter
2163 3385 2284 3418 referas
2299 3394 2308 3416 ε

162 3444 311 3484 Τραϊανὸς
322 3467 332 3483 ,
351 3443 494 3484 βασιλεὺς
507 3442 675 3483 Ῥωμαίων
687 3466 696 3482 ,
714 3443 746 3477 ὃς
763 3442 876 3480 ἀγαθὸς
896 3443 949 3473 καὶ
976 3443 1183 3483 μισοπονηρὸς
1201 3441 1254 3472 καὶ
1273 3440 1392 3475 δίκαιος
1413 3441 1564 3470 τοσοῦτον
1583 3438 1742 3478 ὑπῆρχεν,
1765 3438 1849 3467 ὥστε
1870 3435 1944 3467 ποτὲ
1960 3434 2127 3475 γυμνώσας
2147 3431 2307 3473 ῥομφαίαν
