2326 3724
110 237 184 272 116

96 319 274 365 Ζήνωνος,
295 311 362 361 οἶος
383 317 446 366 μὲν
465 318 641 368 τολμῆσαι
654 314 713 354 καὶ
731 314 903 367 πρόθυμος
923 315 1091 366 ἐγχειρεῖν
1109 314 1141 356 ἐς

97 375 269 427 πολέμους
286 376 453 427 ἑτοίμως,
474 377 512 414 οὗ
531 375 647 425 μέντοι
663 373 702 412 τὸ
718 373 893 427 προμηθὲς
909 367 1001 424 εἶχεν
1021 374 1054 410 ἐν
1074 374 1142 415 τοῖς

97 435 286 481 κινδύνοις,
316 434 391 473 οὐδὲ
420 434 546 487 βουλὴν
568 432 734 486 πρότερον
763 431 1018 481 ποιησάμενος,
1037 429 1140 482 ὥρμα

97 493 181 545 πρὸς
201 494 218 532 ὃ
239 493 383 532 ἔσπευδε
405 492 580 546 πράττειν,
603 491 680 529 ἀλλ’
699 490 763 535 ἔξω
785 494 842 528 τοῦ
863 492 1032 539 λογισμοῦ
1058 488 1143 540 πρὸς

96 551 141 588 τὰ
171 550 255 605 ἔργα
289 551 425 603 ἐχώρει.
461 551 530 590 Καὶ
561 549 600 587 τὸ
635 549 847 600 ἐμπλήκτως
880 548 936 592 ὀξὺ
966 550 1000 585 ἐν
1024 547 1143 599 ἀνδρὸς

100 610 205 662 μοίρᾳ
226 610 366 648 ἐτίθετο.
389 609 507 661 ’Όπερ
528 607 569 655 δὴ
603 608 661 646 καὶ
698 607 852 658 μάλιστα
875 606 976 644 αὐτὸν
1001 605 1142 657 ὕστερον

98 668 256 722 ἔσφηλεν.
273 666 287 722 ]
319 669 459 706 Malchi
478 670 557 705 haec
578 681 655 705 esse
670 668 838 704 Valesius
853 667 1014 705 monuit.

506 769 543 804 6·
582 767 682 816 (475
711 767 721 816 )

153 868 307 919 [Suidas
328 881 335 903 :
357 865 555 918 Ἔρύθριος,
570 865 720 917 ἔπαρχος
740 863 887 916 γεγονὼς
903 863 959 902 ἐπὶ
971 863 1142 910 Ζήνωνος.

101 924 170 968 ιὋς
191 925 265 962 ἐπεὶ
285 924 372 974 μήτε
393 924 436 961 τὰ
456 923 555 961 κοινὰ
573 924 782 975 διαρκοῦντα
802 922 913 975 ἐώρα,
934 922 1023 971 μήτε
1043 921 1145 973 βάρος

96 983 296 1034 προσθεῖναι
312 985 429 1020 πλεῖον
446 986 506 1020 τοῦ
523 981 733 1032 τεταγμένου
754 986 823 1023 τοῖς
837 980 1033 1018 συντελέσιν
1053 978 1144 1025 ἠνεί-

98 1055 203 1091 χετο,
222 1041 310 1091 μήτε
331 1039 407 1078 τινὰ
433 1045 542 1078 ποιεῖν
566 1039 729 1091 πονηρὸν,
745 1040 790 1082 ὡς
817 1037 864 1076 ὢν
883 1037 1144 1090 φιλάνθρωπος,

99 1101 167 1136 τῶν
194 1098 425 1151 ὀφειλομένων
459 1098 611 1144 ἠδύνατο
640 1096 756 1149 χάριν,
789 1095 1019 1146 αἰτησάμενος
1049 1095 1146 1147 παρὰ

99 1158 258 1204 Ζήνωνος
284 1156 414 1204 ταύτης
444 1161 505 1204 τ’ἧς
531 1159 643 1209 ἀρχῆς
666 1155 856 1194 ἐπαύσατο.
888 1155 1015 1202 Λύπην
1042 1155 1078 1192 δὲ
1101 1157 1144 1207 τῇ

98 1217 196 1254 πόλει
216 1215 407 1268 παρέσχεν,
426 1216 529 1263 ἡνίκα
543 1215 671 1261 ταύτην
690 1214 851 1253 ἀπέθετο.
867 1214 980 1257 Μόνος
995 1212 1063 1265 γὰρ
1078 1215 1145 1251 τῶν

97 1275 287 1312 τελούντων
309 1274 382 1312 τότε
404 1276 450 1318 εἷς
466 1273 530 1320 τὴν
550 1273 727 1312 πολιτείαν
747 1267 843 1316 οὗτος
860 1272 917 1310 ἐπὶ
936 1275 986 1324 τῷ
1006 1271 1146 1311 πάντων

100 1334 219 1385 ἀγαθῷ
248 1333 435 1386 ἐπεφύκει,
468 1333 613 1376 θάττους
632 1331 694 1383 μὲν
725 1331 786 1377 τὰς
811 1331 957 1385 χάριτας
980 1332 1146 1385 παρέχων

98 1397 168 1434 τοῖς
200 1391 430 1442 αἰτουμένοις,
462 1393 524 1430 οὐκ
554 1392 643 1444 ἔχων
676 1390 716 1431 δέ
740 1408 818 1430 τινα
849 1391 1054 1430 παντάπασι
1078 1394 1146 1429 τῶν

100 1450 228 1502 πρόσθε
248 1449 577 1504 προσκεκρουκότων
594 1450 799 1502 ἀμύνεσθαι.
828 1450 880 1490 Τὸ
897 1451 932 1488 δὲ
946 1450 1058 1488 κοινὸν
1070 1449 1147 1488 τότε

101 1510 147 1552 εἷς
161 1515 277 1548 πᾶσαν
293 1510 442 1562 ἀπορίαν
457 1511 698 1561 κατῆλθεν,ὡς
713 1509 820 1560 μηδὲν
835 1509 927 1561 ἔχειν
941 1508 1142 1549 ὑπόλοιπον.

99 1567 138 1606 Ἄ
157 1585 194 1606 τε
209 1568 274 1619 γὰρ
292 1570 327 1606 ἐν
343 1570 392 1621 τῷ
410 1571 513 1620 κοινῷ
530 1571 665 1621 ταμείῳ
684 1568 783 1607 Λέων
799 1568 984 1606 κατέλιπεν
1002 1567 1148 1613 ἀποθνή-

100 1642 193 1664 σκων
214 1628 279 1665 ὑπὸ
299 1628 457 1673 Ζήνωνος
476 1626 567 1679 ταχὺ
588 1626 775 1665 ἐκεκένωτο
794 1626 909 1664 πάντα
923 1655 933 1675 ,
949 1625 1062 1663 πολλὰ
1084 1623 1146 1675 μὲν

100 1686 329 1737 χαριζομένου
337 1686 404 1728 τοῖς
414 1685 534 1739 φίλοις,
546 1688 590 1728 ὡς
603 1685 737 1737 ἔτυχεν,
748 1685 809 1722 οὐκ
820 1683 914 1727 ὄντος
925 1682 959 1721 δὲ
973 1684 1146 1734 ἀκριὸοῧς,

100 1743 190 1782 ὥστε
210 1743 389 1795 γινώσκειν
417 1743 523 1791 αὐτὰ,
546 1743 578 1782 εἴ
609 1759 658 1790 πη
688 1743 747 1781 καὶ
769 1743 882 1786 ἄλλως
907 1741 1146 1793 κλέπτοιντο.]

100 1805 321 1852 Erythrium
344 1805 564 1854 praesectum
588 1805 769 1853 praetorio
797 1803 908 1838 fuisse
936 1803 1043 1838 annis
1073 1802 1146 1848 473

101 1871 137 1898 et
159 1868 232 1909 474
261 1877 306 1899 ex
331 1864 478 1911 legibus
497 1863 725 1911 quibusdam
750 1863 790 1897 in
821 1862 909 1898 cod.
943 1862 1144 1897 Justinian.

102 1923 235 1968 liquet.
270 1922 372 1957 Idem
391 1922 591 1970 praefectus
614 1921 738 1956 adbuc
770 1920 840 1955 fuit
860 1932 961 1955 anno
984 1918 1058 1965 475
1084 1921 1145 1968 (v.
1170 1944 1175 1948 -

100 1982 314 2016 Tillemont.
339 1981 389 2018 VI
403 2008 412 2025 ‚
430 1994 470 2029 p.
491 1980 606 2029 478).
626 1981 813 2016 Successit
832 1980 866 2014 ei
886 1979 1147 2023 Sebastianus,

102 2052 215 2086 quem
225 2039 446 2088 praefectum
461 2039 573 2074 fuisse
585 2051 712 2074 mense
726 2040 820 2074 Dee.
835 2050 896 2072 an.
916 2043 935 2081 4
945 2051 1008 2083 77,
1018 2038 1149 2085 paullo

100 2106 187 2146 post
201 2110 316 2146 quam
331 2100 433 2134 Zeno
451 2110 497 2133 ex
514 2098 601 2146 fuga
616 2097 797 2141 redierat,
814 2097 914 2144 leges
930 2097 1092 2132 Zenonis
1111 2097 1150 2130 in

102 2156 189 2191 cod.
212 2158 308 2194 Just.
326 2156 493 2204 probant
519 2155 567 2204 (v.
587 2156 735 2190 Tillem.
754 2168 795 2203 p.
824 2154 934 2203 590).
950 2155 1150 2202 Erythrius

102 2215 217 2262 igitur
248 2217 373 2250 statim
401 2222 488 2263 post
512 2215 678 2251 reditum
704 2215 867 2250 Zenonis
899 2214 1038 2262 (mens.
1062 2214 1146 2249 Oct.

103 2273 217 2321 477),
233 2274 307 2317 vel,
328 2274 433 2321 quod
444 2274 684 2322 probabilius
703 2280 758 2308 est
771 2299 781 2317 ,
801 2273 931 2321 paullo
948 2280 1150 2319 antequam

102 2332 310 2379 imperator
332 2333 477 2368 Verinae
503 2339 540 2368 et
572 2333 741 2367 Basilisci
773 2331 919 2366 insidiis
951 2332 990 2366 in
1022 2331 1149 2378 fugam

104 2390 393 2436 compelleretur
427 2390 522 2439 (Jul,
538 2402 598 2425 an.
633 2389 706 2435 475
720 2388 730 2437 >
745 2415 755 2433 ,
786 2402 924 2424 munus
953 2389 1144 2437 deposuit.

102 2499 198 2529 criter
215 2499 426 2530 conserendas
447 2499 594 2531 :nullam
621 2508 698 2530 vero
721 2498 924 2539 prudentiam
946 2499 979 2529 in
1001 2498 1151 2539 periculis

103 2550 259 2589 habebat,
274 2559 378 2590 neque
397 2551 630 2583 consultatione
643 2552 731 2591 prius
747 2550 874 2590 habita,
890 2550 946 2582 sed
962 2551 1030 2581 sine
1045 2550 1149 2581 consi-

108 2601 148 2632 lio
165 2604 198 2633 et
219 2603 339 2633 temere
361 2603 401 2633 ad
418 2612 468 2634 res
492 2603 645 2642 gerendas
668 2602 857 2641 accedebat,
875 2603 907 2634 et
934 2602 1150 2634 inconffliltam

103 2653 299 2684 celeritatem
312 2654 418 2685 surore
434 2655 587 2695 percitam
602 2654 670 2686 viro
691 2653 765 2686 sorti
784 2653 957 2685 convenire
970 2653 1147 2693 iudicabat.

104 2705 197 2742 Quod
216 2706 311 2737 etiam
329 2707 438 2746 postea
455 2707 511 2747 ipsi
529 2708 789 2747 gravissimorum
803 2715 938 2738 casuum
964 2715 1060 2738 causa
1076 2706 1148 2737 fuit.

607 2779 641 2811 6.

139 2847 308 2887 Erytlirius
329 2848 497 2887 praefectus
517 2849 667 2889 praetorio
692 2850 752 2882 snb
780 2852 924 2888 Zenone,
951 2849 1026 2890 qui,
1047 2857 1150 2889 quum

104 2907 210 2938 neque
239 2898 351 2929 fiscum
385 2899 530 2931 sufficere
555 2901 699 2938 videret,
725 2910 784 2932 nec
815 2901 944 2932 tributis
969 2900 1152 2932 constitutis

103 2950 232 2990 gravius
256 2959 338 2981 onus
363 2949 498 2989 addere,
522 2960 626 2991 neque
642 2953 714 2983 aeris
729 2952 821 2984 alieni
844 2952 1035 2984 dissolvendi
1051 2952 1151 2992 gratia

105 3001 221 3040 injuste
247 3001 395 3041 cuiquam
422 3002 486 3033 vim
507 3003 640 3041 interm,
662 3006 771 3043 utpote
788 3006 845 3035 ‘vir
870 3004 1047 3044 humanus,
1061 3004 1153 3036 susti-

104 3054 212 3091 neret,
237 3055 396 3084 Zenonem
422 3054 563 3093 rogavit,
588 3056 625 3086 ut
644 3055 702 3086 sibi
725 3055 909 3094 magistratu
935 3056 989 3087 illo
1007 3056 1095 3088 abire
1113 3056 1151 3087 li-

106 3106 192 3136 ceret
208 3117 215 3136 :
232 3104 319 3145 quod
338 3105 531 3145 impetravit.
551 3107 701 3138 Dolorem
711 3109 818 3139 autem
832 3108 956 3139 civibus
968 3117 1096 3148 gravem
1110 3109 1151 3139 at-

105 3156 197 3196 tulit,
215 3165 317 3196 quum
335 3155 475 3188 officium
497 3166 592 3189 suum
614 3157 799 3198 deponeret.
843 3161 893 3190 Ex
911 3159 950 3190 iis
971 3159 1074 3199 enim,
1095 3159 1151 3199 qui

107 3210 186 3239 tunc
203 3207 387 3247 reipublicae
398 3210 573 3248 praeerant,
589 3209 676 3240 solus
691 3209 731 3240 ad
743 3209 887 3241 omnium
904 3218 1074 3242 commune
1093 3211 1151 3242 bo-

106 3268 184 3290 num
200 3261 294 3290 natus
317 3261 396 3290 erat.
412 3261 492 3291 Nam
521 3251 700 3299 petentibus
713 3263 859 3301 prompte
887 3261 1040 3294 beneficia
1069 3273 1152 3303 pree-

106 3312 223 3351 stabat‚
234 3320 293 3343 nec
301 3320 486 3352 quenquam
499 3312 541 3343 ob
552 3313 673 3344 veteres
683 3313 819 3345 offensas
831 3313 940 3345 ulcisci
950 3315 1092 3347 animum
1105 3317 1150 3348 in-

107 3364 209 3395 duxit.
218 3364 327 3396 Fiscus
334 3365 442 3395 autem
451 3363 489 3395 ad
497 3373 655 3395 summam
665 3366 827 3405 penuriam
837 3367 913 3397 tunc
922 3366 1105 3408 devenerat,
1114 3370 1151 3400 ut

108 3416 140 3446 in
150 3424 188 3447 eo
199 3415 274 3447 nihil
289 3417 370 3447 esset
381 3415 550 3456 reliquum.
566 3418 645 3448 Nam
659 3425 733 3456 quoe
748 3419 810 3448 Leo
825 3417 962 3450 moriens
980 3419 1150 3459 reliquerat

826 226 1025 266 MALCHI
1056 222 1526 265 PHILADELPHENSIS

1205 318 1262 356 Cf.
1295 318 1342 354 de
1369 317 1506 354 eodem
1535 315 1759 353 Tillcmont.'
1779 329 1820 364 p.
1856 320 1928 359 402
1981 316 2054 360 403
2089 323 2126 352 et
2156 314 2246 362 577.

1205 377 1311 413 Idem
1336 376 1589 424 probabiliter
1615 382 1669 411 est
1689 376 1887 422 Erythrius
1910 374 2017 421 cujus
2042 375 2186 410 mentio
2207 373 2251 410 fit

1205 447 1268 483 ap.
1301 434 1456 477 Suidam
1486 447 1494 469 :
1527 431 1746 479 Πανόλὸιος,
1775 432 1867 468 ἐπῶν
1899 431 2057 478 ποιητής.
2084 428 2210 483 Ἔγρα·
2232 445 2248 468 ε

1206 490 1371 543 διάφορα,
1391 490 1451 528 καὶ
1474 490 1557 542 πρὸς
1582 489 1740 542 Αἷθέριον
1761 488 1850 539 μετὰ
1868 488 1931 536 τὴν
1951 489 2051 528 νόσον
2076 490 2119 526 δι’
2143 490 2248 526 ἐπῶν·

1204 549 1382 600 καὶπρὸς
1394 549 1404 562 ’
1417 551 1470 601 Ep
1482 549 1525 586 ύθ
1535 564 1553 600 ρ
1565 563 1624 586 ιον
1635 578 1646 599 ,
1664 548 1724 586 καὶ
1735 548 1819 599 πρὸς
1832 547 2010 600 Δωρόθεον
2024 546 2180 599 ἡγεμόνα
2190 547 2251 585 καὶ

1205 606 1344 657 κόμητα
1354 622 1361 631 ·
1375 606 1434 645 καὶ
1449 609 1494 650 είς
1508 606 1680 658 Ἀφθόνιον
1695 606 1845 655 κόμητα·
1864 606 1923 644 καὶ
1936 606 2117 659 ἐπιτάφιον
2135 605 2251 644 ‘Yiron-

1207 664 1283 709 τίας
1303 664 1470 718 θυγατρὸς
1490 664 1685 716 Ἓρυθρίου.
1706 668 1826 702 Porro
1849 666 2011 702 adhunc
2031 666 2252 713 Erythrium
2280 659 2283 663 ’

1207 725 1403 760 Reinesius
1412 724 1526 760 refert
1538 737 1620 772 quae
1634 737 1654 760 e
1666 724 1867 760 Damascio
1877 724 1992 760 habet
2001 725 2134 760 Sm’das
2143 737 2178 760 v.
2192 721 2252 761 ‘H-

1213 780 1352 833 ραΐσκος
1366 779 1474 820 ε”Οτε
1483 779 1550 833 γὰρ
1565 780 1756 831 Ἀμμώνιος
1768 780 1827 818 καὶ
1841 780 2018 833 Ἔρύθριος
2032 782 2049 818 ὁ
2063 779 2250 830 Αἰγύπτιος

1208 839 1415 891 διεμάχοντο
1434 839 1519 892 πρὸς
1551 839 1724 884 ἀλλήλους
1753 840 1787 876 ἐν
1808 838 2007 891 Βυζαντίῳ,
2028 838 2089 876 καὶ
2108 837 2250 876 διετέλει

1207 900 1373 949 προωθῶν
1404 897 1456 935 ἀεὶ
1485 899 1503 935 ὃ
1532 896 1646 949 ἔτερος
1673 895 1732 934 τὸν
1766 895 1881 948 ἕτερον
1907 898 1955 940 εἷς
1975 895 2054 940 τοὺς
2084 895 2254 948 ἐσχάτους

1207 955 1393 999 κινδύνους.
1423 977 1477 984 -·
1505 956 1612 992 Idem
1636 954 1772 992 Suidas
1808 956 1854 992 de
1885 957 2068 992 Heraisco
2098 957 2254 992 alteram

1206 1016 1324 1052 habet
1343 1017 1525 1064 glossam,
1545 1026 1660 1063 quam
1674 1027 1694 1050 e
1707 1015 1860 1050 Malcho
1881 1013 2030 1051 fluxisse
2044 1016 2256 1064 suspicatur

1208 1074 1487 1122 Bernhardyus.
1519 1073 1644 1111 Verba
1663 1081 1751 1109 sunt
1775 1086 1783 1109 :
1807 1068 2016 1123 Ἡραίσκος,
2037 1071 2124 1125 ἀνὴρ
2144 1070 2254 1123 Αἷγύ·

1211 1147 1322 1175 πτιος.
1338 1125 1449 1175 Οῧτος
1465 1126 1506 1179 ἦν
1518 1130 1580 1182 μὲν
1597 1131 1748 1169 συνεῖναι
1762 1130 1972 1178 δεινότατος,
1987 1130 2205 1181 ἀγωνιαστὴς
2219 1129 2254 1169 δὲ

1209 1191 1272 1228 οὐκ
1292 1190 1434 1243 ἰσχυρὸς
1462 1189 1531 1228 ἀπὸ
1561 1188 1673 1242 (ὑπὲρ
1701 1203 1732 1226 s.
1763 1204 1801 1226 v.
1833 1190 2012 1237 Συνεῒναι,
2043 1191 2110 1226 ubi
2140 1191 2253 1240 ead.)

1208 1252 1268 1298 τῆς
1285 1249 1466 1298 ἀληθείας,
1486 1247 1563 1288 οὐδὲ
1579 1247 1639 1293 τὰς
1654 1247 1720 1292 ἔξω
1738 1247 1908 1301 φερούσας
1924 1247 1994 1286 ἀπὸ
2009 1246 2137 1294 ταύτης
2159 1246 2256 1291 ὁδοὺς

1209 1311 1408 1362 ἀνιχνεῦσαι
1437 1308 1498 1347 καὶ
1525 1307 1720 1353 διεξελθεῖν.
1755 1300 1869 1350 Οῧτος
1897 1305 1966 1359 γὰρ
1994 1307 2029 1351 ἐς
2061 1305 2256 1344 τούναντίον

1210 1367 1427 1419 ἐκεκλήρωτο
1445 1366 1509 1414 τὴν
1527 1366 1717 1420 εὐμοιρίαν.

1510 1480 1546 1513 7·
1585 1469 1673 1516 (an-
1706 1466 1959 1516 475—-477-)

1264 1566 1389 1618 [Idem
1410 1581 1418 1604 ;
1438 1565 1723 1612 Βασιλίσκος,
1744 1564 1897 1618 Βηρίνης
1915 1565 2060 1618 ἀδελφὸς
2074 1568 2135 1614 τῆς
2157 1569 2258 1618 βασι-

1210 1624 1321 1674 λίδος,
1353 1623 1410 1662 ἐπὶ
1446 1623 1592 1668 Λέοντος
1629 1628 1688 1662 τοῦ
1724 1625 1895 1676 βασιλέως
1932 1623 2009 1662 ἀντὶ
2039 1624 2258 1664 Ῥουστικίου

1212 1682 1517 1737 στρατοπεδάρχου
1563 1682 1671 1735 ᾑρέθη
1689 1713 1699 1730 ,
1745 1683 1982 1727 εὖεπίτευκτος
2026 1683 2089 1734 μὲν
2131 1682 2179 1722 ὧν
2223 1686 2258 1723 ἐν

1211 1742 1364 1795 μάχαις,
1387 1742 1574 1795 βραδύνους
1593 1741 1629 1780 δὲ
1649 1741 1709 1781 καὶ
1739 1742 1959 1794 φενακίζουσι
1980 1742 2104 1795 ῥᾳδίως
2125 1742 2258 1794 ὓπαγό·

1211 1817 1323 1852 μενος.

1265 1860 1492 1899 Βασιλίσκ
1504 1876 1543 1903 ος
1557 1890 1567 1910 ,
1590 1862 1608 1898 ὁ
1629 1858 1821 1908 Ῥωμαίων
1843 1861 1912 1897 τῶν
1943 1858 2039 1912 ἑῴων
2069 1858 2229 1911 βασιλεὺς
2245 1889 2257 1908 ,
2309 1876 2312 1881 ’

1215 1920 1282 1956 τῶν
1301 1920 1494 1966 ἐκκλησιῶν
1515 1917 1594 1962 τοὺς
1614 1917 1824 1961 ἐπισκόπους
1840 1917 2044 1969 εἰσέπραττε
2068 1917 2258 1970 χρήματα,

1211 1977 1270 2015 καὶ
1291 1977 1450 2021 Ἀκάκιον
1470 1977 1528 2016 τὸν
1562 1977 1961 2021 Κωνσταντινουπόλεως
1982 1977 2170 2016 ἐπίσκοπον
2193 1992 2258 2028 μι-

1212 2039 1295 2088 κροῦ
1325 2036 1392 2074 δεῖν
1423 2036 1608 2083 ἀπώσατο,
1628 2037 1659 2074 εἷ
1679 2035 1728 2086 μὴ
1751 2037 1802 2087 τῷ
1821 2034 1946 2082 πλήθει
1970 2037 2039 2073 τῶν
2061 2035 2260 2087 λεγομένων

1214 2096 1376 2146 μοναχῶν
1406 2094 1640 2146 ἀπεκρούσθη.
1679 2093 1795 2136 Πολύς
1825 2108 1863 2131 τε
1892 2088 1934 2140 ἦν
1958 2093 2043 2146 πρὸς
2073 2093 2256 2145 ἐπιθυμίαν

1212 2152 1418 2204 χρημάτων,
1432 2156 1478 2197 ὣς
1494 2152 1582 2203 μηδὲ
1600 2154 1714 2191 αὐτῶν
1733 2154 1800 2190 τῶν
1815 2151 1876 2196 τὰς
1890 2153 2036 2196 εὐτελεῖς
2050 2152 2110 2190 καὶ
2128 2152 2261 2204 βαναύ-

1215 2226 1294 2254 σους
1311 2211 1500 2261 μετιόντων
1521 2211 1718 2261 ἐπιστήμας
1734 2209 1941 2262 ἀπέχεσθαι.
1977 2210 2049 2249 Καὶ
2066 2206 2107 2257 ἦν
2121 2209 2258 2248 ἅπαντα

1214 2269 1325 2319 μεστὰ
1358 2269 1516 2322 δακρύων
1547 2273 1589 2322 τῇ
1625 2273 1693 2307 τῶν
1723 2268 1886 2307 τοιούτων
1921 2270 2088 2322 εἰσφορῶν
2117 2266 2272 2322 πράξει.ι

1213 2328 1284 2367 Καὶ
1317 2327 1410 2366 ἔστιν
1443 2330 1477 2366 ἐν
1497 2331 1546 2380 τῷ
1570 2327 1846 2380 Ἀρμάτιος.]
1865 2331 1911 2366 V.
1940 2331 2156 2365 Tillemont.
2182 2331 2257 2375 vl,

1210 2401 1251 2436 p.
1275 2388 1350 2432 482
1367 2401 1451 2436 sqq.

1212 2497 1243 2528 in
1260 2498 1388 2538 publico
1395 2498 1519 2537 aerario,
1531 2498 1640 2530 omnia
1652 2507 1670 2530 a
1690 2499 1816 2529 Zenone
1829 2499 1976 2530 celeriter
1988 2499 2143 2531 exhausta
2155 2501 2258 2539 erant,

1210 2549 1296 2590 quod
1317 2550 1419 2581 multa
1442 2549 1551 2581 amicis
1566 2549 1745 2581 inconsulte
1767 2549 1946 2590 largiretur,
1963 2549 2030 2590 ipse
2047 2559 2124 2582 vero
2145 2559 2257 2591 parum

1210 2602 1292 2632 esset
1310 2603 1498 2640 acciu-atus,
1521 2602 1556 2632 ut
1577 2604 1781 2641 cognosceret
1796 2602 1822 2633 si
1835 2602 1918 2633 sorte
1941 2602 1984 2633 ab
1999 2601 2069 2634 aliis
2084 2601 2145 2634 sibi
2166 2611 2258 2643 quoe·

1210 2653 1284 2684 dam
1298 2654 1544 2694 surriperentur.

1720 2727 1755 2759 7.

1252 2792 1436 2833 Basiliscus,
1450 2793 1578 2826 Verinae
1601 2794 1811 2834 imperatricis
1825 2794 1935 2834 frater,
1958 2793 2019 2825 sub
2037 2796 2143 2826 Leone
2155 2794 2256 2835 impe-

1211 2848 1315 2878 ratore
1331 2846 1363 2877 in
1380 2846 1486 2886 locum
1500 2846 1630 2878 Rusticii
1642 2840 1845 2885 ,castrorum
1860 2846 2018 2885 praefecti,
2032 2845 2176 2878 delectus
2195 2848 2252 2879 est.

1211 2899 1245 2929 In
1257 2898 1369 2938 pugnis
1381 2897 1511 2938 quidem
1528 2898 1603 2929 felix
1612 2921 1621 2937 ,
1635 2897 1689 2929 sed
1708 2906 1767 2938 ,per
1781 2897 1896 2937 ingenii
1906 2897 2090 2929 tarditatem
2103 2898 2255 2931 adversus

1212 2949 1337 2981 fraudes
1355 2949 1564 2990 impostorum
1580 2957 1693 2989 parum
1711 2950 1835 2980 cautus.

1254 3002 1438 3040 Basiliscus,
1466 3003 1685 3033 Romanorum
1714 3001 1923 3032 Orientalium
1948 3000 2133 3041 imperator,
2161 3011 2256 3042 pecu-

1210 3053 1296 3085 niam
1308 3053 1348 3084 ab
1361 3053 1566 3085 ecclesiarum
1579 3052 1733 3094 episcopis
1745 3052 1911 3092 exigebat,
1934 3054 1968 3086 et
1982 3053 2131 3084 Acacium
2142 3077 2151 3093 ‚
2169 3057 2252 3085 Con·

1210 3105 1432 3145 stantinopolis
1443 3104 1638 3144 episcopum,
1654 3095 1768 3144 parum
1781 3103 1883 3135 abfuit
1897 3103 1975 3143 quin
1992 3104 2176 3144 pepulisset,
2194 3105 2253 3137 nisi

1210 3166 1228 3189 a
1242 3156 1447 3188 multitudine
1462 3164 1573 3187 eorum
1583 3179 1592 3196 ,
1620 3155 1675 3196 qui
1699 3155 1849 3186 monachi
1869 3154 2069 3195 dicebantur,
2095 3156 2254 3188 cohibitus

1212 3210 1331 3242 fuisset.
1341 3211 1516 3250 Magnaque
1525 3209 1668 3250 pecuniae
1680 3207 1887 3248 congerendae
1902 3207 2077 3248 cupiditate
2086 3208 2251 3249 flagrabat,

1210 3264 1243 3295 et
1259 3263 1369 3303 insigni
1379 3262 1512 3293 avaritia
1526 3261 1678 3302 praeditus
1685 3262 1752 3292 erat
1761 3284 1770 3300 ,
1785 3262 1872 3292 utne
1885 3261 1946 3292 illis
1955 3261 2084 3301 quidem
2097 3264 2251 3302 parceret,

1210 3316 1266 3356 qui
1284 3316 1362 3348 viles
1375 3317 1406 3347 et
1421 3315 1562 3347 sordidas
1575 3317 1659 3346 artes
1671 3314 1872 3345 exercebant.
1892 3313 2106 3350 Quamobrem
2124 3315 2252 3354 propter

1211 3367 1392 3407 hujusmodi
1411 3366 1605 3398 tributorum
1622 3366 1803 3397 exactiones
1818 3365 1924 3396 omnia
1938 3366 2141 3397 lacrimarum
2159 3365 2251 3405 plena

1210 3422 1312 3452 erant.
1332 3419 1408 3452 Vide
1427 3420 1466 3451 ‹le
1483 3418 1595 3450 eodem
1610 3427 1636 3450 s.
1651 3426 1682 3449 v.
1704 3419 1917 3450 Harmalim.
