<?xml version="1.0" encoding="UTF-8"?>
<!DOCTYPE html PUBLIC "-//W3C//DTD XHTML 1.0 Transitional//EN"
    "http://www.w3.org/TR/xhtml1/DTD/xhtml1-transitional.dtd">
<html xmlns="http://www.w3.org/1999/xhtml" xml:lang="en" lang="en">
 <head>
  <title>
</title>
<meta http-equiv="Content-Type" content="text/html;charset=utf-8" />
  <meta name='ocr-system' content='tesseract 3.04.00' />
  <meta name='ocr-capabilities' content='ocr_page ocr_carea ocr_par ocr_line ocrx_word'/>
</head>
<body>
  <div class='ocr_page' id='page_1' title='image "./fragmentahistori04mueluoft_0070.png"; bbox 0 0 2326 3724; ppageno 0'>
   <div class='ocr_carea' id='block_1_1' title="bbox 112 235 1472 282">
    <p class='ocr_par' dir='ltr' id='par_1_1' title="bbox 112 235 1472 282">
     <span class='ocr_line' id='line_1_1' title="bbox 112 235 1472 282; baseline -0.007 0"><span class='ocrx_word' id='word_1_1' title='bbox 112 250 160 282; x_wconf 79' lang='lat'>58</span> <span class='ocrx_word' id='word_1_2' title='bbox 885 235 1239 277; x_wconf 85' lang='lat' dir='ltr'>OLYMPIODORI</span> <span class='ocrx_word' id='word_1_3' title='bbox 1267 235 1333 274; x_wconf 79' lang='lat' dir='ltr'>&#39;sii</span> <span class='ocrx_word' id='word_1_4' title='bbox 1341 235 1472 274; x_wconf 86' lang='lat' dir='ltr'><strong>EBAEI</strong></span> 
     </span>
    </p>
   </div>
   <div class='ocr_carea' id='block_1_2' title="bbox 390 343 855 380">
    <p class='ocr_par' dir='ltr' id='par_1_2' title="bbox 390 343 855 380">
     <span class='ocr_line' id='line_1_2' title="bbox 390 343 855 380; baseline -0.002 0"><span class='ocrx_word' id='word_1_5' title='bbox 390 345 544 380; x_wconf 88' lang='lat' dir='ltr'>Photius</span> <span class='ocrx_word' id='word_1_6' title='bbox 563 345 659 380; x_wconf 89' lang='lat' dir='ltr'>Bibl.</span> <span class='ocrx_word' id='word_1_7' title='bbox 682 344 770 380; x_wconf 85' lang='lat' dir='ltr'>cod.</span> <span class='ocrx_word' id='word_1_8' title='bbox 798 343 855 380; x_wconf 90' lang='lat'>80.</span> 
     </span>
    </p>
   </div>
   <div class='ocr_carea' id='block_1_3' title="bbox 107 439 1146 2064">
    <p class='ocr_par' dir='ltr' id='par_1_3' title="bbox 108 439 1146 1831">
     <span class='ocr_line' id='line_1_3' title="bbox 162 439 1142 493; baseline -0.003 -12"><span class='ocrx_word' id='word_1_9' title='bbox 162 441 440 493; x_wconf 83' lang='grc' dir='ltr'>Ἀνεγνώσθησαν</span> <span class='ocrx_word' id='word_1_10' title='bbox 461 439 749 493; x_wconf 83' lang='grc' dir='ltr'>Ὀλυμπιοδώρου</span> <span class='ocrx_word' id='word_1_11' title='bbox 766 439 932 492; x_wconf 78' lang='grc' dir='ltr'>ἱστορικοὶ</span> <span class='ocrx_word' id='word_1_12' title='bbox 950 441 1046 490; x_wconf 94' lang='grc' dir='ltr'>λόγοι</span> <span class='ocrx_word' id='word_1_13' title='bbox 1069 439 1142 478; x_wconf 58' lang='grc' dir='ltr'>κθ.</span> 
     </span>
     <span class='ocr_line' id='line_1_4' title="bbox 109 497 1144 553; baseline -0.005 -13"><span class='ocrx_word' id='word_1_14' title='bbox 109 502 146 540; x_wconf 79' lang='grc' dir='ltr'>Ἄ</span> <span class='ocrx_word' id='word_1_15' title='bbox 155 516 276 553; x_wconf 81' lang='grc' dir='ltr'>ρχεται</span> <span class='ocrx_word' id='word_1_16' title='bbox 305 499 374 537; x_wconf 86' lang='grc' dir='ltr'>ἀπὸ</span> <span class='ocrx_word' id='word_1_17' title='bbox 408 501 468 544; x_wconf 79' lang='grc' dir='ltr'>τῆς</span> <span class='ocrx_word' id='word_1_18' title='bbox 494 498 664 551; x_wconf 61' lang='grc' dir='ltr'>εΟνωρίου</span> <span class='ocrx_word' id='word_1_19' title='bbox 695 502 756 536; x_wconf 79' lang='grc' dir='ltr'>τοῦ</span> <span class='ocrx_word' id='word_1_20' title='bbox 797 497 965 550; x_wconf 85' lang='grc' dir='ltr'>βασιλέως</span> <span class='ocrx_word' id='word_1_21' title='bbox 1002 497 1144 547; x_wconf 87' lang='grc' dir='ltr'>Ῥώμης</span> 
     </span>
     <span class='ocr_line' id='line_1_5' title="bbox 109 555 1142 607; baseline -0.004 -11"><span class='ocrx_word' id='word_1_22' title='bbox 109 563 171 606; x_wconf 74' lang='grc' dir='ltr'>τῆς</span> <span class='ocrx_word' id='word_1_23' title='bbox 203 556 369 600; x_wconf 78' lang='grc' dir='ltr'>ὑπατείας</span> <span class='ocrx_word' id='word_1_24' title='bbox 390 556 428 594; x_wconf 80' lang='grc' dir='ltr'>τὸ</span> <span class='ocrx_word' id='word_1_25' title='bbox 446 556 608 607; x_wconf 73' lang='grc' dir='ltr'>ἔὸδομον,</span> <span class='ocrx_word' id='word_1_26' title='bbox 628 556 687 594; x_wconf 85' lang='grc' dir='ltr'>καὶ</span> <span class='ocrx_word' id='word_1_27' title='bbox 707 556 894 594; x_wconf 82' lang='grc' dir='ltr'>Θεοδοσίου</span> <span class='ocrx_word' id='word_1_28' title='bbox 913 555 952 593; x_wconf 72' lang='grc' dir='ltr'>τὸ</span> <span class='ocrx_word' id='word_1_29' title='bbox 972 556 1142 606; x_wconf 85' lang='grc' dir='ltr'>δεύτερον,</span> 
     </span>
     <span class='ocr_line' id='line_1_6' title="bbox 110 613 1144 669; baseline -0.005 -14"><span class='ocrx_word' id='word_1_30' title='bbox 110 617 316 669; x_wconf 76' lang='grc' dir='ltr'>κατέρχεται</span> <span class='ocrx_word' id='word_1_31' title='bbox 332 615 367 653; x_wconf 82' lang='grc' dir='ltr'>δὲ</span> <span class='ocrx_word' id='word_1_32' title='bbox 389 614 510 668; x_wconf 82' lang='grc' dir='ltr'>μέχρις</span> <span class='ocrx_word' id='word_1_33' title='bbox 532 614 609 653; x_wconf 80' lang='grc' dir='ltr'>ὅτου</span> <span class='ocrx_word' id='word_1_34' title='bbox 630 614 892 658; x_wconf 84' lang='grc' dir='ltr'>Βαλεντινιανὸς</span> <span class='ocrx_word' id='word_1_35' title='bbox 910 617 927 652; x_wconf 83' lang='grc' dir='ltr'>ὁ</span> <span class='ocrx_word' id='word_1_36' title='bbox 949 613 1144 657; x_wconf 84' lang='grc' dir='ltr'>Πλακιδίας</span> 
     </span>
     <span class='ocr_line' id='line_1_7' title="bbox 110 671 1145 725; baseline -0.004 -11"><span class='ocrx_word' id='word_1_37' title='bbox 110 677 171 714; x_wconf 84' lang='grc' dir='ltr'>καὶ</span> <span class='ocrx_word' id='word_1_38' title='bbox 196 673 440 714; x_wconf 86' lang='grc' dir='ltr'>Κωνσταντίου</span> <span class='ocrx_word' id='word_1_39' title='bbox 460 678 541 716; x_wconf 85' lang='grc' dir='ltr'>παῖς</span> <span class='ocrx_word' id='word_1_40' title='bbox 560 674 606 716; x_wconf 87' lang='grc' dir='ltr'>εἷς</span> <span class='ocrx_word' id='word_1_41' title='bbox 630 673 693 720; x_wconf 88' lang='grc' dir='ltr'>τὴν</span> <span class='ocrx_word' id='word_1_42' title='bbox 724 674 898 725; x_wconf 86' lang='grc' dir='ltr'>βασίλειον</span> <span class='ocrx_word' id='word_1_43' title='bbox 917 675 979 719; x_wconf 82' lang='grc' dir='ltr'>τ’ῆς</span> <span class='ocrx_word' id='word_1_44' title='bbox 1001 671 1145 722; x_wconf 82' lang='grc' dir='ltr'>Ῥώμης</span> 
     </span>
     <span class='ocr_line' id='line_1_8' title="bbox 112 726 1142 785; baseline -0.004 -14"><span class='ocrx_word' id='word_1_45' title='bbox 112 733 283 785; x_wconf 82' lang='grc' dir='ltr'>ἀνερρήθη</span> <span class='ocrx_word' id='word_1_46' title='bbox 310 731 437 784; x_wconf 84' lang='grc' dir='ltr'>ἀρχήν.</span> <span class='ocrx_word' id='word_1_47' title='bbox 472 726 583 774; x_wconf 70' lang='grc' dir='ltr'>Οἷτος</span> <span class='ocrx_word' id='word_1_48' title='bbox 605 734 622 770; x_wconf 85' lang='grc' dir='ltr'><em>ὃ</em></span> <span class='ocrx_word' id='word_1_49' title='bbox 648 731 863 783; x_wconf 77' lang='grc' dir='ltr'>συγγραφεὺς</span> <span class='ocrx_word' id='word_1_50' title='bbox 890 730 1047 777; x_wconf 75' lang='grc' dir='ltr'>Θηὸαῒος</span> <span class='ocrx_word' id='word_1_51' title='bbox 1081 731 1142 781; x_wconf 85' lang='grc' dir='ltr'>μέν</span> 
     </span>
     <span class='ocr_line' id='line_1_9' title="bbox 110 788 1142 841; baseline -0.004 -12"><span class='ocrx_word' id='word_1_52' title='bbox 110 794 216 839; x_wconf 83' lang='grc' dir='ltr'>ἐστιν,</span> <span class='ocrx_word' id='word_1_53' title='bbox 236 792 276 829; x_wconf 80' lang='grc' dir='ltr'>ἐκ</span> <span class='ocrx_word' id='word_1_54' title='bbox 293 793 362 828; x_wconf 81' lang='grc' dir='ltr'>τῶν</span> <span class='ocrx_word' id='word_1_55' title='bbox 390 789 474 841; x_wconf 82' lang='grc' dir='ltr'>πρὸς</span> <span class='ocrx_word' id='word_1_56' title='bbox 505 790 681 840; x_wconf 86' lang='grc' dir='ltr'>Αἴγυπτον</span> <span class='ocrx_word' id='word_1_57' title='bbox 701 789 833 837; x_wconf 73' lang='grc' dir='ltr'>Θηὸῶν</span> <span class='ocrx_word' id='word_1_58' title='bbox 861 789 900 827; x_wconf 83' lang='grc' dir='ltr'>τὸ</span> <span class='ocrx_word' id='word_1_59' title='bbox 918 789 1012 840; x_wconf 79' lang='grc' dir='ltr'>γένος</span> <span class='ocrx_word' id='word_1_60' title='bbox 1040 788 1142 840; x_wconf 79' lang='grc' dir='ltr'>ἔχων·</span> 
     </span>
     <span class='ocr_line' id='line_1_10' title="bbox 111 845 1143 900; baseline -0.004 -12"><span class='ocrx_word' id='word_1_61' title='bbox 111 849 278 896; x_wconf 79' lang='grc' dir='ltr'>ποιητὴς,</span> <span class='ocrx_word' id='word_1_62' title='bbox 299 852 344 892; x_wconf 82' lang='grc' dir='ltr'>ὼς</span> <span class='ocrx_word' id='word_1_63' title='bbox 363 847 464 891; x_wconf 78' lang='grc' dir='ltr'>αὐτός</span> <span class='ocrx_word' id='word_1_64' title='bbox 486 862 589 900; x_wconf 86' lang='grc' dir='ltr'>φησι,</span> <span class='ocrx_word' id='word_1_65' title='bbox 608 847 647 885; x_wconf 81' lang='grc' dir='ltr'>τὸ</span> <span class='ocrx_word' id='word_1_66' title='bbox 670 848 884 898; x_wconf 76' lang='grc' dir='ltr'>ἐπιτήδευμα</span> <span class='ocrx_word' id='word_1_67' title='bbox 897 863 905 871; x_wconf 91' lang='grc'><em>·</em></span> <span class='ocrx_word' id='word_1_68' title='bbox 925 845 1061 894; x_wconf 77' lang='grc' dir='ltr'>Ἕλλην</span> <span class='ocrx_word' id='word_1_69' title='bbox 1081 846 1143 893; x_wconf 75' lang='grc' dir='ltr'>τὴν</span> 
     </span>
     <span class='ocr_line' id='line_1_11' title="bbox 111 905 1143 960; baseline -0.003 -15"><span class='ocrx_word' id='word_1_70' title='bbox 111 907 310 960; x_wconf 83' lang='grc' dir='ltr'>θρησκείαν·</span> <span class='ocrx_word' id='word_1_71' title='bbox 332 905 441 958; x_wconf 81' lang='grc' dir='ltr'>σαφὴς</span> <span class='ocrx_word' id='word_1_72' title='bbox 462 906 524 955; x_wconf 84' lang='grc' dir='ltr'>μὲν</span> <span class='ocrx_word' id='word_1_73' title='bbox 544 905 605 951; x_wconf 81' lang='grc' dir='ltr'>τὴν</span> <span class='ocrx_word' id='word_1_74' title='bbox 635 905 774 958; x_wconf 86' lang='grc' dir='ltr'>φράσιν,</span> <span class='ocrx_word' id='word_1_75' title='bbox 796 905 913 949; x_wconf 88' lang='grc' dir='ltr'>ἄτονος</span> <span class='ocrx_word' id='word_1_76' title='bbox 939 905 974 943; x_wconf 79' lang='grc' dir='ltr'>δὲ</span> <span class='ocrx_word' id='word_1_77' title='bbox 999 905 1058 943; x_wconf 81' lang='grc' dir='ltr'>καὶ</span> <span class='ocrx_word' id='word_1_78' title='bbox 1086 906 1143 942; x_wconf 81' lang='grc' dir='ltr'>ἐκ·</span> 
     </span>
     <span class='ocr_line' id='line_1_12' title="bbox 110 961 1144 1016; baseline -0.003 -13"><span class='ocrx_word' id='word_1_79' title='bbox 110 965 314 1016; x_wconf 85' lang='grc' dir='ltr'>λελυμένος,</span> <span class='ocrx_word' id='word_1_80' title='bbox 331 964 390 1002; x_wconf 80' lang='grc' dir='ltr'>καὶ</span> <span class='ocrx_word' id='word_1_81' title='bbox 406 963 491 1015; x_wconf 81' lang='grc' dir='ltr'>πρὸς</span> <span class='ocrx_word' id='word_1_82' title='bbox 507 962 569 1008; x_wconf 83' lang='grc' dir='ltr'>τὴν</span> <span class='ocrx_word' id='word_1_83' title='bbox 585 962 836 1012; x_wconf 85' lang='grc' dir='ltr'>πεπατημένην</span> <span class='ocrx_word' id='word_1_84' title='bbox 852 961 1144 1013; x_wconf 79' lang='grc' dir='ltr'>κατενηνεγμένος</span> 
     </span>
     <span class='ocr_line' id='line_1_13' title="bbox 111 1020 1143 1075; baseline -0.003 -14"><span class='ocrx_word' id='word_1_85' title='bbox 111 1022 371 1075; x_wconf 82' lang='grc' dir='ltr'>χυδαιολογίαν.</span> <span class='ocrx_word' id='word_1_86' title='bbox 398 1021 513 1061; x_wconf 72' lang='grc' dir='ltr'>Ἵὶστε</span> <span class='ocrx_word' id='word_1_87' title='bbox 544 1022 625 1070; x_wconf 85' lang='grc' dir='ltr'>μηδ’</span> <span class='ocrx_word' id='word_1_88' title='bbox 648 1020 737 1065; x_wconf 83' lang='grc' dir='ltr'>ἄξιος</span> <span class='ocrx_word' id='word_1_89' title='bbox 756 1025 802 1064; x_wconf 85' lang='grc' dir='ltr'>εἷς</span> <span class='ocrx_word' id='word_1_90' title='bbox 830 1023 1030 1074; x_wconf 80' lang='grc' dir='ltr'>συγγραφὴν</span> <span class='ocrx_word' id='word_1_91' title='bbox 1056 1023 1143 1059; x_wconf 84' lang='grc' dir='ltr'>ἀνα-</span> 
     </span>
     <span class='ocr_line' id='line_1_14' title="bbox 109 1079 1143 1134; baseline -0.003 -14"><span class='ocrx_word' id='word_1_92' title='bbox 109 1082 302 1134; x_wconf 76' lang='grc' dir='ltr'>γράφεσθαι</span> <span class='ocrx_word' id='word_1_93' title='bbox 321 1083 338 1118; x_wconf 89' lang='grc' dir='ltr'>ὁ</span> <span class='ocrx_word' id='word_1_94' title='bbox 358 1080 476 1132; x_wconf 84' lang='grc' dir='ltr'>λόγος·</span> <span class='ocrx_word' id='word_1_95' title='bbox 494 1079 511 1116; x_wconf 86' lang='grc' dir='ltr'>ὃ</span> <span class='ocrx_word' id='word_1_96' title='bbox 530 1079 587 1117; x_wconf 75' lang='grc' dir='ltr'>καὶ</span> <span class='ocrx_word' id='word_1_97' title='bbox 609 1079 710 1123; x_wconf 81' lang='grc' dir='ltr'>αὐτὸς</span> <span class='ocrx_word' id='word_1_98' title='bbox 728 1079 811 1123; x_wconf 82' lang='grc' dir='ltr'>ἴσως</span> <span class='ocrx_word' id='word_1_99' title='bbox 830 1079 987 1125; x_wconf 84' lang='grc' dir='ltr'>συνιδὼν,</span> <span class='ocrx_word' id='word_1_100' title='bbox 1005 1081 1043 1117; x_wconf 77' lang='grc' dir='ltr'>οὗ</span> <span class='ocrx_word' id='word_1_101' title='bbox 1061 1095 1143 1130; x_wconf 91' lang='grc' dir='ltr'>συγ-</span> 
     </span>
     <span class='ocr_line' id='line_1_15' title="bbox 110 1137 1145 1193; baseline -0.002 -16"><span class='ocrx_word' id='word_1_102' title='bbox 110 1139 246 1193; x_wconf 86' lang='grc' dir='ltr'>γραφὴν</span> <span class='ocrx_word' id='word_1_103' title='bbox 282 1140 376 1191; x_wconf 78' lang='grc' dir='ltr'>αὐτῷ</span> <span class='ocrx_word' id='word_1_104' title='bbox 416 1142 527 1176; x_wconf 75' lang='grc' dir='ltr'>ταῦτα</span> <span class='ocrx_word' id='word_1_105' title='bbox 570 1141 915 1184; x_wconf 73' lang='grc' dir='ltr'>κατασκευασθῆναι,</span> <span class='ocrx_word' id='word_1_106' title='bbox 947 1139 1024 1176; x_wconf 83' lang='grc' dir='ltr'>ἀλλ’</span> <span class='ocrx_word' id='word_1_107' title='bbox 1059 1137 1145 1183; x_wconf 82' lang='grc' dir='ltr'>ὕλην</span> 
     </span>
     <span class='ocr_line' id='line_1_16' title="bbox 111 1195 1144 1249; baseline -0.002 -14"><span class='ocrx_word' id='word_1_108' title='bbox 111 1201 312 1249; x_wconf 72' lang='grc' dir='ltr'>συγγραφῆς</span> <span class='ocrx_word' id='word_1_109' title='bbox 325 1197 568 1248; x_wconf 80' lang='grc' dir='ltr'>ἐκπορισθῆναι</span> <span class='ocrx_word' id='word_1_110' title='bbox 583 1195 856 1233; x_wconf 71' lang='grc' dir='ltr'>διαὸεὸαιοῦται·</span> <span class='ocrx_word' id='word_1_111' title='bbox 872 1195 979 1239; x_wconf 81' lang='grc' dir='ltr'>οὕτως</span> <span class='ocrx_word' id='word_1_112' title='bbox 993 1195 1144 1249; x_wconf 82' lang='grc' dir='ltr'>ἄμορφος</span> 
     </span>
     <span class='ocr_line' id='line_1_17' title="bbox 110 1253 1143 1307; baseline -0.002 -13"><span class='ocrx_word' id='word_1_113' title='bbox 110 1256 169 1294; x_wconf 84' lang='grc' dir='ltr'>καὶ</span> <span class='ocrx_word' id='word_1_114' title='bbox 193 1256 322 1298; x_wconf 84' lang='grc' dir='ltr'>ἀνίδεος</span> <span class='ocrx_word' id='word_1_115' title='bbox 339 1254 397 1292; x_wconf 80' lang='grc' dir='ltr'>καὶ</span> <span class='ocrx_word' id='word_1_116' title='bbox 415 1256 510 1306; x_wconf 83' lang='grc' dir='ltr'>αὐτῷ</span> <span class='ocrx_word' id='word_1_117' title='bbox 528 1257 587 1291; x_wconf 80' lang='grc' dir='ltr'>τοῦ</span> <span class='ocrx_word' id='word_1_118' title='bbox 607 1253 710 1303; x_wconf 88' lang='grc' dir='ltr'>λόγου</span> <span class='ocrx_word' id='word_1_119' title='bbox 729 1256 747 1292; x_wconf 83' lang='grc' dir='ltr'>ὁ</span> <span class='ocrx_word' id='word_1_120' title='bbox 763 1254 947 1306; x_wconf 81' lang='grc' dir='ltr'>χαρακτὴρ</span> <span class='ocrx_word' id='word_1_121' title='bbox 973 1254 1143 1307; x_wconf 84' lang='grc' dir='ltr'>κατεφαί-</span> 
     </span>
     <span class='ocr_line' id='line_1_18' title="bbox 108 1311 1143 1364; baseline -0.001 -13"><span class='ocrx_word' id='word_1_122' title='bbox 108 1329 198 1352; x_wconf 89' lang='grc' dir='ltr'>νετο.</span> <span class='ocrx_word' id='word_1_123' title='bbox 218 1312 290 1352; x_wconf 78' lang='grc' dir='ltr'>Καὶ</span> <span class='ocrx_word' id='word_1_124' title='bbox 309 1311 375 1364; x_wconf 83' lang='grc' dir='ltr'>γὰρ</span> <span class='ocrx_word' id='word_1_125' title='bbox 393 1311 535 1364; x_wconf 76' lang='grc' dir='ltr'>οὐδεμιᾷ</span> <span class='ocrx_word' id='word_1_126' title='bbox 551 1314 619 1349; x_wconf 85' lang='grc' dir='ltr'>τῶν</span> <span class='ocrx_word' id='word_1_127' title='bbox 637 1313 734 1350; x_wconf 80' lang='grc' dir='ltr'>ἰδεῶν</span> <span class='ocrx_word' id='word_1_128' title='bbox 755 1312 1031 1360; x_wconf 80' lang='grc' dir='ltr'>καλλωπίζεται,</span> <span class='ocrx_word' id='word_1_129' title='bbox 1052 1311 1143 1358; x_wconf 76' lang='grc' dir='ltr'>πλὴν</span> 
     </span>
     <span class='ocr_line' id='line_1_19' title="bbox 110 1369 1143 1423; baseline 0 -14"><span class='ocrx_word' id='word_1_130' title='bbox 110 1372 142 1410; x_wconf 89' lang='grc' dir='ltr'>εἴ</span> <span class='ocrx_word' id='word_1_131' title='bbox 168 1387 218 1415; x_wconf 89' lang='grc' dir='ltr'>τις</span> <span class='ocrx_word' id='word_1_132' title='bbox 237 1370 271 1408; x_wconf 89' lang='grc' dir='ltr'>ἔν</span> <span class='ocrx_word' id='word_1_133' title='bbox 301 1385 372 1408; x_wconf 87' lang='grc' dir='ltr'>τισι</span> <span class='ocrx_word' id='word_1_134' title='bbox 390 1372 433 1421; x_wconf 80' lang='grc' dir='ltr'>τῇ</span> <span class='ocrx_word' id='word_1_135' title='bbox 454 1369 596 1422; x_wconf 76' lang='grc' dir='ltr'>ἀφελείᾳ</span> <span class='ocrx_word' id='word_1_136' title='bbox 624 1370 827 1416; x_wconf 73' lang='grc' dir='ltr'>πλησιάζειν</span> <span class='ocrx_word' id='word_1_137' title='bbox 849 1370 1059 1409; x_wconf 70' lang='grc' dir='ltr'>ἐκὸιάσοιτο.</span> <span class='ocrx_word' id='word_1_138' title='bbox 1081 1373 1143 1423; x_wconf 84' lang='grc' dir='ltr'>Τῷ</span> 
     </span>
     <span class='ocr_line' id='line_1_20' title="bbox 109 1427 1144 1482; baseline -0.001 -14"><span class='ocrx_word' id='word_1_139' title='bbox 109 1430 174 1482; x_wconf 83' lang='grc' dir='ltr'>γὰρ</span> <span class='ocrx_word' id='word_1_140' title='bbox 195 1429 273 1468; x_wconf 90' lang='grc' dir='ltr'>λίαν</span> <span class='ocrx_word' id='word_1_141' title='bbox 300 1430 453 1478; x_wconf 87' lang='grc' dir='ltr'>ταπεινῷ</span> <span class='ocrx_word' id='word_1_142' title='bbox 480 1428 540 1466; x_wconf 78' lang='grc' dir='ltr'>καὶ</span> <span class='ocrx_word' id='word_1_143' title='bbox 567 1427 835 1481; x_wconf 82' lang='grc' dir='ltr'>ἐξευτελισμένῳ</span> <span class='ocrx_word' id='word_1_144' title='bbox 854 1429 915 1467; x_wconf 85' lang='grc' dir='ltr'>καὶ</span> <span class='ocrx_word' id='word_1_145' title='bbox 939 1429 1066 1477; x_wconf 83' lang='grc' dir='ltr'>ταύτης</span> <span class='ocrx_word' id='word_1_146' title='bbox 1086 1431 1144 1467; x_wconf 85' lang='grc' dir='ltr'>ἐκ·</span> 
     </span>
     <span class='ocr_line' id='line_1_21' title="bbox 108 1485 1144 1538; baseline 0 -13"><span class='ocrx_word' id='word_1_147' title='bbox 108 1487 260 1538; x_wconf 80' lang='grc' dir='ltr'>πίπτων,</span> <span class='ocrx_word' id='word_1_148' title='bbox 281 1488 328 1530; x_wconf 86' lang='grc' dir='ltr'>εἷς</span> <span class='ocrx_word' id='word_1_149' title='bbox 350 1486 550 1536; x_wconf 84' lang='grc' dir='ltr'>ἷδιωτισμὸν</span> <span class='ocrx_word' id='word_1_150' title='bbox 576 1485 663 1530; x_wconf 80' lang='grc' dir='ltr'>δ’λως</span> <span class='ocrx_word' id='word_1_151' title='bbox 693 1487 933 1534; x_wconf 80' lang='grc' dir='ltr'>ὓπενήνεκται.</span> <span class='ocrx_word' id='word_1_152' title='bbox 963 1486 1081 1535; x_wconf 65' lang='grc' dir='ltr'>“Υλην</span> <span class='ocrx_word' id='word_1_153' title='bbox 1109 1488 1144 1525; x_wconf 80' lang='grc' dir='ltr'>δὲ</span> 
     </span>
     <span class='ocr_line' id='line_1_22' title="bbox 110 1543 1142 1598; baseline 0 -15"><span class='ocrx_word' id='word_1_154' title='bbox 110 1545 211 1590; x_wconf 78' lang='grc' dir='ltr'>αὐτὸς</span> <span class='ocrx_word' id='word_1_155' title='bbox 230 1544 381 1596; x_wconf 78' lang='grc' dir='ltr'>ἱστορίας</span> <span class='ocrx_word' id='word_1_156' title='bbox 403 1547 516 1582; x_wconf 77' lang='grc' dir='ltr'>ταῦτα</span> <span class='ocrx_word' id='word_1_157' title='bbox 534 1545 652 1582; x_wconf 84' lang='grc' dir='ltr'>καλῶν</span> <span class='ocrx_word' id='word_1_158' title='bbox 670 1543 762 1595; x_wconf 77' lang='grc' dir='ltr'>ὅμως</span> <span class='ocrx_word' id='word_1_159' title='bbox 786 1545 846 1583; x_wconf 83' lang='grc' dir='ltr'>καὶ</span> <span class='ocrx_word' id='word_1_160' title='bbox 865 1544 978 1597; x_wconf 87' lang='grc' dir='ltr'>λόγοις</span> <span class='ocrx_word' id='word_1_161' title='bbox 998 1547 1142 1598; x_wconf 84' lang='grc' dir='ltr'>διαιρεῖ,</span> 
     </span>
     <span class='ocr_line' id='line_1_23' title="bbox 110 1602 1144 1656; baseline 0.001 -15"><span class='ocrx_word' id='word_1_162' title='bbox 110 1604 171 1641; x_wconf 82' lang='grc' dir='ltr'>καὶ</span> <span class='ocrx_word' id='word_1_163' title='bbox 189 1602 380 1656; x_wconf 87' lang='grc' dir='ltr'>προοιμίοις</span> <span class='ocrx_word' id='word_1_164' title='bbox 394 1607 557 1654; x_wconf 78' lang='grc' dir='ltr'>πειρᾶται</span> <span class='ocrx_word' id='word_1_165' title='bbox 575 1604 728 1652; x_wconf 83' lang='grc' dir='ltr'>κοσμεῖν.</span> <span class='ocrx_word' id='word_1_166' title='bbox 750 1605 780 1642; x_wconf 79' lang='grc' dir='ltr'>,Κ</span> <span class='ocrx_word' id='word_1_167' title='bbox 788 1603 823 1641; x_wconf 78' lang='grc' dir='ltr'>αὶ</span> <span class='ocrx_word' id='word_1_168' title='bbox 847 1603 931 1655; x_wconf 79' lang='grc' dir='ltr'>πρὸς</span> <span class='ocrx_word' id='word_1_169' title='bbox 959 1604 1144 1642; x_wconf 85' lang='grc' dir='ltr'>Θεοδόσιον</span> 
     </span>
     <span class='ocr_line' id='line_1_24' title="bbox 108 1659 1146 1715; baseline 0 -15"><span class='ocrx_word' id='word_1_170' title='bbox 108 1661 167 1700; x_wconf 83' lang='grc' dir='ltr'>τὸν</span> <span class='ocrx_word' id='word_1_171' title='bbox 193 1661 360 1714; x_wconf 85' lang='grc' dir='ltr'>βασιλέα,</span> <span class='ocrx_word' id='word_1_172' title='bbox 395 1660 430 1703; x_wconf 82' lang='grc' dir='ltr'>ὃς</span> <span class='ocrx_word' id='word_1_173' title='bbox 461 1659 597 1712; x_wconf 79' lang='grc' dir='ltr'>ἀνεψιὸς</span> <span class='ocrx_word' id='word_1_174' title='bbox 627 1661 856 1713; x_wconf 72' lang='grc' dir='ltr'>ἐχρημάτιζεν</span> <span class='ocrx_word' id='word_1_175' title='bbox 889 1661 1055 1715; x_wconf 86' lang='grc' dir='ltr'>Ὁνωρίου</span> <span class='ocrx_word' id='word_1_176' title='bbox 1086 1662 1146 1700; x_wconf 85' lang='grc' dir='ltr'>καὶ</span> 
     </span>
     <span class='ocr_line' id='line_1_25' title="bbox 110 1718 1145 1772; baseline 0.002 -15"><span class='ocrx_word' id='word_1_177' title='bbox 110 1719 327 1769; x_wconf 87' lang='grc' dir='ltr'>Πλακιδίας,</span> <span class='ocrx_word' id='word_1_178' title='bbox 349 1718 528 1771; x_wconf 84' lang='grc' dir='ltr'>Ἀρκαδίου</span> <span class='ocrx_word' id='word_1_179' title='bbox 550 1718 585 1756; x_wconf 85' lang='grc' dir='ltr'>δὲ</span> <span class='ocrx_word' id='word_1_180' title='bbox 605 1725 706 1766; x_wconf 88' lang='grc' dir='ltr'>παῖς,</span> <span class='ocrx_word' id='word_1_181' title='bbox 722 1719 806 1772; x_wconf 81' lang='grc' dir='ltr'>πρὸς</span> <span class='ocrx_word' id='word_1_182' title='bbox 833 1724 951 1758; x_wconf 80' lang='grc' dir='ltr'>τοῦτον</span> <span class='ocrx_word' id='word_1_183' title='bbox 972 1721 1034 1767; x_wconf 84' lang='grc' dir='ltr'>τὴν</span> <span class='ocrx_word' id='word_1_184' title='bbox 1050 1722 1145 1759; x_wconf 78' lang='grc' dir='ltr'>ἵστο-</span> 
     </span>
     <span class='ocr_line' id='line_1_26' title="bbox 110 1778 390 1831; baseline 0 -15"><span class='ocrx_word' id='word_1_185' title='bbox 110 1778 185 1830; x_wconf 88' lang='grc' dir='ltr'>ρίαν</span> <span class='ocrx_word' id='word_1_186' title='bbox 205 1780 390 1831; x_wconf 85' lang='grc' dir='ltr'>ἀναφωνεῖ.</span> 
     </span>
    </p>

    <p class='ocr_par' dir='ltr' id='par_1_4' title="bbox 107 1834 1145 2064">
     <span class='ocr_line' id='line_1_27' title="bbox 162 1834 1143 1888; baseline 0 -13"><span class='ocrx_word' id='word_1_187' title='bbox 162 1850 194 1875; x_wconf 85' lang='lat'>2.</span> <span class='ocrx_word' id='word_1_188' title='bbox 226 1834 467 1885; x_wconf 72' lang='grc' dir='ltr'>Διαλαμὸάνει</span> <span class='ocrx_word' id='word_1_189' title='bbox 494 1835 607 1873; x_wconf 87' lang='grc' dir='ltr'>τοίνυν</span> <span class='ocrx_word' id='word_1_190' title='bbox 632 1836 712 1888; x_wconf 83' lang='grc' dir='ltr'>περὶ</span> <span class='ocrx_word' id='word_1_191' title='bbox 741 1837 975 1888; x_wconf 84' lang='grc' dir='ltr'>Στελίχωνος,</span> <span class='ocrx_word' id='word_1_192' title='bbox 1004 1836 1088 1883; x_wconf 81' lang='grc' dir='ltr'>ὅσην</span> <span class='ocrx_word' id='word_1_193' title='bbox 1109 1853 1143 1875; x_wconf 91' lang='grc' dir='ltr'>τε</span> 
     </span>
     <span class='ocr_line' id='line_1_28' title="bbox 108 1893 1144 1948; baseline 0 -15"><span class='ocrx_word' id='word_1_194' title='bbox 108 1894 359 1947; x_wconf 72' lang='grc' dir='ltr'>περιεὸέὸλητο</span> <span class='ocrx_word' id='word_1_195' title='bbox 377 1893 533 1944; x_wconf 83' lang='grc' dir='ltr'>δύναμιν,</span> <span class='ocrx_word' id='word_1_196' title='bbox 546 1894 722 1939; x_wconf 80' lang='grc' dir='ltr'>καταστὰς</span> <span class='ocrx_word' id='word_1_197' title='bbox 737 1897 919 1948; x_wconf 81' lang='grc' dir='ltr'>ἐπίτροπος</span> <span class='ocrx_word' id='word_1_198' title='bbox 931 1899 996 1933; x_wconf 84' lang='grc' dir='ltr'>τῶν</span> <span class='ocrx_word' id='word_1_199' title='bbox 1013 1895 1144 1933; x_wconf 82' lang='grc' dir='ltr'>παίδων</span> 
     </span>
     <span class='ocr_line' id='line_1_29' title="bbox 108 1951 1144 2005; baseline -0.001 -13"><span class='ocrx_word' id='word_1_200' title='bbox 108 1953 291 2004; x_wconf 78' lang='grc' dir='ltr'>Ἀρκαδίου</span> <span class='ocrx_word' id='word_1_201' title='bbox 321 1951 380 1990; x_wconf 87' lang='grc' dir='ltr'>καὶ</span> <span class='ocrx_word' id='word_1_202' title='bbox 406 1951 576 2003; x_wconf 68' lang='grc' dir='ltr'>“Ονωρίου</span> <span class='ocrx_word' id='word_1_203' title='bbox 602 1954 660 1989; x_wconf 82' lang='grc' dir='ltr'>ὑπ’</span> <span class='ocrx_word' id='word_1_204' title='bbox 682 1954 787 1991; x_wconf 79' lang='grc' dir='ltr'>αὐτοῦ</span> <span class='ocrx_word' id='word_1_205' title='bbox 807 1957 867 1991; x_wconf 72' lang='grc' dir='ltr'>τοῦ</span> <span class='ocrx_word' id='word_1_206' title='bbox 886 1954 1013 2005; x_wconf 84' lang='grc' dir='ltr'>πατρὸς</span> <span class='ocrx_word' id='word_1_207' title='bbox 1033 1957 1144 1991; x_wconf 84' lang='grc' dir='ltr'>αὐτῶν</span> 
     </span>
     <span class='ocr_line' id='line_1_30' title="bbox 107 2009 1145 2064; baseline 0 -14"><span class='ocrx_word' id='word_1_208' title='bbox 107 2010 296 2051; x_wconf 86' lang='grc' dir='ltr'>Θεοδοσίου</span> <span class='ocrx_word' id='word_1_209' title='bbox 315 2013 374 2048; x_wconf 79' lang='grc' dir='ltr'>τοῦ</span> <span class='ocrx_word' id='word_1_210' title='bbox 399 2009 551 2060; x_wconf 81' lang='grc' dir='ltr'>μεγάλου</span> <span class='ocrx_word' id='word_1_211' title='bbox 564 2025 573 2034; x_wconf 90' lang='grc'><em>·</em></span> <span class='ocrx_word' id='word_1_212' title='bbox 592 2010 651 2048; x_wconf 88' lang='grc' dir='ltr'>καὶ</span> <span class='ocrx_word' id='word_1_213' title='bbox 671 2014 717 2055; x_wconf 85' lang='grc' dir='ltr'>ὡς</span> <span class='ocrx_word' id='word_1_214' title='bbox 734 2013 889 2064; x_wconf 79' lang='grc' dir='ltr'>Σερῆναν</span> <span class='ocrx_word' id='word_1_215' title='bbox 917 2012 1013 2064; x_wconf 84' lang='grc' dir='ltr'>νόμῳ</span> <span class='ocrx_word' id='word_1_216' title='bbox 1031 2012 1145 2062; x_wconf 80' lang='grc' dir='ltr'>γάμου</span> 
     </span>
    </p>
   </div>
   <div class='ocr_carea' id='block_1_4' title="bbox 1201 320 2284 2066">
    <p class='ocr_par' dir='ltr' id='par_1_5' title="bbox 1201 320 2241 780">
     <span class='ocr_line' id='line_1_31' title="bbox 1201 320 2235 373; baseline 0.001 -13"><span class='ocrx_word' id='word_1_217' title='bbox 1201 321 1369 373; x_wconf 78' lang='grc' dir='ltr'>ἠγάγετο,</span> <span class='ocrx_word' id='word_1_218' title='bbox 1382 320 1570 361; x_wconf 81' lang='grc' dir='ltr'>Θεοδοσίου</span> <span class='ocrx_word' id='word_1_219' title='bbox 1590 320 1649 358; x_wconf 73' lang='grc' dir='ltr'>καὶ</span> <span class='ocrx_word' id='word_1_220' title='bbox 1663 321 1789 369; x_wconf 88' lang='grc' dir='ltr'>ταύτην</span> <span class='ocrx_word' id='word_1_221' title='bbox 1807 321 1903 372; x_wconf 79' lang='grc' dir='ltr'>αὐτῷ</span> <span class='ocrx_word' id='word_1_222' title='bbox 1920 322 2235 373; x_wconf 76' lang='grc' dir='ltr'>κατεγγυήσαντος.</span> 
     </span>
     <span class='ocr_line' id='line_1_32' title="bbox 1201 379 2239 432; baseline 0.002 -15"><span class='ocrx_word' id='word_1_223' title='bbox 1201 380 1288 420; x_wconf 67' lang='grc' dir='ltr'>εὈτι</span> <span class='ocrx_word' id='word_1_224' title='bbox 1306 396 1342 418; x_wconf 72' lang='grc' dir='ltr'>τε</span> <span class='ocrx_word' id='word_1_225' title='bbox 1363 379 1452 430; x_wconf 87' lang='grc' dir='ltr'>μετὰ</span> <span class='ocrx_word' id='word_1_226' title='bbox 1466 383 1575 416; x_wconf 74' lang='grc' dir='ltr'>ταῦτα</span> <span class='ocrx_word' id='word_1_227' title='bbox 1597 379 1776 431; x_wconf 83' lang='grc' dir='ltr'>Στελίχων</span> <span class='ocrx_word' id='word_1_228' title='bbox 1793 381 1841 423; x_wconf 84' lang='grc' dir='ltr'>εἷς</span> <span class='ocrx_word' id='word_1_229' title='bbox 1854 380 1916 427; x_wconf 81' lang='grc' dir='ltr'>τὴν</span> <span class='ocrx_word' id='word_1_230' title='bbox 1928 383 2050 419; x_wconf 70' lang='grc' dir='ltr'>ἑαυτοῦ</span> <span class='ocrx_word' id='word_1_231' title='bbox 2067 381 2239 432; x_wconf 85' lang='grc' dir='ltr'>θυγατέρα</span> 
     </span>
     <span class='ocr_line' id='line_1_33' title="bbox 1204 436 2237 490; baseline 0.001 -13"><span class='ocrx_word' id='word_1_232' title='bbox 1204 437 1429 490; x_wconf 82' lang='grc' dir='ltr'>Θερμαντίαν</span> <span class='ocrx_word' id='word_1_233' title='bbox 1448 436 1505 475; x_wconf 86' lang='grc' dir='ltr'>τὸν</span> <span class='ocrx_word' id='word_1_234' title='bbox 1521 437 1667 488; x_wconf 85' lang='grc' dir='ltr'>βασιλέα</span> <span class='ocrx_word' id='word_1_235' title='bbox 1681 436 1846 488; x_wconf 89' lang='grc' dir='ltr'>Ὁνώριον</span> <span class='ocrx_word' id='word_1_236' title='bbox 1860 437 2017 490; x_wconf 77' lang='grc' dir='ltr'>γαμὸρὸν</span> <span class='ocrx_word' id='word_1_237' title='bbox 2033 438 2237 485; x_wconf 83' lang='grc' dir='ltr'>ἐποιήσατο.</span> 
     </span>
     <span class='ocr_line' id='line_1_34' title="bbox 1209 490 2240 548; baseline 0.002 -15"><span class='ocrx_word' id='word_1_238' title='bbox 1209 495 1279 534; x_wconf 77' lang='grc' dir='ltr'>Καὶ</span> <span class='ocrx_word' id='word_1_239' title='bbox 1300 498 1346 539; x_wconf 84' lang='grc' dir='ltr'>ὡς</span> <span class='ocrx_word' id='word_1_240' title='bbox 1365 495 1423 534; x_wconf 79' lang='grc' dir='ltr'>ἐπὶ</span> <span class='ocrx_word' id='word_1_241' title='bbox 1442 498 1602 534; x_wconf 82' lang='grc' dir='ltr'>πλεῖστον</span> <span class='ocrx_word' id='word_1_242' title='bbox 1620 495 1670 533; x_wconf 84' lang='grc' dir='ltr'>ἔτι</span> <span class='ocrx_word' id='word_1_243' title='bbox 1700 496 1832 544; x_wconf 85' lang='grc' dir='ltr'>μᾶλλον</span> <span class='ocrx_word' id='word_1_244' title='bbox 1851 496 1938 548; x_wconf 87' lang='grc' dir='ltr'>ἤρθη</span> <span class='ocrx_word' id='word_1_245' title='bbox 1966 490 2164 547; x_wconf 86' lang='grc' dir='ltr'>δυνάμεως,</span> <span class='ocrx_word' id='word_1_246' title='bbox 2181 497 2240 536; x_wconf 81' lang='grc' dir='ltr'>καὶ</span> 
     </span>
     <span class='ocr_line' id='line_1_35' title="bbox 1204 551 2241 606; baseline 0.003 -16"><span class='ocrx_word' id='word_1_247' title='bbox 1204 552 1352 597; x_wconf 74' lang='grc' dir='ltr'>πολλοὺς</span> <span class='ocrx_word' id='word_1_248' title='bbox 1379 553 1558 602; x_wconf 85' lang='grc' dir='ltr'>πολέμους·</span> <span class='ocrx_word' id='word_1_249' title='bbox 1580 551 1666 604; x_wconf 79' lang='grc' dir='ltr'>ὑπὲρ</span> <span class='ocrx_word' id='word_1_250' title='bbox 1696 552 1884 603; x_wconf 89' lang='grc' dir='ltr'>Ῥωμαίων</span> <span class='ocrx_word' id='word_1_251' title='bbox 1916 553 2002 606; x_wconf 85' lang='grc' dir='ltr'>πρὸς</span> <span class='ocrx_word' id='word_1_252' title='bbox 2030 554 2145 593; x_wconf 86' lang='grc' dir='ltr'>πολλὰ</span> <span class='ocrx_word' id='word_1_253' title='bbox 2172 557 2241 593; x_wconf 76' lang='grc' dir='ltr'>τῶν</span> 
     </span>
     <span class='ocr_line' id='line_1_36' title="bbox 1205 610 2241 666; baseline 0.002 -18"><span class='ocrx_word' id='word_1_254' title='bbox 1205 612 1308 648; x_wconf 82' lang='grc' dir='ltr'>ἐθνῶν</span> <span class='ocrx_word' id='word_1_255' title='bbox 1334 610 1558 664; x_wconf 86' lang='grc' dir='ltr'>κατώρθωσε.</span> <span class='ocrx_word' id='word_1_256' title='bbox 1581 611 1654 651; x_wconf 79' lang='grc' dir='ltr'>Καὶ</span> <span class='ocrx_word' id='word_1_257' title='bbox 1681 610 1733 649; x_wconf 78' lang='grc' dir='ltr'>ὅτι</span> <span class='ocrx_word' id='word_1_258' title='bbox 1757 611 1929 664; x_wconf 80' lang='grc' dir='ltr'>μιαιφόνῳ</span> <span class='ocrx_word' id='word_1_259' title='bbox 1945 612 2004 650; x_wconf 83' lang='grc' dir='ltr'>καὶ</span> <span class='ocrx_word' id='word_1_260' title='bbox 2019 613 2241 666; x_wconf 83' lang='grc' dir='ltr'>ἀπανθρώπῳ</span> 
     </span>
     <span class='ocr_line' id='line_1_37' title="bbox 1205 668 2239 723; baseline 0.003 -17"><span class='ocrx_word' id='word_1_261' title='bbox 1205 670 1340 720; x_wconf 79' lang='grc' dir='ltr'>σπουδῇ</span> <span class='ocrx_word' id='word_1_262' title='bbox 1358 669 1557 719; x_wconf 88' lang='grc' dir='ltr'>Ὀλυμπίου</span> <span class='ocrx_word' id='word_1_263' title='bbox 1567 699 1577 717; x_wconf 83' lang='grc'>,</span> <span class='ocrx_word' id='word_1_264' title='bbox 1596 669 1632 707; x_wconf 88' lang='grc' dir='ltr'>ὃν</span> <span class='ocrx_word' id='word_1_265' title='bbox 1647 668 1748 712; x_wconf 84' lang='grc' dir='ltr'>αὐτὸς</span> <span class='ocrx_word' id='word_1_266' title='bbox 1760 671 1810 722; x_wconf 86' lang='grc' dir='ltr'>τῷ</span> <span class='ocrx_word' id='word_1_267' title='bbox 1825 670 1962 721; x_wconf 86' lang='grc' dir='ltr'>βασιλεῖ</span> <span class='ocrx_word' id='word_1_268' title='bbox 1978 669 2239 723; x_wconf 83' lang='grc' dir='ltr'>προσῳκείωσε,</span> 
     </span>
     <span class='ocr_line' id='line_1_38' title="bbox 1204 726 1826 780; baseline 0.002 -15"><span class='ocrx_word' id='word_1_269' title='bbox 1204 726 1262 765; x_wconf 79' lang='grc' dir='ltr'>τὸν</span> <span class='ocrx_word' id='word_1_270' title='bbox 1283 726 1340 765; x_wconf 88' lang='grc' dir='ltr'>διὰ</span> <span class='ocrx_word' id='word_1_271' title='bbox 1358 726 1471 780; x_wconf 80' lang='grc' dir='ltr'>ξίφους</span> <span class='ocrx_word' id='word_1_272' title='bbox 1489 727 1651 778; x_wconf 79' lang='grc' dir='ltr'>ὑπέμεινε</span> <span class='ocrx_word' id='word_1_273' title='bbox 1669 726 1826 766; x_wconf 84' lang='grc' dir='ltr'>θάνατον.</span> 
     </span>
    </p>

    <p class='ocr_par' dir='ltr' id='par_1_6' title="bbox 1203 786 2284 1830">
     <span class='ocr_line' id='line_1_39' title="bbox 1258 786 2242 840; baseline 0.001 -15"><span class='ocrx_word' id='word_1_274' title='bbox 1258 801 1289 825; x_wconf 85' lang='grc'>3.</span> <span class='ocrx_word' id='word_1_275' title='bbox 1320 786 1405 826; x_wconf 69' lang='lat' dir='ltr'>“Ort</span> <span class='ocrx_word' id='word_1_276' title='bbox 1425 786 1606 839; x_wconf 81' lang='grc' dir='ltr'>Ἀλάριχος</span> <span class='ocrx_word' id='word_1_277' title='bbox 1626 788 1644 824; x_wconf 85' lang='grc' dir='ltr'><em>ὃ</em></span> <span class='ocrx_word' id='word_1_278' title='bbox 1659 788 1727 824; x_wconf 80' lang='grc' dir='ltr'>τῶν</span> <span class='ocrx_word' id='word_1_279' title='bbox 1742 786 1880 826; x_wconf 86' lang='grc' dir='ltr'>Γότθων</span> <span class='ocrx_word' id='word_1_280' title='bbox 1896 787 2090 840; x_wconf 81' lang='grc' dir='ltr'>φύλαρχος,</span> <span class='ocrx_word' id='word_1_281' title='bbox 2107 786 2143 826; x_wconf 80' lang='grc' dir='ltr'>ὃν</span> <span class='ocrx_word' id='word_1_282' title='bbox 2159 789 2242 827; x_wconf 87' lang='grc' dir='ltr'>Στε-</span> 
     </span>
     <span class='ocr_line' id='line_1_40' title="bbox 1205 844 2242 898; baseline 0.002 -16"><span class='ocrx_word' id='word_1_283' title='bbox 1205 844 1312 896; x_wconf 84' lang='grc' dir='ltr'>λίχων</span> <span class='ocrx_word' id='word_1_284' title='bbox 1334 844 1594 895; x_wconf 82' lang='grc' dir='ltr'>μετεκαλέσατο</span> <span class='ocrx_word' id='word_1_285' title='bbox 1617 844 1674 883; x_wconf 80' lang='grc' dir='ltr'>ἐπὶ</span> <span class='ocrx_word' id='word_1_286' title='bbox 1694 847 1743 897; x_wconf 79' lang='grc' dir='ltr'>τῷ</span> <span class='ocrx_word' id='word_1_287' title='bbox 1768 844 1918 896; x_wconf 80' lang='grc' dir='ltr'>φυλάξαι</span> <span class='ocrx_word' id='word_1_288' title='bbox 1934 845 2095 898; x_wconf 68' lang='grc' dir='ltr'>εΟνωρίῳ</span> <span class='ocrx_word' id='word_1_289' title='bbox 2113 845 2154 884; x_wconf 83' lang='grc' dir='ltr'>τὸ</span> <span class='ocrx_word' id='word_1_290' title='bbox 2168 846 2242 886; x_wconf 84' lang='grc' dir='ltr'>Ἰλ-</span> 
     </span>
     <span class='ocr_line' id='line_1_41' title="bbox 1203 897 2244 957; baseline 0.002 -17"><span class='ocrx_word' id='word_1_291' title='bbox 1203 902 1342 954; x_wconf 90' lang='grc' dir='ltr'>λυρικόν</span> <span class='ocrx_word' id='word_1_292' title='bbox 1361 904 1421 954; x_wconf 74' lang='grc' dir='ltr'>(τῇ</span> <span class='ocrx_word' id='word_1_293' title='bbox 1439 902 1508 955; x_wconf 84' lang='grc' dir='ltr'>γὰρ</span> <span class='ocrx_word' id='word_1_294' title='bbox 1532 903 1636 941; x_wconf 77' lang='grc' dir='ltr'>αὐτοῦ</span> <span class='ocrx_word' id='word_1_295' title='bbox 1653 897 1695 950; x_wconf 66' lang='grc' dir='ltr'>ἦν</span> <span class='ocrx_word' id='word_1_296' title='bbox 1715 902 1812 955; x_wconf 85' lang='grc' dir='ltr'>παρὰ</span> <span class='ocrx_word' id='word_1_297' title='bbox 1829 903 2016 943; x_wconf 87' lang='grc' dir='ltr'>Θεοδοσίου</span> <span class='ocrx_word' id='word_1_298' title='bbox 2036 909 2096 943; x_wconf 78' lang='grc' dir='ltr'>τοῦ</span> <span class='ocrx_word' id='word_1_299' title='bbox 2115 904 2244 957; x_wconf 82' lang='grc' dir='ltr'>πατρὸς</span> 
     </span>
     <span class='ocr_line' id='line_1_42' title="bbox 1206 956 2244 1015; baseline 0.002 -17"><span class='ocrx_word' id='word_1_300' title='bbox 1206 961 1476 1011; x_wconf 84' lang='grc' dir='ltr'>ἐκνενεμημένον</span> <span class='ocrx_word' id='word_1_301' title='bbox 1507 960 1710 1014; x_wconf 78' lang='grc' dir='ltr'>βασιλείᾳ)·</span> <span class='ocrx_word' id='word_1_302' title='bbox 1742 956 1839 1005; x_wconf 62' lang='grc' dir='ltr'>οὗτος</span> <span class='ocrx_word' id='word_1_303' title='bbox 1869 964 1887 1000; x_wconf 86' lang='grc' dir='ltr'>ὁ</span> <span class='ocrx_word' id='word_1_304' title='bbox 1907 961 2104 1015; x_wconf 81' lang='grc' dir='ltr'>Ἀλάριχος,</span> <span class='ocrx_word' id='word_1_305' title='bbox 2131 962 2188 1001; x_wconf 86' lang='grc' dir='ltr'>διά</span> <span class='ocrx_word' id='word_1_306' title='bbox 2206 977 2244 1000; x_wconf 91' lang='grc' dir='ltr'>τε</span> 
     </span>
     <span class='ocr_line' id='line_1_43' title="bbox 1204 1019 2244 1074; baseline 0.004 -18"><span class='ocrx_word' id='word_1_307' title='bbox 1204 1019 1305 1068; x_wconf 88' lang='grc' dir='ltr'>φόνον</span> <span class='ocrx_word' id='word_1_308' title='bbox 1338 1020 1575 1072; x_wconf 77' lang='grc' dir='ltr'>Στελίχωνος,</span> <span class='ocrx_word' id='word_1_309' title='bbox 1599 1019 1658 1058; x_wconf 88' lang='grc' dir='ltr'>καὶ</span> <span class='ocrx_word' id='word_1_310' title='bbox 1688 1019 1740 1058; x_wconf 81' lang='grc' dir='ltr'>ὅτι</span> <span class='ocrx_word' id='word_1_311' title='bbox 1773 1019 1796 1058; x_wconf 82' lang='grc' dir='ltr'>ἃ</span> <span class='ocrx_word' id='word_1_312' title='bbox 1834 1019 2008 1060; x_wconf 85' lang='grc' dir='ltr'>συνέκειτο</span> <span class='ocrx_word' id='word_1_313' title='bbox 2040 1023 2155 1074; x_wconf 81' lang='grc' dir='ltr'>αὐτῷ,</span> <span class='ocrx_word' id='word_1_314' title='bbox 2181 1022 2244 1060; x_wconf 79' lang='grc' dir='ltr'>οὒκ</span> 
     </span>
     <span class='ocr_line' id='line_1_44' title="bbox 1203 1077 2244 1131; baseline 0.003 -16"><span class='ocrx_word' id='word_1_315' title='bbox 1203 1078 1399 1128; x_wconf 71' lang='grc' dir='ltr'>ἐλάμὸανε,</span> <span class='ocrx_word' id='word_1_316' title='bbox 1430 1078 1609 1131; x_wconf 80' lang='grc' dir='ltr'>πολιορκεῖ</span> <span class='ocrx_word' id='word_1_317' title='bbox 1625 1077 1685 1116; x_wconf 78' lang='grc' dir='ltr'>καὶ</span> <span class='ocrx_word' id='word_1_318' title='bbox 1713 1079 1875 1131; x_wconf 83' lang='grc' dir='ltr'>ἐκπορθεῖ</span> <span class='ocrx_word' id='word_1_319' title='bbox 1901 1078 1964 1126; x_wconf 75' lang='grc' dir='ltr'>τὴν</span> <span class='ocrx_word' id='word_1_320' title='bbox 1994 1078 2151 1130; x_wconf 84' lang='grc' dir='ltr'>Ῥώμην.</span> <span class='ocrx_word' id='word_1_321' title='bbox 2180 1078 2244 1124; x_wconf 82' lang='grc' dir='ltr'>Ἐξ</span> 
     </span>
     <span class='ocr_line' id='line_1_45' title="bbox 1204 1130 2244 1191; baseline 0.002 -18"><span class='ocrx_word' id='word_1_322' title='bbox 1204 1130 1245 1182; x_wconf 70' lang='grc' dir='ltr'>ἧς</span> <span class='ocrx_word' id='word_1_323' title='bbox 1275 1135 1445 1188; x_wconf 76' lang='grc' dir='ltr'>χρήματά</span> <span class='ocrx_word' id='word_1_324' title='bbox 1474 1152 1511 1174; x_wconf 91' lang='grc' dir='ltr'>τε</span> <span class='ocrx_word' id='word_1_325' title='bbox 1541 1135 1667 1189; x_wconf 82' lang='grc' dir='ltr'>ἄπειρα</span> <span class='ocrx_word' id='word_1_326' title='bbox 1692 1135 1892 1187; x_wconf 82' lang='grc' dir='ltr'>ἐξεκόμισε,</span> <span class='ocrx_word' id='word_1_327' title='bbox 1918 1136 1978 1175; x_wconf 77' lang='grc' dir='ltr'>καὶ</span> <span class='ocrx_word' id='word_1_328' title='bbox 2003 1135 2067 1185; x_wconf 78' lang='grc' dir='ltr'>τὴν</span> <span class='ocrx_word' id='word_1_329' title='bbox 2094 1137 2244 1191; x_wconf 83' lang='grc' dir='ltr'>ἀδελφὴν</span> 
     </span>
     <span class='ocr_line' id='line_1_46' title="bbox 1205 1193 2284 1248; baseline 0 -14"><span class='ocrx_word' id='word_1_330' title='bbox 1205 1193 1395 1247; x_wconf 89' lang='grc' dir='ltr'>Ὁνωρίου,</span> <span class='ocrx_word' id='word_1_331' title='bbox 1417 1194 1626 1243; x_wconf 85' lang='grc' dir='ltr'>Πλακιδίαν,</span> <span class='ocrx_word' id='word_1_332' title='bbox 1649 1196 1683 1233; x_wconf 80' lang='grc' dir='ltr'>ἐν</span> <span class='ocrx_word' id='word_1_333' title='bbox 1704 1194 1828 1247; x_wconf 85' lang='grc' dir='ltr'>Ῥώμῃ</span> <span class='ocrx_word' id='word_1_334' title='bbox 1847 1195 2046 1246; x_wconf 75' lang='grc' dir='ltr'>διάγουσαν,</span> <span class='ocrx_word' id='word_1_335' title='bbox 2072 1197 2245 1248; x_wconf 84' lang='grc' dir='ltr'>ᾐχμαλώ-</span> <span class='ocrx_word' id='word_1_336' title='bbox 2280 1207 2284 1211; x_wconf 96' lang='grc'><strong>’</strong></span> 
     </span>
     <span class='ocr_line' id='line_1_47' title="bbox 1204 1252 2246 1305; baseline 0.002 -15"><span class='ocrx_word' id='word_1_337' title='bbox 1204 1268 1293 1291; x_wconf 88' lang='grc' dir='ltr'>τισε.</span> <span class='ocrx_word' id='word_1_338' title='bbox 1314 1253 1385 1293; x_wconf 81' lang='grc' dir='ltr'>Καὶ</span> <span class='ocrx_word' id='word_1_339' title='bbox 1402 1252 1470 1305; x_wconf 81' lang='grc' dir='ltr'>πρὸ</span> <span class='ocrx_word' id='word_1_340' title='bbox 1487 1255 1548 1299; x_wconf 76' lang='grc' dir='ltr'>τῆς</span> <span class='ocrx_word' id='word_1_341' title='bbox 1565 1253 1726 1297; x_wconf 83' lang='grc' dir='ltr'>ἁλώσεως</span> <span class='ocrx_word' id='word_1_342' title='bbox 1746 1253 1782 1292; x_wconf 81' lang='grc' dir='ltr'>δὲ</span> <span class='ocrx_word' id='word_1_343' title='bbox 1807 1253 1867 1291; x_wconf 78' lang='grc' dir='ltr'>ἕνα</span> <span class='ocrx_word' id='word_1_344' title='bbox 1888 1253 1967 1292; x_wconf 81' lang='grc' dir='ltr'>τινὰ</span> <span class='ocrx_word' id='word_1_345' title='bbox 1989 1256 2056 1292; x_wconf 82' lang='grc' dir='ltr'>τῶν</span> <span class='ocrx_word' id='word_1_346' title='bbox 2076 1253 2167 1293; x_wconf 85' lang='grc' dir='ltr'>κατὰ</span> <span class='ocrx_word' id='word_1_347' title='bbox 2183 1254 2246 1302; x_wconf 81' lang='grc' dir='ltr'>τὴν</span> 
     </span>
     <span class='ocr_line' id='line_1_48' title="bbox 1206 1306 2248 1364; baseline 0.001 -14"><span class='ocrx_word' id='word_1_348' title='bbox 1206 1310 1350 1361; x_wconf 87' lang='grc' dir='ltr'>Ῥώμην</span> <span class='ocrx_word' id='word_1_349' title='bbox 1364 1310 1526 1354; x_wconf 82' lang='grc' dir='ltr'>ἐπιδόξων</span> <span class='ocrx_word' id='word_1_350' title='bbox 1546 1309 1724 1364; x_wconf 84' lang='grc' dir='ltr'>(Ἄτταλος</span> <span class='ocrx_word' id='word_1_351' title='bbox 1741 1306 1782 1358; x_wconf 70' lang='grc' dir='ltr'>ἧν</span> <span class='ocrx_word' id='word_1_352' title='bbox 1796 1311 1906 1362; x_wconf 84' lang='grc' dir='ltr'>ὄνομα</span> <span class='ocrx_word' id='word_1_353' title='bbox 1923 1314 2027 1364; x_wconf 81' lang='grc' dir='ltr'>αὐτῷ)</span> <span class='ocrx_word' id='word_1_354' title='bbox 2039 1341 2051 1362; x_wconf 85' lang='grc'>,</span> <span class='ocrx_word' id='word_1_355' title='bbox 2065 1311 2127 1359; x_wconf 78' lang='grc' dir='ltr'>τὴν</span> <span class='ocrx_word' id='word_1_356' title='bbox 2144 1314 2248 1364; x_wconf 82' lang='grc' dir='ltr'>ἔπαρ-</span> 
     </span>
     <span class='ocr_line' id='line_1_49' title="bbox 1203 1368 2246 1424; baseline 0.004 -18"><span class='ocrx_word' id='word_1_357' title='bbox 1203 1368 1337 1421; x_wconf 82' lang='grc' dir='ltr'>χότητα</span> <span class='ocrx_word' id='word_1_358' title='bbox 1353 1368 1429 1407; x_wconf 86' lang='grc' dir='ltr'>τότε</span> <span class='ocrx_word' id='word_1_359' title='bbox 1441 1369 1615 1416; x_wconf 83' lang='grc' dir='ltr'>διέποντα,</span> <span class='ocrx_word' id='word_1_360' title='bbox 1631 1372 1678 1413; x_wconf 85' lang='grc' dir='ltr'>εἷς</span> <span class='ocrx_word' id='word_1_361' title='bbox 1691 1369 1838 1421; x_wconf 84' lang='grc' dir='ltr'>βασιλέα</span> <span class='ocrx_word' id='word_1_362' title='bbox 1851 1370 2093 1423; x_wconf 84' lang='grc' dir='ltr'>ἀνηγόρευσεν.</span> <span class='ocrx_word' id='word_1_363' title='bbox 2113 1371 2246 1424; x_wconf 82' lang='grc' dir='ltr'>Ἐπρᾶ-</span> 
     </span>
     <span class='ocr_line' id='line_1_50' title="bbox 1205 1427 2245 1481; baseline 0.003 -16"><span class='ocrx_word' id='word_1_364' title='bbox 1205 1432 1271 1480; x_wconf 80' lang='grc' dir='ltr'>χθη</span> <span class='ocrx_word' id='word_1_365' title='bbox 1288 1427 1316 1465; x_wconf 89' lang='grc' dir='ltr'>δ’</span> <span class='ocrx_word' id='word_1_366' title='bbox 1335 1429 1430 1480; x_wconf 79' lang='grc' dir='ltr'>αὐτῷ</span> <span class='ocrx_word' id='word_1_367' title='bbox 1444 1431 1552 1466; x_wconf 76' lang='grc' dir='ltr'>ταῦτα</span> <span class='ocrx_word' id='word_1_368' title='bbox 1568 1427 1625 1466; x_wconf 86' lang='grc' dir='ltr'>διά</span> <span class='ocrx_word' id='word_1_369' title='bbox 1640 1444 1677 1466; x_wconf 87' lang='grc' dir='ltr'>τε</span> <span class='ocrx_word' id='word_1_370' title='bbox 1693 1427 1754 1472; x_wconf 83' lang='grc' dir='ltr'>τὰς</span> <span class='ocrx_word' id='word_1_371' title='bbox 1770 1428 2026 1481; x_wconf 87' lang='grc' dir='ltr'>προειρημένας</span> <span class='ocrx_word' id='word_1_372' title='bbox 2039 1429 2170 1476; x_wconf 86' lang='grc' dir='ltr'>αἰτίας,</span> <span class='ocrx_word' id='word_1_373' title='bbox 2185 1429 2245 1468; x_wconf 82' lang='grc' dir='ltr'>καὶ</span> 
     </span>
     <span class='ocr_line' id='line_1_51' title="bbox 1206 1485 2246 1538; baseline 0.002 -14"><span class='ocrx_word' id='word_1_374' title='bbox 1206 1486 1258 1524; x_wconf 81' lang='grc' dir='ltr'>ὅτι</span> <span class='ocrx_word' id='word_1_375' title='bbox 1289 1486 1419 1538; x_wconf 85' lang='grc' dir='ltr'>Σᾶρον,</span> <span class='ocrx_word' id='word_1_376' title='bbox 1439 1485 1498 1524; x_wconf 84' lang='grc' dir='ltr'>καὶ</span> <span class='ocrx_word' id='word_1_377' title='bbox 1518 1486 1622 1524; x_wconf 81' lang='grc' dir='ltr'>αὐτὸν</span> <span class='ocrx_word' id='word_1_378' title='bbox 1642 1486 1769 1526; x_wconf 88' lang='grc' dir='ltr'>Γότθον</span> <span class='ocrx_word' id='word_1_379' title='bbox 1789 1487 1890 1535; x_wconf 82' lang='grc' dir='ltr'>ὄντα,</span> <span class='ocrx_word' id='word_1_380' title='bbox 1918 1486 1978 1525; x_wconf 86' lang='grc' dir='ltr'>καὶ</span> <span class='ocrx_word' id='word_1_381' title='bbox 2007 1487 2158 1534; x_wconf 79' lang='grc' dir='ltr'>πλήθους</span> <span class='ocrx_word' id='word_1_382' title='bbox 2183 1488 2246 1538; x_wconf 81' lang='grc' dir='ltr'>μὲν</span> 
     </span>
     <span class='ocr_line' id='line_1_52' title="bbox 1206 1543 2245 1598; baseline 0.003 -16"><span class='ocrx_word' id='word_1_383' title='bbox 1206 1543 1324 1593; x_wconf 84' lang='grc' dir='ltr'>ὀλίγου</span> <span class='ocrx_word' id='word_1_384' title='bbox 1345 1544 1544 1596; x_wconf 80' lang='grc' dir='ltr'>ἐπάρχοντα</span> <span class='ocrx_word' id='word_1_385' title='bbox 1566 1543 1674 1598; x_wconf 88' lang='grc' dir='ltr'>(ἄχρι</span> <span class='ocrx_word' id='word_1_386' title='bbox 1700 1544 1767 1598; x_wconf 72' lang='grc' dir='ltr'>γὰρ</span> <span class='ocrx_word' id='word_1_387' title='bbox 1789 1543 2010 1591; x_wconf 84' lang='grc' dir='ltr'>διακοσίωνῆ</span> <span class='ocrx_word' id='word_1_388' title='bbox 2030 1546 2090 1584; x_wconf 87' lang='grc' dir='ltr'>καὶ</span> <span class='ocrx_word' id='word_1_389' title='bbox 2105 1562 2245 1598; x_wconf 85' lang='grc' dir='ltr'>τριακο·</span> 
     </span>
     <span class='ocr_line' id='line_1_53' title="bbox 1205 1602 2246 1656; baseline 0.003 -16"><span class='ocrx_word' id='word_1_390' title='bbox 1205 1602 1288 1641; x_wconf 90' lang='grc' dir='ltr'>σίων</span> <span class='ocrx_word' id='word_1_391' title='bbox 1308 1605 1326 1641; x_wconf 86' lang='grc' dir='ltr'>ὃ</span> <span class='ocrx_word' id='word_1_392' title='bbox 1345 1602 1427 1646; x_wconf 86' lang='grc' dir='ltr'>λαὸς</span> <span class='ocrx_word' id='word_1_393' title='bbox 1446 1602 1670 1654; x_wconf 84' lang='grc' dir='ltr'>ἐξετείνετο),</span> <span class='ocrx_word' id='word_1_394' title='bbox 1691 1603 1806 1647; x_wconf 87' lang='grc' dir='ltr'>ἄλλως</span> <span class='ocrx_word' id='word_1_395' title='bbox 1825 1603 1861 1641; x_wconf 84' lang='grc' dir='ltr'>δὲ</span> <span class='ocrx_word' id='word_1_396' title='bbox 1876 1603 2024 1656; x_wconf 82' lang='grc' dir='ltr'>ἡρωϊκόν</span> <span class='ocrx_word' id='word_1_397' title='bbox 2039 1619 2114 1642; x_wconf 84' lang='grc' dir='ltr'>τινα</span> <span class='ocrx_word' id='word_1_398' title='bbox 2132 1604 2193 1643; x_wconf 87' lang='grc' dir='ltr'>καὶ</span> <span class='ocrx_word' id='word_1_399' title='bbox 2211 1606 2246 1643; x_wconf 82' lang='grc' dir='ltr'>ἐν</span> 
     </span>
     <span class='ocr_line' id='line_1_54' title="bbox 1206 1661 2246 1714; baseline 0.003 -16"><span class='ocrx_word' id='word_1_400' title='bbox 1206 1662 1336 1713; x_wconf 86' lang='grc' dir='ltr'>μάχαις</span> <span class='ocrx_word' id='word_1_401' title='bbox 1365 1661 1659 1711; x_wconf 86' lang='grc' dir='ltr'>ἀκαταγώνιστον,</span> <span class='ocrx_word' id='word_1_402' title='bbox 1681 1665 1801 1700; x_wconf 79' lang='grc' dir='ltr'>τοῦτον</span> <span class='ocrx_word' id='word_1_403' title='bbox 1836 1661 1887 1700; x_wconf 77' lang='grc' dir='ltr'>ὅτι</span> <span class='ocrx_word' id='word_1_404' title='bbox 1918 1661 2090 1712; x_wconf 86' lang='grc' dir='ltr'>Ῥωμαῖοι</span> <span class='ocrx_word' id='word_1_405' title='bbox 2111 1663 2246 1714; x_wconf 79' lang='grc' dir='ltr'>ἡταιρί-</span> 
     </span>
     <span class='ocr_line' id='line_1_55' title="bbox 1205 1719 2246 1774; baseline 0.002 -17"><span class='ocrx_word' id='word_1_406' title='bbox 1205 1735 1312 1758; x_wconf 92' lang='grc' dir='ltr'>σαντο</span> <span class='ocrx_word' id='word_1_407' title='bbox 1344 1719 1387 1758; x_wconf 88' lang='grc' dir='ltr'>δι’</span> <span class='ocrx_word' id='word_1_408' title='bbox 1421 1719 1546 1772; x_wconf 79' lang='grc' dir='ltr'>ἔχθρας</span> <span class='ocrx_word' id='word_1_409' title='bbox 1580 1720 1753 1774; x_wconf 79' lang='grc' dir='ltr'>Ἀλαρίχῳ</span> <span class='ocrx_word' id='word_1_410' title='bbox 1787 1720 1891 1768; x_wconf 84' lang='grc' dir='ltr'>ὄντα,</span> <span class='ocrx_word' id='word_1_411' title='bbox 1925 1720 2095 1759; x_wconf 86' lang='grc' dir='ltr'>ἄσπονδον</span> <span class='ocrx_word' id='word_1_412' title='bbox 2124 1721 2246 1774; x_wconf 73' lang='grc' dir='ltr'>ἐχθρὸν</span> 
     </span>
     <span class='ocr_line' id='line_1_56' title="bbox 1206 1778 1625 1830; baseline 0.002 -13"><span class='ocrx_word' id='word_1_413' title='bbox 1206 1778 1386 1830; x_wconf 81' lang='grc' dir='ltr'>Ἀλάριχον</span> <span class='ocrx_word' id='word_1_414' title='bbox 1404 1778 1625 1825; x_wconf 83' lang='grc' dir='ltr'>ἐποιήσαντο.</span> 
     </span>
    </p>

    <p class='ocr_par' dir='ltr' id='par_1_7' title="bbox 1205 1836 2247 1947">
     <span class='ocr_line' id='line_1_57' title="bbox 1257 1836 2247 1891; baseline -0.001 -15"><span class='ocrx_word' id='word_1_415' title='bbox 1257 1850 1288 1876; x_wconf 82' lang='grc'>4.</span> <span class='ocrx_word' id='word_1_416' title='bbox 1319 1836 1404 1876; x_wconf 73' lang='grc' dir='ltr'>ίὈτι</span> <span class='ocrx_word' id='word_1_417' title='bbox 1424 1839 1458 1875; x_wconf 81' lang='grc' dir='ltr'>ἐν</span> <span class='ocrx_word' id='word_1_418' title='bbox 1486 1841 1529 1890; x_wconf 82' lang='grc' dir='ltr'>τῇ</span> <span class='ocrx_word' id='word_1_419' title='bbox 1549 1836 1731 1889; x_wconf 79' lang='grc' dir='ltr'>πολιορκίᾳ</span> <span class='ocrx_word' id='word_1_420' title='bbox 1760 1840 1821 1884; x_wconf 83' lang='grc' dir='ltr'>τ’ἧς</span> <span class='ocrx_word' id='word_1_421' title='bbox 1837 1836 1982 1888; x_wconf 89' lang='grc' dir='ltr'>Ῥώμης</span> <span class='ocrx_word' id='word_1_422' title='bbox 2004 1837 2247 1891; x_wconf 83' lang='grc' dir='ltr'>ἀλληλοφαγία</span> 
     </span>
     <span class='ocr_line' id='line_1_58' title="bbox 1205 1894 1672 1947; baseline 0 -14"><span class='ocrx_word' id='word_1_423' title='bbox 1205 1897 1272 1933; x_wconf 86' lang='grc' dir='ltr'>τῶν</span> <span class='ocrx_word' id='word_1_424' title='bbox 1290 1894 1510 1933; x_wconf 78' lang='grc' dir='ltr'>ἐνοικούντων</span> <span class='ocrx_word' id='word_1_425' title='bbox 1528 1895 1672 1947; x_wconf 79' lang='grc' dir='ltr'>ἐγίνετο.</span> 
     </span>
    </p>

    <p class='ocr_par' dir='ltr' id='par_1_8' title="bbox 1208 1952 2244 2066">
     <span class='ocr_line' id='line_1_59' title="bbox 1258 1952 2244 2006; baseline 0 -15"><span class='ocrx_word' id='word_1_426' title='bbox 1258 1967 1288 1992; x_wconf 80' lang='lat'>5.</span> <span class='ocrx_word' id='word_1_427' title='bbox 1318 1952 1405 1992; x_wconf 72' lang='lat' dir='ltr'>“Oti</span> <span class='ocrx_word' id='word_1_428' title='bbox 1426 1953 1622 2006; x_wconf 81' lang='grc' dir='ltr'>Ἀλάριχος,</span> <span class='ocrx_word' id='word_1_429' title='bbox 1639 1953 1689 1992; x_wconf 84' lang='grc' dir='ltr'>ἔτι</span> <span class='ocrx_word' id='word_1_430' title='bbox 1717 1955 1840 1999; x_wconf 85' lang='grc' dir='ltr'>ζῶντος</span> <span class='ocrx_word' id='word_1_431' title='bbox 1859 1953 2098 2006; x_wconf 87' lang='grc' dir='ltr'>Στελίχωνος,</span> <span class='ocrx_word' id='word_1_432' title='bbox 2118 1969 2244 1992; x_wconf 85' lang='grc' dir='ltr'>τεσσα-</span> 
     </span>
     <span class='ocr_line' id='line_1_60' title="bbox 1208 2011 2167 2066; baseline 0.001 -16"><span class='ocrx_word' id='word_1_433' title='bbox 1208 2011 1357 2064; x_wconf 79' lang='grc' dir='ltr'>ράκοντα</span> <span class='ocrx_word' id='word_1_434' title='bbox 1374 2012 1581 2066; x_wconf 85' lang='grc' dir='ltr'>κεντηνάρια</span> <span class='ocrx_word' id='word_1_435' title='bbox 1597 2011 1715 2062; x_wconf 86' lang='grc' dir='ltr'>μισθὸν</span> <span class='ocrx_word' id='word_1_436' title='bbox 1733 2011 1838 2050; x_wconf 71' lang='grc' dir='ltr'>ἔλαὸε</span> <span class='ocrx_word' id='word_1_437' title='bbox 1853 2015 1914 2059; x_wconf 79' lang='grc' dir='ltr'>τῆς</span> <span class='ocrx_word' id='word_1_438' title='bbox 1933 2011 2167 2065; x_wconf 83' lang='grc' dir='ltr'>ἐκστρατείας.</span> 
     </span>
    </p>
   </div>
   <div class='ocr_carea' id='block_1_5' title="bbox 108 2087 2248 2100">
    <p class='ocr_par' dir='ltr' id='par_1_9' title="bbox 108 2087 2248 2100">
     <span class='ocr_line' id='line_1_61' title="bbox 108 2087 2248 2100; baseline 0 1624"><span class='ocrx_word' id='word_1_439' title='bbox 108 2087 2248 2100; x_wconf 95' lang='lat' dir='ltr'> </span> 
     </span>
    </p>
   </div>
   <div class='ocr_carea' id='block_1_6' title="bbox 106 2126 1150 3471">
    <p class='ocr_par' dir='ltr' id='par_1_10' title="bbox 106 2126 1150 3205">
     <span class='ocr_line' id='line_1_62' title="bbox 149 2126 1145 2168; baseline 0.001 -10"><span class='ocrx_word' id='word_1_440' title='bbox 149 2127 235 2159; x_wconf 80' lang='lat' dir='ltr'><strong>Lecti</strong></span> <span class='ocrx_word' id='word_1_441' title='bbox 249 2128 324 2158; x_wconf 89' lang='lat' dir='ltr'>sunt</span> <span class='ocrx_word' id='word_1_442' title='bbox 342 2126 561 2166; x_wconf 75' lang='lat' dir='ltr'>olympiodori</span> <span class='ocrx_word' id='word_1_443' title='bbox 574 2127 778 2158; x_wconf 81' lang='lat' dir='ltr'>historiarum</span> <span class='ocrx_word' id='word_1_444' title='bbox 800 2128 873 2159; x_wconf 81' lang='lat' dir='ltr'>libri</span> <span class='ocrx_word' id='word_1_445' title='bbox 892 2127 957 2159; x_wconf 89' lang='lat' dir='ltr'>duo</span> <span class='ocrx_word' id='word_1_446' title='bbox 973 2130 1004 2160; x_wconf 84' lang='lat' dir='ltr'>et</span> <span class='ocrx_word' id='word_1_447' title='bbox 1023 2128 1145 2168; x_wconf 74' lang='lat' dir='ltr'>viginti,</span> 
     </span>
     <span class='ocr_line' id='line_1_63' title="bbox 107 2178 1147 2219; baseline 0 -9"><span class='ocrx_word' id='word_1_448' title='bbox 107 2179 205 2210; x_wconf 89' lang='lat' dir='ltr'>ducto</span> <span class='ocrx_word' id='word_1_449' title='bbox 228 2179 318 2210; x_wconf 87' lang='lat' dir='ltr'>initio</span> <span class='ocrx_word' id='word_1_450' title='bbox 339 2178 380 2209; x_wconf 88' lang='lat' dir='ltr'>ab</span> <span class='ocrx_word' id='word_1_451' title='bbox 404 2178 554 2218; x_wconf 88' lang='lat' dir='ltr'>Honorii‚</span> <span class='ocrx_word' id='word_1_452' title='bbox 579 2179 713 2210; x_wconf 85' lang='lat' dir='ltr'>Romani</span> <span class='ocrx_word' id='word_1_453' title='bbox 737 2179 955 2219; x_wconf 87' lang='lat' dir='ltr'>imperatoris,</span> <span class='ocrx_word' id='word_1_454' title='bbox 979 2180 1147 2210; x_wconf 72' lang='lat' dir='ltr'>consulatu</span> 
     </span>
     <span class='ocr_line' id='line_1_64' title="bbox 106 2230 1148 2272; baseline 0 -9"><span class='ocrx_word' id='word_1_455' title='bbox 106 2231 254 2272; x_wconf 89' lang='lat' dir='ltr'>septimo,</span> <span class='ocrx_word' id='word_1_456' title='bbox 268 2233 300 2263; x_wconf 88' lang='lat' dir='ltr'>et</span> <span class='ocrx_word' id='word_1_457' title='bbox 316 2230 483 2262; x_wconf 84' lang='lat' dir='ltr'>Theodosii</span> <span class='ocrx_word' id='word_1_458' title='bbox 499 2231 637 2263; x_wconf 86' lang='lat' dir='ltr'>secundo</span> <span class='ocrx_word' id='word_1_459' title='bbox 654 2231 732 2271; x_wconf 84' lang='lat' dir='ltr'>(an.</span> <span class='ocrx_word' id='word_1_460' title='bbox 749 2234 808 2264; x_wconf 81' lang='grc'>407</span> <span class='ocrx_word' id='word_1_461' title='bbox 823 2232 832 2271; x_wconf 90' lang='grc'>)</span> <span class='ocrx_word' id='word_1_462' title='bbox 850 2243 856 2263; x_wconf 89' lang='lat'>:</span> <span class='ocrx_word' id='word_1_463' title='bbox 873 2232 1066 2272; x_wconf 82' lang='lat' dir='ltr'>deducitque</span> <span class='ocrx_word' id='word_1_464' title='bbox 1082 2232 1148 2263; x_wconf 89' lang='lat' dir='ltr'>his-</span> 
     </span>
     <span class='ocr_line' id='line_1_65' title="bbox 107 2283 1148 2324; baseline 0 -8"><span class='ocrx_word' id='word_1_465' title='bbox 107 2285 222 2316; x_wconf 80' lang='lat' dir='ltr'>toriam</span> <span class='ocrx_word' id='word_1_466' title='bbox 239 2283 279 2315; x_wconf 83' lang='lat' dir='ltr'>ad</span> <span class='ocrx_word' id='word_1_467' title='bbox 298 2284 328 2314; x_wconf 89' lang='lat' dir='ltr'>id</span> <span class='ocrx_word' id='word_1_468' title='bbox 347 2292 449 2323; x_wconf 89' lang='lat' dir='ltr'>usque</span> <span class='ocrx_word' id='word_1_469' title='bbox 465 2285 591 2324; x_wconf 84' lang='lat' dir='ltr'>tempus</span> <span class='ocrx_word' id='word_1_470' title='bbox 603 2308 612 2324; x_wconf 89' lang='lat'>,</span> <span class='ocrx_word' id='word_1_471' title='bbox 629 2293 694 2324; x_wconf 83' lang='lat' dir='ltr'>quo</span> <span class='ocrx_word' id='word_1_472' title='bbox 722 2285 980 2324; x_wconf 78' lang='lat' dir='ltr'>Valentinianus,</span> <span class='ocrx_word' id='word_1_473' title='bbox 1001 2285 1148 2316; x_wconf 79' lang='lat' dir='ltr'>Placidiae</span> 
     </span>
     <span class='ocr_line' id='line_1_66' title="bbox 108 2335 1146 2376; baseline 0.001 -9"><span class='ocrx_word' id='word_1_474' title='bbox 108 2337 140 2367; x_wconf 90' lang='lat' dir='ltr'>et</span> <span class='ocrx_word' id='word_1_475' title='bbox 157 2335 332 2367; x_wconf 87' lang='lat' dir='ltr'>Constantii</span> <span class='ocrx_word' id='word_1_476' title='bbox 346 2335 442 2374; x_wconf 84' lang='lat' dir='ltr'>iilius,</span> <span class='ocrx_word' id='word_1_477' title='bbox 460 2336 622 2367; x_wconf 86' lang='lat' dir='ltr'>Romanus</span> <span class='ocrx_word' id='word_1_478' title='bbox 634 2336 804 2376; x_wconf 83' lang='lat' dir='ltr'>imperator</span> <span class='ocrx_word' id='word_1_479' title='bbox 814 2335 992 2368; x_wconf 87' lang='lat' dir='ltr'>declaratus</span> <span class='ocrx_word' id='word_1_480' title='bbox 1004 2338 1051 2368; x_wconf 90' lang='lat' dir='ltr'>est</span> <span class='ocrx_word' id='word_1_481' title='bbox 1067 2336 1146 2375; x_wconf 79' lang='lat' dir='ltr'>(an.</span> 
     </span>
     <span class='ocr_line' id='line_1_67' title="bbox 109 2386 1146 2427; baseline 0.001 -9"><span class='ocrx_word' id='word_1_482' title='bbox 109 2386 202 2425; x_wconf 79' lang='lat'>425).</span> <span class='ocrx_word' id='word_1_483' title='bbox 222 2387 364 2426; x_wconf 85' lang='lat' dir='ltr'>scriptor</span> <span class='ocrx_word' id='word_1_484' title='bbox 381 2386 432 2416; x_wconf 93' lang='lat' dir='ltr'>hic</span> <span class='ocrx_word' id='word_1_485' title='bbox 448 2388 555 2418; x_wconf 87' lang='lat' dir='ltr'>ortum</span> <span class='ocrx_word' id='word_1_486' title='bbox 573 2386 661 2418; x_wconf 89' lang='lat' dir='ltr'>ducit</span> <span class='ocrx_word' id='word_1_487' title='bbox 677 2387 870 2427; x_wconf 72' lang='lat' dir='ltr'>AEgyptiacis</span> <span class='ocrx_word' id='word_1_488' title='bbox 892 2387 1020 2426; x_wconf 81' lang='lat' dir='ltr'>ThebiS,</span> <span class='ocrx_word' id='word_1_489' title='bbox 1035 2389 1146 2427; x_wconf 86' lang='lat' dir='ltr'>poeta,</span> 
     </span>
     <span class='ocr_line' id='line_1_68' title="bbox 107 2437 1146 2479; baseline 0.002 -11"><span class='ocrx_word' id='word_1_490' title='bbox 107 2439 144 2469; x_wconf 91' lang='lat' dir='ltr'>ut</span> <span class='ocrx_word' id='word_1_491' title='bbox 165 2437 205 2469; x_wconf 90' lang='lat' dir='ltr'>de</span> <span class='ocrx_word' id='word_1_492' title='bbox 221 2446 254 2469; x_wconf 89' lang='lat' dir='ltr'>se</span> <span class='ocrx_word' id='word_1_493' title='bbox 278 2437 344 2478; x_wconf 80' lang='lat' dir='ltr'>ipse</span> <span class='ocrx_word' id='word_1_494' title='bbox 366 2437 544 2478; x_wconf 79' lang='lat' dir='ltr'>profitetur,</span> <span class='ocrx_word' id='word_1_495' title='bbox 569 2438 716 2477; x_wconf 87' lang='lat' dir='ltr'>religione</span> <span class='ocrx_word' id='word_1_496' title='bbox 740 2448 815 2470; x_wconf 83' lang='lat' dir='ltr'>vero</span> <span class='ocrx_word' id='word_1_497' title='bbox 833 2439 976 2479; x_wconf 81' lang='lat' dir='ltr'>gentium</span> <span class='ocrx_word' id='word_1_498' title='bbox 992 2439 1146 2471; x_wconf 90' lang='lat' dir='ltr'>imbutus.</span> 
     </span>
     <span class='ocr_line' id='line_1_69' title="bbox 111 2490 1145 2532; baseline 0.001 -9"><span class='ocrx_word' id='word_1_499' title='bbox 111 2490 216 2523; x_wconf 78' lang='lat' dir='ltr'>Dictio</span> <span class='ocrx_word' id='word_1_500' title='bbox 229 2490 274 2522; x_wconf 90' lang='lat' dir='ltr'>illi</span> <span class='ocrx_word' id='word_1_501' title='bbox 287 2491 391 2530; x_wconf 84' lang='lat' dir='ltr'>clara,</span> <span class='ocrx_word' id='word_1_502' title='bbox 409 2491 539 2522; x_wconf 84' lang='lat' dir='ltr'>remissa</span> <span class='ocrx_word' id='word_1_503' title='bbox 560 2492 669 2523; x_wconf 86' lang='lat' dir='ltr'>tamen</span> <span class='ocrx_word' id='word_1_504' title='bbox 685 2500 722 2523; x_wconf 89' lang='lat' dir='ltr'>ac</span> <span class='ocrx_word' id='word_1_505' title='bbox 735 2492 906 2532; x_wconf 86' lang='lat' dir='ltr'>dissoluta,</span> <span class='ocrx_word' id='word_1_506' title='bbox 933 2493 965 2523; x_wconf 90' lang='lat' dir='ltr'>et</span> <span class='ocrx_word' id='word_1_507' title='bbox 981 2492 1011 2523; x_wconf 92' lang='lat' dir='ltr'>in</span> <span class='ocrx_word' id='word_1_508' title='bbox 1029 2493 1145 2532; x_wconf 86' lang='lat' dir='ltr'>protri-</span> 
     </span>
     <span class='ocr_line' id='line_1_70' title="bbox 107 2543 1150 2585; baseline 0.003 -11"><span class='ocrx_word' id='word_1_509' title='bbox 107 2545 174 2575; x_wconf 88' lang='lat' dir='ltr'>tam</span> <span class='ocrx_word' id='word_1_510' title='bbox 193 2543 342 2575; x_wconf 85' lang='lat' dir='ltr'>devoluta</span> <span class='ocrx_word' id='word_1_511' title='bbox 354 2543 525 2574; x_wconf 89' lang='lat' dir='ltr'>verborum</span> <span class='ocrx_word' id='word_1_512' title='bbox 545 2544 754 2576; x_wconf 86' lang='lat' dir='ltr'>affluentiam.</span> <span class='ocrx_word' id='word_1_513' title='bbox 772 2546 882 2577; x_wconf 89' lang='lat' dir='ltr'>Oratio</span> <span class='ocrx_word' id='word_1_514' title='bbox 902 2545 1010 2585; x_wconf 88' lang='lat' dir='ltr'>itaque</span> <span class='ocrx_word' id='word_1_515' title='bbox 1022 2545 1150 2585; x_wconf 83' lang='lat' dir='ltr'>indigna</span> 
     </span>
     <span class='ocr_line' id='line_1_71' title="bbox 110 2595 1148 2638; baseline 0.002 -10"><span class='ocrx_word' id='word_1_516' title='bbox 110 2597 147 2628; x_wconf 92' lang='lat' dir='ltr'>ut</span> <span class='ocrx_word' id='word_1_517' title='bbox 162 2595 304 2628; x_wconf 83' lang='lat' dir='ltr'>historiae</span> <span class='ocrx_word' id='word_1_518' title='bbox 316 2595 542 2627; x_wconf 82' lang='lat' dir='ltr'>adnumeretur</span> <span class='ocrx_word' id='word_1_519' title='bbox 555 2609 562 2628; x_wconf 73' lang='grc' dir='ltr'>ε</span> <span class='ocrx_word' id='word_1_520' title='bbox 575 2597 666 2636; x_wconf 87' lang='lat' dir='ltr'>cujus</span> <span class='ocrx_word' id='word_1_521' title='bbox 680 2597 746 2637; x_wconf 88' lang='lat' dir='ltr'>ipse</span> <span class='ocrx_word' id='word_1_522' title='bbox 760 2598 890 2629; x_wconf 83' lang='lat' dir='ltr'>fortasse</span> <span class='ocrx_word' id='word_1_523' title='bbox 907 2598 1069 2638; x_wconf 87' lang='lat' dir='ltr'>conscius,</span> <span class='ocrx_word' id='word_1_524' title='bbox 1084 2607 1148 2630; x_wconf 90' lang='lat' dir='ltr'>non</span> 
     </span>
     <span class='ocr_line' id='line_1_72' title="bbox 109 2647 1147 2688; baseline 0.003 -9"><span class='ocrx_word' id='word_1_525' title='bbox 109 2647 274 2680; x_wconf 83' lang='lat' dir='ltr'>historiam</span> <span class='ocrx_word' id='word_1_526' title='bbox 291 2648 372 2678; x_wconf 90' lang='lat' dir='ltr'>hanc</span> <span class='ocrx_word' id='word_1_527' title='bbox 388 2656 407 2679; x_wconf 87' lang='lat' dir='ltr'>a</span> <span class='ocrx_word' id='word_1_528' title='bbox 420 2656 453 2679; x_wconf 87' lang='lat' dir='ltr'>se</span> <span class='ocrx_word' id='word_1_529' title='bbox 466 2648 631 2688; x_wconf 86' lang='lat' dir='ltr'>adornari,</span> <span class='ocrx_word' id='word_1_530' title='bbox 647 2650 701 2681; x_wconf 87' lang='lat' dir='ltr'>sed</span> <span class='ocrx_word' id='word_1_531' title='bbox 717 2651 883 2682; x_wconf 83' lang='lat' dir='ltr'>materiam</span> <span class='ocrx_word' id='word_1_532' title='bbox 900 2651 1080 2688; x_wconf 80' lang='lat' dir='ltr'>dumtaxat,</span> <span class='ocrx_word' id='word_1_533' title='bbox 1094 2660 1147 2682; x_wconf 89' lang='lat' dir='ltr'>seu</span> 
     </span>
     <span class='ocr_line' id='line_1_73' title="bbox 109 2699 1146 2740; baseline 0.005 -11"><span class='ocrx_word' id='word_1_534' title='bbox 109 2699 376 2730; x_wconf 87' lang='lat' dir='ltr'>commentarium</span> <span class='ocrx_word' id='word_1_535' title='bbox 390 2699 530 2731; x_wconf 77' lang='lat' dir='ltr'>historiae</span> <span class='ocrx_word' id='word_1_536' title='bbox 545 2701 738 2740; x_wconf 86' lang='lat' dir='ltr'>suppeditari</span> <span class='ocrx_word' id='word_1_537' title='bbox 754 2702 918 2734; x_wconf 85' lang='lat' dir='ltr'>contendit</span> <span class='ocrx_word' id='word_1_538' title='bbox 933 2715 940 2734; x_wconf 69' lang='grc' dir='ltr'>ι</span> <span class='ocrx_word' id='word_1_539' title='bbox 959 2702 1038 2734; x_wconf 88' lang='lat' dir='ltr'>adeo</span> <span class='ocrx_word' id='word_1_540' title='bbox 1054 2702 1146 2734; x_wconf 87' lang='lat' dir='ltr'>insor-</span> 
     </span>
     <span class='ocr_line' id='line_1_74' title="bbox 110 2750 1150 2792; baseline 0.004 -10"><span class='ocrx_word' id='word_1_541' title='bbox 110 2750 173 2782; x_wconf 86' lang='lat' dir='ltr'>mis</span> <span class='ocrx_word' id='word_1_542' title='bbox 184 2759 222 2782; x_wconf 87' lang='lat' dir='ltr'>ac</span> <span class='ocrx_word' id='word_1_543' title='bbox 235 2751 338 2791; x_wconf 87' lang='lat' dir='ltr'>specie</span> <span class='ocrx_word' id='word_1_544' title='bbox 357 2758 467 2782; x_wconf 86' lang='lat' dir='ltr'>carens</span> <span class='ocrx_word' id='word_1_545' title='bbox 481 2751 576 2782; x_wconf 89' lang='lat' dir='ltr'>etiam</span> <span class='ocrx_word' id='word_1_546' title='bbox 599 2752 724 2792; x_wconf 85' lang='lat' dir='ltr'>ipsimet</span> <span class='ocrx_word' id='word_1_547' title='bbox 736 2752 882 2785; x_wconf 89' lang='lat' dir='ltr'>dictionis</span> <span class='ocrx_word' id='word_1_548' title='bbox 896 2762 963 2785; x_wconf 85' lang='lat' dir='ltr'>suae</span> <span class='ocrx_word' id='word_1_549' title='bbox 985 2754 1150 2786; x_wconf 85' lang='lat' dir='ltr'>character</span> 
     </span>
     <span class='ocr_line' id='line_1_75' title="bbox 109 2802 1150 2847; baseline 0.004 -13"><span class='ocrx_word' id='word_1_550' title='bbox 109 2802 196 2834; x_wconf 86' lang='lat' dir='ltr'>visus</span> <span class='ocrx_word' id='word_1_551' title='bbox 205 2803 264 2834; x_wconf 84' lang='lat' dir='ltr'>est.</span> <span class='ocrx_word' id='word_1_552' title='bbox 308 2802 433 2833; x_wconf 84' lang='lat' dir='ltr'>Etenim</span> <span class='ocrx_word' id='word_1_553' title='bbox 444 2803 531 2833; x_wconf 90' lang='lat' dir='ltr'>nulla</span> <span class='ocrx_word' id='word_1_554' title='bbox 545 2804 681 2835; x_wconf 89' lang='lat' dir='ltr'>orationi</span> <span class='ocrx_word' id='word_1_555' title='bbox 693 2805 794 2836; x_wconf 81' lang='lat' dir='ltr'>forma</span> <span class='ocrx_word' id='word_1_556' title='bbox 807 2805 860 2837; x_wconf 90' lang='lat' dir='ltr'>hic</span> <span class='ocrx_word' id='word_1_557' title='bbox 873 2806 991 2845; x_wconf 89' lang='lat' dir='ltr'>enitet,</span> <span class='ocrx_word' id='word_1_558' title='bbox 1005 2806 1065 2838; x_wconf 89' lang='lat' dir='ltr'>nisi</span> <span class='ocrx_word' id='word_1_559' title='bbox 1078 2807 1150 2847; x_wconf 85' lang='lat' dir='ltr'>quis</span> 
     </span>
     <span class='ocr_line' id='line_1_76' title="bbox 111 2852 1149 2899; baseline 0.006 -15"><span class='ocrx_word' id='word_1_560' title='bbox 111 2862 186 2885; x_wconf 89' lang='lat' dir='ltr'>eum</span> <span class='ocrx_word' id='word_1_561' title='bbox 201 2852 318 2884; x_wconf 88' lang='lat' dir='ltr'>alicubi</span> <span class='ocrx_word' id='word_1_562' title='bbox 344 2853 541 2893; x_wconf 82' lang='lat' dir='ltr'>simplicitati</span> <span class='ocrx_word' id='word_1_563' title='bbox 566 2855 715 2887; x_wconf 86' lang='lat' dir='ltr'>accedere</span> <span class='ocrx_word' id='word_1_564' title='bbox 731 2857 912 2888; x_wconf 86' lang='lat' dir='ltr'>contendat.</span> <span class='ocrx_word' id='word_1_565' title='bbox 957 2858 1026 2889; x_wconf 86' lang='lat' dir='ltr'>Etsi</span> <span class='ocrx_word' id='word_1_566' title='bbox 1046 2867 1149 2899; x_wconf 88' lang='lat' dir='ltr'>neque</span> 
     </span>
     <span class='ocr_line' id='line_1_77' title="bbox 111 2904 1150 2950; baseline 0.005 -14"><span class='ocrx_word' id='word_1_567' title='bbox 111 2905 193 2936; x_wconf 91' lang='lat' dir='ltr'>hanc</span> <span class='ocrx_word' id='word_1_568' title='bbox 214 2904 370 2944; x_wconf 84' lang='lat' dir='ltr'>attingat,</span> <span class='ocrx_word' id='word_1_569' title='bbox 390 2905 468 2936; x_wconf 90' lang='lat' dir='ltr'>dum</span> <span class='ocrx_word' id='word_1_570' title='bbox 490 2905 584 2938; x_wconf 90' lang='lat' dir='ltr'>nimis</span> <span class='ocrx_word' id='word_1_571' title='bbox 599 2906 712 2938; x_wconf 91' lang='lat' dir='ltr'>humili</span> <span class='ocrx_word' id='word_1_572' title='bbox 734 2916 773 2939; x_wconf 87' lang='lat' dir='ltr'>ac</span> <span class='ocrx_word' id='word_1_573' title='bbox 797 2909 849 2940; x_wconf 89' lang='lat' dir='ltr'>vili</span> <span class='ocrx_word' id='word_1_574' title='bbox 866 2909 1013 2941; x_wconf 89' lang='lat' dir='ltr'>dictionis</span> <span class='ocrx_word' id='word_1_575' title='bbox 1037 2918 1150 2950; x_wconf 85' lang='lat' dir='ltr'>genere</span> 
     </span>
     <span class='ocr_line' id='line_1_78' title="bbox 110 2956 1147 3001; baseline 0.007 -14"><span class='ocrx_word' id='word_1_576' title='bbox 110 2965 187 2988; x_wconf 77' lang='lat' dir='ltr'>usus</span> <span class='ocrx_word' id='word_1_577' title='bbox 198 2979 207 2995; x_wconf 96' lang='lat'><strong>,</strong></span> <span class='ocrx_word' id='word_1_578' title='bbox 223 2956 256 2987; x_wconf 92' lang='lat' dir='ltr'>in</span> <span class='ocrx_word' id='word_1_579' title='bbox 273 2956 468 2987; x_wconf 86' lang='lat' dir='ltr'>idiotismum</span> <span class='ocrx_word' id='word_1_580' title='bbox 485 2957 708 2998; x_wconf 88' lang='lat' dir='ltr'>plebeiumque</span> <span class='ocrx_word' id='word_1_581' title='bbox 725 2968 902 2992; x_wconf 88' lang='lat' dir='ltr'>sermonem</span> <span class='ocrx_word' id='word_1_582' title='bbox 920 2970 1050 3001; x_wconf 85' lang='lat' dir='ltr'>prorsus</span> <span class='ocrx_word' id='word_1_583' title='bbox 1065 2962 1147 2993; x_wconf 88' lang='lat' dir='ltr'>dela·</span> 
     </span>
     <span class='ocr_line' id='line_1_79' title="bbox 110 3008 1149 3053; baseline 0.005 -13"><span class='ocrx_word' id='word_1_584' title='bbox 110 3009 206 3040; x_wconf 86' lang='lat' dir='ltr'>bitur.</span> <span class='ocrx_word' id='word_1_585' title='bbox 251 3010 293 3040; x_wconf 89' lang='lat' dir='ltr'>Et</span> <span class='ocrx_word' id='word_1_586' title='bbox 306 3008 380 3040; x_wconf 84' lang='lat' dir='ltr'>licet</span> <span class='ocrx_word' id='word_1_587' title='bbox 391 3009 501 3040; x_wconf 89' lang='lat' dir='ltr'>silvam</span> <span class='ocrx_word' id='word_1_588' title='bbox 516 3018 610 3041; x_wconf 88' lang='lat' dir='ltr'>suum</span> <span class='ocrx_word' id='word_1_589' title='bbox 622 3011 686 3051; x_wconf 87' lang='lat' dir='ltr'>ipse</span> <span class='ocrx_word' id='word_1_590' title='bbox 696 3020 777 3051; x_wconf 87' lang='lat' dir='ltr'>opus</span> <span class='ocrx_word' id='word_1_591' title='bbox 787 3014 934 3053; x_wconf 88' lang='lat' dir='ltr'>appellet,</span> <span class='ocrx_word' id='word_1_592' title='bbox 951 3014 1036 3045; x_wconf 89' lang='lat' dir='ltr'>libris</span> <span class='ocrx_word' id='word_1_593' title='bbox 1043 3015 1149 3045; x_wconf 86' lang='lat' dir='ltr'>tamen</span> 
     </span>
     <span class='ocr_line' id='line_1_80' title="bbox 110 3060 1144 3108; baseline 0.006 -17"><span class='ocrx_word' id='word_1_594' title='bbox 110 3060 292 3100; x_wconf 83' lang='lat' dir='ltr'>distinguit,</span> <span class='ocrx_word' id='word_1_595' title='bbox 307 3060 606 3101; x_wconf 76' lang='lat' dir='ltr'>praesationibusque</span> <span class='ocrx_word' id='word_1_596' title='bbox 622 3071 736 3106; x_wconf 85' lang='lat' dir='ltr'>ornare</span> <span class='ocrx_word' id='word_1_597' title='bbox 750 3064 873 3096; x_wconf 89' lang='lat' dir='ltr'>nititur.</span> <span class='ocrx_word' id='word_1_598' title='bbox 919 3065 1089 3108; x_wconf 83' lang='lat' dir='ltr'>Historiam</span> <span class='ocrx_word' id='word_1_599' title='bbox 1104 3067 1144 3097; x_wconf 86' lang='lat' dir='ltr'>in·</span> 
     </span>
     <span class='ocr_line' id='line_1_81' title="bbox 110 3111 1143 3159; baseline 0.006 -16"><span class='ocrx_word' id='word_1_600' title='bbox 110 3112 220 3144; x_wconf 85' lang='lat' dir='ltr'>scribit</span> <span class='ocrx_word' id='word_1_601' title='bbox 235 3111 413 3144; x_wconf 83' lang='lat' dir='ltr'>Theodosio</span> <span class='ocrx_word' id='word_1_602' title='bbox 430 3111 602 3154; x_wconf 76' lang='lat' dir='ltr'>[Minori]</span> <span class='ocrx_word' id='word_1_603' title='bbox 617 3114 818 3155; x_wconf 86' lang='lat' dir='ltr'>imperatori,</span> <span class='ocrx_word' id='word_1_604' title='bbox 835 3116 889 3156; x_wconf 88' lang='lat' dir='ltr'>qui</span> <span class='ocrx_word' id='word_1_605' title='bbox 903 3117 1030 3148; x_wconf 89' lang='lat' dir='ltr'>Arcadii</span> <span class='ocrx_word' id='word_1_606' title='bbox 1042 3117 1124 3149; x_wconf 86' lang='lat' dir='ltr'>iilius</span> <span class='ocrx_word' id='word_1_607' title='bbox 1134 3143 1143 3159; x_wconf 87' lang='lat'><strong>,</strong></span> 
     </span>
     <span class='ocr_line' id='line_1_82' title="bbox 113 3164 707 3205; baseline 0.003 -9"><span class='ocrx_word' id='word_1_608' title='bbox 113 3164 240 3196; x_wconf 76' lang='lat' dir='ltr'>llonorii</span> <span class='ocrx_word' id='word_1_609' title='bbox 256 3173 294 3196; x_wconf 89' lang='lat' dir='ltr'>ac</span> <span class='ocrx_word' id='word_1_610' title='bbox 306 3164 452 3196; x_wconf 84' lang='lat' dir='ltr'>Placidiae</span> <span class='ocrx_word' id='word_1_611' title='bbox 469 3167 621 3205; x_wconf 85' lang='lat' dir='ltr'>patruelis</span> <span class='ocrx_word' id='word_1_612' title='bbox 637 3167 707 3199; x_wconf 83' lang='lat' dir='ltr'>suit.</span> 
     </span>
    </p>

    <p class='ocr_par' dir='ltr' id='par_1_11' title="bbox 110 3208 1150 3471">
     <span class='ocr_line' id='line_1_83' title="bbox 153 3208 1149 3263; baseline 0.005 -14"><span class='ocrx_word' id='word_1_613' title='bbox 153 3222 182 3249; x_wconf 85' lang='lat'>2.</span> <span class='ocrx_word' id='word_1_614' title='bbox 200 3208 315 3249; x_wconf 77' lang='lat' dir='ltr'>Narrat</span> <span class='ocrx_word' id='word_1_615' title='bbox 324 3217 450 3257; x_wconf 90' lang='lat' dir='ltr'>itaque,</span> <span class='ocrx_word' id='word_1_616' title='bbox 464 3218 677 3250; x_wconf 87' lang='lat' dir='ltr'>Stelichonem</span> <span class='ocrx_word' id='word_1_617' title='bbox 693 3220 731 3251; x_wconf 89' lang='lat' dir='ltr'>ad</span> <span class='ocrx_word' id='word_1_618' title='bbox 746 3229 893 3260; x_wconf 84' lang='lat' dir='ltr'>magnam</span> <span class='ocrx_word' id='word_1_619' title='bbox 907 3223 1085 3261; x_wconf 84' lang='lat' dir='ltr'>pervenisse</span> <span class='ocrx_word' id='word_1_620' title='bbox 1098 3232 1149 3263; x_wconf 87' lang='lat' dir='ltr'>po-</span> 
     </span>
     <span class='ocr_line' id='line_1_84' title="bbox 110 3267 1149 3312; baseline 0.007 -14"><span class='ocrx_word' id='word_1_621' title='bbox 110 3267 244 3299; x_wconf 85' lang='lat' dir='ltr'>tentiam</span> <span class='ocrx_word' id='word_1_622' title='bbox 254 3291 263 3306; x_wconf 93' lang='lat'><strong>,</strong></span> <span class='ocrx_word' id='word_1_623' title='bbox 278 3276 378 3308; x_wconf 87' lang='lat' dir='ltr'>quum</span> <span class='ocrx_word' id='word_1_624' title='bbox 392 3277 466 3299; x_wconf 90' lang='lat' dir='ltr'>eum</span> <span class='ocrx_word' id='word_1_625' title='bbox 483 3269 679 3302; x_wconf 86' lang='lat' dir='ltr'>Theodosius</span> <span class='ocrx_word' id='word_1_626' title='bbox 694 3272 826 3310; x_wconf 82' lang='lat' dir='ltr'>Magnus</span> <span class='ocrx_word' id='word_1_627' title='bbox 839 3281 952 3311; x_wconf 79' lang='lat' dir='ltr'>parcns</span> <span class='ocrx_word' id='word_1_628' title='bbox 963 3273 1027 3312; x_wconf 83' lang='lat' dir='ltr'>ipsc</span> <span class='ocrx_word' id='word_1_629' title='bbox 1041 3274 1106 3304; x_wconf 86' lang='lat' dir='ltr'>suis</span> <span class='ocrx_word' id='word_1_630' title='bbox 1119 3275 1149 3306; x_wconf 88' lang='lat' dir='ltr'>li-</span> 
     </span>
     <span class='ocr_line' id='line_1_85' title="bbox 110 3320 1146 3365; baseline 0.006 -13"><span class='ocrx_word' id='word_1_631' title='bbox 110 3321 212 3359; x_wconf 84' lang='lat' dir='ltr'>beris,</span> <span class='ocrx_word' id='word_1_632' title='bbox 227 3320 362 3352; x_wconf 77' lang='lat' dir='ltr'>Arcadio</span> <span class='ocrx_word' id='word_1_633' title='bbox 375 3322 472 3360; x_wconf 86' lang='lat' dir='ltr'>atque</span> <span class='ocrx_word' id='word_1_634' title='bbox 492 3321 632 3353; x_wconf 85' lang='lat' dir='ltr'>Honorio</span> <span class='ocrx_word' id='word_1_635' title='bbox 643 3347 651 3361; x_wconf 94' lang='lat'><strong>,</strong></span> <span class='ocrx_word' id='word_1_636' title='bbox 666 3324 804 3355; x_wconf 88' lang='lat' dir='ltr'>tutorem</span> <span class='ocrx_word' id='word_1_637' title='bbox 822 3324 1021 3363; x_wconf 75' lang='lat' dir='ltr'>imposuisset</span> <span class='ocrx_word' id='word_1_638' title='bbox 1037 3328 1124 3365; x_wconf 81' lang='lat'>(395)</span> <span class='ocrx_word' id='word_1_639' title='bbox 1139 3351 1146 3365; x_wconf 89' lang='lat'>,</span> 
     </span>
     <span class='ocr_line' id='line_1_86' title="bbox 111 3372 1150 3417; baseline 0.006 -15"><span class='ocrx_word' id='word_1_640' title='bbox 111 3381 150 3403; x_wconf 84' lang='lat' dir='ltr'>ac</span> <span class='ocrx_word' id='word_1_641' title='bbox 167 3372 322 3411; x_wconf 83' lang='lat' dir='ltr'>practerea</span> <span class='ocrx_word' id='word_1_642' title='bbox 341 3379 472 3403; x_wconf 85' lang='lat' dir='ltr'>uxorem</span> <span class='ocrx_word' id='word_1_643' title='bbox 489 3374 639 3404; x_wconf 87' lang='lat' dir='ltr'>Serenam</span> <span class='ocrx_word' id='word_1_644' title='bbox 655 3373 812 3414; x_wconf 83' lang='lat' dir='ltr'>duxisset,</span> <span class='ocrx_word' id='word_1_645' title='bbox 831 3383 849 3405; x_wconf 90' lang='lat' dir='ltr'>a</span> <span class='ocrx_word' id='word_1_646' title='bbox 865 3376 1040 3407; x_wconf 80' lang='lat' dir='ltr'>Theodosio</span> <span class='ocrx_word' id='word_1_647' title='bbox 1059 3386 1150 3417; x_wconf 72' lang='lat' dir='ltr'>acque</span> 
     </span>
     <span class='ocr_line' id='line_1_87' title="bbox 113 3424 1147 3471; baseline 0.006 -15"><span class='ocrx_word' id='word_1_648' title='bbox 113 3425 167 3464; x_wconf 85' lang='lat' dir='ltr'>ipsi</span> <span class='ocrx_word' id='word_1_649' title='bbox 190 3424 389 3465; x_wconf 85' lang='lat' dir='ltr'>desponsam.</span> <span class='ocrx_word' id='word_1_650' title='bbox 435 3426 509 3458; x_wconf 88' lang='lat' dir='ltr'>Post</span> <span class='ocrx_word' id='word_1_651' title='bbox 522 3426 638 3467; x_wconf 86' lang='lat' dir='ltr'>etiam,</span> <span class='ocrx_word' id='word_1_652' title='bbox 657 3427 719 3459; x_wconf 86' lang='lat' dir='ltr'>iilia</span> <span class='ocrx_word' id='word_1_653' title='bbox 742 3436 799 3459; x_wconf 88' lang='lat' dir='ltr'>sua</span> <span class='ocrx_word' id='word_1_654' title='bbox 812 3429 1017 3461; x_wconf 79' lang='lat' dir='ltr'>Thermantia</span> <span class='ocrx_word' id='word_1_655' title='bbox 1036 3432 1147 3471; x_wconf 83' lang='lat' dir='ltr'>nuptui</span> 
     </span>
    </p>
   </div>
   <div class='ocr_carea' id='block_1_7' title="bbox 1208 2127 2285 3472">
    <p class='ocr_par' dir='ltr' id='par_1_12' title="bbox 1208 2127 2249 2476">
     <span class='ocr_line' id='line_1_88' title="bbox 1210 2127 2245 2169; baseline 0.001 -11"><span class='ocrx_word' id='word_1_656' title='bbox 1210 2127 1351 2159; x_wconf 88' lang='lat' dir='ltr'>Honorio</span> <span class='ocrx_word' id='word_1_657' title='bbox 1371 2127 1556 2168; x_wconf 84' lang='lat' dir='ltr'>imperatori</span> <span class='ocrx_word' id='word_1_658' title='bbox 1571 2128 1664 2167; x_wconf 89' lang='lat' dir='ltr'>data,</span> <span class='ocrx_word' id='word_1_659' title='bbox 1685 2129 1775 2160; x_wconf 89' lang='lat' dir='ltr'>illum</span> <span class='ocrx_word' id='word_1_660' title='bbox 1797 2129 1854 2160; x_wconf 90' lang='lat' dir='ltr'>sibi</span> <span class='ocrx_word' id='word_1_661' title='bbox 1873 2137 2024 2169; x_wconf 84' lang='lat' dir='ltr'>generum</span> <span class='ocrx_word' id='word_1_662' title='bbox 2049 2128 2215 2161; x_wconf 62' lang='lat' dir='ltr'>adscivisse</span> <span class='ocrx_word' id='word_1_663' title='bbox 2238 2141 2245 2159; x_wconf 91' lang='lat'><strong>:</strong></span> 
     </span>
     <span class='ocr_line' id='line_1_89' title="bbox 1209 2179 2248 2220; baseline 0.002 -11"><span class='ocrx_word' id='word_1_664' title='bbox 1209 2179 1346 2218; x_wconf 84' lang='lat' dir='ltr'>indeque</span> <span class='ocrx_word' id='word_1_665' title='bbox 1370 2179 1411 2210; x_wconf 90' lang='lat' dir='ltr'>ad</span> <span class='ocrx_word' id='word_1_666' title='bbox 1435 2188 1593 2211; x_wconf 89' lang='lat' dir='ltr'>summam</span> <span class='ocrx_word' id='word_1_667' title='bbox 1618 2189 1748 2220; x_wconf 84' lang='lat' dir='ltr'>prorsus</span> <span class='ocrx_word' id='word_1_668' title='bbox 1770 2181 1918 2212; x_wconf 87' lang='lat' dir='ltr'>evectum</span> <span class='ocrx_word' id='word_1_669' title='bbox 1939 2181 2126 2220; x_wconf 84' lang='lat' dir='ltr'>potentiam.</span> <span class='ocrx_word' id='word_1_670' title='bbox 2148 2179 2248 2212; x_wconf 85' lang='lat' dir='ltr'>Multa</span> 
     </span>
     <span class='ocr_line' id='line_1_90' title="bbox 1209 2229 2248 2271; baseline 0.003 -12"><span class='ocrx_word' id='word_1_671' title='bbox 1209 2237 1266 2268; x_wconf 85' lang='lat' dir='ltr'>pro</span> <span class='ocrx_word' id='word_1_672' title='bbox 1288 2230 1439 2261; x_wconf 85' lang='lat' dir='ltr'>Romanis</span> <span class='ocrx_word' id='word_1_673' title='bbox 1456 2238 1530 2261; x_wconf 92' lang='lat' dir='ltr'>cum</span> <span class='ocrx_word' id='word_1_674' title='bbox 1551 2230 1647 2262; x_wconf 82' lang='lat' dir='ltr'>variis</span> <span class='ocrx_word' id='word_1_675' title='bbox 1671 2230 1818 2270; x_wconf 84' lang='lat' dir='ltr'>gentibus</span> <span class='ocrx_word' id='word_1_676' title='bbox 1842 2230 1926 2262; x_wconf 88' lang='lat' dir='ltr'>bella</span> <span class='ocrx_word' id='word_1_677' title='bbox 1949 2230 2078 2271; x_wconf 85' lang='lat' dir='ltr'>gessisse</span> <span class='ocrx_word' id='word_1_678' title='bbox 2102 2229 2248 2269; x_wconf 78' lang='lat' dir='ltr'>feliciter,</span> 
     </span>
     <span class='ocr_line' id='line_1_91' title="bbox 1208 2280 2247 2322; baseline 0.001 -10"><span class='ocrx_word' id='word_1_679' title='bbox 1208 2280 1311 2312; x_wconf 88' lang='lat' dir='ltr'>donec</span> <span class='ocrx_word' id='word_1_680' title='bbox 1325 2282 1526 2321; x_wconf 81' lang='lat' dir='ltr'>sanguinaria</span> <span class='ocrx_word' id='word_1_681' title='bbox 1540 2282 1739 2322; x_wconf 86' lang='lat' dir='ltr'>immanique</span> <span class='ocrx_word' id='word_1_682' title='bbox 1752 2282 1892 2322; x_wconf 85' lang='lat' dir='ltr'>Olympii</span> <span class='ocrx_word' id='word_1_683' title='bbox 1908 2291 2005 2322; x_wconf 85' lang='lat' dir='ltr'>opera</span> <span class='ocrx_word' id='word_1_684' title='bbox 2017 2306 2026 2322; x_wconf 93' lang='lat'><strong>,</strong></span> <span class='ocrx_word' id='word_1_685' title='bbox 2043 2281 2099 2322; x_wconf 86' lang='lat' dir='ltr'>qui</span> <span class='ocrx_word' id='word_1_686' title='bbox 2115 2291 2171 2322; x_wconf 83' lang='lat' dir='ltr'>per</span> <span class='ocrx_word' id='word_1_687' title='bbox 2187 2282 2247 2314; x_wconf 88' lang='lat' dir='ltr'>Sti·</span> 
     </span>
     <span class='ocr_line' id='line_1_92' title="bbox 1209 2330 2249 2373; baseline 0.001 -10"><span class='ocrx_word' id='word_1_688' title='bbox 1209 2330 1367 2364; x_wconf 85' lang='lat' dir='ltr'>lichonem</span> <span class='ocrx_word' id='word_1_689' title='bbox 1382 2333 1564 2373; x_wconf 83' lang='lat' dir='ltr'>imperatori</span> <span class='ocrx_word' id='word_1_690' title='bbox 1580 2333 1743 2365; x_wconf 80' lang='lat' dir='ltr'>familiaris</span> <span class='ocrx_word' id='word_1_691' title='bbox 1759 2333 1861 2365; x_wconf 82' lang='lat' dir='ltr'>sactus</span> <span class='ocrx_word' id='word_1_692' title='bbox 1877 2333 1996 2373; x_wconf 80' lang='lat' dir='ltr'>fuerat,</span> <span class='ocrx_word' id='word_1_693' title='bbox 2013 2333 2096 2364; x_wconf 76' lang='lat' dir='ltr'>ferro</span> <span class='ocrx_word' id='word_1_694' title='bbox 2112 2334 2249 2365; x_wconf 86' lang='lat' dir='ltr'>mortem</span> 
     </span>
     <span class='ocr_line' id='line_1_93' title="bbox 1209 2384 2247 2425; baseline 0.001 -11"><span class='ocrx_word' id='word_1_695' title='bbox 1209 2384 1332 2424; x_wconf 84' lang='lat' dir='ltr'>excepit</span> <span class='ocrx_word' id='word_1_696' title='bbox 1348 2385 1442 2424; x_wconf 79' lang='lat'>(408.</span> <span class='ocrx_word' id='word_1_697' title='bbox 1464 2385 1511 2416; x_wconf 84' lang='lat' dir='ltr'>Cf.</span> <span class='ocrx_word' id='word_1_698' title='bbox 1527 2386 1607 2416; x_wconf 85' lang='lat' dir='ltr'>Zos.</span> <span class='ocrx_word' id='word_1_699' title='bbox 1624 2387 1666 2424; x_wconf 88' lang='lat' dir='ltr'>V,</span> <span class='ocrx_word' id='word_1_700' title='bbox 1687 2389 1739 2424; x_wconf 90' lang='lat'>32,</span> <span class='ocrx_word' id='word_1_701' title='bbox 1761 2387 1888 2417; x_wconf 72' lang='lat' dir='ltr'>sozom.</span> <span class='ocrx_word' id='word_1_702' title='bbox 1914 2386 1970 2424; x_wconf 88' lang='lat' dir='ltr'>lX,</span> <span class='ocrx_word' id='word_1_703' title='bbox 1993 2386 2024 2423; x_wconf 83' lang='lat'>4,</span> <span class='ocrx_word' id='word_1_704' title='bbox 2043 2384 2247 2425; x_wconf 67' lang='lat' dir='ltr'>philaster-q.</span> 
     </span>
     <span class='ocr_line' id='line_1_94' title="bbox 1208 2436 1708 2476; baseline 0.002 -9"><span class='ocrx_word' id='word_1_705' title='bbox 1208 2436 1264 2475; x_wconf 86' lang='lat' dir='ltr'>Xl,</span> <span class='ocrx_word' id='word_1_706' title='bbox 1281 2441 1310 2467; x_wconf 87' lang='lat'>3.</span> <span class='ocrx_word' id='word_1_707' title='bbox 1325 2437 1398 2475; x_wconf 84' lang='lat' dir='ltr'>Xil,</span> <span class='ocrx_word' id='word_1_708' title='bbox 1413 2442 1443 2468; x_wconf 89' lang='grc'>3.</span> <span class='ocrx_word' id='word_1_709' title='bbox 1461 2439 1555 2468; x_wconf 82' lang='lat' dir='ltr'>Oros.</span> <span class='ocrx_word' id='word_1_710' title='bbox 1572 2441 1602 2476; x_wconf 94' lang='lat'>7,</span> <span class='ocrx_word' id='word_1_711' title='bbox 1621 2439 1659 2468; x_wconf 81' lang='grc'>38</span> <span class='ocrx_word' id='word_1_712' title='bbox 1674 2437 1708 2476; x_wconf 88' lang='grc'>).·</span> 
     </span>
    </p>

    <p class='ocr_par' dir='ltr' id='par_1_13' title="bbox 1209 2486 2285 3315">
     <span class='ocr_line' id='line_1_95' title="bbox 1249 2486 2249 2530; baseline -0.001 -10"><span class='ocrx_word' id='word_1_713' title='bbox 1249 2492 1280 2520; x_wconf 89' lang='grc'>3.</span> <span class='ocrx_word' id='word_1_714' title='bbox 1295 2489 1390 2520; x_wconf 91' lang='lat' dir='ltr'>Addit</span> <span class='ocrx_word' id='word_1_715' title='bbox 1411 2489 1596 2521; x_wconf 83' lang='lat' dir='ltr'>Alarichum</span> <span class='ocrx_word' id='word_1_716' title='bbox 1607 2513 1616 2529; x_wconf 93' lang='lat'>‚</span> <span class='ocrx_word' id='word_1_717' title='bbox 1632 2489 1812 2521; x_wconf 89' lang='lat' dir='ltr'>Gothorum</span> <span class='ocrx_word' id='word_1_718' title='bbox 1830 2488 2016 2530; x_wconf 76' lang='lat' dir='ltr'>praefectum</span> <span class='ocrx_word' id='word_1_719' title='bbox 2028 2512 2038 2528; x_wconf 95' lang='lat'><strong>,</strong></span> <span class='ocrx_word' id='word_1_720' title='bbox 2053 2495 2151 2528; x_wconf 86' lang='lat' dir='ltr'>quem</span> <span class='ocrx_word' id='word_1_721' title='bbox 2171 2486 2249 2519; x_wconf 92' lang='lat' dir='ltr'>olim</span> 
     </span>
     <span class='ocr_line' id='line_1_96' title="bbox 1211 2539 2249 2581; baseline -0.001 -10"><span class='ocrx_word' id='word_1_722' title='bbox 1211 2542 1361 2572; x_wconf 87' lang='lat' dir='ltr'>evocarat</span> <span class='ocrx_word' id='word_1_723' title='bbox 1374 2541 1525 2580; x_wconf 87' lang='lat' dir='ltr'>Stelicho,</span> <span class='ocrx_word' id='word_1_724' title='bbox 1541 2543 1578 2572; x_wconf 94' lang='lat' dir='ltr'>ut</span> <span class='ocrx_word' id='word_1_725' title='bbox 1589 2541 1728 2572; x_wconf 84' lang='lat' dir='ltr'>Honorio</span> <span class='ocrx_word' id='word_1_726' title='bbox 1743 2541 1906 2581; x_wconf 84' lang='lat' dir='ltr'>illyricum</span> <span class='ocrx_word' id='word_1_727' title='bbox 1918 2539 2016 2571; x_wconf 86' lang='lat' dir='ltr'>armis</span> <span class='ocrx_word' id='word_1_728' title='bbox 2027 2540 2151 2571; x_wconf 79' lang='lat' dir='ltr'>teneret</span> <span class='ocrx_word' id='word_1_729' title='bbox 2166 2539 2249 2579; x_wconf 80' lang='lat' dir='ltr'>(haec</span> 
     </span>
     <span class='ocr_line' id='line_1_97' title="bbox 1209 2591 2248 2634; baseline 0 -11"><span class='ocrx_word' id='word_1_730' title='bbox 1209 2592 1292 2624; x_wconf 89' lang='lat' dir='ltr'>enim</span> <span class='ocrx_word' id='word_1_731' title='bbox 1312 2593 1356 2624; x_wconf 91' lang='lat' dir='ltr'>illi</span> <span class='ocrx_word' id='word_1_732' title='bbox 1370 2593 1533 2633; x_wconf 89' lang='lat' dir='ltr'>provincia</span> <span class='ocrx_word' id='word_1_733' title='bbox 1546 2602 1564 2624; x_wconf 90' lang='lat' dir='ltr'>a</span> <span class='ocrx_word' id='word_1_734' title='bbox 1580 2595 1711 2634; x_wconf 88' lang='lat' dir='ltr'>parente</span> <span class='ocrx_word' id='word_1_735' title='bbox 1723 2592 1902 2625; x_wconf 82' lang='lat' dir='ltr'>Theodosio</span> <span class='ocrx_word' id='word_1_736' title='bbox 1921 2593 1953 2624; x_wconf 90' lang='lat' dir='ltr'>in</span> <span class='ocrx_word' id='word_1_737' title='bbox 1969 2591 2140 2633; x_wconf 85' lang='lat' dir='ltr'>partitione</span> <span class='ocrx_word' id='word_1_738' title='bbox 2162 2591 2248 2632; x_wconf 83' lang='lat' dir='ltr'>regni</span> 
     </span>
     <span class='ocr_line' id='line_1_98' title="bbox 1209 2644 2282 2687; baseline 0 -11"><span class='ocrx_word' id='word_1_739' title='bbox 1209 2645 1380 2677; x_wconf 88' lang='lat' dir='ltr'>obvenerat</span> <span class='ocrx_word' id='word_1_740' title='bbox 1394 2645 1406 2687; x_wconf 92' lang='lat'>[</span> <span class='ocrx_word' id='word_1_741' title='bbox 1419 2646 1463 2686; x_wconf 70' lang='lat' dir='ltr'>cf.</span> <span class='ocrx_word' id='word_1_742' title='bbox 1492 2648 1572 2678; x_wconf 70' lang='lat'>20⁸.</span> <span class='ocrx_word' id='word_1_743' title='bbox 1595 2651 1626 2686; x_wconf 81' lang='lat'>5,</span> <span class='ocrx_word' id='word_1_744' title='bbox 1644 2651 1702 2685; x_wconf 85' lang='lat'>26,</span> <span class='ocrx_word' id='word_1_745' title='bbox 1723 2650 1740 2677; x_wconf 89' lang='lat'><strong>2</strong></span> <span class='ocrx_word' id='word_1_746' title='bbox 1756 2645 1768 2687; x_wconf 91' lang='lat'><em>]</em></span> <span class='ocrx_word' id='word_1_747' title='bbox 1782 2646 1807 2686; x_wconf 93' lang='lat'>),</span> <span class='ocrx_word' id='word_1_748' title='bbox 1831 2646 1901 2677; x_wconf 91' lang='lat' dir='ltr'>tum</span> <span class='ocrx_word' id='word_1_749' title='bbox 1923 2644 1966 2676; x_wconf 93' lang='lat' dir='ltr'>ob</span> <span class='ocrx_word' id='word_1_750' title='bbox 1981 2644 2166 2677; x_wconf 86' lang='lat' dir='ltr'>Stilichonis</span> <span class='ocrx_word' id='word_1_751' title='bbox 2185 2652 2250 2676; x_wconf 78' lang='lat' dir='ltr'>cae·</span> <span class='ocrx_word' id='word_1_752' title='bbox 2278 2662 2282 2665; x_wconf 30' lang='grc' dir='ltr'><strong>Δ</strong></span> 
     </span>
     <span class='ocr_line' id='line_1_99' title="bbox 1209 2695 2285 2739; baseline -0.003 -9"><span class='ocrx_word' id='word_1_753' title='bbox 1209 2698 1302 2738; x_wconf 80' lang='lat' dir='ltr'>dein,</span> <span class='ocrx_word' id='word_1_754' title='bbox 1318 2699 1389 2730; x_wconf 92' lang='lat' dir='ltr'>tum</span> <span class='ocrx_word' id='word_1_755' title='bbox 1411 2698 1498 2739; x_wconf 91' lang='lat' dir='ltr'>quod</span> <span class='ocrx_word' id='word_1_756' title='bbox 1521 2699 1710 2739; x_wconf 86' lang='lat' dir='ltr'>promissum</span> <span class='ocrx_word' id='word_1_757' title='bbox 1724 2698 1769 2729; x_wconf 91' lang='lat' dir='ltr'>illi</span> <span class='ocrx_word' id='word_1_758' title='bbox 1782 2698 1894 2729; x_wconf 89' lang='lat' dir='ltr'>datum</span> <span class='ocrx_word' id='word_1_759' title='bbox 1907 2705 1972 2728; x_wconf 92' lang='lat' dir='ltr'>non</span> <span class='ocrx_word' id='word_1_760' title='bbox 1991 2699 2094 2736; x_wconf 70' lang='lat' dir='ltr'>oeset,</span> <span class='ocrx_word' id='word_1_761' title='bbox 2111 2695 2250 2728; x_wconf 81' lang='lat' dir='ltr'>cinxisse</span> <span class='ocrx_word' id='word_1_762' title='bbox 2283 2713 2285 2715; x_wconf 39' lang='lat' dir='ltr'>v</span> 
     </span>
     <span class='ocr_line' id='line_1_100' title="bbox 1209 2748 2248 2792; baseline -0.003 -9"><span class='ocrx_word' id='word_1_763' title='bbox 1209 2753 1241 2783; x_wconf 89' lang='lat' dir='ltr'>et</span> <span class='ocrx_word' id='word_1_764' title='bbox 1257 2751 1376 2792; x_wconf 88' lang='lat' dir='ltr'>cepisse</span> <span class='ocrx_word' id='word_1_765' title='bbox 1390 2753 1542 2791; x_wconf 83' lang='lat' dir='ltr'>Romam,</span> <span class='ocrx_word' id='word_1_766' title='bbox 1553 2751 1586 2783; x_wconf 91' lang='lat' dir='ltr'>in</span> <span class='ocrx_word' id='word_1_767' title='bbox 1602 2759 1703 2791; x_wconf 86' lang='lat' dir='ltr'>eaque</span> <span class='ocrx_word' id='word_1_768' title='bbox 1719 2751 1798 2782; x_wconf 89' lang='lat' dir='ltr'>urbe</span> <span class='ocrx_word' id='word_1_769' title='bbox 1814 2749 2031 2782; x_wconf 87' lang='lat' dir='ltr'>incredibilem</span> <span class='ocrx_word' id='word_1_770' title='bbox 2047 2749 2170 2789; x_wconf 79' lang='lat' dir='ltr'>argenti</span> <span class='ocrx_word' id='word_1_771' title='bbox 2183 2748 2248 2780; x_wconf 86' lang='lat' dir='ltr'>vim</span> 
     </span>
     <span class='ocr_line' id='line_1_101' title="bbox 1210 2802 2250 2845; baseline -0.003 -10"><span class='ocrx_word' id='word_1_772' title='bbox 1210 2805 1317 2845; x_wconf 78' lang='lat' dir='ltr'>pracda</span> <span class='ocrx_word' id='word_1_773' title='bbox 1329 2805 1492 2844; x_wconf 87' lang='lat' dir='ltr'>avertisse,</span> <span class='ocrx_word' id='word_1_774' title='bbox 1506 2805 1583 2845; x_wconf 89' lang='lat' dir='ltr'>quin</span> <span class='ocrx_word' id='word_1_775' title='bbox 1595 2806 1628 2836; x_wconf 88' lang='lat' dir='ltr'>et</span> <span class='ocrx_word' id='word_1_776' title='bbox 1639 2812 1781 2836; x_wconf 88' lang='lat' dir='ltr'>sororem</span> <span class='ocrx_word' id='word_1_777' title='bbox 1799 2803 1931 2835; x_wconf 87' lang='lat' dir='ltr'>Honorii</span> <span class='ocrx_word' id='word_1_778' title='bbox 1946 2802 2131 2841; x_wconf 85' lang='lat' dir='ltr'>Placidiam,</span> <span class='ocrx_word' id='word_1_779' title='bbox 2139 2803 2250 2833; x_wconf 72' lang='lat' dir='ltr'>Romw</span> 
     </span>
     <span class='ocr_line' id='line_1_102' title="bbox 1209 2856 2250 2899; baseline -0.004 -10"><span class='ocrx_word' id='word_1_780' title='bbox 1209 2859 1278 2889; x_wconf 87' lang='lat' dir='ltr'>tum</span> <span class='ocrx_word' id='word_1_781' title='bbox 1292 2858 1437 2899; x_wconf 80' lang='lat' dir='ltr'>agentem</span> <span class='ocrx_word' id='word_1_782' title='bbox 1449 2881 1458 2898; x_wconf 90' lang='lat'>‚</span> <span class='ocrx_word' id='word_1_783' title='bbox 1473 2857 1633 2898; x_wconf 86' lang='lat' dir='ltr'>captivam</span> <span class='ocrx_word' id='word_1_784' title='bbox 1650 2856 1795 2888; x_wconf 85' lang='lat' dir='ltr'>habuisse</span> <span class='ocrx_word' id='word_1_785' title='bbox 1808 2856 1910 2896; x_wconf 81' lang='lat'>(410).</span> <span class='ocrx_word' id='word_1_786' title='bbox 1936 2857 2018 2887; x_wconf 85' lang='lat' dir='ltr'>Ante</span> <span class='ocrx_word' id='word_1_787' title='bbox 2030 2856 2155 2895; x_wconf 85' lang='lat' dir='ltr'>captam</span> <span class='ocrx_word' id='word_1_788' title='bbox 2174 2861 2250 2886; x_wconf 86' lang='lat' dir='ltr'>vero</span> 
     </span>
     <span class='ocr_line' id='line_1_103' title="bbox 1209 2908 2248 2948; baseline -0.007 -5"><span class='ocrx_word' id='word_1_789' title='bbox 1209 2911 1322 2942; x_wconf 89' lang='lat' dir='ltr'>urbem</span> <span class='ocrx_word' id='word_1_790' title='bbox 1343 2911 1498 2942; x_wconf 89' lang='lat' dir='ltr'>illustrem</span> <span class='ocrx_word' id='word_1_791' title='bbox 1521 2911 1591 2942; x_wconf 88' lang='lat' dir='ltr'>tum</span> <span class='ocrx_word' id='word_1_792' title='bbox 1605 2909 1728 2948; x_wconf 86' lang='lat' dir='ltr'>virum,</span> <span class='ocrx_word' id='word_1_793' title='bbox 1742 2908 1794 2940; x_wconf 93' lang='lat' dir='ltr'>cui</span> <span class='ocrx_word' id='word_1_794' title='bbox 1807 2909 1916 2940; x_wconf 84' lang='lat' dir='ltr'>Attalo</span> <span class='ocrx_word' id='word_1_795' title='bbox 1937 2916 2072 2946; x_wconf 88' lang='lat' dir='ltr'>nomen,</span> <span class='ocrx_word' id='word_1_796' title='bbox 2086 2913 2248 2938; x_wconf 90' lang='lat' dir='ltr'>summam</span> 
     </span>
     <span class='ocr_line' id='line_1_104' title="bbox 1210 2959 2251 3003; baseline -0.007 -8"><span class='ocrx_word' id='word_1_797' title='bbox 1210 2963 1435 3003; x_wconf 79' lang='lat' dir='ltr'>praeseeturam</span> <span class='ocrx_word' id='word_1_798' title='bbox 1451 2964 1626 3002; x_wconf 84' lang='lat' dir='ltr'>gerentem,</span> <span class='ocrx_word' id='word_1_799' title='bbox 1641 2961 1865 3001; x_wconf 81' lang='lat' dir='ltr'>imperatorem</span> <span class='ocrx_word' id='word_1_800' title='bbox 1882 2959 2088 2991; x_wconf 89' lang='lat' dir='ltr'>renuntiasse.</span> <span class='ocrx_word' id='word_1_801' title='bbox 2107 2959 2251 2997; x_wconf 84' lang='lat' dir='ltr'>Actaque</span> 
     </span>
     <span class='ocr_line' id='line_1_105' title="bbox 1209 3009 2248 3054; baseline -0.007 -8"><span class='ocrx_word' id='word_1_802' title='bbox 1209 3023 1276 3046; x_wconf 88' lang='lat' dir='ltr'>esse</span> <span class='ocrx_word' id='word_1_803' title='bbox 1290 3015 1358 3046; x_wconf 79' lang='lat' dir='ltr'>haec</span> <span class='ocrx_word' id='word_1_804' title='bbox 1371 3014 1413 3046; x_wconf 93' lang='lat' dir='ltr'>ob</span> <span class='ocrx_word' id='word_1_805' title='bbox 1426 3022 1495 3053; x_wconf 82' lang='lat' dir='ltr'>eas,</span> <span class='ocrx_word' id='word_1_806' title='bbox 1510 3022 1591 3054; x_wconf 92' lang='lat' dir='ltr'>quas</span> <span class='ocrx_word' id='word_1_807' title='bbox 1605 3013 1761 3050; x_wconf 85' lang='lat' dir='ltr'>diximus,</span> <span class='ocrx_word' id='word_1_808' title='bbox 1775 3019 1904 3051; x_wconf 89' lang='lat' dir='ltr'>causas,</span> <span class='ocrx_word' id='word_1_809' title='bbox 1922 3012 1954 3042; x_wconf 90' lang='lat' dir='ltr'>et</span> <span class='ocrx_word' id='word_1_810' title='bbox 1969 3010 2012 3042; x_wconf 89' lang='lat' dir='ltr'>ob</span> <span class='ocrx_word' id='word_1_811' title='bbox 2026 3012 2141 3042; x_wconf 87' lang='lat' dir='ltr'>Sarum</span> <span class='ocrx_word' id='word_1_812' title='bbox 2154 3033 2164 3049; x_wconf 94' lang='lat'><strong>,</strong></span> <span class='ocrx_word' id='word_1_813' title='bbox 2182 3009 2248 3040; x_wconf 90' lang='lat' dir='ltr'>Go-</span> 
     </span>
     <span class='ocr_line' id='line_1_106' title="bbox 1209 3062 2252 3107; baseline -0.005 -9"><span class='ocrx_word' id='word_1_814' title='bbox 1209 3067 1302 3098; x_wconf 84' lang='lat' dir='ltr'>thum</span> <span class='ocrx_word' id='word_1_815' title='bbox 1326 3068 1402 3099; x_wconf 90' lang='lat' dir='ltr'>item</span> <span class='ocrx_word' id='word_1_816' title='bbox 1424 3075 1559 3107; x_wconf 86' lang='lat' dir='ltr'>genere,</span> <span class='ocrx_word' id='word_1_817' title='bbox 1588 3065 1642 3098; x_wconf 88' lang='lat' dir='ltr'>sed</span> <span class='ocrx_word' id='word_1_818' title='bbox 1667 3073 1844 3106; x_wconf 88' lang='lat' dir='ltr'>paucorum</span> <span class='ocrx_word' id='word_1_819' title='bbox 1869 3064 2034 3095; x_wconf 87' lang='lat' dir='ltr'>hominum</span> <span class='ocrx_word' id='word_1_820' title='bbox 2064 3062 2252 3102; x_wconf 82' lang='lat' dir='ltr'>praefectum</span> 
     </span>
     <span class='ocr_line' id='line_1_107' title="bbox 1210 3111 2251 3159; baseline -0.006 -8"><span class='ocrx_word' id='word_1_821' title='bbox 1210 3119 1286 3159; x_wconf 78' lang='lat' dir='ltr'>(vix</span> <span class='ocrx_word' id='word_1_822' title='bbox 1305 3119 1388 3151; x_wconf 90' lang='lat' dir='ltr'>enim</span> <span class='ocrx_word' id='word_1_823' title='bbox 1406 3119 1580 3157; x_wconf 86' lang='lat' dir='ltr'>ducentos,</span> <span class='ocrx_word' id='word_1_824' title='bbox 1603 3119 1660 3149; x_wconf 85' lang='lat' dir='ltr'>aut</span> <span class='ocrx_word' id='word_1_825' title='bbox 1685 3111 1848 3149; x_wconf 89' lang='lat' dir='ltr'>summum</span> <span class='ocrx_word' id='word_1_826' title='bbox 1871 3117 2032 3148; x_wconf 87' lang='lat' dir='ltr'>trecentos</span> <span class='ocrx_word' id='word_1_827' title='bbox 2047 3114 2251 3154; x_wconf 87' lang='lat' dir='ltr'>ductabat),</span> 
     </span>
     <span class='ocr_line' id='line_1_108' title="bbox 1209 3166 2250 3211; baseline -0.007 -8"><span class='ocrx_word' id='word_1_828' title='bbox 1209 3174 1313 3203; x_wconf 83' lang='lat' dir='ltr'>cetera</span> <span class='ocrx_word' id='word_1_829' title='bbox 1333 3179 1521 3211; x_wconf 85' lang='lat' dir='ltr'>generosum</span> <span class='ocrx_word' id='word_1_830' title='bbox 1547 3170 1652 3201; x_wconf 89' lang='lat' dir='ltr'>virum</span> <span class='ocrx_word' id='word_1_831' title='bbox 1675 3169 1834 3208; x_wconf 87' lang='lat' dir='ltr'>armisque</span> <span class='ocrx_word' id='word_1_832' title='bbox 1854 3167 2028 3206; x_wconf 90' lang='lat' dir='ltr'>invictum,</span> <span class='ocrx_word' id='word_1_833' title='bbox 2041 3175 2139 3207; x_wconf 89' lang='lat' dir='ltr'>quem</span> <span class='ocrx_word' id='word_1_834' title='bbox 2164 3166 2250 3206; x_wconf 85' lang='lat' dir='ltr'>quod</span> 
     </span>
     <span class='ocr_line' id='line_1_109' title="bbox 1209 3217 2252 3260; baseline -0.007 -6"><span class='ocrx_word' id='word_1_835' title='bbox 1209 3223 1330 3255; x_wconf 91' lang='lat' dir='ltr'>socium</span> <span class='ocrx_word' id='word_1_836' title='bbox 1344 3223 1403 3254; x_wconf 92' lang='lat' dir='ltr'>sibi</span> <span class='ocrx_word' id='word_1_837' title='bbox 1423 3222 1558 3254; x_wconf 88' lang='lat' dir='ltr'>Romani</span> <span class='ocrx_word' id='word_1_838' title='bbox 1580 3220 1816 3260; x_wconf 71' lang='lat' dir='ltr'>adiunxissent‚</span> <span class='ocrx_word' id='word_1_839' title='bbox 1831 3218 1981 3251; x_wconf 80' lang='lat' dir='ltr'>&#39;Alaricho</span> <span class='ocrx_word' id='word_1_840' title='bbox 1997 3226 2148 3257; x_wconf 86' lang='lat' dir='ltr'>exosum,</span> <span class='ocrx_word' id='word_1_841' title='bbox 2165 3217 2252 3248; x_wconf 91' lang='lat' dir='ltr'>hunc</span> 
     </span>
     <span class='ocr_line' id='line_1_110' title="bbox 1209 3271 1860 3315; baseline -0.008 -9"><span class='ocrx_word' id='word_1_842' title='bbox 1209 3275 1267 3307; x_wconf 83' lang='lat' dir='ltr'>sibi</span> <span class='ocrx_word' id='word_1_843' title='bbox 1282 3274 1512 3315; x_wconf 86' lang='lat' dir='ltr'>implacabilem</span> <span class='ocrx_word' id='word_1_844' title='bbox 1527 3273 1669 3305; x_wconf 85' lang='lat' dir='ltr'>fecerunt</span> <span class='ocrx_word' id='word_1_845' title='bbox 1684 3271 1860 3303; x_wconf 88' lang='lat' dir='ltr'>inimicum.</span> 
     </span>
    </p>

    <p class='ocr_par' dir='ltr' id='par_1_14' title="bbox 1209 3320 2247 3420">
     <span class='ocr_line' id='line_1_111' title="bbox 1251 3320 2247 3362; baseline -0.009 -2"><span class='ocrx_word' id='word_1_846' title='bbox 1251 3331 1279 3359; x_wconf 80' lang='lat'>4.</span> <span class='ocrx_word' id='word_1_847' title='bbox 1296 3331 1331 3359; x_wconf 87' lang='lat' dir='ltr'>ln</span> <span class='ocrx_word' id='word_1_848' title='bbox 1348 3328 1407 3359; x_wconf 91' lang='lat' dir='ltr'>hac</span> <span class='ocrx_word' id='word_1_849' title='bbox 1419 3327 1507 3359; x_wconf 90' lang='lat' dir='ltr'>urbis</span> <span class='ocrx_word' id='word_1_850' title='bbox 1521 3325 1685 3358; x_wconf 88' lang='lat' dir='ltr'>obsidione</span> <span class='ocrx_word' id='word_1_851' title='bbox 1705 3325 1818 3356; x_wconf 88' lang='lat' dir='ltr'>mutua</span> <span class='ocrx_word' id='word_1_852' title='bbox 1835 3331 1931 3355; x_wconf 89' lang='lat' dir='ltr'>carne</span> <span class='ocrx_word' id='word_1_853' title='bbox 1943 3322 2051 3362; x_wconf 87' lang='lat' dir='ltr'>pastos</span> <span class='ocrx_word' id='word_1_854' title='bbox 2063 3329 2131 3354; x_wconf 85' lang='lat' dir='ltr'>esse</span> <span class='ocrx_word' id='word_1_855' title='bbox 2143 3320 2247 3352; x_wconf 86' lang='lat' dir='ltr'>obses-</span> 
     </span>
     <span class='ocr_line' id='line_1_112' title="bbox 1209 3382 1375 3420; baseline 0 -7"><span class='ocrx_word' id='word_1_856' title='bbox 1209 3391 1259 3413; x_wconf 87' lang='lat' dir='ltr'>sos</span> <span class='ocrx_word' id='word_1_857' title='bbox 1277 3382 1375 3420; x_wconf 71' lang='lat'>(408).</span> 
     </span>
    </p>

    <p class='ocr_par' dir='ltr' id='par_1_15' title="bbox 1253 3424 2249 3472">
     <span class='ocr_line' id='line_1_113' title="bbox 1253 3424 2249 3472; baseline -0.011 -7"><span class='ocrx_word' id='word_1_858' title='bbox 1253 3438 1279 3465; x_wconf 76' lang='lat'>5.</span> <span class='ocrx_word' id='word_1_859' title='bbox 1294 3432 1490 3472; x_wconf 79' lang='lat' dir='ltr'>Alarichuin,</span> <span class='ocrx_word' id='word_1_860' title='bbox 1503 3431 1628 3463; x_wconf 90' lang='lat' dir='ltr'>vivente</span> <span class='ocrx_word' id='word_1_861' title='bbox 1639 3428 1815 3462; x_wconf 87' lang='lat' dir='ltr'>etiamnum</span> <span class='ocrx_word' id='word_1_862' title='bbox 1829 3426 2022 3466; x_wconf 86' lang='lat' dir='ltr'>Stclichone,</span> <span class='ocrx_word' id='word_1_863' title='bbox 2034 3424 2154 3457; x_wconf 82' lang='lat' dir='ltr'>militiae</span> <span class='ocrx_word' id='word_1_864' title='bbox 2168 3429 2249 3455; x_wconf 86' lang='lat' dir='ltr'>mer-</span> 
     </span>
    </p>
   </div>
  </div>
 </body>
</html>
