2372 3704
991 215 1329 256 FRAGMENTA.

591 302 627 342 3.

141 363 249 402 Idem
268 366 380 414 Pyth.
400 366 471 411 ΙΙΙ,
507 378 575 401 102
612 378 620 402 ε
647 363 754 403 Οὕτω
783 366 971 417 περίθυμος
1000 364 1135 417 ἐγένετο

86 425 106 461 ὁ
125 422 223 471 Ζεὺς,
241 421 333 462 ὥστε
364 424 536 476 ἐνσκῆψαι
554 422 653 474 βέλος
684 422 842 473 διαμπὰξ
868 423 910 462 δι’
928 424 1134 477 ἀμφοτέρων

87 483 156 519 τῶν
171 484 314 532 μαστῶν
334 480 436 528 ἢτῶν
450 479 654 534 πλευρῶν,ἢ
670 483 714 520 δι’
729 483 834 520 αὐτοῦ
854 498 891 520 τε
905 486 964 520 τοῦ
984 482 1133 531 Ἀσκλη-

88 544 169 578 πιοῦ
193 540 252 579 καὶ
280 544 339 579 τοῦ
367 539 623 594 ἷατρευθέντος,
642 539 732 579 ὥστε
752 541 812 580 καὶ
839 541 899 580 τὸν
923 541 1135 588 Ἀσκληπιὸν

88 600 303 650 ἀναιρεῖσθαι
322 598 381 636 καὶ
398 598 456 636 τὸν
478 598 761 637 ἀναὸεὸιωκότα·
777 597 842 637 ὅδὲ
864 598 1059 652 Σωκράτης
1077 599 1134 638 τὸν

85 655 294 703 Ἀσκληπιόν
323 672 408 709 φησι
439 656 499 694 καὶ
531 656 589 694 τὸν
610 657 797 702 διδάξαντα
823 656 926 695 αὐτὸν
958 657 1131 711 Χείρωνα.

85 715 210 757 Οὐδεὶς
226 715 262 753 δὲ
282 716 393 768 τούτῳ
414 721 671 768 συμμαρτυρεῖ.

138 773 357 827 Σωκράτης]
388 776 511 824 Vulgo
538 774 693 825 Κράτης.
719 777 891 813 Correxit
905 777 1130 813 Valckenar.

83 831 132 869 ad
150 833 270 869 schol.
292 835 384 870 Eur.
406 834 539 872 Phoen.
562 833 627 877 45.

566 902 652 941 3a.

136 962 264 1003 Schol.
281 966 450 1002 Vatican.
473 967 607 1015 Eurip.
629 967 744 1002 Rhes.
769 966 818 1003 28
844 980 852 1003 :
882 964 927 1005 ‘O
949 965 984 1004 δὲ
1003 965 1133 1006 Ἡσίο-

82 1021 141 1064 δος
159 1022 336 1074 Εὐρώπης
370 1022 434 1073 μέν
455 1038 558 1076 φησιν
583 1023 687 1061 αὐτὸν
710 1023 787 1076 (τὸν
818 1024 1068 1077 Σαρπηδόνα),
1089 1027 1134 1069 ὡς

83 1079 307 1125 Ἑλλάνικος·
329 1083 396 1120 εἶσὶ
415 1081 451 1120 δὲ
471 1082 504 1121 οἳ
534 1082 739 1122 Λευκάστου
763 1086 903 1134 (scribe
923 1085 1128 1136 Λυκάστου)

81 1138 144 1176 καὶ
160 1138 258 1186 Ἴδης
271 1143 333 1186 τῆς
353 1141 577 1194 Κορύὸαντος
596 1143 841 1194 γενεαλογοῦσι
860 1143 950 1191 μετὰ
974 1143 1033 1181 καὶ
1058 1146 1095 1182 M
1101 1143 1131 1181 ί-

80 1211 167 1242 νωος
182 1198 243 1237 καὶ
268 1198 556 1251 Ῥαδαμάνθυος,
594 1201 752 1253 καθάπερ
783 1201 978 1254 Σωκράτης
1014 1203 1048 1240 ἐν
1065 1203 1134 1247 τοῖς

82 1255 309 1308 Ἇργολικοῒς.
333 1258 412 1295 Pro
447 1259 652 1297 Λευκάστου
682 1261 930 1297 scribendum
951 1275 1028 1298 esse
1056 1263 1133 1300 Λυ-

82 1314 214 1353 κάστου
238 1318 395 1366 colligas
409 1331 454 1355 ex
467 1319 641 1355 Diodoro
662 1321 712 1357 IV
723 1347 734 1365 ‚
756 1320 806 1356 60
821 1347 830 1365 ‚
846 1321 914 1355 ubi
926 1322 1107 1368 Lycastus
1121 1350 1132 1369 ,

82 1376 220 1412 Minois
239 1376 280 1423 f.‚
307 1379 527 1426 cognomini
555 1378 674 1416 Cretae
705 1379 791 1414 urbi
818 1392 960 1415 nomen
985 1379 1133 1416 dedisse

83 1433 238 1470 dicitur.

589 1493 624 1532 4.

139 1550 332 1589 Plutarch.
355 1553 413 1587 De
429 1552 520 1587 mul.
541 1552 629 1587 virt.
654 1565 688 1588 c.
724 1557 745 1595 4
765 1566 774 1589 ε
798 1551 947 1595 Οὐδενὸς
975 1553 1010 1590 δὲ
1029 1546 1132 1598 ἧττον

80 1602 214 1651 ἔνδοξόν
230 1608 303 1645 ἐστι
322 1610 390 1645 τῶν
408 1611 506 1659 κοινῇ
522 1609 838 1661 διαπεπραγμένων
851 1609 1004 1661 γυναιξὶν
1023 1610 1131 1662 ἔργων

84 1666 103 1701 ὃ
116 1664 202 1716 πρὸς
223 1666 406 1716 Κλεομένη
437 1666 518 1719 περὶ
537 1665 682 1719 Ἄργους
708 1667 817 1718 ἀγὼν,
834 1667 871 1706 ὃν
892 1666 1129 1719 ἠγωνίσαντο,

81 1722 296 1771 Τελεσίλλης
315 1727 376 1771 τῆς
401 1725 582 1776 ποιητρίας
603 1727 906 1779 προτρεψαμένης.
929 1727 1073 1774 Ταύτην
1095 1728 1132 1765 δέ

80 1795 186 1833 φασιν
215 1782 326 1826 οἰκίας
344 1777 451 1821 οὖσαν
471 1783 626 1831 ἐνδόξου,
652 1787 702 1836 τῷ
726 1785 762 1823 δὲ
784 1785 923 1835 σώματι
939 1801 1130 1836 νοσηματι·

78 1838 159 1887 κῆν,
182 1843 229 1884 εἷς
248 1840 342 1886 θεοὺς
363 1841 505 1895 πέμψαι
522 1843 603 1895 περὶ
623 1843 753 1894 ὑγιείας
765 1874 776 1894 ,
794 1844 854 1882 καὶ
874 1844 1025 1896 χρησθὲν
1042 1845 1129 1896 αὐτῇ

79 1897 225 1943 Μούσας
249 1900 466 1952 θεραπεύειν,
489 1901 697 1951 πειθομένην
715 1905 759 1954 τῇ
779 1905 864 1954 θεῷ,
882 1902 942 1940 καὶ
967 1902 1128 1952 ἐπιθεμέ-

79 1971 142 2003 νην
174 1958 248 2010 ᾠδῇ
269 1958 330 1996 καὶ
358 1958 528 2012 ἁρμονία,
561 1963 620 1998 τοῦ
655 1975 693 1997 τε
712 1960 842 2005 πάθους
879 1963 1129 2012 ἀπαλλαγῆναι

78 2014 190 2067 ταχὺ,
212 2016 272 2054 καὶ
292 2018 534 2067 θαυμάζεσθαι
560 2018 617 2056 διὰ
634 2018 822 2065 ποιητικὴν
841 2019 910 2057 ὑπὸ
929 2022 997 2057 τῶν
1014 2035 1130 2070 γυναι-

77 2075 161 2112 κῶν.
181 2074 284 2113 Ἐπεὶ
304 2075 339 2112 δὲ
356 2075 555 2126 Κλεομένης
574 2079 592 2114 ὁ
616 2075 779 2128 βασιλεὺς
798 2080 866 2115 τῶν
892 2079 1126 2129 Σπαρτιατῶν

119 2243 165 2273 lta
191 2242 291 2274 iratus
318 2246 386 2274 erat
410 2244 570 2284 Juppster,
600 2245 637 2276 ut
666 2246 784 2277 fulmen
812 2246 939 2286 penitus
966 2246 1127 2286 trajiceret

76 2302 133 2334 per
145 2293 256 2326 ambas
280 2295 439 2326 mamillas
456 2295 505 2327 vel
520 2305 575 2336 per
588 2297 684 2328 ambo
715 2297 833 2337 latera,
863 2299 920 2329 aut
945 2306 1000 2338 per
1022 2298 1126 2338 ipsum

76 2347 295 2388 AEsculapium
306 2350 404 2388 atque
414 2357 487 2379 eum
498 2357 594 2388 quem
608 2351 788 2389 sanaverat,
803 2350 883 2382 adeo
896 2352 972 2382 utet
987 2351 1126 2382 AEscula·

77 2397 148 2437 pius
160 2400 192 2430 et
203 2398 228 2430 is
243 2408 339 2439 quem
352 2399 383 2430 in
399 2400 496 2430 vitam
508 2402 734 2441 revocaverat,
753 2402 937 2433 interfectus
949 2402 1001 2433 sit.
1017 2403 1124 2433 Socra·

76 2451 123 2481 tes
137 2458 213 2482 vero
228 2451 446 2491 AEsculapium
463 2453 495 2483 et
514 2452 698 2492 magistrum
724 2454 793 2492 eJus
809 2453 982 2484 Chironem
1001 2453 1127 2485 interse-

76 2502 166 2533 ctum
179 2510 247 2534 esse
260 2502 348 2534 dicit.
370 2503 451 2534 Huic
466 2512 540 2534 vero
553 2512 649 2535 nemo
666 2504 752 2536 ullus
767 2505 971 2545 suffragatur.

567 2575 639 2606 3a.

117 2630 277 2662 Hesiodus
295 2633 442 2672 Europae
461 2631 562 2663 tilium
576 2642 643 2664 esse
653 2634 868 2674 Sarpedonem
881 2635 976 2675 dicit,
995 2637 1032 2668 ut
1049 2636 1126 2668 Hel-

74 2681 207 2713 lanicus.
225 2683 306 2713 Sunt
323 2691 397 2713 vero
410 2682 465 2723 qui
481 2692 556 2714 eum
571 2685 698 2724 Lycasti
715 2687 746 2717 et
764 2685 828 2716 ldae
845 2687 1026 2727 Corybante
1041 2690 1125 2720 natae

74 2739 141 2763 esse
153 2732 367 2772 lilium,sicuti
378 2734 473 2765 etiam
486 2735 625 2766 Minoem
639 2738 671 2767 et
680 2737 971 2776 Rhadamanthum,
983 2739 1122 2772 tradant.

74 2787 162 2818 inter
177 2795 232 2819 eos
247 2788 294 2818 est
305 2789 451 2820 Socrates
462 2788 495 2820 in
509 2789 673 2830 Argolicis.

581 2857 616 2888 4.

116 2911 203 2942 Inter
221 2920 271 2943 res
292 2920 311 2943 a
326 2912 514 2944 mulieribus
535 2913 663 2953 publice
684 2915 837 2955 praeclare
859 2917 961 2955 gestas
972 2940 981 2956 ,
998 2917 1124 2948 nullum

36 2966 39 2969 “
74 2962 228 2995 illustrius
241 2967 345 2996 exstat
364 2965 487 2997 facinus
497 2967 688 3007 certamine,
702 2968 788 3008 quod
809 2969 933 3008 Argivae
951 2979 1006 3009 pro
1024 2971 1124 3010 patria

73 3014 225 3047 adversus
245 3016 450 3048 Cleomenem
462 3041 471 3055 ,
485 3018 640 3050 Telesilloe
657 3019 786 3059 poetriae
803 3020 949 3060 hortatu,
960 3020 1123 3053 obierunt.

74 3067 164 3097 Hanc
178 3067 284 3098 serunt
291 3068 390 3099 nobili
401 3071 504 3100 ortam
516 3070 646 3109 familia,
657 3079 758 3111 quum
769 3073 850 3103 esset
861 3081 993 3112 corpore
1006 3073 1124 3104 morbis

74 3117 214 3149 obnoxio
226 3142 235 3157 ,
261 3118 337 3150 deos
360 3119 400 3150 de
425 3120 565 3160 paranda
584 3121 667 3153 bona
689 3123 873 3155 valetudine
901 3125 1095 3155 consuluisse
1114 3137 1121 3155 z

74 3170 270 3210 oraculoque
281 3172 439 3203 monitam
455 3174 492 3203 ut
506 3174 612 3204 Musas
623 3174 760 3213 coleret,
779 3175 848 3207 deae
868 3176 1121 3216 obtemperasse,

74 3220 282 3262 studiumque
304 3222 336 3254 in
350 3224 491 3256 carmina
504 3226 536 3256 et
549 3225 748 3258 harmoniam
770 3227 942 3259 collocasse
957 3241 964 3259 :
979 3230 1010 3259 et
1023 3237 1123 3267 quum

75 3272 188 3303 morbo
198 3273 285 3304 brevi
294 3273 461 3307 liberatam
469 3285 535 3308 esse
543 3300 553 3315 ,
564 3278 635 3308 tum
646 3278 688 3309 ob
700 3279 855 3317 poeticam
869 3279 902 3310 in
912 3279 1123 3312 admiratione

76 3322 262 3356 mulieribus
274 3325 378 3357 fuisse.
392 3328 501 3364 Quum
511 3328 698 3360 Cleomenes
704 3331 826 3369 Spartae
834 3338 887 3362 rex
899 3354 908 3370 ‚
920 3330 1029 3362 multis
1037 3332 1124 3371 Argi-

75 3382 188 3406 vorum
200 3375 312 3408 occisis
326 3375 454 3416 (fabula
461 3380 509 3410 est
517 3379 602 3419 quod
610 3380 742 3420 quidam
751 3390 922 3413 numerum
930 3390 1040 3413 eorum
1050 3391 1121 3422 per-

75 3425 186 3458 hibent
195 3427 310 3467 septies
320 3428 464 3461 millenos
475 3453 484 3468 ‚
495 3430 696 3471 septingenos
706 3456 715 3471 ‚
727 3433 913 3474 septagenos
923 3434 955 3465 et
964 3435 1085 3474 septem
1095 3435 1121 3475 )‚

183 3491 374 3516 FRAGMENTA
393 3493 518 3518 uis‘ron-
542 3496 593 3519 cn.
606 3505 639 3510 —
655 3496 725 3519 vor..
741 3497 783 3520 iv.

2161 231 2238 266 497

1196 303 1345 348 πολλοὺς
1378 303 1671 355 ἀποκτείνας-(οὖ
1693 306 1778 356 μὴν,
1802 309 1847 352 ὡς
1873 309 1955 348 ἔνιοι
1976 313 2239 364 μυθολογοῦσιν,

1195 362 1285 400 ἑπτὰ
1299 363 1357 400 καὶ
1373 362 1612 411 ἑὸδομήκοντα
1632 364 1692 402 καὶ
1709 367 1935 412 ἑπτακοσίους
1954 369 2039 422 πρὸς
2065 373 2238 410 ἑπτακισ-

1194 419 1369 471 χιλίους),
1402 421 1539 466 ἐὸάδιζε
1567 420 1652 475 πρὸς
1679 421 1743 470 τὴν
1772 424 1888 473 πόλιν,
1910 427 2001 478 ὁρμὴ
2033 428 2093 466 καὶ
2124 429 2238 480 τόλμα

1195 478 1540 531 δαιμόνιοςὶπαρέστη
1550 485 1627 522 ταῖς
1638 480 1874 529 ἀκμαζούσαις
1884 486 1951 521 τῶν
1963 489 2134 536 γυναικῶν
2149 487 2238 537 ἀμύ-

1195 541 1314 576 νεσθαι
1334 537 1412 582 τοὺς
1434 537 1621 588 πολεμίους
1641 538 1728 591 ὑπὲρ
1745 543 1806 586 τ’ῆς
1821 542 2000 593 πατρίδος.
2023 544 2239 596 Ἡγουμένης

1195 594 1231 633 δὲ
1251 599 1311 642 τῆς
1327 597 1562 646 Τελεσίλλης,
1586 595 1678 634 ὅπλα
1698 599 1939 650 λαμὸάνουσι,
1959 602 2018 639 καὶ
2032 604 2113 654 παρ’
2128 604 2239 643 ἔπαλ-

1196 653 1244 699 ξιν
1266 654 1454 705 ἱστάμεναι
1475 654 1592 708 κύκλῳ
1612 655 1656 694 τὰ
1672 656 1772 708 τείχη
1785 658 2029 712 περιέστεψαν,
2046 659 2137 699 ὥστε
2154 667 2237 701 θαυ-

1196 713 1315 762 μάζειν
1339 712 1418 757 τοὺς
1436 713 1640 764 πολεμίους.
1662 714 1733 753 Τὸν
1764 715 1826 765 μὲν
1846 711 1903 754 οὖν
1927 718 2122 768 Κλεομένη,
2154 723 2240 759 πολ-

1194 772 1263 809 λῶν
1279 771 1470 820 πεσόντων,
1493 772 1774 825 ἀπεκρούσαντο·
1801 774 1859 813 τὸν
1877 774 1911 814 δὲ
1936 776 2050 829 ἕτερον
2070 779 2237 829 βασιλέα,

1194 829 1423 882 Δημάρατον,
1444 833 1491 874 ὡς
1509 831 1702 884 Σωκράτης
1722 831 1842 884 φησὶν,
1866 833 1960 877 ἐντὸς
1979 834 2160 886 γενόμενον
2178 839 2238 874 καὶ

1193 889 1420 941 κατασχόντα
1446 889 1486 928 τὸ
1516 890 1790 943 Παμφυλιακὸν,
1810 891 1971 936 ἐξέωσαν.
1998 892 2104 933 Οὕτω
2124 893 2160 932 δὲ
2179 899 2240 942 τῆς

1193 946 1327 989 πόλεως
1349 947 1638 999 περιγενομένης,
1659 948 1721 992 τὰς
1742 948 1805 996 μὲν
1825 950 2000 995 πεσούσας
2016 952 2050 989 ἐν
2076 955 2120 1005 τῇ
2140 952 2238 1006 μάχῃ

1194 1007 1262 1042 τῶν
1283 1008 1456 1056 γυναικῶν
1477 1005 1535 1044 ἐπὶ
1555 1008 1615 1052 τῆς
1636 1007 1715 1044 ὁδοῦ
1736 1010 1796 1053 τῆς
1812 1007 1970 1060 Ἀργείας
1995 1009 2139 1063 ἔθαψαν,
2165 1016 2240 1054 ταῖς

1195 1063 1231 1101 δὲ
1256 1064 1439 1108 σωθείσαις
1453 1064 1646 1115 ὑπόμνημα
1665 1068 1725 1112 τῆς
1743 1066 1918 1118 ἀριστείας
1949 1068 2072 1106 ἔδοσαν
2090 1069 2240 1122 ἱδρύσα-

1194 1126 1273 1160 σθαι
1288 1122 1343 1161 τὸν
1365 1122 1563 1164 Ἐνυάλιον.
1589 1123 1666 1170 Τὴν
1683 1124 1719 1162 δὲ
1740 1125 1861 1177 μάχην
1890 1129 1921 1165 οἱ
1938 1127 2000 1178 μὲν
2017 1126 2148 1179 ἑὸδόμῃ
2173 1128 2239 1166 λέ-

1192 1196 1310 1231 γουσιν
1331 1181 1519 1232 ἱσταμένου
1542 1181 1670 1232 μηνὸς,
1697 1185 1728 1220 οἱ
1749 1182 1786 1221 δὲ
1803 1185 1974 1237 νουμηνίᾳ
2002 1184 2160 1235 γενέσθαι
2177 1190 2238 1224 τοῦ

1193 1243 1251 1276 νῦν
1269 1239 1331 1290 μὲν
1355 1239 1521 1292 τετάρτου
1534 1270 1545 1290 ,
1564 1240 1676 1278 πάλαι
1704 1241 1740 1279 δὲ
1759 1241 1930 1293 Ἑρμαίου
1956 1243 2040 1295 παρ’
2063 1243 2237 1296 Ἀργείοις,

1192 1297 1269 1335 καθ’
1279 1298 1322 1345 ἣν
1337 1297 1442 1350 μέχρι
1462 1301 1521 1335 νῦν
1535 1297 1579 1336 τὰ
1600 1298 1811 1351 “Υὸριστικὰ
1825 1301 1982 1348 τελοῦσι,
1994 1303 2161 1352 γυναῖκας
2173 1302 2236 1352 μὲν

1194 1356 1361 1408 ἀνδρείοις
1379 1358 1505 1408 χιτῶσι
1533 1356 1592 1394 καὶ
1611 1358 1805 1409 χλαμύσιν,
1822 1358 1948 1411 ἄνδρας
1965 1359 2001 1397 δὲ
2018 1360 2161 1404 πέπλοις
2175 1376 2239 1411 γυ-

1192 1418 1321 1453 ναικῶν
1348 1415 1414 1453 παὶ
1431 1415 1647 1468 καλύπτραις
1669 1416 1929 1468 ἀμφιεννύντες.
1953 1418 2238 1470 Ἐπανορθούμε-

1191 1489 1242 1512 νοι
1268 1473 1303 1511 δὲ
1331 1473 1394 1520 τὴν
1418 1474 1657 1525 ὀλιγανδρίαν,
1677 1476 1743 1526 οὐχ
1765 1476 1837 1526 (ὡς
1856 1475 2040 1528 Ἡρόδοτος
2062 1479 2192 1529 ἱστορεῖ
2211 1480 2222 1529 )

1192 1535 1261 1575 τοῖς
1281 1531 1431 1580 δούλοις,
1449 1531 1539 1569 ἀλλὰ
1561 1535 1629 1570 τῶν
1649 1533 1833 1585 περιοίκων
1852 1534 2081 1585 ποιησάμενοι
2095 1535 2239 1578 πολίτας

1191 1590 1269 1634 τοὺς
1284 1590 1464 1643 ἀρίστους,
1488 1591 1684 1644 συνῴκισαν
1701 1591 1762 1635 τὰς
1773 1595 1953 1643 γυναῖκας·
1973 1592 2112 1631 ἐδόκουν
2126 1593 2162 1631 δὲ
2179 1594 2239 1631 καὶ

1191 1649 1332 1693 τούτους
1364 1649 1545 1700 ἀτιμάζειν
1566 1649 1626 1687 καὶ
1651 1656 1817 1702 περιορᾶν
1849 1652 1884 1688 ἐν
1906 1653 1953 1703 τῷ
1983 1651 2239 1702 συγκαθεύδειν,

1191 1711 1237 1753 ὡς
1255 1708 1430 1761 χείρονας.
1462 1707 1571 1747 “Ὀθεν
1593 1708 1705 1747 ἔθεντο
1727 1709 1831 1760 νόμον
1847 1709 1904 1747 τὸν
1930 1709 2135 1760 κελεύοντα,
2158 1710 2234 1748 πώ·

1190 1783 1286 1820 γωνα
1307 1769 1374 1805 δεῖν
1392 1767 1541 1818 ἐχούσας
1573 1768 1879 1806 συναναπαύεσθαι
1906 1769 1976 1812 τοῖς
1995 1768 2142 1821 ἀνδράσι
2174 1768 2236 1812 τὰς

1190 1825 1454 1878 γεγαμημένας.
1477 1828 1532 1865 Cf.
1552 1829 1702 1867 Miiller.
1719 1830 1808 1865 Dor.
1829 1830 1860 1873 1,
1880 1841 1920 1876 p.
1946 1829 2031 1875 173.

1551 1925 1670 1963 ΠΕΡΙ
1700 1925 1870 1964 ΟΣΙΩΝ.

1693 2010 1729 2046 5.

1243 2079 1469 2117 Plutarchus
1491 2083 1548 2117 De
1563 2082 1611 2118 Is.
1629 2089 1667 2116 et
1685 2082 1781 2126 Osir.
1798 2095 1832 2117 c.
1857 2081 1904 2117 35
1932 2095 1940 2117 ε
1962 2079 2004 2119 Ἃ
2026 2080 2054 2118 δ’
2074 2080 2237 2132 ἐμφανῶς

1187 2189 1228 2221 ad
1236 2189 1337 2230 ipsam
1346 2190 1458 2221 urbem
1466 2189 1609 2229 duceret,
1623 2190 1758 2230 impetus
1765 2193 1797 2222 et
1804 2190 1956 2222 divinitus
1965 2190 2112 2231 quaedam
2124 2190 2239 2230 injecta

1187 2242 1321 2273 audacia
1331 2242 1479 2273 mulieres
1494 2251 1567 2282 qufe
1577 2243 1673 2274 aetate
1686 2242 1807 2281 integra
1820 2244 1937 2281 essent,
1949 2243 2102 2274 excitavit
2115 2242 2153 2274 ad
2165 2251 2237 2283 pro-

1187 2294 1359 2335 pulsandos
1372 2303 1391 2325 a
1405 2295 1507 2335 patria
1523 2295 1640 2326 hostes.
1658 2295 1794 2327 Proinde
1818 2295 1964 2327 Telesilla
1982 2295 2065 2327 duce
2082 2304 2172 2327 arma
2187 2304 2238 2327 ca-

1188 2347 1290 2387 piunt,
1309 2347 1546 2387 propugnacula
1561 2349 1737 2387 occupant,
1754 2356 1863 2379 muros
1876 2356 1995 2379 corona
2008 2347 2158 2388 cingunt,
2172 2356 2238 2379 non

1186 2398 1254 2430 sine
1277 2398 1489 2430 admiratione
1505 2398 1654 2430 hostium.
1675 2402 1719 2430 Ac
1732 2399 1936 2431 Cleomenem
1961 2399 2091 2439 quidem
2116 2399 2238 2439 repule-

1187 2450 1279 2489 runt,
1294 2451 1413 2482 multos
1427 2459 1560 2482 suorum
1574 2450 1805 2482 desiderantem
1823 2463 1830 2482 :
1848 2451 1986 2483 alterum
2001 2460 2108 2491 regem
2123 2454 2238 2483 Dema·

1187 2502 1306 2542 ratum,
1318 2503 1355 2534 ut
1365 2504 1514 2534 Socrates
1523 2503 1579 2541 ait,
1591 2502 1688 2542 quiin
1700 2502 1812 2534 urbem
1825 2506 2024 2543 pervenerat,
2036 2504 2068 2534 et
2081 2503 2236 2543 Pamphy-

1186 2553 1303 2586 liacnm
1313 2557 1537 2595 occupaverat,
1552 2555 1583 2586 vi
1595 2555 1819 2587 exturbarunt.
1832 2557 1898 2587 Hoc
1906 2556 2001 2587 modo
2010 2555 2089 2587 urbe
2098 2558 2236 2595 servata,

1186 2606 1335 2638 mulieres
1350 2615 1423 2647 quae
1440 2607 1471 2638 in
1493 2616 1598 2649 pugna
1621 2607 1824 2646 ceciderant,
1846 2608 1879 2639 in
1895 2608 1948 2639 via
1968 2608 2083 2648 Argiva
2102 2609 2237 2649 sepultae

1185 2660 1259 2690 sunt
1272 2668 1290 2690 a
1305 2659 1428 2691 civibus
1444 2669 1451 2690 :
1467 2659 1692 2699 superstitibus
1707 2663 1815 2692 autem
1841 2660 2011 2700 praemium
2028 2661 2156 2693 virtutis
2177 2661 2234 2692 de-

1185 2710 1302 2743 dicatio
1327 2712 1437 2744 Martis
1464 2721 1613 2744 concessa
1638 2716 1697 2744 est.
1727 2715 1905 2753 Pugnatum
1932 2713 1985 2745 alii
2003 2714 2139 2754 septima
2165 2714 2236 2754 die,

1185 2764 1238 2795 alii
1255 2765 1322 2804 ipso
1339 2764 1371 2796 in
1399 2765 1563 2796 novilunio
1580 2765 1712 2796 tradunt
1737 2766 1874 2805 mensis,
1892 2766 1948 2806 qui
1974 2775 2060 2797 nunc
2084 2769 2236 2807 quartus,

1185 2817 1263 2848 olim
1281 2820 1464 2857 Hermaeus‚
1484 2818 1515 2849 id
1542 2819 1590 2849 est
1606 2818 1822 2858 Mercurialis,
1850 2819 1935 2858 apud
1960 2819 2093 2859 Argivos
2107 2819 2235 2851 dicitur.

1186 2871 1231 2900 Ea
1240 2869 1295 2900 die
1308 2869 1403 2901 etiam
1421 2869 1516 2900 bodie
1533 2869 1715 2909 Hybristica
1732 2869 1782 2909 (id
1798 2871 1845 2901 est
1861 2870 2124 2910 contumeliosa)
2148 2880 2236 2902 sacra

1185 2923 1299 2961 agunt,
1312 2922 1461 2953 mulieres
1475 2921 1616 2953 virilibus
1629 2922 1746 2953 tunicis
1758 2923 1790 2953 et
1804 2922 1893 2954 laenis
1902 2947 1911 2961 ,
1926 2922 2011 2955 viros
2027 2923 2236 2955 muliebribus

1186 2973 1273 3004 vittis
1289 2982 1327 3004 ac
1342 2973 1420 3004 velis
1434 2973 1613 3004 vestientes.
1629 2973 1780 3004 Virorum
1796 2974 1961 3014 penuriam
1976 2975 2013 3006 ut
2029 2974 2235 3014 resarcirent,

1185 3026 1334 3057 mulieres
1353 3035 1434 3063 non,
1455 3027 1490 3056 ut
1507 3025 1689 3056 Herodotus
1704 3029 1832 3066 narrat,
1849 3027 1950 3058 servis
1961 3051 1970 3065 ,
1984 3027 2039 3059 sed
2054 3027 2233 3058 vicinorum

1185 3078 1314 3118 optimis
1331 3079 1364 3109 in
1383 3078 1547 3110 civitatem
1568 3078 1702 3118 receptis
1727 3078 1964 3118 conjunxerunt
1980 3089 1988 3110 :
2004 3089 2085 3119 quos
2110 3079 2172 3110 illae
2190 3079 2235 3109 vi-

1184 3130 1343 3161 debantur
1354 3131 1558 3161 contemnere
1567 3131 1599 3161 et
1609 3130 1781 3170 ignominia
1788 3130 1915 3162 afficere
1923 3131 1955 3163 in
1964 3131 2149 3170 concubitu,
2159 3131 2234 3162 utse

1184 3181 1369 3213 deteriores.
1394 3182 1507 3221 ltaque
1524 3181 1623 3220 legem
1651 3183 1840 3222 posuerunt,
1869 3191 1943 3222 quae
1960 3184 2076 3222 nuptas
2102 3181 2233 3213 barbam

1182 3231 1314 3271 iubebat
1329 3231 1447 3263 habere
1459 3231 1589 3272 quando
1605 3240 1680 3263 cum
1697 3231 1771 3264 viris
1787 3233 2047 3264 concumberent.

1567 3303 1633 3341 DE
1657 3303 1847 3343 SACRIS.

1689 3381 1710 3412 5

1225 3437 1305 3474 Quae
1340 3435 1444 3476 palam
1477 3435 1597 3469 faciunt
1630 3435 1828 3476 sacerdotes,
1853 3435 1931 3468 dum
1958 3433 2066 3475 Apidis
2097 3432 2231 3464 cadaver

2091 3493 2126 3519 ³2
