2326 3724
864 209 1202 251 APOLLONIDIS
1232 210 1364 250 FRAG
1372 211 1562 249 MENTA.

138 302 200 349 τήν
231 317 268 340 τε
296 300 500 353 Σαραόστου
533 298 773 349 καλουμένην,
803 297 863 336 καὶ
883 297 945 344 τὴν
976 297 1176 349 Σιγέρδιδος

139 359 332 412 βασιλείαν.
353 360 442 398 Καθ’
461 358 542 397 δ’λου
559 357 598 396 δέ
613 371 717 410 φησιν
737 357 882 404 ἐκεῖνος,
899 359 962 403 τῆς
987 355 1177 406 συμπάσης

135 418 295 472 Ἀριανῆς
310 417 502 471 πρόσχημα
520 410 606 454 εἶναι
624 415 687 462 τὴν
707 414 952 468 Βακτριανήν·
973 414 1033 453 καὶ
1051 414 1092 461 δὴ
1113 413 1172 452 καὶ

128 476 241 531 μέχρι
261 478 386 529 Σηρῶν
406 475 466 514 καὶ
487 476 639 526 Φρυνῶν
656 473 747 518 ἐξέτε
734 489 826 511 ειναν
849 472 948 520 τὴν’
929 472 1055 525 αρχήν.

636 547 674 582 6.

189 619 326 655 Strabo
345 619 437 663 XV,
458 630 498 667 p.
512 616 642 653 686:
672 614 931 665 Ἀπολλόδωρος
949 616 1051 664 γοῦν,
1085 615 1103 650 δ
1134 611 1178 650 τὰ

137 675 302 728 Παρθικὰ
313 674 476 724 ποιήσας,
489 673 710 725 μεμνημένος
722 672 782 711 καὶ
793 674 862 710 τῶν
873 671 935 718 τὴν
954 669 1177 724 Βακτριανὴν

137 733 412 780 ἀποστησάντων
440 731 622 779 Ἑλλήνων
646 731 744 783 παρὰ
770 733 837 769 τῶν
865 732 1049 783 Συριακῶν
1077 732 1178 782 βασι·

135 791 242 839 λέων,
256 794 324 829 τῶν
341 790 411 829 ἀπὸ
428 790 605 830 Σελεύκου
625 805 684 828 του
704 788 915 841 Νικάτορος,
934 787 1020 841 φησὶ
1037 787 1100 838 μὲν
1116 788 1177 825 αὖ·

135 848 212 894 τοὺς
242 848 450 896 αὐξηθέντας
477 847 656 887 ἐπιθέσθαι
683 846 744 886 καὶ
768 850 812 900 τῇ
843 847 992 898 Ἰνδικῇ·
1017 844 1114 884 οὐδὲν
1142 844 1178 883 δὲ

135 906 467 959 προσανάκαλύπτει
483 923 551 945 των
566 905 732 959 πρότερον
748 905 994 957 ἐγνωσμένων,
1014 903 1104 943 ἀλλὰ
1118 903 1178 942 καὶ

135 967 391 1017 ἐναντιολογεῖ,
414 965 524 1004 πλείω
544 968 605 1012 τῆς
625 965 809 1011 Ἰνδικης’
794 964 943 1007 εκείνους
967 962 992 1009 ἢ
1012 962 1178 1002 Μακεδό-

134 1039 195 1068 νας
218 1023 530 1078 καταστρέψασθαι
557 1023 681 1075 λέγων.
716 1022 936 1075 Εὖκρατίδαν
962 1025 1043 1073 γοῦν
1061 1020 1178 1064 πόλεις

135 1082 251 1135 χιλίας
278 1082 334 1136 ὕφ’
354 1084 466 1135 ἑαυτῷ
493 1082 597 1135 ἔχειν·
626 1081 776 1124 ἐκείνους
795 1079 831 1119 δὲ
854 1079 944 1118 αὐτὰ
974 1079 1019 1118 τα
1045 1078 1175 1129 μεταξὺ

135 1140 215 1189 ἔθνη
241 1144 302 1180 τοῦ
327 1156 365 1179 τε
388 1140 567 1180 Ὑδάσπου
587 1139 647 1179 καὶ
667 1155 727 1178 του
752 1139 920 1183 Ὑπάνιος
945 1154 1002 1177 τον
1032 1137 1178 1191 ἀριθμὸν

135 1198 259 1250 ἐννέα,
278 1199 397 1243 πόλεις
416 1215 453 1237 τε
477 1199 574 1252 σχεῖν
595 1197 900 1250 πεντακισχιλίας,
928 1191 976 1236 ὧν
997 1195 1176 1247 μηδεμίαν

136 1261 224 1296 εἶναι
251 1260 314 1297 Κω
341 1260 403 1304 τῆς
432 1257 628 1310 Μεροπίδος
658 1255 811 1295 ἐλάττω·
832 1255 962 1302 ταύτην
992 1253 1028 1293 δὲ
1057 1260 1175 1292 πᾶσαν

135 1314 198 1362 τὴν
219 1314 339 1368 χώραν
360 1315 690 1369 καταστρεψάμενον
713 1313 932 1366 Ἀλέξανδρον
959 1314 1177 1365 παραδοῦναι

137 1373 203 1412 Πώ
227 1390 270 1412 ω.

186 1389 270 1470 Dpe¹
261 1434 474 1470 Eucratidae
490 1434 725 1482 temporibus
739 1432 787 1482 (c
815 1436 931 1475 140a.
946 1432 988 1469 C.
992 1429 1067 1481 )ν,
1083 1432 1178 1468 Clin-

135 1492 746 1541 ton.111‚p.316.cf.cumhoc
768 1489 854 1527 loco
871 1491 1008 1527 Strabo
1027 1503 1064 1539 p.
1087 1503 1174 1536 701.

641 1585 675 1618 7.

506 1656 536 1690 E
560 1654 710 1691 LIBRO
739 1654 804 1690 IV.

188 1726 386 1762 Athenaeus
417 1726 512 1770 XV,
537 1737 577 1773 p.
602 1723 701 1769 682,
723 1725 782 1761 C:
815 1720 1117 1773 Ἀπολλόδωροςδ’
1143 1722 1177 1759 ἓν

133 1781 288 1834 τετάρτῳ
307 1783 494 1833 Παρθικῶν
511 1780 609 1824 ἄνθος
628 1797 661 1819 τι
678 1780 871 1833 ἀναγράφει
887 1779 1100 1830 καλούμενον
1121 1794 1176 1850 φι-

133 1840 305 1893 λάδελφον
325 1839 416 1878 κατὰ
437 1839 499 1886 τὴν
533 1838 718 1891 Παρθικὴν
747 1838 889 1892 χώραν,
911 1838 991 1890 περὶ
1023 1841 1062 1876 ου
1095 1838 1178 1875 τάδε

135 1898 231 1952 φησί·
265 1916 280 1932 α
302 1898 375 1937 Καὶ
396 1898 564 1949 μυρσίνης
585 1897 668 1949 γένη
685 1897 849 1945 ποικίλα,
872 1896 979 1947 μῖλάξ
1006 1912 1043 1935 τε
1058 1896 1118 1934 καὶ
1140 1896 1179 1934 τὸ

135 1956 351 2008 καλούμενον
382 1956 615 2008 φιλάδελφον,
645 1955 664 1994 ὃ
683 1955 747 2003 τὴν
772 1954 974 2006 ἐπωνυμίαν
1003 1953 1110 1993 ἔλαὸε
1135 1957 1178 2006 τῇ

135 2015 235 2068 φύσει
254 2014 461 2067 πρόσφορον.
485 2013 652 2054 Ἐπειδὰν
670 2014 773 2065 γὰρ’
759 2030 797 2052 εκ
817 2013 1054 2064 διαστηματος
1073 2014 1178 2051 αὐτο·

120 2073 254 2124 ,μάτως
267 2073 395 2124 κράδαι
409 2071 649 2122 συμπέσωσιν,
666 2071 834 2125 ἐμψύχων
848 2073 979 2123 περιπλ
981 2070 1094 2118 οκὴν’
1080 2087 1113 2109 εν
1128 2072 1178 2109 τῶ

137 2130 423 2184 (ἐγγυτάτωῗ)
417 2131 575 2170 μένουσιν
599 2130 797 2181 ἡνωμέναι,
814 2130 972 2182 καθάπερ
999 2129 1069 2168 ἀπὸ
1087 2129 1180 2182 ῥίζης

136 2196 235 2240 μιᾶς,
255 2188 370 2227 καὶτὸ
398 2185 556 2227 λοιπὸν’
537 2188 768 2242 ανατρέχουσι
784 2188 844 2227 καὶ
869 2191 1095 2241 ζωοφυτοῦσι.
1118 2187 1181 2227 Διὸ

136 2247 196 2286 καὶ
212 2247 282 2291 τοῖς
298 2246 441 2299 ἡμέροις
460 2246 655 2299 φυλακὴν’
637 2246 697 2284 απ’
718 2248 830 2284 αὐτῶν
846 2245 1178 2291 κατασκευάζουσιν.

137 2307 376 2358 Ἀφαιροῦντες
390 2305 458 2357 γὰρ
475 2306 542 2342 τῶν
562 2303 700 2356 ῥάὸδων
719 2304 780 2347 τὰς
797 2305 835 2342 λε
821 2303 1011 2348 επτοτάτας
1027 2304 1087 2342 καὶ
1107 2304 1180 2342 δια·

135 2363 365 2408 πλέξαντες
347 2363 483 2402 οικτύου
503 2362 642 2416 τρόπῳ,
670 2363 854 2416 φυτεύουσι
875 2362 994 2416 κύκλῳ
1023 2364 1092 2400 τῶν
1114 2378 1181 2410 κη-

136 2422 337 2473 πευμάτων·
357 2422 419 2460 καὶ
437 2438 549 2460 ταυτα
570 2423 844 2473 συμπλεκόμενα
861 2403 1046 2474 περιὸόλου
1067 2421 1181 2474 παρέ-

136 2496 238 2534 χεται
254 2480 467 2533 δυσπάροδον
484 2480 726 2533 ἀσφάλειαν.»

573 2579 745 2592 ..ἧσο-.-

137 2681 324 2713 Pattaienen
333 2681 582 2720 occupaverunt,
593 2679 688 2711 sedet
700 2680 857 2720 reliquam
866 2689 956 2711 oram
974 2680 1180 2720 maritimam,

139 2735 171 2765 et
185 2733 272 2774 quod
284 2733 422 2765 Saraosti
433 2733 552 2764 dicitur
564 2734 596 2765 et
605 2732 694 2773 quod
706 2732 874 2772 Sigerdidis
885 2741 1028 2773 regnum.
1043 2733 1182 2765 Omnino

140 2788 266 2824 autem,
294 2786 348 2818 iiie
370 2786 432 2825 ait,
462 2785 562 2817 totius
585 2786 710 2817 Arianae
734 2785 934 2826 praecipuam
959 2787 1082 2826 partem
1114 2794 1183 2818 esse

140 2837 353 2871 Bactrianam.
375 2837 460 2875 Quin
474 2838 506 2869 et
522 2845 624 2877 usque
635 2836 675 2868 ad
692 2838 785 2869 Seres
795 2838 828 2869 et
841 2837 987 2877 Phrynos
1003 2837 1182 2869 dominium

137 2898 230 2921 suum
243 2888 456 2940 protulerunt.

180 2998 406 3038 Apollodorus,
418 2998 640 3030 Parthicorum
654 2998 873 3037 auctor‚iHata
883 2997 979 3029 etiam
994 2999 1180 3030 Groecorum

141 3050 321 3089 mentione,
332 3050 387 3090 qui
400 3059 419 3081 a
432 3050 530 3090 Syriae
543 3050 684 3090 regibus,
702 3050 826 3082 Seleuci
842 3050 999 3083 Nicatoris
1007 3058 1180 3082 ’successo-

141 3103 245 3142 ribus,
272 3101 472 3134 Bactrianam
496 3102 746 3142 abalienassent‚
774 3103 819 3134 ait
840 3111 896 3135 eos
924 3102 1047 3134 viribus
1070 3105 1183 3134 auctos

139 3156 236 3188 etiam
249 3155 370 3187 Indiam
392 3164 553 3195 aggressos
569 3164 662 3187 esse:
682 3155 762 3187 nihii
774 3165 850 3187 vero
863 3156 979 3196 praeter
996 3158 1091 3187 antea
1105 3156 1182 3186 nota

141 3207 283 3248 aperuit,
293 3207 348 3239 sed
359 3206 473 3239 etiam
464 3215 530 3247 ipse
540 3207 599 3238 sibi
611 3207 811 3247 contradicit,
823 3208 976 3248 maiorem
986 3209 1072 3239 aiens
1081 3207 1127 3238 ab
1132 3206 1182 3237 bis

145 3267 242 3299 quam
258 3267 277 3290 a
292 3258 518 3290 Macedonibus
538 3258 637 3291 indiae
654 3263 777 3300 partem
798 3260 892 3291 fuisse
908 3259 1093 3297 subactam
1107 3267 1182 3290 nam

141 3310 344 3343 Eucratidam
362 3311 447 3342 mille
464 3311 559 3343 urbes
580 3312 641 3343 sub
658 3321 692 3344 se
705 3312 873 3351 habuissc;
887 3312 958 3344 iilos
974 3313 1082 3343 autem
1100 3312 1182 3351 ipsas

142 3363 268 3403 gentes,
292 3371 365 3402 quac
383 3362 447 3394 sint
469 3372 604 3395 numero
622 3373 737 3396 novem
759 3365 841 3396 inter
858 3364 1039 3404 Hydaspem
1065 3364 1096 3395 et
1114 3365 1180 3403 Hy-

143 3414 268 3455 panim,
286 3424 324 3447 ac
337 3415 431 3447 urbes
444 3416 612 3456 quinquies
636 3416 742 3455 mille,
757 3425 893 3456 quarum
909 3416 996 3447 nulia
1010 3418 1060 3447 Co
1077 3418 1180 3447 Mero-

1204 1855 1263 2601 i

2204 220 2278 252 309

1238 337 1768 396 APOLLODORUS
1806 340 1947 394 ERY
1956 341 2283 400 QfflRAEUS

1291 458 1511 493 Lactantius
1527 457 1665 492 Institt.
1687 458 1728 501 Ι,
1747 456 1790 502 6,
1808 470 1853 492 ex
1869 460 2035 495 Varrone
2052 461 2212 507 sibyllas
2225 474 2284 497 re-

1240 528 1420 552 censens.
1445 516 1619 562 Quintam
1635 514 1891 562 Erythrceam,
1911 529 2022 564 qaam
2035 520 2282 566 Apollodorus

1240 574 1460 622 Erythraeus
1490 572 1666 622 affirmat
1688 586 1793 608 suam
1809 572 1935 619 sut'sse
1962 579 2095 621 civem,
2125 590 2280 627 eamque

1243 635 1363 670 Graiis
1383 634 1499 668 Ilium
1509 633 1716 681 petentibus
1735 636 1998 677 vaticinatam,
2025 643 2062 669 et
2070 639 2278 683 perituram

1239 705 1316 728 esse
1335 693 1485 738 TroJam
1498 699 1535 727 et
1550 693 1747 727 Homerum
1765 693 1962 727 mendacia
1979 696 2212 741 scripturum.

1293 750 1680 794 APOLLODORUS,
1715 750 1841 785 nescio
1871 751 1963 797 qui,
1991 750 2025 786 ἐν
2053 750 2181 803 πρώτῳ
2208 767 2286 788 των

1245 809 1473 846 Ποντικῶν
1494 807 1670 843 laudatur
1686 808 1787 856 apud
1799 809 1917 846 schol.
1940 810 2065 858 Apoll.
2083 811 2211 848 Rhod.
2232 813 2283 855 ΙΙ,

1246 867 1318 916 159
1337 866 1394 916 (tv.
1415 867 1604 903 Androetae
1615 867 1754 915 fragm
1768 866 1795 916 ).

1693 996 1765 1009 ἢὸ

1297 1097 1800 1155 APOLLONIDES
1839 1097 2227 1157 HORAPION.

1293 1223 1523 1271 Theophilus
1540 1222 1597 1258 Ad
1616 1223 1857 1270 Autolyc.11‚
1877 1222 1928 1258 6.
1953 1220 2142 1271 Μέμνηται
2162 1221 2286 1260 Ἀπολ-

1239 1279 1384 1326 λωνίδης
1402 1281 1419 1316 ὁ
1439 1294 1499 1316 και
1513 1277 1698 1331 εΩρατιίων
1729 1281 1739 1329 (
1754 1278 1925 1331 Ωράπιος
1946 1282 2033 1316 libii
2048 1308 2058 1326 ‚
2081 1283 2187 1330 quod
2210 1295 2282 1320 em.

1240 1341 1388 1389 Reines.
1406 1342 1490 1376 Var.
1507 1341 1549 1377 L.
1570 1352 1610 1388 p.
1636 1337 1729 1386 114)
1751 1337 1981 1384 ἐπικληθεὶς
1967 1354 2000 1376 εν
2020 1339 2131 1391 βίὸλῳ
2150 1342 2192 1391 τῇ
2214 1341 2286 1377 ἐπι-

1240 1396 1439 1449 γραφομένῃ
1474 1395 1662 1446 Σεμενουθι
1695 1397 1754 1434 καὶ
1788 1402 1863 1439 ταῖς
1890 1397 2026 1440 λοιπαῖς
2060 1400 2139 1435 κατ’
2181 1398 2284 1436 αὐτὸν

1241 1456 1428 1508 ἱστορίαις,
1458 1455 1538 1508 περί
1569 1471 1605 1493 τε
1629 1459 1690 1502 τῆς
1719 1455 1901 1508 θρησκείας
1928 1472 1990 1503 της
2015 1457 2285 1508 Αἷγυπτιακης,

1241 1514 1301 1553 καὶ
1320 1517 1388 1553 τῶν
1411 1514 1585 1566 βασιλέων
1604 1516 1717 1552 αὐτῶν
1737 1530 1797 1552 και
1815 1517 1877 1560 τῆς
1902 1515 1936 1551 ἐν
1957 1516 2070 1557 αὐτοῖς
2089 1530 2285 1563 ματαιοπο-

1240 1572 1324 1617 νίας.
1346 1574 1541 1611 Postrema
1563 1581 1733 1623 spectant
1756 1574 1804 1610 ad
1822 1575 2025 1610 vanitatem
2045 1586 2198 1624 regum,
2221 1579 2287 1623 qui

1239 1633 1453 1682 pyiamidas
1463 1641 1678 1678 erexerunt,
1691 1640 1733 1668 ut
1745 1633 1840 1669 bene
1853 1640 1984 1678 monet
2002 1634 2149 1669 Vossius
2162 1647 2201 1682 p.
2213 1633 2287 1682 396

1242 1693 1381 1728 collato
1398 1693 1520 1728 Plinio
1544 1691 1617 1737 36,
1644 1705 1706 1728 12.

1294 1751 1398 1787 Alius
1412 1750 1755 1786 APOLLONIDES
1779 1757 1833 1787 est
1849 1751 1987 1798 Periple‘
2015 1757 2162 1795 wittor,
2182 1751 2290 1798 cujus

1243 1810 1414 1845 meminit
1433 1809 1558 1845 Schol.
1578 1809 1704 1857 Apoll.
1725 1809 1850 1846 Rhod.
1872 1810 1939 1854 IV,
1962 1808 2068 1856 983:
2091 1807 2288 1859 Ἱστορεῖδὲ

1244 1881 1324 1918 περι
1341 1870 1400 1904 τοῦ
1425 1865 1562 1916 λιμένος
1578 1868 1644 1903 τῶν
1667 1865 1839 1904 Φαιάκων
1861 1865 2113 1912 Ἀπολλωνίδης
2141 1866 2151 1918 (
2164 1866 2289 1905 Ἀπολ-

1243 1925 1365 1968 λώνιος
1381 1926 1478 1963 Cod.
1498 1927 1612 1962 Paris.
1628 1923 1693 1975 )ε’ν
1713 1939 1762 1975 τῳ
1795 1923 2000 1976 Περίπλω
2029 1940 2102 1970 της
2134 1925 2288 1977 Εὐρώ-

1245 1998 1345 2031 πης.
1368 1984 1537 2020 —Idem
1548 1986 1613 2029 IV,
1635 1988 1768 2030 1174.
1792 1981 1922 2020 Ἡτῶν
1939 1982 2165 2034 Κερκυραίων
2191 1983 2290 2026 πόλις

1242 2042 1299 2079 ἐπι
1326 2045 1388 2088 τῆς
1407 2040 1628 2093 Χερσονήσου
1657 2047 1791 2087 κεῖται,
1820 2043 1866 2083 ὡς
1890 2040 2144 2087 Ἀπολλωνίδης
2173 2043 2207 2079 ἐν
2238 2058 2288 2079 τω

1244 2099 1413 2153 Περίπλῳ
1428 2116 1489 2146 της
1515 2099 1701 2152 Εὐρώπης.
1725 2121 1778 2128 -—
1805 2100 1911 2136 Idem
1942 2101 2002 2145 II,
2031 2101 2141 2148 964:
2174 2099 2287 2150 Πρό-

1241 2174 1372 2211 χυσιν
1393 2157 1458 2211 ἔφη
1485 2156 1772 2209 (Ἀπολλώνιος)
1796 2173 1857 2203 της
1878 2156 2078 2209 Ἀσσυρίας,
2099 2157 2191 2196 τοῦτ’
2212 2158 2286 2195 ἔστι

1243 2220 1304 2263 τῆς
1319 2216 1575 2268 Λευκοσυρίας,
1600 2215 1662 2262 τὴν
1681 2218 1819 2266 ἐγκειμε
1805 2215 1881 2262 ζνην
1902 2214 2022 2266 χώραν
2041 2217 2148 2263 αὐτῆς
2165 2217 2210 2259 εἷς
2225 2216 2286 2254 θά-

1242 2277 1390 2313 λασσαν·
1412 2278 1456 2319 ὣς
1477 2291 1537 2313 και
1558 2276 1591 2313 ἓν
1617 2280 1689 2318 τοῖς
1707 2274 1836 2313 ἐπάνω·
1863 2290 1878 2310 α
1898 2276 2028 2312 Λεῖπον
2048 2274 2154 2313 Ἅλυν
2179 2290 2288 2312 ποτα

1245 2335 1327 2385 μὸν,
1347 2335 1465 2373 λεῖπον
1486 2334 1516 2371 δ’
1538 2332 1711 2385 ἁλιμυρέα
1741 2332 1861 2393 χώραν
1889 2332 2072 2384 Ἀσσυρίης
2093 2331 2287 2384 ἀνέχουσαν

1244 2393 1314 2431 ἀπὸ
1333 2391 1508 2445 χθονός.»
1536 2392 1681 2431 'scuto
1671 2391 1706 2429 οὲ
1733 2394 1829 2429 εἶπεν
1850 2393 1896 2433 ὼς
1920 2391 2198 2442 ποταμοχώστου
2228 2407 2287 2437 της

1243 2467 1305 2502 γης
1324 2451 1440 2498 οὔσης
1448 2449 1504 2488 διὰ
1524 2449 1563 2488 τὸ
1580 2449 1753 2511 μεγάλους
1769 2451 1816 2493 εἰς
1833 2448 1941 2495 αὐτὴν
1958 2449 2214 2501 καταφέρεσθαι
2230 2464 2289 2487 πο-

1243 2509 1382 2583 ταμοὺς
1386 2510 1491 2549 Ἅλυν
1504 2524 1564 2547 και
1584 2503 1680 2562 ῗ.Ιριν
1700 2508 1772 2547 Και
1786 2507 1892 2552 οὕτως
1910 2507 1981 2560 ἔχει
1998 2513 2073 2551 ταῖς
2091 2507 2286 2556 ἀληθείαις,

1244 2568 1303 2607 καὶ
1324 2567 1409 2620 πρὸς
1427 2568 1503 2611 ταῖς
1533 2567 1709 2621 ἄρκτοιςὴ
1726 2566 1826 2619 χώρα
1856 2566 2020 2617 ἔγκειται.
2041 2567 2104 2605 Διὸ
2128 2566 2287 2616 ποταμό-

1770 998 1846 1008 5-—

1242 2680 1314 2722 pide
1327 2681 1408 2712 esset
1423 2680 1551 2711 minor:
1568 2679 1726 2720 regionem
1742 2679 1822 2710 hanc
1838 2679 1937 2712 totam
1954 2678 1994 2711 ab
2008 2678 2188 2712 Alexancho
2210 2678 2284 2711 snb

1242 2734 1347 2764 actam
1371 2741 1408 2764 ac
1431 2734 1510 2764 Poro
1530 2740 1597 2763 esse
1612 2731 1775 2763 traditam

1748 2788 1785 2818 7.

1284 2843 1496 2884 Apollodorus
1512 2843 1592 2874 libro
1602 2843 1717 2883 quarto
1735 2844 1854 2874 Rerum
1870 2841 2090 2873 Parthicarum
2111 2840 2239 2879 scribit,
2254 2841 2287 2870 in

1243 2897 1391 2929 Parthica
1409 2897 1534 2936 regione
1552 2895 1820 2936 philadelphum
1839 2895 1945 2927 vocari
1973 2894 2083 2926 florem
2106 2893 2284 2934 quendam.

1242 2948 1281 2980 de
1294 2957 1358 2988 quo
1381 2948 1450 2979 haec
1462 2947 1585 2979 tradit.
1606 2947 1808 2987 «Multipiex
1835 2947 2016 2987 myrtorum
2041 2954 2161 2985 genus,
2189 2947 2286 2984 atque

1241 3000 1377 3038 smilax,
1394 3000 1426 3031 et
1439 2998 1525 3039 quod
1539 2998 1793 3039 philadelphon
1816 3001 1951 3036 vocant,
1970 3007 2050 3037 cong„
2041 3005 2147 3028 ruum
2161 2996 2288 3027 naturae

1242 3059 1309 3083 suae
1330 3060 1448 3083 nomen
1466 3051 1627 3082 sortitum.
1643 3053 1723 3082 Nam
1738 3059 1839 3090 quum
1857 3059 1900 3082 ex
1921 3049 2156 3090 intercapedine
2174 3047 2289 3087 sponte

1243 3102 1323 3135 rami
1338 3102 1508 3142 coiverint,
1522 3102 1737 3133 animatorum
1754 3101 1959 3142 complexum
1983 3100 2152 3132 referentes
2173 3097 2284 3128 arctis-

1242 3156 1321 3187 sime
1334 3156 1465 3187 manent
1477 3154 1659 3195 conjuncti,
1674 3154 1765 3194 quasi
1779 3163 1819 3186 ex
1833 3154 1944 3185 eadem
1960 3153 2021 3184 orti
2039 3152 2159 3190 radice,
2172 3149 2285 3181 deinde

1243 3207 1465 3248 procurrentes
1493 3206 1584 3238 vivos
1612 3207 1756 3238 surculos
1781 3206 1921 3245 pariunt.
1949 3203 2165 3241 Quamobrem
2190 3200 2284 3231 cultis

1243 3258 1348 3321 tundis
1360 3266 1449 3298 sepes
1461 3265 1549 3289 exeo
1567 3257 1789 3297 praetendunt,
1801 3257 1834 3287 in
1844 3256 2010 3287 hortorum
2025 3253 2158 3285 circuitu
2172 3259 2282 3282 conse-

1242 3371 1316 3403 quae
1333 3361 1377 3394 sic
1400 3363 1560 3393 contextae
1573 3361 1809 3393 munimentum
1834 3361 2027 3391 inaccessum
2041 3358 2072 3388 et
2096 3356 2202 3387 tutum
2227 3362 2281 3393 per

1243 3414 1399 3446 ambitum
1418 3413 1559 3453 undique
1574 3413 1764 3453 praebent.»
