2326 3724
0 140 17 212 l}

1036 184 1372 225 FRAGMENTA.

101 282 218 331 λεμον,
234 279 413 332 Εὗφήμιος
427 275 715 329 ἐσηγήσατο,τὴν
727 277 787 313 τοῦ
804 268 997 324 μαγίστρου
1015 271 1141 310 διέπων

101 337 223 391 ἀρχήν·
251 337 287 382 ὃς
318 336 375 376 ἐπὶ
404 335 538 375 συνέσει
557 335 617 373 καὶ
645 333 756 385 λόγων
786 334 892 385 ἀρετῇ
922 331 1022 376 δόξαν
1051 331 1141 382 ἔχων

100 397 309 448 Μαρκιανοῧ
329 398 388 434 τοῦ
411 394 580 447 βασιλέως
602 392 664 439 τὴν
689 394 756 430 τῶν
776 390 993 443 πραγμάτων
1018 389 1142 441 ἔλαχεν

101 453 302 508 ἐπιτροπὴν,
322 453 380 492 καὶ
398 453 571 491 πλείστων
596 454 665 490 τῶν
685 445 722 488 εῧ
743 448 993 503 βουλευθέντων
1023 448 1142 499 ἐκείνῳ

101 512 300 563 καθηγητὴς
319 513 452 563 ἐγένετο
464 527 471 535 ·
490 511 524 555 ὃς
538 510 598 548 καὶ
616 509 771 561 Πρίσκον
786 508 841 546 τὸν
857 506 1057 558 συγγραφέα
1074 507 1142 544 τῶν

84 573 161 616 ,τῆς
174 571 286 622 ἀρχῆς
299 569 487 622 φροντίδων
504 568 641 612 ἐδέξατο
655 565 831 606 κοινωνόν.
848 567 919 612 Τῆς
932 564 967 603 δὲ
981 563 1144 616 αἱρέσεως

101 631 162 675 τῆς
187 630 282 682 αὐτῷ
301 628 470 675 δοθείσης,
489 630 508 666 6
533 626 703 674 Γωὸάζης
729 623 839 664 εἵλετο
870 626 932 671 τῆς
967 622 1144 676 βασιλείας

102 690 363 740 παραχωρῆσαι
380 688 429 739 τῷ
446 686 564 734 παιδὶ,
584 685 684 729 αὐτὸς
699 683 743 722 τὰ
760 682 922 734 σύμὸολα
936 680 1144 733 ἀποθέμενος

101 748 162 792 τῆς
178 744 310 798 ἀρχῆς.
340 744 414 784 Καὶ
440 744 538 797 παρὰ
555 745 612 783 τὸν
643 746 838 796 κρατοῦντα
858 740 1046 792 Ῥωμαίων
1068 740 1144 783 τοὺς

103 802 329 852 δεησομένους
350 802 522 853 ἔπεμπεν,
537 804 600 849 ὡς,
619 800 693 844 ἑνὸς
711 800 851 852 Κόλχου
873 801 884 851 (
901 799 1048 851 Κόλχων
1067 802 1113 839 N.
1132 797 1144 849 )

102 861 389 913 ἡγεμονεύοντος,
408 861 521 899 οὐκέτι
550 860 592 899 δι’
622 859 724 897 αὐτὸν
745 857 1004 910 χαλεπαίνοντα
1025 856 1083 896 ἐπὶ
1102 856 1145 894 τὰ

103 919 194 959 ὅπλα
224 925 366 973 χωρεῖν.
403 918 574 973 Βασιλεὺς
602 918 638 956 δὲ
669 917 857 956 διαὸαίνειν
891 916 992 954 αὐτὸν
1024 918 1055 960 ἐς
1084 915 1144 962 τὴν

104 978 294 1030 Ῥωμαίων
315 971 451 1017 ἐκέλεῖιε
465 1008 475 1025 ,
499 978 559 1016 καὶ
578 980 645 1015 τῶν
664 978 759 1030 αὐτῷ
780 975 995 1027 δεδογμένων
1017 975 1146 1014 διδόναι

103 1037 219 1090 λόγον.
241 1037 308 1082 εῸς
325 1038 360 1076 δὲ
379 1037 443 1085 τὴν
466 1036 526 1087 μὲν
545 1036 657 1090 ἄφιξιν
675 1037 738 1075 οὐκ
754 1035 950 1088 ἠρνήσατο,
968 1033 1145 1073 Διονύσιον

105 1097 141 1135 δὲ
174 1096 231 1135 τὸν
262 1098 294 1140 ἐς
325 1095 387 1143 τὴν
419 1096 578 1148 Κολχίδα
600 1095 711 1134 πάλαι
728 1093 997 1147 ’διαπεμφθέντα
1028 1096 1088 1140 τῆς
1110 1108 1148 1130 τε

106 1158 211 1195 αὐτοῦ
226 1156 394 1201 Γωὸάζου
411 1157 574 1209 διαφορᾶς
585 1155 686 1193 ἕνεκα
702 1154 818 1193 πίστιν
835 1152 991 1192 δώσοντα
1005 1152 1146 1205 ᾔτησεν,

106 1218 152 1259 ὡς
172 1214 268 1253 οὐδὲν
285 1213 456 1262 ὑποσταίη
474 1214 674 1260 ἀνήκεστον.
695 1212 758 1252 Διὸ
777 1211 820 1259 δὴ
841 1214 873 1256 ἔς
898 1210 960 1258 τὴν
990 1210 1148 1263 Κολχίδα

103 1265 284 1317 ’Διονύσιος
298 1272 494 1320 ἐστέλλετο,
507 1273 566 1310 καὶ
578 1271 657 1325 περὶ
669 1274 735 1309 τῶν
751 1270 922 1324 διαφόρων
936 1268 1145 1316 συνέδησαν.

107 1333 163 1371 Cf.
185 1335 401 1370 Tillemont.
419 1334 490 1381 Vl,
509 1345 549 1380 p.
575 1332 665 1368 362.

347 1421 411 1454 27.
444 1406 570 1457 (460,
600 1409 720 1444 Leon.
741 1419 802 1445 an.
822 1406 887 1456 4.)

159 1484 308 1520 Ibidem
339 1497 379 1532 p.
416 1488 479 1526 41.
518 1487 565 1525 42
597 1494 606 1520 :
634 1478 719 1521 τὈτι
748 1483 766 1519 6
796 1479 1012 1532 Μαϊοριανὸς
1039 1482 1057 1517 6
1082 1481 1150 1517 τῶν

108 1539 275 1592 ἑσπερίων
293 1540 482 1591 Ῥωμαίων
504 1538 683 1592 βασιλεὺς,
703 1541 748 1582 ὡς
766 1541 860 1592 αὐτῷ
883 1541 913 1577 οἳ
934 1540 969 1577 ἔν
992 1538 1150 1590 Γαλατίᾳ

108 1595 230 1636 Γότθοι
252 1597 434 1650 σύμμαχοι
450 1598 682 1645 κατέστησαν,
700 1597 760 1636 καὶ
775 1597 819 1635 τὰ
837 1600 1070 1650 παροικοῦντα
1089 1596 1150 1644 τὴν

110 1657 216 1694 αὐτοῦ
239 1655 460 1709 ἐπικράτειαν
493 1656 570 1704 ἔθνη
600 1656 644 1694 τὰ
665 1657 726 1706 μὲν
747 1655 884 1704 ὅπλοις,
903 1655 947 1694 τὰ
975 1655 1011 1693 δὲ
1039 1655 1153 1707 λόγοις

111 1714 360 1768 παρεστήσατο
371 1744 381 1762 ,
395 1714 455 1753 καὶ
469 1715 527 1753 ἐπὶ
541 1714 604 1762 τὴν
619 1715 755 1762 Λιὸύην
768 1714 827 1753 σὺν
838 1716 951 1767 πολλῆ
964 1714 1153 1752 διαὸαίνειν

110 1774 272 1825 ἐπειρᾶτο
293 1773 458 1824 δυνάμει,
485 1776 576 1819 νηῶν
595 1773 695 1826 ἀμφὶ
719 1772 781 1817 τὰς
806 1772 1006 1826 τριακοσίας
1034 1774 1153 1824 ἠθροι-

110 1830 246 1881 σμένων
265 1833 370 1885 αὐτῷ.
389 1831 560 1884 Πρέσὸεις
578 1831 640 1882 μὲν
654 1832 820 1884 πρότερον
837 1833 920 1884 παρ’
938 1830 1040 1870 αὐτὸν
1054 1834 1071 1869 6
1085 1833 1153 1868 τῶν

112 1889 301 1936 Βανδήλων
321 1888 511 1941 ἡγούμενος
531 1889 688 1940 ἔπεμπε,
702 1889 794 1928 λύειν
814 1888 858 1927 τὰ
874 1889 1021 1942 διάφορα
1041 1889 1155 1940 λόγοις

113 1947 317 1998 βουλόμενος
332 1963 341 1972 ·
363 1950 411 1992 ὥς
439 1949 474 1986 δὲ
497 1950 559 1987 οὐκ
576 1948 711 1996 ἔπειθε,
731 1947 793 1994 τὴν
823 1947 1055 1999 Μαυρουσίων
1075 1951 1153 1998 γῆν,

112 2007 146 2047 ἐς
162 2005 205 2052 ἣν
221 2005 297 2050 τοὺς
313 2006 403 2059 ἀμφὶ
420 2006 477 2044 τὸν
496 2007 709 2058 Μαῖοριανὸν
730 2007 799 2044 ἀπὸ
815 2009 876 2053 τῆς
896 2005 1051 2058 Ἰὅηρίας
1068 2008 1156 2044 ἀπο-

114 2064 245 2103 &actvm
273 2066 392 2119 ἐχρῆν,
420 2071 538 2103 πᾶσαν
567 2066 718 2116 ἐδῄωσε,
749 2065 809 2103 καὶ
841 2065 995 2103 ἐκάκωσε
1021 2066 1081 2102 καὶ
1111 2064 1155 2103 τὰ

115 2123 238 2180 ὕδατα.
258 2125 314 2164 Cf.
337 2126 549 2163 Tillemont.
567 2127 639 2170 VI,
661 2139 701 2174 p.
727 2125 817 2162 320.

112 2235 187 2268 dere
199 2236 374 2268 constituit.
389 2238 472 2275 Tum
488 2236 527 2268 ad
539 2236 764 2276 imperatorem
778 2237 877 2276 misit,
893 2236 1154 2277 quandoquidem

112 2287 168 2319 uni
183 2287 287 2319 solum
302 2288 368 2328 J'am
382 2289 507 2329 pareret
518 2288 681 2320 Colchidis
693 2289 780 2329 regio
789 2313 798 2329 ,
818 2288 865 2321 uti
880 2298 944 2321 non
957 2289 1095 2329 amplius
1110 2288 1156 2320 illi

113 2349 214 2380 usque
235 2349 274 2372 eo
289 2341 504 2380 succenseret,
529 2342 566 2373 ut
584 2341 682 2373 etiam
707 2350 797 2373 arma
818 2341 962 2374 inferret.
979 2343 1156 2382 Imperator

113 2401 190 2424 vero
202 2393 297 2433 jussit
314 2393 474 2427 Gobazem
492 2394 526 2425 in
548 2396 766 2426 Romanorum
780 2394 940 2435 regionem
957 2394 1153 2434 transgredi,

114 2446 152 2477 ut
166 2454 277 2478 eorum
288 2470 297 2486 ,
310 2455 384 2490 quae
397 2447 456 2478 sibi
471 2446 615 2479 facienda
627 2447 804 2486 statuisset,
822 2447 980 2480 rationem
996 2447 1154 2479 redderet.

114 2498 171 2530 llle
188 2499 295 2533 autem
311 2499 542 2539 protectionem
560 2500 692 2532 minime
716 2500 845 2539 abnuit;
860 2501 914 2533 scd
931 2500 1021 2541 petiit
1033 2503 1070 2531 ut
1082 2500 1157 2533 Dio-

114 2550 233 2590 nysius,
246 2551 302 2591 qui
312 2551 378 2590 jam
389 2551 465 2582 olim
477 2551 517 2582 ad
529 2552 688 2584 Gobazem
702 2552 931 2586 discordiarum
941 2561 1035 2585 causa
1046 2552 1076 2584 in
1086 2552 1156 2584 Col·

102 2600 241 2633 ,cliidem
255 2602 372 2635 missus
387 2603 468 2642 erat,
486 2602 527 2634 ad
541 2599 636 2635 tidem
653 2604 864 2644 praestandam
878 2604 917 2636 ad
929 2613 963 2636 se
973 2605 1108 2643 veniret,
1124 2613 1157 2636 se

115 2703 156 2736 de
172 2703 266 2736 rebus
278 2704 384 2737 dubiis
400 2707 630 2739 convenerunt.

602 2780 662 2819 27.

158 2859 352 2899 Maioriano,
366 2861 583 2892 Romanorum
600 2861 854 2894 occidentalium
871 2863 1073 2904 imperatori,
1092 2864 1157 2895 Go-

117 2910 164 2942 thi
176 2935 185 2950 ,
202 2910 258 2951 qui
273 2910 305 2942 in
321 2911 425 2943 Gallia
447 2910 550 2950 erant,
567 2912 643 2944 socii
656 2913 926 2954 consoederatique
937 2914 1011 2946 sacti
1023 2916 1109 2953 sunt,
1127 2915 1159 2946 et

117 2965 225 3003 gentes
245 2962 375 2996 ditionis
395 2965 610 2996 Romanorum
627 2966 752 2997 accolas
764 2966 881 3007 partim
905 2967 1021 3006 armis,
1042 2967 1158 3008 partim

118 3015 222 3047 verbis
236 3014 278 3046 ad
290 3015 483 3048 deditionem
503 3018 666 3058 compulit.
688 3019 747 3050 Hic
762 3020 858 3050 etiam
878 3019 911 3051 in
924 3020 1080 3060 Libyam,
1093 3021 1159 3052 tre-

120 3067 220 3100 centis
241 3068 304 3100 sere
320 3068 456 3101 navibus
471 3070 607 3110 coactis,
628 3080 704 3102 cum
717 3080 831 3111 magno
847 3073 992 3104 exercitu
1014 3070 1160 3113 trajicere

119 3118 266 3150 tentavit.
276 3119 340 3151 Sed
354 3120 571 3152 vandalorum
579 3122 647 3153 dux
656 3122 869 3164 priuslegatos
876 3124 975 3165 misit,
987 3125 1042 3164 qui
1055 3125 1158 3164 illum,
1169 3142 1174 3144 -

119 3168 144 3201 εἰ
157 3177 231 3210 quae
246 3172 351 3202 essent
363 3170 446 3203 inter
461 3180 515 3204 eos
528 3174 750 3213 controversa,
766 3175 868 3207 amice
883 3176 1054 3216 transigere
1068 3185 1159 3216 para-

119 3223 191 3252 tum
205 3226 272 3253 esse
294 3221 445 3254 dicerent.
469 3224 563 3261 Quod
579 3225 635 3256 ubi
653 3225 796 3258 obtinere
812 3235 876 3258 non
893 3227 1009 3267 potuit,
1027 3230 1159 3259 Mauru-

121 3271 239 3304 siorum
253 3274 371 3305 terram
381 3297 392 3314 ,
407 3274 439 3305 in
453 3284 550 3315 quam
566 3285 607 3308 ex
620 3276 722 3309 lberia
736 3278 902 3317 Maioriani
917 3279 1046 3311 navales
1061 3281 1161 3319 copiae

121 3325 302 3365 appulsurae
314 3328 417 3368 erant,
432 3336 562 3362 omnem
581 3324 643 3370 igni
662 3330 813 3372 ferroque
837 3331 985 3371 vastavit,
1009 3333 1041 3364 et
1062 3342 1161 3373 aquas

122 3385 250 3418 quoque
265 3378 372 3411 infecit
380 3402 388 3409 .

2178 190 2249 222 103

1447 306 1509 342 28.
1542 304 1657 356 (461.
1689 307 1809 342 Leon.
1830 317 1890 342 an.
1922 305 1982 354 5.,

1259 407 1349 441 Exc.
1374 404 1429 440 De
1449 405 1524 453 leg.
1541 405 1655 439 Rom.
1675 415 1714 451 p.
1740 408 1787 448 74
1815 415 1822 437 z
1844 399 1931 439 εὈτι
1959 404 2018 438 τοῦ
2048 401 2253 454 Βαλάμερος

1205 465 1265 500 τοῦ
1284 462 1422 500 Σκύθου
1437 459 1798 513 παρασπονδήσαντος
1813 458 1873 497 καὶ
1889 458 2020 502 πολλὰς
2033 459 2148 503 πόλεις
2162 461 2254 510 δῃω-

1205 519 1357 570 σαμένου
1377 519 1437 558 καὶ
1465 519 1584 572 χώρας
1602 516 1833 568 ςΡωμαϊκόις,
1855 516 2012 567 ἔπεμπον
2038 519 2121 570 παρ’
2151 518 2254 556 αὐτὸν

1206 581 1237 617 οἱ
1254 579 1427 626 Ῥωμαῖοι
1445 576 1630 628 πρέσὸεις,
1658 576 1692 614 οἳ
1710 577 1805 628 αὐτῷ
1821 579 1881 613 τοῦ
1902 580 2134 627 νεωτερισμοῦ
2154 592 2254 614 κατε-

1209 636 1406 690 μέμφοντο,
1422 636 1500 684 καὶ,
1515 634 1606 680 ὥστε
1621 634 1670 686 μὴ
1687 629 1782 678 αὖθις
1795 633 1858 680 τὴν
1870 633 1990 686 χώραν
2004 635 2254 685 καταδραμεῖν,

1208 694 1406 748 τριακοσίας
1430 694 1549 745 λίτρας
1570 692 1684 746 φέρειν
1710 694 1806 745 αὐτῷ
1836 691 1984 730 ἑκάστου
2002 690 2096 734 ἔτους
2117 691 2254 736 ἔταξαν·

1207 754 1334 791 σπάνει
1365 752 1434 805 γὰρ
1458 754 1527 790 τῶν
1552 750 1751 802 ἀναγκαίων
1775 751 1901 803 ἔφραζε
1930 748 2016 802 πρὸς
2043 749 2196 799 πόλεμον
2216 751 2255 788 τὸ

1206 813 1330 849 οἰκεῖον
1353 811 1582 856 διαναστῆναι
1607 811 1747 856 πλῆθος.
1781 812 1827 848 V.
1862 811 2078 846 Tillemont.
2113 811 2162 846 VI
2175 838 2186 858 ‚
2214 823 2253 858 p.

1209 872 1230 908 3
1239 871 1284 918 73
1296 900 1307 919 ,
1327 872 1394 919 qui
1411 884 1492 907 rem
1504 878 1695 907 narratam
1709 870 1758 906 ad
1772 881 1911 906 annum
1932 869 1979 912 46
1989 882 2003 905 1
2019 869 2256 905 referendam

1208 943 1284 967 esse
1303 938 1426 967 censet
1443 930 1711 979 probabiliter.

1368 1041 1433 1077 29.
1467 1028 1580 1079 (461.
1601 1027 1691 1071 462.
1711 1029 1831 1065 Leon.
1852 1039 1911 1063 an.
1939 1026 1976 1067 5.
1995 1027 2063 1075 6.)

1208 1168 1210 1170 ,
1263 1129 1412 1165 Ibidem
1430 1142 1470 1178 p.
1494 1133 1542 1175 74
1564 1125 1675 1166 :⁵Ou
1695 1130 1712 1165 6
1734 1124 1916 1178 Γεζέριχος
1940 1125 2055 1164 οὖκέτι
2080 1125 2155 1168 ταῖς
2174 1125 2259 1177 πρὸς

1211 1186 1426 1239 Μαϊοριανὸν
1444 1185 1612 1229 τεθείσαις
1630 1186 1794 1228 σπονδαῖς
1810 1184 1969 1236 ἐμμένων
1991 1185 2180 1231 Βανδήλων
2199 1184 2259 1222 καὶ

1212 1244 1446 1298 Μαυρουσίων
1463 1246 1593 1291 πλῆθος
1612 1243 1669 1282 ἐπὶ
1686 1242 1814 1296 δῃώσει
1833 1246 1894 1290 τῆς
1911 1243 2060 1287 Ἰταλίας
2080 1243 2138 1281 καὶ
2159 1245 2260 1282 Σικε-

1212 1304 1287 1347 Αίας
1317 1302 1477 1354 ἔπεμπε,
1507 1302 1752 1355 Μαρκελλίνου
1780 1302 1848 1349 ἤδη
1877 1302 2042 1355 πρότερον
2064 1305 2125 1348 τῆς
2151 1301 2258 1348 νήσου

1212 1363 1506 1416 ἀναχωρήσαντος
1527 1362 1583 1400 διὰ
1617 1362 1656 1400 τὸ
1687 1361 1878 1413 Ῥεκίμερα
1911 1360 2124 1413 παρελέσθαι
2155 1359 2259 1398 αὐτὸν

1211 1425 1272 1469 τῆς
1304 1421 1483 1472 δυνάμεως
1515 1420 1751 1470 ἐθελήσαντα,
1772 1418 1850 1462 τοὺς
1877 1418 2139 1470 παρεπομένους
2165 1419 2261 1470 αὐτῷ

1213 1479 1352 1524 Σκύθας
1371 1475 1486 1531 (ἦσαν
1509 1479 1544 1516 δὲ
1564 1481 1599 1517 ἐν
1625 1478 1799 1521 πλείστοις
1834 1476 2000 1529 ἀνδράσι)
2033 1476 2261 1529 παραπείθειν

1212 1541 1410 1591 χρήμασιν,
1429 1537 1519 1576 ὥστε
1540 1537 1668 1575 ἐκεῖνον
1687 1535 1750 1587 μὲν
1771 1536 1969 1586 ἀπολιπεῖν,
1996 1534 2180 1588 ἀφικέσθαι
2196 1565 2203 1574 .
2222 1567 2230 1574 .
2251 1567 2259 1575 .

1216 1597 1418 1651 [ἀφικέσθαι
1436 1596 1471 1635 δὲ
1491 1596 1576 1649 πρὸς
1597 1595 1715 1634 αὐτόν.
1734 1596 1842 1634 Τοῦτ’
1860 1593 2002 1641 ἐποίησε
2018 1592 2075 1630 τὸν
2094 1595 2261 1645 Μαρκελ-

1212 1657 1305 1695 λῖνον
1321 1655 1442 1695 εὗλαὸ.
1460 1658 1582 1706 suppl.
1595 1655 1663 1706 N.]
1680 1653 1920 1701 εὐλαὸηθέντα
1931 1652 1993 1699 τὴν
2009 1651 2196 1699 ἐπιὸουλὴν
2212 1655 2261 1703 (οὐ

1213 1715 1279 1767 γὰρ
1302 1716 1638 1768 ἀντιφιλοτιμεῖσθαι
1652 1715 1701 1765 τῷ
1716 1712 1923 1765 <Ρεκίμερος
1940 1711 2084 1750 ἐδύνατο
2099 1710 2261 1765 πλούτῳ)

1214 1777 1275 1821 τῆς
1303 1773 1467 1817 Σικελίας
1496 1775 1747 1819 ὓπονοστῆσαι.
1770 1771 1978 1811 Ἐστέλλετο
1998 1763 2056 1808 οῧν
2084 1769 2143 1808 καὶ
2167 1769 2263 1823 παρὰ

1214 1833 1271 1871 τὸν
1290 1832 1473 1884 Γεζέριχον
1494 1830 1683 1883 πρεσὸεία,
1700 1833 1801 1868 τοῦτο
1821 1828 1883 1880 μὲν
1900 1828 1999 1881 παρὰ
2025 1832 2084 1866 τοῦ
2102 1827 2263 1878 Ῥεκίμε-

1218 1907 1292 1943 ρος,
1311 1893 1356 1934 ὣς
1378 1893 1414 1929 οὐ
1433 1891 1484 1928 δεῖ
1496 1891 1744 1941 κατολιγωρεῖν
1765 1888 1869 1926 αὐτὸν
1890 1890 1958 1926 τῶν
1972 1888 2145 1936 σπονδῶν,
2163 1890 2264 1925 τοῦτο

1216 1951 1251 1988 δὲ
1269 1949 1328 1987 καὶ
1348 1948 1444 2001 παρὰ
1468 1952 1528 1987 τοῦ
1548 1952 1755 2001 κρατοῦντος
1778 1949 1846 1985 τῶν
1873 1950 1907 1985 ἐν
1931 1949 1974 1999 τῇ
1995 1944 2040 1999 ἕῳ
2055 1945 2262 1993 <Ρωμαίων,

1217 2009 1269 2061 ἐφ’
1287 2001 1315 2060 ᾧ
1330 2010 1392 2054 τῆς
1414 2006 1576 2051 Σικελίας
1595 2007 1654 2044 καὶ
1671 2010 1733 2053 τῆς
1751 2006 1903 2048 Ἰταλίας
1919 2004 2110 2056 ἀπέχεσθαι
2127 2004 2186 2042 καὶ
2203 2004 2265 2047 τὰς

1218 2065 1412 2117 βασιλείους
1428 2064 1619 2115 ἐκπέμπειν
1636 2069 1814 2115 γυναῖκας.
1845 2062 2029 2115 Γεζέριχος
2046 2062 2103 2113 δὲ,
2123 2063 2263 2101 πολλῶν

1207 2123 1301 2175 ,πρὸς
1334 2125 1436 2161 αὐτὸν
1475 2122 1698 2175 πρεσὸευτῶν
1731 2121 1824 2161 κατὰ
1856 2122 2039 2174 διαφόρους
2070 2120 2265 2160 σταλέντων

1263 2290 1371 2325 Quum
1383 2288 1567 2320 Balamerus
1583 2288 1701 2328 Scytha
1716 2239 1834 2319 {gs-iera
1850 2262 1985 2319 violaret
1998 2287 2031 2318 et
2047 2289 2263 2319 Romanorum

1219 2340 1362 2380 regiones
1375 2340 1637 2380 depopularetur,
1657 2343 1689 2372 et
1704 2341 1826 2372 multas
1838 2340 1933 2371 urbes
1942 2341 2112 2378 everteret,
2131 2340 2265 2372 Romani

1216 2393 1256 2424 ad
1269 2402 1342 2424 eum
1362 2393 1481 2433 legatos
1497 2395 1666 2433 miserunt,
1681 2393 1738 2434 qui
1756 2393 1796 2425 de
1809 2400 1887 2433 pace
1908 2393 2028 2424 violata
2041 2394 2262 2433 quererentur.

1216 2445 1256 2476 Et
1268 2446 1303 2476 ut
1315 2445 1464 2485 deinceps
1476 2454 1495 2476 a
1507 2445 1653 2477 vexanda
1665 2444 1900 2477 incursionibus
1910 2446 2127 2476 Romanorum
2140 2445 2266 2484 regione

1217 2497 1403 2537 abstineret,
1423 2499 1586 2530 trecentas
1598 2498 1668 2529 auri
1684 2498 1782 2529 libras
1802 2497 1846 2529 illi
1865 2498 2039 2537 quotannis
2051 2497 2131 2529 solvi
2146 2497 2264 2528 consti-

1216 2549 1359 2581 tuerunt.
1381 2549 1514 2581 Dicebat
1524 2549 1609 2581 enim
1623 2558 1690 2581 suae
1706 2548 1809 2590 gentis
1826 2549 2070 2581 multitudinem
2087 2558 2195 2581 rerum
2210 2558 2263 2580 ne-

1217 2601 1425 2634 cessariarum
1442 2602 1549 2643 inopia
1565 2602 1605 2634 ad
1621 2602 1743 2634 bellum
1757 2610 1790 2633 se
1805 2601 2013 2633 convertisse.

1708 2659 1768 2691 29.

1259 2712 1473 2751 Gensericus,
1498 2721 1601 2752 quum
1626 2720 1689 2743 non
1707 2710 1844 2752 amplius
1867 2706 2042 2743 soet'leribus
2059 2720 2134 2743 cum
2161 2711 2263 2750 Maj0-

1220 2764 1309 2795 riano
1329 2765 1429 2804 pactis
1442 2768 1527 2796 stare
1542 2764 1770 2803 constituisset,
1791 2762 2012 2797 vandalorum
2027 2765 2061 2794 et
2083 2764 2265 2795 Maurusio-

1219 2825 1289 2847 rum
1308 2816 1545 2848 multitudinem
1557 2815 1596 2846 ad
1611 2815 1823 2847 vastationem
1836 2814 1935 2846 ltaliae
1949 2816 1982 2846 et
1992 2814 2108 2846 Siciliae
2121 2815 2263 2846 immisit.

1218 2868 1420 2900 Marcellinus
1432 2868 1517 2900 enim
1538 2867 1605 2907 jam
1619 2870 1693 2899 ante
1712 2867 1817 2899 insula
1827 2867 1983 2904 cesserat,
1998 2867 2164 2907 propterea
2180 2867 2264 2907 quod

1219 2919 1421 2959 Recimerus,
1439 2919 1495 2959 qui
1511 2918 1580 2958 ejus
1595 2918 1765 2958 imperium
1783 2919 1815 2950 in
1831 2926 1864 2950 se
1881 2918 2007 2950 trahere
2020 2918 2188 2958 studebat,
2206 2919 2265 2950 mi-

1219 2971 1329 3003 litibus
1342 2970 1411 3010 ejus
1423 2970 1575 3010 pecunias
1588 2970 1720 3010 largitus
1734 2971 1803 3001 erat
1820 2969 1934 3010 (erant
1949 2971 2057 3001 autem
2078 2970 2142 3001 fere
2154 2979 2266 3001 omnes

1219 3023 1377 3064 scythae),
1391 3032 1454 3064 quo
1465 3023 1526 3054 illis
1539 3021 1742 3063 persuaderet
1755 3031 1774 3053 a
1789 3022 1975 3054 Marcellino
1990 3021 2136 3054 delicere.
2152 3024 2265 3061 ltaque

1219 3075 1423 3107 Marcellinus
1438 3074 1544 3107 Sicilia
1560 3076 1752 3113 excesserat,
1767 3074 1888 3105 veritus
1903 3073 2033 3105 insidias
2043 3097 2051 3112 ‚
2065 3074 2139 3113 quia
2152 3074 2265 3114 opibus

1220 3137 1294 3159 cum
1307 3128 1473 3161 Recimero
1488 3127 1620 3159 minime
1636 3127 1760 3158 certare
1776 3127 1913 3166 poterat.
1935 3126 2029 3158 Missa
2043 3129 2091 3157 est
2106 3126 2201 3165 igitur
2223 3126 2263 3157 ad

1221 3179 1426 3212 Gensericum
1441 3180 1556 3219 legatio
1572 3193 1579 3211 :
1600 3183 1669 3211 tum
1682 3179 1877 3211 aRecimero
1890 3201 1899 3217 ,
1916 3187 1956 3210 ne
1977 3178 2095 3209 soedcra
2110 3178 2262 3216 violaret3

1220 3232 1291 3262 tum
1305 3229 1396 3262 aneo
1413 3232 1551 3268 Leonte,
1572 3231 1629 3270 qui
1654 3230 1740 3270 apud
1764 3231 1929 3261 Romanos
1950 3229 1981 3260 in
2000 3229 2131 3261 Oriente
2157 3238 2262 3260 rerum

1221 3281 1413 3322 potiebatur,
1429 3283 1465 3313 ut
1484 3282 1524 3313 ab
1549 3282 1641 3313 ltalia
1658 3283 1691 3313 et
1705 3281 1812 3313 Sicilia
1824 3281 1997 3312 abstineret
2018 3282 2050 3324 et
2070 3280 2170 3318 regias
2190 3288 2261 3310 mu-

1221 3334 1313 3366 lieres
1327 3334 1484 3366 redderet.
1499 3334 1692 3366 Gensericus
1705 3342 1799 3372 vero,
1815 3333 1924 3364 multis
1937 3332 2061 3363 adeum
2079 3341 2114 3362 ex
2132 3332 2263 3363 diversis

1222 3386 1366 3426 partibus
1384 3386 1494 3426 legatis
1511 3386 1614 3418 missis
1628 3410 1636 3426 ,
1654 3394 1717 3417 non
1735 3386 1808 3416 ante
1823 3384 1973 3416 mulieres
1989 3383 2144 3421 liberavit,
2165 3386 2263 3422 quam
