2326 3724
941 197 1274 237 FRAGMENTA.

29 291 155 332 κύκλον
173 289 358 340 ἐξώτατον,
382 287 440 327 τὸν
461 286 497 327 δὲ
524 289 587 335 τῆς
616 285 763 334 σελήνης
791 284 1075 339 προσγειότατον,

29 352 98 389 τῶν
118 348 234 388 ἄλλων
264 345 392 398 μεταξὺ
413 345 544 384 τούτων
564 345 685 386 ὄντων.
712 344 785 385 Καὶ
810 343 926 382 πάντα
946 343 1009 394 μὲν
1033 343 1077 382 τὰ

31 407 144 460 ἄστρα
163 409 356 459 πυροῦσθαι
374 404 432 443 διὰ
450 404 489 443 τὸ
508 404 615 456 τάχος
633 407 696 450 τῆς
712 409 836 456 φορᾶς,
849 401 907 441 τὸν
926 402 962 441 δὲ
980 402 1077 449 ἥλιον

29 465 91 506 καὶ
115 464 182 504 ὑπὸ
206 466 276 503 τῶν
307 462 463 516 ἀστέρων
491 464 745 515 ἐκπυροῦσθαι,
774 461 838 508 τὴν
867 461 903 499 δὲ
930 460 1079 508 σελήνην

31 523 146 576 ὀλίγον
165 527 227 562 τοῦ
246 521 354 575 πυρὸς
375 521 672 573 μεταλαμὸάνειν.
691 520 891 560 Ἐκλείπειν
917 519 952 558 δὲ
981 519 1079 566 ἥλιον

32 583 92 623 καὶ
107 581 256 630 σελήνην
271 582 305 628 ²4,
321 583 371 632 τῷ
387 579 568 619 κεκλίσθαι
583 579 645 627 τὴν
659 582 725 631 γῆν
739 578 824 632 πρὸς
842 578 1079 632 μεσημὸρίαν.

32 643 91 685 Τὰ
113 643 150 682 δὲ
174 642 260 696 πρὸς
286 641 404 694 ἄρκτῳ
435 640 490 679 ἀεί
521 655 558 678 τε
587 639 744 692 νίφεσθαι
775 638 836 677 καὶ
869 638 1082 692 κατάψυχρα

33 697 122 741 εἶναι
142 701 202 740 καὶ
229 699 440 752 πήγνυσθαι.
461 698 535 738 Τὸν
555 698 655 750 [μὲν]
676 697 773 745 ἥλιον
794 696 965 735 ἐκλείπειν
986 712 1083 735 σπακ

35 759 114 804 νίως
123 759 208 809 ,τὴν
223 757 260 797 δὲ
274 757 424 806 σελήνην
437 759 606 810 συνεχῶς,
625 755 682 794 διὰ
696 756 736 795 τὸ
750 755 886 800 ἀνίσους
903 749 991 794 εἶναι
1006 755 1084 800 τοὺς

34 818 182 862 κύκλους
194 819 321 857 αὐτῶν.
337 810 441 856 Εἶναι
457 815 492 854 δὲ
502 846 513 864 ,
527 815 648 868 ὥσπερ
664 815 815 867 γενέσεις
828 814 961 865 κόσμου
971 845 980 863 ,
995 813 1085 852 οὕτω

0 888 4 894 “
35 877 96 917 καὶ
115 875 273 925 αὗξήσεις
289 876 349 915 καὶ
365 875 494 929 φθίσεις
510 874 586 928 [καὶ
604 874 746 928 φθορὰς]
765 873 856 913 κατά
879 890 956 913 τινα
974 873 1084 926 ἀνάγ-

35 952 114 986 κην,
133 935 177 984 ἣν
193 935 296 975 ὁποία
317 935 408 974 ἐστὶν
429 935 501 987 [οὗ]
520 934 695 988 διασαφεῖ.

526 1036 585 1085 Μ.

91 1138 142 1165 49.
172 1122 442 1173 Μενέδημος
471 1125 489 1162 ὁ
517 1122 716 1177 Ἐρετριεὺς
745 1121 988 1175 ἀρχιτέκτονος
1020 1120 1089 1164 υἱὸς

38 1179 94 1233 ἧν,
115 1184 228 1236 [adde
242 1197 263 1221 e
279 1183 390 1233 Diog.
413 1183 444 1220 οἱ
460 1181 496 1220 δὲ
516 1181 576 1220 καὶ
598 1181 839 1234 σκηνογράφον
870 1181 972 1219 αὐτὸν
1001 1174 1089 1218 εἷναί

40 1257 159 1295 φασιν,
174 1241 234 1280 καὶ
257 1244 378 1293 μαθεῖν
402 1240 550 1294 ἑκάτερα
565 1239 623 1278 τὸν
644 1239 885 1292 Μενέδημον]·
903 1238 977 1278 ὅθεν
1002 1238 1089 1292 γρά-

40 1303 170 1355 ψαντος
198 1301 305 1339 αὐτοῦ
334 1299 501 1353 ψήφισμά
522 1315 555 1338 τι
582 1298 767 1352 καθήψατό
795 1314 847 1343 τις
875 1297 1090 1346 Ἀλεξίνειος,

41 1358 164 1410 εἰπὼν,
186 1361 233 1403 ὣς
250 1357 328 1397 οὔτε
357 1356 488 1405 σκηνὴν
514 1356 591 1396 οὔτε
619 1357 831 1410 ψηφίσματα
851 1356 1023 1408 προσήκει
1041 1358 1091 1408 τῷ

41 1420 138 1471 σοφῷ
153 1417 310 1471 γράφειν.
325 1416 502 1469 Πεμφθεὶς
516 1415 552 1454 δὲ
569 1415 714 1468 φρουρὸς
724 1414 791 1453 ὑπὸ
804 1417 872 1453 τῶν
886 1413 1092 1467 Ἐρετριέων

42 1478 90 1520 εἷς
109 1475 282 1528 Μέγαρα,
297 1476 443 1522 ἀνῆλθεν
466 1476 514 1518 εἷς
539 1473 755 1525 Ἀκαδημίαν
780 1473 865 1548 πρὸς
893 1473 1091 1521 Πλάτωνα,

42 1534 103 1574 καὶ
129 1533 288 1587 θηραθεὶς
306 1533 473 1573 κατέλιπε
496 1533 559 1581 τὴν
587 1532 788 1586 στρατείαν.
833 1534 886 1572 Ην
912 1530 948 1570 δὲ
969 1530 1093 1582 σεμνὸς

43 1595 190 1645 ἱκανῶς,
203 1592 277 1631 ὅθεν
292 1592 394 1631 αὐτὸν
415 1591 556 1645 Κράτης
570 1591 743 1645 παρῳδῶν
761 1590 848 1644 φησὶ

126 1686 279 1720 Φλιάσιόν
291 1687 319 1719 τ’
331 1685 570 1726 Ἀσκληπιάδην,
588 1686 640 1718 καὶ
653 1688 765 1726 ταῦρον
779 1685 934 1727 Ἐρέτρην.

47 1768 92 1809 Ὁ
105 1766 141 1808 δὲ
155 1767 278 1819 Τίμων
293 1767 400 1807 οὕτω·

34 1845 39 1847 “
128 1859 231 1899 Λῆρον
244 1856 422 1896 ἀναστήσας
438 1856 642 1899 ὀφρυωμένος“
653 1856 898 1898 ἀφροσιὸόμὸαξ.

48 1939 155 1980 Οὕτω
175 1940 204 1978 δ’
223 1934 266 1987 ἧν
292 1939 431 1989 σεμνὸς,
459 1940 506 1983 ὣς
535 1938 739 1992 Εὐρύλοχον
770 1938 829 1977 τὸν
861 1938 1096 1992 Κασσανδρέα

50 1998 140 2050 μετὰ
161 1998 379 2039 Κλεϊππίδου
406 2000 602 2044 Κυζικηνοῦ
632 1997 812 2051 μειρακίου
841 1998 1012 2046 κληθέντα
1037 2000 1095 2036 ὑπ’

49 2057 261 2109 Ἀντιγόνου,
284 2059 470 2096 ἀντειπεῖν·
491 2057 672 2110 φοὸεῖσθαι
700 2056 786 2109 γὰρ,
814 2055 863 2107 μὴ
894 2057 1099 2107 Μενέδημος

50 2115 220 2155 αἴσθοιτο·
246 2110 288 2163 ἦν
311 2115 377 2168 γὰρ
397 2115 585 2162 ἐπικόπτης
604 2114 665 2153 καὶ
688 2114 967 2167 παρρησιαστής.
996 2115 1098 2154 Ἀντι-

49 2175 150 2228 γόνου
172 2174 515 2224 συμὸουλευομένου,
536 2175 590 2227 (τί
611 2173 737 2224 εἴποι,)
761 2175 790 2212 εἷ
807 2172 864 2212 ἐπὶ
883 2177 1000 2222 κῶμον
1019 2173 1100 2227 ἀφί-

50 2249 163 2282 κοιτο,
179 2233 361 2286 σιωπήσας
373 2233 417 2271 τὰ
434 2233 525 2272 ἄλλα
538 2263 548 2283 ,
560 2232 661 2282 μόνον
677 2232 856 2271 ἐκέλευσεν
870 2234 1097 2284 ἀπαγγεῖλαι,

51 2293 104 2332 ὅτι
122 2291 291 2346 βασιλέως
317 2291 387 2336 υἱός
412 2293 502 2332 ἐστι.
532 2291 627 2344 Πρὸς
655 2291 714 2330 τὸν
743 2291 951 2345 ἀναίσθητον
971 2291 1098 2345 ἀναφέ-

53 2352 156 2405 ροντά
175 2367 207 2390 τι
225 2353 319 2404 αὐτῷ
344 2350 482 2394 εἰκαίως
495 2381 506 2402 ,
523 2350 721 2403 ἠρώτησεν,
740 2352 769 2388 εἷ
789 2349 894 2403 ἀγρὸν
915 2349 1006 2402 ἔχοι·
1027 2349 1099 2404 φή-

53 2426 175 2455 σαντος
191 2410 227 2449 δὲ
242 2410 302 2449 καὶ
319 2410 551 2461 πάμπλειστα
566 2409 733 2461 κτήματα
743 2439 752 2457 ,
772 2428 788 2443 «
799 2408 957 2461 Πορεύου
970 2409 1098 2461 τοίνυν,

53 2469 139 2523 ἔφη,
172 2470 341 2509 κάκείνων
375 2470 561 2519 ἐπιμελοῦ,
593 2468 642 2521 μὴ
674 2469 794 2520 συμὸῇ
824 2484 877 2507 σοι
899 2469 959 2507 καὶ
987 2472 1098 2507 ταῦτα

54 2530 270 2583 διαφθεῖραι,
298 2527 359 2567 καὶ
390 2528 525 2581 κομψὸν
556 2527 696 2574 ἰδιώτην
731 2527 939 2565 ἀποὸαλεῒν.
964 2545 979 2562 ιι
1006 2527 1100 2581 Πρὸς

53 2587 110 2626 τὸν
132 2587 273 2627 εἰπόντα
292 2586 408 2625 πολλὰ
429 2587 474 2625 τὰ
502 2586 638 2638 ἀγαθὰ,
661 2586 804 2624 ἐπύθετο
820 2586 913 2624 πόσα
933 2586 991 2624 τὸν
1018 2588 1100 2639 ἀρι-

55 2645 153 2696 θμὸν,
171 2646 231 2684 καὶ
251 2647 280 2684 εἷ
299 2644 431 2695 νομίζοι
446 2645 556 2683 πλείω
572 2647 640 2682 τῶν
662 2644 798 2685 ἑκατόν.
819 2639 889 2684 ῗΗν
907 2643 942 2683 δὲ
963 2645 1023 2683 καὶ
1041 2647 1100 2683 ε’κ-

17 2740 20 2744 Α
53 2703 174 2752 κλιτὴς
201 2704 261 2742 καὶ
285 2704 330 2741 τὰ
357 2707 418 2751 τῆς
442 2706 573 2756 σχολῆς
598 2703 798 2757 ἀδιάφορος·
818 2703 896 2742 οὔτε
914 2703 982 2756 γὰρ
1002 2704 1100 2749 τάξιν

54 2762 132 2802 τινὰ
157 2758 199 2811 ἦν
224 2765 310 2815 παρ’
337 2763 430 2816 αὐτῷ
461 2761 613 2815 βλέπειν,
643 2762 721 2801 οὔτε
751 2762 863 2815 βάθρα
892 2762 1011 2816 κύκλῳ
1031 2763 1100 2801 διέ·

55 2836 167 2870 κειτο,
197 2823 274 2860 ἀλλ’
294 2815 333 2859 οῦ
353 2820 395 2859 ἂν
417 2820 559 2864 ἕκαστος
589 2820 693 2874 ἔτυχε
714 2822 916 2873 περιπατῶν
937 2819 959 2867 ἢ
987 2819 1099 2869 καθή-

59 2895 158 2931 μενος
175 2880 300 2928 ἤκουε,
317 2879 377 2918 καὶ
395 2881 500 2918 αὐτοῦ
514 2883 633 2918 τοῦτον
653 2880 710 2918 τὸν
723 2878 850 2932 τρόπον
867 2878 1098 2929 διακειμένου.

59 2937 238 2991 Κράτητος
257 2937 294 2977 δέ
313 2953 396 2977 ποτε
418 2938 688 2990 περιισταμένου
708 2937 823 2985 αὐτὸν,
843 2936 903 2975 καὶ
923 2940 1102 2976 καθαπτο-

59 2996 163 3047 μένου
191 2999 239 3041 εἷς
267 2996 306 3035 τὸ
333 2995 386 3035 ὅτι
416 2996 654 3044 πολιτεύεται,
684 2995 843 3034 ἐκέλευσέ
869 3010 958 3033 τισιν
987 2997 1034 3039 εἷς
1063 2996 1102 3035 τὸ

59 3055 294 3109 δεσμωτήριον
313 3055 478 3106 ἐμὸαλεῒν
497 3054 610 3093 αὐτόν·
628 3054 686 3093 τὸν
708 3053 743 3092 δὲ
774 3054 881 3104 μηδὲν
910 3048 1012 3099 ἧττον
1040 3070 1102 3101 τη·

60 3114 128 3167 ρεῖν
143 3114 314 3168 παριόντα
330 3114 389 3152 καὶ
406 3113 671 3166 ὑπερκύπτοντα
689 3111 976 3165 Ἀγαμεμνόνειόν
993 3128 1029 3150 τε
1042 3112 1102 3150 καὶ

59 3170 290 3224 Ἡγησίπολιν
311 3174 516 3213 ἀποκαλεῖν.
538 3166 610 3211 ’Ἢν
628 3172 664 3209 δέ
680 3188 754 3216 πως
774 3171 889 3223 ἠρέμα
915 3170 974 3209 καὶ
996 3171 1103 3208 δεισι-

59 3230 335 3284 δαιμονέστερος.
373 3230 444 3270 Σὺν
480 3229 720 3281 Ἀσκληπιάδῃ
768 3233 850 3281 γοῦν
891 3229 975 3267 ποτὲ
1011 3227 1102 3266 κατὰ

61 3288 200 3341 ἄγνοιαν
233 3292 268 3328 ἐν
292 3289 487 3342 πανδοκείῳ
515 3288 670 3341 κρεάτων
700 3287 937 3342 ῥιπτουμένων
964 3285 1099 3340 φαγὼν,

62 3347 137 3386 ἐπεὶ
156 3347 277 3398 μάθοι,
296 3347 437 3386 ἐναυτία
457 3363 494 3386 τε
522 3347 582 3386 καὶ
601 3347 733 3400 ὠχρία,
759 3345 822 3390 ἕως
846 3345 1103 3394 Ἀσκληπιάδης

61 3407 269 3462 ἐπετίμησεν
289 3407 384 3459 αὗτῷ
400 3409 445 3451 ὡς
464 3406 574 3458 οὐδὲν,
589 3405 710 3458 εἰπὼν,
726 3404 929 3458 ἠνώχλησεν
948 3405 1042 3456 αὐτῷ
1059 3404 1102 3441 τὰ

2110 207 2184 240 169

1136 291 1294 324 circulum
1319 291 1498 332 extimum,
1514 293 1600 325 lunae
1624 301 1701 326 vero
1729 293 1830 339 terrae·
1850 294 2051 335 proximum,
2075 294 2190 327 ceteris

1136 350 1169 382 in
1187 350 1292 383 medio
1308 351 1425 383 horum
1444 351 1565 392 positis.
1581 354 1626 383 Ac
1638 351 1742 383 sidera
1756 351 1886 392 quidem
1903 353 2011 384 omnia
2025 354 2066 384 oh
2080 353 2190 385 celeri·

1137 410 1237 442 tatem
1251 410 1357 442 motus
1369 409 1529 450 ignescere
1539 434 1549 450 ,
1562 410 1663 442 solem
1676 419 1754 442 vero
1769 409 1961 441 inflammari
1977 419 1995 441 a
2009 411 2167 443 sideribus
2179 423 2189 452 ς

1138 469 1250 501 lunam
1266 470 1373 501 autem
1387 469 1538 510 exiguam
1554 469 1635 510 ignis
1653 470 1778 510 partem
1794 477 1919 509 capere.
1938 470 2045 502 Solem
2061 471 2190 502 lunam-

1139 536 1203 568 que
1214 527 1378 560 deticere*
1392 527 1480 568 quod
1496 529 1583 559 terra
1598 527 1637 559 ad
1655 526 1822 559 meridiem
1837 529 1967 567 vergat3
1988 536 2061 567 quae
2081 528 2120 559 ad
2139 536 2191 560 sc-

1141 587 1355 628 ptentrionem
1373 588 1449 619 sunt
1475 586 1604 619 nivibus
1625 595 1750 627 semper
1771 586 1877 626 urgeri
1901 587 1934 618 et
1951 586 2073 626 pruinis
2089 586 2194 626 algere

1140 646 1173 678 in
1183 646 1382 687 glaciemque
1395 654 1611 678 concrescere.
1630 648 1675 677 Ac
1691 645 1792 677 solem
1803 644 1934 686 quidem
1949 653 2022 676 raro
2039 644 2175 677 deficere
2185 669 2194 685 ‚

1142 706 1252 737 lunam
1271 714 1348 737 vero
1367 705 1563 746 frequenter,
1591 704 1678 745 quod
1698 704 1763 736 sint
1785 704 1924 744 impares
1952 712 2066 735 eorum
2088 703 2193 735 orbes.

1145 767 1242 797 Porro
1264 765 1301 796 ut
1320 764 1541 805 generationes
1565 762 1698 804 mundi,
1724 763 1769 794 ita
1794 763 1828 795 et
1854 762 2052 794 incrementa
2075 771 2143 794 esse
2165 765 2196 794 et

1143 822 1371 855 diminutiones
1398 824 1430 855 et
1450 822 1672 863 corruptiones
1696 821 1875 854 secundum
1896 821 2061 862 quandam
2086 829 2197 853 neces-

1143 880 1288 922 sitatem,
1318 889 1392 922 quae
1426 880 1608 921 cujusmodi
1635 881 1676 913 sit
1707 889 1772 913 non
1805 880 1949 912 declarat
1978 881 2098 921 (moy.
2132 881 2176 912 lX
2187 903 2197 920 ,

1146 940 1273 981 30-33).

1648 1034 1705 1073 M.

1190 1130 1242 1160 42.
1268 1127 1489 1160 Menedemus
1512 1127 1702 1159 Eretriensis
1731 1125 1899 1158 architecti
1925 1124 2009 1157 iilius
2035 1123 2107 1157 luit.
2136 1123 2201 1157 Alii

1147 1186 1297 1219 tabernas
1321 1187 1462 1228 pinxisse
1487 1187 1652 1227 referunt,
1678 1186 1711 1218 et
1738 1186 1914 1225 utrumque
1934 1183 2081 1216 didicisse
2097 1185 2203 1216 Mene·

1148 1244 1289 1277 demum.
1319 1246 1479 1283 Quocirca
1514 1254 1617 1286 quum
1653 1244 1820 1277 decretum
1858 1242 2024 1284 quoddam
2057 1243 2202 1282 tulisset,

1149 1304 1359 1345 reprehensus
1375 1305 1423 1336 est
1446 1312 1465 1335 a
1484 1304 1626 1344 quodam
1642 1303 1682 1335 de
1694 1303 1804 1335 schola
1822 1302 1969 1342 Alexini,
1997 1301 2052 1342 qui
2069 1301 2206 1342 negabat

1149 1364 1298 1403 oportere
1321 1363 1498 1403 sapientem
1515 1363 1683 1395 tabernam
1704 1361 1856 1403 pingere(
1873 1361 2017 1402 γράφειν)
2032 1362 2087 1392 aut
2103 1359 2206 1401 plebi-

1149 1422 1278 1453 scitum.
1288 1422 1402 1454 Missus
1414 1422 1456 1454 ab
1468 1420 1704 1454 Eretriensibus
1714 1421 1748 1452 in
1758 1419 1941 1461 praesidium
1952 1421 2092 1460 Megara,
2108 1419 2208 1451 itabat

1151 1480 1192 1512 ad
1203 1480 1369 1513 Platonem
1385 1481 1418 1513 in
1430 1480 1637 1513 Academiam
1649 1504 1659 1520 ,
1674 1488 1692 1511 a
1709 1488 1775 1520 quo
1789 1481 1903 1520 captus
1915 1487 1935 1510 a
1949 1477 2063 1511 militia
2085 1478 2209 1511 destitit

1152 1538 1163 1580 (
1181 1542 1220 1572 D.
1232 1541 1273 1579 11,
1291 1540 1386 1580 125).
1404 1539 1612 1572 Menedemus
1631 1538 1746 1580 insigni
1762 1538 1920 1579 gravitate
1936 1538 2014 1578 suit3
2028 1538 2114 1571 unde
2132 1547 2207 1570 eum

1153 1599 1265 1631 Crates
1278 1598 1412 1640 parodia
1428 1598 1534 1631 ridens
1545 1598 1590 1630 ait
1607 1610 1615 1630 ε

1225 1686 1445 1729 Phliasiumque
1455 1686 1662 1725 Asclepiadem
1675 1687 1858 1723 taurumque
1869 1686 2072 1715 Eretrensem.

1153 1778 1268 1811 Timon
1281 1778 1390 1810 autem
1406 1777 1453 1810 sic
1469 1790 1476 1810 ε

1226 1865 1347 1893 Fastoso
1356 1863 1444 1892 vultu
1454 1870 1548 1900 nugas
1558 1870 1681 1892 exorsus
1693 1862 1810 1892 inanes.

1156 1952 1234 1984 Erat
1248 1952 1357 1984 autem
1374 1960 1412 1984 ea
1426 1951 1613 1990 severitate,
1637 1951 1674 1983 ut
1699 1949 1903 1991 Eurylochus
1927 1948 2146 1983 Cassandreus
2171 1949 2212 1981 ab

1157 2011 1314 2052 Antigono
1330 2010 1371 2042 ad
1394 2019 1519 2042 coenam
1542 2012 1675 2042 vocatus
1691 2018 1766 2041 cum
1779 2008 1946 2049 Cleippide
1962 2008 2123 2048 cyziceno
2135 2009 2210 2039 ado-

1156 2070 1295 2101 lescente
1309 2069 1503 2102 recusaverit
1521 2082 1528 2101 :
1544 2071 1689 2100 metuere
1709 2069 1794 2100 enim
1810 2077 1851 2100 ne
1880 2067 1912 2099 id
1933 2067 2142 2099 Menedemus
2159 2076 2211 2099 re-

1157 2129 1263 2161 sciret.
1279 2130 1356 2160 Erat
1372 2129 1458 2160 enim
1480 2136 1553 2159 acer
1575 2127 1608 2158 in
1630 2127 1892 2167 reprehendendo
1909 2135 1947 2158 ac
1962 2126 2054 2158 liberi
2066 2127 2131 2158 oris
2149 2126 2211 2166 (ll,

1162 2188 1255 2227 126).
1282 2187 1487 2220 Consultanti
1501 2186 1658 2227 Antigono
1673 2195 1715 2217 an
1731 2187 1945 2217 comessatum
1974 2186 2055 2224 iret,
2081 2185 2142 2224 hoc
2166 2185 2212 2217 illi

1158 2247 1264 2278 solum
1293 2246 1469 2278 renuntiari
1484 2245 1594 2286 jussit¹
1619 2254 1693 2277 eum
1711 2253 1780 2277 esse
1802 2245 1884 2285 regis
1901 2245 2015 2277 lilium.
2040 2244 2212 2284 stupidum

1158 2305 1320 2346 quendam
1331 2305 1438 2336 nescio
1454 2304 1533 2345 quid
1549 2304 1628 2336 nihil
1643 2304 1683 2335 ad
1701 2313 1768 2336 rem
1779 2303 1940 2335 dicentem
1951 2303 2159 2343 interrogavit
2171 2312 2213 2335 an

1158 2365 1268 2396 villam
1282 2364 1415 2396 haberet
1425 2375 1433 2404 ;
1445 2367 1477 2396 et
1488 2372 1590 2404 quum
1606 2363 1659 2395 ille
1672 2363 1776 2395 multa
1789 2372 1823 2394 se
1837 2362 1955 2394 habere
1970 2362 2091 2403 praedia
2110 2362 2212 2394 dixis-

1158 2425 1223 2464 set,
1235 2437 1251 2452 «
1266 2424 1324 2456 Abi
1335 2423 1442 2465 igitur,
1456 2423 1575 2463 inquit,
1592 2423 1690 2463 atque
1707 2430 1743 2454 ea
1757 2430 1847 2461 cura,
1862 2430 1902 2453 ne
1915 2420 2041 2453 accidat
2054 2422 2089 2453 ut
2102 2422 2135 2453 et
2147 2422 2213 2462 agri

1159 2484 1408 2523 corrumpantur
1424 2483 1456 2514 et
1472 2482 1569 2513 homo
1586 2481 1686 2513 scitus
1707 2481 1838 2512 futurus
1855 2480 1952 2512 modo
1969 2489 1987 2511 a
2003 2480 2213 2521 philosophia}

1159 2542 1265 2574 studio
1287 2542 1445 2574 abstineat
1468 2542 1535 2582 (ll,
1563 2543 1617 2573 128
1631 2541 1654 2580 ).
1676 2552 1692 2568 υ
1721 2539 1854 2571 Dicente
1869 2538 2011 2580 quodam
2025 2539 2126 2570 multa
2147 2548 2214 2571 esse

1159 2602 1254 2641 bona,
1273 2602 1361 2642 rogat
1375 2602 1455 2641 quot
1467 2608 1603 2631 numero
1613 2622 1621 2638 ,
1638 2600 1670 2630 et
1683 2607 1723 2630 an
1739 2600 1832 2639 putet
1845 2598 1936 2638 plura
1948 2606 2014 2630 esse
2031 2606 2129 2638 quam
2141 2606 2214 2629 cen·

1160 2662 1230 2693 tum
1252 2660 1313 2701 (ll,
1344 2660 1440 2701 129).
1470 2661 1546 2691 Erat
1574 2658 1747 2690 denectens
1767 2666 1787 2689 a
1808 2666 1899 2689 more
1921 2665 2099 2697 parumque
2126 2658 2214 2688 sata-

1159 2729 1236 2760 gens
1248 2728 1356 2751 rerum
1370 2727 1445 2760 quae
1456 2718 1497 2749 ad
1510 2717 1652 2750 scholam
1667 2717 1883 2757 pertinerent:
1897 2724 2003 2756 neque
2010 2715 2113 2746 ullum
2128 2715 2213 2756 apud

1160 2779 1265 2819 illum,
1279 2780 1316 2810 ut
1332 2777 1398 2809 fieri
1408 2778 1500 2816 solet,
1514 2776 1661 2808 ordinem
1677 2775 1824 2815 vidisses;
1839 2762 1944 2814 neque
1956 2774 2107 2806 subsellia
2122 2774 2214 2805 erant

1162 2847 1216 2879 per
1231 2846 1345 2878 gyrum
1365 2835 1536 2877 disposita,
1554 2835 1608 2867 sed
1626 2844 1692 2874 quo
1713 2834 1852 2874 quisque
1870 2833 1942 2864 loco
1959 2832 2041 2864 forte
2054 2831 2211 2864 deambu-

1161 2898 1247 2929 labat
1275 2897 1332 2928 aut
1355 2895 1473 2935 stabat,
1501 2894 1545 2926 ibi
1573 2893 1735 2933 audiebat,
1761 2893 1859 2932 atque
1877 2891 1962 2923 idem
1984 2892 2050 2931 ipse
2077 2890 2213 2922 faciebat

1163 2957 1228 2997 (ll,
1258 2955 1354 2996 130).
1386 2956 1496 2992 Quum
1514 2953 1543 2984 ei
1570 2951 1743 2992 aliquando
1760 2952 1870 2983 Crates
1888 2949 2070 2982 convicium
2094 2949 2212 2981 faceret

1161 3017 1194 3047 et
1220 3014 1305 3056 quod
1333 3013 1374 3045 ad
1401 3011 1632 3053 rempublicam
1658 3009 1843 3042 accessisset
1865 3009 2066 3049 increparet,
2084 3017 2160 3040 eum
2177 3008 2210 3039 in

1161 3082 1320 3106 carcerem
1333 3072 1448 3112 conjici
1460 3071 1553 3112 jussit
1564 3072 1614 3103 :at
1625 3070 1678 3102 ille
1688 3069 1787 3101 nihilo
1801 3069 1909 3100 minus
1922 3067 2114 3099 observabat
2127 3076 2209 3107 prae-

1160 3134 1340 3166 tereuntem
1350 3156 1358 3171 ‚
1375 3132 1408 3163 et
1422 3131 1558 3162 fenestra
1574 3129 1779 3170 prospectans
1793 3126 2038 3168 Agamemnonis
2053 3125 2209 3157 aemulum

1162 3193 1194 3224 et
1204 3191 1312 3232 Hegesi
1317 3190 1415 3231 polim
1427 3190 1438 3230 (
1452 3190 1580 3222 civium
1591 3188 1772 3220 dominum
1783 3187 1793 3227 )
1805 3185 2021 3227 appellitabat.
2035 3186 2112 3216 Erat
2125 3183 2208 3215 idem

1162 3246 1258 3287 paulo
1282 3245 1456 3285 religiosior
1478 3252 1516 3276 ac
1532 3243 1660 3284 pronior
1681 3243 1714 3274 in
1726 3240 1999 3283 superstitionem.
2018 3238 2210 3271 comederat

1162 3300 1333 3341 aliqnando
1346 3308 1422 3331 cum
1438 3298 1622 3339 Asclepiade
1641 3298 1674 3329 in
1692 3304 1837 3337 caupona
1851 3302 1962 3326 carnes
1977 3292 2134 3333 projectas
2146 3291 2207 3322 im-

1162 3354 1301 3395 prudens
1316 3366 1324 3385 :
1343 3352 1375 3384 id
1387 3361 1489 3393 quum
1505 3350 1800 3394 animadvertiSset,
1811 3356 1930 3380 nausea
1946 3345 2128 3387 palloreque
2143 3344 2209 3374 tur-

1163 3407 1310 3447 babatur,
1325 3406 1426 3438 donec
1441 3405 1533 3437 illum
1551 3403 1750 3444 Asclepiades
1774 3401 1945 3441 objurgans
1958 3407 2023 3430 non
2035 3405 2146 3429 carnes
2158 3395 2221 3436 di·‚
