2372 3704
175 213 247 247 446

171 294 311 345 νόμενος
336 293 429 332 κατὰ
449 293 507 332 τὸν
530 293 696 348 Εἴρωμον
711 327 720 344 ,
749 298 863 334 ταῦτα
891 296 986 349 φησί·
1008 315 1023 331 α
1042 298 1222 346 Τελευτή-

172 369 296 396 σαντος
319 352 354 391 δὲ
382 352 590 400 Ἀὸιὸάλου,
622 353 796 399 διεδέξατο
815 355 878 402 τὴν
913 356 1094 407 βασιλείαν
1114 359 1132 395 ὁ
1152 357 1222 402 υἱὸς

171 414 276 450 αὐτοῦ
304 411 485 466 Εἵρωμος,
503 412 539 456 ὃς
561 413 691 465 βιώσας
717 414 777 462 ἔτη
797 414 1012 461 πεντήκοντα
1033 416 1113 468 τρία
1136 417 1222 455 ἐδα-

168 471 325 509 σίλευσεν
357 470 417 519 ἔτη
447 473 634 524 τριάκοντα
663 472 832 525 τέσσαρα.
865 468 978 518 Οῧτος
1007 474 1122 526 ἔχωσε
1161 475 1221 514 τὸν

168 529 367 583 εὐρύχωρον
395 530 453 569 τόν
474 546 510 569 τε
538 534 690 584 χρυσρῦν
719 532 817 570 κίονα
835 532 894 571 τὸν
914 534 950 571 ἐν
972 539 1042 576 τοῖς
1061 538 1120 572 τοῦ
1140 534 1222 577 Διὸς

168 587 360 640 ἀνέθηκεν,
379 588 430 628 ἔτι
456 605 494 628 τε
511 590 599 636 ῧλην
620 589 730 635 ξύλων
751 590 911 629 ἀπελθὼν
932 590 1054 645 ἔκοψεν
1074 591 1144 630 ἀπὸ
1161 595 1220 630 τοῦ

167 647 356 698 λεγομένου
381 647 480 702 ὅρους
509 648 682 697 Λιὸάνου,
715 650 856 703 κέδρινα
887 649 971 694 ξύλα
993 652 1039 694 εἰς
1063 649 1126 694 τὰς
1153 653 1221 689 τῶν

169 708 270 758 ἱερῶν
289 706 433 759 στέγας,
451 708 607 746 καθελών
622 724 658 746 τε
674 708 717 746 τὰ
738 710 872 761 ἀρχαῖα
888 708 965 762 ἱερὰ
981 709 1118 753 καινοὺς
1134 710 1220 763 ᾠκο-

167 765 324 815 δόμησε,
357 765 394 804 τό
423 782 461 804 τε
481 770 541 805 τοῦ
559 765 774 818 Ἡρακλέους
797 767 856 805 καὶ
873 783 935 814 της
955 767 1145 819 Ἀστάρτης
1164 767 1220 805 τέ-

168 838 268 872 μενος
290 824 510 876 ἀνιέρευσεν,
530 825 590 863 καὶ
609 825 648 863 τὸ
674 824 736 876 μὲν
757 829 817 864 τοῦ
844 825 1060 897 Ἡρακλέους
1083 827 1220 877 πρῶτον

165 881 358 928 εποιήσατο
370 885 406 921 ἐν
423 899 472 920 τι)
491 884 644 936 Περιτίῳ
660 883 768 934 μηνὶ,
783 887 858 922 εἶτα
877 883 917 923 τὸ
931 887 992 931 τῆς
1012 884 1220 937 Ἀστάρτης,

165 942 270 979 ὁπότε
285 942 449 985 Τιτυοῒς’
434 942 688 994 επεστράτευσε
704 941 753 992 μὴ
767 943 969 981 ἀποδιδοῦσι
986 942 1065 986 τους
1082 943 1219 995 φόρους,

165 998 222 1042 οὓς
241 998 300 1037 καὶ
321 999 494 1044 υποτάξας
506 999 734 1052 ἑαυτῷπάλιν
749 1000 974 1053 ἀνέστρεψεν.
990 1000 1078 1039 Ἐπὶ
1095 1000 1220 1039 τούτου

164 1051 289 1100 δέτις’
267 1073 307 1104 ην
315 1057 526 1108 Ἀὅδημονος
541 1063 624 1102 παῖς
642 1058 819 1110 νεώτερος,
832 1058 902 1102 ὅς’
887 1058 983 1097 ενίκα
999 1058 1043 1097 τὰ
1059 1058 1220 1112 προὸλή-

166 1130 280 1166 ματα,
297 1118 353 1152 ἃ
338 1115 510 1154 επέτασσε
536 1116 734 1167 Σολομὼνὸ
745 1116 998 1169 Ιεροσολύμων
1013 1116 1188 1169 βασιλεύς.
1203 1134 1219 1151 ὐ

166 1175 374 1225 Ψηφίζεται
392 1174 426 1213 δὲ
448 1178 465 1214 ὁ
485 1175 610 1229 χρόνος
630 1176 700 1214 ἀπὸ
721 1176 843 1215 τούτου
863 1179 924 1215 τοῦ
942 1176 1114 1228 βασιλέως
1134 1177 1219 1230 ἄχρι

168 1235 230 1279 τῆς
247 1234 476 1286 Καρχηδόνος
495 1235 640 1279 κτίσεως
659 1235 780 1280 οὕτως·
802 1253 817 1270 «
847 1235 1134 1283 Τελευτήσαντος
1150 1238 1216 1276 Εἱ-

163 1290 283 1343 ρώμου
301 1291 476 1337 διεδέξατο
493 1292 556 1341 τὴν
588 1294 769 1346 βασιλείαν
786 1294 1012 1348 Βαλεάζαρος
1029 1297 1047 1332 ὃ
1069 1294 1160 1345 υἱὸς,
1182 1294 1218 1339 ὃς

164 1352 294 1402 βιώσας
309 1351 369 1399 ἔτη
389 1353 654 1404 τεσσαράκοντα
676 1354 754 1407 τρία
775 1354 1000 1394 ἕδασίλευσεν
1023 1354 1082 1402 ἔτη
1103 1354 1208 1393 ἑπτά.

162 1410 265 1448 Μετὰ
290 1415 411 1450 τοῦτον
442 1411 699 1465 Ἀῧδάστρατος
730 1416 748 1452 ὅ
768 1415 873 1452 αὐτοῦ
894 1414 964 1458 υἱὸς
1000 1413 1131 1466 βιώσας
1151 1414 1211 1463 ἔτη

162 1468 271 1507 εἴκοσι
287 1470 384 1508 ἐννέα
403 1471 628 1511 ἐὸασίλευσεν
649 1472 742 1520 ἔτη’
727 1473 836 1512 εννέα.
858 1475 992 1513 Τοῦτον
1011 1475 1042 1512 οἱ
1058 1490 1119 1520 της
1132 1489 1211 1527 τρο-

162 1531 227 1580 φοῦ
251 1529 359 1567 αὐτοῦ
379 1529 446 1568 υἱοὶ
471 1529 639 1583 τέσσαρες
660 1531 971 1577 ἕπιὸουλεύσαντες
999 1531 1210 1580 ἀπώλεσαν,

162 1581 210 1624 ων
231 1588 500 1642 ὃπρεσὸύτερος
531 1589 799 1630 ἐὸασίλευσεν”
780 1607 840 1639 ετη
868 1590 1017 1631 δώδεκα.
1042 1592 1131 1630 Μεθ’
1156 1591 1214 1634 ους

159 1644 351 1699 Ἄσταρτος
366 1649 383 1684 ὁ
397 1647 707 1702 Δελαιαστάρτου,
723 1648 758 1692 ὃς
774 1649 938 1702 βιώσας”
921 1665 980 1696 ετη
996 1665 1212 1696 πεντηκοντα

159 1702 314 1757 τέσσαρα
332 1705 556 1745 ἐδασίλευσεν
572 1706 633 1755 ἔτη
649 1707 797 1748 δώδεκα.
820 1707 921 1746 Μετὰ
934 1711 1052 1746 τοῦτον
1073 1710 1091 1745 ὁ
1112 1709 1212 1746 ἀδελ-

159 1762 219 1817 ρὸς
245 1763 349 1803 αὖτὸῦ
380 1765 573 1819 Ἀσέρυμος
591 1766 722 1818 βιώσας
746 1767 806 1814 ἔτη
831 1768 985 1818 τέσσαρα
1005 1766 1064 1805 καὶ
1084 1767 1211 1814 πεντή-

156 1837 264 1861 κοντα
284 1823 507 1863 ε’ὅασίλευσεν
529 1824 589 1871 ἔτη
609 1825 721 1865 ἐννέα.
740 1820 852 1870 Οῧτος
871 1825 1033 1864 ἀπώλετο
1059 1825 1127 1863 ὑπὸ
1147 1830 1208 1864 τοῦ

159 1882 311 1934 ἀδελφοῦ
333 1883 493 1930 Φέλητος
505 1914 516 1933 ,
535 1883 570 1928 ὃς
585 1883 705 1922 λαὲὼν
722 1883 785 1931 τὴν
801 1883 983 1936 βασιλείαν
996 1877 1078 1935 ἦρξε
1098 1886 1210 1931 μῆνας

157 1939 269 1988 ὀκτὼ,
289 1940 420 1993 βιώσας
437 1942 499 1989 ἔτη
527 1942 759 1990 πεντήκοντα.
782 1945 915 1982 Τοῦτον
933 1944 1067 1981 ἀνεῖλεν
1092 1942 1208 1982 Εἷθώ-

155 1998 261 2042 ὅαλος
280 2002 298 2037 ὁ
318 2002 378 2046 τῆς
397 2000 613 2050 Ἀστάρτης(
604 2017 732 2054 ιερευς,
751 2001 785 2046 ὃς
804 2001 1049 2054 βασιλεύσας”
1031 2017 1091 2048 ετη
1112 2000 1210 2054 τριά-

153 2073 257 2095 κοντα
272 2057 329 2095 δύο
341 2058 522 2097 ἐδίωσεν”
503 2075 563 2106 ετη
579 2059 613 2097 ἑῖ
599 2061 746 2107 ήκοντα
763 2060 867 2099 ὀκτώ.
882 2063 1014 2100 Τοῦτον
1034 2059 1208 2104 διεδέξατο

152 2169 199 2199 nit
223 2168 265 2200 ad
289 2170 458 2201 Hiromum
475 2179 580 2211 regem
593 2194 602 2211 ,
614 2171 675 2204 ista
684 2171 784 2204 dicit:
801 2184 816 2199 «
829 2171 964 2204 Abibalo
983 2172 1049 2204 vita
1068 2172 1189 2211 functo,

153 2219 305 2252 Hiromus
330 2220 413 2254 tilius
440 2221 509 2261 ejus
531 2231 665 2263 regnum
693 2223 836 2265 accepit,
861 2223 917 2264 qui
937 2223 1082 2264 regnavit
1109 2231 1208 2254 annos

154 2281 272 2311 xxxiv,
298 2273 364 2304 vita
384 2273 425 2304 ad
453 2282 574 2306 annum
593 2284 647 2306 mu
672 2275 839 2316 producta.
870 2276 930 2308 Hic
949 2284 1061 2316 aggere
1073 2276 1210 2307 vastum

151 2325 208 2365 qui
227 2325 345 2357 dicitur
367 2326 476 2358 locum
499 2329 705 2369 exaequavit,
732 2330 950 2370 praetereaque
973 2338 1105 2360 auream
1124 2329 1212 2360 colu-

152 2385 261 2408 mnam
275 2377 306 2408 in
316 2379 335 2409 J
337 2378 406 2409 ovis
414 2380 480 2410 tem
485 2379 537 2419 plo
548 2380 736 2422 collocavit;
754 2382 786 2412 et
796 2381 836 2412 ad
847 2381 1004 2421 lignorum
1015 2380 1130 2412 silvam
1142 2389 1210 2421 pro-

152 2429 273 2469 sectus,
292 2438 310 2460 e
323 2430 433 2462 monte
453 2431 574 2462 Libano
591 2432 751 2472 appellato
774 2433 997 2465 construendis
1012 2433 1210 2473 templorum

150 2482 245 2514 tectis
259 2482 371 2514 cedros
388 2483 527 2523 excidit;
544 2483 782 2525 demolitusque
799 2486 931 2526 antiqua
957 2485 1109 2525 delubra,
1126 2493 1211 2517 nova

150 2534 270 2574 templa
286 2533 480 2574 aedificavit,
496 2535 707 2577 Herculisque
720 2538 752 2568 et
766 2538 903 2569 Astartae
915 2537 987 2569 tana
998 2537 1208 2578 consecravit,

150 2585 358 2626 primumque
393 2587 540 2619 Herculis
568 2588 725 2628 templum
756 2588 830 2620 fecit
856 2588 888 2619 in
917 2598 1026 2620 mense
1065 2589 1183 2621 Peritio
1197 2612 1206 2627 ,

150 2638 266 2671 deinde
288 2640 445 2679 Astartae,
472 2639 604 2680 quando
631 2639 754 2672 bellum
782 2641 884 2673 movit
900 2641 1055 2674 adversus
1079 2643 1207 2682 Tityos,

149 2691 235 2731 quod
252 2691 371 2723 tributa
393 2701 457 2723 non
474 2693 636 2725 solverent
655 2707 661 2725 :
679 2702 760 2734 quos
775 2703 875 2734 quum
893 2694 953 2726 sibi
969 2695 1067 2726 etiam
1090 2695 1208 2726 iterum

149 2743 354 2783 sthecisset,
380 2752 526 2776 reversus
545 2745 604 2777 est.
631 2745 736 2785 Hujus
754 2747 849 2778 aetate
863 2746 994 2786 quidam
1016 2747 1209 2779 Abdemonis

151 2795 236 2826 tilius
251 2795 359 2833 junior
375 2796 538 2836 clarebat,
564 2796 619 2837 qui
638 2797 838 2837 problemata
852 2822 861 2837 ,
879 2806 953 2838 quae
970 2798 1123 2829 Solomon
1152 2808 1208 2830 rex

150 2846 446 2887 Hierosolymorum
475 2848 628 2889 explicari
650 2848 767 2888 jussit,
790 2849 915 2890 ingenio
934 2858 1060 2890 semper
1078 2859 1207 2890 supera·

151 2897 216 2929 bat.
233 2910 249 2925 ι)
266 2901 466 2938 supputatur
488 2909 564 2931 vero
584 2903 712 2940 tempus
725 2900 765 2932 ab
782 2901 843 2932 lioc
861 2910 932 2941 rege
955 2910 1056 2941 usque
1070 2901 1111 2933 ad
1127 2911 1206 2933 con-

152 2949 364 2981 structionem
383 2951 601 2991 Carthaginis,
614 2952 674 2984 hoc
691 2952 786 2984 modo
816 2965 822 2984 ε
845 2965 860 2980 «
883 2954 1016 2985 Hiromo
1033 2953 1205 2994 defuncto,

150 3002 183 3032 in
198 3001 266 3041 ejus
279 3011 412 3042 regnum
426 3004 577 3036 successit
592 3005 781 3037 Baleazarus
792 3005 875 3037 tilius
885 3030 893 3045 ‚
911 3006 984 3046 qui,
1000 3014 1100 3046 quum
1113 3006 1206 3038 vixis-

110 3060 123 3067 ·
150 3054 198 3084 set
208 3053 299 3084 annis
307 3063 384 3085 xuni
395 3079 404 3094 ‚
416 3059 536 3095 septem
545 3057 799 3095 regnavitannis.
813 3059 887 3089 Post
898 3057 984 3088 hunc
998 3057 1207 3089 Abdastratus

150 3099 235 3131 illius
248 3099 332 3132 filius
343 3101 409 3132 vita
422 3105 535 3133 exacta
547 3111 706 3135 annorum
718 3113 797 3135 xxix
815 3104 959 3145 regnavit
969 3113 1097 3136 novem.
1115 3107 1206 3137 Hunc

151 3153 287 3184 nutricis
299 3162 365 3185 suae
379 3154 434 3185 filii
449 3157 602 3195 quattuor
616 3156 736 3188 insidiis
756 3160 978 3198 peremerunt,
997 3167 1137 3198 quorum
1156 3167 1205 3190 se-

151 3204 223 3235 nior
233 3206 481 3245 regnavitannis
495 3216 552 3238 xii.
570 3209 644 3239 Post
653 3217 734 3248 quos
748 3210 896 3241 Astartus
909 3209 993 3242 silius
1006 3210 1205 3242 Delaeastarti

150 3257 315 3296 regnavit,
330 3257 386 3297 qui
400 3257 480 3289 vixit
499 3258 591 3291 annis
606 3267 659 3290 ων
669 3283 678 3298 ,
692 3260 835 3300 regnavit
849 3261 940 3293 annis
954 3271 1009 3293 xii.
1031 3263 1106 3293 Post
1119 3262 1205 3294 hunc

152 3308 250 3340 frater
269 3308 338 3348 ejus
361 3312 555 3350 Aserymus‚
574 3310 628 3350 qui
645 3311 727 3342 vixit
750 3312 841 3344 annis
864 3321 936 3352 mv,
955 3314 1099 3353 regnavit
1115 3314 1206 3346 annis

154 3369 279 3392 novem.
302 3360 359 3392 Hic
371 3369 390 3392 a
405 3361 503 3393 fratre
530 3362 659 3393 Phelete
683 3362 871 3396 interfectus
889 3366 952 3404 est,
971 3367 1002 3396 et
1021 3374 1117 3405 regno
1133 3375 1203 3397 sus-

155 3414 248 3454 cepto
259 3413 420 3446 mensibus
431 3414 599 3455 imperavit
611 3416 695 3454 octo,
710 3424 813 3456 quum
827 3416 955 3450 vixisset
965 3418 1056 3450 annis
1071 3427 1099 3449 L.
1113 3420 1204 3450 Hunc

997 209 1268 251 MENANDRI
1298 212 1500 253 EPHESH

1288 301 1489 355 Βαδέζωρος
1520 303 1615 354 υἱὸς,
1647 303 1682 348 ὃς
1707 303 1838 357 βιώσας
1867 305 1926 353 ἔτη
1947 306 2210 359 τεσσαράκοντα
2230 307 2329 347 πέντε

1285 360 1507 400 ἐδασίλευσεν
1527 362 1586 410 ἔτη
1609 362 1656 407 ἔξ.
1673 362 1807 403 Τούτου
1831 364 1989 417 διάδοχος
2007 365 2126 417 γέγονε
2146 367 2334 419 Μάτγηνος

1285 422 1303 458 ὁ
1324 420 1393 464 υἱὸς
1406 451 1416 471 ,
1445 420 1480 465 ὃς
1499 420 1629 474 βιώσας
1653 421 1713 469 ἔτη
1734 422 1919 475 τριάκοντα
1941 423 2000 461 δύο
2030 424 2252 464 ἓὸασίλευσεν
2274 426 2334 474 ἔτη

1287 479 1398 517 ἐννέα.
1457 480 1592 519 Τούτου
1614 480 1773 533 διάδοχος
1798 481 1916 532 γέγονε
1937 483 2160 534 Φυγμαλίων
2173 515 2183 532 ,
2205 484 2335 536 βιώσας

1287 537 1317 575 δ’
1337 537 1397 586 ἔτη
1421 538 1638 586 πεντήκοντα
1666 539 1700 584 ἓξ
1730 539 1959 579 ἐδασίλευσεν
1983 541 2044 589 ἔτη
2072 543 2334 595 τεσσαράκοντα

1285 596 1388 636 ἑπτά.
1409 595 1471 636 Ἐν
1488 596 1523 635 δὲ
1537 599 1587 650 τῷ
1601 599 1658 635 ἐπ’
1676 599 1779 636 αὐτοῦ
1797 597 1935 650 ἑὸδόμῳ
1951 598 2020 637 ἔτει
2035 603 2058 646 ἡ
2077 602 2208 654 ἀδελφὴ
2230 603 2335 641 αὐτοῦ

1285 658 1440 706 φυγοῦσα
1464 656 1498 693 ἐν
1520 657 1563 707 τῇ
1584 655 1700 708 Λιὸύῃ
1720 656 1821 694 πόλιν
1840 657 2046 710 ᾠκοδόμησε
2067 660 2294 712 Καρχηδόνα.
2320 679 2336 696 ι»

1286 712 1482 764 Συνάγεται
1499 713 1540 760 δὴ
1557 720 1625 758 πᾶς
1639 716 1657 752 ὃ
1669 714 1791 767 χρόνος
1808 714 1879 753 ἀπὸ
1895 718 1956 763 τῆς
1973 716 2139 770 Εἱρώμου
2157 719 2336 770 βασιλείας

1286 770 1369 823 ἄχρι
1389 772 1620 825 Καρχηδόνος
1636 773 1782 817 κτίσεως
1802 773 1862 821 ἔτη
1885 774 1952 826 ρνε’
1973 777 2078 825 μ’ἧνες
2096 776 2146 823 η’.
2176 776 2278 817 Ἐπεὶ
2297 779 2334 817 δὲ

1285 830 1506 884 δωδεκάτῳ’
1487 847 1556 870 ετει
1571 848 1632 879 της
1647 831 1815 884 Εἱρώμου
1837 833 2048 907 βασιλείας’
2033 850 2068 872 εν
2086 835 2337 887 Ἱεροσολύμοις

1284 889 1496 941 ᾠκοδομήθη
1512 893 1531 929 ὁ
1550 890 1652 938 ναὸς,
1671 890 1810 942 γέγονεν
1837 885 1895 930 ουν
1915 892 1985 931 ἀπὸ
1985 909 2062 967 Ἰτης
2081 894 2336 946 οἷκοδομησεως

1285 951 1345 986 τοῦ
1365 953 1450 988 ναοῦ
1471 949 1556 1002 ἄχρι
1576 950 1803 1003 Καρχηδόνος
1822 951 1965 996 κτίσεως
1982 952 2042 1000 ἔτη
2064 954 2187 994 ἑκατὸν
2207 972 2336 996 τεσσα-

1286 1007 1437 1060 ράκοντα
1457 1009 1560 1061 τρία,
1591 1012 1697 1060 μῆνες
1712 1010 1816 1051 ὀκτώ.
1836 1012 1911 1058 Τῆς
1930 1009 1993 1062 μὲν
2013 1006 2072 1050 οἷν
2089 1013 2188 1066 παρὰ
2209 1015 2334 1054 Φοινί·

1282 1081 1353 1104 κων
1375 1068 1569 1121 μαρτυρίας
1587 1068 1621 1108 τί
1639 1069 1690 1108 δεῖ
1709 1070 1910 1121 προσθεῖναι
1931 1070 2064 1109 πλείω·
2054 1102 2065 1122 ,
2084 1072 2252 1123 βλέπεται
2267 1073 2335 1126 γὰρ

1281 1125 1452 1172 τάληθὲς’
1443 1142 1591 1180 ισχυρως
1604 1127 1889 1179 ὡμολογημένον.
1909 1128 1980 1167 Καὶ
1994 1129 2082 1168 πολυ
2097 1129 2210 1176 δήπου
2223 1131 2334 1184 προά·

1282 1199 1335 1235 γει
1359 1201 1420 1231 της
1435 1189 1494 1223 τοῦ
1515 1185 1581 1224 νεὼ
1604 1189 1824 1233 κατασκευῆς
1842 1190 1864 1234 ἡ
1883 1189 1950 1224 τῶν
1970 1187 2148 1240 προγόνων
2166 1192 2267 1240 ἡμῶν
2286 1191 2335 1232 εἰς

1281 1241 1343 1289 τὴν
1360 1242 1479 1296 χώραν
1500 1243 1622 1297 ἄφιξις·
1635 1243 1691 1284 ὅτε
1705 1244 1772 1298 γὰρ
1793 1244 1900 1292 αὖτὴν
1919 1252 2039 1284 πᾶσαν
2057 1246 2202 1300 πολέμῳ
2220 1248 2333 1300 παρέ-

1278 1301 1400 1350 λαὸον,
1415 1302 1492 1341 τότε
1509 1303 1566 1342 τὸν
1587 1303 1673 1342 νεὼν
1693 1303 1971 1344 κατεσκεύασαν.
1991 1305 2062 1344 Καὶ
2080 1309 2192 1344 ταῦτα
2211 1309 2334 1360 σαφῶς

1281 1361 1319 1398 ἐκ
1328 1363 1396 1399 τῶν
1406 1363 1506 1413 ἱερῶν
1515 1362 1735 1413 γραμμάτων
1745 1362 1802 1400 ὑπ’
1816 1365 1902 1413 ἐμοῦ
1912 1362 2105 1409 δεδήλωται
2117 1363 2174 1402 διὰ
2190 1364 2291 1411 τῆςἈ
2298 1380 2334 1418 ρ-

1286 1419 1502 1471 χαιολογίας.
1523 1425 1566 1459 V.
1587 1423 1764 1471 Scaliger.
1782 1424 1838 1459 De
1861 1435 1930 1458 em.
1947 1430 2093 1472 tempp.
2110 1425 2208 1472 App.
2231 1437 2272 1473 p.
2292 1424 2330 1463 5.

1329 1481 1350 1516 J
1354 1481 1538 1528 osephum
1556 1482 1792 1530 negligenter
1812 1482 2009 1530 exscripsit
2024 1483 2254 1530 sseophilus
2272 1483 2333 1520 Ad

1276 1540 1455 1587 Autolyc.
1486 1541 1561 1585 ΙΙΙ,
1594 1540 1656 1577 31.
1686 1541 1776 1576 Post
1799 1541 2006 1586 Berosum,
2038 1538 2330 1587 Manethonem‚

1276 1598 1524 1645 Apollonium
1553 1599 1776 1647 AEgyptium
1793 1605 1831 1634 et
1849 1599 2077 1647 Josephum,
2098 1600 2212 1635 etiam
2242 1600 2331 1636 Me-

1275 1658 1463 1694 nandrum
1478 1657 1681 1706 Ephesium
1695 1658 1794 1693 inter
1808 1657 1930 1694 fontes
1945 1671 2032 1694 suos
2045 1659 2180 1695 recitat
2192 1660 2347 1700 Junior.

1274 1710 1530 1765 Philosophus
1550 1717 1590 1752 in
1610 1717 1873 1764 Descriptione
1900 1718 2016 1754 totius
2037 1718 2161 1763 orbis,
2181 1730 2267 1767 cap.
2291 1731 2327 1755 2.

1277 1776 1333 1811 Ex
1351 1775 1487 1812 eodem
1502 1774 1715 1811 Menandro
1736 1773 1916 1811 fluxerint
1934 1777 2128 1824 sequentia
2153 1790 2160 1812 z

1757 1858 1845 1911 (2·)

1326 1942 1433 1978 Idem
1452 1942 1507 1979 ib.
1531 1943 1548 1977 Ι
1563 1968 1573 1986 ,
1591 1954 1635 1978 21
1663 1952 1671 1978 :
1692 1941 1818 1979 Ταῦτα
1837 1941 2024 1993 σύμφωνον
2045 1940 2119 1993 ἔχει
2139 1946 2215 1985 ταῖς
2231 1945 2328 1991 ἡμεη-

1273 1999 1386 2052 τέραις
1405 1998 1538 2051 βίὸλοις
1557 1998 1620 2045 τὴν
1637 1998 1818 2045 ἀλήθειαν.
1843 1998 2046 2052 Γέγραπται
2063 1999 2132 2053 γὰρ
2150 2001 2187 2038 ἐν
2203 2001 2327 2045 αὐταῖς

1271 2058 1325 2097 ὅτι
1346 2060 1376 2098 N
1382 2057 1694 2110 αὸουχοδονόσορος
1713 2058 2006 2110 ὀκτωκαιδεκάτῳ
2022 2061 2085 2106 τῆς
2101 2059 2206 2098 αὐτοῦ
2224 2062 2329 2111 βασι·

1273 2169 1432 2202 interfecit
1451 2169 1618 2202 Ithobalus
1636 2170 1772 2201 Astartae
1794 2169 1959 2209 sacerdos,
1976 2170 2051 2210 qui,
2073 2179 2176 2211 quum
2194 2170 2327 2204 vixisset

1273 2222 1364 2254 annis
1377 2231 1494 2262 vaiu,
1509 2221 1757 2262 regnavitannis
1771 2230 1875 2253 xxxu.
1891 2221 1972 2253 Huic
1982 2221 2134 2254 successit
2151 2222 2329 2256 Badezorus

1273 2274 1376 2315 filius,
1393 2276 1448 2317 qui
1459 2300 1467 2315 ,
1485 2284 1586 2317 quum
1603 2274 1735 2306 vixisset
1759 2275 1850 2306 annis
1865 2274 2076 2315 quadraginta
2099 2275 2259 2318 quinque,
2276 2286 2328 2310 re-

1271 2328 1382 2367 gnavit
1398 2328 1489 2360 annis
1510 2336 1577 2360 sex.
1594 2327 1678 2359 Huic
1693 2335 1856 2358 successor
1873 2327 1977 2358 sactus
2001 2328 2048 2359 est
2067 2328 2236 2368 Matgenus
2258 2327 2329 2370 ejus

1274 2378 1375 2419 tilius,
1392 2380 1448 2420 qui
1464 2388 1565 2420 quum
1581 2378 1712 2410 vixisset
1735 2378 1827 2410 annis
1844 2387 1948 2418 xxxn,
1965 2387 2083 2410 novem
2100 2379 2243 2419 regnavit
2267 2389 2326 2413 an·

1273 2431 1332 2463 nis.
1346 2432 1428 2464 Huic
1437 2432 1588 2464 successit
1602 2431 1784 2472 Pygmalion
1795 2454 1803 2470 ,
1818 2430 1874 2471 qui
1883 2430 1965 2462 vixit
1974 2431 2065 2462 annis
2075 2440 2141 2471 rvr,
2152 2433 2184 2464 et
2193 2441 2327 2473 regnum

1271 2485 1376 2516 tenuit
1396 2494 1496 2517 vau.
1517 2485 1622 2525 Hujus
1641 2484 1728 2525 regni
1752 2492 1837 2515 anno
1860 2484 1996 2524 septimo
2018 2493 2108 2516 soror
2132 2485 2200 2525 ejus
2224 2485 2326 2526 Dido,

1271 2536 1344 2576 suga
1371 2537 1497 2578 elapsa,
1524 2537 1557 2568 in
1585 2536 1686 2577 Libya
1701 2536 1865 2567 civitatem
1881 2535 2025 2569 condidit
2053 2536 2278 2578 Carthaginem
2297 2550 2326 2570 u.

1270 2589 1382 2628 Itaque
1405 2589 1565 2629 colligitur
1590 2597 1686 2620 omne
1718 2589 1847 2628 tempus
1870 2596 1889 2620 a
1907 2596 2004 2628 regno
2022 2588 2143 2620 Hiromi
2168 2597 2270 2630 usque
2285 2589 2326 2624 ad

1270 2639 1434 2673 conditam
1450 2640 1676 2683 carthaginem
1685 2664 1694 2679 ,
1709 2639 1750 2671 ad
1765 2648 1866 2671 annos
1878 2647 1938 2671 etv
1952 2640 1984 2671 et
1997 2648 2122 2672 menses
2133 2648 2202 2673 vui.
2217 2642 2326 2678 Quum

1269 2701 1345 2724 vero
1364 2701 1449 2725 anno
1469 2703 1513 2725 xn
1532 2693 1654 2727 Hit-omi
1671 2693 1752 2733 regis
1775 2693 1808 2724 in
1829 2692 2055 2733 Hierosolymis
2073 2693 2268 2727 aedificatum
2284 2693 2326 2725 sit

1268 2745 1425 2785 templum
1436 2769 1444 2784 ,
1464 2745 1558 2777 fluxit
1573 2745 1669 2785 igitur
1681 2753 1700 2776 a
1718 2744 1830 2785 templi
1847 2744 1978 2776 conditu
1995 2752 2098 2784 usque
2115 2744 2156 2776 ad
2175 2745 2322 2777 constru-

1269 2797 1407 2827 ctionem
1420 2796 1622 2836 Carthaginis
1634 2798 1762 2836 tempus
1774 2804 1932 2827 annorum
1949 2803 2045 2826 cxmn
2055 2820 2064 2835 ,
2084 2796 2242 2827 mensium
2254 2804 2322 2829 vui.

1270 2849 1310 2879 Et
1335 2847 1524 2879 Phoenicum
1545 2847 1677 2887 quidem
1702 2847 1891 2878 testimoniis
1913 2846 1988 2887 quid
2003 2855 2083 2887 opus
2096 2848 2144 2878 est
2159 2847 2251 2887 plura
2266 2847 2323 2879 ad-

1267 2899 1426 2931 scribere?
1435 2899 1578 2931 cernitur
1585 2898 1670 2930 enim
1679 2898 1796 2930 veritas
1807 2898 1902 2930 valde
1910 2898 2127 2938 comprobata.
2137 2900 2176 2930 Et
2183 2899 2323 2932 multum

1268 2949 1417 2982 videlicet
1448 2951 1719 2982 constructionem
1746 2949 1856 2989 templi
1895 2949 2048 2989 praecedit
2082 2950 2320 2990 progenitorum

1267 3004 1450 3034 nostrornm
1475 3002 1508 3033 in
1526 3002 1608 3033 lianc
1631 3001 1791 3041 regionem
1810 3000 1993 3032 adventus:
2012 3009 2115 3041 quum
2139 3001 2225 3035 enim
2250 3011 2322 3034 eam

1267 3054 1449 3085 universam
1479 3053 1710 3091 debellassent,
1741 3054 1810 3084 tum
1827 3052 1959 3083 demum
1982 3053 2138 3092 templum
2163 3052 2322 3085 aedificare

1267 3107 1442 3145 coeperunt.
1459 3107 1498 3136 Et
1512 3105 1582 3135 haec
1592 3105 1702 3144 aperte
1713 3112 1754 3136 ex
1762 3104 1858 3136 sacris
1871 3104 1969 3136 literis
1981 3113 2001 3135 a
2010 3113 2062 3135 me
2071 3103 2232 3136 declarata
2246 3107 2322 3136 suut

1267 3158 1298 3189 in
1311 3158 1546 3198 Antiquitatum
1556 3157 1654 3189 libris.
1775 3207 1796 3239 2

1307 3264 1412 3303 Atque
1436 3262 1507 3294 llaec
1537 3261 1679 3293 narratio
1702 3261 1952 3293 consentientem
1979 3261 2076 3293 habet
2102 3270 2174 3293 cnm
2203 3261 2320 3294 nostris

1265 3314 1432 3355 scripturis
1450 3314 1628 3346 veritatem.
1644 3313 1808 3345 proditum
1822 3313 1908 3345 enim
1929 3312 1963 3344 in
1979 3313 2040 3344 illis
2067 3315 2126 3353 est,
2145 3313 2319 3346 Nabucho-

1265 3365 1459 3398 donosorum
1470 3374 1554 3397 anno
1571 3365 1658 3405 regni
1669 3364 1718 3397 sui
1734 3365 1859 3396 decimo
1873 3365 1987 3397 octavo
2000 3365 2156 3406 templum
2174 3366 2318 3397 nostrum

1266 3418 1418 3457 diruisse,
1445 3418 1576 3458 ejusque
1591 3416 1751 3448 excidium
1779 3418 1865 3449 totos
1880 3416 2114 3458 quinquaginta
2137 3426 2237 3449 annos
2257 3416 2318 3447 du-
