2326 3724
915 213 1127 253 EUNAPII

84 298 204 351 ὥσπερ
219 297 296 337 τινὰ
310 299 517 361 θησαυρὸν’
498 299 694 353 απόρρητον
712 302 750 340 οὐ
769 303 830 339 διε·
820 299 952 351 γόμνου
968 317 1028 340 και
1046 304 1128 341 ἀπε-

83 358 274 397 κάλυπτεν.
290 357 431 411 εὨσπερ
445 362 502 397 οὖν
519 365 589 403 τοῖς
605 359 775 413 γράφουσι
792 360 854 403 τὰς
867 360 1000 404 εἰκόνας
1015 361 1075 399 καὶ
1088 362 1126 400 τὸ

83 414 176 454 δοθὲν
197 416 424 469 παράδειγμα
441 418 790 469 χαρακτηρίζουσιν’
775 417 935 455 επιτείνει
954 417 1016 464 τὴν
1046 435 1126 471 περι

81 474 267 528 πρόσωπον
282 475 471 525 ὁμοιότητα
487 475 596 527 μικρά
611 492 687 514 τινα
705 478 772 514 τῶν
787 476 1022 526 ὑποκειμένων
1039 492 1125 527 συμ-

82 532 209 580 ὅόλων,
233 533 294 571 καὶ
313 536 334 580 ἡ
354 533 445 586 ῥυτὶς
461 533 519 572 ἐπὶ
535 538 595 572 τοῦ
612 533 775 585 μετώπου
794 534 1122 587 διακεχαραγμένη,

81 591 104 638 ἤ
129 607 178 636 τις
197 592 305 633 ἴονθος
326 593 600 644 παρανατέλλων
622 592 719 645 παρὰ
735 592 774 631 τὸ
790 592 931 644 γένειον,
951 592 973 639 ἢ
994 592 1126 631 τοιοῦτό

80 667 114 688 τι
147 651 269 704 μικρὸν
303 651 364 689 καὶ
395 651 689 704 παρημελημένον
720 654 788 689 τῶν
818 650 908 689 κατὰ
940 651 1003 698 τὴν
1033 651 1123 704 ὄψιν,

80 709 98 748 ὃ
119 709 295 763 παροφθὲν
312 709 375 761 μὲν
397 711 464 762 οὐχ
481 711 673 764 ὑπογράφει
690 710 728 748 τὸ
749 705 857 758 εἶδος,
879 710 1068 761 ἄκριὸωθὲν
1089 709 1124 748 δὲ

83 767 186 819 μόνον
208 768 315 807 αἴτιον
335 771 396 815 τῆς
418 768 621 819 ὁμοιότητος
638 768 791 820 γίνεται,
815 768 922 812 οὕτως
938 769 1048 813 ἔξεστι
1064 769 1124 807 καὶ

82 828 138 866 ἐπὶ
158 829 255 866 τουδε
272 832 331 866 τοῦ
354 828 523 880 βασιλέως
543 827 801 876 συλλαμὸάνειν
821 822 889 871 οἶός
910 844 961 871 τις
983 823 1034 874 ἦν,
1053 828 1124 871 νέος

81 903 118 925 τε
138 903 185 925 ων
208 886 268 925 καὶ
286 889 321 925 ἐν
342 886 478 939 ἐξουσία
505 889 666 939 βασιλικῇ
685 886 826 939 τραφεὶς
849 889 888 925 ἐκ
906 886 1043 934 παιδὸς,
1065 903 1124 925 και

81 945 131 995 μὴ
151 945 362 996 μεμαθηκὼς
382 949 451 984 οἷον
473 945 512 984 τὸ
531 945 651 997 ἄρχειν
670 961 730 983 και
755 949 824 983 οἷον
849 945 887 983 τὸ
909 945 1122 997 ἀρχόμενον

79 1019 181 1042 τουτο
205 1003 272 1056 γὰρ
292 1004 446 1054 μάλιστα
467 1004 640 1057 διαφαίνει
669 1003 708 1041 τὸ
727 1019 789 1049 της
808 1002 940 1054 φύσεως
960 1001 1120 1053 μέγεθος,

80 1061 162 1100 ὅταν
192 1061 256 1109 τὴν
285 1065 508 1114 προτεθεῖσαν
531 1060 671 1134 ἀγωγὴν
691 1060 750 1099 καὶ
772 1060 953 1106 συνήθειαν
983 1063 1004 1106 ἡ
1025 1058 1124 1112 φύσις

81 1119 139 1158 ἐπι
157 1119 196 1158 τὸ
211 1125 364 1172 κρεῖττον
383 1119 493 1172 ἐξώσῃ
511 1119 570 1157 καὶ
590 1118 765 1170 βιάσηται.
786 1117 928 1162 Ἔξεστι
944 1118 979 1156 δὲ
1001 1120 1122 1168 μαθεῖν

81 1181 119 1216 ἐκ
135 1180 203 1215 τῶν
223 1181 458 1228 υποκειμενων
480 1177 790 1236 παραδειγμάτων,
810 1178 856 1220 εἷς
876 1175 898 1213 ἃ
923 1176 1122 1226 συνωμολό-

79 1252 159 1286 γουν
177 1236 327 1278 ἅπαντες
342 1237 401 1274 καὶ
420 1235 597 1286 ἀντέλεγεν
620 1234 695 1272 οὐδὲ
716 1238 765 1279 εἱς
783 1237 851 1272 τῶν
869 1234 980 1286 λέγειν
1005 1250 1122 1272 συνει-

80 1294 247 1343 θισμένων
270 1295 329 1331 καὶ
347 1294 405 1334 τὸν
423 1294 535 1332 κοινὸν
554 1293 769 1345 φλήναφον’
751 1293 972 1340 ησκηκότων.

132 1355 382 1390 Probabiliter
397 1355 474 1389 haec
496 1354 543 1389 de
562 1354 730 1390 Gratiani
752 1354 905 1401 ingenio
928 1355 1122 1402 Eunapius

78 1413 271 1460 subjunxit
302 1413 512 1449 narrationi
539 1412 587 1448 de
620 1419 743 1448 morte
768 1413 1012 1461 imperatoris
1047 1411 1113 1463 (25

78 1476 173 1521 Aug.
196 1472 303 1521 383).

94 219 142 251 40

567 1577 630 1614 58.

130 1687 219 1722 Exc.
233 1688 290 1722 De
303 1693 460 1722 sentent.
477 1685 577 1721 ibid.
590 1697 629 1733 p.
647 1684 739 1730 280,
755 1685 828 1722 281
848 1679 955 1722 :⁸012
968 1683 1023 1721 ἐπὶ
1038 1684 1123 1722 Θεο-

80 1743 193 1781 δοσίου
210 1746 269 1781 τοῦ
286 1742 449 1794 Μαξίμου
471 1742 723 1786 στασιάσαντος
740 1741 800 1781 καὶ
823 1741 1009 1795 βαρδάρων
1030 1741 1121 1780 κατὰ

77 1801 263 1851 Ῥωμαίων
276 1800 719 1853 ἐκστρατευσάντων,φήμη
732 1800 884 1852 κατέσχε
897 1800 971 1842 τοὺς
982 1800 1120 1853 βαρὸά-

79 1875 166 1912 ρους,
179 1862 224 1902 ὡς
244 1861 275 1897 οἱ
294 1859 468 1910 Ρωμαῖοι
483 1859 630 1911 στρατὸν
647 1859 700 1897 ὅτι
719 1861 882 1897 πλεῖστον
897 1858 1116 1910 συλλέγουσι.

78 1918 150 1957 Καὶ
169 1919 455 1969 συλλογισάμενοι
469 1918 507 1956 τὸ
524 1917 631 1956 δεινὸν
647 1919 676 1956 οἱ
693 1917 898 1970 βάρὸαροι
882 1933 939 1956 επι
955 1917 993 1955 τὸ
1013 1917 1118 1963 σύνη-

77 1981 130 2020 Οες
152 1978 346 2029 ἀνέδραμον
374 1977 551 2030 σόφισμα,
582 1993 641 2014 και
662 1976 887 2014 κατέδυσαν
873 1992 930 2015 επι
955 1976 1016 2019 τὰς
1037 1979 1117 2015 Μα-

75 2035 251 2079 κεδονικὰς
266 2035 404 2086 λίμνας
423 2036 494 2074 Καὶ
514 2035 690 2088 συμφανές
704 2051 743 2086 γε
760 2034 871 2073 ἅπασι
884 2034 1035 2081 κατέστη
1049 2065 1058 2082 ,
1074 2037 1119 2078 ὡς

76 2098 98 2140 ἡ
116 2093 304 2145 Ῥωμαίων
323 2094 502 2146 βασιλεία,
523 2094 654 2147 τρυφὴν
672 2093 734 2144 μὲν
753 2093 947 2146 ἀρνουμένη
965 2093 1117 2143 πόλεμον

77 2154 111 2190 ’δὲ
130 2153 335 2205 αιρουμένη,
353 2153 449 2192 οὐδὲν
465 2153 586 2206 ἀφίησι
609 2170 670 2199 της
687 2156 749 2204 γῆς
766 2153 911 2199 ἀνήκοον
937 2153 997 2190 καὶ
1014 2151 1114 2190 &306-

75 2213 200 2250 λωτον.
228 2212 333 2251 Ἀλλὰ
353 2213 488 2250 δεινόν
478 2228 517 2263 γε
538 2228 571 2250 τι
599 2215 722 2264 χρῆμα
741 2228 816 2255 ταις
841 2214 908 2249 τῶν
928 2211 1117 2263 ἀνθρώπων

75 2332 189 2363 nempe
205 2323 256 2355 vel
275 2324 403 2364 insignis
419 2325 450 2355 in
465 2325 492 2355 si
493 2325 568 2356 onte
583 2333 617 2355 ru
621 2333 678 2364 ga,
693 2324 745 2355 vel
762 2324 946 2364 prominens
958 2323 991 2354 111
1016 2323 1116 2354 barba

76 2376 177 2416 pilus,
192 2377 244 2408 101
255 2376 341 2407 aliud
359 2377 534 2416 ejusmodi,
552 2377 639 2417 quod
650 2377 836 2417 ceteroquin
854 2377 886 2408 in
907 2376 986 2408 facie
1002 2375 1118 2416 negligi

77 2429 178 2468 solet;
190 2428 233 2468 id,
254 2429 397 2469 inquam,
414 2437 439 2460 51
449 2429 724 2469 pratermittatur
744 2431 847 2468 imago
861 2437 924 2459 non
934 2428 990 2459 fit·
982 2427 1116 2466 1conica;

75 2479 123 2510 sin
139 2481 288 2511 accurate
312 2480 403 2511 obser
406 2482 509 2520 vetui
523 2481 573 2512 vel
599 2480 631 2511 id
653 2481 755 2512 50111111
774 2480 861 2511 faciei
878 2479 1116 2511 similitudinem

74 2531 223 2562 effectam
233 2530 339 2562 dabit:
350 2532 394 2562 sic
403 2531 498 2563 etiam
512 2532 674 2572 quodnam
691 2541 840 2572 principis
850 2532 965 2571 hujus
957 2531 1116 2571 ingenium

76 2583 188 2622 fuerit,
203 2583 327 2622 assequi
343 2583 414 2614 licet
424 2584 500 2623 ,qui
515 2593 589 2615 sane
605 2587 636 2615 et
651 2585 792 2624 juvenis,
810 2588 841 2615 et
860 2584 892 2615 in
908 2584 993 2623 regia
1012 2583 1116 2622 digni-

75 2636 141 2666 tate
162 2642 181 2664 a
197 2634 332 2674 pueritia
345 2634 499 2666 educatus
518 2635 588 2674 fuit,
605 2644 709 2676 neque
731 2645 785 2675 reg
768 2635 881 2667 ssnandi
897 2637 999 2666 artem
1013 2643 1117 2675 neque

75 2685 244 2717 obediendi
258 2694 319 2716 nov
323 2688 402 2717 erat.
417 2686 451 2717 ld
461 2687 545 2717 enim
558 2696 577 2717 v
581 2687 608 2718 el
619 2688 758 2718 maxime
767 2690 891 2718 naturae
900 2686 1116 2727 praestantiam

76 2736 236 2768 declarare
258 2737 355 2775 solet,
379 2738 403 2768 si
423 2738 494 2777 quis
510 2738 659 2769 nimirum
685 2747 703 2770 e
719 2740 871 2770 consueto
888 2739 1117 2778 communique

76 2797 166 2820 inore
184 2789 217 2820 in
242 2789 355 2820 melius
381 2789 530 2829 quiddam
556 2790 587 2821 vi
609 2799 666 2821 sua
682 2791 896 2831 progreditur.
924 2793 1002 2823 Rem
1020 2800 1114 2831 porro

76 2851 94 2873 e
109 2841 261 2882 subiectis
285 2842 437 2882 exemplis
462 2852 652 2882 cognoscere
680 2844 804 2883 licebit,
829 2854 902 2884 qua
918 2844 1025 2875 cuncti
1040 2844 1116 2876 fale-

76 2895 206 2934 bantur,
223 2895 351 2940 nemine
367 2895 621 2936 contradicente;
639 2898 778 2936 nemine,
793 2898 938 2937 inquam,
955 2898 1006 2929 vel
1020 2906 1056 2929 ex
1075 2898 1113 2928 iis

75 2947 132 2988 qui
147 2956 351 2979 communem
363 2948 499 2987 nugandi
515 2957 636 2980 morem
650 2958 715 2989 prm
726 2959 758 2981 se
773 2950 926 2982 ferebant.

565 3004 623 3035 58.

115 3056 292 3088 Theodosio
303 3057 495 3096 imperante,
511 3066 612 3096 quum
630 3058 788 3090 Maximus
801 3059 977 3097 rebellaret,
993 3061 1024 3091 et
1035 3069 1116 3100 prae-

73 3109 162 3140 terea
177 3108 303 3139 barbari
323 3110 483 3139 Romanos
495 3108 578 3140 bello
591 3111 791 3149 appeterent,
808 3111 890 3141 sama
904 3111 985 3142 inter
999 3112 1114 3143 barba-

75 3168 127 3191 ros
145 3159 313 3198 manabat,
331 3153 416 3199 quod
441 3161 576 3191 Romani
599 3161 740 3200 ingentes
753 3162 859 3201 copias
878 3163 1113 3194 contraherent.

75 3213 181 3248 Quare
212 3211 390 3252 perieulum
417 3214 600 3252 reputantes
630 3213 756 3244 barbari
786 3213 826 3244 ad
851 3217 1038 3246 consuetum
1056 3216 1115 3247 sibi

74 3264 264 3303 strategema
285 3263 512 3304 confugerunt;
538 3264 568 3294 in
589 3264 758 3304 paludibus
778 3274 890 3305 nempe
907 3266 1116 3298 Macedonicis

74 3315 176 3346 semet
202 3313 405 3346 abdiderunt.
451 3289 584 3347 Prorsus
598 3318 706 3347 autem
722 3317 844 3347 cunctis
870 3317 1114 3355 1111101011,Βο-

75 3375 207 3398 manum
219 3366 387 3406 imperium
396 3391 404 3400 .
417 3367 455 3405 si,
469 3367 589 3399 deliciis
602 3367 785 3407 repudiatis,
800 3368 918 3399 bellum
931 3369 1115 3408 meditetur,

76 3409 196 3449 nullam
209 3418 365 3450 terrarum
378 3420 499 3459 partem
515 3418 699 3451 indomitam
714 3428 749 3450 ac
768 3419 899 3450 liberam
915 3421 1113 3452 relicturum.

1158 214 1382 255 sARDIAN
1388 217 1402 254 1

1188 303 1330 357 φύσεσιν
1349 307 1367 343 ὁ
1387 303 1460 348 θεὸς
1476 303 1714 356 ἐγκατέμιξεν,
1736 306 1856 360 ὥσπερ
1885 314 1954 353 τοῖς
1973 311 2136 355 ὄστακοῖς
2155 311 2220 359 τὴν

1190 363 1402 401 ἐπικίνδυνον
1422 362 1532 414 χολὴν
1552 378 1611 402 και
1626 379 1696 408 τοις
1713 365 1822 417 ῥόδοις
1846 366 2015 416 ἀκάνθας,
2035 369 2125 407 οὕτω
2153 373 2229 415 ταῖς

1189 420 1356 465 ἐξουσίαις
1376 421 1681 474 συγκατασπείρας
1707 423 1773 470 τὴν
1799 425 1924 472 ἡδονὴν
1955 427 2015 466 καὶ
2045 429 2228 480 ῥαθυμίαν,

1188 480 1232 517 δι’
1248 480 1306 528 ἣν,
1327 480 1444 518 πάντα
1465 479 1538 524 ἐξὸν
1556 482 1603 524 εἷς
1630 481 1714 531 μίαν
1733 498 1952 532 μεταστησαι
1976 486 2152 525 πολιτείαν
2168 487 2228 526 καὶ

1189 538 1405 590 συναρμόσαι
1436 554 1475 576 το
1505 538 1733 592 ἀνθρώπινον,
1766 543 1802 579 αἱ
1833 544 2007 595 βασιλεῖαι
2037 561 2076 584 το
2108 546 2229 594 θνητὸν

1188 601 1383 635 σκοποῦσαι
1410 597 1496 650 πρὸς
1523 597 1563 636 τὸ
1582 597 1646 645 ἡδὺ
1675 600 1956 652 καταφέρονται,
1987 602 2026 641 τὸ
2048 607 2109 651 τῆς
2133 604 2231 654 δόξης

1193 655 1364 694 ἀθάνατον
1383 658 1445 695 οὐκ
1461 657 1683 702 ἐξετάζουσαι
1696 658 1756 695 καὶ
1774 660 2066 710 παρεκλέγουσαι.

1239 717 1295 754 Cf.
1318 719 1479 766 Eunapii
1501 719 1692 766 epitomen
1711 720 1750 754 in
1766 721 1904 756 Zosim.
1927 723 1992 771 IV,
2014 722 2077 769 45,
2098 727 2126 766 4·
2141 736 2225 772 sqq.

1189 773 1284 823 (388
1300 788 1341 823 p.
1354 776 1394 812 C.
1407 775 1431 824 ).

1678 870 1739 919 59.

1239 962 1341 1001 Ibid.
1362 976 1403 1011 p.
1429 963 1500 999 281
1530 975 1540 1000 ε
1561 961 1646 1001 “On
1663 963 1858 1016 ὀλισθηρὸν,
1874 967 1919 1008 ὡς
1940 965 2046 1015 ἔοικε,
2063 967 2123 1005 και
2140 982 2231 1020 σφα-

1186 1018 1375 1071 λερώτερον
1393 1019 1570 1072 ἄνθρωπος
1585 1020 1668 1072 πρὸς
1682 1021 1824 1071 ’11μῆνή
1842 1024 2032 1077 συμφοράν.
2049 1024 2231 1078 Θεραπεύ-

1186 1093 1307 1120 σαντες
1323 1077 1389 1130 γὰρ
1415 1078 1472 1116 τὸν
1499 1079 1673 1118 Τατιανὸν
1702 1083 1732 1118 οἱ
1752 1080 1832 1133 περὶ
1850 1081 1909 1120 τὸν
1931 1083 2077 1134 βασιλέα
2094 1085 2231 1124 Θεοδό-

1187 1151 1271 1183 σιον,
1299 1136 1402 1187 τιμοίς
1429 1153 1466 1174 τε
1491 1139 1674 1190 ὑπερφυεῖς
1702 1140 1742 1176 ἐκ
1775 1155 1832 1177 του
1855 1140 2023 1192 βασιλέως
2041 1143 2102 1180 καὶ
2122 1159 2229 1193 μετα·

1184 1195 1329 1245 γνώσεις
1343 1195 1401 1233 ἐπὶ
1421 1199 1490 1239 τοῖς
1504 1197 1746 1248 γεγενημένοις
1761 1199 1966 1243 ἐνσπόνδους
1984 1201 2228 1252 ποιησάμενοι,

1184 1253 1244 1291 καὶ
1265 1254 1344 1306 περὶ
1362 1257 1430 1292 τῶν
1448 1256 1644 1304 μελλόντων
1665 1257 1915 1308 οὐρανομήκεις
1931 1258 2073 1304 ἐλπίδας
2089 1261 2228 1299 ὑποτεί-

1186 1327 1303 1355 ναντες
1315 1343 1326 1362 ,
1359 1317 1478 1351 τοῦτον
1504 1314 1718 1366 παρέπεισαν
1753 1317 1895 1367 ἀγαγεῖν
1927 1316 1986 1355 τὸν
2012 1319 2084 1356 υἱὸν
2119 1321 2227 1356 αὑτοῦ

1186 1371 1347 1423 Πρόκλον
1364 1371 1515 1423 τοῦνομα
1528 1388 1537 1397 ·
1558 1372 1594 1411 ὃν
1612 1375 1658 1417 εἷς
1674 1373 1712 1411 τὸ
1730 1374 1965 1427 δεσμωτήριον
1984 1376 2227 1424 συνέκλεισαν,

1185 1430 1245 1468 καὶ
1263 1429 1321 1468 τὸν
1354 1430 1528 1470 Τατιανὸν
1557 1431 1615 1469 ἐπὶ
1643 1432 1775 1476 Λυκίας
1795 1433 2009 1487 ἀπέπεμψαν
2024 1438 2084 1473 τοῦ
2105 1435 2228 1480 παιδὸς

1183 1487 1420 1540 χηρώσαντες.

1243 1565 1258 1581 α
1277 1550 1426 1585 Tatiani
1441 1549 1669 1598 Proculique
1683 1550 1750 1586 filii
1764 1552 1841 1588 fata
1852 1554 2053 1602 perspicue
2069 1553 2226 1603 diligen·

1184 1615 1316 1656 terque
1329 1615 1533 1644 narrantur
1546 1621 1567 1644 a
1587 1610 1737 1645 Zosimo
1753 1612 1816 1659 IV,
1835 1610 1882 1646 52
1896 1639 1907 1654 ‚
1926 1612 1991 1658 qui
2009 1612 2086 1647 sine
2108 1611 2225 1648 dubio

1184 1666 1399 1714 Eunapium
1414 1668 1613 1714 exscripsit
1628 1668 1747 1703 multo
1765 1669 1875 1704 latius
1894 1681 2007 1716 quam
2023 1682 2125 1705 nunc
2141 1670 2227 1718 legi-

1182 1737 1264 1760 mus
1283 1726 1322 1760 in
1346 1727 1533 1773 Excerpto
1556 1726 1750 1763 Vaticano.
1785 1728 1871 1763 Fuit
1891 1735 2016 1763 autem
2045 1728 2225 1763 universae

1182 1783 1374 1832 tragoediae
1392 1784 1539 1819 celeber
1565 1784 1626 1819 ille
1655 1783 1814 1820 Rufinus
1831 1786 2064 1824 moderator.
2089 1802 2105 1818 »
2128 1786 2222 1822 ΜΑι.

1182 1844 1255 1879 Res
1270 1844 1433 1890 pertinet
1450 1842 1499 1878 ad
1515 1855 1575 1880 an.
1597 1843 1686 1892 392.

1672 1943 1733 1978 60.

1234 2038 1326 2072 Exc.
1346 2038 1402 2072 Ι)0
1414 2037 1511 2085 legg
1527 2048 1567 2084 p.
1585 2048 1629 2071 21
1653 2048 1710 2083 sq.
1735 2033 1880 2073 Ο.στί
1865 2051 1922 2073 επι
1941 2034 2130 2074 Θεοδοσίου
2147 2035 2224 2079 τους

1180 2092 1338 2145 πρώτους
1356 2092 1501 2144 χρόνους
1519 2108 1581 2139 της
1613 2092 1793 2143 βασιλείας
1811 2092 1851 2130 τὸ
1876 2095 1944 2130 τῶν
1965 2094 2111 2132 Σκυθῶν
2131 2092 2224 2137 ἔθνος

1181 2150 1442 2200 ἐξελαυνόμενοι
1455 2167 1516 2198 της
1534 2150 1651 2202 χώρας
1671 2151 1738 2188 ὑπὸ
1757 2153 1824 2188 τῶν
1843 2150 1999 2197 Οὔννων,
2020 2151 2223 2198 διεόεῧήκε-

1181 2225 1244 2248 σαν
1262 2211 1330 2247 τῶν
1348 2211 1463 2263 φυλῶν
1484 2208 1669 2261 ἡγεμόνες,
1689 2208 1861 2259 ἀξιώματι
1874 2209 1934 2247 καὶ
1946 2209 2036 2260 γένει
2051 2225 2222 2261 προηκον-

1179 2321 1241 2354 Sed
1264 2322 1349 2353 enim
1371 2330 1467 2362 grave
1485 2321 1646 2361 quoddam
1669 2321 1818 2352 humanae
1840 2322 1966 2352 naturae
1997 2321 2077 2352 deus
2092 2322 2224 2352 commi-

1179 2374 1262 2404 scuit
1286 2373 1508 2412 infortunium3
1525 2372 1599 2404 n'am
1615 2372 1715 2404 veluti
1732 2381 1854 2403 canens
1870 2372 2081 2412 periculosam
2106 2372 2223 2411 bilem,

1180 2425 1260 2456 rosis
1270 2425 1386 2464 spinas,
1401 2424 1486 2456 itam
1503 2423 1714 2464 potestatibus
1727 2423 1923 2464 voluptatem
1941 2423 2180 2463 desidiamque'
2171 2432 2222 2455 111-

1179 2476 1351 2517 generavit.
1371 2479 1477 2514 Quare
1490 2485 1590 2516 quum
1607 2475 1675 2506 fieri
1689 2477 1794 2515 posset
1808 2477 1844 2506 111
1858 2475 2040 2506 universum
2057 2474 2223 2507 hominum

1178 2538 1277 2570 genus
1301 2529 1341 2560 ad
1353 2537 1454 2560 unum
1472 2537 1588 2568 corpus
1609 2528 1654 2559 rei
1679 2528 1814 2568 publicae
1837 2529 2064 2567 revocare-tun
2091 2528 2222 2568 imperia

1179 2581 1306 2612 interim
1316 2580 1446 2611 caducae
1459 2580 1504 2611 rei
1517 2579 1657 2611 studiosa
1665 2581 1862 2620 voluptatem
1874 2580 2108 2618 consectantur,
2120 2587 2223 2620 neque

1179 2632 1211 2664 id
1223 2632 1408 2673 exquirunt,
1429 2631 1535 2672 quod
1527 2640 1642 2663 111111101
1644 2632 1707 2663 tale
1720 2633 1779 2671 051,
1796 2639 1899 2671 neque
1911 2630 2100 2671 praeoptant.

1674 2686 1730 2718 59.

1219 2740 1354 2772 Videtur
1364 2740 1460 2771 liomo
1474 2739 1596 2771 facilius
1610 2740 1730 2771 honore
1740 2738 1882 2770 subverti
1897 2747 1934 2770 ac
1943 2738 2044 2779 decipi
2057 2747 2153 2778 quam
2165 2747 2220 2770 ca—

1177 2792 1460 2824 1311111310.Εο00
1487 2791 1575 2823 enim
1602 2790 1768 2822 Theodosii
1809 2789 2009 2830 imperatoris
2043 2789 2221 2821 administri

1179 2843 1340 2885 (Rufinus
1357 2844 1497 2884 ejusque
1508 2844 1590 2874 socii
1604 2843 1614 2881 )
1629 2842 1706 2873 dum
1734 2841 1867 2873 Tatiano
1888 2841 2007 2872 aulicos
2030 2841 2097 2872 sine
2123 2840 2220 2872 modo

1178 2897 1316 2928 bonores
1331 2898 1363 2928 et
1380 2896 1531 2936 praeteriti
1550 2895 1703 2935 temporis
1715 2894 1908 2926 oblivionem
1930 2892 2103 2933 spondent,
2123 2895 2220 2934 atque

1177 2948 1315 2980 infinitas
1338 2949 1371 2980 in
1388 2949 1532 2980 futurum
1565 2955 1634 2987 spes
1649 2946 1839 2984 ostendunt,
1857 2946 2082 2985 persuaserunt
2103 2945 2160 2983 illi,
2184 2947 2220 2977 ut

1178 3001 1279 3032 filium
1297 3000 1466 3032 Proculum
1478 2999 1671 3036 adduceiffet
1685 3006 1749 3037 quo
1762 2997 1907 3036 protinus
1919 2996 1951 3026 in
1967 3004 2126 3027 carcerem
2145 3005 2217 3028 con-

1174 3054 1271 3092 jecto,
1285 3052 1452 3084 Tatianum
1466 3051 1496 3082 in
1506 3050 1636 3091 Lyciam
1655 3049 1721 3080 filio
1739 3048 1887 3080 orbatum
1906 3048 2138 3087 relegaverunt.

1664 3105 1722 3136 (30.

1218 3161 1284 3193 Sub
1300 3160 1477 3193 Theodosio
1489 3159 1599 3200 primis
1615 3160 1682 3198 eJ'us
1693 3157 1816 3198 imperii
1831 3156 1921 3187 annis
1936 3155 2128 3195 Scytharum
2141 3164 2217 3195 gens

1177 3214 1303 3246 sedibus
1318 3214 1382 3246 51115
1395 3214 1499 3245 excita
1509 3215 1541 3244 et
1559 3213 1599 3244 ab
1613 3212 1736 3243 Hunnis
1749 3210 1904 3250 expulsa,
1921 3217 1982 3239 una
1997 3217 2071 3239 cum
2082 3217 2212 3239 suarum

1176 3267 1319 3298 tribuum
1344 3265 1495 3304 ducibus,
1527 3265 1582 3304 qui
1613 3272 1726 3303 genere
1754 3264 1787 3293 et
1809 3260 1975 3292 nobilitate
2001 3259 2213 3299 praestabant.

1177 3319 1379 3357 trajecerant.
1412 3317 1451 3349 111
1482 3316 1656 3348 honoribus
1689 3314 1729 3345 ab
1761 3313 1951 3353 imperatore
1982 3310 2096 3342 delatis
2127 3319 2214 3341 arro-

1175 3369 1332 3409 gantiores
1349 3368 1422 3400 facti
1444 3369 1477 3400 et
1499 3368 1606 3399 omnia
1625 3367 1656 3398 in
1681 3374 1714 3397 se
1739 3364 1841 3404 posita
1861 3362 2111 3402 conspicientes,
2134 3362 2215 3393 inter

1177 3430 1209 3452 se
1223 3430 1286 3452 non
1303 3429 1435 3461 parvam
1449 3419 1634 3452 seditionem
1654 3417 1851 3454 excitarunt,
1870 3423 1969 3455 quum
1987 3413 2038 3445 alii
2053 3413 2216 3444 hortaren-
