2372 3704
91 246 165 279 452

90 329 205 366 codd.
229 327 410 374 casaub.;
433 325 654 373 ἆλὸαντοίνης
668 328 784 366 codd.
802 329 951 377 Dindf.)
983 328 1018 365 δὲ
1042 343 1140 380 στρε-

89 386 174 424 πτὸν
198 386 257 423 καὶ
286 385 393 436 ὅλμον
419 389 584 438 χρυσοῦν.
614 385 716 425 Ὁήδὲ
741 384 846 435 ὅλμος
871 387 945 424 ἐστὶ
975 386 1139 439 ποτήριον

90 445 248 496 κερατίου
267 444 392 497 τρόπον
411 444 650 496 εἰργασμένον,
674 443 756 497 ὕψος
773 447 818 487 ὡς
834 446 1057 495 πυγωνιαῒον.
1083 462 1099 478 ι»

143 506 195 541 De
211 518 252 541 re
275 519 313 541 v.
341 513 422 541 not.
451 505 793 553 Schweighaeuseri.
822 506 896 540 Pro
918 502 1139 550 Μενεσθένης

88 564 306 612 Dalecamp.
330 564 430 611 conj.
454 561 696 612 Μεγασθένης,
713 563 837 599 inutili
856 575 943 599 sane
959 571 1112 600 conatu.

506 705 718 720 w

430 811 804 869 MENETOR.

356 935 478 974 niem.
509 933 872 974 ANAennAmN.

146 1031 345 1067 Athenaeus
363 1031 477 1075 XIII,
494 1043 534 1078 p.
559 1028 656 1077 594,
680 1030 735 1065 B:
758 1026 952 1073 Διαὸόητος
969 1027 999 1063 δ’
1019 1026 1142 1079 ἑταίρα

91 1087 208 1139 γέγονε
227 1103 286 1125 και
308 1091 330 1134 ἡ
352 1086 510 1133 Μιλησία
532 1084 729 1136 Πλαγγών·
749 1088 790 1131 ἧς
816 1084 1142 1136 περικαλλεστάτης

92 1146 195 1194 οὔσης
211 1146 347 1198 ἠράσθη
363 1161 412 1188 τις
431 1144 606 1187 νεανίσκος
626 1143 857 1204 Κολοφώνιος,
875 1143 1037 1195 Βακχίδα
1052 1142 1142 1195 ἔχων

91 1203 268 1257 ἐρωμένην
288 1203 400 1249 τὴν...
369 1202 525 1253 Σαμίαν.
544 1201 676 1253 Λόγους
695 1205 754 1240 οὖν
768 1202 1063 1254 προσενέγκαντος
1082 1205 1142 1239 τοῦ

91 1262 271 1300 νεανίσκου
302 1261 387 1314 πρὸς
419 1260 540 1308 αὐτὴν,
575 1264 597 1308 ἡ
631 1260 827 1330 Πλαγγων,
863 1260 1046 1299 ἀκούσασα
1081 1276 1143 1307 της

92 1321 266 1373 Βακχίδος
293 1319 332 1358 τὸ
350 1320 495 1367 κάλλος,
518 1319 578 1358 καὶ
598 1322 748 1372 ἀποτρε
722 1319 796 1358 'batt
816 1319 963 1358 θέλουσα
984 1319 1043 1358 τὸν
1062 1335 1143 1357 νεα-

91 1379 208 1417 νίσκον
224 1383 283 1417 τοῦ
301 1377 384 1431 πρὸς
405 1378 514 1425 αὐτὴν
536 1378 683 1430 ἔρωτος,
705 1395 752 1422 ως
776 1378 977 1416 ἀδύνατον
959 1394 1014 1426 ην,
1034 1377 1144 1430 ᾔτησε

92 1455 153 1485 της
181 1437 364 1481 συνουσίας
385 1437 506 1488 μισθὸν
526 1437 584 1475 τὸν
605 1437 780 1490 Βακχίδος
807 1437 928 1491 ὅρμον,
959 1436 1143 1484 διαὸόητον

95 1497 191 1535 ὄντα.
211 1496 253 1536 Ὁ
274 1496 310 1534 δὲ
330 1497 515 1549 σφοδρῶς’
501 1498 588 1548 ερῶν
609 1495 735 1542 ἠξίωσε
752 1494 814 1542 τὴν
834 1494 997 1547 Βακχίδα
1017 1511 1065 1545 μη
1086 1510 1144 1532 πε-

95 1557 213 1608 ριιδεῖν
233 1554 336 1593 αὐτὸν
355 1554 610 1605 ἀπολλύμενον.
643 1554 717 1593 Καὶ
737 1557 759 1600 ἡ
780 1554 930 1605 Βακχὶς,
950 1552 1013 1599 τὴν
1026 1551 1144 1604 ’ὁρμὴν

94 1615 285 1653 κατιδοῦσα
297 1617 356 1651 τοῦ
368 1613 560 1661 νεανίσκου,
577 1612 696 1650 ἔδωκε.
710 1613 887 1663 Πλαγγών
902 1628 952 1659 τε,
965 1611 1004 1650 τὸ
1017 1612 1144 1658 ἄζηλον

95 1673 280 1711 συνιδοῦσα
297 1675 358 1719 τῆς
383 1672 581 1723 Βακχίδος,
602 1671 660 1709 τὸν
682 1671 744 1722 μὲν
771 1671 976 1724 ἀπέπεμψεν
1002 1670 1116 1722 ἐκείνῃ
1133 1700 1143 1717 ,

95 1733 145 1784 τῶ
161 1732 195 1770 δὲ
213 1731 386 1782 ὡμίλησε.
409 1731 481 1769 Καὶ
495 1746 556 1768 του
571 1731 691 1768 λοιπου
709 1730 842 1791 φίλαι’
827 1729 1007 1781 εγένοντο,
1024 1732 1146 1773 κοινῶς

97 1789 328 1843 περιέπουσαι
345 1788 402 1827 τὸν
424 1788 586 1862 ἐραστήν.
609 1789 653 1828 ’E
641 1789 692 1841 φ’
709 1783 757 1833 οἷς
777 1787 898 1832 Ἴωνες
918 1787 1144 1839 ἀγασθέντες,

97 1849 143 1894 ὥς
158 1864 243 1902 φησι
260 1848 460 1899 Μενέτωρ’
446 1864 480 1886 εν
497 1851 546 1886 τῶ
565 1848 654 1901 Περὶ
676 1848 922 1899 ἀναθημάτων,
942 1848 1145 1901 Πασιφίλαν

96 1907 267 1946 εκάλεσαν
283 1906 346 1954 την
369 1906 576 1958 Πλαγγόνα.

515 2021 728 2036 -οοοοφ-

152 2109 399 2146 MENIPPUS
419 2109 436 2144 ὃ
462 2105 599 2158 γράψας
625 2103 670 2143 τὰ
686 2104 775 2157 Περὶ
794 2105 916 2143 Λυδῶν
937 2104 996 2142 καὶ
1014 2104 1150 2142 Ξάνθον

101 2166 344 2217 ἐπιτεμόμενος
362 2173 597 2203 memoratur
615 2165 718 2214 apud
732 2166 879 2214 Diogen
894 2167 935 2202 L.
951 2167 1018 2215 VI,
1037 2178 1121 2203 101.

102 2435 212 2467 scribit
230 2445 238 2466 :
260 2448 275 2462 «
291 2435 461 2467 Albatanes
474 2443 549 2466 vero
563 2435 703 2466 tortilem
723 2437 754 2466 et
768 2411 914 2465 holmum
930 2442 1075 2466 aureum.
1097 2435 1154 2466 Est

103 2489 211 2519 autem
225 2487 372 2524 holmus,
391 2486 541 2526 poculum
557 2486 596 2516 ad
611 2494 769 2517 cornuum
788 2485 920 2517 modum
934 2485 1154 2526 elaboratum,

102 2540 273 2573 altitudine
284 2539 349 2572 fere
367 2539 510 2571 cubitali.
529 2552 543 2566 n

459 2615 526 2652 DE
548 2613 806 2653 DONARUS.

146 2679 281 2724 Famosa
297 2690 393 2722 etiam
414 2690 567 2721 meretrix
594 2689 711 2729 Plango
735 2688 796 2720 fuit
813 2688 946 2721 Milesia.
965 2691 1045 2726 Quae
1056 2697 1156 2729 quum

105 2744 188 2775 esset
200 2742 445 2780 formosissima,
466 2749 576 2772 amore
589 2740 658 2781 ejus
676 2741 789 2781 captus
802 2741 850 2772 est
864 2740 1047 2772 adolescens
1063 2741 1156 2772 Colo-

107 2795 263 2836 phonius,
282 2795 336 2835 qui
358 2794 510 2828 amasiam
527 2793 663 2825 habebat
677 2793 868 2826 Bacchidem
887 2793 1038 2825 Samiam.
1067 2794 1158 2825 Plan-

107 2857 221 2888 gonem
230 2848 326 2887 igitur
335 2856 436 2888 quum
444 2847 628 2878 sollicitaret
635 2846 830 2884 adolescens,
843 2845 897 2878 illa
907 2846 992 2878 sama
1000 2846 1158 2886 cognitam

107 2901 228 2934 habens
240 2900 512 2941 pulchritudinem
527 2900 710 2939 Bacchidis,
721 2901 752 2932 et
765 2901 908 2932 avertere
918 2900 1070 2939 Juvenem
1083 2908 1100 2931 a
1110 2900 1159 2931 sui

108 2961 218 2984 amore
238 2951 388 2991 cupiens,
409 2960 509 2991 quum
528 2952 607 2983 nihil
625 2951 811 2992 proficeret,
832 2951 1012 2983 mercedem
1040 2960 1159 2983 concu-

110 3004 196 3036 bitus
208 3003 317 3035 abillo
333 3003 505 3043 postulavit
521 3003 687 3035 Bacchidis
706 3003 825 3035 monile
839 3003 933 3043 vulgo
949 3004 1158 3036 celebratum.

110 3057 261 3089 'rumille
273 3080 282 3096 ,
298 3056 479 3088 vehementi
497 3065 607 3088 amore
627 3056 761 3097 flagrans
773 3081 782 3096 ‚
800 3057 990 3089 Bacchidem
1013 3058 1163 3098 precatus

110 3110 177 3148 est,
194 3117 235 3140 ne
247 3116 281 3139 se
298 3107 413 3139 misere
430 3111 615 3147 pereuntem
635 3109 815 3148 negligeret.
833 3110 873 3140 Et
890 3108 1038 3148 Bacchis,
1059 3109 1161 3149 impe-

112 3162 182 3192 tum
195 3159 404 3191 adolescentis
420 3158 532 3190 videns
543 3183 552 3198 ,
573 3159 692 3190 monile
711 3159 809 3191 dedit.
825 3162 907 3191 Tum
934 3161 1062 3200 Plango,
1075 3163 1162 3201 post-

114 3221 210 3254 quam
224 3212 304 3244 adeo
323 3212 460 3243 alienam
470 3212 510 3243 ab
522 3211 640 3243 invidia
654 3212 844 3244 Bacchidem
855 3213 1029 3253 intellexit,
1044 3213 1164 3245 mouile

115 3265 141 3298 ei
161 3263 300 3301 remisit,
319 3271 393 3294 cum
408 3263 610 3294 adolescente
625 3272 702 3295 vero
719 3263 903 3295 concubuit.
922 3266 962 3296 Et
981 3264 1022 3296 ab
1035 3273 1073 3296 eo
1084 3267 1164 3296 tem·

115 3323 190 3356 pore
206 3314 319 3346 amicae
332 3315 382 3346 hae
396 3313 477 3346 inter
493 3323 526 3345 se
542 3314 671 3345 suerunt
683 3338 690 3352 ,
708 3315 741 3346 et
761 3316 924 3346 communi
945 3315 1165 3348 benevolentia

114 3369 291 3399 amatorem
308 3367 383 3398 sunt
400 3367 587 3407 prosecutae.
605 3369 709 3404 Quam
733 3376 799 3398 rem
817 3368 923 3399 mirati
941 3370 1050 3407 lones,
1070 3370 1106 3400 nt
1121 3368 1166 3400 ait

82 3433 87 3436 ·
116 3420 300 3452 Menetorin
318 3419 398 3450 libro
413 3421 458 3450 De
470 3418 609 3450 donariis
624 3419 838 3460 templorum,
863 3420 1079 3461 Pasiphaam
1105 3429 1164 3452 vo-

119 3473 229 3503 carunt
245 3471 446 3512 mangonem,

861 237 1157 280 MENETORIS
1168 271 1178 288 ,
1207 238 1437 280 MENYLLI
1449 270 1460 290 ,

1517 372 1928 432 MENYLLUS.

1612 496 1818 535 ΙΤΑΛΙΚΑ
1826 524 1834 533 .

1499 589 1529 624 E
1561 589 1713 625 LIBRO
1751 591 1948 627 TERTIO.

1714 685 1745 707 1.

1256 740 1444 777 Plutarch.
1467 741 1553 779 Par.
1575 741 1673 777 min.
1706 754 1740 778 c.
1771 742 1835 788 26,
1857 755 1898 792 p.
1923 743 2012 789 312,
2034 745 2090 783 B:
2113 744 2253 784 Σεπτί-

1203 811 1280 846 μιος
1300 796 1506 849 Μάρκελλος
1524 797 1643 847 γήμας
1674 795 1856 846 Σιλουΐαν,
1883 799 1951 837 τὰ
1958 799 2074 839 πολλὰ
2099 804 2253 856 κυνηγίῳ

1203 870 1309 908 προσε
1302 855 1416 894 ’·κειτο
1427 871 1490 901 την
1502 855 1537 893 δὲ
1548 856 1738 909 νεόνυμφον
1751 858 1786 895 ἐν
1801 873 1959 910 σχηματι
1971 860 2135 910 ποιμένος
2147 860 2254 914 Ἄρης

1205 907 1434 982 βιασάμενος,
1451 907 1626 959 ἐγκύμονα
1644 910 1807 961 ἐποίησε,
1822 912 1881 949 καὶ
1897 913 2140 964 ὡμολόγησεν,
2161 914 2256 960 ὅστις

1203 969 1261 1015 ἠν,
1276 966 1336 1004 καὶ
1352 967 1431 1018 δόρυ
1446 967 1565 1018 ἔδωκε,
1585 966 1646 1014 τὴν
1660 968 1791 1019 γένεσιν
1803 972 1862 1008 τοῦ
1878 970 2062 1019 μέλλοντος
2077 972 2256 1011 τίκτεσθαι

1204 1025 1347 1076 φάσκων
1364 1027 1399 1063 ἐν
1411 1027 1504 1064 αὐτῶ
1518 1028 1739 1066 ἀποκεῖσθαι.
1757 1027 1952 1067 Ἀπέκτεινε
1966 1032 2048 1081 γοῦν
2065 1030 2256 1081 Σεπτίμιος

1204 1086 1412 1124 Τουσκῖνον.
1437 1085 1631 1136 Μάμερκος
1653 1084 1690 1123 δὲ
1710 1086 1798 1139 ὑπὲρ
1827 1088 2018 1138 εὐκαρπίας
2037 1087 2126 1127 θύων
2145 1090 2254 1139 θεοῖς,

1206 1142 1312 1193 μόνης
1331 1143 1491 1193 ἠμέλησε
1506 1143 1709 1196 Δήμητρος.
1730 1144 1774 1184 Ἥ
1797 1145 1834 1183 δὲ
1849 1145 1984 1198 κάπρον
1998 1146 2145 1201 ἔπεμψε.
2162 1150 2256 1188 Συν-
2299 1171 2312 1183 2

1206 1202 1368 1255 αθροίσας
1403 1201 1438 1240 δὲ
1470 1202 1619 1247 πολλοὺς
1647 1205 1775 1248 ἐκεῖνος
1806 1205 1996 1255 κυνηγέτας
2032 1207 2167 1255 ἀνεῖλε,
2196 1207 2256 1246 καὶ

1204 1261 1268 1307 τὴν
1296 1261 1450 1314 κεφαλὴν
1481 1262 1599 1300 καὶτὸ
1630 1262 1724 1314 δέρος
1751 1266 1794 1314 τῇ
1817 1265 2089 1317 κατηγγυημένῃ
2119 1266 2258 1317 γυναικὶ

1205 1319 1448 1373 κατεχώρησε.
1478 1321 1715 1374 Σκυμὸράτης
1743 1321 1779 1360 δὲ
1804 1322 1865 1360 καὶ
1890 1323 2045 1368 Μουθίας
2071 1326 2102 1363 οἱ
2123 1324 2258 1377 μητρά-

1206 1379 1323 1432 δελφοι
1341 1379 1556 1432 περιείλοντο
1581 1382 1641 1427 τῆς
1670 1381 1786 1434 κόρης.
1810 1381 2072 1433 Ἀγανακτήσας
2093 1384 2123 1422 δ’
2145 1385 2257 1423 ἀνεῖλε

1205 1436 1284 1480 τοὺς
1306 1444 1497 1488 συγγενεῖς·
1517 1441 1539 1485 ἡ
1569 1438 1603 1476 δὲ
1633 1439 1751 1491 μήτηρ
1776 1439 1816 1478 τὸ
1847 1440 1927 1493 δόρυ
1956 1441 2188 1480 κατέκαυσεν·
2212 1443 2259 1485 ὡς

1207 1496 1385 1537 Μένυλλος
1399 1498 1433 1534 ἕν
1449 1495 1555 1550 τρίτῳ
1576 1497 1774 1537 Ἰταλικῶν.

1587 1604 1876 1647 ΒΟΙΩΤΙΑΚΑ.

1523 1699 1552 1733 Ε
1581 1699 1732 1736 LIBRO
1761 1701 1934 1739 PRIMO.

1712 1794 1750 1820 2.

1854 1860 1884 1895 B
1913 1872 1921 1895 :
1955 1857 2016 1897 Ἐν
2043 1858 2169 1898 Αὐλίδι
2199 1862 2261 1907 τῆς

1211 1913 1380 1956 Βοιωτίας
1395 1913 1439 1951 τὰ
1453 1914 1532 1967 περὶ
1557 1914 1762 1968 Ἰφιγένειαν
1789 1916 1916 1967 ὁμοίως
1933 1919 2064 1970 ἱστορεῖ
2082 1917 2262 1970 Μέρυλλος

1211 1972 1245 2008 ἐν
1260 1972 1389 2026 πρώτῳ
1402 1975 1641 2012 Βοιωτιακῶν.
1657 1978 1703 2012 In
1716 1977 2027 2015 antecedentibus
2039 1979 2263 2015 Plutarchus

1211 2044 1231 2066 e
1251 2032 1444 2079 Pythoclis
1471 2035 1611 2070 Italicis
1641 2035 1688 2071 de
1711 2037 1864 2072 Metello
1899 2035 2017 2072 filiam
2041 2037 2264 2074 immolante

1211 2099 1443 2128 narraverat.
1461 2114 1513 2119 -——
1529 2095 1602 2129 Pro
1620 2092 1801 2146 Μέρυλλος
1813 2093 2055 2131 scribendum
2067 2093 2260 2138 Μένυλλος.

1211 2149 1384 2197 Namque
1400 2148 1579 2202 Μέρυλλος
1591 2164 1731 2188 nomen
1747 2153 1836 2189 alibi
1847 2181 1859 2202 ,
1877 2160 2060 2201 quantum
2078 2154 2172 2199 scio,
2186 2166 2265 2189 non

1215 2210 1404 2255 occurrit3
1421 2211 1577 2258 Menylli
1593 2212 1722 2260 plures
1735 2223 1799 2261 ap.
1818 2219 1908 2248 vett.
1925 2219 2200 2260 memorantur,
2222 2220 2266 2248 ut

1213 2268 1398 2315 Menyllus
1420 2269 1715 2316 Alabandensis,
1736 2283 1759 2306 a
1785 2271 1988 2307 Ptolemaeo
2009 2272 2266 2307 Philometore

1215 2329 1377 2364 Romam
1405 2328 1454 2364 ad
1481 2336 1651 2365 senatum
1677 2330 1839 2378 legatus,
1858 2330 1992 2378 Polyb.
2014 2331 2173 2375 XXXI,
2202 2328 2262 2366 18.

1265 1855 1372 1891 Idem
1396 1856 1491 1892 ibid.
1512 1869 1547 1895 c.
1587 1862 1651 1904 14,
1669 1870 1710 1906 p.
1744 1858 1834 1908 309,

1629 2467 1851 2507 ITALICA.

1730 2553 1761 2585 1.

1258 2613 1430 2652 Septimius
1445 2614 1627 2654 Marcellus,
1638 2614 1735 2646 ducta
1750 2614 1783 2646 in
1796 2622 1931 2646 uxorem
1946 2613 2061 2653 Silvia,
2077 2613 2269 2655 plerumque

1218 2664 1439 2697 venationibus
1454 2674 1583 2706 operam
1605 2666 1716 2698 dabat.
1745 2668 1869 2698 Novam
1893 2666 2003 2697 autem
2030 2673 2164 2697 uxorem
2181 2667 2268 2697 Mars

1217 2715 1278 2746 sub
1295 2716 1429 2755 pastoris
1445 2717 1549 2757 specie
1565 2718 1724 2758 stupravit
1743 2717 1795 2757 vi,
1811 2718 1908 2758 atque
1925 2717 2003 2748 soetu
2018 2716 2164 2757 implevit
2181 2729 2189 2748 ι
2203 2716 2267 2748 fas-

1216 2776 1334 2808 susque
1350 2769 1420 2808 quis
1430 2773 1523 2809 esset,
1537 2770 1676 2810 stipitem
1690 2769 1795 2809 dedit,
1805 2770 1837 2801 in
1851 2778 1915 2810 quo
1929 2770 2047 2800 suturae
2060 2768 2156 2809 prolis
2167 2768 2269 2800 satum

1219 2821 1375 2853 contineri
1405 2822 1535 2854 diceret.
1564 2823 1728 2855 interfecit
1755 2824 1864 2854 autem
1885 2822 2058 2862 Septimius
2082 2821 2266 2853 Fuscinum.

1218 2876 1398 2906 Mamercus
1413 2876 1522 2907 autem
1538 2884 1639 2915 quum
1656 2875 1827 2906 fertilitatis
1845 2873 1969 2906 telluris
1993 2882 2089 2905 causa
2103 2873 2165 2905 diis
2174 2873 2269 2905 sacri-

1220 2925 1349 2965 ficaret,
1371 2926 1473 2958 solam
1489 2927 1630 2967 neglexit
1653 2928 1801 2959 Cererem
1828 2937 1836 2957 :
1855 2934 1892 2958 ea
1911 2934 2026 2966 aprum
2044 2925 2102 2965 ipsi
2123 2924 2268 2956 immisit.

1220 2981 1248 3011 11
1253 2987 1315 3010 unc
1326 2979 1352 3011 is
1361 2986 1474 3020 aprum
1484 2979 1595 3010 multis
1604 2979 1746 3010 collectis
1759 2978 1965 3010 venatoribus
1974 2977 2149 3016 interfecit,
2158 2979 2269 3018 caput·

1221 3040 1284 3072 que
1297 3033 1329 3063 et
1353 3032 1466 3072 pellem
1483 3032 1648 3072 desponsae
1676 3030 1734 3063 sibi
1754 3030 1880 3062 feminae
1907 3029 2050 3061 tradidit.
2069 3029 2271 3070 Scymbrates

1222 3087 1332 3117 autem
1357 3086 1389 3117 et
1417 3085 1558 3117 Muthias
1584 3084 1737 3116 avunculi
1759 3092 1797 3115 ea
1815 3083 1929 3123 virgini
1945 3082 2161 3114 ademerunt:
2190 3090 2271 3122 quos

1221 3148 1324 3180 quum
1349 3139 1402 3170 ille
1429 3138 1570 3170 irritatus
1585 3137 1794 3177 trucidasset,
1817 3138 1919 3169 mater
1934 3135 2075 3176 stipitem
2103 3135 2269 3167 cremavit.

1223 3192 1275 3224 Sic
1287 3191 1445 3232 Menyllus
1460 3189 1555 3222 tertio
1570 3189 1765 3221 ltalicorum.

1733 3261 1769 3294 2.

1616 3331 1857 3374 BOEOTICA
1864 3362 1873 3371 .

1267 3419 1303 3449 In
1327 3414 1441 3461 Aulide
1458 3414 1587 3447 Boeotioe
1603 3414 1683 3446 urbe
1699 3413 1802 3446 simile
1818 3412 1980 3453 quippiam
1998 3410 2168 3452 lpliigeniae
2186 3410 2270 3442 acci-

1228 3469 1310 3501 disse
1321 3493 1330 3509 ,
1345 3468 1495 3508 Meryllus
1508 3466 1616 3499 scribit
1630 3466 1661 3497 in
1678 3465 1782 3507 primo
1796 3464 2023 3498 Boeoticorum.
