2326 3724
79 237 154 268 22³8

74 320 168 365 ἡμᾶς
197 316 256 354 καὶ
287 318 382 366 υμεῑς
402 318 462 354 οὐκ
493 315 664 360 ἄλλως.»
699 318 858 356 Τοιαυτα
888 316 978 355 ἄττα
1007 316 1121 362 ἔλεξεν

75 377 93 412 ὃ
114 374 322 427 Ζήμαρχος·
344 377 362 413 ὁ
380 373 415 413 δε
434 374 476 420 δὴ
500 374 712 419 Διζάὸουλος
733 374 793 413 καὶ
813 374 912 420 αὐτὸς
927 375 1114 429 προσρήσε

76 448 129 470 σιν
159 449 173 471 ε
176 449 335 486 χρησατο
354 432 502 483 ὁμοίαις.
536 427 628 472 Εἶτα
646 432 686 472 τὸ
711 433 869 472 λοιπὸν’
855 433 1060 487 ετράπησαν
1090 436 1123 478 ἐς

76 490 213 541 θοίνην,
235 491 295 529 καὶ
318 490 521 544 πανημερίᾳ
544 491 780 544 (πανημέριοι
798 494 919 532 Bekk.
933 494 944 544 )
966 493 1122 546 εὐωχού-

77 565 174 600 μενοι
208 549 379 588 διετέλουν
414 551 448 588 ἐν
487 551 575 603 αὐτῇ
613 550 724 597 δήπου
758 554 801 604 τῇ
837 554 963 604 σκηνῇ.
1007 554 1122 591 Κατε-

76 607 250 647 σκεύαστο
271 608 306 647 δὲ
330 610 426 662 αὐτῷ
444 608 479 654 ἐξ
499 609 716 661 ὑφασμάτων
738 612 891 662 σηρικῶν
915 627 952 649 τε
966 611 1024 650 καὶ
1045 611 1123 649 δια-

77 667 359 718 πεποικιλμένων
375 673 446 712 τοῖς
463 667 650 721 χρώμασιν
668 668 848 721 εὐτέχνως.
865 668 963 723 Οἴνῳ
984 669 1047 720 μὲν
1066 665 1124 708 οἶν

76 725 291 779 ἐχρήσαντο,
316 728 382 779 οὐχ
400 727 510 779 ὁμοίῳ
530 727 567 765 δὲ
595 730 645 779 τῷ
674 731 759 779 παρ’
785 731 870 779 ἡμῖν
891 728 1126 782 ἐκθλιὸομένῳ

77 785 117 822 ἐκ
137 788 198 832 τῆς
220 784 379 835 ἀμπέλου
394 800 402 808 ·
423 786 462 822 οὔ
479 784 546 838 γὰρ
567 785 608 832 δὴ
627 786 869 839 ἀμπελοφόρος
888 787 1004 831 αὐτοῖς
1023 791 1042 834 ἡ
1063 790 1126 838 γῆ,

77 841 153 881 οὐδὲ
188 843 258 894 μὴν
288 844 494 896 ἐγχωριάζει
522 844 606 897 παρ’
635 846 751 889 αὐτοῖς
778 845 819 883 τὸ
851 845 983 884 τοιόνδε
1013 845 1125 897 γένος·

78 901 196 954 ἑτέρου
224 902 261 941 δέ
291 919 379 947 τινος
414 903 630 956 βαρὸαρικοῦ
661 904 916 958 ἐνεφορηθησαν
946 905 1124 956 γλευκους.

79 962 151 1000 Καὶ
181 961 435 1013 ἀνεχώρησαν,
461 977 540 1000 οποι
561 963 676 1006 αὐτοῖς
695 965 717 1009 ἡ
746 962 973 1007 κατάλυσις
955 979 1010 1011 ην.
1035 957 1127 1002 Εἶτα

79 1021 113 1063 ἐς
137 1035 177 1058 το
208 1020 327 1073 αὔριον
346 1023 380 1059 ἐν
403 1019 503 1073 ἑτέρᾳ
532 1020 598 1058 τινὶ
627 1021 766 1074 καλύοῃ
789 1021 971 1071 ξυνηλθον,
989 1025 1128 1076 ἠμφιε-

79 1079 188 1130 σμένη
207 1079 243 1116 δὲ
264 1079 324 1117 καὶ
341 1079 689 1133 καταπεποικιλμένῃ
710 1081 773 1119 οὐκ
798 1081 912 1124 ἄλλως
928 1080 963 1126 ἐξ
978 1081 1128 1132 ἱματίων

80 1140 254 1189 σηρικῶν·
276 1137 355 1175 ἔνθα
376 1137 436 1176 καὶ
458 1138 650 1188 ἀγάλματα
681 1139 831 1192 διάφορα
862 1143 905 1192 τῇ
934 1143 1051 1193 μορφῇ
1072 1142 1125 1178 εἱ-

81 1196 216 1243 στήκει.
240 1195 286 1236 ‘O
307 1196 343 1234 δὲ
371 1196 586 1241 Διζάὸουλος
615 1196 764 1243 ἐνίζανεν
798 1198 855 1236 ἐπὶ
873 1198 994 1246 κλίνης
1020 1198 1130 1247 τινὸς,

79 1253 162 1301 ὅλης
188 1256 227 1293 ἐκ
255 1258 403 1307 χρυσοῦ.
428 1257 531 1293 Κατὰ
552 1255 588 1293 δὲ
611 1256 652 1301 δὴ
674 1256 712 1295 τὸ
733 1255 838 1306 μέσον
869 1261 931 1295 τοῦ
960 1257 1131 1305 ἐνδιαιτή·

81 1328 190 1363 ματος
218 1314 364 1357 κάλπεις
392 1329 428 1351 τε
463 1319 593 1366 χρυσαῖ
623 1314 684 1352 καὶ
712 1317 986 1368 περιραντήρια,
1014 1317 1066 1355 ἔτι
1093 1333 1131 1355 τε

80 1371 174 1409 πίθοι
204 1374 343 1424 χρυσοῖ.
365 1373 627 1423 Θοινησάμενοι
649 1374 679 1412 δ’
693 1369 762 1424 υοὖν
782 1375 843 1413 καὶ
864 1370 977 1423 αὖθις,
999 1375 1060 1414 καὶ
1088 1375 1132 1414 τὰ

81 1430 146 1469 ὅσα
167 1432 272 1483 ἐχρην
290 1432 323 1469 ἐν
342 1431 439 1484 πότῳ
457 1431 610 1476 εἰπόντες
625 1448 663 1470 τε
682 1433 742 1471 καὶ
765 1433 955 1480 ἀκηκοότες
969 1464 980 1484 ,
1003 1434 1134 1487 ἀνεχώ-

83 1505 208 1541 ρησαν.
231 1493 287 1541 Τῇ
310 1489 418 1537 ἑξῆς’
403 1507 436 1529 εν
454 1490 557 1544 ἑτέρα
576 1490 734 1542 εγένοντο
755 1492 889 1545 διαίτῃ,
909 1493 988 1531 ἔνθα
1007 1493 1133 1538 ξύλινοι

81 1549 191 1592 κίονες
207 1544 298 1596 ἠσάν
319 1565 428 1601 τινες,
455 1549 671 1600 ἐνδεδυμένοι
687 1554 830 1605 χρυσῷ,
851 1551 1073 1605 χρυσήλατός
1093 1568 1129 1590 τε

83 1607 183 1654 κλίνη
203 1608 348 1657 ὁμοίως,
371 1608 493 1655 ἥντινά
509 1624 548 1659 γε
565 1589 678 1656 δηπου
692 1610 751 1648 καὶ
771 1611 901 1654 τάωνες
915 1613 1043 1664 χρυσοῖ
1057 1611 1133 1649 τέτ-

82 1682 183 1738 ταρες
202 1666 350 1719 ᾐωρουν.
376 1667 477 1706 Κατὰ
506 1667 541 1706 δὲ
560 1668 601 1716 δὴ
623 1685 662 1707 το
689 1669 896 1719 ἔμπρόσθιον
921 1686 982 1718 της
1001 1670 1135 1718 διαίτης

83 1725 140 1763 ἐπὶ
161 1725 250 1764 πολυ
270 1727 507 1779 παρετέταντο
540 1727 688 1778 ἅμαξαι,
719 1730 752 1766 ἐν
772 1731 826 1771 αἱς
842 1728 931 1767 πολύ
953 1745 986 1767 τι
1005 1732 1132 1782 χρῆμα

83 1784 233 1837 ἀργύρου
254 1786 355 1832 ἐπῆν,
379 1785 490 1824 δίσκοι
515 1802 551 1824 τε
581 1786 641 1825 καὶ
662 1794 774 1825 κανᾶ·
800 1803 839 1826 ου
860 1787 930 1838 μὴν
962 1788 1053 1826 ἀλλὰ
1074 1788 1135 1826 καὶ

82 1843 306 1896 τετραπόδων
327 1845 525 1894 ἰνδάλματα
543 1847 713 1894 πλεῖστα,
728 1846 789 1885 καὶ
805 1846 893 1885 αυτά
908 1863 948 1899 γε
964 1847 1135 1894 δηπουθεν

84 1902 365 1954 ἀργυροποίητα,
397 1902 495 1941 ουδέν
527 1919 558 1941 τι
592 1904 784 1943 ἀποδέοντα
818 1907 888 1943 τῶν
919 1905 1002 1958 παρ’
1034 1908 1133 1954 ἡμῖν

83 1963 196 2000 Τοῦτο
214 1961 277 2010 μὲν
293 1965 351 2000 οὖν
368 1978 418 2014 τῳ
436 1965 502 2000 τῶν
518 1962 721 2015 Τούρκων
703 1963 852 2015 ηγεμόνι
872 1964 983 2003 ἔνεστι
997 1966 1134 2017 χλιδῆς.

84 2023 167 2059 Τῶν
199 2021 235 2058 δὲ
264 2020 344 2073 περὶ
379 2021 573 2074 Ζήμαρχον
603 2022 654 2061 ἔτι
689 2023 799 2061 ἐκεῖσε
834 2024 1132 2076 ἐνδιατριὸόντων,

85 2079 177 2124 ἔδοξε
198 2081 248 2132 τῷ
266 2080 492 2134 Διζαὸούλῳ,
518 2081 608 2120 ὥστε
630 2081 734 2120 αὐτὸν
765 2081 827 2133 μὲν
850 2083 1045 2135 Ζήμαρχον
1063 2082 1137 2133 ἅμα

85 2191 186 2224 eritis.
206 2205 221 2220 »
240 2195 348 2230 Quum
361 2194 554 2226 Zemarehus
569 2194 753 2234 hujusmodi
769 2195 947 2227 orationem
962 2195 1138 2234 habuisset,

89 2245 265 2277 Dizabulus
277 2245 317 2276 ad
331 2245 465 2277 eandem
482 2246 670 2278 sententiam
686 2247 860 2287 respondit.
877 2246 954 2279 Inde
970 2256 1003 2279 se
1017 2247 1058 2278 ad
1066 2256 1139 2278 con-

88 2297 210 2327 vivium
229 2299 475 2338 converterunt,
496 2300 528 2329 et
545 2298 631 2338 quod
652 2299 811 2339 reliquum
826 2299 887 2331 suit
903 2299 965 2331 diei
982 2299 1014 2331 in
1028 2299 1140 2331 eodem

87 2348 227 2380 tentorio
240 2348 333 2387 genio
361 2349 561 2388 indulgentes
577 2351 811 2390 transegerunt.
824 2352 901 2383 Erat
925 2353 1036 2383 autem
1062 2351 1140 2383 illud

87 2399 266 2431 tentorium
284 2399 476 2431 instructum
494 2401 601 2433 sericis
618 2403 795 2442 tapetibus,
813 2403 934 2435 affabre
950 2412 1007 2443 per
1019 2404 1142 2435 colores

89 2451 269 2492 variegatis.
285 2451 405 2483 Vinum
421 2453 592 2492 praebitum
606 2454 734 2494 quidem
749 2454 810 2486 illis
823 2456 888 2495 est,
905 2464 970 2486 non
986 2456 1095 2486 autem
1110 2454 1142 2486 id

91 2513 190 2544 genus
211 2504 298 2545 quod
315 2514 356 2537 ex
372 2506 443 2537 uvis
462 2506 652 2546 exprimitur
671 2517 678 2538 z
701 2516 806 2548 neque
819 2508 904 2539 enim
918 2517 1030 2540 eorum
1057 2509 1143 2548 regio

92 2557 208 2589 vitium
223 2557 312 2589 ferax
325 2559 390 2598 est,
403 2567 507 2598 neque
521 2558 616 2598 hujus
630 2559 841 2599 generispotu
859 2560 905 2591 uti
916 2561 1031 2592 assueti
1049 2562 1142 2599 sunt;

90 2609 143 2640 sed
158 2609 220 2640 alio
238 2608 413 2641 barbaricae
430 2610 568 2650 potionis
584 2619 710 2650 genere,
725 2611 765 2642 ad
789 2611 885 2643 musti
903 2611 1142 2643 similitudinem

92 2663 187 2694 tactae
212 2663 335 2702 satiati,
362 2663 403 2694 ad
427 2663 621 2704 hospitium,
643 2674 706 2705 quo
734 2665 950 2703 diverterant,
968 2665 1141 2697 redierunt.

92 2714 251 2746 Postridie
264 2714 361 2746 etiam
379 2715 411 2746 in
427 2715 489 2747 alio
505 2716 633 2756 tugurio
655 2719 894 2756 convenerunt,
911 2717 998 2757 quod
1011 2720 1079 2749 erat
1102 2718 1144 2749 si-

93 2766 161 2797 mili
174 2767 318 2806 tapetum
329 2767 505 2798 sericorum
516 2777 630 2807 genere
640 2768 830 2800 adornatum
841 2793 850 2807 ,
865 2771 897 2800 et
911 2769 941 2800 in
950 2778 1015 2809 quo
1028 2769 1147 2809 effigies

94 2817 182 2849 varia
212 2819 313 2850 forma
341 2819 572 2851 cernebantur.
591 2819 728 2852 Sedebat
758 2823 867 2852 autem
885 2821 952 2861 ipse
974 2821 1147 2852 Dizabulus

94 2870 125 2901 in
144 2870 245 2909 lecto,
274 2870 328 2910 qui
345 2872 433 2902 totus
459 2872 529 2902 erat
550 2880 591 2903 ex
617 2880 696 2902 auro
716 2872 899 2911 contectus,
917 2873 949 2903 et
981 2871 1012 2903 in
1040 2872 1148 2904 medio

93 2921 256 2953 conclavis
280 2923 371 2953 erant
394 2931 504 2962 urnae,
535 2923 749 2963 aquiminaria
774 2925 807 2955 et
819 2923 905 2955 dolia
921 2933 1028 2956 aurea.
1061 2926 1147 2956 Post-

96 2981 193 3013 quam
222 2973 339 3004 iterum
369 2974 530 3007 convivati
558 2976 667 3015 erant,
696 2977 727 3007 et
756 2975 839 3006 inter
862 2975 1038 3016 potandum
1075 2985 1149 3017 quae

98 3025 247 3056 convivio
275 3027 507 3059 conveniebant
542 3028 688 3060 dixerant
720 3032 753 3060 et
783 3029 969 3069 audierant,
999 3029 1150 3062 discesse-

102 3081 189 3109 runt.
208 3078 363 3110 Postridie
388 3079 420 3110 in
442 3081 505 3112 alio
522 3082 661 3113 tentorio
677 3084 914 3120 convenerunt,
930 3083 959 3114 in
980 3092 1046 3123 quo
1060 3084 1152 3115 erant

101 3130 260 3161 columnae
278 3130 406 3170 ligneae,
434 3140 513 3163 auro
535 3132 706 3173 involutam
730 3135 878 3165 auratum
907 3135 1003 3166 etiam
1025 3135 1150 3175 cubile,

101 3181 255 3221 quattuor
289 3182 468 3221 pavonibus
493 3184 598 3214 aureis
624 3185 755 3217 fuitum.
786 3186 832 3217 Ad
866 3186 1063 3220 vestibulum
1085 3186 1155 3226 eJus

103 3233 184 3271 loci,
199 3232 255 3264 ubi
278 3234 721 3276 commorabatur,>d1sposita
743 3238 836 3269 erant
862 3238 1022 3278 plaustra,
1038 3238 1156 3279 quibus

105 3284 207 3316 inerat
231 3284 333 3315 multa
360 3286 509 3324 argentea
530 3287 690 3327 supellex,
716 3287 794 3319 disci
823 3292 854 3320 et
880 3289 1003 3329 lances,
1030 3291 1063 3322 et
1082 3291 1155 3330 plu-

107 3336 197 3368 rimae
225 3336 342 3367 statum
364 3336 550 3368 animalium
576 3340 707 3378 argento
727 3340 917 3380 elaboratae,
936 3350 1012 3381 qum
1054 3350 1155 3374 venu-

106 3389 189 3418 state
201 3389 234 3419 et
243 3387 398 3427 elegantia
412 3397 475 3419 non
486 3389 703 3422 concedebant
714 3392 840 3423 nostris.
854 3394 899 3423 Eo
911 3402 1014 3433 usque
1027 3393 1156 3434 opulen-

108 3439 152 3470 tia
165 3438 256 3471 ducis
273 3441 451 3472 Turcorum
460 3442 623 3481 processit.
638 3444 745 3480 Quum
762 3444 953 3477 Zemarchus
967 3445 1068 3486 etqui
1083 3453 1157 3477 cum

824 229 863 267 M
871 229 933 268 EN
941 229 1005 268 AN
1014 229 1104 268 Dm
1134 229 1490 270 PROTECTORIS

1184 316 1291 356 εἴκοσι
1309 322 1534 369 θεραπευταῖς
1551 334 1588 357 τε
1605 319 1666 358 καὶ
1692 319 1833 362 ὀπαδοῖς
1857 317 2003 356 ἕπεσθαί
2027 319 2058 356 οἱ
2079 319 2228 371 ἐκστρα-

1184 376 1358 430 τευομένῳ
1386 376 1478 415 κατὰ
1510 378 1672 430 Περσῶν,
1703 376 1781 422 τοὺς
1812 376 1848 415 δὲ
1878 376 2004 420 ἄλλους
2033 375 2232 427 Ῥωμαίους

1185 434 1508 488 ε’παναστρέφοντας
1526 435 1617 475 κατὰ
1648 435 1690 483 δὴ
1719 435 1781 483 τὴν
1802 433 1923 488 χώραν
1947 438 2018 474 τῶν
2045 435 2243 475 Χολιατῶν·

1187 492 1371 544 ἀναμένειν
1397 493 1460 541 τὴν
1487 495 1683 548 Ζημάρχου
1709 494 1890 535 ἐπάνοδον.
1922 494 1995 534 Καὶ
2020 493 2063 541 δὴ
2083 493 2118 538 ὃς
2139 493 2233 547 (τῷ)

1185 551 1343 603 προῦὅη,
1372 551 1493 605 δώροις
1511 569 1549 592 τε
1575 553 1915 626 φιλοφρονησάμενος
1946 551 2070 597 αὐτους
2102 555 2235 605 ἀφῆκε·

1186 609 1244 648 τὸν
1272 610 1307 649 δὲ
1328 611 1523 664 Ζήμαρχον
1544 627 1605 650 και
1624 612 1816 666 θεραπαίνῃ
1838 611 1984 663 ἐτίμησε
2007 609 2233 665 δοριαλώτῳ,

1187 663 1311 715 4283*
1288 685 1331 716 ην
1356 671 1394 708 ἐκ
1416 686 1485 709 των
1511 670 1706 723 λεγομένων
1733 670 1876 724 Χερχίς.
1904 673 1977 710 Καὶ
2003 672 2022 708 ὃ
2047 669 2238 724 Ζήμαρχος

1188 727 1249 766 συν
1278 731 1329 768 τῶ
1350 729 1593 783 Διζαὸούλῳ’
1577 730 1762 783 επορεύετο
1793 728 2036 783 μαχησομένῳ
2061 729 2234 782 Πέρσαις.

1189 787 1252 826 Ἐν
1272 786 1384 840 ταύτῃ
1405 788 1516 835 δήπου
1534 792 1578 842 τῇ
1596 788 1720 841 πορείᾳ
1749 787 1946 839 γενόμενοι,
1968 789 2002 827 ἐν
2034 787 2142 841 χώρῳ
2170 786 2238 826 τινὶ

1190 846 1467 885 καταλυσάντων
1482 848 1596 885 αὗτῶν
1615 846 1880 901 ἐπικαλουμένῳ
1894 846 2017 891 Τάλας
2034 844 2240 891 ὑπαντιάζει

1189 906 1239 957 τῷ
1258 904 1467 959 Διζαὸούλῳ
1497 907 1642 957 Περσῶν
1658 905 1889 958 πρεσὸευτής.
1915 905 1991 944 Καὶ
2012 905 2124 944 τοίνυν
2140 903 2239 950 ξυνε-

1190 963 1315 1002 κάλεσε
1339 964 1423 1016 παρ’
1452 966 1549 1017 αὑτῷ
1577 963 1845 1015 ἑστιασομένους
1875 963 1956 1008 τούς
1982 979 2020 1002 τε
2049 962 2239 1014 Ῥωμαίων

1190 1021 1250 1060 καὶ
1271 1023 1417 1075 Περσῶν
1438 1022 1616 1075 πρέσὸεις.
1639 1023 1712 1062 Καὶ
1731 1022 1774 1069 δὴ
1794 1022 2088 1076 παραγενομένων
2106 1024 2256 1073 αὖτῶν,.

1191 1080 1269 1124 τους
1280 1079 1481 1131 Ῥωμαίους
1494 1083 1512 1119 ὃ
1522 1080 1762 1126 Διζάὸουλος’
1748 1097 1781 1120 εν
1794 1084 1880 1133 τιμῇ
1893 1081 2025 1119 πλείονι
2038 1079 2241 1128 ἐποιησατο,

1192 1142 1238 1182 ὡς
1267 1155 1326 1178 και
1355 1139 1446 1178 κατὰ
1471 1139 1535 1187 τὴν
1560 1140 1831 1194 ἐπικυδεστέραν
1862 1141 2047 1179 ἀνακλῖναι
2076 1138 2240 1179 στιὸάδα.

1195 1197 1288 1250 Πρός
1307 1214 1346 1248 γε
1365 1197 1426 1236 καὶ
1451 1199 1637 1237 πλεῖστα’
1622 1198 1903 1251 επιμεμφόμενος
1921 1192 1964 1246 ην
1983 1198 2062 1242 τοὺς
2083 1197 2243 1252 Πέρσας,

1194 1257 1254 1295 ἅτε
1286 1257 1329 1304 δὴ
1354 1257 1437 1310 πρὸς
1458 1260 1572 1296 αὐτῶν
1599 1258 1704 1296 ἄδικα
1731 1256 1937 1309 πεπονθὼς,
1966 1273 2027 1296 και
2047 1259 2093 1302 ὡς
2122 1257 2244 1296 τούτου

1193 1315 1294 1354 ἕνεκα
1314 1315 1454 1368 ἔρχεται
1474 1315 1687 1368 πολεμήσων
1699 1347 1708 1357 .
1732 1316 1778 1356 Ὁ
1793 1316 1828 1354 δὲ
1846 1318 1994 1369 Περσῶν
2014 1314 2244 1369 πρεσὸευτὴς,

1193 1378 1253 1413 τοῦ
1271 1375 1489 1420 Διζαὸούλου
1505 1374 1757 1429 συντονώτερον
1772 1376 2064 1426 ἐπεγκαλοῧντος,
2083 1389 2247 1428 περιφρο-

1193 1434 1303 1481 νήσας
1322 1434 1380 1473 τὸν
1398 1433 1503 1485 νόμον
1524 1437 1586 1482 τ’ῆς
1603 1437 1737 1481 σιωπῆς
1753 1433 1811 1472 τὸν
1833 1433 2001 1486 ἰσχύοντα
2020 1435 2104 1486 παρ’
2127 1432 2244 1476 αὐτοῖς

1196 1495 1230 1531 ἐν
1249 1498 1326 1537 ταῖς
1351 1491 1560 1541 ἑστιάσεσιν,
1582 1492 1819 1546 ἐπιτροχάδην
1840 1492 1970 1545 ἤρξατο
2000 1491 2246 1544 διαλέγεσθαι,

1194 1557 1251 1591 τοῦ
1269 1552 1483 1597 Διζαὸούλου
1500 1552 1664 1603 γενναίως
1680 1551 1724 1590 τὰ
1740 1551 1965 1602 ἐπικλήματα
1983 1553 2246 1601 ἀπωθούμενος,

1193 1614 1239 1655 ὡς
1259 1611 1317 1650 καὶ
1335 1611 1516 1662 Θαυμάσαι
1531 1611 1608 1654 τοὺς
1624 1610 1800 1662 παρόντας
1817 1610 1857 1648 τὸ
1875 1609 2096 1663 ὓπερὸάλλον
2112 1611 2174 1656 τῆς
2187 1610 2249 1647 αὖ·

1194 1674 1253 1708 τοῦ
1274 1672 1398 1722 ὂργῆς,
1423 1673 1468 1713 ὡς
1491 1672 1576 1723 παρ’
1607 1669 1703 1708 οὐδὲν
1726 1669 1866 1720 θέμενος
1885 1669 1942 1707 τὸν
1976 1668 2080 1719 νόμον
2109 1668 2250 1711 πολλοῖς

1195 1745 1231 1767 τε
1242 1729 1301 1767 καὶ
1313 1728 1517 1773 ἀκολάστοις
1529 1728 1718 1782 ἐχρήσατο.
1733 1728 1797 1767 Ἔν
1809 1727 1942 1771 τούτοις
1954 1725 2248 1778 ἀπαλλαγέντων,

1196 1790 1214 1826 ὁ
1231 1786 1293 1838 μὲν
1313 1788 1526 1833 Διζάὸουλος
1547 1787 1828 1840 παρεσκευάζετο
1842 1788 1905 1834 τὴν
1926 1786 1983 1825 ἐπὶ
2003 1786 2160 1840 Πέρσας.
2186 1788 2250 1839 Τῷ

1196 1863 1248 1886 τοι
1263 1847 1331 1899 ἄρα
1347 1846 1423 1891 τοὺς
1445 1847 1535 1900 ἀμφὶ
1553 1847 1746 1899 Ζήμαρχον
1765 1845 2112 1897 μετακαλεσάμενος,
2126 1845 2186 1884 καὶ
2203 1847 2251 1890 ὡς

1203 1907 1294 1954 ἐν’ῆν,
1316 1906 1403 1958 πρὸς
1420 1905 1498 1949 τοὺς
1519 1904 1716 1956 Ῥωμαίους
1735 1904 1851 1958 φιλίαν
1869 1904 2094 1955 ἐμπεδώσας,
2097 1905 2248 1972 ”defixa

1198 1960 1295 2009 αὖθις
1313 1964 1633 2012 ἀπονοστήσοντας,
1648 1962 1761 2015 ἕτερον
1777 1962 1994 2016 πρεσὸευτὴν
2014 1963 2131 2008 αὐτοῖς
2144 1978 2252 2001 συνα·

1199 2023 1387 2067 ποστείλας
1401 2040 1449 2076 τῳ
1467 2024 1525 2062 τὸν
1536 2023 1703 2077 πρότερον
1717 2023 1901 2075 λεγόμενον
1916 2021 2065 2074 Μανιὰχ
2074 2021 2250 2062 τεθνάναι.

1205 2085 1270 2121 Ἦν
1297 2082 1333 2121 δὲ
1361 2084 1542 2131 ἐπίκλησις
1559 2084 1609 2120 τΓ)
1631 2082 1705 2132 μετ’
1732 2082 1859 2119 ἐκεῖνον
1886 2081 2084 2134 πρεσὸευτῇ
2115 2079 2251 2132 Ταγμὰ

1201 2203 1240 2227 eo
1266 2195 1357 2227 erant
1374 2195 1438 2226 illic
1464 2203 1588 2226 moram
1611 2194 1794 2234 traherent,
1815 2194 1937 2235 placuit
1965 2193 2123 2225 Dizabulo
2159 2194 2195 2225 ut
2221 2173 2256 2224 se

1203 2248 1458 2288 proticiscentem
1477 2249 1589 2279 contra
1616 2249 1727 2279 Persas
1747 2246 1942 2278 Zemarclius
1966 2247 2153 2287 sequeretur
2179 2254 2255 2277 cum

1202 2301 1314 2341 viginti
1333 2309 1372 2332 ex
1395 2301 1477 2340 suis,
1504 2301 1560 2341 qui
1578 2300 1624 2332 illi
1650 2300 1885 2339 ministrarent;
1913 2299 2035 2331 interea
2057 2298 2169 2340 reliqui
2187 2299 2255 2331 Ro-

1206 2362 1376 2384 manorum
1386 2352 1455 2393 ejus
1466 2349 1604 2384 r'editum
1615 2352 1648 2383 in
1659 2352 1878 2384 Choliatarum
1888 2350 2013 2390 regione
2019 2350 2255 2391 opperirentur.

1204 2407 1310 2446 Atque
1335 2406 1361 2438 is
1376 2414 1431 2438 eos
1456 2406 1488 2437 in
1513 2405 1653 2437 discessu
1670 2404 1859 2436 muneribus
1878 2404 2012 2436 donatos
2027 2413 2047 2435 a
2061 2412 2096 2436 se
2122 2403 2255 2437 dimisit.

1204 2457 1416 2489 Zemarclium
1441 2466 1569 2498 quoque
1593 2456 1763 2488 honoravit
1782 2457 1909 2497 captiva
1933 2455 2132 2496 concubina,
2153 2464 2194 2488 ex
2209 2455 2258 2488 his

1205 2518 1278 2549 quae
1287 2509 1441 2541 Cherchis
1450 2508 1613 2540 dicuntur.
1628 2510 1675 2540 lta
1683 2508 1876 2539 Zemarchus
1886 2516 1962 2538 cum
1972 2506 2128 2539 Dizabulo
2135 2506 2257 2539 bellum

1205 2569 1279 2591 cum
1297 2560 1399 2592 Persis
1415 2561 1543 2600 gesturo
1564 2559 1724 2599 profectus
1743 2560 1799 2591 est.
1816 2561 1881 2590 lter
1897 2558 2038 2598 emensi,
2060 2558 2094 2590 in
2115 2557 2186 2590 loco
2202 2558 2259 2600 qui

1208 2611 1325 2642 dicitur
1345 2611 1438 2642 Talas
1457 2610 1681 2642 consederunt.
1697 2611 1757 2642 lile
1770 2609 1900 2646 obviam
1914 2609 2002 2641 venit
2015 2609 2172 2642 Dizabulo
2184 2610 2258 2641 Per·

1205 2673 1312 2695 sarum
1329 2663 1465 2703 legatus,
1483 2672 1580 2703 quem
1595 2671 1660 2694 una
1684 2671 1759 2694 cum
1783 2664 2001 2694 Romanorum
2015 2662 2118 2702 legato
2134 2661 2176 2694 ad
2194 2670 2259 2695 coe-

1206 2724 1281 2746 nam
1296 2715 1453 2746 invitavit.
1465 2714 1513 2746 Ad
1525 2723 1595 2746 eam
1608 2723 1710 2754 quum
1726 2714 1948 2753 accessissent,
1957 2714 2061 2745 multo
2077 2713 2148 2754 ptus
2161 2713 2259 2746 hono·

1208 2768 1251 2800 ris
1279 2768 1392 2800 detulit
1422 2767 1597 2798 Dizabulus
1618 2766 1768 2799 Romanis
1792 2775 1890 2807 quam
1919 2766 2052 2798 Persicis
2072 2765 2201 2807 legatis,
2227 2768 2261 2799 et

1209 2822 1428 2853 Romanorum
1454 2819 1594 2858 legatum
1617 2818 1823 2850 honoratiore
1844 2819 1915 2850 loco
1938 2818 2130 2851 accumbere
2151 2818 2257 2859 jussit.

1209 2874 1294 2910 Quin
1311 2872 1406 2904 etiam
1431 2872 1571 2903 multum
1601 2871 1640 2902 de
1665 2870 1770 2902 Persis
1795 2871 1842 2902 est
1869 2872 2023 2910 questus,
2039 2871 2196 2910 tanquam
2217 2870 2260 2903 ab

1209 2927 1257 2958 his
1273 2926 1375 2957 multa
1391 2925 1507 2964 injusta
1530 2932 1640 2964 passus
1655 2924 1755 2962 esset,
1769 2931 1842 2963 quae
1855 2924 1891 2954 ut
1903 2922 1986 2954 bello
2003 2924 2034 2954 et
2047 2922 2145 2954 armis
2156 2922 2260 2955 vindi-

1210 2980 1308 3018 caret,
1325 2979 1467 3010 venerat.
1479 2980 1586 3014 Quum
1601 2976 1776 3009 Dizabulus
1789 2975 1935 3007 acerbius
1953 2975 2168 3015 inveheretur,
2181 2978 2259 3008 Per·

1210 3041 1317 3064 sarum
1332 3032 1453 3071 legatus
1469 3031 1570 3070 lQem
1590 3029 1706 3061 silentii
1719 3028 1804 3070 apud
1824 3028 1910 3069 ipsos
1924 3028 1957 3060 in
1977 3028 2259 3061 conviviisobser·

1211 3084 1279 3115 vari
1304 3084 1431 3116 solitam
1456 3084 1687 3122 transgressus,
1713 3081 1899 3112 summatim
1929 3080 2026 3121 empit
2050 3080 2203 3117 disserere
2228 3082 2262 3114 et

1215 3144 1329 3176 magno
1342 3135 1450 3166 animo
1463 3133 1610 3165 Dizabnli
1626 3132 1866 3164 criminationes
1884 3132 2047 3170 refutavit,
2064 3133 2099 3163 ut
2114 3132 2170 3172 qui
2184 3131 2260 3164 ade-

1213 3190 1284 3219 rant
1308 3186 1503 3218 mirarentur
1519 3193 1593 3216 eum
1610 3185 1642 3216 in
1663 3186 1730 3216 tam
1747 3183 1919 3215 violentam
1938 3184 2018 3215 iram
2035 3183 2261 3224 exardescere,

1213 3240 1262 3279 ut,
1271 3238 1361 3270 nulla
1370 3237 1479 3269 habita
1495 3236 1572 3277 legis
1582 3236 1703 3268 ratione
1711 3257 1721 3272 ,
1732 3235 1844 3267 multis
1857 3235 2142 3275 intemperantibus
2156 3235 2262 3268 verbis

1216 3291 1373 3322 uteretur.
1393 3290 1469 3321 Post
1488 3289 1558 3320 baec
1570 3296 1671 3329 quum
1679 3286 1904 3325 discessissent,
1922 3285 2136 3318 Dizabulusin
2151 3288 2262 3319 Persas

1216 3341 1392 3374 contendit.
1410 3342 1451 3372 Et
1472 3340 1646 3372 zemarcho
1671 3340 1703 3371 et
1720 3339 1788 3378 eius
1812 3337 1983 3370 comitibus
1998 3338 2038 3369 ad
2063 3346 2097 3370 se
2121 3337 2260 3378 vocatis,

1217 3393 1272 3426 ubi
1291 3393 1463 3425 amicitiam
1487 3400 1561 3423 cum
1579 3391 1733 3423 Romanis
1757 3390 1980 3428 confirmarat,
1998 3399 2070 3429 eos,
2096 3390 2132 3421 ut
2150 3389 2190 3421 ad
2203 3398 2261 3421 sua

1217 3445 1373 3485 redirent,
1396 3444 1508 3477 missos
1530 3443 1614 3476 fecit.
1632 3445 1714 3476 Cum
1732 3442 1779 3475 his
1802 3451 1930 3483 quoque
1945 3441 2042 3474 alium
2060 3449 2079 3473 a
2097 3449 2130 3474 se
2145 3440 2187 3473 ad
2201 3443 2262 3474 Ro·
