2372 3704
165 255 239 286 021

163 344 307 384 patrem
344 336 486 384 Lydica
522 348 589 372 sua
618 348 638 371 e
670 336 827 371 Xantho
865 343 1080 371 mutuatum
1115 348 1206 371 esse.
1239 356 1244 366 ι

168 413 182 427 «
201 396 286 443 Qua
300 397 413 441 inre,
433 397 636 432 Creuzerus
655 396 706 431 ait
723 395 734 444 (
750 396 843 430 Hist.
862 402 937 432 ant.
955 394 1002 432 fr.
1021 407 1061 442 p.
1089 395 1159 439 143
1179 394 1208 444 ),

162 456 190 490 si
207 455 459 503 probabiliter
475 455 667 503 disputare
693 455 802 499 licet,
822 454 1004 489 hactenus
1025 454 1213 489 incautius

157 513 346 560 judicasse
370 514 521 550 videtur
541 514 692 549 criticus
711 514 893 559 Batavus,
923 512 1029 560 quod
1053 513 1213 547 nimium

163 574 348 609 tribueret
373 574 429 608 illi
454 573 522 608 uni
554 573 642 608 loco
675 572 876 619 Dionysii,
909 572 948 606 in
973 583 1051 619 quo
1088 570 1213 606 disce—

162 632 255 668 dens
291 645 312 668 a
344 633 490 668 Xanthi
524 631 707 666 sententia
740 629 959 665 Herodotus
997 629 1214 676 Tyrrhenos

163 690 360 738 Lydorum
392 691 550 726 colonos
587 690 686 725 facit.
721 690 847 724 Potest
875 689 977 723 enim
1001 686 1084 723 fieri
1112 694 1155 723 ut
1185 688 1216 723 is

162 749 202 784 in
226 762 265 786 re
290 749 456 798 quadam
483 749 665 797 primaria
691 747 837 783 diversa
865 753 1016 782 secutus
1043 747 1115 794 sit,
1143 758 1213 782 ne-

161 820 236 855 que
264 815 390 843 tamen
419 808 459 842 in
484 808 566 842 aliis
585 807 699 842 rebus
720 805 914 841 tradendis
941 818 1022 840 non
1047 803 1214 851 ejusdem

160 868 320 916 vestigia
346 867 493 915 legerit.
520 867 692 912 Namque
724 865 934 900 lectitatum
959 864 1006 900 ab
1030 876 1076 899 eo
1105 863 1215 899 fuisse

160 927 304 962 Xanthi
329 926 511 974 scriptum
531 925 594 959 vix
616 923 792 959 dubitare
811 923 902 958 licet
923 923 1125 969 cuiquam,
1149 922 1215 969 qui

161 984 398 1029 meminerit,
422 982 528 1030 quod
550 983 588 1016 in
609 980 834 1016 praefatione
865 980 1104 1024 monuimus,
1126 991 1214 1014 eum

161 1043 202 1078 in
220 1043 308 1090 ipsis
322 1034 438 1078 rebus
452 1041 584 1089 Lydiis
610 1041 774 1075 aliorum
803 1039 1016 1075 testimonia
1035 1038 1212 1087 attigisse.

160 1101 306 1147 Quidni
333 1101 451 1148 igitur
472 1099 643 1134 dicamus
658 1125 668 1142 ‚
695 1099 725 1134 si
739 1110 827 1134 vere
841 1097 996 1134 fuerunt
1026 1097 1125 1132 illius
1139 1097 1214 1143 Ly-

160 1159 268 1203 dica,
292 1159 423 1195 eadem
442 1158 481 1192 in
507 1156 701 1192 nonnullis
723 1157 771 1192 ab
792 1157 874 1204 ipso
896 1153 1066 1191 adhibita
1084 1154 1186 1191 esse?
1200 1171 1214 1186 υ

160 1218 494 1254 Verumenimvero
510 1217 625 1251 tutius
634 1216 713 1262 jam
725 1216 772 1251 de
783 1228 825 1251 re
834 1215 1009 1262 judicare
1018 1215 1120 1260 licet,
1132 1227 1216 1262 quae

159 1276 200 1311 in
217 1288 338 1311 meras
356 1276 434 1310 fere
462 1273 704 1321 conjecturas
731 1274 928 1322 hucusque
956 1281 1102 1309 retrusa
1121 1280 1213 1310 erat.

159 1335 270 1370 Nacti
294 1335 393 1370 enim
427 1346 554 1369 sumus
578 1333 748 1380 Nicolai,
774 1345 886 1380 quem
920 1333 1067 1368 Xanthi
1097 1339 1214 1368 secta·

160 1400 282 1429 torem
299 1394 338 1428 in
355 1393 469 1428 rebus
489 1392 618 1440 Lydiis
630 1403 706 1427 esse
726 1404 839 1427 nemo
860 1392 994 1436 nescit,
1009 1391 1217 1440 fragmenta

161 1453 456 1488 luculentissima
476 1451 522 1487 de
546 1451 659 1486 rebus
681 1451 883 1486 Candaulis
902 1451 1112 1499 Gygisque,
1133 1463 1216 1498 quae

162 1512 210 1546 ab
246 1511 468 1547 Herodotea
502 1510 722 1545 narratione
750 1517 946 1558 tantopere
977 1510 1213 1557 discrepant,

164 1577 203 1605 ut
216 1570 310 1605 nihil
331 1569 493 1604 inveniri
507 1569 626 1616 possit
645 1568 874 1606 dissimilius.
892 1568 1044 1616 Igiture
1060 1568 1216 1603 Xantho

165 1629 404 1665 Herodotum
413 1628 610 1663 materiam
620 1627 772 1675 petiisse
782 1627 813 1662 is
825 1627 977 1662 demum
985 1626 1217 1662 contendere

165 1689 281 1732 ausit,
312 1688 379 1736 qui
411 1687 540 1722 omnia
573 1686 651 1721 haec
680 1686 855 1733 Dionysii
884 1685 1218 1733 Scytobrachionis

163 1747 242 1782 sive
256 1745 564 1782 Pseudo-Xanthi
578 1743 758 1793 figmenta
771 1745 922 1781 dixerit.
932 1744 1006 1780 Sed
1018 1745 1081 1780 vix
1092 1756 1220 1791 quem·

164 1817 280 1853 quam
295 1805 376 1840 fore
392 1810 504 1853 puto,
523 1804 589 1851 qui
605 1803 774 1839 indolem
794 1803 1021 1839 narrationis
1039 1815 1129 1838 vere
1142 1804 1218 1850 Ly-

166 1864 268 1900 dicas
285 1863 508 1899 traditiones
522 1874 654 1911 sapere
675 1875 755 1897 non
771 1863 980 1910 agnoverit,
1001 1873 1095 1910 quas
1119 1873 1140 1896 a
1158 1872 1219 1896 ve-

164 1930 265 1958 tusto
282 1922 426 1958 Xanthi
451 1934 568 1970 opere
589 1929 764 1970 acceptas
787 1922 991 1969 Dionysius
1011 1921 1218 1968 interpola—

163 1985 278 2028 verit,
297 1982 505 2025 ornaverit‚
524 1981 662 2029 partim
683 1982 798 2016 etiam
813 1981 1045 2025 mutaverit,
1065 1980 1220 2015 minime

164 2054 256 2078 vero
282 2042 328 2077 de
356 2053 424 2076 suo
448 2052 577 2076 omnes
606 2039 792 2075 effinxisse
811 2040 858 2075 sit
881 2039 1101 2076 censendus.
1122 2037 1220 2074 Num

165 2103 280 2150 igitur
305 2101 443 2136 dixeris
461 2100 607 2136 Xanthi
625 2100 841 2147 exemplum
859 2098 1100 2134 Herodotum
1117 2099 1221 2134 exci-

165 2160 280 2206 tasse,
296 2168 340 2195 ut
358 2161 437 2207 ipse
452 2171 608 2206 quoque
621 2159 798 2194 historias
815 2158 1035 2194 scribendas
1053 2159 1219 2205 suscipe-

165 2227 243 2266 ret3
274 2219 315 2255 id
343 2231 436 2253 vero
463 2219 516 2253 ita
540 2231 628 2253 eum
663 2218 816 2263 fecisse,
847 2225 889 2253 ut
917 2216 957 2253 in
984 2217 1139 2252 minima
1158 2217 1221 2251 illa

167 2279 293 2328 operis
311 2278 368 2313 sui
390 2284 520 2325 parte,
539 2289 622 2324 quae
653 2277 700 2312 de
716 2277 829 2312 rebus
848 2276 1048 2324 Lydorum
1065 2281 1139 2320 est,
1159 2275 1221 2310 di-

165 2349 291 2373 versas
306 2348 461 2386 prorsus
477 2335 696 2371 traditiones
719 2335 942 2383 adoptaret,
965 2335 1069 2370 nulla
1091 2330 1223 2370 habita

167 2397 315 2432 ratione
336 2395 478 2431 Xanthi
498 2394 619 2441 Lydi?
640 2394 750 2429 Haud
776 2401 818 2429 tu
839 2394 1076 2442 probaveris.
1098 2394 1222 2428 Immo

166 2468 245 2490 non
276 2454 428 2489 noverit
460 2465 627 2499 unquam
667 2453 864 2488 Xanthum
901 2452 1124 2488 Herodotus
1137 2481 1146 2496 ,
1180 2459 1223 2487 ut

168 2515 383 2550 etiamnunc
404 2524 490 2547 cum
511 2511 747 2547 Dahlmanno
767 2519 915 2556 statu03
938 2512 1114 2559 Ephorus
1129 2524 1220 2546 vero

169 2574 348 2610 fabellam
361 2572 576 2607 narraverit
594 2572 745 2618 qualem
764 2572 825 2605 alii
843 2578 1046 2606 narrarunt
1059 2571 1106 2606 de
1121 2572 1222 2606 Thu·

170 2632 308 2681 cydide
328 2630 566 2666 Herodotum
590 2630 791 2674 audiente,
813 2637 849 2666 et
878 2630 924 2665 de
942 2631 1138 2665 Hellanico
1157 2631 1222 2678 qui

170 2695 389 2729 Hecataeum
402 2690 504 2738 apud
515 2692 638 2737 Amyn
644 2696 719 2724 tam
729 2701 857 2738 regem
866 2689 1084 2725 convenisse
1096 2691 1223 2737 inepte

170 2751 337 2800 fingitur.
352 2750 541 2785 Nimirum
555 2749 689 2796 priscis
704 2747 777 2784 illis
793 2749 982 2784 historicis
998 2748 1098 2785 idem
1115 2761 1223 2796 pror·

172 2823 233 2847 sus
263 2809 404 2845 accidit
423 2808 528 2855 quod
556 2808 793 2856 philosophis
823 2807 1093 2854 antiquissimis
1121 2807 1223 2842 acci-

173 2870 270 2906 disse
291 2874 437 2903 constat
467 2880 474 2901 2
505 2879 600 2914 quos
620 2866 785 2914 singulos
811 2879 930 2915 quum
960 2866 1164 2914 disciplinae
1188 2873 1225 2901 et

174 2927 419 2964 successionis
445 2926 608 2960 vinculis
642 2928 741 2960 inter
773 2938 810 2961 se
844 2925 1077 2974 conjungere
1106 2925 1226 2960 serior

175 2995 262 3022 aetas
288 2993 428 3022 temere
463 2985 714 3029 allaboraret,
744 2984 882 3020 factum
919 2991 974 3019 est
1000 2990 1044 3019 ut
1067 2983 1225 3018 historia

175 3057 308 3082 eorum
343 3055 477 3092 magna
512 3044 549 3077 vi
585 3043 874 3078 mendaciorum
911 3043 957 3078 sit
995 3041 1221 3078 adulterata.

178 3103 251 3153 (Cf
267 3103 308 3140 C.
339 3103 402 3138 Fr.
423 3103 628 3138 Hermann.
655 3103 804 3148 Disput.
843 3102 898 3136 De
919 3100 1224 3149 philosophorum

177 3165 378 3199 ionicorum
395 3161 582 3196 aetatibus.
603 3160 784 3208 Goetting.
810 3159 908 3207 1849
923 3187 934 3206 ,
951 3172 992 3207 p.
1012 3158 1032 3194 5
1050 3158 1132 3207 sq.)

231 3221 393 3257 Ibidem.
414 3219 583 3254 —Inter
602 3231 666 3254 eos
679 3247 687 3262 ,
709 3219 775 3266 qui
792 3217 935 3255 Xanthi
952 3219 1224 3262 meminerunt,

179 3281 288 3317 omisi
304 3280 476 3316 Solinum
494 3291 527 3315 c.
550 3281 597 3320 42
619 3277 679 3314 ed.
696 3278 826 3326 Steph.
851 3289 860 3314 z
879 3279 1042 3324 Ingenia
1059 3278 1228 3312 Asiatz'ca

181 3341 324 3387 inclyta
350 3351 427 3387 per
459 3344 588 3384 gentes
612 3334 775 3381 suere...
815 3336 984 3371 historice
1020 3336 1228 3371 conditores

179 3398 379 3444 Xanthus,
433 3397 649 3438 Hecacoeus,
699 3396 903 3431 Herodotus
917 3423 926 3441 ,
974 3408 1056 3431 cum
1098 3395 1228 3443 qulbus

181 3458 352 3507 Ephorus
369 3464 406 3492 et
426 3455 692 3502 Theopompus.

894 248 924 284 A
934 246 1142 285 DDENDA
1173 247 1236 285 ET
1266 247 1591 286 CORRlGENDA

1326 336 1647 374 HELLANICUS.
1672 337 1760 385 pag.
1792 349 1870 374 xxv
1891 351 1925 381 a,
1953 339 2016 373 lin.
2041 339 2072 376 3.
2095 360 2148 367 -
2173 341 2320 388 Quodsi

1274 395 1510 430 Hellanicum
1530 408 1609 430 non
1637 396 1697 431 Ol.
1721 401 1765 441 74
1781 423 1791 440 ,
1814 396 1855 440 3,
1885 404 1928 431 ut
1949 410 1989 432 ex
2008 397 2227 445 conjectura
2248 413 2324 448 po-

1274 453 1329 488 sui
1341 481 1350 497 ‚
1369 453 1436 489 sed
1451 454 1511 489 Ol.
1533 452 1580 498 75
1597 480 1606 498 ‚
1632 466 1645 487 1
1661 481 1670 498 ,
1688 454 1769 501 ipso
1790 455 1854 489 illo
1868 467 1968 490 anno
1980 484 1989 500 ,
2010 468 2088 503 quo
2105 457 2154 492 ad
2170 457 2326 493 Salami-

1274 524 1362 547 nem
1382 513 1503 548 Graeci
1534 513 1708 550 vicerunt
1723 541 1733 561 ,
1752 521 1881 549 natum
1908 526 1986 550 esse
2013 516 2212 564 malueris,
2233 517 2327 552 nihil

1274 570 1460 619 refragor,
1488 583 1612 618 neque
1640 571 1722 619 ipse
1742 572 1955 620 quidquam
1988 573 2214 620 conjecturae
2234 587 2326 610 meae

1277 629 1425 664 tribuo.
1444 629 1562 664 Simili
1589 629 1708 664 modo
1725 631 1948 666 Plutarchus
1966 632 2020 667 De
2038 633 2127 670 mal.
2155 633 2247 668 Her.
2277 633 2327 682 39

1276 687 1522 722 Adimantum
1550 688 1692 723 liberos
1709 688 1918 724 Salaminiae
1937 690 2106 726 victoriae
2133 703 2241 726 causa
2259 702 2328 739 ap-

1276 746 1432 793 pellasse
1444 745 1537 781 dicit
1547 746 1793 791 Nausidicen‚
1810 747 2090 793 Acrothinium,
2103 749 2328 793 Alexibiam,

1276 805 1481 849 Aristeum,
1503 811 1659 841 notante
1686 806 1864 854 Kriigero
1882 806 1918 840 in
1941 803 2062 841 Leben
2075 807 2141 842 des
2157 807 2324 854 Τήιιςγᾱ.

1277 876 1315 910 p.
1335 862 1398 900 28.

1329 921 1427 958 Ibid.
1461 922 1496 965 b,
1544 922 1610 958 lin.
1647 921 1707 959 30.
1742 942 1795 950 -—
1826 923 2032 970 Appendix
2065 924 2331 960 Deucalioneoe

1265 978 1391 1026 fuisse
1402 981 1552 1016 videtur
1559 984 1706 1029 AsopiS.
1722 979 1932 1030 ]Prelle1·us
1948 988 2096 1030 partem
2105 982 2331 1018 Troicorum
2370 1011 2372 1014 .

1276 1038 1388 1075 fuisse
1416 1041 1569 1086 statuit,
1590 1040 1732 1076 collato
1758 1039 2020 1088 Apollodoro;
2051 1040 2169 1089 idque
2191 1053 2327 1077 verum

1277 1110 1355 1133 esse
1365 1105 1473 1146 puto.

1331 1157 1372 1192 P.
1396 1169 1510 1192 xxvu
1537 1169 1575 1200 α,
1612 1156 1721 1194 6-12.
1750 1176 1802 1184 —
1826 1159 1963 1204 Itaque
1995 1169 2107 1204 quum
2137 1163 2212 1194 etc.
2241 1154 2328 1193 Haec

1278 1215 1414 1253 deleas.
1446 1217 1524 1252 Prae
1546 1217 1681 1252 ceteris
1698 1228 1786 1251 cum
1803 1216 1988 1251 Hellanici
2009 1227 2126 1264 opere
2145 1217 2330 1264 genealo—

1277 1275 1362 1322 gico
1386 1274 1553 1310 conferri
1572 1281 1768 1310 merentur
1782 1273 1973 1309 Andronis
1999 1274 2333 1310 Halicarnassensis

1277 1331 1502 1382 Συγγένειαι,
1535 1332 1642 1381 quod
1682 1346 1779 1382 opus
1808 1333 1919 1368 simili
1957 1333 2075 1369 modo
2107 1333 2333 1370 adornatum

1277 1392 1388 1428 fuisse
1407 1405 1478 1442 per
1496 1400 1551 1428 est
1567 1390 1785 1440 probabile.
1808 1391 1894 1429 Vid.
1911 1399 2005 1428 tom.
2028 1393 2065 1428 ΙΙ
2079 1418 2089 1437 ,
2111 1405 2152 1441 p.
2174 1392 2263 1436 346,
2279 1413 2332 1420 —

1278 1452 1378 1490 Ibid.
1397 1453 1464 1491 lin.
1490 1452 1538 1495 34
1559 1465 1631 1501 pro
1654 1452 1887 1489 Callisthene
1906 1452 1988 1500 lege
2008 1441 2211 1490 Clisthene-

1332 1514 1372 1549 P.
1394 1525 1505 1561 xxxx,
1524 1513 1556 1556 b,
1586 1512 1648 1549 30.
1666 1534 1719 1540 —
1734 1509 1811 1556 Τὴν
1826 1509 1912 1549 Χίου
1926 1509 2038 1548 κτίσιν
2051 1512 2234 1548 Prellerus
2250 1524 2334 1561 par·

1278 1579 1353 1607 tem
1371 1569 1578 1608 Αεσὸιακῶν
1596 1572 1705 1607 fuisse
1725 1577 1863 1608 censet.
1879 1570 1954 1606 Res
1983 1570 2172 1619 ambigua.
2190 1587 2244 1598 --‹
2265 1571 2327 1607 Ib.

1280 1629 1406 1665 36-38
1427 1629 1511 1666 dele
1528 1630 1645 1666 verba
1666 1641 1675 1668 :
1696 1630 1883 1666 accedit...
1905 1634 2029 1664 verior
2044 1632 2108 1666 sit.

1331 1690 1371 1726 P.
1391 1701 1486 1735 xxx,
1503 1689 1535 1733 b,
1567 1688 1627 1726 18.
1647 1710 1700 1716 —-
1713 1689 1788 1724 Pro
1803 1690 1898 1723 AElii
1910 1688 2034 1723 Severi
2046 1688 2129 1736 lege
2148 1689 2242 1724 AElii
2253 1689 2332 1726 Dii.

1278 1750 1335 1784 De
1365 1749 1454 1784 loco
1484 1749 1660 1785 Damasci
1687 1760 1802 1796 quem
1824 1747 1865 1782 in
1893 1754 1985 1783 nota
2004 1746 2178 1798 laudavi,
2199 1760 2238 1785 v,
2257 1749 2336 1784 Lo-

1279 1807 1391 1843 beck.
1415 1808 1665 1856 Aglaopham.
1681 1820 1721 1855 p.
1747 1806 1837 1850 340.

1333 1867 1374 1902 P.
1400 1879 1494 1911 xxx,
1514 1879 1538 1902 cz
1552 1895 1563 1914 ,
1587 1865 1652 1902 35.
1670 1887 1719 1893 —
1740 1865 1904 1914 Orphica
1922 1865 2114 1914 theologia
2127 1863 2334 1909 Hellanici,

1281 1938 1395 1973 quam
1411 1926 1587 1961 nonnulli
1604 1926 1842 1972 Hieronymo
1867 1924 1992 1959 nescio
2013 1924 2074 1959 cui
2093 1922 2161 1971 (de
2180 1922 2335 1959 Rhodio

1279 1985 1531 2033 peripatetico
1553 1985 1721 2032 cogitare
1740 1982 1845 2032 noli)
1869 1982 2044 2017 tribuisse
2061 1980 2253 2026 videntur,
2275 1980 2336 2016 vel

1282 2055 1396 2090 quam
1415 2044 1672 2090 Hieronymus
1689 2042 1955 2089 exscripserat,
1972 2052 2052 2075 non
2067 2038 2264 2075 referenda
2282 2046 2339 2074 est

1282 2103 1382 2138 inter
1401 2103 1530 2150 spuria
1563 2101 1749 2137 Hellanici
1768 2100 1889 2135 nostri
1909 2110 2048 2148 opera,
2067 2098 2134 2134 sed
2154 2097 2204 2133 ad
2219 2098 2334 2133 alium

1283 2161 1520 2196 Hellanicum
1539 2161 1724 2208 pertinet,
1743 2159 1793 2195 ad
1822 2171 1928 2207 eum,
1953 2164 2049 2206 puto
2064 2184 2075 2202 ,
2098 2155 2206 2203 cujus
2237 2154 2336 2192 filius

1283 2229 1319 2256 et
1343 2221 1423 2269 ipse
1446 2220 1493 2256 de
1515 2219 1669 2268 Orpheo
1690 2219 1878 2268 scripsisse
1905 2218 2059 2253 dicitur.
2088 2216 2230 2253 Contra
2246 2227 2336 2252 vero

1284 2280 1481 2315 Hellanico
1499 2279 1683 2314 historico
1704 2279 1767 2313 illa
1787 2276 2067 2325 affingebantur
2092 2287 2232 2323 opera,
2254 2286 2337 2322 quae

1282 2346 1369 2374 sunt
1385 2338 1431 2374 de
1448 2338 1633 2387 AEgyptiis
1653 2338 1811 2385 aliisque
1832 2336 1986 2385 populis
2002 2334 2191 2370 barbaris.

1337 2397 1380 2435 P.
1406 2408 1523 2441 xxx1‚
1559 2410 1602 2440 a,
1645 2397 1708 2433 26.
1757 2417 1808 2422 —-
1843 2391 2065 2442 Libyorum]
2110 2393 2138 2430 l.
2165 2392 2335 2439 Libyam.

1284 2477 1334 2483 —
1349 2456 1389 2502 b,
1413 2455 1476 2491 38.
1492 2456 1618 2499 edidit,
1638 2463 1677 2490 ut
1695 2459 1750 2490 ita
1763 2455 1898 2497 dicam,
1918 2449 2194 2500 Hieronymus]
2213 2451 2239 2486 l.
2260 2451 2337 2485 ali-

1284 2518 1364 2563 quis
1383 2515 1520 2558 edidit,
1548 2523 1589 2549 ut
1601 2517 1655 2549 ita
1671 2514 1812 2549 dicam.

1338 2575 1376 2610 P.
1398 2586 1537 2618 xxx1v,
1556 2586 1589 2617 a,
1617 2579 1696 2610 not.
1719 2573 1786 2607 lin.
1811 2583 1854 2606 12
1875 2570 1922 2605 ab
1941 2570 2027 2605 ima.
2045 2588 2100 2596 --
2114 2569 2214 2616 Lege
2236 2578 2334 2615 :pm

1284 2633 1319 2669 ἐν
1339 2636 1413 2674 ταῖς
1444 2629 1612 2683 ἱστορίαις
1631 2629 1866 2666 scribendum
1895 2630 2104 2676 suspicatur
2130 2625 2166 2662 ἐν
2192 2627 2269 2667 ταῖς
2286 2623 2336 2661 ἵε-

1285 2705 1403 2742 ρειαις.

1338 2807 1622 2843 ACUSILAUS.
1641 2807 1729 2852 Pag.
1749 2815 1888 2840 xxxvn
1901 2830 1910 2847 ,
1933 2800 1966 2837 b.
1994 2803 2046 2837 De
2062 2799 2200 2836 tabulis
2227 2799 2337 2836 aeneis

1286 2866 1335 2903 cf.
1358 2865 1521 2902 Nitzsch.
1553 2865 1651 2900 Hist.
1683 2865 1796 2900 Hom.
1825 2875 1863 2910 p.
1894 2860 1957 2906 73.
1989 2881 2041 2886 —
2069 2858 2169 2894 Ibid.
2199 2857 2247 2892 ad
2277 2864 2336 2892 te-

1285 2925 1461 2960 stimonia
1482 2923 1578 2958 adde
1598 2921 1778 2958 Menand.
1811 2917 1899 2969 Περὶ
1928 2917 2095 2954 ἐπιδεικτ.
2132 2917 2171 2951 in
2201 2915 2331 2952 Rhett.

1286 2996 1343 3032 gr.
1362 2990 1454 3019 tom.
1471 2983 1551 3029 IX,
1574 2994 1613 3029 p.
1650 2979 1859 3023 14l1WaIZ.
1885 2977 1959 3015 :Oi
1988 2972 2100 3024 μὲν...
2124 2971 2262 3014 καὶτὰς
2278 2986 2338 3021 γε-

1286 3039 1468 3088 νεαλογίας
1490 3039 1614 3088 μύθους
1631 3032 1719 3074 εἶναί
1739 3050 1842 3088 φασιν
1855 3065 1865 3085 ,
1893 3028 1961 3072 οἷον
1975 3064 1984 3079 ,
2003 3034 2031 3070 εἰ
2053 3031 2184 3083 βούλει,
2213 3029 2278 3068 ὅσα
2297 3043 2336 3080 γε

1268 3101 1271 3107 ”
1286 3098 1320 3136 Ἀ
1327 3097 1513 3141 κουσίλεως
1523 3096 1582 3134 καὶ
1595 3095 1754 3138 Ἡσίοδος
1767 3093 1826 3132 καὶ
1837 3091 1985 3145 Ὀρφεὺς
1997 3093 2030 3129 ἐν
2045 3093 2120 3133 ταῖς
2133 3087 2338 3139 Θεογονίαις

1287 3156 1482 3209 εἰρήκασιν.

1341 3274 1636 3312 ANTIOCHUS.
1654 3273 1742 3320 Pag.
1758 3283 1831 3308 XLV
1848 3298 1859 3318 ,
1873 3277 1955 3308 not.
1977 3281 2023 3304 10
2044 3268 2110 3304 lin.
2129 3266 2252 3302 ultim.
2265 3275 2337 3312 pro
2368 3315 2371 3320 Ι

1288 3343 1326 3372 et
1348 3334 1459 3372 Phoc.
1490 3333 1593 3369 Bibl.
1618 3333 1699 3380 lege
1723 3344 1731 3366 :
1759 3334 1797 3365 in
1827 3329 1938 3365 Phoc.
1964 3328 2065 3363 Bibl,
2090 3346 2141 3352 —
2164 3324 2339 3360 Ceterum

1290 3394 1522 3439 Antiochus,
1540 3391 1706 3429 Μυθικῶν
1725 3396 1874 3435 auctor,
1896 3387 1997 3422 idem
2023 3398 2100 3420 esse
2119 3383 2211 3419 mihi
2233 3381 2339 3416 vide—

1293 3461 1354 3489 tur
1368 3465 1454 3489 cum
1469 3453 1533 3487 illo
1553 3450 1760 3495 Antiocho,
1779 3447 1887 3494 cujus
1906 3444 1994 3496 Περὶ
2006 3445 2089 3481 Θεῶν
2104 3454 2199 3491 opus
2211 3438 2340 3476 laudat
