2314 3756
66 226 112 259 ιη
542 196 546 200 ’
892 217 1103 258 eumen
1133 215 1377 258 SAamANi

59 306 215 353 ’Ἕλλησι
250 304 431 356 δογμάτων
475 303 642 355 οὗρανίων
686 302 862 355 μεμύηται
900 304 1097 358 μυστηρίων

61 363 186 409 θεατὴν
197 363 346 415 ὑπάρξαι
359 363 417 401 τὸν
432 362 737 414 ἀπαλλαττόμενον
745 366 806 408 τῆς
816 363 968 400 ἐντεῦθεν
985 365 1099 414 βιοτῆς

59 422 82 468 ἢ
103 422 286 471 συνόμιλον
303 421 497 472 ἀσωμάτων
518 420 698 472 γενέσθαις
715 420 786 459 Καὶ
802 419 890 464 τίνες
905 423 936 459 οἱ
953 419 1097 470 ἀσώμα-

61 495 114 518 τοι
137 474 249 530 οἷτοι,
268 482 298 518 εἰ
318 479 367 530 μή
385 494 452 517 που
472 478 681 528 Γανυμήδης
704 477 763 520 καὶ
781 477 866 520 Ζεὺς
894 480 911 515 6
931 478 1098 527 Γανυμή-

62 539 137 581 δους
157 540 195 576 ἐκ
213 537 343 589 Τρώων
371 537 538 590 ἐραστὴς,
556 537 598 573 δι’
626 531 665 574 οῧ
680 534 853 588 καὶ-(Ἥρα
871 535 1099 588 παραγκωνί-

62 599 156 640 ζεται
176 600 194 643 ἡ
212 595 344 649 ἀδελφὴ
361 598 421 634 καὶ
437 594 574 647 γαμετὴ
588 597 636 646 τῷ
651 594 768 646 Φρυγὶ
786 593 973 645 μειρακίῳ;
995 592 1099 631 Ἀλλὰ

62 654 106 693 τὰ
129 655 191 704 μὲν
211 655 339 706 κλέψας
368 653 458 706 ἔχεις
484 656 551 691 τῶν
582 654 835 704 Χριστιανικῶν
868 652 1005 702 ὀργίων,
1038 651 1100 694 τὰς

64 712 268 763 ἀσωμάτους
287 711 378 766 φημὶ
408 711 593 764 φρατριάς·
627 711 701 748 ἐπεὶ
719 712 787 748 τῶν
806 725 844 760 γε
873 712 940 747 σῶν
969 709 1099 760 δογμά-

62 787 131 809 των
153 771 201 822 μὴ
218 770 295 822 οὐχὶ
315 769 374 808 καὶ
394 770 646 821 ἐμπαθέστερον
669 770 736 805 τῶν
761 766 852 805 κατὰ
870 766 926 804 τὸν
947 765 1096 819 φθαρτὸν

65 832 186 868 τοῦτον
207 828 279 880 βίον
297 826 574 880 ’ἀκρατεστάτων
594 828 624 864 οἱ
647 828 724 864 κατ’
750 824 892 876 οὐρανόν
919 839 971 861 σοι
990 825 1101 875 ἇλῷεν

65 887 220 939 μάκαρες
238 889 398 939 βιοῦντες·
415 880 463 927 οἷς
471 884 570 930 ἽΙὸη
583 884 645 935 μὲν
657 886 814 934 οἰνοχοεῖ,
826 885 856 919 οἱ
871 881 906 919 δὲ
918 883 1036 933 πολλῷ
1052 883 1101 933 τῷ

64 945 204 997 νέκταρι
221 944 469 995 μεθυσκόμενοι
487 942 531 982 τὰ
549 942 697 980 ἀπαίσια
713 940 858 984 διεξίασι
877 939 1010 992 Τρώων
1031 939 1100 977 πό-

64 1005 119 1042 λιν
136 1003 366 1055 εἷσορόωντες.
426 1000 522 1053 Πρὸς
540 1000 634 1044 τίνας
654 999 713 1038 καὶ
741 1001 807 1036 τῶν
829 999 906 1035 καθ’
926 997 1103 1043 ’Έλληνας

65 1061 185 1100 ἑαυτὸν
204 1059 383 1111 ἀναφέρων
400 1058 593 1111 φιλοσόφιοιν
613 1057 681 1109 ἤρα
701 1056 896 1108 βασιλείας;
920 1055 1002 1108 πρὸς
1023 1055 1100 1094 Ἀν-

65 1117 226 1165 τισθένη;
242 1117 328 1170 πρὸς
346 1116 515 1167 Διογένης
536 1114 625 1153 ἀλλὰ
645 1114 775 1156 τούτοις
796 1113 857 1163 μὲν
874 1113 975 1163 ἴσμεν
994 1113 1101 1157 οὕτως

69 1176 339 1229 ἀπραγμοσύνης
357 1174 474 1224 μέλον,
494 1178 539 1217 ὡς
566 1173 628 1220 τὴν
649 1176 759 1211 κυνῶν
776 1172 992 1219 ἐζηλωκότας
1010 1171 1099 1218 ζωὴν

69 1235 129 1273 καὶ
155 1238 198 1287 τῇ
229 1234 358 1272 τούτων
391 1231 710 1282 ἐγκαλλωπίζεσθαι
741 1231 879 1277 κλήσει.
937 1232 1014 1270 Οὐκ
1045 1226 1103 1270 οῧν

71 1294 270 1344 ἐπανορθῶν
286 1291 344 1330 τὸν
363 1290 572 1343 ἀνΟρώπινον
610 1289 682 1341 βίον
700 1288 811 1327 εἵλετο
829 1289 1035 1341 βασιλεύειν,
1053 1289 1105 1328 ὅτι

69 1352 152 1402 μηδ’
178 1348 408 1402 ἐπανώρθωσέ
437 1364 488 1395 τι,
512 1350 541 1386 εἷ
575 1347 623 1398 μὴ
651 1349 787 1400 πρῶτον
818 1346 880 1396 μὲν
912 1346 1104 1400 φιλοδοξίας

68 1411 166 1462 κακῷ
182 1408 378 1458 λυσσήματι
396 1407 581 1460 ἀχάριστος
600 1406 682 1459 περὶ
703 1407 761 1444 τὸν
781 1406 963 1458 εὐεργέτην
986 1408 1103 1457 διαγι-

69 1468 225 1519 νόμενος,
246 1466 364 1504 ἔπειτα
392 1466 452 1503 καὶ
481 1465 572 1508 ὅπως
591 1466 661 1508 τοῖς
681 1464 822 1515 ἄγουσιν
843 1464 945 1503 αὐτὸν
965 1465 1107 1516 δαίμοσι

67 1526 106 1564 τὸ
129 1525 277 1577 ὀλέθριον
298 1524 543 1576 ἀφοσιούμενος
571 1522 695 1570 σέ6ας,
715 1522 813 1560 λάθοι
842 1523 927 1575 πρὸς
956 1526 1025 1562 τῶν
1048 1524 1105 1561 ὑπ’

69 1585 172 1622 αὐτοῦ
206 1582 490 1632 σπουδαζομένων
519 1581 691 1631 δαιμόνων
724 1581 878 1620 τοιούτου
908 1581 968 1620 καὶ
990 1582 1107 1626 τέλους

69 1645 241 1694 κυρῆσαι,
262 1640 353 1684 ἀξίου
371 1641 429 1678 καὶ
445 1643 504 1687 τῆς
519 1639 656 1678 ἐκείνων
673 1638 809 1686 ἀπάτης
826 1638 886 1677 καὶ
906 1642 967 1686 τῆς
984 1641 1106 1678 ἑαυτοῦ
1139 1677 1141 1680 ,

68 1700 290 1752 ἐμπληξίας]

121 1763 165 1796 In
195 1761 319 1809 prima
348 1760 547 1808 fragmenti
579 1766 689 1807 parte
716 1759 840 1806 agitur
870 1757 919 1794 de
949 1757 1110 1794 ducibus

69 1827 156 1868 post
174 1826 334 1854 mortem
352 1818 491 1853 Juliani
508 1830 620 1866 super
641 1816 805 1852 creando
825 1817 998 1865 principe
1019 1829 1110 1852 con-

74 1877 309 1914 sultantibus
333 1877 378 1913 V.
396 1877 584 1914 Ammian.
602 1877 721 1920 XXV,
739 1874 774 1920 5,
799 1889 832 1912 1.
849 1876 1019 1911 Zosimus
1035 1877 1107 1918 ΙΙΙ,

74 1934 139 1979 30,
160 1947 193 1970 1.
213 1935 272 1970 Ad
291 1946 335 1970 ea
354 1947 434 1982 quae
454 1934 591 1969 deinde
613 1934 844 1970 Christianus
862 1934 999 1969 zelotes
1022 1934 1110 1969 sub-

63 1993 176 2040 jecit,
206 1994 245 2028 in
271 1994 439 2042 margine
462 1993 695 2041 adscriptum
729 2005 737 2028 :
762 1990 1112 2038 Στηλιτευτικὸς

68 2050 179 2088 κατὰ
201 2050 443 2089 Εὔναπίου.

1644 342 1708 382 24.

1215 435 1301 471 Exe.
1320 435 1376 469 De
1393 439 1486 470 sent.
1506 445 1545 481 p.
1563 431 1637 468 263
1659 444 1668 470 :
1688 428 1775 470 <Ὀτι
1793 430 1878 483 πρὸς
1902 429 1960 468 τὸν
1992 428 2198 482 Ὀριὸάσιον

1161 488 1321 536 εἰπόντα,
1342 491 1388 532 ὡς
1404 490 1442 526 οὗ
1461 488 1530 540 χρὴ
1547 488 1605 526 τὸν
1625 488 1748 538 θυμὸν,
1778 487 1843 526 κᾶν
1873 487 2028 539 ε’πεισίῃ,
2055 487 2112 526 διὰ
2131 490 2200 526 τῶν

1164 546 1334 598 ὀμμάτων
1364 547 1424 585 καὶ
1442 550 1502 592 τῆς
1522 550 1634 599 φωνῆς
1655 549 1891 601 ἐκφορεῒσθαι,
1915 565 1931 581 «
1946 545 2043 599 Ὅρα
2071 546 2200 598 τοίνυν,

1162 600 1271 653 εἶπεν,
1307 605 1423 652 ἐπειδὴ
1454 607 1569 650 καλῶς
1593 605 1721 657 λέγεις,
1753 607 1782 644 εἷ
1802 610 1903 644 τοῦτο
1926 604 2124 657 ἐγκαλέσεις
2152 605 2204 645 ἔτι

1162 664 1332 715 δεύτερον.
1350 673 1384 709 »ξ

1213 721 1297 761 (Ότι
1316 722 1418 774 φασὶν
1447 721 1667 774 Ἀλεξάνδρου
1691 722 1880 767 θειάζοντος
1909 722 2031 760 ἑαυτὸν
2057 724 2096 761 ἐκ
2123 721 2204 766 Διὸς

1163 781 1389 831 Ὀλυμπιάδα
1429 780 1665 833 θρυπτομένην
1694 780 1856 834 φάσκειν·
1890 798 1904 814 «
1938 783 1991 820 Οὐ
2026 780 2204 824 παύσεται.

1163 840 1202 879 τὸ
1217 839 1395 891 μειράκιον
1413 840 1601 878 διαῧάλλον
1620 856 1663 890 με
1680 840 1763 892 πρὸς
1778 839 1839 886 τὴν
1855 839 1994 892 αΗρανς
2011 857 2026 874 ν

1214 897 1301 937 ἷὈτι
1323 898 1591 950 προσαγορεύων
1612 900 1630 935 ὁ
1646 897 1718 942 θεὸς
1737 897 1794 936 τὸν
1818 898 2008 938 Ἰουλιανόν
2029 912 2147 950 φησιν·

1267 984 1311 1016 Ὦ
1325 985 1411 1021 τέκος
1426 983 1599 1026 ἁρμελάταο
1618 985 1688 1016 θεοῦ
1699 1007 1708 1023 ,
1725 985 1882 1024 μεδέοντος
1899 984 2057 1016 ἁπάντων.

1217 1052 1306 1093 ‘'O‘ct
1334 1057 1351 1092 6
1372 1054 1556 1097 Ἰουλιανὸς
1575 1057 1609 1093 ἐν
1628 1055 1703 1098 ταῖς
1724 1056 1921 1098 ἐπιστολαῖς
1940 1054 2025 1093 ἴδιον
2046 1053 2206 1110 [πατέρα

1165 1114 1254 1154 add.
1275 1114 1375 1165 Mai]
1390 1116 1562 1151 ἀνακαλεῖ
1574 1114 1631 1152 τὸν
1653 1114 1761 1160 ἥλιον,
1778 1115 1845 1165 οὐχ
1855 1113 1973 1166 ὥσπερ
1990 1113 2209 1166 Ἀλέξανδρος

1166 1171 1392 1209 διαὸάλλεται
1418 1171 1560 1224 φάσκων
1580 1171 1664 1224 πρὸς
1682 1171 1744 1218 τὴν
1763 1171 1895 1223 Ἵ·Ιραν,
1926 1171 1978 1209 ὅτι
2010 1170 2206 1222 Ὀλυμπιὰς

1166 1228 1268 1266 αὐτὸν
1289 1230 1327 1267 ἐκ
1346 1228 1424 1272 Διὸς
1442 1229 1632 1279 ἀνελομένη
1648 1233 1750 1267 τοῦτο
1767 1231 1830 1268 οὐκ
1847 1227 2089 1282 ἀπεκρύπτετο
2101 1244 2111 1254 ·
2131 1228 2210 1266 ἀλλ’

1166 1282 1262 1330 οῧτός
1279 1303 1317 1337 γε
1335 1287 1392 1325 ἐπὶ
1413 1293 1488 1332 ταῖς
1507 1292 1568 1326 τοῦ
1596 1292 1672 1326 θεοῦ
1691 1287 1896 1341 μαρτυρίαις
1915 1288 2145 1340 αἰωρούμενος
2161 1288 2210 1330 εἷς

1166 1346 1223 1384 τὸν
1245 1346 1420 1384 Πλάτωνα
1439 1347 1651 1399 ὑποφέρεται
1663 1378 1672 1394 ,
1692 1346 1810 1398 ὥσπερ
1831 1349 1848 1384 6
1871 1346 2002 1384 ἐκείνου
2021 1345 2211 1399 Σωκράτης

1167 1405 1268 1457 φησί·
1290 1422 1305 1440 α
1323 1404 1425 1443 Μετὰ
1443 1403 1504 1455 μὲν
1522 1405 1602 1448 Διὸς
1621 1408 1735 1454 ἡμεῖς,
1750 1404 1850 1443 ἄλλοι
1870 1404 1904 1442 δὲ
1926 1406 2001 1455 μετ’
2019 1404 2125 1443 ἄλλου
2141 1406 2210 1442 τῶν

1168 1466 1264 1510 θεῶν,
1287 1481 1302 1497 »ι
1321 1462 1448 1510 ταύτην
1470 1463 1599 1517 (ταύϊῂΙ
1617 1465 1688 1514 Ν.)
1711 1463 1770 1502 καὶ
1800 1463 1900 1506 αὐτὸς
1920 1465 1967 1506 εἷς
1981 1462 2043 1510 τὴν
2062 1462 2211 1509 ἡλιακὴν

1171 1521 1349 1574 βασιλείαν
1367 1523 1442 1560 τινὰ
1470 1521 1528 1560 καὶ
1546 1524 1678 1574 χρυσῆν
1699 1522 1816 1575 σειρὰν
1840 1521 2018 1574 ἀναφέρων
2042 1520 2102 1560 καὶ
2133 1535 2213 1559 συν-

1170 1578 1374 1630 απτόμενος.

1659 1669 1705 1725 215
1713 1697 1722 1707 .

1223 1756 1375 1807 [Suidas
1402 1770 1439 1793 v,
1464 1755 1676 1799 Λιὸάνιος
1705 1769 1714 1795 :
1738 1755 1783 1794 ‘O
1810 1754 1845 1794 δὲ
1873 1754 2057 1799 Ἰουλιανὸς
2083 1754 2212 1807 καίπερ

1170 1813 1342 1857 τοσούτοις
1358 1813 1564 1864 ἐμὸεῧηκὼς
1580 1844 1590 1863 ,
1605 1817 1666 1860 τῆς
1681 1830 1718 1852 τε
1737 1813 1816 1866 περὶ
1835 1813 1954 1865 λόγους
1967 1813 2096 1860 ἥπτετο
2113 1814 2215 1866 φιλο-

1171 1872 1311 1923 τιμίας,
1326 1871 1387 1910 καὶ
1407 1871 1465 1910 τὸν
1485 1875 1547 1919 τῆς
1576 1872 1782 1923 Ἀντιοχείας
1802 1871 1981 1925 σοφιστὴν,
2001 1866 2029 1924 ᾧ
2053 1871 2215 1915 Διὸάνιος

1173 1931 1303 1981 ὄνομα,
1322 1930 1550 1983 διαφερόντως
1567 1931 1777 1981 ἐθαύμασεν,
1797 1930 1840 1968 τὰ
1860 1930 1922 1980 μὲν
1939 1930 2022 1974 ἴσως
2047 1931 2212 1975 ἐπαινῶν,

1175 1988 1220 2026 τὰ
1244 1988 1279 2026 δὲ
1299 1986 1391 2030 ὅπως
1417 1988 1543 2034 λυποίη
1563 1988 1620 2026 τὸν
1642 1988 1752 2040 μέγαν
1781 1987 1947 2041 σοφιστὴν
1973 1988 2215 2041 Προαιρέσιον,

1175 2050 1352 2100 προτιμῶν
1367 2046 1493 2100 ἕτερον.
1511 2046 1669 2091 Ἀκάκιος
1687 2051 1769 2098 γοῦν
1786 2063 1836 2091 τις
1852 2049 1946 2100 αὐτῷ
1967 2049 2034 2086 τῶν
2052 2047 2132 2100 περὶ
2151 2046 2215 2094 τὴν

66 2161 183 2193 initiari
203 2161 332 2201 dicitur,
348 2162 386 2192 ut
409 2162 635 2201 mysteriorum
656 2160 834 2192 erelestium
859 2160 1018 2199 spectator
1044 2158 1111 2198 fiat,

67 2215 164 2252 atque
174 2213 210 2243 ut
226 2221 266 2244 ex
281 2212 340 2244 hoc
352 2213 480 2244 terreno
491 2212 630 2243 incolatu
642 2211 815 2243 translatus
829 2219 904 2242 eum
918 2210 1113 2250 incorporeis

66 2265 189 2297 naturis
200 2266 364 2296 versetur?
382 2265 520 2302 Quinam
534 2273 610 2296 vero
623 2265 698 2296 sunt
713 2264 744 2295 hi
756 2264 945 2304 incorporei,
959 2263 1019 2295 nisi
1032 2263 1113 2295 forte

69 2317 269 2357 Ganymedes
285 2319 316 2348 et
332 2318 488 2358 Juppiter,
507 2316 699 2357 Ganymedis
711 2316 838 2355 Trojani
857 2317 1003 2347 amator?
1022 2315 1114 2356 cujus

70 2370 114 2402 rei
149 2376 245 2400 causa
270 2370 356 2400 Juno
385 2365 512 2409 quoque
536 2377 625 2400 soror
658 2369 690 2399 et
718 2367 837 2406 conjux
856 2366 1051 2407 exploditur,
1076 2368 1114 2399 ut

72 2422 208 2462 Phrygio
221 2420 345 2462 pusioni
365 2420 454 2452 locus
469 2420 521 2451 sit.
564 2419 625 2451 Sed
650 2419 732 2450 enim
749 2418 842 2450 video
854 2442 863 2457 ‚
877 2420 910 2450 te
928 2417 1114 2450 Christianis

69 2474 166 2505 sacris
183 2474 256 2511 has,
275 2474 424 2513 inquam,
442 2473 643 2512 incorporeas
663 2471 811 2503 suffurari
829 2472 944 2503 curias.
956 2471 1053 2512 Atqui
1074 2480 1112 2503 ex

69 2525 199 2556 tuorum
230 2524 416 2564 dogmatum
449 2532 560 2555 norma
587 2532 692 2555 nonne
713 2523 850 2564 turpius,
871 2532 968 2563 quam
997 2523 1113 2555 intem-

70 2575 280 2616 perantissimi
298 2576 330 2606 in
346 2575 407 2606 hae
423 2575 488 2606 vita
498 2575 648 2606 mortales
660 2575 779 2614 solent,
795 2575 903 2606 beatos
918 2577 991 2606 tuos
1004 2574 1113 2614 depre-

72 2627 191 2659 hendes
209 2627 240 2658 in
274 2627 355 2658 coelo
377 2627 504 2658 vivere?
523 2627 638 2666 quibus
665 2626 752 2658 Hebe
777 2626 906 2666 quidem
934 2627 1094 2658 ministrat
1103 2636 1112 2665 ;

69 2679 128 2719 ipsi
142 2680 248 2710 autem
268 2679 369 2709 multo
385 2680 512 2709 nectare
526 2678 603 2710 ebrii
618 2678 766 2709 obscoena
784 2679 979 2718 fabulantur,
1002 2678 1113 2718 Troja-

69 2738 143 2761 nani
168 2729 280 2760 urbem
300 2729 528 2769 despectantes.
574 2732 754 2766 Quemnam
776 2739 870 2769 porro
885 2732 1031 2761 Graecum
1048 2730 1114 2770 phi·

69 2781 236 2822 losophum
251 2782 420 2813 aemulatus
436 2783 483 2813 est
498 2782 643 2813 Julianus
653 2806 662 2821 ‚
677 2791 776 2822 quum
791 2791 920 2822 regnum
935 2784 1111 2823 appetivit?

69 2842 149 2865 num
167 2834 406 2866 Antisthenem?
423 2843 499 2864 num
513 2835 683 2873 Diogenem
694 2836 707 2864 .⁹
718 2835 815 2874 Atqui
834 2835 890 2866 hos
903 2835 1020 2866 scimus
1035 2835 1114 2866 tanti

70 2885 173 2916 otium
192 2885 318 2923 secisse,
335 2888 371 2916 ut
389 2894 505 2916 eanum
519 2894 646 2925 quoque
659 2885 757 2916 vitam
773 2885 908 2924 amplexi
923 2886 997 2925 sint,
1018 2887 1113 2926 atque

71 2936 186 2967 horum
201 2936 412 2976 appellatione
427 2936 650 2975 gloriarentur.
672 2938 882 2976 Nequaquam
902 2937 996 2976 igitur
1013 2939 1048 2969 ut
1064 2947 1114 2969 res

71 2988 228 3018 humanas
247 2987 432 3026 corrigeret,
459 2987 628 3027 imperium
656 2988 838 3026 assectarum
858 2997 931 3018 nam
948 2988 1025 3019 nihil
1041 2998 1111 3019 om-

70 3040 147 3071 nino
161 3039 360 3078 emendavit3
374 3039 427 3071 sed
444 3040 546 3079 primo
562 3039 690 3079 quidem
704 3048 802 3079 prava
815 3040 921 3079 gloriae
941 3041 1114 3080 cupiditate

72 3091 214 3131 ingratus
226 3091 378 3123 adversus
394 3091 626 3122 benefactorem
647 3092 705 3122 suit
729 3103 736 3122 ι
754 3091 867 3123 deinde
883 3092 960 3122 (lum
979 3093 1113 3124 ducibus

71 3143 137 3174 suis
161 3142 361 3174 daemonibus
388 3143 539 3173 scelerata
563 3143 710 3182 religione
735 3151 769 3173 se
795 3143 949 3181 devovet,
980 3144 1112 3176 nescivit

76 3194 143 3225 sore
159 3195 193 3225 ut
213 3202 268 3233 per
284 3194 388 3224 cultos
403 3193 442 3224 ab
463 3202 496 3224 se
518 3193 678 3224 daemonas
692 3193 787 3224 talem
807 3194 928 3224 exitum
943 3203 1112 3234 conseque-

74 3245 176 3284 retur,
197 3245 250 3285 qui
265 3246 297 3276 et
314 3244 456 3276 fraudem
473 3245 567 3276 simul
585 3245 712 3276 illorum
729 3246 760 3276 et
773 3254 864 3276 suam
884 3246 1043 3277 vesaniam
1057 3247 1111 3279 ‹le-

73 3294 185 3336 cerer]

569 3351 627 3382 24.

116 3404 256 3436 Morienti
275 3404 429 3445 Oribasio,
447 3413 510 3436 non
524 3406 670 3445 oportere
684 3405 762 3436 iram
776 3429 784 3444 ‚
797 3405 918 3437 etiamsi
929 3405 1023 3444 adsit,
1037 3415 1113 3438 voce

1172 2160 1204 2190 et
1217 2158 1319 2190 oculis
1329 2158 1503 2198 declarare,
1517 2161 1593 2190 «Tu
1605 2167 1682 2190 vero
1697 2158 1822 2197 videsis,
1833 2158 1936 2198 inquit
1947 2158 2218 2200 Julianus,quan·

1170 2209 1342 2250 doquidem
1352 2211 1438 2242 recte
1449 2210 1506 2250 ais,
1518 2218 1558 2242 an
1569 2218 1621 2242 me
1632 2209 1749 2241 iterum
1759 2209 1819 2241 hae
1830 2209 1861 2240 in
1870 2218 1905 2241 re
1917 2210 2070 2250 castigare
2080 2211 2188 2250 possis.
2199 2223 2216 2239 ι,

1212 2263 1321 2299 Quum
1337 2261 1516 2294 Alexander
1528 2261 1636 2292 divino
1652 2269 1685 2293 se
1701 2261 1792 2293 Jovis
1810 2269 1924 2301 genere
1941 2262 2045 2292 satum
2057 2261 2215 2302 jactaret,

1171 2314 1262 2347 aiunt
1275 2315 1496 2355 Olympiadem
1510 2315 1659 2346 affectato
1674 2314 1798 2346 fastidio
1813 2314 1930 2346 dixisse
1947 2323 1955 2345 :
1975 2326 1990 2342 α
2002 2314 2152 2347 Nondum
2165 2314 2218 2347 bie

1172 2366 1262 2408 pusio
1275 2366 1359 2408 apud
1377 2369 1395 2398 J
1400 2375 1538 2398 unonem
1551 2365 1740 2397 criminandi
1755 2366 1819 2398 mei
1831 2365 1928 2398 tinem
1943 2365 2040 2398 facit?
2054 2379 2071 2395 n

1213 2421 1299 2451 Deus
1315 2420 1334 2451 J
1338 2419 1482 2450 ulianum
1495 2418 1662 2458 alloquens
1676 2417 1742 2449 ait:
1874 2412 1882 2424 ⁴

1308 2496 1333 2523 0
1344 2494 1432 2531 stirps
1441 2494 1602 2530 aurigantis
1612 2493 1670 2529 dei.
1681 2493 1732 2530 qui
1741 2493 1841 2523 omnia
1851 2493 1926 2530 regit
1936 2495 1943 2522 t

1213 2563 1318 2596 Solem
1332 2564 1480 2596 Julianus
1493 2563 1526 2594 in
1541 2563 1682 2603 epistolis
1695 2565 1835 2604 patrem
1845 2571 1939 2594 suum
1952 2562 2090 2603 appellat
2107 2562 2216 2596 :haud

1172 2615 1320 2656 equidem
1333 2624 1396 2655 qua
1404 2615 1525 2646 ratione
1536 2614 1714 2646 Alexander
1727 2614 1940 2646 calumniatur
1946 2613 2031 2654 apud
2042 2616 2060 2646 J
2064 2622 2214 2655 unonem,

1172 2676 1286 2708 nempe
1293 2666 1379 2707 quod
1386 2666 1548 2706 Olympias
1555 2666 1594 2697 de
1601 2668 1620 2697 J
1623 2675 1682 2697 ove
1690 2675 1722 2697 se
1729 2665 1909 2705 concepisse
1918 2673 1983 2696 non
1990 2665 2215 2707 dissimularet;

1174 2729 1286 2751 verum
1298 2720 1363 2760 ipse
1380 2719 1430 2751 dei
1447 2719 1634 2751 testimoniis
1647 2718 1802 2749 subnixus
1814 2717 1852 2748 ad
1871 2718 2033 2749 Platonem
2051 2719 2212 2757 provocat.

1172 2775 1252 2804 Nam
1267 2772 1359 2804 sicuti
1377 2771 1559 2804 Platonicus
1571 2771 1615 2802 ait
1630 2772 1792 2802 Socrates:
1806 2781 1820 2796 «
1831 2771 1914 2801 Cum
1926 2771 2006 2801 Jove
2019 2777 2077 2800 nos
2085 2778 2215 2810 sumus,

1173 2825 1224 2856 alii
1233 2833 1306 2856 cnm
1314 2825 1375 2855 alio
1388 2824 1521 2855 deorum
1531 2834 1540 2863 ;
1551 2836 1566 2850 »
1581 2823 1625 2854 ita
1636 2822 1731 2854 etiam
1741 2820 1885 2853 Julianus
1894 2819 1933 2851 ad
1940 2820 2042 2852 solare
2054 2820 2215 2860 quoddam

1172 2886 1303 2917 regnum
1319 2885 1415 2909 aurea
1438 2875 1539 2908 veluti
1554 2876 1666 2907 catena
1682 2874 1839 2906 referebat
1857 2873 1958 2905 semet
1981 2874 2078 2913 atque
2102 2872 2214 2913 adJun·
2232 2876 2234 2878 ’

1171 2930 1274 2970 gebat.

1668 2982 1726 3015 25.

1211 3046 1355 3078 Julianus
1376 3044 1565 3084 parabates,
1587 3043 1734 3084 quamvis
1745 3043 1867 3074 tantam
1883 3040 2079 3081 negotiorum
2096 3039 2214 3071 molem

1172 3100 1365 3139 sustineret,
1392 3100 1500 3130 tamen
1523 3099 1554 3129 et
1585 3096 1774 3137 eloquentiae
1801 3094 1933 3135 gloriam
1964 3093 2152 3133 expetebat,
2183 3094 2216 3124 et

1138 3159 1144 3210 1
1173 3152 1403 3184 Antiochenum
1420 3151 1511 3182 illum
1533 3149 1725 3190 sophistam,
1745 3149 1797 3180 eui
1817 3147 1950 3180 Libanio
1963 3154 2098 3184 nomen,
2118 3153 2214 3185 supra

1172 3203 1303 3234 modum
1317 3202 1545 3240 admirabatur,
1561 3201 1677 3241 partim
1694 3201 1842 3238 fortasse,
1859 3197 1943 3238 quod
1962 3206 2035 3228 eum
2053 3197 2213 3237 probaret,

1172 3254 1286 3294 partim
1300 3262 1376 3285 vero
1386 3277 1395 3292 ,
1418 3254 1455 3285 ut
1467 3261 1618 3292 magnum
1634 3252 1723 3283 illum
1737 3250 1910 3291 sophistam
1931 3248 2137 3281 Proaeresium
2152 3247 2213 3278 do-

1172 3305 1239 3336 lore
1267 3304 1406 3336 afficeret
1419 3329 1427 3343 ,
1445 3305 1583 3335 alterum
1603 3305 1808 3343 anteponens.
1854 3300 1988 3333 Aeacius
2014 3301 2139 3337 tamen,
2167 3298 2215 3329 vir

1173 3355 1298 3386 dicendi
1315 3355 1407 3386 valde
1420 3355 1551 3395 peritus,
1574 3355 1606 3386 et
1629 3354 1736 3394 Phryx
1753 3353 1928 3385 Tuseianus
1944 3351 1985 3382 ob
2003 3351 2072 3383 hmo
2090 3358 2215 3390 semper

1174 3414 1248 3438 eum
1262 3406 1472 3446 accusabant,
1493 3407 1525 3438 et
1534 3405 1652 3446 judicia
1669 3405 1736 3446 ejus
1748 3403 2031 3445 reprehendebant.
