2326 3724
133 224 184 256 28

131 306 257 341 Prima
274 304 391 341 verba
411 317 531 353 usque
548 305 598 342 ad
616 304 654 342 ἐκ
676 297 797 348 πῖιιδός
822 305 960 342 iterum
987 305 1122 342 Suidas
1139 319 1175 342 v.

132 361 293 414 Συέδρων
315 365 488 412 apponit.
509 365 686 411 Ceterum
705 365 872 401 AElianus
891 365 953 400 ille
971 365 1099 401 nescio
1128 376 1177 400 an

131 422 285 458 aliunde
305 430 419 458 notus
432 424 492 461 sit.

620 499 683 545 37.

185 575 278 613 Exc.
297 576 355 611 De
373 575 470 624 legg.
493 589 535 624 p.
554 575 613 622 18,
642 589 688 624 19
716 589 724 612 2
740 573 824 613 ’Ὄτι
843 575 893 627 τῷ
917 575 1056 626 βασιλεῖ
1074 574 1177 613 01³2&-

130 631 235 679 λεντι,
254 632 404 684 ἡσυχίαν
419 632 488 670 ἀπὸ
499 635 567 670 τῶν
585 634 719 671 οἰκείων
733 633 792 671 καὶ
807 635 873 670 τῶν
890 632 1026 671 ὀθνείων
1045 633 1176 684 ἄγοντι,

129 688 170 727 τὸ
190 689 367 728 ἐπίλεκτον
388 691 594 742 ἀγγέλλεται
613 694 680 730 τῶν
698 694 841 731 Σκυθῶν
862 690 1063 744 στράτευμα
1085 693 1175 739 πλη·-

132 747 206 786 σίον
236 748 304 796 ἤδη
325 764 392 787 που
412 749 610 801 τυγχάνειν,
637 749 694 794 οὒς
713 752 731 787 6
756 749 952 802 Προκόπιος
971 752 1018 794 εἷς
1035 766 1178 800 συμμα-

130 806 211 867 χίαν
229 807 446 854 ἐξεκεκλήκει
460 808 558 860 παρὰ
578 813 637 857 τοῦ
654 810 798 847 Σκυθῶν
819 809 1006 858 βασιλέως.
1022 809 1178 861 Γαύρους

130 869 217 903 εἶναι
235 864 279 903 τὰ
295 866 503 919 φρονήματα
524 866 640 918 ἔλεγον
667 866 745 910 τοὺς
762 867 968 919 προσιόντας
989 867 1048 905 καὶ
1077 883 1175 919 περι-

130 923 355 977 φρονητικοὺς
368 927 435 962 τῶν
447 925 630 978 ὁρωμένων
644 926 653 974 (
665 924 883 975 Ῥωμαίωνῖ
897 928 939 962 B.
956 923 980 976 )‚
991 924 1178 976 ὀλιγώρους

130 979 167 1020 ἰ”ε
184 980 269 1034 πρὸς
294 983 334 1021 τὸ
348 984 542 1022 ἀκόλαστον
560 986 634 1033 μεθ’
657 983 810 1035 ὕὸρεως,
833 984 892 1022 καὶ
913 982 1002 1021 πολὺ
1031 983 1071 1020 τὸ
1092 983 1175 1034 ἀγέ-

132 1056 242 1093 ρωχον
268 1041 328 1079 καὶ
355 1042 478 1093 θερμὸν
499 1041 556 1080 ἐπὶ
576 1047 683 1079 πᾶσιν
703 1041 860 1093 ἔχοντας.
881 1040 926 1079 ‘O
953 1040 988 1078 δὲ
1017 1041 1178 1092 βασιλεὺς

131 1099 311 1150 συντόμως
329 1100 451 1144 αὐτοὺς
475 1099 669 1148 ἀποταμὼν
689 1103 750 1146 τῆς
773 1099 830 1137 ἐπὶ
855 1098 994 1142 Σκύθας
1015 1102 1177 1152 ὑποστρο·

130 1161 196 1210 φῆς
219 1164 380 1210 κατεῖχεν
401 1158 495 1202 ἐντὸς
515 1158 668 1210 ἀρκύων,
691 1158 750 1196 καὶ
769 1157 814 1196 τὰ
843 1157 936 1195 ὅπλα
959 1159 1178 1210 παραδοῦναι

130 1216 311 1260 κελεύσας.
370 1219 416 1255 Οἱ
433 1216 469 1254 δὲ
498 1216 635 1263 ἔδοσαν,
663 1215 726 1264 τὴν
744 1219 805 1262 τῆς
828 1216 970 1267 γνώμης
986 1218 1177 1270 ὑπεροψίαν

131 1274 234 1327 μέχρι
262 1279 322 1313 τοῦ
342 1278 483 1321 κινῆσαι
506 1274 568 1318 τὰς
587 1274 698 1323 κόμας
718 1274 859 1325 (κώμας
880 1277 1024 1326 Wytt.)
1051 1277 1176 1314 ἐπιδει-

129 1332 283 1382 ξάμενοι.
340 1332 555 1385 Διασπείρας
581 1327 639 1371 οὖν
666 1332 791 1376 αὐτοὺς
811 1332 903 1370 κατὰ
922 1332 984 1377 τὰς
1003 1333 1120 1379 πόλεις
1140 1337 1174 1373 ἓν

129 1390 272 1444 ἀδέσμῳ
288 1394 431 1443 κατεῖχε
449 1397 604 1444 φρουρᾷ,
624 1392 684 1430 καὶ
698 1391 960 1446 καταφρόνησιν
983 1395 1175 1432 ἔνεποιεῖτο

129 1453 200 1494 τοῖς
211 1450 393 1500 θεωμένοις
404 1451 517 1488 αὐτῶν
534 1450 577 1487 τὰ
593 1450 743 1501 σώματα
758 1451 843 1503 πρός
854 1467 891 1489 τε
907 1454 1017 1502 μῆκος
1034 1453 1173 1504 ἀχρεῖον

128 1508 340 1559 ἐλαυνόμενα
351 1540 361 1557 ,
378 1508 438 1548 καὶ
454 1509 628 1562 βαρύτερα
644 1515 715 1553 τοῖς
731 1509 836 1558 ποσὶ,
847 1509 938 1548 κατά
956 1525 994 1548 τε
1010 1510 1049 1548 τὸ
1067 1511 1172 1562 μέσον

128 1567 350 1619 διεσφιγμένα
362 1598 371 1614 ,
387 1563 477 1619 ἧπέρ
492 1583 594 1620 φησιν
612 1567 851 1620 Ἀριστοτέλης
871 1567 916 1606 τὰ
938 1567 1082 1619 ἔντομα.
1103 1573 1172 1608 Δε-

127 1623 271 1676 χόμενοι
291 1627 321 1663 δ’
350 1620 408 1664 οὖν
437 1625 558 1670 αὐτοὺς
581 1627 627 1670 εἷς
646 1625 708 1670 τὰς
722 1626 833 1670 οἷκίας
857 1629 888 1665 οἳ
907 1626 969 1671 τὰς
984 1628 1101 1672 πόλεις
1122 1630 1173 1666 οἷ-

127 1687 267 1727 κοῧντες
285 1684 344 1722 καὶ
365 1684 575 1737 πειρώμενοι
587 1688 650 1732 τῆς
663 1685 856 1736 ἀσθενείας,
870 1686 934 1733 τὴν
949 1689 1082 1724 ἑαυτῶν
1102 1686 1174 1731 ἐξα-

128 1741 242 1789 πάτην
254 1744 358 1792 γελᾶν
375 1743 625 1794 ἠναγκάζοντο.
683 1743 836 1788 Τούτους
853 1744 981 1796 ἀπῄτει
1001 1745 1077 1788 τοὺς
1090 1761 1172 1796 γεν-

127 1800 241 1844 ναίους
261 1804 278 1839 ὃ
299 1803 442 1839 Σκυθῶν
466 1801 642 1853 βασιλεύς.
703 1801 776 1842 Καὶ
797 1797 893 1850 ἦντὸ
907 1809 1054 1855 πρᾶγμα
1071 1804 1172 1856 δριμὺ

127 1858 188 1896 καὶ
207 1859 293 1911 πρὸς
305 1859 361 1897 τὸν
380 1863 439 1898 τοῦ
455 1860 588 1898 δικαίου
605 1860 707 1913 λόγον
726 1862 789 1900 οὐκ
803 1861 1032 1909 εὐδιαίτητον.
1046 1862 1091 1902 ‘O
1105 1864 1169 1913 μὲν

127 1915 195 1968 γὰρ
225 1916 356 1970 ἔφασκε
387 1919 525 1969 βασιλεῖ
558 1918 745 1957 δεδωκέναι
773 1918 864 1958 κατὰ
885 1921 1094 1973 συμμαχίαν
1113 1921 1172 1960 καὶ

125 1973 266 2026 ὅρκους·
282 1978 300 2014 ὁ
319 1974 362 2014 ’δὲ
383 1975 564 2029 ἀπέφασκε
587 1977 734 2029 βασιλέα
755 1977 804 2028 μὴ
825 1979 1014 2031 τυγχάνειν
1028 1979 1089 2018 καὶ
1109 1981 1172 2018 αὖ·

126 2033 184 2072 τὸν
205 2035 268 2072 οὐκ
287 2035 527 2086 ὀμωμοκέναι.
585 2036 746 2075 Ἐκείνου
777 2035 812 2074 δὲ
844 2038 1088 2090 προστιθέντος
1112 2038 1171 2077 τὸν

126 2091 327 2141 Ἰουλιανὸν,
343 2093 403 2132 καὶ
421 2091 475 2131 ὅτι
490 2093 546 2132 διὰ
562 2093 624 2141 τὴν
642 2095 772 2134 ἐκείνου
795 2095 936 2134 δεδώκει
956 2096 1171 2148 συγγένειαν,

124 2150 244 2189 καὶτὰ
266 2154 334 2189 τῶν
353 2151 538 2205 πρέσὸέων
566 2153 750 2204 ἀξιώματα
774 2155 1035 2207 προστιθέντος,
1057 2158 1074 2194 ὃ
1107 2159 1172 2208 βα-

2299 0 2326 149 l

2307 136 2326 177 <i

2316 184 2326 213 ἦ

2312 218 2326 268 ἔ

1237 301 1352 346 σιλεὺς
1372 301 1558 355 ἀντεφώνει
1571 331 1582 349 ,
1601 301 1677 346 τούς
1694 317 1731 340 τε
1748 301 1910 355 πρέσὸεις
1927 301 2019 355 ἔχειν
2032 302 2094 350 τὴν
2106 303 2204 353 δίκην
2219 305 2280 344 καὶ
2315 305 2326 339 33

1237 359 1315 403 τοὺς
1331 360 1505 412 παρόντας
1519 362 1565 404 ὡς
1582 359 1769 410 πολεμίους
1783 360 2006 412 κατέχεσθαι,
2024 362 2181 416 πολεμίῳ
2195 365 2282 417 πρὸς
2310 338 2326 536 ⁴

2315 537 2326 617 l

962 214 1174 254 EUNAPII
1204 213 1452 253 SARDIANI

1240 419 1453 470 συμμαχίαν
1474 418 1638 465 ἥκοντας.
1696 418 1764 458 Ἕκ
1780 418 1912 457 τούτων
1927 420 1962 457 δὲ
1983 423 2052 458 τῶν
2074 422 2281 474 προφάσεων

1238 479 1256 514 6
1275 476 1444 521 Σκυθικὸς
1458 476 1674 530 ἀνεγείρεται
1692 476 1845 528 πόλεμος
1856 507 1866 524 ,
1880 479 1930 530 τῷ
1945 478 2008 528 μὲν
2028 477 2208 530 ἀξιώματῐ
2212 484 2281 520 τῶν

1239 534 1424 572 συνιόντων
1453 537 1556 573 ἐθνῶν
1579 534 1640 573 καὶ
1670 540 1741 578 τοῖς
1772 536 1932 586 μεγέθεσι
1950 537 2282 589 τῶν,»παρασκευῶν

1238 592 1296 630 ἐπὶ
1317 592 1410 644 μέγα
1430 593 1670 645 προὸήσεσθαι
1690 593 1749 632 καὶ
1763 593 1937 646 χωρήσειν
1952 595 2181 647 πολυτρόπων
2195 613 2282 649 συμ-

1239 652 1354 703 φορῶν
1372 650 1432 689 καὶ
1451 650 1674 704 ἀτεκμάρτου
1690 651 1800 703 τύχης
1819 653 2089 705 προσδοκηθεὶς,
2105 657 2148 708 τῇ
2167 653 2204 693 δὲ
2223 660 2284 695 τοῦ
2315 664 2326 694 i

1241 708 1415 760 βασιλέως
1437 708 1576 757 ὀξύτητι
1591 709 1651 750 καὶ
1670 710 1815 764 προνοίᾳ
1836 711 2054 764 κατενεχθεὶς
2071 712 2178 752 ἐπὶτὸ
2190 729 2285 754 στα-

1238 767 1335 820 θερὸν
1357 768 1417 806 καὶ
1442 767 1716 822 ἀσφαλέστερον.
2317 811 2326 823 Δ

1291 829 1348 864 De
1364 829 1422 864 his
1452 828 1544 864 belli
1564 829 1717 866 Gothici
1744 829 1813 866 sub
1831 830 1988 877 Valente
2016 831 2133 869 initiis
2163 832 2283 886 (366)
2314 824 2326 889 J}

1238 885 1317 920 vid.
1341 887 1511 922 Zosimus
1540 888 1603 933 IV,
1637 900 1696 932 10,
1722 886 1844 934 1—5‚
1861 888 1930 924 ubi
1948 890 2178 940 Eunapianae
2196 905 2286 929 nar-
2316 901 2326 945 ,ἡ

1238 945 1396 980 rationis
1428 945 1544 981 habes
1577 947 1789 995 epitomen3
1819 948 2040 984 Ammianus
2069 946 2283 991 Marcellin.
2314 947 2326 992 Ξ,

1239 1003 1407 1049 XXVII,
1430 1003 1467 1043 5.
1499 1006 1556 1040 Ex
1585 1013 1779 1054 postrema
1806 1005 1917 1053 hujus
1945 1007 2148 1056 fragmenti
2175 1019 2286 1059 parte
2316 994 2326 1051 ’ἶ

1238 1061 1412 1108 quaedam
1426 1062 1610 1098 delibavit
1629 1063 1766 1100 Suidas
1782 1076 1819 1099 v.
1835 1062 2068 1117 Ἀτέκμαρτον
2079 1081 2088 1091 ·
2108 1068 2286 1112 Εὖνάπιος

1239 1117 1274 1155 δὲ
1302 1117 1417 1168 λέγει·
1441 1136 1456 1152 «
1473 1120 1537 1171 Τῷ
1564 1134 1603 1157 τε
1633 1121 1678 1170 (Ι.
1700 1118 1785 1172 μὲν)
1808 1119 1982 1171 ἀξιώματι
2011 1125 2080 1161 τῶν
2101 1124 2286 1164 συνιόντων
2322 1124 2326 1138 ¹

1238 1178 1343 1214 ἐθνῶν
1365 1176 1425 1214 καὶ
1453 1177 1524 1221 τοῖς
1555 1177 1715 1230 μεγέθεσι
1744 1181 1812 1217 τῶν
1847 1183 2081 1233 παρασκευῶν
2108 1182 2166 1221 ἐπὶ
2192 1183 2284 1236 μέγα
2323 1179 2326 1221 ἶ

1237 1233 1478 1286 προὸήσεσθαι
1500 1236 1617 1286 (adde
1637 1236 1697 1274 καὶ
1722 1237 1918 1290 χωρήσειν)
1939 1240 2169 1292 πολυτρόπων
2191 1257 2282 1293 συμ·
2316 1226 2326 1286 ἶ

1238 1295 1351 1344 φορῶν
1363 1293 1422 1331 καὶ
1432 1294 1653 1346 ἀτεκμάρτου
1669 1294 1776 1349 τύχης
1790 1297 2086 1348 προσδοκηθείσης
2108 1297 2158 1352 (l.
2173 1314 2285 1352 προσ·
2323 1294 2326 1318 ³

1237 1351 1431 1404 δοκηθείς).
1457 1356 1548 1401 Quae
1581 1363 1794 1403 sequuntur
1821 1357 1927 1406 apud
1954 1359 2172 1409 Eunapium
2193 1360 2284 1396 item
2321 1360 2326 1402 j

1235 1410 1352 1448 hahes
1371 1424 1432 1460 ap.
1455 1413 1612 1449 Suidam
1630 1427 1666 1452 v.
1684 1413 1872 1466 Σταθερόν.
2323 1418 2326 1419 ’

2312 699 2326 807 :amm-&m

1725 1525 1788 1564 38.

1289 1630 1379 1666 Exc.
1401 1630 1455 1665 De
1473 1636 1569 1665 sent.
1587 1643 1628 1679 p.
1653 1629 1744 1679 268,
1761 1630 1837 1678 269
1855 1628 1922 1669 2‘0
1943 1628 1979 1668 δὲ
1996 1630 2206 1682 Θεόδωροςὸ
2222 1648 2287 1672 κα·
2319 1654 2326 1685 5

1233 1686 1450 1738 τειλεγμένος
1474 1693 1544 1731 τοῖς
1567 1687 1737 1739 νοταρίοις
1762 1691 1797 1727 ἐν
1819 1689 1900 1742 δίκῃ
1931 1691 2078 1740 ἐτιμᾶτο
2106 1690 2204 1744 παρὰ
2223 1697 2284 1731 τοῦ
2323 1716 2326 1718 -

1236 1744 1425 1795 βασιλέως·
1447 1745 1487 1784 τό
1503 1762 1540 1784 τε
1555 1746 1622 1798 γὰρ
1637 1741 1675 1785 εὖ
1690 1748 1868 1799 γεγονέναι
1885 1752 2020 1801 προσῆν
2042 1751 2157 1803 αὐτῷ,
2173 1751 2286 1790 καὶτὸ
2323 1790 2326 1792 ,

1235 1797 1274 1841 εῧ
1291 1803 1482 1857 πεφυκέναι
1498 1805 1584 1857 πρὸς
1605 1805 1732 1858 ἀρετὴν
1751 1806 1907 1854 ἅπασαν,
1924 1807 1965 1845 τό
1984 1822 2020 1844 τε
2037 1809 2140 1858 σῶμα
2156 1808 2286 1855 συνήν-

1234 1866 1284 1901 θει
1311 1868 1387 1907 ταῖς
1407 1865 1563 1916 ἀρεταῖς,
1594 1865 1653 1903 καὶ
1679 1865 1718 1903 τὸ
1735 1866 1965 1919 ἐπαφρόδιτον
1994 1867 2030 1903 ἐν
2051 1871 2128 1910 ταῖς
2156 1882 2279 1905 συνου-

1234 1922 1326 1966 σίαις
1342 1922 1472 1972 κόσμος
1486 1924 1597 1963 ἐδόκει
1614 1927 1681 1963 τῶν
1699 1927 1830 1978 ἀρετῶν
1853 1925 2010 1976 ἐμμελής
2033 1941 2085 1970 τις
2105 1926 2166 1965 καὶ
2185 1942 2280 1965 παν-

1235 1980 1407 2034 αρμόνιος.
1464 1982 1556 2022 Ἀλλ’
1589 1983 1727 2034 ἔλαθεν,
1745 1978 1769 2035 ᾗ
1786 1999 1890 2037 φησιν
1909 1983 2094 2036 Ὄμηρος,
2124 1985 2191 2023 ὑπὸ
2205 1987 2274 2023 τῶν

1238 2039 1332 2078 ἰδίων
1351 2041 1550 2094 διαφθαρεὶς
1569 2044 1701 2083 καλῶν.
1722 2042 1774 2082 Τὸ
1803 2041 1870 2095 γὰρ
1888 2043 2114 2095 ἀνθρώπινον,
2128 2043 2188 2082 καὶ
2206 2043 2280 2082 ὅσοι

1234 2098 1314 2151 περὶ
1341 2100 1526 2152 στρατείας
1555 2101 1613 2138 ἐπὶ
1637 2100 1681 2139 τὰ
1713 2100 1819 2153 κέρδη
1850 2101 1911 2140 καὶ
1941 2101 2003 2145 τὰς
2030 2101 2146 2146 κοινὰς
2177 2101 2286 2154 τύχας

1234 2158 1444 2208 ἐπτοημένοι
1463 2158 1524 2197 καὶ
1539 2158 1723 2211 κεχηνότες
1733 2191 1743 2207 ,
1757 2157 1819 2206 τὴν
1840 2159 2043 2212 ἡμερότητα
2057 2159 2283 2212 καταμαθόν-

620 2270 678 2302 37.

165 2321 311 2361 Valenti,
332 2331 432 2362 quum
457 2323 559 2354 otium
576 2325 683 2363 ageret
707 2324 748 2356 ab
767 2325 908 2357 externis
931 2326 964 2358 et
991 2325 1175 2360 domesticis

125 2372 227 2413 hellis,
239 2373 421 2406 nuntiatum
431 2375 489 2414 est,
502 2376 672 2408 collectum
686 2377 876 2417 Scytharum
887 2378 1065 2410 exercitum
1075 2387 1175 2420 prope

122 2427 191 2466 jam
210 2426 331 2458 adesse.
377 2427 416 2459 Hi
433 2437 508 2459 vero
522 2430 630 2468 erant,
645 2436 726 2469 quos
739 2431 916 2471 Procopius
929 2430 961 2462 in
974 2439 1069 2462 suum
1085 2432 1174 2463 auxi-

126 2479 204 2510 lium
222 2487 241 2510 a
255 2479 445 2519 Scytharum
463 2489 534 2520 rege
560 2481 798 2522 impetraverat.
819 2485 884 2515 Hos
903 2483 1031 2516 aiebant
1058 2493 1174 2525 magno

124 2540 199 2563 cum
215 2533 295 2563 fastu
312 2533 344 2563 et
364 2534 543 2573 arrogantia
556 2534 702 2567 incedere
718 2537 750 2568 et
768 2536 878 2567 omnia
889 2561 898 2576 ,
923 2545 997 2577 quae
1012 2545 1047 2569 se
1062 2546 1174 2569 eorum

126 2584 309 2623 conspectui
325 2583 525 2624 obtulissent,
539 2585 700 2626 despicere
710 2611 719 2626 ‚
739 2589 905 2628 propterea
921 2588 1008 2628 quod
1021 2589 1172 2630 quicquid

125 2633 251 2674 injuriae
274 2635 472 2675 inserebant,
498 2636 529 2667 id
546 2637 677 2678 impune
699 2638 870 2678 faciebant,
888 2640 920 2671 et
944 2642 1129 2680 arroganter
1143 2643 1175 2673 et

126 2686 265 2726 superbe
280 2695 313 2717 se
331 2695 404 2717 cum
427 2688 578 2719 omnibus
603 2690 767 2728 gerebant.
813 2691 877 2722 Hos
892 2690 1065 2731 imperator
1091 2692 1174 2724 intra

126 2737 222 2770 breve
234 2739 360 2778 tempus
373 2739 562 2772 interclusos
575 2741 606 2772 in
620 2742 784 2782 Scythiam
804 2743 924 2782 reditu,
945 2744 1036 2784 quasi
1053 2745 1175 2776 retibus

125 2789 236 2830 captos
251 2790 408 2822 continuit
421 2792 453 2822 et
468 2801 556 2823 arma
569 2792 694 2824 tradere
701 2794 795 2833 jussit
808 2806 815 2825 :
828 2795 860 2826 et
874 2803 950 2825 vero
960 2795 1173 2835 tradiderunt,

125 2843 216 2872 motu
224 2842 350 2873 tantum
364 2842 550 2882 capillorum
561 2844 676 2876 mentis
685 2845 834 2876 ferociam
845 2845 1022 2878 indicantes
1036 2847 1174 2886 <mentis

126 2893 325 2932 superbiam
348 2893 622 2927 demonstrantes
633 2921 642 2934 ,
656 2905 692 2928 eo
711 2897 804 2937 quod
814 2906 919 2938 paqos
932 2899 1098 2932 seditione
1113 2901 1173 2932 im·

124 2945 282 2985 merent,
300 2954 365 2978 sec.
383 2948 552 2987 Wyttenb.
567 2949 592 2988 ).
608 2952 672 2981 Hos
682 2950 777 2990 igitur
797 2959 852 2991 per
865 2951 961 2983 urbes
973 2951 1129 2992 dispersos
1142 2953 1174 2985 in

125 2997 225 3028 libera
238 2997 383 3029 custodia
397 2998 527 3039 habuit,
545 3002 577 3032 et
591 3002 811 3041 contemptum
836 3010 947 3034 eorum
962 3004 1112 3036 excitavit
1126 3005 1174 3037 his

124 3049 180 3088 qui
197 3049 345 3080 viderunt
360 3058 471 3082 eorum
486 3060 637 3091 corpora,
655 3053 687 3083 in
704 3053 836 3084 nimiam
859 3054 1083 3093 proceritatem
1102 3064 1173 3088 sur-

123 3100 248 3140 gentia,
265 3101 412 3140 graviora
430 3111 529 3141 quam
550 3105 586 3134 ut
610 3104 706 3143 pedes
731 3105 867 3144 ferrent,
882 3106 914 3136 et
927 3105 1011 3137 circa
1035 3107 1173 3140 mediam

77 3175 80 3177 v
124 3154 251 3192 partem
266 3154 378 3194 exilia,
392 3155 499 3194 qualia
513 3156 697 3189 Aristoteles
710 3157 829 3189 insecta
854 3158 942 3191 dicit.
988 3161 1029 3192 At
1044 3161 1171 3193 urbium

124 3203 238 3236 incolae
251 3213 354 3245 quum
372 3206 507 3245 Scythas
517 3207 548 3238 in
557 3217 630 3239 suas
643 3209 756 3240 domos
767 3209 977 3249 admisissent,
991 3211 1044 3243 ubi
1060 3221 1171 3245 eorum

99 3251 101 3253 ’
123 3255 239 3287 virium
253 3256 479 3289 imbecillitatis
501 3258 678 3298 periculum
693 3260 848 3300 fecerunt,
865 3271 960 3294 suum
975 3272 1115 3295 errorem
1132 3265 1171 3295 ir·

125 3308 228 3341 ridere
244 3309 345 3341 coacti
355 3311 441 3342 sunt.
458 3313 524 3343 Hos
537 3311 634 3352 igitur
646 3313 713 3344 tam
733 3314 902 3353 praeclaros
914 3316 1104 3355 Scytharum
1116 3326 1172 3348 rex

125 3362 261 3402 repetiit.
306 3364 383 3395 Erat
395 3363 457 3395 hoc
469 3365 634 3403 negotium
647 3366 805 3405 arduum,
828 3368 860 3399 et
883 3367 1063 3406 hujusmodi
1086 3369 1170 3409 quod

125 3421 190 3446 non
206 3414 297 3448 facile
312 3416 417 3456 posset
432 3415 473 3448 ad
492 3416 570 3457 justi
583 3417 739 3451 rationem
753 3418 898 3459 expendi.
920 3420 1053 3454 Dicebat
1066 3422 1169 3462 enim,

1235 2279 1269 2303 se
1288 2271 1346 2303 hos
1358 2271 1611 2312 fidejuramento
1628 2272 1737 2304 habita
1754 2271 1794 2303 ad
1806 2272 1966 2313 suppetias
1978 2272 2162 2313 imperatori
2180 2273 2192 2312 (
2207 2275 2287 2306 Pro-

1235 2325 1329 2363 copio
1345 2324 1355 2364 )
1373 2323 1506 2356 misisse.
1550 2324 1740 2356 Valentinus
1753 2333 1830 2356 vero
1850 2324 2006 2365 negabat,
2021 2333 2116 2364 eum,
2132 2325 2172 2357 ad
2189 2333 2286 2366 quem

1234 2375 1366 2407 miserat
1377 2400 1384 2415 ‚
1397 2375 1625 2416 imperatorem
1634 2375 1741 2415 fuisse,
1749 2384 1855 2416 neque
1864 2384 1897 2408 se
1907 2375 2047 2416 jurasse:
2060 2376 2113 2408 ille
2119 2376 2286 2408 sulianum

1235 2427 1267 2458 in
1292 2427 1435 2458 medium
1453 2427 1653 2467 adducebat,
1673 2436 1771 2468 seque
1785 2429 1915 2468 propter
1931 2427 2016 2460 illius
2032 2436 2107 2459 cum
2122 2427 2184 2460 boc
2207 2436 2286 2459 con·

1234 2479 1479 2519 sanguinitatem
1493 2479 1626 2511 dedisse.
1640 2481 1832 2519 Legatorum
1854 2479 1951 2511 etiam
1968 2478 2155 2520 dignitatem
2171 2479 2286 2511 obten-

1234 2530 1330 2562 debat
1352 2540 1360 2562 :
1388 2531 1562 2571 imperator
1588 2532 1700 2562 contra
1718 2530 1912 2572 disserebat,
1939 2530 2060 2571 legatos
2081 2530 2152 2563 illos
2175 2539 2287 2571 poenas
2324 2577 2326 2580 ι

1234 2583 1327 2622 dare,
1344 2585 1376 2616 et
1397 2586 1478 2624 quot
1493 2593 1603 2616 eorum
1623 2583 1787 2622 adessent,
1808 2592 1862 2615 eos
1883 2592 1942 2624 pro
1964 2583 2109 2623 hostibus
2129 2583 2284 2623 detineri,

1234 2635 1495 2675 quandoquidem
1522 2635 1667 2667 hostibus
1690 2635 1848 2666 auxilium
1862 2635 1965 2667 latum
1980 2635 2147 2667 venissent.
2172 2637 2222 2669 Ex
2237 2634 2286 2666 his

1235 2687 1339 2719 causis
1355 2687 1542 2727 Scythicum
1560 2687 1738 2718 excitatum
1752 2687 1800 2718 est
1815 2686 1954 2725 bellum,
1977 2685 2064 2726 quod
2079 2686 2112 2718 et
2133 2685 2286 2726 dignitate

1234 2739 1389 2779 gentium,
1415 2747 1489 2779 quae
1503 2738 1666 2777 coierunt,
1691 2739 1723 2769 et
1739 2737 1959 2777 magnitudine
1980 2738 2194 2778 apparatuum
2213 2745 2284 2769 ma·-

1235 2800 1330 2832 gnam
1346 2791 1510 2823 variorum
1524 2799 1656 2822 casuum
1674 2791 1706 2821 et
1722 2790 1853 2821 incertae
1867 2790 2005 2821 fortunae
2012 2789 2284 2830 exspectationem

1236 2842 1402 2883 movebat,
1416 2842 1471 2875 sed
1485 2842 1632 2874 acumine
1642 2841 1753 2882 Judioii
1765 2841 1966 2881 imperatoris
1977 2842 2010 2873 et
2023 2841 2224 2882 providentia
2241 2839 2284 2873 ad

1234 2895 1365 2927 firmum
1378 2896 1410 2927 et
1422 2895 1530 2927 tutum
1545 2894 1667 2926 exitum
1683 2892 1875 2934 perductum
1887 2893 1947 2924 est.

1725 2971 1782 3003 38.

1275 3050 1480 3089 Theodorus,
1494 3048 1550 3090 qui
1576 3047 1645 3081 erat
1664 3048 1747 3079 inter
1774 3046 1916 3079 notarios
1934 3045 2133 3087 adscriptus,
2153 3045 2226 3086 jure
2249 3045 2283 3078 in

1234 3103 1335 3144 pretio
1349 3102 1432 3143 apud
1445 3103 1604 3134 caesarem
1618 3099 1795 3132 habebatur
1810 3110 1818 3130 :
1832 3107 1908 3130 nam
1921 3099 1953 3130 et
1967 3098 2067 3130 nobili
2086 3098 2157 3130 loco
2173 3098 2280 3138 natus,

1232 3158 1266 3189 et
1286 3157 1402 3188 natura
1419 3155 1460 3187 ad
1483 3154 1662 3196 quamlibet
1687 3153 1839 3184 virtutem
1857 3153 1951 3192 aptus
1974 3153 2061 3191 erat,
2084 3153 2117 3183 et
2141 3150 2282 3190 corporis

1232 3210 1346 3250 decus,
1373 3211 1405 3242 et
1429 3209 1462 3240 in
1486 3205 1715 3240 consuetudine
1737 3205 1884 3237 familiari
1910 3206 2061 3236 venustas
2085 3203 2280 3235 concinnum

1231 3263 1394 3304 quoddam
1417 3263 1451 3294 et
1473 3268 1704 3302 usquequaque
1728 3258 1845 3290 decens
1870 3258 2028 3289 virtutum
2053 3257 2280 3288 ornamentum

1232 3319 1335 3349 erant.
1379 3315 1440 3348 Sed
1456 3315 1540 3347 enim
1555 3313 1729 3352 nesciebat,
1749 3313 1787 3343 ut
1800 3311 1845 3343 ait
1862 3313 2032 3349 Homerus,
2046 3318 2080 3342 se
2100 3309 2191 3341 bonis
2214 3308 2280 3341 suis

1231 3368 1391 3409 perditum
1411 3367 1460 3399 iri.
1505 3365 1628 3406 Vulgus
1642 3364 1727 3397 enim
1748 3365 1781 3395 et
1796 3363 1955 3404 quotquot
1972 3362 2005 3393 in
2021 3360 2166 3393 exercitu
2187 3369 2278 3401 quae·

1232 3421 1294 3454 stui
1311 3419 1510 3461 publicisque
1526 3417 1617 3449 bonis
1631 3415 1722 3457 proni
1739 3415 1920 3454 inhiabant,
1942 3413 2067 3454 cognita
2083 3412 2180 3453 hujus
2195 3411 2278 3444 mol-
