<?xml version="1.0" encoding="UTF-8"?>
<!DOCTYPE html PUBLIC "-//W3C//DTD XHTML 1.0 Transitional//EN"
    "http://www.w3.org/TR/xhtml1/DTD/xhtml1-transitional.dtd">
<html xmlns="http://www.w3.org/1999/xhtml" xml:lang="en" lang="en">
 <head>
  <title>
</title>
<meta http-equiv="Content-Type" content="text/html;charset=utf-8" />
  <meta name='ocr-system' content='tesseract 3.04.00' />
  <meta name='ocr-capabilities' content='ocr_page ocr_carea ocr_par ocr_line ocrx_word'/>
</head>
<body>
  <div class='ocr_page' id='page_1' title='image "./fragmentahistori04mueluoft_0090.png"; bbox 0 0 2326 3724; ppageno 0'>
   <div class='ocr_carea' id='block_1_1' title="bbox 120 198 166 229">
    <p class='ocr_par' dir='ltr' id='par_1_1' title="bbox 120 198 166 229">
     <span class='ocr_line' id='line_1_1' title="bbox 120 198 166 229; baseline 0 0"><span class='ocrx_word' id='word_1_1' title='bbox 120 198 166 229; x_wconf 79' lang='lat'>78</span> 
     </span>
    </p>
   </div>
   <div class='ocr_carea' id='block_1_2' title="bbox 117 271 1172 1963">
    <p class='ocr_par' dir='ltr' id='par_1_2' title="bbox 117 271 1172 1963">
     <span class='ocr_line' id='line_1_2' title="bbox 117 271 1161 329; baseline 0 -15"><span class='ocrx_word' id='word_1_2' title='bbox 117 276 254 315; x_wconf 81' lang='grc' dir='ltr'>σταλκά</span> <span class='ocrx_word' id='word_1_3' title='bbox 275 291 348 324; x_wconf 85' lang='grc' dir='ltr'>σοι,</span> <span class='ocrx_word' id='word_1_4' title='bbox 369 293 415 320; x_wconf 90' lang='grc' dir='ltr'>ως</span> <span class='ocrx_word' id='word_1_5' title='bbox 440 275 564 329; x_wconf 80' lang='grc' dir='ltr'>ἑτέρων</span> <span class='ocrx_word' id='word_1_6' title='bbox 585 276 647 314; x_wconf 81' lang='grc' dir='ltr'>οὐκ</span> <span class='ocrx_word' id='word_1_7' title='bbox 669 274 790 315; x_wconf 83' lang='grc' dir='ltr'>ὄντων.</span> <span class='ocrx_word' id='word_1_8' title='bbox 814 274 886 314; x_wconf 87' lang='grc' dir='ltr'>Καὶ</span> <span class='ocrx_word' id='word_1_9' title='bbox 906 277 1016 312; x_wconf 74' lang='grc' dir='ltr'>ταῦτα</span> <span class='ocrx_word' id='word_1_10' title='bbox 1040 275 1101 324; x_wconf 81' lang='grc' dir='ltr'>μὲν</span> <span class='ocrx_word' id='word_1_11' title='bbox 1118 271 1161 323; x_wconf 71' lang='grc' dir='ltr'>ἦν</span> 
     </span>
     <span class='ocr_line' id='line_1_3' title="bbox 118 333 1160 388; baseline 0 -15"><span class='ocrx_word' id='word_1_12' title='bbox 118 338 152 373; x_wconf 86' lang='grc' dir='ltr'>ἐν</span> <span class='ocrx_word' id='word_1_13' title='bbox 172 339 242 378; x_wconf 86' lang='grc' dir='ltr'>τοῖς</span> <span class='ocrx_word' id='word_1_14' title='bbox 257 335 459 388; x_wconf 82' lang='grc' dir='ltr'>γράμμασι·</span> <span class='ocrx_word' id='word_1_15' title='bbox 479 334 620 388; x_wconf 83' lang='grc' dir='ltr'>φράζειν</span> <span class='ocrx_word' id='word_1_16' title='bbox 641 333 676 372; x_wconf 85' lang='grc' dir='ltr'>δὲ</span> <span class='ocrx_word' id='word_1_17' title='bbox 695 333 753 372; x_wconf 82' lang='grc' dir='ltr'>τὸν</span> <span class='ocrx_word' id='word_1_18' title='bbox 773 333 911 383; x_wconf 56' lang='lat' dir='ltr'>Maiae*-</span> <span class='ocrx_word' id='word_1_19' title='bbox 914 349 968 371; x_wconf 90' lang='grc' dir='ltr'>νον</span> <span class='ocrx_word' id='word_1_20' title='bbox 991 334 1060 372; x_wconf 82' lang='grc' dir='ltr'>ἀπὸ</span> <span class='ocrx_word' id='word_1_21' title='bbox 1082 335 1160 373; x_wconf 90' lang='grc' dir='ltr'>στό-</span> 
     </span>
     <span class='ocr_line' id='line_1_4' title="bbox 119 386 1161 446; baseline -0.003 -14"><span class='ocrx_word' id='word_1_22' title='bbox 119 410 226 444; x_wconf 80' lang='grc' dir='ltr'>ματος</span> <span class='ocrx_word' id='word_1_23' title='bbox 238 411 288 446; x_wconf 86' lang='grc' dir='ltr'>τῳ</span> <span class='ocrx_word' id='word_1_24' title='bbox 304 394 471 445; x_wconf 80' lang='grc' dir='ltr'>Ἀττήλᾳ,</span> <span class='ocrx_word' id='word_1_25' title='bbox 489 393 538 444; x_wconf 83' lang='grc' dir='ltr'>μὴ</span> <span class='ocrx_word' id='word_1_26' title='bbox 553 396 683 445; x_wconf 72' lang='grc' dir='ltr'>χρῆναι</span> <span class='ocrx_word' id='word_1_27' title='bbox 701 394 807 430; x_wconf 78' lang='grc' dir='ltr'>αἰτεῖν</span> <span class='ocrx_word' id='word_1_28' title='bbox 814 386 984 445; x_wconf 68' lang='grc' dir='ltr'>πρέσδεις</span> <span class='ocrx_word' id='word_1_29' title='bbox 998 393 1161 444; x_wconf 80' lang='grc' dir='ltr'>μεγίστης</span> 
     </span>
     <span class='ocr_line' id='line_1_5' title="bbox 119 449 1162 506; baseline -0.004 -15"><span class='ocrx_word' id='word_1_30' title='bbox 119 453 216 498; x_wconf 82' lang='grc' dir='ltr'>ἀξίας</span> <span class='ocrx_word' id='word_1_31' title='bbox 239 455 323 506; x_wconf 89' lang='grc' dir='ltr'>παρ’</span> <span class='ocrx_word' id='word_1_32' title='bbox 343 452 447 491; x_wconf 82' lang='grc' dir='ltr'>αὐτὸν</span> <span class='ocrx_word' id='word_1_33' title='bbox 476 452 659 498; x_wconf 73' lang='grc' dir='ltr'>διαὸἧναι·</span> <span class='ocrx_word' id='word_1_34' title='bbox 686 455 786 490; x_wconf 75' lang='grc' dir='ltr'>τοῦτο</span> <span class='ocrx_word' id='word_1_35' title='bbox 817 452 883 503; x_wconf 86' lang='grc' dir='ltr'>γὰρ</span> <span class='ocrx_word' id='word_1_36' title='bbox 909 449 985 488; x_wconf 80' lang='grc' dir='ltr'>οὐδὲ</span> <span class='ocrx_word' id='word_1_37' title='bbox 1013 451 1070 490; x_wconf 80' lang='grc' dir='ltr'>ἐπὶ</span> <span class='ocrx_word' id='word_1_38' title='bbox 1095 467 1162 488; x_wconf 81' lang='grc' dir='ltr'>των</span> 
     </span>
     <span class='ocr_line' id='line_1_6' title="bbox 120 509 1163 564; baseline -0.004 -14"><span class='ocrx_word' id='word_1_39' title='bbox 120 514 224 550; x_wconf 76' lang='grc' dir='ltr'>αὐτοῦ</span> <span class='ocrx_word' id='word_1_40' title='bbox 247 511 435 564; x_wconf 89' lang='grc' dir='ltr'>προγόνων,</span> <span class='ocrx_word' id='word_1_41' title='bbox 466 510 542 548; x_wconf 77' lang='grc' dir='ltr'>οὐδὲ</span> <span class='ocrx_word' id='word_1_42' title='bbox 568 510 626 548; x_wconf 82' lang='grc' dir='ltr'>ἐπὶ</span> <span class='ocrx_word' id='word_1_43' title='bbox 655 509 779 561; x_wconf 79' lang='grc' dir='ltr'>ἑτέρων</span> <span class='ocrx_word' id='word_1_44' title='bbox 810 513 878 547; x_wconf 80' lang='grc' dir='ltr'>τῶν</span> <span class='ocrx_word' id='word_1_45' title='bbox 912 509 1086 561; x_wconf 76' lang='grc' dir='ltr'>ἀρξάντων</span> <span class='ocrx_word' id='word_1_46' title='bbox 1103 513 1163 556; x_wconf 61' lang='grc' dir='ltr'>τῆς</span> 
     </span>
     <span class='ocr_line' id='line_1_7' title="bbox 121 567 1161 621; baseline -0.003 -12"><span class='ocrx_word' id='word_1_47' title='bbox 121 573 295 618; x_wconf 69' lang='grc' dir='ltr'>Σκυθικῆς</span> <span class='ocrx_word' id='word_1_48' title='bbox 315 569 493 621; x_wconf 85' lang='grc' dir='ltr'>γενέσθαι,</span> <span class='ocrx_word' id='word_1_49' title='bbox 514 569 604 606; x_wconf 77' lang='grc' dir='ltr'>ἀλλὰ</span> <span class='ocrx_word' id='word_1_50' title='bbox 621 567 903 620; x_wconf 71' lang='grc' dir='ltr'>πρεσὸεύσασθαι</span> <span class='ocrx_word' id='word_1_51' title='bbox 919 568 976 605; x_wconf 87' lang='grc' dir='ltr'>τόν</span> <span class='ocrx_word' id='word_1_52' title='bbox 991 583 1027 606; x_wconf 83' lang='grc' dir='ltr'>τε</span> <span class='ocrx_word' id='word_1_53' title='bbox 1046 570 1161 606; x_wconf 81' lang='grc' dir='ltr'>ἐπιτυ-</span> 
     </span>
     <span class='ocr_line' id='line_1_8' title="bbox 119 625 1163 682; baseline -0.006 -14"><span class='ocrx_word' id='word_1_54' title='bbox 119 629 228 681; x_wconf 80' lang='grc' dir='ltr'>χόντα</span> <span class='ocrx_word' id='word_1_55' title='bbox 249 628 462 682; x_wconf 81' lang='grc' dir='ltr'>στρατιώτην</span> <span class='ocrx_word' id='word_1_56' title='bbox 479 627 539 666; x_wconf 83' lang='grc' dir='ltr'>καὶ</span> <span class='ocrx_word' id='word_1_57' title='bbox 558 626 818 679; x_wconf 70' lang='grc' dir='ltr'>ἀγγελιαφόρον.</span> <span class='ocrx_word' id='word_1_58' title='bbox 835 628 898 670; x_wconf 80' lang='grc' dir='ltr'>Εἷς</span> <span class='ocrx_word' id='word_1_59' title='bbox 912 625 947 663; x_wconf 77' lang='grc' dir='ltr'>δὲ</span> <span class='ocrx_word' id='word_1_60' title='bbox 962 626 999 664; x_wconf 79' lang='grc' dir='ltr'>τὸ</span> <span class='ocrx_word' id='word_1_61' title='bbox 1014 627 1163 678; x_wconf 88' lang='grc' dir='ltr'>διευκρι-</span> 
     </span>
     <span class='ocr_line' id='line_1_9' title="bbox 119 684 1162 739; baseline -0.005 -13"><span class='ocrx_word' id='word_1_62' title='bbox 119 691 224 734; x_wconf 81' lang='grc' dir='ltr'>νῆσαι</span> <span class='ocrx_word' id='word_1_63' title='bbox 252 687 296 725; x_wconf 83' lang='grc' dir='ltr'>τὰ</span> <span class='ocrx_word' id='word_1_64' title='bbox 322 686 614 739; x_wconf 65' lang='grc' dir='ltr'>ἀμφιὸαλλόμενα</span> <span class='ocrx_word' id='word_1_65' title='bbox 643 685 753 724; x_wconf 82' lang='grc' dir='ltr'>ἐδόκει</span> <span class='ocrx_word' id='word_1_66' title='bbox 783 685 933 735; x_wconf 87' lang='grc' dir='ltr'>πέμπειν</span> <span class='ocrx_word' id='word_1_67' title='bbox 953 684 1162 734; x_wconf 80' lang='grc' dir='ltr'>Ὀνηγήσιον</span> 
     </span>
     <span class='ocr_line' id='line_1_10' title="bbox 122 739 1163 799; baseline -0.004 -15"><span class='ocrx_word' id='word_1_68' title='bbox 122 748 220 799; x_wconf 85' lang='grc' dir='ltr'>παρὰ</span> <span class='ocrx_word' id='word_1_69' title='bbox 236 746 453 796; x_wconf 86' lang='grc' dir='ltr'>Ῥωμαίους·</span> <span class='ocrx_word' id='word_1_70' title='bbox 472 744 520 795; x_wconf 82' lang='grc' dir='ltr'>μὴ</span> <span class='ocrx_word' id='word_1_71' title='bbox 541 739 649 782; x_wconf 67' lang='grc' dir='ltr'>οἷόντε</span> <span class='ocrx_word' id='word_1_72' title='bbox 671 744 737 797; x_wconf 81' lang='grc' dir='ltr'>γὰρ</span> <span class='ocrx_word' id='word_1_73' title='bbox 751 744 866 791; x_wconf 80' lang='grc' dir='ltr'>αὐτὸν,</span> <span class='ocrx_word' id='word_1_74' title='bbox 884 744 1052 795; x_wconf 79' lang='grc' dir='ltr'>Σερδικῆς</span> <span class='ocrx_word' id='word_1_75' title='bbox 1069 744 1163 794; x_wconf 84' lang='grc' dir='ltr'>δῃω-</span> 
     </span>
     <span class='ocr_line' id='line_1_11' title="bbox 122 801 1164 856; baseline -0.005 -13"><span class='ocrx_word' id='word_1_76' title='bbox 122 805 257 854; x_wconf 83' lang='grc' dir='ltr'>θείσης,</span> <span class='ocrx_word' id='word_1_77' title='bbox 280 804 341 843; x_wconf 74' lang='grc' dir='ltr'>σὺν</span> <span class='ocrx_word' id='word_1_78' title='bbox 372 806 530 856; x_wconf 80' lang='grc' dir='ltr'>ὑπατικῷ</span> <span class='ocrx_word' id='word_1_79' title='bbox 562 803 659 855; x_wconf 83' lang='grc' dir='ltr'>ἀνδρὶ</span> <span class='ocrx_word' id='word_1_80' title='bbox 686 804 717 844; x_wconf 84' lang='grc' dir='ltr'>ἐς</span> <span class='ocrx_word' id='word_1_81' title='bbox 739 802 846 848; x_wconf 74' lang='grc' dir='ltr'>αὐτὴν</span> <span class='ocrx_word' id='word_1_82' title='bbox 878 801 1052 854; x_wconf 76' lang='grc' dir='ltr'>προϊέναι.</span> <span class='ocrx_word' id='word_1_83' title='bbox 1080 801 1164 840; x_wconf 72' lang='grc' dir='ltr'>Ἐπὶ</span> 
     </span>
     <span class='ocr_line' id='line_1_12' title="bbox 121 860 1164 914; baseline -0.004 -13"><span class='ocrx_word' id='word_1_84' title='bbox 121 863 250 910; x_wconf 78' lang='grc' dir='ltr'>ταύτην</span> <span class='ocrx_word' id='word_1_85' title='bbox 261 863 324 909; x_wconf 77' lang='grc' dir='ltr'>τὴν</span> <span class='ocrx_word' id='word_1_86' title='bbox 336 862 522 914; x_wconf 67' lang='grc' dir='ltr'>πρεσὸείαν</span> <span class='ocrx_word' id='word_1_87' title='bbox 536 861 773 913; x_wconf 76' lang='grc' dir='ltr'>ἐκλιπαρήσας</span> <span class='ocrx_word' id='word_1_88' title='bbox 789 861 898 898; x_wconf 81' lang='grc' dir='ltr'>πείθει</span> <span class='ocrx_word' id='word_1_89' title='bbox 913 876 956 910; x_wconf 88' lang='grc' dir='ltr'>με</span> <span class='ocrx_word' id='word_1_90' title='bbox 971 860 1164 910; x_wconf 76' lang='grc' dir='ltr'>Μαξιμῖνος</span> 
     </span>
     <span class='ocr_line' id='line_1_13' title="bbox 125 917 1162 974; baseline -0.003 -16"><span class='ocrx_word' id='word_1_91' title='bbox 125 923 218 974; x_wconf 80' lang='grc' dir='ltr'>αὐτῷ</span> <span class='ocrx_word' id='word_1_92' title='bbox 242 927 453 972; x_wconf 83' lang='grc' dir='ltr'>συναπᾶραι.</span> <span class='ocrx_word' id='word_1_93' title='bbox 476 919 547 958; x_wconf 82' lang='grc' dir='ltr'>Καὶ</span> <span class='ocrx_word' id='word_1_94' title='bbox 570 920 656 965; x_wconf 76' lang='grc' dir='ltr'>δῆτα</span> <span class='ocrx_word' id='word_1_95' title='bbox 678 918 753 969; x_wconf 80' lang='grc' dir='ltr'>ἅμα</span> <span class='ocrx_word' id='word_1_96' title='bbox 774 924 842 961; x_wconf 88' lang='grc' dir='ltr'>τοῖς</span> <span class='ocrx_word' id='word_1_97' title='bbox 865 918 1055 970; x_wconf 73' lang='grc' dir='ltr'>βαρὸάροις</span> <span class='ocrx_word' id='word_1_98' title='bbox 1082 917 1162 969; x_wconf 77' lang='grc' dir='ltr'>ἐχό-</span> 
     </span>
     <span class='ocr_line' id='line_1_14' title="bbox 125 976 1165 1030; baseline -0.003 -13"><span class='ocrx_word' id='word_1_99' title='bbox 125 995 220 1030; x_wconf 87' lang='grc' dir='ltr'>μενοι</span> <span class='ocrx_word' id='word_1_100' title='bbox 244 982 304 1025; x_wconf 70' lang='grc' dir='ltr'>τῆς</span> <span class='ocrx_word' id='word_1_101' title='bbox 323 980 436 1016; x_wconf 69' lang='grc' dir='ltr'>ὃδοῧέ</span> <span class='ocrx_word' id='word_1_102' title='bbox 422 994 454 1021; x_wconf 87' lang='grc' dir='ltr'>ες</span> <span class='ocrx_word' id='word_1_103' title='bbox 475 977 646 1029; x_wconf 81' lang='grc' dir='ltr'>Σερδικὴν</span> <span class='ocrx_word' id='word_1_104' title='bbox 665 976 920 1030; x_wconf 76' lang='grc' dir='ltr'>ἀρικνούμεθα,</span> <span class='ocrx_word' id='word_1_105' title='bbox 940 976 1165 1029; x_wconf 82' lang='grc' dir='ltr'>τρισκαίδεκα</span> 
     </span>
     <span class='ocr_line' id='line_1_15' title="bbox 122 1034 1164 1088; baseline -0.003 -13"><span class='ocrx_word' id='word_1_106' title='bbox 122 1038 200 1075; x_wconf 83' lang='grc' dir='ltr'>ὁδὸν</span> <span class='ocrx_word' id='word_1_107' title='bbox 225 1037 321 1087; x_wconf 80' lang='grc' dir='ltr'>ἀνδρι</span> <span class='ocrx_word' id='word_1_108' title='bbox 342 1036 479 1088; x_wconf 84' lang='grc' dir='ltr'>ευζώνῳ</span> <span class='ocrx_word' id='word_1_109' title='bbox 501 1039 561 1080; x_wconf 79' lang='grc' dir='ltr'>τῆς</span> <span class='ocrx_word' id='word_1_110' title='bbox 589 1035 850 1074; x_wconf 81' lang='grc' dir='ltr'>Κωνσταντίνου</span> <span class='ocrx_word' id='word_1_111' title='bbox 873 1034 1084 1086; x_wconf 69' lang='grc' dir='ltr'>ἀπέχουσαν.</span> <span class='ocrx_word' id='word_1_112' title='bbox 1104 1035 1164 1073; x_wconf 79' lang='grc' dir='ltr'>Ἐν</span> 
     </span>
     <span class='ocr_line' id='line_1_16' title="bbox 123 1094 1165 1147; baseline -0.002 -13"><span class='ocrx_word' id='word_1_113' title='bbox 123 1100 144 1147; x_wconf 84' lang='grc' dir='ltr'>ᾑ</span> <span class='ocrx_word' id='word_1_114' title='bbox 173 1095 427 1138; x_wconf 80' lang='grc' dir='ltr'>καταλύσαντες</span> <span class='ocrx_word' id='word_1_115' title='bbox 461 1096 575 1137; x_wconf 88' lang='grc' dir='ltr'>καλως</span> <span class='ocrx_word' id='word_1_116' title='bbox 607 1094 697 1146; x_wconf 74' lang='grc' dir='ltr'>ἔχειν</span> <span class='ocrx_word' id='word_1_117' title='bbox 726 1094 934 1145; x_wconf 74' lang='grc' dir='ltr'>ἡγησάμεθα</span> <span class='ocrx_word' id='word_1_118' title='bbox 962 1110 1020 1131; x_wconf 87' lang='grc' dir='ltr'>επι</span> <span class='ocrx_word' id='word_1_119' title='bbox 1048 1094 1165 1132; x_wconf 80' lang='grc' dir='ltr'>ἑστίαν</span> 
     </span>
     <span class='ocr_line' id='line_1_17' title="bbox 124 1152 1165 1204; baseline -0.004 -10.945"><span class='ocrx_word' id='word_1_120' title='bbox 124 1155 300 1194; x_wconf 81' lang='grc' dir='ltr'>Ἐδέκωνα</span> <span class='ocrx_word' id='word_1_121' title='bbox 314 1154 372 1191; x_wconf 80' lang='grc' dir='ltr'>καὶ</span> <span class='ocrx_word' id='word_1_122' title='bbox 390 1152 466 1196; x_wconf 85' lang='grc' dir='ltr'>τους</span> <span class='ocrx_word' id='word_1_123' title='bbox 483 1153 557 1203; x_wconf 79' lang='grc' dir='ltr'>μετ’</span> <span class='ocrx_word' id='word_1_124' title='bbox 577 1154 681 1190; x_wconf 72' lang='grc' dir='ltr'>αὐτου</span> <span class='ocrx_word' id='word_1_125' title='bbox 705 1152 902 1204; x_wconf 71' lang='grc' dir='ltr'>βαρὸάρους</span> <span class='ocrx_word' id='word_1_126' title='bbox 917 1153 1018 1190; x_wconf 89' lang='grc' dir='ltr'>καλε</span> <span class='ocrx_word' id='word_1_127' title='bbox 991 1167 1050 1191; x_wconf 74' lang='grc' dir='ltr'>ειν.</span> <span class='ocrx_word' id='word_1_128' title='bbox 1071 1152 1165 1204; x_wconf 87' lang='grc' dir='ltr'>Πρό-</span> 
     </span>
     <span class='ocr_line' id='line_1_18' title="bbox 125 1211 1165 1280; baseline -0.004 -29"><span class='ocrx_word' id='word_1_129' title='bbox 125 1214 215 1251; x_wconf 67' lang='grc' dir='ltr'>ὃατα</span> <span class='ocrx_word' id='word_1_130' title='bbox 235 1217 292 1251; x_wconf 83' lang='grc' dir='ltr'>οὐν</span> <span class='ocrx_word' id='word_1_131' title='bbox 313 1214 371 1251; x_wconf 86' lang='grc' dir='ltr'>καὶ</span> <span class='ocrx_word' id='word_1_132' title='bbox 396 1212 481 1265; x_wconf 82' lang='grc' dir='ltr'>βόας</span> <span class='ocrx_word' id='word_1_133' title='bbox 507 1211 729 1262; x_wconf 82' lang='grc' dir='ltr'>ἀποδομένων</span> <span class='ocrx_word' id='word_1_134' title='bbox 755 1227 823 1249; x_wconf 89' lang='grc' dir='ltr'>των</span> <span class='ocrx_word' id='word_1_135' title='bbox 843 1211 1045 1280; x_wconf 77' lang='grc' dir='ltr'>ἐπιχωρίων</span> <span class='ocrx_word' id='word_1_136' title='bbox 1069 1212 1165 1261; x_wconf 81' lang='grc' dir='ltr'>ἡμῖν,</span> 
     </span>
     <span class='ocr_line' id='line_1_19' title="bbox 123 1264 1164 1318; baseline -0.002 -14"><span class='ocrx_word' id='word_1_137' title='bbox 123 1265 404 1318; x_wconf 75' lang='grc' dir='ltr'>κατασφάξαντες</span> <span class='ocrx_word' id='word_1_138' title='bbox 428 1264 693 1318; x_wconf 84' lang='grc' dir='ltr'>ἀριστοποιουμε</span> <span class='ocrx_word' id='word_1_139' title='bbox 679 1268 752 1304; x_wconf 84' lang='grc' dir='ltr'>ε.θα</span> <span class='ocrx_word' id='word_1_140' title='bbox 784 1264 856 1303; x_wconf 80' lang='grc' dir='ltr'>Καὶ</span> <span class='ocrx_word' id='word_1_141' title='bbox 883 1265 980 1316; x_wconf 84' lang='grc' dir='ltr'>παρὰ</span> <span class='ocrx_word' id='word_1_142' title='bbox 1014 1264 1072 1302; x_wconf 80' lang='grc' dir='ltr'>τὸν</span> <span class='ocrx_word' id='word_1_143' title='bbox 1104 1280 1164 1302; x_wconf 85' lang='grc' dir='ltr'>του</span> 
     </span>
     <span class='ocr_line' id='line_1_20' title="bbox 124 1322 1166 1376; baseline -0.004 -13"><span class='ocrx_word' id='word_1_144' title='bbox 124 1324 317 1372; x_wconf 86' lang='grc' dir='ltr'>συμποσίου</span> <span class='ocrx_word' id='word_1_145' title='bbox 349 1326 467 1375; x_wconf 80' lang='grc' dir='ltr'>καιρὸν</span> <span class='ocrx_word' id='word_1_146' title='bbox 494 1326 561 1361; x_wconf 84' lang='grc' dir='ltr'>τῶν</span> <span class='ocrx_word' id='word_1_147' title='bbox 589 1323 649 1374; x_wconf 78' lang='grc' dir='ltr'>μὲν</span> <span class='ocrx_word' id='word_1_148' title='bbox 674 1322 858 1376; x_wconf 66' lang='grc' dir='ltr'>βαρὸάρων</span> <span class='ocrx_word' id='word_1_149' title='bbox 892 1322 950 1360; x_wconf 82' lang='grc' dir='ltr'>τὸν</span> <span class='ocrx_word' id='word_1_150' title='bbox 980 1323 1166 1370; x_wconf 75' lang='grc' dir='ltr'>Ἀττηλαν,</span> 
     </span>
     <span class='ocr_line' id='line_1_21' title="bbox 124 1381 1167 1435; baseline -0.002 -14"><span class='ocrx_word' id='word_1_151' title='bbox 124 1386 223 1432; x_wconf 77' lang='grc' dir='ltr'>ἡμῶν</span> <span class='ocrx_word' id='word_1_152' title='bbox 242 1383 276 1421; x_wconf 80' lang='grc' dir='ltr'>δὲ</span> <span class='ocrx_word' id='word_1_153' title='bbox 294 1384 351 1421; x_wconf 84' lang='grc' dir='ltr'>τὸν</span> <span class='ocrx_word' id='word_1_154' title='bbox 368 1383 514 1435; x_wconf 79' lang='grc' dir='ltr'>βασιλέα</span> <span class='ocrx_word' id='word_1_155' title='bbox 532 1382 795 1432; x_wconf 80' lang='grc' dir='ltr'>θαυμαζόντων,</span> <span class='ocrx_word' id='word_1_156' title='bbox 813 1385 830 1420; x_wconf 85' lang='grc' dir='ltr'>ὁ</span> <span class='ocrx_word' id='word_1_157' title='bbox 849 1383 990 1433; x_wconf 81' lang='grc' dir='ltr'>Βιγίλας</span> <span class='ocrx_word' id='word_1_158' title='bbox 1011 1381 1075 1434; x_wconf 71' lang='grc' dir='ltr'>ἔφη</span> <span class='ocrx_word' id='word_1_159' title='bbox 1088 1413 1098 1432; x_wconf 93' lang='grc'>,</span> <span class='ocrx_word' id='word_1_160' title='bbox 1121 1383 1167 1425; x_wconf 81' lang='grc' dir='ltr'>ὡς</span> 
     </span>
     <span class='ocr_line' id='line_1_22' title="bbox 125 1439 1166 1493; baseline -0.004 -13"><span class='ocrx_word' id='word_1_161' title='bbox 125 1445 187 1480; x_wconf 82' lang='grc' dir='ltr'>οὐκ</span> <span class='ocrx_word' id='word_1_162' title='bbox 201 1442 253 1488; x_wconf 88' lang='grc' dir='ltr'>εἴη</span> <span class='ocrx_word' id='word_1_163' title='bbox 272 1442 345 1480; x_wconf 82' lang='grc' dir='ltr'>θεὸν</span> <span class='ocrx_word' id='word_1_164' title='bbox 360 1441 613 1493; x_wconf 78' lang='grc' dir='ltr'>καὶ-ἄνθρωπον</span> <span class='ocrx_word' id='word_1_165' title='bbox 631 1440 746 1479; x_wconf 86' lang='grc' dir='ltr'>δίκαια</span> <span class='ocrx_word' id='word_1_166' title='bbox 763 1440 968 1492; x_wconf 83' lang='grc' dir='ltr'>συγκρίνειν,</span> <span class='ocrx_word' id='word_1_167' title='bbox 985 1439 1166 1492; x_wconf 82' lang='grc' dir='ltr'>ἄνθρωπον</span> 
     </span>
     <span class='ocr_line' id='line_1_23' title="bbox 125 1497 1167 1551; baseline -0.002 -13"><span class='ocrx_word' id='word_1_168' title='bbox 125 1501 188 1551; x_wconf 77' lang='grc' dir='ltr'>μὲν</span> <span class='ocrx_word' id='word_1_169' title='bbox 199 1501 255 1538; x_wconf 83' lang='grc' dir='ltr'>τὸν</span> <span class='ocrx_word' id='word_1_170' title='bbox 268 1501 448 1548; x_wconf 78' lang='grc' dir='ltr'>Ἀττήλαν,</span> <span class='ocrx_word' id='word_1_171' title='bbox 460 1500 534 1538; x_wconf 83' lang='grc' dir='ltr'>θεὸν</span> <span class='ocrx_word' id='word_1_172' title='bbox 546 1500 582 1538; x_wconf 81' lang='grc' dir='ltr'>δὲ</span> <span class='ocrx_word' id='word_1_173' title='bbox 592 1500 648 1538; x_wconf 80' lang='grc' dir='ltr'>τὸν</span> <span class='ocrx_word' id='word_1_174' title='bbox 663 1499 848 1540; x_wconf 71' lang='grc' dir='ltr'>Θεοδόσιον</span> <span class='ocrx_word' id='word_1_175' title='bbox 863 1498 986 1550; x_wconf 87' lang='grc' dir='ltr'>λέγων.</span> <span class='ocrx_word' id='word_1_176' title='bbox 999 1497 1048 1538; x_wconf 84' lang='grc' dir='ltr'>Ἤ</span> <span class='ocrx_word' id='word_1_177' title='bbox 1057 1501 1167 1550; x_wconf 72' lang='grc' dir='ltr'>σχαλ-</span> 
     </span>
     <span class='ocr_line' id='line_1_24' title="bbox 125 1552 1168 1611; baseline -0.002 -15"><span class='ocrx_word' id='word_1_178' title='bbox 125 1561 183 1596; x_wconf 91' lang='grc' dir='ltr'>λον</span> <span class='ocrx_word' id='word_1_179' title='bbox 203 1552 260 1596; x_wconf 70' lang='grc' dir='ltr'>οῧν</span> <span class='ocrx_word' id='word_1_180' title='bbox 285 1560 315 1596; x_wconf 81' lang='grc' dir='ltr'>οἳ</span> <span class='ocrx_word' id='word_1_181' title='bbox 339 1553 483 1605; x_wconf 71' lang='grc' dir='ltr'>Οῧννοι,</span> <span class='ocrx_word' id='word_1_182' title='bbox 504 1558 562 1596; x_wconf 75' lang='grc' dir='ltr'>καὶ</span> <span class='ocrx_word' id='word_1_183' title='bbox 584 1558 674 1595; x_wconf 82' lang='grc' dir='ltr'>κατὰ</span> <span class='ocrx_word' id='word_1_184' title='bbox 696 1557 817 1611; x_wconf 80' lang='grc' dir='ltr'>μικρὸν</span> <span class='ocrx_word' id='word_1_185' title='bbox 837 1557 1168 1609; x_wconf 82' lang='grc' dir='ltr'>ὑποθερμαινόμενοι</span> 
     </span>
     <span class='ocr_line' id='line_1_25' title="bbox 126 1615 1168 1669; baseline -0.001 -15"><span class='ocrx_word' id='word_1_186' title='bbox 126 1616 368 1668; x_wconf 71' lang='grc' dir='ltr'>ἐχαλέπαινον.</span> <span class='ocrx_word' id='word_1_187' title='bbox 395 1617 518 1667; x_wconf 74' lang='grc' dir='ltr'>ἹΙμῶν</span> <span class='ocrx_word' id='word_1_188' title='bbox 539 1617 574 1654; x_wconf 85' lang='grc' dir='ltr'>δὲ</span> <span class='ocrx_word' id='word_1_189' title='bbox 595 1618 627 1659; x_wconf 80' lang='grc' dir='ltr'>ἐς</span> <span class='ocrx_word' id='word_1_190' title='bbox 649 1616 749 1669; x_wconf 79' lang='grc' dir='ltr'>ἕτερα</span> <span class='ocrx_word' id='word_1_191' title='bbox 770 1616 968 1669; x_wconf 76' lang='grc' dir='ltr'>τρεψάντων</span> <span class='ocrx_word' id='word_1_192' title='bbox 993 1616 1049 1654; x_wconf 83' lang='grc' dir='ltr'>τὸν</span> <span class='ocrx_word' id='word_1_193' title='bbox 1067 1615 1168 1665; x_wconf 87' lang='grc' dir='ltr'>λόγον</span> 
     </span>
     <span class='ocr_line' id='line_1_26' title="bbox 126 1674 1168 1728; baseline -0.002 -14"><span class='ocrx_word' id='word_1_194' title='bbox 126 1677 184 1714; x_wconf 85' lang='grc' dir='ltr'>καὶ</span> <span class='ocrx_word' id='word_1_195' title='bbox 219 1676 450 1728; x_wconf 76' lang='grc' dir='ltr'>φιλοφροσύνη</span> <span class='ocrx_word' id='word_1_196' title='bbox 483 1675 540 1713; x_wconf 82' lang='grc' dir='ltr'>τὸν</span> <span class='ocrx_word' id='word_1_197' title='bbox 577 1678 670 1728; x_wconf 69' lang='grc' dir='ltr'>σφῶν</span> <span class='ocrx_word' id='word_1_198' title='bbox 707 1677 819 1712; x_wconf 80' lang='grc' dir='ltr'>αὐτῶν</span> <span class='ocrx_word' id='word_1_199' title='bbox 855 1674 1168 1728; x_wconf 82' lang='grc' dir='ltr'>καταπραϋνόντων</span> 
     </span>
     <span class='ocr_line' id='line_1_27' title="bbox 126 1733 1170 1786; baseline 0 -14"><span class='ocrx_word' id='word_1_200' title='bbox 126 1735 244 1785; x_wconf 80' lang='grc' dir='ltr'>θυμὸν,</span> <span class='ocrx_word' id='word_1_201' title='bbox 263 1735 351 1784; x_wconf 81' lang='grc' dir='ltr'>μετὰ</span> <span class='ocrx_word' id='word_1_202' title='bbox 370 1735 408 1772; x_wconf 83' lang='grc' dir='ltr'>τὸ</span> <span class='ocrx_word' id='word_1_203' title='bbox 427 1735 561 1772; x_wconf 85' lang='grc' dir='ltr'>δεῖπνον</span> <span class='ocrx_word' id='word_1_204' title='bbox 579 1737 624 1777; x_wconf 83' lang='grc' dir='ltr'>ὡς</span> <span class='ocrx_word' id='word_1_205' title='bbox 644 1733 887 1783; x_wconf 87' lang='grc' dir='ltr'>διανέστημεν,</span> <span class='ocrx_word' id='word_1_206' title='bbox 910 1733 1031 1786; x_wconf 83' lang='grc' dir='ltr'>δώροις</span> <span class='ocrx_word' id='word_1_207' title='bbox 1050 1736 1068 1771; x_wconf 90' lang='lat'>6</span> <span class='ocrx_word' id='word_1_208' title='bbox 1085 1736 1170 1772; x_wconf 90' lang='grc' dir='ltr'>Μα-</span> 
     </span>
     <span class='ocr_line' id='line_1_28' title="bbox 127 1792 1172 1846; baseline 0 -16"><span class='ocrx_word' id='word_1_209' title='bbox 127 1793 254 1842; x_wconf 85' lang='grc' dir='ltr'>ξιμῖνος</span> <span class='ocrx_word' id='word_1_210' title='bbox 272 1793 450 1832; x_wconf 69' lang='grc' dir='ltr'>Ἐδέκωνα</span> <span class='ocrx_word' id='word_1_211' title='bbox 469 1793 528 1830; x_wconf 79' lang='grc' dir='ltr'>καὶ</span> <span class='ocrx_word' id='word_1_212' title='bbox 562 1792 732 1844; x_wconf 82' lang='grc' dir='ltr'>Ὀρέστην</span> <span class='ocrx_word' id='word_1_213' title='bbox 754 1792 985 1845; x_wconf 77' lang='grc' dir='ltr'>ἐθεράπευσε,</span> <span class='ocrx_word' id='word_1_214' title='bbox 1017 1798 1172 1846; x_wconf 85' lang='grc' dir='ltr'>σηρικοῖς</span> 
     </span>
     <span class='ocr_line' id='line_1_29' title="bbox 126 1850 1171 1902; baseline 0 -13"><span class='ocrx_word' id='word_1_215' title='bbox 126 1852 299 1901; x_wconf 79' lang='grc' dir='ltr'>ἐσθήμασι</span> <span class='ocrx_word' id='word_1_216' title='bbox 316 1851 374 1889; x_wconf 83' lang='grc' dir='ltr'>καὶ</span> <span class='ocrx_word' id='word_1_217' title='bbox 393 1851 498 1895; x_wconf 87' lang='grc' dir='ltr'>λίθοις</span> <span class='ocrx_word' id='word_1_218' title='bbox 519 1851 689 1894; x_wconf 84' lang='grc' dir='ltr'>Ἰνδικοῖς.</span> <span class='ocrx_word' id='word_1_219' title='bbox 714 1851 914 1902; x_wconf 84' lang='grc' dir='ltr'>Ἀναμείνας</span> <span class='ocrx_word' id='word_1_220' title='bbox 929 1852 969 1889; x_wconf 82' lang='grc' dir='ltr'>’δὲ</span> <span class='ocrx_word' id='word_1_221' title='bbox 988 1850 1051 1897; x_wconf 76' lang='grc' dir='ltr'>τὴν</span> <span class='ocrx_word' id='word_1_222' title='bbox 1073 1851 1171 1890; x_wconf 84' lang='grc' dir='ltr'>Ἐδέ-</span> 
     </span>
     <span class='ocr_line' id='line_1_30' title="bbox 126 1910 1170 1963; baseline -0.002 -14"><span class='ocrx_word' id='word_1_223' title='bbox 126 1927 232 1953; x_wconf 84' lang='grc' dir='ltr'>κωνος</span> <span class='ocrx_word' id='word_1_224' title='bbox 253 1910 423 1962; x_wconf 83' lang='grc' dir='ltr'>Ὀρέστης</span> <span class='ocrx_word' id='word_1_225' title='bbox 441 1910 679 1963; x_wconf 74' lang='grc' dir='ltr'>ἀναχώρησιν,</span> <span class='ocrx_word' id='word_1_226' title='bbox 697 1910 782 1961; x_wconf 87' lang='grc' dir='ltr'>πρὸς</span> <span class='ocrx_word' id='word_1_227' title='bbox 796 1910 854 1947; x_wconf 79' lang='grc' dir='ltr'>τὸν</span> <span class='ocrx_word' id='word_1_228' title='bbox 871 1910 1065 1960; x_wconf 83' lang='grc' dir='ltr'>Μαξιμῖνον</span> <span class='ocrx_word' id='word_1_229' title='bbox 1079 1910 1170 1963; x_wconf 75' lang='grc' dir='ltr'>φροί-</span> 
     </span>
    </p>
   </div>
   <div class='ocr_carea' id='block_1_3' title="bbox 126 2038 1185 3433">
    <p class='ocr_par' dir='ltr' id='par_1_3' title="bbox 126 2038 1185 3433">
     <span class='ocr_line' id='line_1_31' title="bbox 128 2038 1173 2079; baseline -0.001 -8"><span class='ocrx_word' id='word_1_230' title='bbox 128 2040 247 2072; x_wconf 71' lang='lat' dir='ltr'>toedera</span> <span class='ocrx_word' id='word_1_231' title='bbox 273 2039 556 2079; x_wconf 73' lang='lat' dir='ltr'>transgredientem</span> <span class='ocrx_word' id='word_1_232' title='bbox 580 2041 799 2072; x_wconf 84' lang='lat' dir='ltr'>Romanorum</span> <span class='ocrx_word' id='word_1_233' title='bbox 825 2039 984 2079; x_wconf 74' lang='lat' dir='ltr'>regionem</span> <span class='ocrx_word' id='word_1_234' title='bbox 1012 2038 1173 2070; x_wconf 86' lang='lat' dir='ltr'>invadere.</span> 
     </span>
     <span class='ocr_line' id='line_1_32' title="bbox 129 2091 1176 2131; baseline -0.001 -8"><span class='ocrx_word' id='word_1_235' title='bbox 129 2104 143 2118; x_wconf 77' lang='grc' dir='ltr'>α</span> <span class='ocrx_word' id='word_1_236' title='bbox 165 2092 359 2131; x_wconf 65' lang='lat' dir='ltr'>&#39;transfugas</span> <span class='ocrx_word' id='word_1_237' title='bbox 383 2093 504 2131; x_wconf 91' lang='lat' dir='ltr'>autem,</span> <span class='ocrx_word' id='word_1_238' title='bbox 528 2091 560 2122; x_wconf 94' lang='lat' dir='ltr'>in</span> <span class='ocrx_word' id='word_1_239' title='bbox 585 2091 683 2123; x_wconf 87' lang='lat' dir='ltr'>literis</span> <span class='ocrx_word' id='word_1_240' title='bbox 705 2091 766 2123; x_wconf 94' lang='lat' dir='ltr'>illis</span> <span class='ocrx_word' id='word_1_241' title='bbox 789 2091 906 2131; x_wconf 89' lang='lat' dir='ltr'>inquit,</span> <span class='ocrx_word' id='word_1_242' title='bbox 930 2091 1003 2131; x_wconf 88' lang='lat' dir='ltr'>post</span> <span class='ocrx_word' id='word_1_243' title='bbox 1019 2099 1073 2122; x_wconf 90' lang='lat' dir='ltr'>eos</span> <span class='ocrx_word' id='word_1_244' title='bbox 1096 2099 1176 2131; x_wconf 88' lang='lat' dir='ltr'>quos</span> 
     </span>
     <span class='ocr_line' id='line_1_33' title="bbox 126 2142 1177 2183; baseline 0 -9"><span class='ocrx_word' id='word_1_245' title='bbox 126 2145 219 2175; x_wconf 83' lang='lat' dir='ltr'>antea</span> <span class='ocrx_word' id='word_1_246' title='bbox 235 2143 338 2174; x_wconf 85' lang='lat' dir='ltr'>dedidi</span> <span class='ocrx_word' id='word_1_247' title='bbox 355 2151 440 2174; x_wconf 85' lang='lat' dir='ltr'>nunc</span> <span class='ocrx_word' id='word_1_248' title='bbox 461 2143 518 2174; x_wconf 89' lang='lat' dir='ltr'>tibi</span> <span class='ocrx_word' id='word_1_249' title='bbox 533 2143 604 2174; x_wconf 87' lang='lat' dir='ltr'>misi</span> <span class='ocrx_word' id='word_1_250' title='bbox 619 2142 861 2183; x_wconf 81' lang='lat' dir='ltr'>septemdecim.</span> <span class='ocrx_word' id='word_1_251' title='bbox 878 2145 943 2175; x_wconf 88' lang='lat' dir='ltr'>Nec</span> <span class='ocrx_word' id='word_1_252' title='bbox 961 2143 1046 2174; x_wconf 90' lang='lat' dir='ltr'>enim</span> <span class='ocrx_word' id='word_1_253' title='bbox 1071 2142 1177 2183; x_wconf 87' lang='lat' dir='ltr'>plures</span> 
     </span>
     <span class='ocr_line' id='line_1_34' title="bbox 127 2194 1176 2235; baseline 0 -9"><span class='ocrx_word' id='word_1_254' title='bbox 127 2195 210 2235; x_wconf 87' lang='lat' dir='ltr'>apud</span> <span class='ocrx_word' id='word_1_255' title='bbox 228 2204 280 2227; x_wconf 88' lang='lat' dir='ltr'>me</span> <span class='ocrx_word' id='word_1_256' title='bbox 303 2203 390 2226; x_wconf 89' lang='lat' dir='ltr'>nunc</span> <span class='ocrx_word' id='word_1_257' title='bbox 406 2196 491 2226; x_wconf 83' lang='lat' dir='ltr'>sunt.</span> <span class='ocrx_word' id='word_1_258' title='bbox 511 2207 527 2222; x_wconf 68' lang='grc' dir='ltr'>»ι</span> <span class='ocrx_word' id='word_1_259' title='bbox 544 2196 585 2226; x_wconf 85' lang='lat' dir='ltr'>Et</span> <span class='ocrx_word' id='word_1_260' title='bbox 602 2195 670 2226; x_wconf 79' lang='lat' dir='ltr'>haec</span> <span class='ocrx_word' id='word_1_261' title='bbox 688 2195 816 2235; x_wconf 86' lang='lat' dir='ltr'>quidem</span> <span class='ocrx_word' id='word_1_262' title='bbox 836 2194 949 2226; x_wconf 85' lang='lat' dir='ltr'>litteris</span> <span class='ocrx_word' id='word_1_263' title='bbox 969 2194 1176 2226; x_wconf 88' lang='lat' dir='ltr'>contineban-</span> 
     </span>
     <span class='ocr_line' id='line_1_35' title="bbox 128 2246 1178 2286; baseline -0.002 -8"><span class='ocrx_word' id='word_1_264' title='bbox 128 2250 192 2279; x_wconf 91' lang='lat' dir='ltr'>tur.</span> <span class='ocrx_word' id='word_1_265' title='bbox 234 2249 352 2278; x_wconf 86' lang='lat' dir='ltr'>Coram</span> <span class='ocrx_word' id='word_1_266' title='bbox 392 2247 501 2277; x_wconf 82' lang='lat' dir='ltr'>autem</span> <span class='ocrx_word' id='word_1_267' title='bbox 539 2246 751 2278; x_wconf 77' lang='lat' dir='ltr'><strong>Maximinum</strong></span> <span class='ocrx_word' id='word_1_268' title='bbox 787 2246 851 2278; x_wconf 89' lang='lat' dir='ltr'>suis</span> <span class='ocrx_word' id='word_1_269' title='bbox 894 2246 1002 2278; x_wconf 88' lang='lat' dir='ltr'>verbis</span> <span class='ocrx_word' id='word_1_270' title='bbox 1041 2246 1178 2286; x_wconf 86' lang='lat' dir='ltr'>jusserat</span> 
     </span>
     <span class='ocr_line' id='line_1_36' title="bbox 128 2299 1178 2339; baseline 0 -8"><span class='ocrx_word' id='word_1_271' title='bbox 128 2300 235 2331; x_wconf 68' lang='lat' dir='ltr'>Attili&#39;e</span> <span class='ocrx_word' id='word_1_272' title='bbox 266 2299 383 2338; x_wconf 78' lang='lat' dir='ltr'>dicere,</span> <span class='ocrx_word' id='word_1_273' title='bbox 413 2308 455 2330; x_wconf 90' lang='lat' dir='ltr'>ne</span> <span class='ocrx_word' id='word_1_274' title='bbox 479 2300 655 2339; x_wconf 80' lang='lat' dir='ltr'>postularet</span> <span class='ocrx_word' id='word_1_275' title='bbox 686 2299 814 2339; x_wconf 82' lang='lat' dir='ltr'>maJoris</span> <span class='ocrx_word' id='word_1_276' title='bbox 843 2299 1004 2339; x_wconf 76' lang='lat' dir='ltr'>dignitatis</span> <span class='ocrx_word' id='word_1_277' title='bbox 1027 2300 1113 2331; x_wconf 88' lang='lat' dir='ltr'>viros</span> <span class='ocrx_word' id='word_1_278' title='bbox 1137 2299 1178 2331; x_wconf 88' lang='lat' dir='ltr'>ad</span> 
     </span>
     <span class='ocr_line' id='line_1_37' title="bbox 128 2352 1178 2393; baseline 0 -9"><span class='ocrx_word' id='word_1_279' title='bbox 128 2362 163 2384; x_wconf 72' lang='lat' dir='ltr'>se</span> <span class='ocrx_word' id='word_1_280' title='bbox 196 2353 314 2392; x_wconf 80' lang='lat' dir='ltr'>legatos</span> <span class='ocrx_word' id='word_1_281' title='bbox 351 2352 446 2383; x_wconf 90' lang='lat' dir='ltr'>mitti.</span> <span class='ocrx_word' id='word_1_282' title='bbox 503 2354 570 2383; x_wconf 86' lang='lat' dir='ltr'>Hoc</span> <span class='ocrx_word' id='word_1_283' title='bbox 607 2352 692 2384; x_wconf 90' lang='lat' dir='ltr'>enim</span> <span class='ocrx_word' id='word_1_284' title='bbox 722 2361 826 2392; x_wconf 87' lang='lat' dir='ltr'>neque</span> <span class='ocrx_word' id='word_1_285' title='bbox 863 2353 961 2393; x_wconf 90' lang='lat' dir='ltr'>ipsius</span> <span class='ocrx_word' id='word_1_286' title='bbox 1002 2353 1178 2392; x_wconf 71' lang='lat' dir='ltr'>maioribus</span> 
     </span>
     <span class='ocr_line' id='line_1_38' title="bbox 130 2403 1179 2445; baseline 0 -9"><span class='ocrx_word' id='word_1_287' title='bbox 130 2405 241 2436; x_wconf 84' lang='lat' dir='ltr'>datum</span> <span class='ocrx_word' id='word_1_288' title='bbox 259 2413 338 2442; x_wconf 83' lang='lat' dir='ltr'>esse,</span> <span class='ocrx_word' id='word_1_289' title='bbox 362 2413 467 2444; x_wconf 87' lang='lat' dir='ltr'>neque</span> <span class='ocrx_word' id='word_1_290' title='bbox 484 2404 598 2435; x_wconf 82' lang='lat' dir='ltr'>ceteris</span> <span class='ocrx_word' id='word_1_291' title='bbox 616 2404 755 2444; x_wconf 74' lang='lat' dir='ltr'>Scythiae</span> <span class='ocrx_word' id='word_1_292' title='bbox 773 2404 916 2444; x_wconf 81' lang='lat' dir='ltr'>regibus,</span> <span class='ocrx_word' id='word_1_293' title='bbox 933 2403 987 2435; x_wconf 88' lang='lat' dir='ltr'>sed</span> <span class='ocrx_word' id='word_1_294' title='bbox 1005 2405 1179 2445; x_wconf 79' lang='lat' dir='ltr'>quemlibet</span> 
     </span>
     <span class='ocr_line' id='line_1_39' title="bbox 131 2455 1177 2495; baseline 0.001 -8"><span class='ocrx_word' id='word_1_295' title='bbox 131 2457 264 2488; x_wconf 85' lang='lat' dir='ltr'>militem</span> <span class='ocrx_word' id='word_1_296' title='bbox 303 2456 359 2486; x_wconf 87' lang='lat' dir='ltr'>aut</span> <span class='ocrx_word' id='word_1_297' title='bbox 391 2455 489 2486; x_wconf 92' lang='lat' dir='ltr'>alium</span> <span class='ocrx_word' id='word_1_298' title='bbox 526 2455 674 2487; x_wconf 86' lang='lat' dir='ltr'>nuntium</span> <span class='ocrx_word' id='word_1_299' title='bbox 708 2455 874 2495; x_wconf 75' lang='lat' dir='ltr'>legationis</span> <span class='ocrx_word' id='word_1_300' title='bbox 902 2465 1020 2486; x_wconf 88' lang='lat' dir='ltr'>munus</span> <span class='ocrx_word' id='word_1_301' title='bbox 1052 2456 1177 2488; x_wconf 88' lang='lat' dir='ltr'>obiisse.</span> 
     </span>
     <span class='ocr_line' id='line_1_40' title="bbox 130 2508 1180 2548; baseline -0.001 -8"><span class='ocrx_word' id='word_1_302' title='bbox 130 2510 283 2541; x_wconf 85' lang='lat' dir='ltr'>Ceterum</span> <span class='ocrx_word' id='word_1_303' title='bbox 310 2508 351 2539; x_wconf 89' lang='lat' dir='ltr'>ad</span> <span class='ocrx_word' id='word_1_304' title='bbox 383 2517 420 2539; x_wconf 90' lang='lat' dir='ltr'>ea</span> <span class='ocrx_word' id='word_1_305' title='bbox 455 2517 528 2548; x_wconf 83' lang='lat' dir='ltr'>quac</span> <span class='ocrx_word' id='word_1_306' title='bbox 559 2508 640 2539; x_wconf 90' lang='lat' dir='ltr'>inter</span> <span class='ocrx_word' id='word_1_307' title='bbox 670 2508 753 2548; x_wconf 90' lang='lat' dir='ltr'>ipsos</span> <span class='ocrx_word' id='word_1_308' title='bbox 783 2508 816 2539; x_wconf 92' lang='lat' dir='ltr'>in</span> <span class='ocrx_word' id='word_1_309' title='bbox 850 2509 1066 2539; x_wconf 86' lang='lat' dir='ltr'>controversia</span> <span class='ocrx_word' id='word_1_310' title='bbox 1090 2509 1180 2540; x_wconf 87' lang='lat' dir='ltr'>erant</span> 
     </span>
     <span class='ocr_line' id='line_1_41' title="bbox 131 2561 1180 2601; baseline 0 -9"><span class='ocrx_word' id='word_1_311' title='bbox 131 2561 334 2601; x_wconf 77' lang='lat' dir='ltr'>dijudicanda</span> <span class='ocrx_word' id='word_1_312' title='bbox 349 2561 406 2592; x_wconf 92' lang='lat' dir='ltr'>sibi</span> <span class='ocrx_word' id='word_1_313' title='bbox 427 2561 525 2592; x_wconf 84' lang='lat' dir='ltr'>videri</span> <span class='ocrx_word' id='word_1_314' title='bbox 551 2561 740 2601; x_wconf 80' lang='lat' dir='ltr'>Onegesium</span> <span class='ocrx_word' id='word_1_315' title='bbox 763 2561 846 2592; x_wconf 87' lang='lat' dir='ltr'>mitti</span> <span class='ocrx_word' id='word_1_316' title='bbox 866 2561 992 2592; x_wconf 81' lang='lat' dir='ltr'>debere.</span> <span class='ocrx_word' id='word_1_317' title='bbox 1015 2562 1078 2598; x_wconf 86' lang='lat' dir='ltr'>Qut</span> <span class='ocrx_word' id='word_1_318' title='bbox 1094 2562 1180 2593; x_wconf 77' lang='lat' dir='ltr'>enim</span> 
     </span>
     <span class='ocr_line' id='line_1_42' title="bbox 133 2612 1182 2653; baseline 0 -9"><span class='ocrx_word' id='word_1_319' title='bbox 133 2613 218 2644; x_wconf 81' lang='lat' dir='ltr'>fierit</span> <span class='ocrx_word' id='word_1_320' title='bbox 237 2614 360 2653; x_wconf 87' lang='lat' dir='ltr'>posset,</span> <span class='ocrx_word' id='word_1_321' title='bbox 378 2613 414 2644; x_wconf 89' lang='lat' dir='ltr'>ut</span> <span class='ocrx_word' id='word_1_322' title='bbox 437 2613 469 2643; x_wconf 89' lang='lat' dir='ltr'>in</span> <span class='ocrx_word' id='word_1_323' title='bbox 497 2612 683 2651; x_wconf 77' lang='lat' dir='ltr'>Serdicam,</span> <span class='ocrx_word' id='word_1_324' title='bbox 712 2621 786 2652; x_wconf 78' lang='lat' dir='ltr'>quae</span> <span class='ocrx_word' id='word_1_325' title='bbox 808 2612 914 2644; x_wconf 84' lang='lat' dir='ltr'>diruta</span> <span class='ocrx_word' id='word_1_326' title='bbox 944 2614 1043 2651; x_wconf 86' lang='lat' dir='ltr'>esset,</span> <span class='ocrx_word' id='word_1_327' title='bbox 1069 2613 1182 2644; x_wconf 85' lang='lat' dir='ltr'>Attilas</span> 
     </span>
     <span class='ocr_line' id='line_1_43' title="bbox 132 2663 1181 2703; baseline 0 -8"><span class='ocrx_word' id='word_1_328' title='bbox 132 2673 208 2696; x_wconf 86' lang='lat' dir='ltr'>cum</span> <span class='ocrx_word' id='word_1_329' title='bbox 237 2663 305 2694; x_wconf 84' lang='lat' dir='ltr'>viro</span> <span class='ocrx_word' id='word_1_330' title='bbox 331 2663 500 2694; x_wconf 85' lang='lat' dir='ltr'>consulari</span> <span class='ocrx_word' id='word_1_331' title='bbox 517 2663 724 2694; x_wconf 77' lang='lat' dir='ltr'>conveniret?</span> <span class='ocrx_word' id='word_1_332' title='bbox 747 2665 782 2694; x_wconf 88' lang='lat' dir='ltr'>in</span> <span class='ocrx_word' id='word_1_333' title='bbox 812 2663 874 2694; x_wconf 89' lang='lat' dir='ltr'>hac</span> <span class='ocrx_word' id='word_1_334' title='bbox 901 2663 1057 2703; x_wconf 81' lang='lat' dir='ltr'>legatione</span> <span class='ocrx_word' id='word_1_335' title='bbox 1079 2663 1181 2695; x_wconf 76' lang='lat' dir='ltr'>Maxi-</span> 
     </span>
     <span class='ocr_line' id='line_1_44' title="bbox 133 2715 1182 2757; baseline -0.001 -9"><span class='ocrx_word' id='word_1_336' title='bbox 133 2717 239 2748; x_wconf 86' lang='lat' dir='ltr'>minus</span> <span class='ocrx_word' id='word_1_337' title='bbox 259 2715 407 2757; x_wconf 85' lang='lat' dir='ltr'>preeihus</span> <span class='ocrx_word' id='word_1_338' title='bbox 424 2715 499 2746; x_wconf 90' lang='lat' dir='ltr'>mihi</span> <span class='ocrx_word' id='word_1_339' title='bbox 518 2715 691 2755; x_wconf 85' lang='lat' dir='ltr'>persuasit,</span> <span class='ocrx_word' id='word_1_340' title='bbox 708 2716 744 2746; x_wconf 88' lang='lat' dir='ltr'>ut</span> <span class='ocrx_word' id='word_1_341' title='bbox 758 2715 803 2746; x_wconf 91' lang='lat' dir='ltr'>illi</span> <span class='ocrx_word' id='word_1_342' title='bbox 822 2724 929 2747; x_wconf 87' lang='lat' dir='ltr'>comes</span> <span class='ocrx_word' id='word_1_343' title='bbox 950 2724 1062 2747; x_wconf 87' lang='lat' dir='ltr'>essem.</span> <span class='ocrx_word' id='word_1_344' title='bbox 1079 2718 1182 2755; x_wconf 83' lang='lat' dir='ltr'>Atque</span> 
     </span>
     <span class='ocr_line' id='line_1_45' title="bbox 134 2767 1182 2807; baseline -0.001 -8"><span class='ocrx_word' id='word_1_345' title='bbox 134 2768 178 2799; x_wconf 88' lang='lat' dir='ltr'>ita</span> <span class='ocrx_word' id='word_1_346' title='bbox 192 2776 266 2798; x_wconf 91' lang='lat' dir='ltr'>cum</span> <span class='ocrx_word' id='word_1_347' title='bbox 280 2767 422 2797; x_wconf 85' lang='lat' dir='ltr'>barbaris</span> <span class='ocrx_word' id='word_1_348' title='bbox 436 2767 494 2798; x_wconf 87' lang='lat' dir='ltr'>iter</span> <span class='ocrx_word' id='word_1_349' title='bbox 508 2767 610 2798; x_wconf 75' lang='lat' dir='ltr'>facere</span> <span class='ocrx_word' id='word_1_350' title='bbox 633 2767 810 2807; x_wconf 84' lang='lat' dir='ltr'>coepimus,</span> <span class='ocrx_word' id='word_1_351' title='bbox 835 2767 912 2798; x_wconf 91' lang='lat' dir='ltr'>etin</span> <span class='ocrx_word' id='word_1_352' title='bbox 932 2767 1092 2799; x_wconf 84' lang='lat' dir='ltr'>Serdicam</span> <span class='ocrx_word' id='word_1_353' title='bbox 1110 2777 1182 2807; x_wconf 88' lang='lat' dir='ltr'>per-</span> 
     </span>
     <span class='ocr_line' id='line_1_46' title="bbox 133 2819 1183 2861; baseline 0 -9"><span class='ocrx_word' id='word_1_354' title='bbox 133 2820 291 2859; x_wconf 84' lang='lat' dir='ltr'>venimus,</span> <span class='ocrx_word' id='word_1_355' title='bbox 314 2819 413 2850; x_wconf 86' lang='lat' dir='ltr'>trium</span> <span class='ocrx_word' id='word_1_356' title='bbox 439 2821 471 2851; x_wconf 94' lang='lat' dir='ltr'>et</span> <span class='ocrx_word' id='word_1_357' title='bbox 486 2819 597 2851; x_wconf 90' lang='lat' dir='ltr'>decem</span> <span class='ocrx_word' id='word_1_358' title='bbox 613 2820 736 2852; x_wconf 81' lang='lat' dir='ltr'>dierum</span> <span class='ocrx_word' id='word_1_359' title='bbox 753 2820 866 2851; x_wconf 86' lang='lat' dir='ltr'>itinere</span> <span class='ocrx_word' id='word_1_360' title='bbox 891 2820 1038 2861; x_wconf 87' lang='lat' dir='ltr'>expedito</span> <span class='ocrx_word' id='word_1_361' title='bbox 1062 2820 1183 2852; x_wconf 89' lang='lat' dir='ltr'>homini</span> 
     </span>
     <span class='ocr_line' id='line_1_47' title="bbox 135 2870 1183 2910; baseline -0.001 -6"><span class='ocrx_word' id='word_1_362' title='bbox 135 2881 155 2903; x_wconf 89' lang='lat' dir='ltr'>a</span> <span class='ocrx_word' id='word_1_363' title='bbox 174 2870 452 2910; x_wconf 84' lang='lat' dir='ltr'>Constantinopoli</span> <span class='ocrx_word' id='word_1_364' title='bbox 478 2870 662 2903; x_wconf 87' lang='lat' dir='ltr'>distantem.</span> <span class='ocrx_word' id='word_1_365' title='bbox 693 2871 741 2903; x_wconf 90' lang='lat' dir='ltr'>lbi</span> <span class='ocrx_word' id='word_1_366' title='bbox 767 2872 1002 2903; x_wconf 84' lang='lat' dir='ltr'>commorantes</span> <span class='ocrx_word' id='word_1_367' title='bbox 1022 2871 1062 2903; x_wconf 90' lang='lat' dir='ltr'>ad</span> <span class='ocrx_word' id='word_1_368' title='bbox 1075 2871 1183 2903; x_wconf 88' lang='lat' dir='ltr'>cibum</span> 
     </span>
     <span class='ocr_line' id='line_1_48' title="bbox 135 2923 1184 2957; baseline -0.001 0"><span class='ocrx_word' id='word_1_369' title='bbox 135 2925 302 2957; x_wconf 90' lang='lat' dir='ltr'>nobiscum</span> <span class='ocrx_word' id='word_1_370' title='bbox 309 2923 501 2956; x_wconf 81' lang='lat' dir='ltr'>sumendum</span> <span class='ocrx_word' id='word_1_371' title='bbox 512 2923 659 2955; x_wconf 87' lang='lat' dir='ltr'>Edecona</span> <span class='ocrx_word' id='word_1_372' title='bbox 668 2925 699 2955; x_wconf 92' lang='lat' dir='ltr'>et</span> <span class='ocrx_word' id='word_1_373' title='bbox 709 2926 831 2956; x_wconf 86' lang='lat' dir='ltr'>ceteros</span> <span class='ocrx_word' id='word_1_374' title='bbox 842 2924 994 2956; x_wconf 88' lang='lat' dir='ltr'>barbaros</span> <span class='ocrx_word' id='word_1_375' title='bbox 1004 2924 1184 2956; x_wconf 90' lang='lat' dir='ltr'>invitandos</span> 
     </span>
     <span class='ocr_line' id='line_1_49' title="bbox 136 2967 1184 3017; baseline -0.001 -9"><span class='ocrx_word' id='word_1_376' title='bbox 136 2976 299 3008; x_wconf 90' lang='lat' dir='ltr'>duximus.</span> <span class='ocrx_word' id='word_1_377' title='bbox 343 2975 448 3007; x_wconf 71' lang='lat' dir='ltr'>Bobius</span> <span class='ocrx_word' id='word_1_378' title='bbox 465 2975 561 3014; x_wconf 84' lang='lat' dir='ltr'>igitur</span> <span class='ocrx_word' id='word_1_379' title='bbox 574 2977 606 3007; x_wconf 89' lang='lat' dir='ltr'>et</span> <span class='ocrx_word' id='word_1_380' title='bbox 621 2975 747 3015; x_wconf 88' lang='lat' dir='ltr'>ovibus,</span> <span class='ocrx_word' id='word_1_381' title='bbox 764 2967 972 3016; x_wconf 81' lang='lat' dir='ltr'>quas&#39;incoloe</span> <span class='ocrx_word' id='word_1_382' title='bbox 996 2976 1087 3008; x_wconf 91' lang='lat' dir='ltr'>nobis</span> <span class='ocrx_word' id='word_1_383' title='bbox 1111 2985 1184 3017; x_wconf 92' lang='lat' dir='ltr'>sup-</span> 
     </span>
     <span class='ocr_line' id='line_1_50' title="bbox 135 3025 1180 3069; baseline 0.001 -9"><span class='ocrx_word' id='word_1_384' title='bbox 135 3028 369 3069; x_wconf 87' lang='lat' dir='ltr'>peditaverant,</span> <span class='ocrx_word' id='word_1_385' title='bbox 384 3025 553 3067; x_wconf 80' lang='lat' dir='ltr'>jugulatis,</span> <span class='ocrx_word' id='word_1_386' title='bbox 572 3028 729 3060; x_wconf 89' lang='lat' dir='ltr'>instructo</span> <span class='ocrx_word' id='word_1_387' title='bbox 753 3028 900 3060; x_wconf 89' lang='lat' dir='ltr'>convivio</span> <span class='ocrx_word' id='word_1_388' title='bbox 913 3029 1031 3069; x_wconf 89' lang='lat' dir='ltr'>epulati</span> <span class='ocrx_word' id='word_1_389' title='bbox 1057 3038 1180 3062; x_wconf 88' lang='lat' dir='ltr'>sumus.</span> 
     </span>
     <span class='ocr_line' id='line_1_51' title="bbox 137 3075 1183 3122; baseline 0.003 -10"><span class='ocrx_word' id='word_1_390' title='bbox 137 3082 224 3113; x_wconf 85' lang='lat' dir='ltr'>Inter</span> <span class='ocrx_word' id='word_1_391' title='bbox 237 3081 346 3121; x_wconf 81' lang='lat' dir='ltr'>epulas</span> <span class='ocrx_word' id='word_1_392' title='bbox 358 3075 486 3112; x_wconf 72' lang='lat' dir='ltr'>barbari</span> <span class='ocrx_word' id='word_1_393' title='bbox 501 3081 631 3112; x_wconf 81' lang='lat' dir='ltr'>Attilam</span> <span class='ocrx_word' id='word_1_394' title='bbox 643 3105 651 3120; x_wconf 91' lang='lat'><strong>‚</strong></span> <span class='ocrx_word' id='word_1_395' title='bbox 670 3090 729 3114; x_wconf 90' lang='lat' dir='ltr'>nos</span> <span class='ocrx_word' id='word_1_396' title='bbox 744 3081 967 3122; x_wconf 82' lang='lat' dir='ltr'>imperatorem</span> <span class='ocrx_word' id='word_1_397' title='bbox 983 3082 1134 3114; x_wconf 89' lang='lat' dir='ltr'>admirari</span> <span class='ocrx_word' id='word_1_398' title='bbox 1150 3084 1183 3115; x_wconf 90' lang='lat' dir='ltr'>et</span> 
     </span>
     <span class='ocr_line' id='line_1_52' title="bbox 136 3131 1182 3174; baseline 0.003 -10"><span class='ocrx_word' id='word_1_399' title='bbox 136 3132 304 3164; x_wconf 76' lang='lat' dir='ltr'>extollere.</span> <span class='ocrx_word' id='word_1_400' title='bbox 349 3131 396 3164; x_wconf 78' lang='lat' dir='ltr'>Ad</span> <span class='ocrx_word' id='word_1_401' title='bbox 411 3140 484 3172; x_wconf 89' lang='lat' dir='ltr'>quae</span> <span class='ocrx_word' id='word_1_402' title='bbox 498 3133 613 3172; x_wconf 83' lang='lat' dir='ltr'>Bigilas</span> <span class='ocrx_word' id='word_1_403' title='bbox 624 3133 716 3173; x_wconf 86' lang='lat' dir='ltr'>dixit,</span> <span class='ocrx_word' id='word_1_404' title='bbox 726 3133 984 3174; x_wconf 85' lang='lat' dir='ltr'>minimejustum</span> <span class='ocrx_word' id='word_1_405' title='bbox 995 3143 1074 3174; x_wconf 89' lang='lat' dir='ltr'>esse,</span> <span class='ocrx_word' id='word_1_406' title='bbox 1084 3135 1182 3167; x_wconf 84' lang='lat' dir='ltr'>deum</span> 
     </span>
     <span class='ocr_line' id='line_1_53' title="bbox 137 3183 1180 3225; baseline 0.003 -10"><span class='ocrx_word' id='word_1_407' title='bbox 137 3193 212 3216; x_wconf 90' lang='lat' dir='ltr'>cum</span> <span class='ocrx_word' id='word_1_408' title='bbox 229 3183 357 3215; x_wconf 90' lang='lat' dir='ltr'>homine</span> <span class='ocrx_word' id='word_1_409' title='bbox 370 3192 571 3225; x_wconf 88' lang='lat' dir='ltr'>comparare,</span> <span class='ocrx_word' id='word_1_410' title='bbox 588 3185 748 3217; x_wconf 89' lang='lat' dir='ltr'>hominem</span> <span class='ocrx_word' id='word_1_411' title='bbox 763 3186 892 3217; x_wconf 78' lang='lat' dir='ltr'>Attilam</span> <span class='ocrx_word' id='word_1_412' title='bbox 903 3209 911 3225; x_wconf 88' lang='lat'>,</span> <span class='ocrx_word' id='word_1_413' title='bbox 925 3185 1022 3217; x_wconf 88' lang='lat' dir='ltr'>deum</span> <span class='ocrx_word' id='word_1_414' title='bbox 1039 3187 1180 3219; x_wconf 86' lang='lat' dir='ltr'>Theodo-</span> 
     </span>
     <span class='ocr_line' id='line_1_54' title="bbox 137 3235 1183 3276; baseline 0.002 -8"><span class='ocrx_word' id='word_1_415' title='bbox 137 3237 221 3268; x_wconf 78' lang='lat' dir='ltr'>sium</span> <span class='ocrx_word' id='word_1_416' title='bbox 234 3245 366 3268; x_wconf 87' lang='lat' dir='ltr'>vocans.</span> <span class='ocrx_word' id='word_1_417' title='bbox 382 3235 419 3268; x_wconf 92' lang='lat' dir='ltr'>ld</span> <span class='ocrx_word' id='word_1_418' title='bbox 436 3245 520 3276; x_wconf 77' lang='lat' dir='ltr'>aegre</span> <span class='ocrx_word' id='word_1_419' title='bbox 538 3237 682 3269; x_wconf 87' lang='lat' dir='ltr'>tulerunt</span> <span class='ocrx_word' id='word_1_420' title='bbox 696 3238 814 3276; x_wconf 81' lang='lat' dir='ltr'>Hunni,</span> <span class='ocrx_word' id='word_1_421' title='bbox 825 3239 856 3269; x_wconf 92' lang='lat' dir='ltr'>et</span> <span class='ocrx_word' id='word_1_422' title='bbox 869 3237 984 3269; x_wconf 83' lang='lat' dir='ltr'>sensim</span> <span class='ocrx_word' id='word_1_423' title='bbox 1000 3238 1045 3270; x_wconf 84' lang='lat' dir='ltr'>ira</span> <span class='ocrx_word' id='word_1_424' title='bbox 1058 3240 1183 3270; x_wconf 83' lang='lat' dir='ltr'>accensi</span> 
     </span>
     <span class='ocr_line' id='line_1_55' title="bbox 139 3287 1185 3330; baseline 0.002 -10"><span class='ocrx_word' id='word_1_425' title='bbox 139 3287 422 3329; x_wconf 81' lang='lat' dir='ltr'>exasperabantur.</span> <span class='ocrx_word' id='word_1_426' title='bbox 467 3290 533 3320; x_wconf 89' lang='lat' dir='ltr'>Nos</span> <span class='ocrx_word' id='word_1_427' title='bbox 550 3297 627 3320; x_wconf 85' lang='lat' dir='ltr'>vero</span> <span class='ocrx_word' id='word_1_428' title='bbox 647 3289 709 3320; x_wconf 87' lang='lat' dir='ltr'>alio</span> <span class='ocrx_word' id='word_1_429' title='bbox 726 3297 905 3320; x_wconf 89' lang='lat' dir='ltr'>sermonem</span> <span class='ocrx_word' id='word_1_430' title='bbox 930 3289 1136 3330; x_wconf 85' lang='lat' dir='ltr'>detorquere,</span> <span class='ocrx_word' id='word_1_431' title='bbox 1151 3292 1185 3323; x_wconf 92' lang='lat' dir='ltr'>et</span> 
     </span>
     <span class='ocr_line' id='line_1_56' title="bbox 138 3339 1183 3380; baseline 0.001 -9"><span class='ocrx_word' id='word_1_432' title='bbox 138 3349 250 3371; x_wconf 81' lang='lat' dir='ltr'>eorum</span> <span class='ocrx_word' id='word_1_433' title='bbox 273 3339 352 3371; x_wconf 81' lang='lat' dir='ltr'>iram</span> <span class='ocrx_word' id='word_1_434' title='bbox 369 3339 492 3371; x_wconf 87' lang='lat' dir='ltr'>blandis</span> <span class='ocrx_word' id='word_1_435' title='bbox 508 3339 614 3371; x_wconf 85' lang='lat' dir='ltr'>verbis</span> <span class='ocrx_word' id='word_1_436' title='bbox 638 3339 748 3372; x_wconf 86' lang='lat' dir='ltr'>lenire.</span> <span class='ocrx_word' id='word_1_437' title='bbox 769 3343 794 3372; x_wconf 83' lang='lat' dir='ltr'><strong>A</strong></span> <span class='ocrx_word' id='word_1_438' title='bbox 809 3349 899 3372; x_wconf 84' lang='lat' dir='ltr'>coena</span> <span class='ocrx_word' id='word_1_439' title='bbox 916 3341 953 3372; x_wconf 87' lang='lat' dir='ltr'>ut</span> <span class='ocrx_word' id='word_1_440' title='bbox 968 3341 1183 3380; x_wconf 84' lang='lat' dir='ltr'>surreximus,</span> 
     </span>
     <span class='ocr_line' id='line_1_57' title="bbox 141 3391 1185 3433; baseline 0.002 -10"><span class='ocrx_word' id='word_1_441' title='bbox 141 3391 332 3424; x_wconf 74' lang='lat' dir='ltr'>Maximinus</span> <span class='ocrx_word' id='word_1_442' title='bbox 345 3391 524 3424; x_wconf 85' lang='lat' dir='ltr'>Edeconem</span> <span class='ocrx_word' id='word_1_443' title='bbox 539 3395 570 3424; x_wconf 89' lang='lat' dir='ltr'>et</span> <span class='ocrx_word' id='word_1_444' title='bbox 580 3393 723 3425; x_wconf 88' lang='lat' dir='ltr'>Orestem</span> <span class='ocrx_word' id='word_1_445' title='bbox 735 3392 826 3424; x_wconf 84' lang='lat' dir='ltr'>donis</span> <span class='ocrx_word' id='word_1_446' title='bbox 842 3392 1088 3433; x_wconf 85' lang='lat' dir='ltr'>conciliaturus,</span> <span class='ocrx_word' id='word_1_447' title='bbox 1104 3393 1185 3426; x_wconf 88' lang='lat' dir='ltr'>Seri-</span> 
     </span>
    </p>
   </div>
   <div class='ocr_carea' id='block_1_4' title="bbox 1006 186 1399 228">
    <p class='ocr_par' dir='ltr' id='par_1_4' title="bbox 1006 186 1399 228">
     <span class='ocr_line' id='line_1_58' title="bbox 1006 186 1399 228; baseline -0.008 0"><span class='ocrx_word' id='word_1_448' title='bbox 1006 187 1165 228; x_wconf 76' lang='lat' dir='ltr'>Psstsci</span> <span class='ocrx_word' id='word_1_449' title='bbox 1198 186 1399 226; x_wconf 76' lang='lat' dir='ltr'>PANiTAE</span> 
     </span>
    </p>
   </div>
   <div class='ocr_carea' id='block_1_5' title="bbox 1223 268 2282 1905">
    <p class='ocr_par' dir='ltr' id='par_1_5' title="bbox 1223 268 2270 908">
     <span class='ocr_line' id='line_1_59' title="bbox 1223 268 2264 324; baseline -0.002 -14"><span class='ocrx_word' id='word_1_450' title='bbox 1223 275 1292 318; x_wconf 83' lang='grc' dir='ltr'>ζει,</span> <span class='ocrx_word' id='word_1_451' title='bbox 1314 275 1360 315; x_wconf 80' lang='grc' dir='ltr'>ὡς</span> <span class='ocrx_word' id='word_1_452' title='bbox 1378 270 1479 324; x_wconf 67' lang='grc' dir='ltr'>σοφός</span> <span class='ocrx_word' id='word_1_453' title='bbox 1503 285 1541 308; x_wconf 87' lang='grc' dir='ltr'>τε</span> <span class='ocrx_word' id='word_1_454' title='bbox 1560 270 1612 317; x_wconf 87' lang='grc' dir='ltr'>εἴη</span> <span class='ocrx_word' id='word_1_455' title='bbox 1638 270 1698 308; x_wconf 84' lang='grc' dir='ltr'>καὶ</span> <span class='ocrx_word' id='word_1_456' title='bbox 1723 269 1878 323; x_wconf 85' lang='grc' dir='ltr'>ἄριστος,</span> <span class='ocrx_word' id='word_1_457' title='bbox 1906 269 1954 322; x_wconf 78' lang='grc' dir='ltr'>μὴ</span> <span class='ocrx_word' id='word_1_458' title='bbox 1979 268 2082 321; x_wconf 77' lang='grc' dir='ltr'>ὅμοια</span> <span class='ocrx_word' id='word_1_459' title='bbox 2111 270 2173 309; x_wconf 74' lang='grc' dir='ltr'>σὺν</span> <span class='ocrx_word' id='word_1_460' title='bbox 2193 274 2264 313; x_wconf 85' lang='grc' dir='ltr'>τοῖς</span> 
     </span>
     <span class='ocr_line' id='line_1_60' title="bbox 1225 329 2264 382; baseline -0.002 -14"><span class='ocrx_word' id='word_1_461' title='bbox 1225 330 1314 382; x_wconf 73' lang='grc' dir='ltr'>ἀμφὶ</span> <span class='ocrx_word' id='word_1_462' title='bbox 1335 329 1379 367; x_wconf 84' lang='grc' dir='ltr'>τὰ</span> <span class='ocrx_word' id='word_1_463' title='bbox 1401 329 1561 380; x_wconf 85' lang='grc' dir='ltr'>βασίλεια</span> <span class='ocrx_word' id='word_1_464' title='bbox 1579 329 1854 378; x_wconf 83' lang='grc' dir='ltr'>πλημμελήσας·</span> <span class='ocrx_word' id='word_1_465' title='bbox 1874 329 1981 382; x_wconf 79' lang='grc' dir='ltr'>χωρὶς</span> <span class='ocrx_word' id='word_1_466' title='bbox 1999 329 2065 382; x_wconf 83' lang='grc' dir='ltr'>γὰρ</span> <span class='ocrx_word' id='word_1_467' title='bbox 2086 331 2189 368; x_wconf 76' lang='grc' dir='ltr'>αὐτοῦ</span> <span class='ocrx_word' id='word_1_468' title='bbox 2207 329 2264 367; x_wconf 76' lang='grc' dir='ltr'>ἐπὶ</span> 
     </span>
     <span class='ocr_line' id='line_1_61' title="bbox 1224 386 2262 439; baseline -0.001 -13"><span class='ocrx_word' id='word_1_469' title='bbox 1224 390 1358 426; x_wconf 86' lang='grc' dir='ltr'>δεῖπνον</span> <span class='ocrx_word' id='word_1_470' title='bbox 1375 388 1432 426; x_wconf 79' lang='grc' dir='ltr'>τὸν</span> <span class='ocrx_word' id='word_1_471' title='bbox 1453 386 1631 426; x_wconf 79' lang='grc' dir='ltr'>Ἐδέκωνα</span> <span class='ocrx_word' id='word_1_472' title='bbox 1648 388 1831 430; x_wconf 77' lang='grc' dir='ltr'>καλοῦντες</span> <span class='ocrx_word' id='word_1_473' title='bbox 1853 387 1973 439; x_wconf 85' lang='grc' dir='ltr'>δώροις</span> <span class='ocrx_word' id='word_1_474' title='bbox 1993 387 2135 438; x_wconf 83' lang='grc' dir='ltr'>ἐτίμων.</span> <span class='ocrx_word' id='word_1_475' title='bbox 2155 387 2262 427; x_wconf 83' lang='grc' dir='ltr'>Ἀπό-</span> 
     </span>
     <span class='ocr_line' id='line_1_62' title="bbox 1226 445 2266 499; baseline -0.001 -14"><span class='ocrx_word' id='word_1_476' title='bbox 1226 463 1283 499; x_wconf 91' lang='grc' dir='ltr'>ρου</span> <span class='ocrx_word' id='word_1_477' title='bbox 1308 446 1344 484; x_wconf 80' lang='grc' dir='ltr'>δὲ</span> <span class='ocrx_word' id='word_1_478' title='bbox 1362 450 1421 485; x_wconf 66' lang='grc' dir='ltr'>τοῦ</span> <span class='ocrx_word' id='word_1_479' title='bbox 1442 446 1544 496; x_wconf 90' lang='grc' dir='ltr'>λόγου</span> <span class='ocrx_word' id='word_1_480' title='bbox 1563 448 1607 490; x_wconf 81' lang='grc' dir='ltr'>ὥς</span> <span class='ocrx_word' id='word_1_481' title='bbox 1629 445 1736 496; x_wconf 84' lang='grc' dir='ltr'>μηδὲν</span> <span class='ocrx_word' id='word_1_482' title='bbox 1754 446 1995 496; x_wconf 82' lang='grc' dir='ltr'>ἐπισταμένοις</span> <span class='ocrx_word' id='word_1_483' title='bbox 2008 445 2187 499; x_wconf 77' lang='grc' dir='ltr'>φανέντος,</span> <span class='ocrx_word' id='word_1_484' title='bbox 2205 445 2266 484; x_wconf 76' lang='grc' dir='ltr'>καὶ</span> 
     </span>
     <span class='ocr_line' id='line_1_63' title="bbox 1225 503 2268 558; baseline -0.001 -15"><span class='ocrx_word' id='word_1_485' title='bbox 1225 505 1486 557; x_wconf 80' lang='grc' dir='ltr'>ἀνερωτήσασιν</span> <span class='ocrx_word' id='word_1_486' title='bbox 1503 503 1594 547; x_wconf 82' lang='grc' dir='ltr'>ὅπως</span> <span class='ocrx_word' id='word_1_487' title='bbox 1610 503 1670 542; x_wconf 88' lang='grc' dir='ltr'>καὶ</span> <span class='ocrx_word' id='word_1_488' title='bbox 1690 503 1781 541; x_wconf 84' lang='grc' dir='ltr'>κατὰ</span> <span class='ocrx_word' id='word_1_489' title='bbox 1805 507 1903 542; x_wconf 86' lang='grc' dir='ltr'>ποῖον</span> <span class='ocrx_word' id='word_1_490' title='bbox 1930 505 2050 558; x_wconf 67' lang='grc' dir='ltr'>καιρᾲν</span> <span class='ocrx_word' id='word_1_491' title='bbox 2070 507 2268 557; x_wconf 83' lang='grc' dir='ltr'>περιῶπται</span> 
     </span>
     <span class='ocr_line' id='line_1_64' title="bbox 1226 561 2270 616; baseline 0 -15"><span class='ocrx_word' id='word_1_492' title='bbox 1226 563 1288 614; x_wconf 80' lang='grc' dir='ltr'>μὲν</span> <span class='ocrx_word' id='word_1_493' title='bbox 1308 563 1427 610; x_wconf 79' lang='grc' dir='ltr'>αὐτὸς,</span> <span class='ocrx_word' id='word_1_494' title='bbox 1444 563 1628 613; x_wconf 87' lang='grc' dir='ltr'>τετίμηται</span> <span class='ocrx_word' id='word_1_495' title='bbox 1647 561 1680 600; x_wconf 85' lang='grc' dir='ltr'>δὲ</span> <span class='ocrx_word' id='word_1_496' title='bbox 1701 565 1719 600; x_wconf 88' lang='lat'>6</span> <span class='ocrx_word' id='word_1_497' title='bbox 1737 562 1903 609; x_wconf 86' lang='grc' dir='ltr'>Ἐδέκων,</span> <span class='ocrx_word' id='word_1_498' title='bbox 1920 564 2016 601; x_wconf 76' lang='grc' dir='ltr'>οῦδὲν</span> <span class='ocrx_word' id='word_1_499' title='bbox 2038 563 2270 616; x_wconf 76' lang='grc' dir='ltr'>ἀποκρινάμε-</span> 
     </span>
     <span class='ocr_line' id='line_1_65' title="bbox 1225 620 2269 674; baseline 0.001 -15"><span class='ocrx_word' id='word_1_500' title='bbox 1225 638 1279 665; x_wconf 89' lang='grc' dir='ltr'>νος</span> <span class='ocrx_word' id='word_1_501' title='bbox 1298 622 1429 669; x_wconf 79' lang='grc' dir='ltr'>ἐξῆλθε.</span> <span class='ocrx_word' id='word_1_502' title='bbox 1459 624 1515 673; x_wconf 78' lang='grc' dir='ltr'>Τῇ</span> <span class='ocrx_word' id='word_1_503' title='bbox 1543 621 1578 659; x_wconf 85' lang='grc' dir='ltr'>δὲ</span> <span class='ocrx_word' id='word_1_504' title='bbox 1607 620 1773 673; x_wconf 74' lang='grc' dir='ltr'>ὑστεραία</span> <span class='ocrx_word' id='word_1_505' title='bbox 1798 623 1844 664; x_wconf 86' lang='grc' dir='ltr'>ὡς</span> <span class='ocrx_word' id='word_1_506' title='bbox 1874 621 2092 672; x_wconf 68' lang='grc' dir='ltr'>ἐὸαδίζομεν,</span> <span class='ocrx_word' id='word_1_507' title='bbox 2121 621 2269 674; x_wconf 81' lang='grc' dir='ltr'>φέρομεν</span> 
     </span>
     <span class='ocr_line' id='line_1_66' title="bbox 1226 679 2270 731; baseline 0 -13"><span class='ocrx_word' id='word_1_508' title='bbox 1226 681 1282 718; x_wconf 83' lang='grc' dir='ltr'>ἐπὶ</span> <span class='ocrx_word' id='word_1_509' title='bbox 1300 679 1444 731; x_wconf 79' lang='grc' dir='ltr'>Βιγίλαν</span> <span class='ocrx_word' id='word_1_510' title='bbox 1466 679 1555 731; x_wconf 88' lang='grc' dir='ltr'>ἅπερ</span> <span class='ocrx_word' id='word_1_511' title='bbox 1575 682 1660 728; x_wconf 78' lang='grc' dir='ltr'>ἡμῖν</span> <span class='ocrx_word' id='word_1_512' title='bbox 1690 679 1860 731; x_wconf 82' lang='grc' dir='ltr'>Ὀρέστης</span> <span class='ocrx_word' id='word_1_513' title='bbox 1879 679 2021 731; x_wconf 76' lang='grc' dir='ltr'>εἰρήκει.</span> <span class='ocrx_word' id='word_1_514' title='bbox 2039 679 2106 723; x_wconf 44' lang='grc' dir='ltr'>(Ὃς</span> <span class='ocrx_word' id='word_1_515' title='bbox 2125 680 2161 718; x_wconf 82' lang='grc' dir='ltr'>δὲ</span> <span class='ocrx_word' id='word_1_516' title='bbox 2179 682 2270 718; x_wconf 82' lang='grc' dir='ltr'>ἐκεῖ·</span> 
     </span>
     <span class='ocr_line' id='line_1_67' title="bbox 1225 737 2269 789; baseline -0.001 -13"><span class='ocrx_word' id='word_1_517' title='bbox 1225 754 1282 777; x_wconf 93' lang='grc' dir='ltr'>νον</span> <span class='ocrx_word' id='word_1_518' title='bbox 1309 738 1357 789; x_wconf 88' lang='grc' dir='ltr'>μὴ</span> <span class='ocrx_word' id='word_1_519' title='bbox 1388 739 1457 776; x_wconf 86' lang='grc' dir='ltr'>δεῖν</span> <span class='ocrx_word' id='word_1_520' title='bbox 1482 738 1743 789; x_wconf 67' lang='grc' dir='ltr'>χαλεπαινεινε</span> <span class='ocrx_word' id='word_1_521' title='bbox 1725 754 1771 782; x_wconf 89' lang='grc' dir='ltr'>ως</span> <span class='ocrx_word' id='word_1_522' title='bbox 1799 741 1866 775; x_wconf 83' lang='grc' dir='ltr'>τῶν</span> <span class='ocrx_word' id='word_1_523' title='bbox 1891 740 2004 776; x_wconf 83' lang='grc' dir='ltr'>αὐτῶν</span> <span class='ocrx_word' id='word_1_524' title='bbox 2024 737 2193 777; x_wconf 86' lang='grc' dir='ltr'>Ἐδέκωνι</span> <span class='ocrx_word' id='word_1_525' title='bbox 2219 737 2269 788; x_wconf 83' lang='grc' dir='ltr'>μὴ</span> 
     </span>
     <span class='ocr_line' id='line_1_68' title="bbox 1225 795 2270 850; baseline 0.001 -16"><span class='ocrx_word' id='word_1_526' title='bbox 1225 797 1460 849; x_wconf 76' lang='grc' dir='ltr'>τυγχάνοντα·</span> <span class='ocrx_word' id='word_1_527' title='bbox 1482 796 1585 834; x_wconf 82' lang='grc' dir='ltr'>αὐτὸν</span> <span class='ocrx_word' id='word_1_528' title='bbox 1604 795 1665 846; x_wconf 84' lang='grc' dir='ltr'>μὲν</span> <span class='ocrx_word' id='word_1_529' title='bbox 1688 797 1790 849; x_wconf 83' lang='grc' dir='ltr'>γὰρ</span> <span class='ocrx_word' id='word_1_530' title='bbox 1775 796 1908 835; x_wconf 84' lang='grc' dir='ltr'>οπάονά</span> <span class='ocrx_word' id='word_1_531' title='bbox 1925 812 1961 834; x_wconf 86' lang='grc' dir='ltr'>τε</span> <span class='ocrx_word' id='word_1_532' title='bbox 1985 796 2078 835; x_wconf 69' lang='grc' dir='ltr'>καὶε</span> <span class='ocrx_word' id='word_1_533' title='bbox 2066 797 2270 850; x_wconf 75' lang='grc' dir='ltr'>υπογραφέα</span> 
     </span>
     <span class='ocr_line' id='line_1_69' title="bbox 1227 854 2269 908; baseline -0.002 -14"><span class='ocrx_word' id='word_1_534' title='bbox 1227 861 1314 894; x_wconf 78' lang='grc' dir='ltr'>εἰναι</span> <span class='ocrx_word' id='word_1_535' title='bbox 1334 856 1483 902; x_wconf 74' lang='grc' dir='ltr'>Ἆττήλα</span> <span class='ocrx_word' id='word_1_536' title='bbox 1496 885 1506 903; x_wconf 93' lang='grc'>,</span> <span class='ocrx_word' id='word_1_537' title='bbox 1525 854 1702 893; x_wconf 85' lang='grc' dir='ltr'>Ἔδέκωνα</span> <span class='ocrx_word' id='word_1_538' title='bbox 1718 855 1753 893; x_wconf 86' lang='grc' dir='ltr'>δε</span> <span class='ocrx_word' id='word_1_539' title='bbox 1773 854 1818 893; x_wconf 84' lang='grc' dir='ltr'>τὰ</span> <span class='ocrx_word' id='word_1_540' title='bbox 1833 854 1924 894; x_wconf 84' lang='grc' dir='ltr'>κατὰ</span> <span class='ocrx_word' id='word_1_541' title='bbox 1944 854 2137 906; x_wconf 81' lang='grc' dir='ltr'>πόλεμον”</span> <span class='ocrx_word' id='word_1_542' title='bbox 2115 870 2269 908; x_wconf 80' lang='grc' dir='ltr'>αριστον,</span> 
     </span>
    </p>

    <p class='ocr_par' dir='ltr' id='par_1_6' title="bbox 1226 912 2268 965">
     <span class='ocr_line' id='line_1_70' title="bbox 1226 912 2268 965; baseline 0.001 -14"><span class='ocrx_word' id='word_1_543' title='bbox 1226 916 1273 957; x_wconf 85' lang='grc' dir='ltr'>ὡς</span> <span class='ocrx_word' id='word_1_544' title='bbox 1286 917 1344 951; x_wconf 76' lang='grc' dir='ltr'>τοῦ</span> <span class='ocrx_word' id='word_1_545' title='bbox 1357 912 1490 952; x_wconf 83' lang='grc' dir='ltr'>Οὔννου</span> <span class='ocrx_word' id='word_1_546' title='bbox 1500 927 1628 963; x_wconf 87' lang='grc' dir='ltr'>γενους,</span> <span class='ocrx_word' id='word_1_547' title='bbox 1640 913 1895 960; x_wconf 73' lang='grc' dir='ltr'>ἀναὸεὸηκέναι</span> <span class='ocrx_word' id='word_1_548' title='bbox 1908 913 1965 951; x_wconf 85' lang='grc' dir='ltr'>τὸν</span> <span class='ocrx_word' id='word_1_549' title='bbox 1977 912 2148 965; x_wconf 85' lang='grc' dir='ltr'>Ὀρέστην</span> <span class='ocrx_word' id='word_1_550' title='bbox 2165 913 2268 954; x_wconf 81' lang='grc' dir='ltr'>πολύ.</span> 
     </span>
    </p>

    <p class='ocr_par' dir='ltr' id='par_1_7' title="bbox 1227 970 2282 1905">
     <span class='ocr_line' id='line_1_71' title="bbox 1227 970 2273 1025; baseline -0.001 -15"><span class='ocrx_word' id='word_1_551' title='bbox 1227 974 1260 1011; x_wconf 89' lang='grc' dir='ltr'>Τ</span> <span class='ocrx_word' id='word_1_552' title='bbox 1262 975 1350 1009; x_wconf 55' lang='lat' dir='ltr'>aava</span> <span class='ocrx_word' id='word_1_553' title='bbox 1367 970 1471 1009; x_wconf 83' lang='grc' dir='ltr'>εἰπὼν</span> <span class='ocrx_word' id='word_1_554' title='bbox 1487 970 1606 1023; x_wconf 77' lang='grc' dir='ltr'>καὶτῷ</span> <span class='ocrx_word' id='word_1_555' title='bbox 1621 970 1789 1010; x_wconf 85' lang='grc' dir='ltr'>Ἐδέκωνι</span> <span class='ocrx_word' id='word_1_556' title='bbox 1803 971 2107 1022; x_wconf 83' lang='grc' dir='ltr'>ἷδιολογησοίμενος</span> <span class='ocrx_word' id='word_1_557' title='bbox 2120 971 2273 1025; x_wconf 71' lang='grc' dir='ltr'>ἔφασκεν</span> 
     </span>
     <span class='ocr_line' id='line_1_72' title="bbox 1227 1029 2273 1083; baseline 0 -15"><span class='ocrx_word' id='word_1_558' title='bbox 1227 1030 1368 1083; x_wconf 81' lang='grc' dir='ltr'>ὕστερον</span> <span class='ocrx_word' id='word_1_559' title='bbox 1395 1032 1479 1083; x_wconf 82' lang='grc' dir='ltr'>πρὸς</span> <span class='ocrx_word' id='word_1_560' title='bbox 1498 1033 1609 1079; x_wconf 82' lang='grc' dir='ltr'>ἡμᾶς,</span> <span class='ocrx_word' id='word_1_561' title='bbox 1627 1029 1696 1068; x_wconf 83' lang='grc' dir='ltr'>εἴτε</span> <span class='ocrx_word' id='word_1_562' title='bbox 1722 1029 1982 1079; x_wconf 84' lang='grc' dir='ltr'>ἀληθιζόμενος,</span> <span class='ocrx_word' id='word_1_563' title='bbox 2003 1029 2071 1068; x_wconf 84' lang='grc' dir='ltr'>εἴτε</span> <span class='ocrx_word' id='word_1_564' title='bbox 2091 1029 2273 1083; x_wconf 70' lang='grc' dir='ltr'>ὑποκρινό-</span> 
     </span>
     <span class='ocr_line' id='line_1_73' title="bbox 1229 1088 2274 1141; baseline 0 -14"><span class='ocrx_word' id='word_1_565' title='bbox 1229 1105 1349 1139; x_wconf 87' lang='grc' dir='ltr'>μενος,</span> <span class='ocrx_word' id='word_1_566' title='bbox 1366 1091 1411 1132; x_wconf 82' lang='grc' dir='ltr'>ὡς</span> <span class='ocrx_word' id='word_1_567' title='bbox 1429 1088 1519 1127; x_wconf 87' lang='grc' dir='ltr'>εἴποι</span> <span class='ocrx_word' id='word_1_568' title='bbox 1539 1088 1601 1139; x_wconf 81' lang='grc' dir='ltr'>μὲν</span> <span class='ocrx_word' id='word_1_569' title='bbox 1615 1090 1710 1141; x_wconf 81' lang='grc' dir='ltr'>αὐτῷ</span> <span class='ocrx_word' id='word_1_570' title='bbox 1730 1090 1773 1126; x_wconf 88' lang='grc' dir='ltr'>τὰ</span> <span class='ocrx_word' id='word_1_571' title='bbox 1793 1088 1959 1141; x_wconf 81' lang='grc' dir='ltr'>εἰρημένα</span> <span class='ocrx_word' id='word_1_572' title='bbox 1972 1119 1984 1139; x_wconf 92' lang='grc'>,</span> <span class='ocrx_word' id='word_1_573' title='bbox 2004 1088 2103 1141; x_wconf 87' lang='grc' dir='ltr'>μόγις</span> <span class='ocrx_word' id='word_1_574' title='bbox 2119 1088 2156 1127; x_wconf 77' lang='grc' dir='ltr'>δὲ</span> <span class='ocrx_word' id='word_1_575' title='bbox 2171 1088 2274 1128; x_wconf 78' lang='grc' dir='ltr'>αὐτὸν</span> 
     </span>
     <span class='ocr_line' id='line_1_74' title="bbox 1228 1143 2271 1201; baseline 0.002 -16"><span class='ocrx_word' id='word_1_576' title='bbox 1228 1143 1474 1199; x_wconf 68' lang='grc' dir='ltr'>καταπραῧναι</span> <span class='ocrx_word' id='word_1_577' title='bbox 1500 1146 1678 1199; x_wconf 84' lang='grc' dir='ltr'>τραπέντα</span> <span class='ocrx_word' id='word_1_578' title='bbox 1706 1147 1765 1185; x_wconf 80' lang='grc' dir='ltr'>ἐπὶ</span> <span class='ocrx_word' id='word_1_579' title='bbox 1792 1153 1862 1191; x_wconf 87' lang='grc' dir='ltr'>τοῖς</span> <span class='ocrx_word' id='word_1_580' title='bbox 1889 1148 2061 1199; x_wconf 76' lang='grc' dir='ltr'>λεχθεῖσιν</span> <span class='ocrx_word' id='word_1_581' title='bbox 2086 1149 2132 1192; x_wconf 87' lang='grc' dir='ltr'>εἷς</span> <span class='ocrx_word' id='word_1_582' title='bbox 2150 1147 2271 1201; x_wconf 80' lang='grc' dir='ltr'>ὀργήν.</span> 
     </span>
     <span class='ocr_line' id='line_1_75' title="bbox 1232 1204 2274 1259; baseline -0.001 -14"><span class='ocrx_word' id='word_1_583' title='bbox 1232 1207 1450 1259; x_wconf 79' lang='grc' dir='ltr'>Ἀφικόμενοι</span> <span class='ocrx_word' id='word_1_584' title='bbox 1471 1206 1506 1244; x_wconf 82' lang='grc' dir='ltr'>δὲ</span> <span class='ocrx_word' id='word_1_585' title='bbox 1526 1208 1558 1250; x_wconf 84' lang='grc' dir='ltr'>ἐς</span> <span class='ocrx_word' id='word_1_586' title='bbox 1574 1205 1732 1245; x_wconf 73' lang='grc' dir='ltr'>Ναϊσσὸν</span> <span class='ocrx_word' id='word_1_587' title='bbox 1753 1205 1880 1258; x_wconf 86' lang='grc' dir='ltr'>ἔρημον</span> <span class='ocrx_word' id='word_1_588' title='bbox 1904 1206 1966 1256; x_wconf 85' lang='grc' dir='ltr'>μὲν</span> <span class='ocrx_word' id='word_1_589' title='bbox 1981 1204 2124 1258; x_wconf 79' lang='grc' dir='ltr'>εὕρομεν</span> <span class='ocrx_word' id='word_1_590' title='bbox 2141 1205 2274 1259; x_wconf 76' lang='grc' dir='ltr'>ἀνθρώ-</span> 
     </span>
     <span class='ocr_line' id='line_1_76' title="bbox 1229 1264 2273 1317; baseline -0.001 -13"><span class='ocrx_word' id='word_1_591' title='bbox 1229 1282 1304 1304; x_wconf 88' lang='grc' dir='ltr'>πων</span> <span class='ocrx_word' id='word_1_592' title='bbox 1325 1266 1388 1312; x_wconf 82' lang='grc' dir='ltr'>τὴν</span> <span class='ocrx_word' id='word_1_593' title='bbox 1413 1266 1526 1313; x_wconf 88' lang='grc' dir='ltr'>πόλιν,</span> <span class='ocrx_word' id='word_1_594' title='bbox 1545 1268 1591 1308; x_wconf 82' lang='grc' dir='ltr'>ὡς</span> <span class='ocrx_word' id='word_1_595' title='bbox 1608 1264 1675 1303; x_wconf 75' lang='grc' dir='ltr'>ὑπὸ</span> <span class='ocrx_word' id='word_1_596' title='bbox 1699 1267 1767 1302; x_wconf 85' lang='grc' dir='ltr'>τῶν</span> <span class='ocrx_word' id='word_1_597' title='bbox 1791 1264 1968 1315; x_wconf 88' lang='grc' dir='ltr'>πολεμίων</span> <span class='ocrx_word' id='word_1_598' title='bbox 1993 1267 2273 1317; x_wconf 85' lang='grc' dir='ltr'>ἀνατραπεῖσαν·</span> 
     </span>
     <span class='ocr_line' id='line_1_77' title="bbox 1229 1323 2277 1377; baseline 0 -14"><span class='ocrx_word' id='word_1_599' title='bbox 1229 1327 1263 1363; x_wconf 84' lang='grc' dir='ltr'>ἐν</span> <span class='ocrx_word' id='word_1_600' title='bbox 1283 1324 1318 1362; x_wconf 82' lang='grc' dir='ltr'>δὲ</span> <span class='ocrx_word' id='word_1_601' title='bbox 1336 1331 1408 1368; x_wconf 87' lang='grc' dir='ltr'>τοῖς</span> <span class='ocrx_word' id='word_1_602' title='bbox 1424 1325 1525 1376; x_wconf 83' lang='grc' dir='ltr'>ἱεροῖς</span> <span class='ocrx_word' id='word_1_603' title='bbox 1541 1323 1767 1372; x_wconf 82' lang='grc' dir='ltr'>καταλύμασι</span> <span class='ocrx_word' id='word_1_604' title='bbox 1783 1327 1850 1362; x_wconf 85' lang='grc' dir='ltr'>τῶν</span> <span class='ocrx_word' id='word_1_605' title='bbox 1870 1324 1937 1362; x_wconf 83' lang='grc' dir='ltr'>ὑπὸ</span> <span class='ocrx_word' id='word_1_606' title='bbox 1958 1323 2068 1362; x_wconf 87' lang='grc' dir='ltr'>νόσων</span> <span class='ocrx_word' id='word_1_607' title='bbox 2083 1323 2277 1377; x_wconf 81' lang='grc' dir='ltr'>κατεχομέ-</span> 
     </span>
     <span class='ocr_line' id='line_1_78' title="bbox 1229 1380 2278 1435; baseline 0.001 -15"><span class='ocrx_word' id='word_1_608' title='bbox 1229 1399 1296 1422; x_wconf 91' lang='grc' dir='ltr'>νων</span> <span class='ocrx_word' id='word_1_609' title='bbox 1313 1383 1400 1426; x_wconf 83' lang='grc' dir='ltr'>τινὲς</span> <span class='ocrx_word' id='word_1_610' title='bbox 1418 1384 1606 1434; x_wconf 75' lang='grc' dir='ltr'>ἐτύγχανον</span> <span class='ocrx_word' id='word_1_611' title='bbox 1624 1382 1730 1426; x_wconf 81' lang='grc' dir='ltr'>ὅντες.</span> <span class='ocrx_word' id='word_1_612' title='bbox 1751 1382 1886 1435; x_wconf 83' lang='grc' dir='ltr'>Μικρὸν</span> <span class='ocrx_word' id='word_1_613' title='bbox 1905 1382 1940 1420; x_wconf 78' lang='grc' dir='ltr'>δὲ</span> <span class='ocrx_word' id='word_1_614' title='bbox 1961 1382 2032 1421; x_wconf 86' lang='grc' dir='ltr'>ἄνω</span> <span class='ocrx_word' id='word_1_615' title='bbox 2045 1387 2104 1421; x_wconf 78' lang='grc' dir='ltr'>τοῦ</span> <span class='ocrx_word' id='word_1_616' title='bbox 2117 1380 2278 1435; x_wconf 76' lang='grc' dir='ltr'>ποταμοῦ</span> 
     </span>
     <span class='ocr_line' id='line_1_79' title="bbox 1231 1440 2277 1493; baseline 0.001 -15"><span class='ocrx_word' id='word_1_617' title='bbox 1231 1443 1264 1479; x_wconf 88' lang='grc' dir='ltr'>ἐν</span> <span class='ocrx_word' id='word_1_618' title='bbox 1296 1444 1439 1493; x_wconf 80' lang='grc' dir='ltr'>καθαρῷ</span> <span class='ocrx_word' id='word_1_619' title='bbox 1466 1440 1725 1484; x_wconf 84' lang='grc' dir='ltr'>καταλύσαντες</span> <span class='ocrx_word' id='word_1_620' title='bbox 1752 1440 1959 1493; x_wconf 82' lang='grc' dir='ltr'>(σύμπαντα</span> <span class='ocrx_word' id='word_1_621' title='bbox 1975 1440 2042 1493; x_wconf 84' lang='grc' dir='ltr'>γὰρ</span> <span class='ocrx_word' id='word_1_622' title='bbox 2069 1441 2114 1479; x_wconf 82' lang='grc' dir='ltr'>τὰ</span> <span class='ocrx_word' id='word_1_623' title='bbox 2137 1441 2195 1479; x_wconf 81' lang='grc' dir='ltr'>ἐπὶ</span> <span class='ocrx_word' id='word_1_624' title='bbox 2215 1440 2277 1488; x_wconf 74' lang='grc' dir='ltr'>τὴν</span> 
     </span>
     <span class='ocr_line' id='line_1_80' title="bbox 1230 1495 2279 1554; baseline -0.002 -13"><span class='ocrx_word' id='word_1_625' title='bbox 1230 1502 1336 1554; x_wconf 80' lang='grc' dir='ltr'>ὄχθην</span> <span class='ocrx_word' id='word_1_626' title='bbox 1357 1503 1484 1540; x_wconf 82' lang='grc' dir='ltr'>ὀστέων</span> <span class='ocrx_word' id='word_1_627' title='bbox 1508 1495 1550 1548; x_wconf 68' lang='grc' dir='ltr'>ἦν</span> <span class='ocrx_word' id='word_1_628' title='bbox 1570 1500 1661 1539; x_wconf 83' lang='grc' dir='ltr'>πλέα</span> <span class='ocrx_word' id='word_1_629' title='bbox 1678 1502 1745 1538; x_wconf 84' lang='grc' dir='ltr'>τῶν</span> <span class='ocrx_word' id='word_1_630' title='bbox 1767 1501 1801 1538; x_wconf 83' lang='grc' dir='ltr'>ἐν</span> <span class='ocrx_word' id='word_1_631' title='bbox 1826 1499 1971 1554; x_wconf 86' lang='grc' dir='ltr'>πολέμῳ</span> <span class='ocrx_word' id='word_1_632' title='bbox 1989 1500 2279 1552; x_wconf 82' lang='grc' dir='ltr'>ἀναιρεθέντων),</span> 
     </span>
     <span class='ocr_line' id='line_1_81' title="bbox 1230 1559 2280 1613; baseline -0.001 -14"><span class='ocrx_word' id='word_1_633' title='bbox 1230 1565 1273 1613; x_wconf 82' lang='grc' dir='ltr'>τῇ</span> <span class='ocrx_word' id='word_1_634' title='bbox 1294 1560 1457 1612; x_wconf 89' lang='grc' dir='ltr'>ἐπαύριον</span> <span class='ocrx_word' id='word_1_635' title='bbox 1473 1560 1558 1612; x_wconf 76' lang='grc' dir='ltr'>πρὸς</span> <span class='ocrx_word' id='word_1_636' title='bbox 1584 1559 1752 1609; x_wconf 79' lang='grc' dir='ltr'>Ἀγίνθεον</span> <span class='ocrx_word' id='word_1_637' title='bbox 1779 1561 1847 1597; x_wconf 81' lang='grc' dir='ltr'>τῶν</span> <span class='ocrx_word' id='word_1_638' title='bbox 1870 1560 1903 1597; x_wconf 87' lang='grc' dir='ltr'>ἐν</span> <span class='ocrx_word' id='word_1_639' title='bbox 1924 1559 2107 1612; x_wconf 80' lang='grc' dir='ltr'>Ἰλλυριοῖς</span> <span class='ocrx_word' id='word_1_640' title='bbox 2137 1559 2280 1611; x_wconf 80' lang='grc' dir='ltr'>ταγμά-</span> 
     </span>
     <span class='ocr_line' id='line_1_82' title="bbox 1231 1617 2279 1671; baseline -0.001 -14"><span class='ocrx_word' id='word_1_641' title='bbox 1231 1635 1299 1657; x_wconf 87' lang='grc' dir='ltr'>των</span> <span class='ocrx_word' id='word_1_642' title='bbox 1319 1618 1509 1669; x_wconf 82' lang='grc' dir='ltr'>ἡγούμενον</span> <span class='ocrx_word' id='word_1_643' title='bbox 1524 1618 1731 1671; x_wconf 67' lang='grc' dir='ltr'>ἆφικόμεθα,</span> <span class='ocrx_word' id='word_1_644' title='bbox 1745 1619 1783 1655; x_wconf 83' lang='grc' dir='ltr'>οὐ</span> <span class='ocrx_word' id='word_1_645' title='bbox 1798 1617 1917 1671; x_wconf 85' lang='grc' dir='ltr'>πόρρω</span> <span class='ocrx_word' id='word_1_646' title='bbox 1930 1617 2012 1656; x_wconf 84' lang='grc' dir='ltr'>ὄντα</span> <span class='ocrx_word' id='word_1_647' title='bbox 2028 1634 2088 1664; x_wconf 79' lang='grc' dir='ltr'>της</span> <span class='ocrx_word' id='word_1_648' title='bbox 2105 1620 2279 1666; x_wconf 58' lang='lat' dir='ltr'>Narco-055,</span> 
     </span>
     <span class='ocr_line' id='line_1_83' title="bbox 1235 1675 2282 1750; baseline 0.001 -36"><span class='ocrx_word' id='word_1_649' title='bbox 1235 1678 1290 1727; x_wconf 72' lang='grc' dir='ltr'>ἐφ’</span> <span class='ocrx_word' id='word_1_650' title='bbox 1307 1681 1336 1730; x_wconf 78' lang='grc' dir='ltr'><strong>ᾧ</strong></span> <span class='ocrx_word' id='word_1_651' title='bbox 1358 1677 1402 1714; x_wconf 82' lang='grc' dir='ltr'>τὰ</span> <span class='ocrx_word' id='word_1_652' title='bbox 1430 1675 1527 1729; x_wconf 82' lang='grc' dir='ltr'>παρὰ</span> <span class='ocrx_word' id='word_1_653' title='bbox 1543 1676 1732 1750; x_wconf 51' lang='grc' dir='ltr'>ὶὶ,βασιλέως</span> <span class='ocrx_word' id='word_1_654' title='bbox 1752 1677 1912 1727; x_wconf 88' lang='grc' dir='ltr'>ἀγγεῖλαι</span> <span class='ocrx_word' id='word_1_655' title='bbox 1941 1675 2096 1720; x_wconf 76' lang='grc' dir='ltr'>καὶτοὺς</span> <span class='ocrx_word' id='word_1_656' title='bbox 2126 1677 2282 1730; x_wconf 83' lang='grc' dir='ltr'>φυγάδας</span> 
     </span>
     <span class='ocr_line' id='line_1_84' title="bbox 1233 1729 2281 1807; baseline 0.001 -34"><span class='ocrx_word' id='word_1_657' title='bbox 1233 1735 1474 1787; x_wconf 68' lang='grc' dir='ltr'>παραλαὸεῒν·</span> <span class='ocrx_word' id='word_1_658' title='bbox 1501 1734 1580 1777; x_wconf 75' lang='grc' dir='ltr'>τοὺς</span> <span class='ocrx_word' id='word_1_659' title='bbox 1607 1733 1674 1807; x_wconf 79' lang='grc' dir='ltr'>γὰρ</span> <span class='ocrx_word' id='word_1_660' title='bbox 1706 1735 1732 1772; x_wconf 89' lang='grc' dir='ltr'>ε’</span> <span class='ocrx_word' id='word_1_661' title='bbox 1756 1751 1824 1772; x_wconf 85' lang='grc' dir='ltr'>των</span> <span class='ocrx_word' id='word_1_662' title='bbox 1859 1735 1914 1782; x_wconf 87' lang='grc' dir='ltr'>ιζ’,</span> <span class='ocrx_word' id='word_1_663' title='bbox 1944 1734 2023 1788; x_wconf 83' lang='grc' dir='ltr'>περὶ</span> <span class='ocrx_word' id='word_1_664' title='bbox 2050 1729 2098 1774; x_wconf 89' lang='grc' dir='ltr'>ων</span> <span class='ocrx_word' id='word_1_665' title='bbox 2130 1735 2281 1789; x_wconf 63' lang='lat' dir='ltr'>&#39;Au-›520‹</span> 
     </span>
     <span class='ocr_line' id='line_1_85' title="bbox 1234 1793 2282 1846; baseline 0.001 -15"><span class='ocrx_word' id='word_1_666' title='bbox 1234 1793 1450 1846; x_wconf 84' lang='grc' dir='ltr'>ἐγέγραπτο,</span> <span class='ocrx_word' id='word_1_667' title='bbox 1476 1793 1580 1831; x_wconf 77' lang='grc' dir='ltr'>αὐτὸν</span> <span class='ocrx_word' id='word_1_668' title='bbox 1609 1794 1677 1831; x_wconf 84' lang='grc' dir='ltr'>ἔδει</span> <span class='ocrx_word' id='word_1_669' title='bbox 1699 1794 1945 1846; x_wconf 82' lang='grc' dir='ltr'>παραδιδόναι.</span> <span class='ocrx_word' id='word_1_670' title='bbox 1968 1793 2146 1844; x_wconf 86' lang='grc' dir='ltr'>Ἥλθομεν</span> <span class='ocrx_word' id='word_1_671' title='bbox 2169 1797 2227 1832; x_wconf 83' lang='grc' dir='ltr'>οὖν</span> <span class='ocrx_word' id='word_1_672' title='bbox 2247 1794 2282 1838; x_wconf 79' lang='grc' dir='ltr'>ἐς</span> 
     </span>
     <span class='ocr_line' id='line_1_86' title="bbox 1232 1851 2276 1905; baseline -0.001 -15"><span class='ocrx_word' id='word_1_673' title='bbox 1232 1851 1373 1902; x_wconf 87' lang='grc' dir='ltr'>λόγους,</span> <span class='ocrx_word' id='word_1_674' title='bbox 1405 1851 1465 1890; x_wconf 76' lang='grc' dir='ltr'>καὶ</span> <span class='ocrx_word' id='word_1_675' title='bbox 1488 1851 1564 1895; x_wconf 78' lang='grc' dir='ltr'>τοὺς</span> <span class='ocrx_word' id='word_1_676' title='bbox 1597 1851 1622 1889; x_wconf 78' lang='grc' dir='ltr'>ε’</span> <span class='ocrx_word' id='word_1_677' title='bbox 1654 1851 1808 1905; x_wconf 75' lang='grc' dir='ltr'>φυγάδας</span> <span class='ocrx_word' id='word_1_678' title='bbox 1829 1853 2046 1903; x_wconf 79' lang='grc' dir='ltr'>παραδοῦναι</span> <span class='ocrx_word' id='word_1_679' title='bbox 2071 1851 2174 1890; x_wconf 80' lang='grc' dir='ltr'>αὐτὸν</span> <span class='ocrx_word' id='word_1_680' title='bbox 2203 1857 2276 1896; x_wconf 87' lang='grc' dir='ltr'>τοῖς</span> 
     </span>
    </p>
   </div>
   <div class='ocr_carea' id='block_1_6' title="bbox 1200 1909 2283 1963">
    <p class='ocr_par' dir='ltr' id='par_1_8' title="bbox 1200 1909 2283 1963">
     <span class='ocr_line' id='line_1_87' title="bbox 1200 1909 2283 1963; baseline 0.002 -17"><span class='ocrx_word' id='word_1_681' title='bbox 1200 1940 1208 1946; x_wconf 77' lang='grc'>.</span> <span class='ocrx_word' id='word_1_682' title='bbox 1234 1909 1378 1953; x_wconf 86' lang='grc' dir='ltr'>Οὔννοις</span> <span class='ocrx_word' id='word_1_683' title='bbox 1405 1910 1738 1962; x_wconf 70' lang='grc' dir='ltr'>παρεσκευάσαμεψ</span> <span class='ocrx_word' id='word_1_684' title='bbox 1764 1909 1820 1953; x_wconf 78' lang='grc' dir='ltr'>οὓς</span> <span class='ocrx_word' id='word_1_685' title='bbox 1845 1909 2186 1963; x_wconf 72' lang='grc' dir='ltr'>φιλοφρονησάμενος</span> <span class='ocrx_word' id='word_1_686' title='bbox 2219 1909 2283 1948; x_wconf 76' lang='grc' dir='ltr'>σὺν</span> 
     </span>
    </p>
   </div>
   <div class='ocr_carea' id='block_1_7' title="bbox 1234 2038 2291 3434">
    <p class='ocr_par' dir='ltr' id='par_1_9' title="bbox 1234 2038 2291 3434">
     <span class='ocr_line' id='line_1_88' title="bbox 1237 2038 2285 2078; baseline 0 -8"><span class='ocrx_word' id='word_1_687' title='bbox 1237 2039 1282 2070; x_wconf 87' lang='lat' dir='ltr'>cis</span> <span class='ocrx_word' id='word_1_688' title='bbox 1305 2039 1447 2071; x_wconf 89' lang='lat' dir='ltr'>vestibus</span> <span class='ocrx_word' id='word_1_689' title='bbox 1463 2039 1495 2070; x_wconf 90' lang='lat' dir='ltr'>et</span> <span class='ocrx_word' id='word_1_690' title='bbox 1520 2039 1652 2078; x_wconf 84' lang='lat' dir='ltr'>gemmis</span> <span class='ocrx_word' id='word_1_691' title='bbox 1681 2038 1796 2070; x_wconf 82' lang='lat' dir='ltr'>indicis</span> <span class='ocrx_word' id='word_1_692' title='bbox 1827 2038 1968 2070; x_wconf 88' lang='lat' dir='ltr'>donavit.</span> <span class='ocrx_word' id='word_1_693' title='bbox 2014 2039 2142 2070; x_wconf 80' lang='lat' dir='ltr'>Orestes</span> <span class='ocrx_word' id='word_1_694' title='bbox 2170 2038 2285 2070; x_wconf 87' lang='lat' dir='ltr'>deinde</span> 
     </span>
     <span class='ocr_line' id='line_1_89' title="bbox 1234 2090 2285 2131; baseline 0 -9"><span class='ocrx_word' id='word_1_695' title='bbox 1234 2091 1440 2131; x_wconf 79' lang='lat' dir='ltr'>praestolatus</span> <span class='ocrx_word' id='word_1_696' title='bbox 1457 2090 1612 2122; x_wconf 84' lang='lat' dir='ltr'>Edeconis</span> <span class='ocrx_word' id='word_1_697' title='bbox 1640 2090 1813 2122; x_wconf 86' lang='lat' dir='ltr'>discessum</span> <span class='ocrx_word' id='word_1_698' title='bbox 1832 2090 1931 2122; x_wconf 87' lang='lat' dir='ltr'>verba</span> <span class='ocrx_word' id='word_1_699' title='bbox 1955 2090 2074 2123; x_wconf 78' lang='lat' dir='ltr'>faciens</span> <span class='ocrx_word' id='word_1_700' title='bbox 2095 2099 2169 2122; x_wconf 88' lang='lat' dir='ltr'>cum</span> <span class='ocrx_word' id='word_1_701' title='bbox 2185 2090 2285 2122; x_wconf 81' lang='lat' dir='ltr'>Maxi-</span> 
     </span>
     <span class='ocr_line' id='line_1_90' title="bbox 1236 2141 2284 2183; baseline 0.001 -10"><span class='ocrx_word' id='word_1_702' title='bbox 1236 2143 1340 2181; x_wconf 89' lang='lat' dir='ltr'>mino,</span> <span class='ocrx_word' id='word_1_703' title='bbox 1358 2142 1417 2174; x_wconf 91' lang='lat' dir='ltr'>sibi</span> <span class='ocrx_word' id='word_1_704' title='bbox 1433 2142 1564 2182; x_wconf 86' lang='lat' dir='ltr'>quidem</span> <span class='ocrx_word' id='word_1_705' title='bbox 1585 2143 1630 2174; x_wconf 88' lang='lat' dir='ltr'>ait</span> <span class='ocrx_word' id='word_1_706' title='bbox 1645 2142 1738 2173; x_wconf 89' lang='lat' dir='ltr'>illum</span> <span class='ocrx_word' id='word_1_707' title='bbox 1760 2142 1898 2182; x_wconf 90' lang='lat' dir='ltr'>probum</span> <span class='ocrx_word' id='word_1_708' title='bbox 1919 2143 1952 2174; x_wconf 90' lang='lat' dir='ltr'>et</span> <span class='ocrx_word' id='word_1_709' title='bbox 1967 2141 2155 2183; x_wconf 89' lang='lat' dir='ltr'>prudentem</span> <span class='ocrx_word' id='word_1_710' title='bbox 2170 2141 2284 2183; x_wconf 87' lang='lat' dir='ltr'>videri,</span> 
     </span>
     <span class='ocr_line' id='line_1_91' title="bbox 1235 2194 2286 2236; baseline 0.001 -10"><span class='ocrx_word' id='word_1_711' title='bbox 1235 2195 1291 2236; x_wconf 93' lang='lat' dir='ltr'>qui</span> <span class='ocrx_word' id='word_1_712' title='bbox 1304 2204 1366 2226; x_wconf 90' lang='lat' dir='ltr'>non</span> <span class='ocrx_word' id='word_1_713' title='bbox 1382 2196 1418 2227; x_wconf 90' lang='lat' dir='ltr'>ut</span> <span class='ocrx_word' id='word_1_714' title='bbox 1430 2195 1483 2227; x_wconf 87' lang='lat' dir='ltr'>alii</span> <span class='ocrx_word' id='word_1_715' title='bbox 1494 2195 1630 2226; x_wconf 80' lang='lat' dir='ltr'>ministri</span> <span class='ocrx_word' id='word_1_716' title='bbox 1640 2195 1713 2235; x_wconf 88' lang='lat' dir='ltr'>regii</span> <span class='ocrx_word' id='word_1_717' title='bbox 1724 2197 1894 2235; x_wconf 64' lang='lat' dir='ltr'>peccasset.</span> <span class='ocrx_word' id='word_1_718' title='bbox 1907 2194 2034 2227; x_wconf 90' lang='lat' dir='ltr'>Etenim</span> <span class='ocrx_word' id='word_1_719' title='bbox 2046 2195 2153 2235; x_wconf 87' lang='lat' dir='ltr'>spreto</span> <span class='ocrx_word' id='word_1_720' title='bbox 2161 2196 2286 2233; x_wconf 81' lang='lat' dir='ltr'>Oreste,</span> 
     </span>
     <span class='ocr_line' id='line_1_92' title="bbox 1237 2247 2286 2280; baseline 0 -1"><span class='ocrx_word' id='word_1_721' title='bbox 1237 2248 1415 2280; x_wconf 88' lang='lat' dir='ltr'>Edeconem</span> <span class='ocrx_word' id='word_1_722' title='bbox 1432 2248 1473 2280; x_wconf 85' lang='lat' dir='ltr'>ad</span> <span class='ocrx_word' id='word_1_723' title='bbox 1498 2257 1623 2280; x_wconf 74' lang='lat' dir='ltr'>caenam</span> <span class='ocrx_word' id='word_1_724' title='bbox 1641 2248 1856 2279; x_wconf 88' lang='lat' dir='ltr'>invitaverant</span> <span class='ocrx_word' id='word_1_725' title='bbox 1872 2248 1904 2279; x_wconf 89' lang='lat' dir='ltr'>et</span> <span class='ocrx_word' id='word_1_726' title='bbox 1921 2247 2014 2279; x_wconf 89' lang='lat' dir='ltr'>donis</span> <span class='ocrx_word' id='word_1_727' title='bbox 2029 2247 2205 2280; x_wconf 85' lang='lat' dir='ltr'>coluerant.</span> <span class='ocrx_word' id='word_1_728' title='bbox 2222 2249 2286 2280; x_wconf 81' lang='lat' dir='ltr'>Nos</span> 
     </span>
     <span class='ocr_line' id='line_1_93' title="bbox 1237 2299 2284 2341; baseline 0.001 -9"><span class='ocrx_word' id='word_1_729' title='bbox 1237 2303 1343 2332; x_wconf 86' lang='lat' dir='ltr'>autem</span> <span class='ocrx_word' id='word_1_730' title='bbox 1358 2301 1471 2333; x_wconf 88' lang='lat' dir='ltr'>harum</span> <span class='ocrx_word' id='word_1_731' title='bbox 1486 2301 1630 2332; x_wconf 90' lang='lat' dir='ltr'>omnium</span> <span class='ocrx_word' id='word_1_732' title='bbox 1643 2310 1749 2332; x_wconf 88' lang='lat' dir='ltr'>rerum</span> <span class='ocrx_word' id='word_1_733' title='bbox 1764 2301 1880 2340; x_wconf 84' lang='lat' dir='ltr'>ignari,</span> <span class='ocrx_word' id='word_1_734' title='bbox 1895 2309 1960 2341; x_wconf 90' lang='lat' dir='ltr'>quo</span> <span class='ocrx_word' id='word_1_735' title='bbox 1982 2299 2178 2340; x_wconf 85' lang='lat' dir='ltr'>pertinerent</span> <span class='ocrx_word' id='word_1_736' title='bbox 2203 2303 2284 2333; x_wconf 87' lang='lat' dir='ltr'>Ore-</span> 
     </span>
     <span class='ocr_line' id='line_1_94' title="bbox 1237 2351 2286 2393; baseline 0 -10"><span class='ocrx_word' id='word_1_737' title='bbox 1237 2353 1296 2384; x_wconf 87' lang='lat' dir='ltr'>stis</span> <span class='ocrx_word' id='word_1_738' title='bbox 1313 2353 1412 2384; x_wconf 84' lang='lat' dir='ltr'>verba</span> <span class='ocrx_word' id='word_1_739' title='bbox 1423 2376 1432 2391; x_wconf 90' lang='lat'>,</span> <span class='ocrx_word' id='word_1_740' title='bbox 1456 2362 1520 2384; x_wconf 88' lang='lat' dir='ltr'>non</span> <span class='ocrx_word' id='word_1_741' title='bbox 1539 2353 1615 2384; x_wconf 87' lang='lat' dir='ltr'>satis</span> <span class='ocrx_word' id='word_1_742' title='bbox 1639 2352 1860 2393; x_wconf 81' lang='lat' dir='ltr'>percipientes,</span> <span class='ocrx_word' id='word_1_743' title='bbox 1875 2360 1976 2392; x_wconf 89' lang='lat' dir='ltr'>quum</span> <span class='ocrx_word' id='word_1_744' title='bbox 1995 2360 2035 2383; x_wconf 88' lang='lat' dir='ltr'>ex</span> <span class='ocrx_word' id='word_1_745' title='bbox 2051 2359 2090 2383; x_wconf 90' lang='lat' dir='ltr'>eo</span> <span class='ocrx_word' id='word_1_746' title='bbox 2105 2351 2286 2383; x_wconf 85' lang='lat' dir='ltr'>sciscitare-</span> 
     </span>
     <span class='ocr_line' id='line_1_95' title="bbox 1238 2404 2287 2446; baseline 0.002 -10"><span class='ocrx_word' id='word_1_747' title='bbox 1238 2414 1322 2444; x_wconf 88' lang='lat' dir='ltr'>mur,</span> <span class='ocrx_word' id='word_1_748' title='bbox 1341 2405 1502 2446; x_wconf 87' lang='lat' dir='ltr'>quomodo</span> <span class='ocrx_word' id='word_1_749' title='bbox 1531 2407 1563 2437; x_wconf 87' lang='lat' dir='ltr'>et</span> <span class='ocrx_word' id='word_1_750' title='bbox 1587 2414 1652 2446; x_wconf 90' lang='lat' dir='ltr'>qua</span> <span class='ocrx_word' id='word_1_751' title='bbox 1680 2406 1711 2437; x_wconf 93' lang='lat' dir='ltr'>in</span> <span class='ocrx_word' id='word_1_752' title='bbox 1748 2414 1781 2437; x_wconf 90' lang='lat' dir='ltr'>re</span> <span class='ocrx_word' id='word_1_753' title='bbox 1805 2404 1969 2445; x_wconf 89' lang='lat' dir='ltr'>despectui</span> <span class='ocrx_word' id='word_1_754' title='bbox 1998 2407 2079 2436; x_wconf 88' lang='lat' dir='ltr'>esset</span> <span class='ocrx_word' id='word_1_755' title='bbox 2103 2404 2231 2438; x_wconf 84' lang='lat' dir='ltr'>habitus</span> <span class='ocrx_word' id='word_1_756' title='bbox 2253 2406 2287 2438; x_wconf 85' lang='lat' dir='ltr'>et</span> 
     </span>
     <span class='ocr_line' id='line_1_96' title="bbox 1238 2455 2286 2497; baseline 0.001 -10"><span class='ocrx_word' id='word_1_757' title='bbox 1238 2456 1367 2488; x_wconf 85' lang='lat' dir='ltr'>Edecon</span> <span class='ocrx_word' id='word_1_758' title='bbox 1391 2456 1512 2488; x_wconf 88' lang='lat' dir='ltr'>honore</span> <span class='ocrx_word' id='word_1_759' title='bbox 1535 2457 1689 2497; x_wconf 79' lang='lat' dir='ltr'>affectus,</span> <span class='ocrx_word' id='word_1_760' title='bbox 1709 2456 1787 2488; x_wconf 93' lang='lat' dir='ltr'>nihil</span> <span class='ocrx_word' id='word_1_761' title='bbox 1808 2455 1970 2497; x_wconf 84' lang='lat' dir='ltr'>respondit</span> <span class='ocrx_word' id='word_1_762' title='bbox 1988 2456 2020 2487; x_wconf 86' lang='lat' dir='ltr'>et</span> <span class='ocrx_word' id='word_1_763' title='bbox 2045 2455 2200 2488; x_wconf 54' lang='lat' dir='ltr'>discessit.</span> <span class='ocrx_word' id='word_1_764' title='bbox 2226 2457 2286 2488; x_wconf 85' lang='grc' dir='ltr'>Ρο-</span> 
     </span>
     <span class='ocr_line' id='line_1_97' title="bbox 1238 2506 2286 2549; baseline 0.001 -10"><span class='ocrx_word' id='word_1_765' title='bbox 1238 2508 1347 2540; x_wconf 88' lang='lat' dir='ltr'>stridie</span> <span class='ocrx_word' id='word_1_766' title='bbox 1357 2517 1458 2548; x_wconf 89' lang='lat' dir='ltr'>quum</span> <span class='ocrx_word' id='word_1_767' title='bbox 1472 2508 1532 2540; x_wconf 91' lang='lat' dir='ltr'>iter</span> <span class='ocrx_word' id='word_1_768' title='bbox 1546 2509 1722 2540; x_wconf 81' lang='lat' dir='ltr'>faceremus</span> <span class='ocrx_word' id='word_1_769' title='bbox 1733 2532 1743 2549; x_wconf 92' lang='lat'>‚</span> <span class='ocrx_word' id='word_1_770' title='bbox 1765 2508 1882 2548; x_wconf 83' lang='lat' dir='ltr'>Bigilae,</span> <span class='ocrx_word' id='word_1_771' title='bbox 1908 2516 1982 2549; x_wconf 84' lang='lat' dir='ltr'>quae</span> <span class='ocrx_word' id='word_1_772' title='bbox 1997 2508 2125 2539; x_wconf 86' lang='lat' dir='ltr'>Orestes</span> <span class='ocrx_word' id='word_1_773' title='bbox 2139 2506 2286 2548; x_wconf 83' lang='lat' dir='ltr'>dixerat,</span> 
     </span>
     <span class='ocr_line' id='line_1_98' title="bbox 1240 2560 2287 2601; baseline 0.001 -10"><span class='ocrx_word' id='word_1_774' title='bbox 1240 2561 1416 2592; x_wconf 87' lang='lat' dir='ltr'>retulimus.</span> <span class='ocrx_word' id='word_1_775' title='bbox 1434 2562 1492 2593; x_wconf 89' lang='lat' dir='ltr'>llle</span> <span class='ocrx_word' id='word_1_776' title='bbox 1517 2571 1594 2593; x_wconf 76' lang='lat' dir='ltr'>vero</span> <span class='ocrx_word' id='word_1_777' title='bbox 1611 2562 1655 2593; x_wconf 87' lang='lat' dir='ltr'>ait</span> <span class='ocrx_word' id='word_1_778' title='bbox 1672 2564 1816 2593; x_wconf 88' lang='lat' dir='ltr'>Orestem</span> <span class='ocrx_word' id='word_1_779' title='bbox 1833 2570 1896 2593; x_wconf 92' lang='lat' dir='ltr'>non</span> <span class='ocrx_word' id='word_1_780' title='bbox 1915 2561 2031 2592; x_wconf 88' lang='lat' dir='ltr'>debere</span> <span class='ocrx_word' id='word_1_781' title='bbox 2046 2560 2158 2601; x_wconf 90' lang='lat' dir='ltr'>iniquo</span> <span class='ocrx_word' id='word_1_782' title='bbox 2179 2561 2287 2593; x_wconf 85' lang='lat' dir='ltr'>animo</span> 
     </span>
     <span class='ocr_line' id='line_1_99' title="bbox 1240 2612 2286 2653; baseline 0.001 -10"><span class='ocrx_word' id='word_1_783' title='bbox 1240 2612 1341 2652; x_wconf 81' lang='lat' dir='ltr'>serre,</span> <span class='ocrx_word' id='word_1_784' title='bbox 1370 2612 1397 2643; x_wconf 94' lang='lat' dir='ltr'>si</span> <span class='ocrx_word' id='word_1_785' title='bbox 1426 2612 1538 2644; x_wconf 86' lang='lat' dir='ltr'>eadem</span> <span class='ocrx_word' id='word_1_786' title='bbox 1564 2622 1638 2653; x_wconf 83' lang='lat' dir='ltr'>quae</span> <span class='ocrx_word' id='word_1_787' title='bbox 1664 2613 1791 2644; x_wconf 84' lang='lat' dir='ltr'>Edecon</span> <span class='ocrx_word' id='word_1_788' title='bbox 1830 2613 1963 2644; x_wconf 88' lang='lat' dir='ltr'>minime</span> <span class='ocrx_word' id='word_1_789' title='bbox 1981 2613 2063 2644; x_wconf 88' lang='lat' dir='ltr'>esset</span> <span class='ocrx_word' id='word_1_790' title='bbox 2083 2614 2286 2646; x_wconf 78' lang='lat' dir='ltr'>consecutus.</span> 
     </span>
     <span class='ocr_line' id='line_1_100' title="bbox 1242 2665 2287 2706; baseline 0.001 -10"><span class='ocrx_word' id='word_1_791' title='bbox 1242 2667 1389 2696; x_wconf 79' lang='lat' dir='ltr'>Orestem</span> <span class='ocrx_word' id='word_1_792' title='bbox 1402 2665 1487 2696; x_wconf 88' lang='lat' dir='ltr'>enim</span> <span class='ocrx_word' id='word_1_793' title='bbox 1503 2666 1651 2697; x_wconf 88' lang='lat' dir='ltr'>comitem</span> <span class='ocrx_word' id='word_1_794' title='bbox 1669 2667 1701 2697; x_wconf 89' lang='lat' dir='ltr'>et</span> <span class='ocrx_word' id='word_1_795' title='bbox 1722 2666 1857 2697; x_wconf 88' lang='lat' dir='ltr'>scribam</span> <span class='ocrx_word' id='word_1_796' title='bbox 1872 2666 1979 2698; x_wconf 81' lang='lat' dir='ltr'>Attilae</span> <span class='ocrx_word' id='word_1_797' title='bbox 1991 2689 2000 2706; x_wconf 92' lang='lat'>,</span> <span class='ocrx_word' id='word_1_798' title='bbox 2017 2665 2196 2698; x_wconf 87' lang='lat' dir='ltr'>Edeconem</span> <span class='ocrx_word' id='word_1_799' title='bbox 2210 2673 2287 2698; x_wconf 84' lang='lat' dir='ltr'>vero</span> 
     </span>
     <span class='ocr_line' id='line_1_101' title="bbox 1241 2717 2288 2758; baseline 0.002 -10"><span class='ocrx_word' id='word_1_800' title='bbox 1241 2717 1324 2748; x_wconf 88' lang='lat' dir='ltr'>bello</span> <span class='ocrx_word' id='word_1_801' title='bbox 1350 2718 1582 2758; x_wconf 82' lang='lat' dir='ltr'>clarissimum,</span> <span class='ocrx_word' id='word_1_802' title='bbox 1604 2720 1640 2749; x_wconf 91' lang='lat' dir='ltr'>ut</span> <span class='ocrx_word' id='word_1_803' title='bbox 1654 2727 1671 2750; x_wconf 93' lang='lat' dir='ltr'>e</span> <span class='ocrx_word' id='word_1_804' title='bbox 1684 2720 1777 2758; x_wconf 88' lang='lat' dir='ltr'>gente</span> <span class='ocrx_word' id='word_1_805' title='bbox 1799 2720 2008 2758; x_wconf 90' lang='lat' dir='ltr'>Hunnorum,</span> <span class='ocrx_word' id='word_1_806' title='bbox 2022 2718 2115 2758; x_wconf 87' lang='lat' dir='ltr'>longe</span> <span class='ocrx_word' id='word_1_807' title='bbox 2129 2717 2220 2750; x_wconf 91' lang='lat' dir='ltr'>illum</span> <span class='ocrx_word' id='word_1_808' title='bbox 2236 2717 2288 2750; x_wconf 84' lang='lat' dir='ltr'>di-</span> 
     </span>
     <span class='ocr_line' id='line_1_102' title="bbox 1241 2769 2289 2809; baseline 0.003 -10"><span class='ocrx_word' id='word_1_809' title='bbox 1241 2770 1360 2808; x_wconf 77' lang='lat' dir='ltr'>gnitate</span> <span class='ocrx_word' id='word_1_810' title='bbox 1373 2769 1575 2801; x_wconf 85' lang='lat' dir='ltr'>antecellere.</span> <span class='ocrx_word' id='word_1_811' title='bbox 1595 2772 1674 2807; x_wconf 83' lang='lat' dir='ltr'>Quae</span> <span class='ocrx_word' id='word_1_812' title='bbox 1696 2778 1797 2809; x_wconf 86' lang='lat' dir='ltr'>quum</span> <span class='ocrx_word' id='word_1_813' title='bbox 1812 2770 2008 2809; x_wconf 87' lang='lat' dir='ltr'>loqueretur,</span> <span class='ocrx_word' id='word_1_814' title='bbox 2027 2770 2128 2809; x_wconf 88' lang='lat' dir='ltr'>patrio</span> <span class='ocrx_word' id='word_1_815' title='bbox 2143 2778 2289 2802; x_wconf 80' lang='lat' dir='ltr'>sermone</span> 
     </span>
     <span class='ocr_line' id='line_1_103' title="bbox 1242 2820 2288 2861; baseline 0.001 -9"><span class='ocrx_word' id='word_1_816' title='bbox 1242 2820 1423 2852; x_wconf 67' lang='lat' dir='ltr'>lideconem</span> <span class='ocrx_word' id='word_1_817' title='bbox 1437 2821 1571 2860; x_wconf 87' lang='lat' dir='ltr'>assatus,</span> <span class='ocrx_word' id='word_1_818' title='bbox 1594 2830 1659 2852; x_wconf 91' lang='lat' dir='ltr'>non</span> <span class='ocrx_word' id='word_1_819' title='bbox 1682 2821 1786 2852; x_wconf 91' lang='lat' dir='ltr'>multo</span> <span class='ocrx_word' id='word_1_820' title='bbox 1800 2822 1871 2861; x_wconf 87' lang='lat' dir='ltr'>post</span> <span class='ocrx_word' id='word_1_821' title='bbox 1893 2821 1985 2852; x_wconf 89' lang='lat' dir='ltr'>nobis</span> <span class='ocrx_word' id='word_1_822' title='bbox 1998 2821 2215 2860; x_wconf 74' lang='lat' dir='ltr'>confirmavit,</span> <span class='ocrx_word' id='word_1_823' title='bbox 2231 2829 2288 2853; x_wconf 87' lang='lat' dir='ltr'>sen</span> 
     </span>
     <span class='ocr_line' id='line_1_104' title="bbox 1242 2872 2289 2913; baseline 0 -9"><span class='ocrx_word' id='word_1_824' title='bbox 1242 2881 1318 2904; x_wconf 88' lang='lat' dir='ltr'>vera</span> <span class='ocrx_word' id='word_1_825' title='bbox 1341 2873 1515 2913; x_wconf 76' lang='lat' dir='ltr'>proterret,</span> <span class='ocrx_word' id='word_1_826' title='bbox 1542 2881 1598 2905; x_wconf 91' lang='lat' dir='ltr'>seu</span> <span class='ocrx_word' id='word_1_827' title='bbox 1617 2873 1748 2913; x_wconf 82' lang='lat' dir='ltr'>fingeret</span> <span class='ocrx_word' id='word_1_828' title='bbox 1761 2897 1770 2912; x_wconf 93' lang='lat'>,</span> <span class='ocrx_word' id='word_1_829' title='bbox 1787 2881 1820 2904; x_wconf 90' lang='lat' dir='ltr'>se</span> <span class='ocrx_word' id='word_1_830' title='bbox 1841 2872 1978 2904; x_wconf 84' lang='lat' dir='ltr'>Edeconi</span> <span class='ocrx_word' id='word_1_831' title='bbox 1997 2881 2035 2904; x_wconf 84' lang='lat' dir='ltr'>ea</span> <span class='ocrx_word' id='word_1_832' title='bbox 2049 2881 2123 2912; x_wconf 85' lang='lat' dir='ltr'>quae</span> <span class='ocrx_word' id='word_1_833' title='bbox 2140 2874 2228 2913; x_wconf 83' lang='lat' dir='ltr'>prius</span> <span class='ocrx_word' id='word_1_834' title='bbox 2243 2873 2289 2904; x_wconf 86' lang='lat' dir='ltr'>illi</span> 
     </span>
     <span class='ocr_line' id='line_1_105' title="bbox 1242 2923 2291 2964; baseline 0.001 -9"><span class='ocrx_word' id='word_1_835' title='bbox 1242 2924 1427 2956; x_wconf 84' lang='lat' dir='ltr'>dixeramus</span> <span class='ocrx_word' id='word_1_836' title='bbox 1455 2925 1657 2964; x_wconf 85' lang='lat' dir='ltr'>exposuisse,</span> <span class='ocrx_word' id='word_1_837' title='bbox 1676 2926 1709 2956; x_wconf 90' lang='lat' dir='ltr'>et</span> <span class='ocrx_word' id='word_1_838' title='bbox 1725 2933 1807 2964; x_wconf 81' lang='lat' dir='ltr'>aegre</span> <span class='ocrx_word' id='word_1_839' title='bbox 1832 2924 1912 2956; x_wconf 88' lang='lat' dir='ltr'>iram</span> <span class='ocrx_word' id='word_1_840' title='bbox 1927 2924 1996 2963; x_wconf 88' lang='lat' dir='ltr'>ejus</span> <span class='ocrx_word' id='word_1_841' title='bbox 2007 2924 2050 2956; x_wconf 94' lang='lat' dir='ltr'>ob</span> <span class='ocrx_word' id='word_1_842' title='bbox 2062 2923 2148 2955; x_wconf 81' lang='lat' dir='ltr'>dicta</span> <span class='ocrx_word' id='word_1_843' title='bbox 2169 2924 2291 2958; x_wconf 80' lang='lat' dir='ltr'>Orestis</span> 
     </span>
     <span class='ocr_line' id='line_1_106' title="bbox 1242 2975 2290 3016; baseline 0.002 -9"><span class='ocrx_word' id='word_1_844' title='bbox 1242 2976 1398 3008; x_wconf 83' lang='lat' dir='ltr'>lenivisse.</span> <span class='ocrx_word' id='word_1_845' title='bbox 1413 2976 1570 3007; x_wconf 88' lang='lat' dir='ltr'>Venimus</span> <span class='ocrx_word' id='word_1_846' title='bbox 1582 2976 1726 3008; x_wconf 87' lang='lat' dir='ltr'>Naissum</span> <span class='ocrx_word' id='word_1_847' title='bbox 1738 2999 1747 3014; x_wconf 93' lang='lat'><strong>‚</strong></span> <span class='ocrx_word' id='word_1_848' title='bbox 1761 2984 1834 3016; x_wconf 83' lang='lat' dir='ltr'>quae</span> <span class='ocrx_word' id='word_1_849' title='bbox 1849 2975 1890 3007; x_wconf 87' lang='lat' dir='ltr'>ab</span> <span class='ocrx_word' id='word_1_850' title='bbox 1903 2975 2048 3007; x_wconf 90' lang='lat' dir='ltr'>hostibus</span> <span class='ocrx_word' id='word_1_851' title='bbox 2063 2975 2167 3007; x_wconf 85' lang='lat' dir='ltr'>suerat</span> <span class='ocrx_word' id='word_1_852' title='bbox 2179 2985 2290 3009; x_wconf 77' lang='lat' dir='ltr'>eversa</span> 
     </span>
     <span class='ocr_line' id='line_1_107' title="bbox 1241 3027 2289 3069; baseline 0 -9"><span class='ocrx_word' id='word_1_853' title='bbox 1241 3029 1273 3060; x_wconf 89' lang='lat' dir='ltr'>et</span> <span class='ocrx_word' id='word_1_854' title='bbox 1283 3028 1350 3060; x_wconf 86' lang='lat' dir='ltr'>solo</span> <span class='ocrx_word' id='word_1_855' title='bbox 1360 3029 1505 3068; x_wconf 79' lang='lat' dir='ltr'>aequata:</span> <span class='ocrx_word' id='word_1_856' title='bbox 1519 3029 1626 3069; x_wconf 87' lang='lat' dir='ltr'>itaque</span> <span class='ocrx_word' id='word_1_857' title='bbox 1640 3037 1709 3060; x_wconf 90' lang='lat' dir='ltr'>eam</span> <span class='ocrx_word' id='word_1_858' title='bbox 1723 3028 1881 3060; x_wconf 88' lang='lat' dir='ltr'>desertam</span> <span class='ocrx_word' id='word_1_859' title='bbox 1895 3027 2077 3059; x_wconf 90' lang='lat' dir='ltr'>hominibus</span> <span class='ocrx_word' id='word_1_860' title='bbox 2085 3027 2289 3066; x_wconf 81' lang='lat' dir='ltr'>offendimus,</span> 
     </span>
     <span class='ocr_line' id='line_1_108' title="bbox 1241 3078 2289 3120; baseline 0 -10"><span class='ocrx_word' id='word_1_861' title='bbox 1241 3081 1455 3120; x_wconf 78' lang='lat' dir='ltr'>praeterquam</span> <span class='ocrx_word' id='word_1_862' title='bbox 1472 3079 1559 3119; x_wconf 90' lang='lat' dir='ltr'>quod</span> <span class='ocrx_word' id='word_1_863' title='bbox 1570 3080 1602 3110; x_wconf 91' lang='lat' dir='ltr'>in</span> <span class='ocrx_word' id='word_1_864' title='bbox 1619 3079 1786 3111; x_wconf 90' lang='lat' dir='ltr'>ruderibus</span> <span class='ocrx_word' id='word_1_865' title='bbox 1796 3087 1959 3110; x_wconf 86' lang='lat' dir='ltr'>sacrarum</span> <span class='ocrx_word' id='word_1_866' title='bbox 1975 3078 2093 3110; x_wconf 65' lang='lat' dir='ltr'>aedium</span> <span class='ocrx_word' id='word_1_867' title='bbox 2113 3080 2203 3110; x_wconf 85' lang='lat' dir='ltr'>erant</span> <span class='ocrx_word' id='word_1_868' title='bbox 2214 3079 2289 3119; x_wconf 80' lang='lat' dir='ltr'>qui-</span> 
     </span>
     <span class='ocr_line' id='line_1_109' title="bbox 1242 3130 2290 3172; baseline -0.001 -8"><span class='ocrx_word' id='word_1_869' title='bbox 1242 3132 1316 3164; x_wconf 86' lang='lat' dir='ltr'>dam</span> <span class='ocrx_word' id='word_1_870' title='bbox 1332 3133 1454 3172; x_wconf 81' lang='lat' dir='ltr'>aegroti.</span> <span class='ocrx_word' id='word_1_871' title='bbox 1476 3132 1573 3164; x_wconf 89' lang='lat' dir='ltr'>Paulo</span> <span class='ocrx_word' id='word_1_872' title='bbox 1594 3132 1717 3172; x_wconf 83' lang='lat' dir='ltr'>longius</span> <span class='ocrx_word' id='word_1_873' title='bbox 1738 3140 1755 3163; x_wconf 90' lang='lat' dir='ltr'>a</span> <span class='ocrx_word' id='word_1_874' title='bbox 1775 3131 1907 3163; x_wconf 86' lang='lat' dir='ltr'>flumine</span> <span class='ocrx_word' id='word_1_875' title='bbox 1923 3130 1964 3162; x_wconf 91' lang='lat' dir='ltr'>ad</span> <span class='ocrx_word' id='word_1_876' title='bbox 1980 3139 2083 3162; x_wconf 85' lang='lat' dir='ltr'>vacua</span> <span class='ocrx_word' id='word_1_877' title='bbox 2098 3130 2167 3162; x_wconf 85' lang='lat' dir='ltr'>loca</span> <span class='ocrx_word' id='word_1_878' title='bbox 2183 3131 2290 3163; x_wconf 87' lang='lat' dir='ltr'>diver-</span> 
     </span>
     <span class='ocr_line' id='line_1_110' title="bbox 1242 3182 2290 3223; baseline -0.001 -6"><span class='ocrx_word' id='word_1_879' title='bbox 1242 3186 1347 3217; x_wconf 88' lang='lat' dir='ltr'>tentes</span> <span class='ocrx_word' id='word_1_880' title='bbox 1364 3183 1492 3223; x_wconf 90' lang='lat' dir='ltr'>(omnia</span> <span class='ocrx_word' id='word_1_881' title='bbox 1505 3184 1589 3215; x_wconf 88' lang='lat' dir='ltr'>enim</span> <span class='ocrx_word' id='word_1_882' title='bbox 1606 3184 1690 3215; x_wconf 82' lang='lat' dir='ltr'>cirea</span> <span class='ocrx_word' id='word_1_883' title='bbox 1710 3184 1810 3223; x_wconf 88' lang='lat' dir='ltr'>ripam</span> <span class='ocrx_word' id='word_1_884' title='bbox 1828 3184 1918 3214; x_wconf 88' lang='lat' dir='ltr'>erant</span> <span class='ocrx_word' id='word_1_885' title='bbox 1931 3182 2023 3223; x_wconf 86' lang='lat' dir='ltr'>plena</span> <span class='ocrx_word' id='word_1_886' title='bbox 2039 3182 2163 3214; x_wconf 90' lang='lat' dir='ltr'>ossibus</span> <span class='ocrx_word' id='word_1_887' title='bbox 2177 3191 2290 3216; x_wconf 84' lang='lat' dir='ltr'>eorum</span> 
     </span>
     <span class='ocr_line' id='line_1_111' title="bbox 1242 3234 2290 3277; baseline 0 -10"><span class='ocrx_word' id='word_1_888' title='bbox 1242 3236 1297 3277; x_wconf 88' lang='lat' dir='ltr'>qui</span> <span class='ocrx_word' id='word_1_889' title='bbox 1312 3235 1397 3267; x_wconf 91' lang='lat' dir='ltr'>bello</span> <span class='ocrx_word' id='word_1_890' title='bbox 1421 3235 1647 3275; x_wconf 86' lang='lat' dir='ltr'>ceciderant),</span> <span class='ocrx_word' id='word_1_891' title='bbox 1664 3234 1815 3276; x_wconf 83' lang='lat' dir='ltr'>postridie</span> <span class='ocrx_word' id='word_1_892' title='bbox 1836 3234 1877 3266; x_wconf 86' lang='lat' dir='ltr'>ad</span> <span class='ocrx_word' id='word_1_893' title='bbox 1898 3234 2108 3274; x_wconf 83' lang='lat' dir='ltr'>Agintlieum,</span> <span class='ocrx_word' id='word_1_894' title='bbox 2126 3235 2290 3275; x_wconf 84' lang='lat' dir='ltr'>copiarum</span> 
     </span>
     <span class='ocr_line' id='line_1_112' title="bbox 1243 3284 2287 3327; baseline -0.002 -8"><span class='ocrx_word' id='word_1_895' title='bbox 1243 3287 1276 3319; x_wconf 89' lang='lat' dir='ltr'>in</span> <span class='ocrx_word' id='word_1_896' title='bbox 1299 3287 1424 3327; x_wconf 87' lang='lat' dir='ltr'>Illyrico</span> <span class='ocrx_word' id='word_1_897' title='bbox 1449 3286 1581 3325; x_wconf 86' lang='lat' dir='ltr'>ducem,</span> <span class='ocrx_word' id='word_1_898' title='bbox 1605 3286 1741 3326; x_wconf 87' lang='lat' dir='ltr'>quinon</span> <span class='ocrx_word' id='word_1_899' title='bbox 1758 3285 1850 3326; x_wconf 89' lang='lat' dir='ltr'>longe</span> <span class='ocrx_word' id='word_1_900' title='bbox 1865 3293 1884 3316; x_wconf 88' lang='lat' dir='ltr'>a</span> <span class='ocrx_word' id='word_1_901' title='bbox 1906 3285 2016 3318; x_wconf 84' lang='lat' dir='ltr'>Naisso</span> <span class='ocrx_word' id='word_1_902' title='bbox 2032 3284 2213 3323; x_wconf 88' lang='lat' dir='ltr'>habitabat,</span> <span class='ocrx_word' id='word_1_903' title='bbox 2236 3293 2287 3317; x_wconf 86' lang='lat' dir='ltr'>ac·</span> 
     </span>
     <span class='ocr_line' id='line_1_113' title="bbox 1243 3338 2290 3379; baseline -0.001 -8"><span class='ocrx_word' id='word_1_904' title='bbox 1243 3340 1413 3379; x_wconf 79' lang='lat' dir='ltr'>cessimuS,</span> <span class='ocrx_word' id='word_1_905' title='bbox 1427 3341 1474 3378; x_wconf 88' lang='lat' dir='ltr'>ut,</span> <span class='ocrx_word' id='word_1_906' title='bbox 1486 3338 1609 3371; x_wconf 88' lang='lat' dir='ltr'>traditis</span> <span class='ocrx_word' id='word_1_907' title='bbox 1622 3339 1820 3379; x_wconf 88' lang='lat' dir='ltr'>imperatoris</span> <span class='ocrx_word' id='word_1_908' title='bbox 1833 3338 2007 3377; x_wconf 85' lang='lat' dir='ltr'>mandatis,</span> <span class='ocrx_word' id='word_1_909' title='bbox 2021 3338 2233 3378; x_wconf 79' lang='lat' dir='ltr'>reciperemus</span> <span class='ocrx_word' id='word_1_910' title='bbox 2248 3338 2290 3370; x_wconf 85' lang='lat' dir='ltr'>ab</span> 
     </span>
     <span class='ocr_line' id='line_1_114' title="bbox 1245 3391 2290 3434; baseline -0.003 -8"><span class='ocrx_word' id='word_1_911' title='bbox 1245 3402 1283 3426; x_wconf 91' lang='lat' dir='ltr'>eo</span> <span class='ocrx_word' id='word_1_912' title='bbox 1305 3392 1447 3434; x_wconf 88' lang='lat' dir='ltr'>quinque</span> <span class='ocrx_word' id='word_1_913' title='bbox 1470 3393 1665 3434; x_wconf 80' lang='lat' dir='ltr'>transfugas,</span> <span class='ocrx_word' id='word_1_914' title='bbox 1697 3392 1751 3432; x_wconf 88' lang='lat' dir='ltr'>qui</span> <span class='ocrx_word' id='word_1_915' title='bbox 1781 3391 2007 3433; x_wconf 86' lang='lat' dir='ltr'>septemdecim</span> <span class='ocrx_word' id='word_1_916' title='bbox 2035 3399 2224 3431; x_wconf 86' lang='lat' dir='ltr'>numerum,</span> <span class='ocrx_word' id='word_1_917' title='bbox 2248 3391 2290 3423; x_wconf 87' lang='lat' dir='ltr'>de</span> 
     </span>
    </p>
   </div>
  </div>
 </body>
</html>
