<?xml version="1.0" encoding="UTF-8"?>
<!DOCTYPE html PUBLIC "-//W3C//DTD XHTML 1.0 Transitional//EN"
    "http://www.w3.org/TR/xhtml1/DTD/xhtml1-transitional.dtd">
<html xmlns="http://www.w3.org/1999/xhtml" xml:lang="en" lang="en">
 <head>
  <title>
</title>
<meta http-equiv="Content-Type" content="text/html;charset=utf-8" />
  <meta name='ocr-system' content='tesseract 3.04.00' />
  <meta name='ocr-capabilities' content='ocr_page ocr_carea ocr_par ocr_line ocrx_word'/>
</head>
<body>
  <div class='ocr_page' id='page_1' title='image "./fragmentahistori04mueluoft/fragmentahistori04mueluoft_0167.png"; bbox 0 0 2326 3724; ppageno 0'>
   <div class='ocr_carea' id='block_1_1' title="bbox 78 192 2218 263">
    <p class='ocr_par' dir='ltr' id='par_1_1' title="bbox 78 192 2218 263">
     <span class='ocr_line' id='line_1_1' title="bbox 78 192 2218 263; baseline -0.003 -11"><span class='ocrx_word' id='word_1_1' title='bbox 78 237 126 263; x_wconf 59' lang='grc'>,«</span> <span class='ocrx_word' id='word_1_2' title='bbox 196 207 243 214; x_wconf 91' lang='grc'>··</span> <span class='ocrx_word' id='word_1_3' title='bbox 327 230 330 232; x_wconf 57' lang='lat'>&gt;</span> <span class='ocrx_word' id='word_1_4' title='bbox 401 224 455 231; x_wconf 93' lang='lat'>·-</span> <span class='ocrx_word' id='word_1_5' title='bbox 962 192 1311 250; x_wconf 55' lang='lat' dir='ltr'><strong>FRAGMENTA.</strong></span> <span class='ocrx_word' id='word_1_6' title='bbox 2150 213 2218 246; x_wconf 83' lang='lat'>155</span> 
     </span>
    </p>
   </div>
   <div class='ocr_carea' id='block_1_2' title="bbox 123 316 2222 441">
    <p class='ocr_par' dir='ltr' id='par_1_2' title="bbox 123 316 2222 441">
     <span class='ocr_line' id='line_1_2' title="bbox 569 316 1713 352; baseline -0.004 0"><span class='ocrx_word' id='word_1_7' title='bbox 569 316 607 352; x_wconf 90' lang='grc'>6.</span> <span class='ocrx_word' id='word_1_8' title='bbox 1678 316 1713 348; x_wconf 87' lang='grc'>6.</span> 
     </span>
     <span class='ocr_line' id='line_1_3' title="bbox 123 385 2222 441; baseline -0.004 -9"><span class='ocrx_word' id='word_1_9' title='bbox 123 389 253 429; x_wconf 77' lang='grc' dir='ltr'>Ἰστέον</span> <span class='ocrx_word' id='word_1_10' title='bbox 270 389 304 427; x_wconf 71' lang='grc' dir='ltr'>δὲ</span> <span class='ocrx_word' id='word_1_11' title='bbox 321 388 374 428; x_wconf 64' lang='grc' dir='ltr'>ὅτι</span> <span class='ocrx_word' id='word_1_12' title='bbox 391 391 409 427; x_wconf 78' lang='grc' dir='ltr'><strong>ὅ</strong></span> <span class='ocrx_word' id='word_1_13' title='bbox 430 387 662 441; x_wconf 73' lang='grc' dir='ltr'>Ἰλλούστρῑος</span> <span class='ocrx_word' id='word_1_14' title='bbox 681 387 877 439; x_wconf 75' lang='grc' dir='ltr'>Ἥσύχῐοςὸ</span> <span class='ocrx_word' id='word_1_15' title='bbox 894 385 1112 439; x_wconf 75' lang='grc' dir='ltr'>Φιλοσοφίας</span> <span class='ocrx_word' id='word_1_16' title='bbox 1216 393 1399 427; x_wconf 83' lang='lat' dir='ltr'>Notandum</span> <span class='ocrx_word' id='word_1_17' title='bbox 1421 393 1469 425; x_wconf 80' lang='lat' dir='ltr'>est</span> <span class='ocrx_word' id='word_1_18' title='bbox 1483 392 1569 433; x_wconf 87' lang='lat' dir='ltr'>quod</span> <span class='ocrx_word' id='word_1_19' title='bbox 1592 393 1786 433; x_wconf 80' lang='lat' dir='ltr'>Hesychius,</span> <span class='ocrx_word' id='word_1_20' title='bbox 1814 392 2026 441; x_wconf 86' lang='lat' dir='ltr'>Philosophiae</span> <span class='ocrx_word' id='word_1_21' title='bbox 2042 393 2171 424; x_wconf 75' lang='lat' dir='ltr'>Milesiae</span> <span class='ocrx_word' id='word_1_22' title='bbox 2186 393 2222 431; x_wconf 56' lang='grc' dir='ltr'>ἢ,</span> 
     </span>
    </p>
   </div>
   <div class='ocr_carea' id='block_1_3' title="bbox 70 444 2224 560">
    <p class='ocr_par' dir='ltr' id='par_1_3' title="bbox 70 444 2224 560">
     <span class='ocr_line' id='line_1_4' title="bbox 70 444 2224 503; baseline -0.003 -2"><span class='ocrx_word' id='word_1_23' title='bbox 70 447 326 501; x_wconf 63' lang='grc' dir='ltr'>(φιλοσοφήσας</span> <span class='ocrx_word' id='word_1_24' title='bbox 340 461 415 498; x_wconf 69' lang='lat' dir='ltr'>vgo</span> <span class='ocrx_word' id='word_1_25' title='bbox 427 447 438 499; x_wconf 79' lang='grc'>)</span> <span class='ocrx_word' id='word_1_26' title='bbox 451 448 629 494; x_wconf 63' lang='grc' dir='ltr'>Μιλησίας</span> <span class='ocrx_word' id='word_1_27' title='bbox 640 449 674 486; x_wconf 67' lang='grc' dir='ltr'>ἓν</span> <span class='ocrx_word' id='word_1_28' title='bbox 687 449 736 499; x_wconf 63' lang='grc' dir='ltr'>τῷ</span> <span class='ocrx_word' id='word_1_29' title='bbox 748 447 781 490; x_wconf 44' lang='lat'>“2&#39;&#39;</span> <span class='ocrx_word' id='word_1_30' title='bbox 797 447 956 498; x_wconf 67' lang='grc' dir='ltr'>Χρονῑχῷ</span> <span class='ocrx_word' id='word_1_31' title='bbox 968 444 1110 491; x_wconf 60' lang='grc' dir='ltr'>διαστή·</span> <span class='ocrx_word' id='word_1_32' title='bbox 1173 464 1206 495; x_wconf 92' lang='lat' dir='ltr'>in</span> <span class='ocrx_word' id='word_1_33' title='bbox 1221 466 1312 495; x_wconf 83' lang='lat' dir='ltr'>sexto</span> <span class='ocrx_word' id='word_1_34' title='bbox 1326 463 1495 495; x_wconf 77' lang='lat' dir='ltr'>chronicae</span> <span class='ocrx_word' id='word_1_35' title='bbox 1510 471 1578 494; x_wconf 85' lang='lat' dir='ltr'>suae</span> <span class='ocrx_word' id='word_1_36' title='bbox 1590 462 1732 494; x_wconf 77' lang='lat' dir='ltr'>historiae</span> <span class='ocrx_word' id='word_1_37' title='bbox 1745 462 1827 494; x_wconf 92' lang='lat' dir='ltr'>libro</span> <span class='ocrx_word' id='word_1_38' title='bbox 1839 463 1969 494; x_wconf 85' lang='lat' dir='ltr'>narrat:</span> <span class='ocrx_word' id='word_1_39' title='bbox 1991 476 2005 490; x_wconf 90' lang='lat'>«</span> <span class='ocrx_word' id='word_1_40' title='bbox 2020 463 2148 494; x_wconf 85' lang='lat' dir='ltr'><strong>Fundos</strong></span> <span class='ocrx_word' id='word_1_41' title='bbox 2162 471 2224 503; x_wconf 90' lang='lat' dir='ltr'>pu-</span> 
     </span>
     <span class='ocr_line' id='line_1_5' title="bbox 71 503 1111 560; baseline -0.005 -14"><span class='ocrx_word' id='word_1_42' title='bbox 71 523 157 557; x_wconf 86' lang='grc' dir='ltr'>ματι</span> <span class='ocrx_word' id='word_1_43' title='bbox 179 510 241 553; x_wconf 76' lang='grc' dir='ltr'>τῆς</span> <span class='ocrx_word' id='word_1_44' title='bbox 269 510 390 545; x_wconf 80' lang='grc' dir='ltr'>ἑαυτοῦ</span> <span class='ocrx_word' id='word_1_45' title='bbox 415 506 568 559; x_wconf 80' lang='grc' dir='ltr'>ἱστορίας</span> <span class='ocrx_word' id='word_1_46' title='bbox 595 506 699 560; x_wconf 79' lang='grc' dir='ltr'>φησὶν</span> <span class='ocrx_word' id='word_1_47' title='bbox 722 505 829 548; x_wconf 77' lang='grc' dir='ltr'>οὕτως</span> <span class='ocrx_word' id='word_1_48' title='bbox 839 521 847 529; x_wconf 85' lang='grc'><em>·</em></span> <span class='ocrx_word' id='word_1_49' title='bbox 879 522 895 539; x_wconf 80' lang='grc' dir='ltr'>α</span> <span class='ocrx_word' id='word_1_50' title='bbox 924 503 1111 554; x_wconf 82' lang='grc' dir='ltr'>Δημοσίων</span> 
     </span>
    </p>
   </div>
   <div class='ocr_carea' id='block_1_4' title="bbox 65 560 2228 1144">
    <p class='ocr_par' dir='ltr' id='par_1_4' title="bbox 65 560 2228 968">
     <span class='ocr_line' id='line_1_6' title="bbox 67 560 1112 618; baseline -0.005 -14"><span class='ocrx_word' id='word_1_51' title='bbox 67 565 207 618; x_wconf 81' lang='grc' dir='ltr'>χωρίων</span> <span class='ocrx_word' id='word_1_52' title='bbox 238 565 386 604; x_wconf 81' lang='grc' dir='ltr'>ἀπέδοτο</span> <span class='ocrx_word' id='word_1_53' title='bbox 414 564 514 617; x_wconf 81' lang='grc' dir='ltr'>ἐγγὺς</span> <span class='ocrx_word' id='word_1_54' title='bbox 547 565 687 603; x_wconf 83' lang='grc' dir='ltr'>ἅπαντα</span> <span class='ocrx_word' id='word_1_55' title='bbox 722 563 865 610; x_wconf 80' lang='grc' dir='ltr'>Οὐάλης</span> <span class='ocrx_word' id='word_1_56' title='bbox 896 565 914 601; x_wconf 86' lang='grc' dir='ltr'>ὁ</span> <span class='ocrx_word' id='word_1_57' title='bbox 951 560 1112 615; x_wconf 73' lang='grc' dir='ltr'>βασιλεὺς</span> 
     </span>
     <span class='ocr_line' id='line_1_7' title="bbox 68 619 1109 677; baseline -0.002 -15"><span class='ocrx_word' id='word_1_58' title='bbox 68 624 198 671; x_wconf 81' lang='grc' dir='ltr'>δεηθεὶς</span> <span class='ocrx_word' id='word_1_59' title='bbox 227 623 420 676; x_wconf 82' lang='grc' dir='ltr'>χρημάτων</span> <span class='ocrx_word' id='word_1_60' title='bbox 452 626 634 677; x_wconf 81' lang='grc' dir='ltr'>ὑπερφυῶς</span> <span class='ocrx_word' id='word_1_61' title='bbox 670 626 739 662; x_wconf 81' lang='grc' dir='ltr'>τῶν</span> <span class='ocrx_word' id='word_1_62' title='bbox 770 621 957 676; x_wconf 71' lang='grc' dir='ltr'>βαρὸάρων</span> <span class='ocrx_word' id='word_1_63' title='bbox 993 619 1109 660; x_wconf 79' lang='grc' dir='ltr'>ἕνεκα.</span> 
     </span>
     <span class='ocr_line' id='line_1_8' title="bbox 65 670 2228 733; baseline -0.002 -25"><span class='ocrx_word' id='word_1_64' title='bbox 65 681 191 727; x_wconf 54' lang='grc' dir='ltr'>*Όῶ-οις</span> <span class='ocrx_word' id='word_1_65' title='bbox 204 683 245 720; x_wconf 72' lang='grc' dir='ltr'>ἂν</span> <span class='ocrx_word' id='word_1_66' title='bbox 264 685 306 732; x_wconf 51' lang='grc'>(1,</span> <span class='ocrx_word' id='word_1_67' title='bbox 327 678 403 733; x_wconf 63' lang='grc' dir='ltr'>οὖν)</span> <span class='ocrx_word' id='word_1_68' title='bbox 423 677 465 730; x_wconf 68' lang='grc' dir='ltr'>ἦν</span> <span class='ocrx_word' id='word_1_69' title='bbox 480 682 623 721; x_wconf 65' lang='grc' dir='ltr'>δυνατὸν</span> <span class='ocrx_word' id='word_1_70' title='bbox 638 682 812 729; x_wconf 61' lang='grc' dir='ltr'>ὠνεῖσθαι,</span> <span class='ocrx_word' id='word_1_71' title='bbox 829 680 1025 731; x_wconf 58' lang='grc' dir='ltr'>τιμήματος</span> <span class='ocrx_word' id='word_1_72' title='bbox 1043 680 1111 717; x_wconf 66' lang='grc' dir='ltr'>ὀλι-</span> <span class='ocrx_word' id='word_1_73' title='bbox 1173 674 1251 704; x_wconf 90' lang='lat' dir='ltr'>tunc</span> <span class='ocrx_word' id='word_1_74' title='bbox 1264 672 1389 704; x_wconf 86' lang='lat' dir='ltr'>emendi</span> <span class='ocrx_word' id='word_1_75' title='bbox 1407 672 1542 704; x_wconf 77' lang='lat' dir='ltr'>facultas</span> <span class='ocrx_word' id='word_1_76' title='bbox 1558 674 1637 711; x_wconf 84' lang='lat' dir='ltr'>erat,</span> <span class='ocrx_word' id='word_1_77' title='bbox 1652 671 1672 703; x_wconf 91' lang='lat' dir='ltr'>ii</span> <span class='ocrx_word' id='word_1_78' title='bbox 1688 671 1789 711; x_wconf 84' lang='lat' dir='ltr'>pretio</span> <span class='ocrx_word' id='word_1_79' title='bbox 1808 670 1943 702; x_wconf 88' lang='lat' dir='ltr'>minimo</span> <span class='ocrx_word' id='word_1_80' title='bbox 1956 671 1988 702; x_wconf 92' lang='lat' dir='ltr'>in</span> <span class='ocrx_word' id='word_1_81' title='bbox 2001 672 2228 711; x_wconf 84' lang='lat' dir='ltr'>possessionem</span> 
     </span>
     <span class='ocr_line' id='line_1_9' title="bbox 67 737 1112 794; baseline -0.004 -15"><span class='ocrx_word' id='word_1_82' title='bbox 67 745 191 791; x_wconf 81' lang='grc' dir='ltr'>γοστοῦ</span> <span class='ocrx_word' id='word_1_83' title='bbox 211 739 322 794; x_wconf 83' lang='grc' dir='ltr'>κύριοι</span> <span class='ocrx_word' id='word_1_84' title='bbox 349 739 480 779; x_wconf 85' lang='grc' dir='ltr'>τούτων</span> <span class='ocrx_word' id='word_1_85' title='bbox 512 739 749 790; x_wconf 80' lang='grc' dir='ltr'><strong>κατέστησαν,</strong></span> <span class='ocrx_word' id='word_1_86' title='bbox 782 737 1112 781; x_wconf 87' lang='grc' dir='ltr'>καταλαπτόσαντες</span> 
     </span>
     <span class='ocr_line' id='line_1_10' title="bbox 69 795 1113 850; baseline -0.004 -13"><span class='ocrx_word' id='word_1_87' title='bbox 69 802 114 850; x_wconf 90' lang='grc' dir='ltr'>(Ι.</span> <span class='ocrx_word' id='word_1_88' title='bbox 127 798 470 850; x_wconf 81' lang='grc' dir='ltr'>καταλεπτώσαντες)</span> <span class='ocrx_word' id='word_1_89' title='bbox 487 799 549 846; x_wconf 86' lang='grc' dir='ltr'>τὴν</span> <span class='ocrx_word' id='word_1_90' title='bbox 562 800 674 847; x_wconf 74' lang='grc' dir='ltr'>ἀληθῆ</span> <span class='ocrx_word' id='word_1_91' title='bbox 687 799 800 836; x_wconf 78' lang='grc' dir='ltr'>αὐτῶν</span> <span class='ocrx_word' id='word_1_92' title='bbox 812 797 980 850; x_wconf 87' lang='grc' dir='ltr'>πρόσοδον</span> <span class='ocrx_word' id='word_1_93' title='bbox 994 795 1113 849; x_wconf 80' lang='grc' dir='ltr'>χάριτι</span> 
     </span>
     <span class='ocr_line' id='line_1_11' title="bbox 66 853 1114 931; baseline -0.004 -35"><span class='ocrx_word' id='word_1_94' title='bbox 66 856 127 896; x_wconf 79' lang='grc' dir='ltr'>καὶ</span> <span class='ocrx_word' id='word_1_95' title='bbox 153 858 321 911; x_wconf 79' lang='grc' dir='ltr'>προσοδία</span> <span class='ocrx_word' id='word_1_96' title='bbox 350 859 360 910; x_wconf 92' lang='grc'>(</span> <span class='ocrx_word' id='word_1_97' title='bbox 371 860 395 896; x_wconf 91' lang='lat' dir='ltr'>l.</span> <span class='ocrx_word' id='word_1_98' title='bbox 425 854 628 931; x_wconf 59' lang='grc' dir='ltr'>προδοσίᾳ)’</span> <span class='ocrx_word' id='word_1_99' title='bbox 641 858 710 894; x_wconf 83' lang='grc' dir='ltr'>τῶν</span> <span class='ocrx_word' id='word_1_100' title='bbox 744 855 1047 908; x_wconf 82' lang='grc' dir='ltr'>διαχειριζομένων</span> <span class='ocrx_word' id='word_1_101' title='bbox 1070 853 1114 892; x_wconf 83' lang='grc' dir='ltr'>τὰ</span> 
     </span>
     <span class='ocr_line' id='line_1_12' title="bbox 67 914 1114 968; baseline -0.002 -14"><span class='ocrx_word' id='word_1_102' title='bbox 67 917 233 967; x_wconf 84' lang='grc' dir='ltr'>δημόσια.</span> <span class='ocrx_word' id='word_1_103' title='bbox 293 916 364 956; x_wconf 80' lang='grc' dir='ltr'>Καὶ</span> <span class='ocrx_word' id='word_1_104' title='bbox 384 919 414 956; x_wconf 80' lang='grc' dir='ltr'>οἱ</span> <span class='ocrx_word' id='word_1_105' title='bbox 430 916 491 967; x_wconf 83' lang='grc' dir='ltr'>μὲν</span> <span class='ocrx_word' id='word_1_106' title='bbox 509 917 641 959; x_wconf 84' lang='grc' dir='ltr'>οὐδενὸς</span> <span class='ocrx_word' id='word_1_107' title='bbox 657 915 820 960; x_wconf 76' lang='grc' dir='ltr'>καθάπαξ</span> <span class='ocrx_word' id='word_1_108' title='bbox 838 914 956 968; x_wconf 81' lang='grc' dir='ltr'>φόρου</span> <span class='ocrx_word' id='word_1_109' title='bbox 964 914 1114 961; x_wconf 69' lang='grc' dir='ltr'>ἐπιὸλη-</span> 
     </span>
    </p>

    <p class='ocr_par' dir='ltr' id='par_1_5' title="bbox 67 974 1115 1144">
     <span class='ocr_line' id='line_1_13' title="bbox 67 974 1114 1029; baseline -0.003 -15"><span class='ocrx_word' id='word_1_110' title='bbox 67 975 180 1020; x_wconf 84' lang='grc' dir='ltr'>θέντος</span> <span class='ocrx_word' id='word_1_111' title='bbox 190 978 293 1015; x_wconf 81' lang='grc' dir='ltr'>αὐτοῦ</span> <span class='ocrx_word' id='word_1_112' title='bbox 309 977 352 1029; x_wconf 87' lang='grc'>(1.</span> <span class='ocrx_word' id='word_1_113' title='bbox 372 976 528 1027; x_wconf 78' lang='grc' dir='ltr'>αὐτοῖς),</span> <span class='ocrx_word' id='word_1_114' title='bbox 544 976 651 1028; x_wconf 83' lang='grc' dir='ltr'>ὀλίγῳ</span> <span class='ocrx_word' id='word_1_115' title='bbox 665 974 731 1013; x_wconf 64' lang='grc' dir='ltr'>τινὶ</span> <span class='ocrx_word' id='word_1_116' title='bbox 746 974 900 1018; x_wconf 86' lang='grc' dir='ltr'>πλείονος</span> <span class='ocrx_word' id='word_1_117' title='bbox 916 989 1114 1025; x_wconf 87' lang='grc' dir='ltr'>τιμηματος</span> 
     </span>
     <span class='ocr_line' id='line_1_14' title="bbox 68 1027 1114 1088; baseline -0.004 -15"><span class='ocrx_word' id='word_1_118' title='bbox 68 1038 180 1073; x_wconf 77' lang='grc' dir='ltr'>ταῦτα</span> <span class='ocrx_word' id='word_1_119' title='bbox 201 1034 388 1088; x_wconf 72' lang='grc' dir='ltr'>ἐπρίαντο,</span> <span class='ocrx_word' id='word_1_120' title='bbox 413 1034 498 1087; x_wconf 82' lang='grc' dir='ltr'>ὅπερ</span> <span class='ocrx_word' id='word_1_121' title='bbox 516 1034 670 1081; x_wconf 85' lang='grc' dir='ltr'>κτήσεως</span> <span class='ocrx_word' id='word_1_122' title='bbox 687 1027 773 1077; x_wconf 81' lang='grc' dir='ltr'>εἶδος</span> <span class='ocrx_word' id='word_1_123' title='bbox 797 1032 1034 1087; x_wconf 73' lang='grc' dir='ltr'>ῥελέὸατον</span> <span class='ocrx_word' id='word_1_124' title='bbox 1058 1031 1114 1070; x_wconf 86' lang='grc' dir='ltr'>λέ-</span> 
     </span>
     <span class='ocr_line' id='line_1_15' title="bbox 70 1090 1115 1144; baseline -0.005 -12"><span class='ocrx_word' id='word_1_125' title='bbox 70 1109 169 1144; x_wconf 90' lang='grc' dir='ltr'>γουσι</span> <span class='ocrx_word' id='word_1_126' title='bbox 196 1095 227 1132; x_wconf 76' lang='grc' dir='ltr'>οἳ</span> <span class='ocrx_word' id='word_1_127' title='bbox 252 1093 437 1143; x_wconf 88' lang='grc' dir='ltr'>Ῥωμαῖοι·</span> <span class='ocrx_word' id='word_1_128' title='bbox 451 1096 481 1132; x_wconf 81' lang='grc' dir='ltr'>οἱ</span> <span class='ocrx_word' id='word_1_129' title='bbox 499 1092 535 1131; x_wconf 86' lang='grc' dir='ltr'>δὲ</span> <span class='ocrx_word' id='word_1_130' title='bbox 558 1092 759 1144; x_wconf 83' lang='grc' dir='ltr'>παραυτίκα</span> <span class='ocrx_word' id='word_1_131' title='bbox 780 1093 874 1143; x_wconf 85' lang='grc' dir='ltr'>μεῖον</span> <span class='ocrx_word' id='word_1_132' title='bbox 895 1094 929 1130; x_wconf 90' lang='grc' dir='ltr'>ἐν</span> <span class='ocrx_word' id='word_1_133' title='bbox 951 1093 1001 1144; x_wconf 84' lang='grc' dir='ltr'>τῷ</span> <span class='ocrx_word' id='word_1_134' title='bbox 1018 1090 1115 1142; x_wconf 86' lang='grc' dir='ltr'>παρὰ</span> 
     </span>
    </p>
   </div>
   <div class='ocr_carea' id='block_1_5' title="bbox 71 1149 2232 1203">
    <p class='ocr_par' dir='ltr' id='par_1_6' title="bbox 71 1149 2232 1203">
     <span class='ocr_line' id='line_1_16' title="bbox 71 1149 2232 1203; baseline -0.001 -6.983"><span class='ocrx_word' id='word_1_135' title='bbox 71 1151 261 1202; x_wconf 72' lang='grc' dir='ltr'>Ρωμαῖθῑς</span> <span class='ocrx_word' id='word_1_136' title='bbox 276 1151 388 1191; x_wconf 60' lang='lat' dir='ltr'>&lt;sufflo</span> <span class='ocrx_word' id='word_1_137' title='bbox 403 1152 578 1196; x_wconf 50' lang='grc' dir='ltr'>κοίνονες“ι</span> <span class='ocrx_word' id='word_1_138' title='bbox 582 1151 659 1192; x_wconf 80' lang='grc' dir='ltr'>,Ο</span> <span class='ocrx_word' id='word_1_139' title='bbox 677 1151 712 1189; x_wconf 78' lang='grc' dir='ltr'>δὲ</span> <span class='ocrx_word' id='word_1_140' title='bbox 737 1149 899 1203; x_wconf 77' lang='grc' dir='ltr'>βασιλευς</span> <span class='ocrx_word' id='word_1_141' title='bbox 914 1149 1115 1202; x_wconf 77' lang='grc' dir='ltr'>Μαρκιανθς</span> <span class='ocrx_word' id='word_1_142' title='bbox 1178 1162 1251 1193; x_wconf 85' lang='lat' dir='ltr'>rant</span> <span class='ocrx_word' id='word_1_143' title='bbox 1261 1161 1334 1202; x_wconf 86' lang='lat' dir='ltr'>jure</span> <span class='ocrx_word' id='word_1_144' title='bbox 1348 1162 1461 1193; x_wconf 89' lang='lat' dir='ltr'>merito</span> <span class='ocrx_word' id='word_1_145' title='bbox 1476 1161 1654 1202; x_wconf 80' lang='lat' dir='ltr'><strong>proposuit,</strong></span> <span class='ocrx_word' id='word_1_146' title='bbox 1668 1163 1706 1193; x_wconf 86' lang='lat' dir='ltr'>ut</span> <span class='ocrx_word' id='word_1_147' title='bbox 1718 1162 1775 1193; x_wconf 83' lang='lat' dir='ltr'>aut</span> <span class='ocrx_word' id='word_1_148' title='bbox 1791 1161 1960 1194; x_wconf 81' lang='lat' dir='ltr'>redderent</span> <span class='ocrx_word' id='word_1_149' title='bbox 1975 1162 2090 1194; x_wconf 77' lang='lat' dir='ltr'>fundos</span> <span class='ocrx_word' id='word_1_150' title='bbox 2104 1164 2232 1202; x_wconf 84' lang='lat' dir='ltr'>recepto</span> 
     </span>
    </p>
   </div>
   <div class='ocr_carea' id='block_1_6' title="bbox 69 1208 2231 1272">
    <p class='ocr_par' dir='ltr' id='par_1_7' title="bbox 69 1195 2231 2780">
     <span class='ocr_line' id='line_1_17' title="bbox 426 1208 1090 1223; baseline 0.003 -2"><span class='ocrx_word' id='word_1_151' title='bbox 426 1212 443 1221; x_wconf 68' lang='lat' dir='ltr'><em>u</em></span> <span class='ocrx_word' id='word_1_152' title='bbox 854 1214 876 1222; x_wconf 70' lang='grc' dir='ltr'>ω</span> <span class='ocrx_word' id='word_1_153' title='bbox 972 1208 980 1223; x_wconf 77' lang='grc'>“.</span> <span class='ocrx_word' id='word_1_154' title='bbox 1082 1208 1090 1222; x_wconf 77' lang='grc' dir='ltr'><strong><em>Ι</em></strong></span> 
     </span>
     <span class='ocr_line' id='line_1_18' title="bbox 69 1210 2231 1272; baseline -0.001 -6"><span class='ocrx_word' id='word_1_155' title='bbox 69 1211 195 1264; x_wconf 62' lang='grc' dir='ltr'>ἄριστα</span> <span class='ocrx_word' id='word_1_156' title='bbox 205 1211 380 1264; x_wconf 63' lang='grc' dir='ltr'>προῦθηκε</span> <span class='ocrx_word' id='word_1_157' title='bbox 389 1227 458 1255; x_wconf 64' lang='grc' dir='ltr'>τοις</span> <span class='ocrx_word' id='word_1_158' title='bbox 467 1211 703 1262; x_wconf 60' lang='grc' dir='ltr'>ὠνησαμένοις</span> <span class='ocrx_word' id='word_1_159' title='bbox 715 1210 737 1257; x_wconf 71' lang='grc' dir='ltr'>ἢ</span> <span class='ocrx_word' id='word_1_160' title='bbox 750 1211 935 1248; x_wconf 63' lang='grc' dir='ltr'>ἀναδουναῑ</span> <span class='ocrx_word' id='word_1_161' title='bbox 945 1225 988 1264; x_wconf 65' lang='lat'>‘¹⁷9‘</span> <span class='ocrx_word' id='word_1_162' title='bbox 1000 1224 1115 1261; x_wconf 67' lang='grc' dir='ltr'><strong>χωρῑα</strong></span> <span class='ocrx_word' id='word_1_163' title='bbox 1178 1231 1348 1272; x_wconf 82' lang='lat' dir='ltr'><strong>emptionis</strong></span> <span class='ocrx_word' id='word_1_164' title='bbox 1364 1231 1480 1272; x_wconf 85' lang='lat' dir='ltr'>pretio,</span> <span class='ocrx_word' id='word_1_165' title='bbox 1492 1232 1562 1271; x_wconf 81' lang='lat' dir='ltr'>aut,</span> <span class='ocrx_word' id='word_1_166' title='bbox 1577 1232 1602 1263; x_wconf 89' lang='lat' dir='ltr'>si</span> <span class='ocrx_word' id='word_1_167' title='bbox 1610 1240 1738 1263; x_wconf 83' lang='lat' dir='ltr'>servare</span> <span class='ocrx_word' id='word_1_168' title='bbox 1751 1232 1870 1263; x_wconf 86' lang='lat' dir='ltr'>veilent</span> <span class='ocrx_word' id='word_1_169' title='bbox 1879 1231 2100 1272; x_wconf 85' lang='lat' dir='ltr'>possessiones,</span> <span class='ocrx_word' id='word_1_170' title='bbox 2111 1232 2231 1271; x_wconf 86' lang='lat' dir='ltr'>justam</span> 
     </span>
    </p>
   </div>
   <div class='ocr_carea' id='block_1_7' title="bbox 1175 531 2225 572">
    <p class='ocr_par' dir='ltr' id='par_1_8' title="bbox 1175 531 2225 572">
     <span class='ocr_line' id='line_1_19' title="bbox 1175 531 2225 572; baseline -0.001 -8"><span class='ocrx_word' id='word_1_171' title='bbox 1175 533 1288 572; x_wconf 90' lang='lat' dir='ltr'>blicos‚</span> <span class='ocrx_word' id='word_1_172' title='bbox 1306 533 1370 572; x_wconf 89' lang='lat' dir='ltr'>ait,</span> <span class='ocrx_word' id='word_1_173' title='bbox 1390 533 1456 564; x_wconf 85' lang='lat' dir='ltr'>fere</span> <span class='ocrx_word' id='word_1_174' title='bbox 1472 531 1580 563; x_wconf 85' lang='lat' dir='ltr'>omnia</span> <span class='ocrx_word' id='word_1_175' title='bbox 1593 531 1711 564; x_wconf 89' lang='lat' dir='ltr'>Valens</span> <span class='ocrx_word' id='word_1_176' title='bbox 1727 540 1784 563; x_wconf 84' lang='lat' dir='ltr'>rex</span> <span class='ocrx_word' id='word_1_177' title='bbox 1796 531 2005 570; x_wconf 87' lang='lat' dir='ltr'>vendiderat,</span> <span class='ocrx_word' id='word_1_178' title='bbox 2023 541 2123 571; x_wconf 83' lang='lat' dir='ltr'>quum</span> <span class='ocrx_word' id='word_1_179' title='bbox 2149 532 2225 563; x_wconf 85' lang='lat' dir='ltr'>bar-</span> 
     </span>
    </p>
   </div>
   <div class='ocr_carea' id='block_1_8' title="bbox 1173 602 2228 644">
    <p class='ocr_par' dir='ltr' id='par_1_9' title="bbox 1173 602 2228 644">
     <span class='ocr_line' id='line_1_20' title="bbox 1173 602 2228 644; baseline -0.001 -9"><span class='ocrx_word' id='word_1_180' title='bbox 1173 603 1324 635; x_wconf 84' lang='lat' dir='ltr'>barorum</span> <span class='ocrx_word' id='word_1_181' title='bbox 1339 612 1433 634; x_wconf 85' lang='lat' dir='ltr'>causa</span> <span class='ocrx_word' id='word_1_182' title='bbox 1446 603 1590 644; x_wconf 89' lang='lat' dir='ltr'>pecuniis</span> <span class='ocrx_word' id='word_1_183' title='bbox 1610 603 1715 643; x_wconf 78' lang='lat' dir='ltr'>egeret</span> <span class='ocrx_word' id='word_1_184' title='bbox 1729 602 1982 642; x_wconf 83' lang='lat' dir='ltr'>quammaxime.</span> <span class='ocrx_word' id='word_1_185' title='bbox 1996 602 2120 638; x_wconf 84' lang='lat' dir='ltr'>Quibus</span> <span class='ocrx_word' id='word_1_186' title='bbox 2132 603 2228 643; x_wconf 80' lang='lat' dir='ltr'>igitur</span> 
     </span>
    </p>
   </div>
   <div class='ocr_carea' id='block_1_9' title="bbox 1174 741 2231 1064">
    <p class='ocr_par' dir='ltr' id='par_1_10' title="bbox 1174 741 2231 1064">
     <span class='ocr_line' id='line_1_21' title="bbox 1177 741 2230 782; baseline -0.002 -8"><span class='ocrx_word' id='word_1_187' title='bbox 1177 743 1336 774; x_wconf 86' lang='lat' dir='ltr'>bonorum</span> <span class='ocrx_word' id='word_1_188' title='bbox 1365 742 1495 774; x_wconf 86' lang='lat' dir='ltr'>illorum</span> <span class='ocrx_word' id='word_1_189' title='bbox 1518 742 1700 782; x_wconf 88' lang='lat' dir='ltr'>venerunt,</span> <span class='ocrx_word' id='word_1_190' title='bbox 1721 750 1823 781; x_wconf 85' lang='lat' dir='ltr'>quum</span> <span class='ocrx_word' id='word_1_191' title='bbox 1845 750 1955 773; x_wconf 86' lang='lat' dir='ltr'>veram</span> <span class='ocrx_word' id='word_1_192' title='bbox 1980 741 2103 772; x_wconf 89' lang='lat' dir='ltr'>reditus</span> <span class='ocrx_word' id='word_1_193' title='bbox 2130 750 2171 772; x_wconf 79' lang='lat' dir='ltr'>ex</span> <span class='ocrx_word' id='word_1_194' title='bbox 2193 741 2230 772; x_wconf 83' lang='lat' dir='ltr'>iis</span> 
     </span>
     <span class='ocr_line' id='line_1_22' title="bbox 1174 812 2231 854; baseline -0.003 -9"><span class='ocrx_word' id='word_1_195' title='bbox 1174 813 1369 854; x_wconf 84' lang='lat' dir='ltr'>percipiendi</span> <span class='ocrx_word' id='word_1_196' title='bbox 1398 822 1560 845; x_wconf 88' lang='lat' dir='ltr'>summam</span> <span class='ocrx_word' id='word_1_197' title='bbox 1585 813 1792 845; x_wconf 83' lang='lat' dir='ltr'>attenuarent</span> <span class='ocrx_word' id='word_1_198' title='bbox 1810 812 1876 844; x_wconf 88' lang='lat' dir='ltr'>sive</span> <span class='ocrx_word' id='word_1_199' title='bbox 1906 813 2006 852; x_wconf 83' lang='lat' dir='ltr'>gratia</span> <span class='ocrx_word' id='word_1_200' title='bbox 2028 812 2231 843; x_wconf 82' lang='lat' dir='ltr'>administra-</span> 
     </span>
     <span class='ocr_line' id='line_1_23' title="bbox 1175 881 2228 924; baseline -0.003 -9"><span class='ocrx_word' id='word_1_201' title='bbox 1175 885 1282 915; x_wconf 84' lang='lat' dir='ltr'>torum</span> <span class='ocrx_word' id='word_1_202' title='bbox 1305 883 1510 924; x_wconf 80' lang='lat' dir='ltr'>publicorum</span> <span class='ocrx_word' id='word_1_203' title='bbox 1533 885 1600 915; x_wconf 90' lang='lat' dir='ltr'>sive</span> <span class='ocrx_word' id='word_1_204' title='bbox 1618 882 1809 923; x_wconf 87' lang='lat' dir='ltr'>proditione.</span> <span class='ocrx_word' id='word_1_205' title='bbox 1837 884 1878 914; x_wconf 82' lang='lat' dir='ltr'>Et</span> <span class='ocrx_word' id='word_1_206' title='bbox 1899 882 1951 913; x_wconf 86' lang='lat' dir='ltr'>alii</span> <span class='ocrx_word' id='word_1_207' title='bbox 1981 881 2110 922; x_wconf 85' lang='lat' dir='ltr'>quidem</span> <span class='ocrx_word' id='word_1_208' title='bbox 2141 881 2228 920; x_wconf 84' lang='lat' dir='ltr'>haec,</span> 
     </span>
     <span class='ocr_line' id='line_1_24' title="bbox 1175 952 2231 995; baseline -0.002 -9"><span class='ocrx_word' id='word_1_209' title='bbox 1175 954 1200 986; x_wconf 91' lang='lat' dir='ltr'>si</span> <span class='ocrx_word' id='word_1_210' title='bbox 1212 954 1299 985; x_wconf 89' lang='lat' dir='ltr'>omni</span> <span class='ocrx_word' id='word_1_211' title='bbox 1316 963 1447 995; x_wconf 88' lang='lat' dir='ltr'>prorsus</span> <span class='ocrx_word' id='word_1_212' title='bbox 1458 954 1580 986; x_wconf 86' lang='lat' dir='ltr'>tributo</span> <span class='ocrx_word' id='word_1_213' title='bbox 1594 955 1860 994; x_wconf 80' lang='lat' dir='ltr'>exonerarentur,</span> <span class='ocrx_word' id='word_1_214' title='bbox 1875 953 1984 994; x_wconf 84' lang='lat' dir='ltr'>paullo</span> <span class='ocrx_word' id='word_1_215' title='bbox 2001 952 2115 992; x_wconf 87' lang='lat' dir='ltr'>majori</span> <span class='ocrx_word' id='word_1_216' title='bbox 2131 952 2231 993; x_wconf 84' lang='lat' dir='ltr'>pretio</span> 
     </span>
     <span class='ocr_line' id='line_1_25' title="bbox 1176 1022 2230 1064; baseline -0.001 -10"><span class='ocrx_word' id='word_1_217' title='bbox 1176 1024 1324 1055; x_wconf 84' lang='lat' dir='ltr'>emerunt</span> <span class='ocrx_word' id='word_1_218' title='bbox 1339 1035 1346 1055; x_wconf 93' lang='lat'>:</span> <span class='ocrx_word' id='word_1_219' title='bbox 1368 1023 1456 1064; x_wconf 90' lang='lat' dir='ltr'>quod</span> <span class='ocrx_word' id='word_1_220' title='bbox 1474 1023 1679 1064; x_wconf 83' lang='lat' dir='ltr'>possessionis</span> <span class='ocrx_word' id='word_1_221' title='bbox 1695 1032 1795 1063; x_wconf 81' lang='lat' dir='ltr'>genus</span> <span class='ocrx_word' id='word_1_222' title='bbox 1808 1023 2005 1055; x_wconf 73' lang='lat' dir='ltr'>relevatum</span> <span class='ocrx_word' id='word_1_223' title='bbox 2019 1022 2155 1054; x_wconf 87' lang='lat' dir='ltr'>Romani</span> <span class='ocrx_word' id='word_1_224' title='bbox 2171 1031 2230 1054; x_wconf 84' lang='lat' dir='ltr'>vo-</span> 
     </span>
    </p>
   </div>
   <div class='ocr_carea' id='block_1_10' title="bbox 1177 1090 2230 1132">
    <p class='ocr_par' dir='ltr' id='par_1_11' title="bbox 1177 1090 2230 1132">
     <span class='ocr_line' id='line_1_26' title="bbox 1177 1090 2230 1132; baseline 0.001 -9"><span class='ocrx_word' id='word_1_225' title='bbox 1177 1094 1252 1124; x_wconf 87' lang='lat' dir='ltr'>cant</span> <span class='ocrx_word' id='word_1_226' title='bbox 1275 1102 1284 1124; x_wconf 88' lang='lat'><strong>:</strong></span> <span class='ocrx_word' id='word_1_227' title='bbox 1307 1092 1359 1124; x_wconf 87' lang='lat' dir='ltr'>alii</span> <span class='ocrx_word' id='word_1_228' title='bbox 1375 1094 1523 1124; x_wconf 88' lang='lat' dir='ltr'>autem...</span> <span class='ocrx_word' id='word_1_229' title='bbox 1546 1094 1663 1124; x_wconf 88' lang='lat' dir='ltr'>Verum</span> <span class='ocrx_word' id='word_1_230' title='bbox 1679 1093 1861 1124; x_wconf 85' lang='lat' dir='ltr'>Marcianus</span> <span class='ocrx_word' id='word_1_231' title='bbox 1879 1101 1936 1124; x_wconf 87' lang='lat' dir='ltr'>rex</span> <span class='ocrx_word' id='word_1_232' title='bbox 1952 1092 1989 1124; x_wconf 91' lang='lat' dir='ltr'>iis</span> <span class='ocrx_word' id='word_1_233' title='bbox 2011 1093 2067 1132; x_wconf 90' lang='lat' dir='ltr'>qui</span> <span class='ocrx_word' id='word_1_234' title='bbox 2083 1092 2128 1123; x_wconf 90' lang='lat' dir='ltr'>sic</span> <span class='ocrx_word' id='word_1_235' title='bbox 2142 1090 2230 1124; x_wconf 78' lang='lat' dir='ltr'>eme-</span> 
     </span>
    </p>
   </div>
   <div class='ocr_carea' id='block_1_11' title="bbox 69 1267 1117 1440">
    <p class='ocr_par' dir='ltr' id='par_1_12' title="bbox 69 1267 1117 1440">
     <span class='ocr_line' id='line_1_27' title="bbox 69 1267 1116 1322; baseline -0.003 -14"><span class='ocrx_word' id='word_1_236' title='bbox 69 1270 325 1322; x_wconf 82' lang='grc' dir='ltr'>κομισαμένους</span> <span class='ocrx_word' id='word_1_237' title='bbox 339 1269 449 1308; x_wconf 86' lang='grc' dir='ltr'>ταῦτὰ</span> <span class='ocrx_word' id='word_1_238' title='bbox 464 1270 648 1320; x_wconf 79' lang='grc' dir='ltr'>τιμήματα</span> <span class='ocrx_word' id='word_1_239' title='bbox 660 1300 670 1318; x_wconf 92' lang='grc'>,</span> <span class='ocrx_word' id='word_1_240' title='bbox 689 1268 712 1316; x_wconf 82' lang='grc' dir='ltr'>ἢ</span> <span class='ocrx_word' id='word_1_241' title='bbox 735 1269 795 1307; x_wconf 84' lang='grc' dir='ltr'>καὶ</span> <span class='ocrx_word' id='word_1_242' title='bbox 814 1268 859 1307; x_wconf 87' lang='grc' dir='ltr'>τὰ</span> <span class='ocrx_word' id='word_1_243' title='bbox 878 1268 993 1321; x_wconf 77' lang='grc' dir='ltr'>χωρία</span> <span class='ocrx_word' id='word_1_244' title='bbox 1012 1267 1116 1306; x_wconf 86' lang='grc' dir='ltr'>κατέ-</span> 
     </span>
     <span class='ocr_line' id='line_1_28' title="bbox 69 1326 1117 1381; baseline -0.003 -14"><span class='ocrx_word' id='word_1_245' title='bbox 69 1344 195 1381; x_wconf 80' lang='grc' dir='ltr'>χοντας</span> <span class='ocrx_word' id='word_1_246' title='bbox 214 1330 276 1367; x_wconf 81' lang='grc' dir='ltr'>οὐκ</span> <span class='ocrx_word' id='word_1_247' title='bbox 299 1331 404 1381; x_wconf 84' lang='grc' dir='ltr'>ὀρθῶς</span> <span class='ocrx_word' id='word_1_248' title='bbox 421 1331 700 1381; x_wconf 82' lang='grc' dir='ltr'>ἀποκρυφθεῖσαν</span> <span class='ocrx_word' id='word_1_249' title='bbox 718 1327 898 1374; x_wconf 86' lang='grc' dir='ltr'>ποσότητα</span> <span class='ocrx_word' id='word_1_250' title='bbox 915 1330 975 1374; x_wconf 83' lang='grc' dir='ltr'>τ’ῆς</span> <span class='ocrx_word' id='word_1_251' title='bbox 986 1326 1117 1379; x_wconf 86' lang='grc' dir='ltr'>προσό-</span> 
     </span>
     <span class='ocr_line' id='line_1_29' title="bbox 69 1387 631 1440; baseline 0 -14"><span class='ocrx_word' id='word_1_252' title='bbox 69 1389 128 1426; x_wconf 88' lang='grc' dir='ltr'>δου</span> <span class='ocrx_word' id='word_1_253' title='bbox 139 1389 188 1440; x_wconf 83' lang='grc' dir='ltr'>τῷ</span> <span class='ocrx_word' id='word_1_254' title='bbox 201 1387 358 1439; x_wconf 85' lang='grc' dir='ltr'>δημοσίῳ</span> <span class='ocrx_word' id='word_1_255' title='bbox 369 1389 592 1439; x_wconf 85' lang='grc' dir='ltr'>συναγαγεῖν.</span> <span class='ocrx_word' id='word_1_256' title='bbox 615 1403 631 1420; x_wconf 85' lang='grc'>»</span> 
     </span>
    </p>
   </div>
   <div class='ocr_carea' id='block_1_12' title="bbox 1166 1301 2176 1342">
    <p class='ocr_par' dir='ltr' id='par_1_13' title="bbox 1166 1301 2176 1342">
     <span class='ocr_line' id='line_1_30' title="bbox 1166 1301 2176 1342; baseline 0.002 -10"><span class='ocrx_word' id='word_1_257' title='bbox 1166 1301 1341 1342; x_wconf 67' lang='lat' dir='ltr'>‘vectigalis</span> <span class='ocrx_word' id='word_1_258' title='bbox 1361 1301 1575 1342; x_wconf 81' lang='lat' dir='ltr'>quantitatem</span> <span class='ocrx_word' id='word_1_259' title='bbox 1591 1302 1702 1333; x_wconf 87' lang='lat' dir='ltr'>contra</span> <span class='ocrx_word' id='word_1_260' title='bbox 1715 1302 1762 1334; x_wconf 84' lang='lat' dir='ltr'>fas</span> <span class='ocrx_word' id='word_1_261' title='bbox 1776 1302 1910 1334; x_wconf 66' lang='lat' dir='ltr'>celatam</span> <span class='ocrx_word' id='word_1_262' title='bbox 1928 1302 2139 1334; x_wconf 65' lang='lat' dir='ltr'>exsolverent2</span> <span class='ocrx_word' id='word_1_263' title='bbox 2161 1315 2176 1330; x_wconf 74' lang='lat' dir='ltr'>n</span> 
     </span>
    </p>
   </div>
   <div class='ocr_carea' id='block_1_13' title="bbox 572 1480 1727 1527">
    <p class='ocr_par' dir='ltr' id='par_1_14' title="bbox 572 1480 1727 1527">
     <span class='ocr_line' id='line_1_31' title="bbox 572 1480 1727 1527; baseline -0.014 0"><span class='ocrx_word' id='word_1_264' title='bbox 572 1493 608 1527; x_wconf 90' lang='lat'>7·</span> <span class='ocrx_word' id='word_1_265' title='bbox 1693 1480 1727 1511; x_wconf 90' lang='lat'>7.</span> 
     </span>
    </p>
   </div>
   <div class='ocr_carea' id='block_1_14' title="bbox 1222 1579 2187 1713">
    <p class='ocr_par' dir='ltr' id='par_1_15' title="bbox 1222 1579 2187 1713">
     <span class='ocr_line' id='line_1_32' title="bbox 1340 1579 2072 1628; baseline 0.003 -2"><span class='ocrx_word' id='word_1_266' title='bbox 1340 1587 1582 1627; x_wconf 82' lang='lat' dir='ltr'>HESYcffll</span> <span class='ocrx_word' id='word_1_267' title='bbox 1601 1579 1794 1626; x_wconf 77' lang='lat' dir='ltr'>MILEsn</span> <span class='ocrx_word' id='word_1_268' title='bbox 1811 1589 2072 1628; x_wconf 76' lang='lat' dir='ltr'>ILLUSTffis</span> 
     </span>
     <span class='ocr_line' id='line_1_33' title="bbox 1222 1677 2187 1713; baseline 0.002 -5"><span class='ocrx_word' id='word_1_269' title='bbox 1222 1677 1277 1708; x_wconf 86' lang='lat' dir='ltr'>DE</span> <span class='ocrx_word' id='word_1_270' title='bbox 1295 1677 1361 1708; x_wconf 79' lang='lat' dir='ltr'>HIS</span> <span class='ocrx_word' id='word_1_271' title='bbox 1376 1677 1450 1713; x_wconf 83' lang='lat' dir='ltr'>QUI</span> <span class='ocrx_word' id='word_1_272' title='bbox 1475 1677 1732 1708; x_wconf 79' lang='lat' dir='ltr'><strong>ERUDITIONE</strong></span> <span class='ocrx_word' id='word_1_273' title='bbox 1753 1677 2033 1710; x_wconf 69' lang='lat' dir='ltr'>CLARUERUNT</span> <span class='ocrx_word' id='word_1_274' title='bbox 2052 1679 2187 1710; x_wconf 72' lang='lat' dir='ltr'>LIBER.</span> 
     </span>
    </p>
   </div>
   <div class='ocr_carea' id='block_1_15' title="bbox 125 1589 1064 1632">
    <p class='ocr_par' dir='ltr' id='par_1_16' title="bbox 125 1589 1064 1632">
     <span class='ocr_line' id='line_1_34' title="bbox 125 1589 1064 1632; baseline -0.004 0"><span class='ocrx_word' id='word_1_275' title='bbox 125 1592 352 1632; x_wconf 86' lang='grc' dir='ltr'>ΗΣΥΧΙΟΥ</span> <span class='ocrx_word' id='word_1_276' title='bbox 411 1591 666 1631; x_wconf 87' lang='grc' dir='ltr'>ΜΙΛΗΣΙΟΥ</span> <span class='ocrx_word' id='word_1_277' title='bbox 722 1589 1064 1629; x_wconf 87' lang='grc' dir='ltr'>ῙΛΛΟΥΣΤΡΙΟΥ</span> 
     </span>
    </p>
   </div>
   <div class='ocr_carea' id='block_1_16' title="bbox 166 1679 1014 1768">
    <p class='ocr_par' dir='ltr' id='par_1_17' title="bbox 166 1679 1014 1768">
     <span class='ocr_line' id='line_1_35' title="bbox 166 1679 1014 1768; baseline -0.005 -54"><span class='ocrx_word' id='word_1_278' title='bbox 166 1682 264 1714; x_wconf 86' lang='grc' dir='ltr'>ΠΕΡΙ</span> <span class='ocrx_word' id='word_1_279' title='bbox 285 1681 373 1713; x_wconf 86' lang='grc' dir='ltr'>ΤΩΝ</span> <span class='ocrx_word' id='word_1_280' title='bbox 398 1681 451 1712; x_wconf 83' lang='grc' dir='ltr'>ΕΝ</span> <span class='ocrx_word' id='word_1_281' title='bbox 473 1681 645 1768; x_wconf 43' lang='grc' dir='ltr'>Ιέὶῐέἒὲᾼ</span> <span class='ocrx_word' id='word_1_282' title='bbox 667 1679 1014 1767; x_wconf 59' lang='lat' dir='ltr'><strong>&gt;A1AAAMWANTQN</strong></span> 
     </span>
     <span class='ocr_line' id='line_1_36' title="bbox 514 1729 691 1759; baseline -0.006 0"><span class='ocrx_word' id='word_1_283' title='bbox 514 1748 537 1759; x_wconf 85' lang='lat'>..</span> <span class='ocrx_word' id='word_1_284' title='bbox 613 1729 656 1759; x_wconf 81' lang='lat' dir='ltr'>-N</span> <span class='ocrx_word' id='word_1_285' title='bbox 682 1751 691 1758; x_wconf 87' lang='lat'>.</span> 
     </span>
    </p>
   </div>
   <div class='ocr_carea' id='block_1_17' title="bbox 71 1818 1117 2051">
    <p class='ocr_par' dir='ltr' id='par_1_18' title="bbox 71 1818 1117 2051">
     <span class='ocr_line' id='line_1_37' title="bbox 123 1818 1117 1875; baseline -0.006 -14"><span class='ocrx_word' id='word_1_286' title='bbox 123 1820 259 1870; x_wconf 86' lang='grc' dir='ltr'>Κυνικὴ</span> <span class='ocrx_word' id='word_1_287' title='bbox 279 1821 407 1868; x_wconf 78' lang='grc' dir='ltr'>ἐκλήθη</span> <span class='ocrx_word' id='word_1_288' title='bbox 437 1820 621 1875; x_wconf 78' lang='grc' dir='ltr'>φιλοσοφία</span> <span class='ocrx_word' id='word_1_289' title='bbox 648 1820 705 1859; x_wconf 84' lang='grc' dir='ltr'>διὰ</span> <span class='ocrx_word' id='word_1_290' title='bbox 725 1820 764 1858; x_wconf 85' lang='grc' dir='ltr'>τὸ</span> <span class='ocrx_word' id='word_1_291' title='bbox 777 1821 811 1858; x_wconf 89' lang='grc' dir='ltr'>ἐν</span> <span class='ocrx_word' id='word_1_292' title='bbox 829 1818 1048 1871; x_wconf 85' lang='grc' dir='ltr'>Κυνοσάργει</span> <span class='ocrx_word' id='word_1_293' title='bbox 1066 1820 1117 1871; x_wconf 83' lang='grc' dir='ltr'>τῷ</span> 
     </span>
     <span class='ocr_line' id='line_1_38' title="bbox 71 1876 1116 1934; baseline -0.007 -13"><span class='ocrx_word' id='word_1_294' title='bbox 71 1881 251 1934; x_wconf 72' lang='grc' dir='ltr'>γυμνασίῳ</span> <span class='ocrx_word' id='word_1_295' title='bbox 276 1879 514 1934; x_wconf 77' lang='grc' dir='ltr'>κατάρξασθαι</span> <span class='ocrx_word' id='word_1_296' title='bbox 535 1881 641 1926; x_wconf 76' lang='grc' dir='ltr'>αὐτῆς</span> <span class='ocrx_word' id='word_1_297' title='bbox 660 1879 718 1918; x_wconf 83' lang='grc' dir='ltr'>τὸν</span> <span class='ocrx_word' id='word_1_298' title='bbox 737 1877 967 1925; x_wconf 80' lang='grc' dir='ltr'>Ἀντισθένην.</span> <span class='ocrx_word' id='word_1_299' title='bbox 1003 1876 1051 1916; x_wconf 77' lang='lat' dir='ltr'>‘H</span> <span class='ocrx_word' id='word_1_300' title='bbox 1081 1876 1116 1914; x_wconf 83' lang='grc' dir='ltr'>δὲ</span> 
     </span>
     <span class='ocr_line' id='line_1_39' title="bbox 72 1935 1116 1992; baseline -0.006 -12"><span class='ocrx_word' id='word_1_301' title='bbox 72 1939 360 1992; x_wconf 76' lang='grc' dir='ltr'>Περιπατητικὴ,</span> <span class='ocrx_word' id='word_1_302' title='bbox 372 1938 429 1977; x_wconf 80' lang='grc' dir='ltr'>διὰ</span> <span class='ocrx_word' id='word_1_303' title='bbox 438 1939 476 1978; x_wconf 84' lang='grc' dir='ltr'>τὸ</span> <span class='ocrx_word' id='word_1_304' title='bbox 489 1941 522 1978; x_wconf 84' lang='grc' dir='ltr'>ἐν</span> <span class='ocrx_word' id='word_1_305' title='bbox 536 1938 718 1991; x_wconf 85' lang='grc' dir='ltr'>περιπάτῳ</span> <span class='ocrx_word' id='word_1_306' title='bbox 732 1938 812 1985; x_wconf 87' lang='grc' dir='ltr'>ἤτοι</span> <span class='ocrx_word' id='word_1_307' title='bbox 826 1937 929 1989; x_wconf 78' lang='grc' dir='ltr'>κήπῳ</span> <span class='ocrx_word' id='word_1_308' title='bbox 944 1935 1116 1989; x_wconf 82' lang='grc' dir='ltr'>κατάρξαι</span> 
     </span>
     <span class='ocr_line' id='line_1_40' title="bbox 72 1996 456 2051; baseline 0.005 -15"><span class='ocrx_word' id='word_1_309' title='bbox 72 1997 180 2045; x_wconf 77' lang='grc' dir='ltr'>αὐτῆς</span> <span class='ocrx_word' id='word_1_310' title='bbox 198 1996 456 2051; x_wconf 81' lang='grc' dir='ltr'>Ἀριστοτέλην.</span> 
     </span>
    </p>
   </div>
   <div class='ocr_carea' id='block_1_18' title="bbox 1179 1822 2234 2034">
    <p class='ocr_par' dir='ltr' id='par_1_19' title="bbox 1179 1822 2234 2034">
     <span class='ocr_line' id='line_1_41' title="bbox 1222 1822 2232 1867; baseline 0.003 -12"><span class='ocrx_word' id='word_1_311' title='bbox 1222 1824 1354 1863; x_wconf 77' lang='lat' dir='ltr'>Cynica</span> <span class='ocrx_word' id='word_1_312' title='bbox 1366 1822 1451 1854; x_wconf 88' lang='lat' dir='ltr'>secta</span> <span class='ocrx_word' id='word_1_313' title='bbox 1465 1830 1582 1854; x_wconf 91' lang='lat' dir='ltr'>nomen</span> <span class='ocrx_word' id='word_1_314' title='bbox 1595 1822 1711 1863; x_wconf 86' lang='lat' dir='ltr'>adepta</span> <span class='ocrx_word' id='word_1_315' title='bbox 1737 1823 1784 1854; x_wconf 87' lang='lat' dir='ltr'>est</span> <span class='ocrx_word' id='word_1_316' title='bbox 1806 1831 1824 1854; x_wconf 86' lang='lat' dir='ltr'>a</span> <span class='ocrx_word' id='word_1_317' title='bbox 1842 1824 2024 1864; x_wconf 75' lang='lat' dir='ltr'>Cynosarge</span> <span class='ocrx_word' id='word_1_318' title='bbox 2045 1826 2210 1865; x_wconf 75' lang='lat' dir='ltr'>gymnasio</span> <span class='ocrx_word' id='word_1_319' title='bbox 2224 1851 2232 1867; x_wconf 91' lang='lat'>‚</span> 
     </span>
     <span class='ocr_line' id='line_1_42' title="bbox 1179 1873 2231 1925; baseline 0.003 -12"><span class='ocrx_word' id='word_1_320' title='bbox 1179 1881 1234 1913; x_wconf 87' lang='lat' dir='ltr'>uhi</span> <span class='ocrx_word' id='word_1_321' title='bbox 1258 1881 1462 1914; x_wconf 82' lang='lat' dir='ltr'>Antisthenes</span> <span class='ocrx_word' id='word_1_322' title='bbox 1486 1873 1607 1921; x_wconf 65' lang='lat' dir='ltr'>primus</span> <span class='ocrx_word' id='word_1_323' title='bbox 1633 1890 1703 1912; x_wconf 87' lang='lat' dir='ltr'>eam</span> <span class='ocrx_word' id='word_1_324' title='bbox 1730 1890 1823 1913; x_wconf 86' lang='lat' dir='ltr'>orsus</span> <span class='ocrx_word' id='word_1_325' title='bbox 1848 1884 1897 1913; x_wconf 87' lang='lat' dir='ltr'>est</span> <span class='ocrx_word' id='word_1_326' title='bbox 1925 1883 2040 1922; x_wconf 74' lang='lat' dir='ltr'>(Dioq.</span> <span class='ocrx_word' id='word_1_327' title='bbox 2071 1886 2126 1920; x_wconf 79' lang='lat' dir='ltr'>Vi.</span> <span class='ocrx_word' id='word_1_328' title='bbox 2155 1888 2190 1916; x_wconf 80' lang='lat'>13</span> <span class='ocrx_word' id='word_1_329' title='bbox 2207 1886 2231 1925; x_wconf 85' lang='lat'>).</span> 
     </span>
     <span class='ocr_line' id='line_1_43' title="bbox 1188 1934 2234 1975; baseline 0.003 -9"><span class='ocrx_word' id='word_1_330' title='bbox 1188 1936 1430 1975; x_wconf 75' lang='lat' dir='ltr'>Peripatecica</span> <span class='ocrx_word' id='word_1_331' title='bbox 1454 1936 1563 1965; x_wconf 87' lang='lat' dir='ltr'>autem</span> <span class='ocrx_word' id='word_1_332' title='bbox 1589 1934 1675 1965; x_wconf 85' lang='lat' dir='ltr'>dicta</span> <span class='ocrx_word' id='word_1_333' title='bbox 1701 1935 1769 1973; x_wconf 87' lang='lat' dir='ltr'>est,</span> <span class='ocrx_word' id='word_1_334' title='bbox 1790 1934 1877 1973; x_wconf 81' lang='lat' dir='ltr'>quod</span> <span class='ocrx_word' id='word_1_335' title='bbox 1896 1935 1928 1966; x_wconf 89' lang='lat' dir='ltr'>in</span> <span class='ocrx_word' id='word_1_336' title='bbox 1952 1935 2141 1968; x_wconf 75' lang='lat' dir='ltr'>ambulacro</span> <span class='ocrx_word' id='word_1_337' title='bbox 2167 1937 2234 1969; x_wconf 89' lang='lat' dir='ltr'>sive</span> 
     </span>
     <span class='ocr_line' id='line_1_44' title="bbox 1182 1993 1869 2034; baseline 0 -10"><span class='ocrx_word' id='word_1_338' title='bbox 1182 1993 1275 2025; x_wconf 83' lang='lat' dir='ltr'>horto</span> <span class='ocrx_word' id='word_1_339' title='bbox 1294 1994 1416 2034; x_wconf 87' lang='lat' dir='ltr'>primus</span> <span class='ocrx_word' id='word_1_340' title='bbox 1429 2002 1500 2025; x_wconf 89' lang='lat' dir='ltr'>eam</span> <span class='ocrx_word' id='word_1_341' title='bbox 1515 1993 1658 2024; x_wconf 84' lang='lat' dir='ltr'>condidit</span> <span class='ocrx_word' id='word_1_342' title='bbox 1675 1993 1869 2024; x_wconf 82' lang='lat' dir='ltr'>Aristoteles.</span> 
     </span>
    </p>
   </div>
   <div class='ocr_carea' id='block_1_19' title="bbox 566 2069 615 2107">
    <p class='ocr_par' dir='ltr' id='par_1_20' title="bbox 566 2069 615 2107">
     <span class='ocr_line' id='line_1_45' title="bbox 566 2069 615 2107; baseline -0.041 0"><span class='ocrx_word' id='word_1_343' title='bbox 566 2069 615 2107; x_wconf 76' lang='lat' dir='ltr'>A,</span> 
     </span>
    </p>
   </div>
   <div class='ocr_carea' id='block_1_20' title="bbox 73 2143 1120 2785">
    <p class='ocr_par' dir='ltr' id='par_1_21' title="bbox 73 2143 1118 2379">
     <span class='ocr_line' id='line_1_46' title="bbox 129 2143 1118 2206; baseline -0.006 -18"><span class='ocrx_word' id='word_1_344' title='bbox 129 2163 154 2188; x_wconf 88' lang='lat'>1.</span> <span class='ocrx_word' id='word_1_345' title='bbox 169 2149 213 2188; x_wconf 85' lang='lat' dir='ltr'>’A</span> <span class='ocrx_word' id='word_1_346' title='bbox 225 2147 398 2187; x_wconf 84' lang='grc' dir='ltr'>πολλών</span> <span class='ocrx_word' id='word_1_347' title='bbox 411 2163 471 2186; x_wconf 86' lang='grc' dir='ltr'>ιον</span> <span class='ocrx_word' id='word_1_348' title='bbox 485 2147 542 2186; x_wconf 80' lang='grc' dir='ltr'>τὸν</span> <span class='ocrx_word' id='word_1_349' title='bbox 554 2146 696 2188; x_wconf 88' lang='grc' dir='ltr'>Τυανέα</span> <span class='ocrx_word' id='word_1_350' title='bbox 709 2146 840 2185; x_wconf 82' lang='grc' dir='ltr'>κύουσα</span> <span class='ocrx_word' id='word_1_351' title='bbox 858 2150 878 2193; x_wconf 82' lang='grc' dir='ltr'>ἡ</span> <span class='ocrx_word' id='word_1_352' title='bbox 899 2145 1062 2206; x_wconf 80' lang='grc' dir='ltr'>μήτηρ,</span> <span class='ocrx_word' id='word_1_353' title='bbox 1043 2143 1118 2183; x_wconf 85' lang='grc' dir='ltr'>δαί-</span> 
     </span>
     <span class='ocr_line' id='line_1_47' title="bbox 77 2203 1117 2266; baseline -0.006 -19"><span class='ocrx_word' id='word_1_354' title='bbox 77 2222 166 2266; x_wconf 79' lang='grc' dir='ltr'>μονα</span> <span class='ocrx_word' id='word_1_355' title='bbox 191 2206 359 2246; x_wconf 82' lang='grc' dir='ltr'>ἐθεάσατο</span> <span class='ocrx_word' id='word_1_356' title='bbox 381 2206 548 2259; x_wconf 84' lang='grc' dir='ltr'>λέγοντα,</span> <span class='ocrx_word' id='word_1_357' title='bbox 574 2223 620 2250; x_wconf 87' lang='grc' dir='ltr'>ως</span> <span class='ocrx_word' id='word_1_358' title='bbox 640 2205 742 2250; x_wconf 83' lang='grc' dir='ltr'>αὐτὸς</span> <span class='ocrx_word' id='word_1_359' title='bbox 757 2205 829 2253; x_wconf 89' lang='grc' dir='ltr'>εἴη,</span> <span class='ocrx_word' id='word_1_360' title='bbox 854 2203 889 2242; x_wconf 80' lang='grc' dir='ltr'>ὃν</span> <span class='ocrx_word' id='word_1_361' title='bbox 910 2205 1006 2243; x_wconf 80' lang='grc' dir='ltr'>κύει·</span> <span class='ocrx_word' id='word_1_362' title='bbox 1031 2208 1117 2242; x_wconf 78' lang='grc' dir='ltr'>εἶναι</span> 
     </span>
     <span class='ocr_line' id='line_1_48' title="bbox 73 2261 1118 2339; baseline -0.004 -35"><span class='ocrx_word' id='word_1_363' title='bbox 73 2261 110 2304; x_wconf 83' lang='grc' dir='ltr'>δὲ</span> <span class='ocrx_word' id='word_1_364' title='bbox 130 2265 233 2304; x_wconf 75' lang='grc' dir='ltr'>αὐτὸν</span> <span class='ocrx_word' id='word_1_365' title='bbox 255 2265 428 2339; x_wconf 35' lang='grc' dir='ltr'>Πκρωτέα</span> <span class='ocrx_word' id='word_1_366' title='bbox 417 2265 475 2303; x_wconf 82' lang='grc' dir='ltr'>τὸν</span> <span class='ocrx_word' id='word_1_367' title='bbox 490 2264 696 2316; x_wconf 78' lang='grc' dir='ltr'>Αἰγύπτιον,</span> <span class='ocrx_word' id='word_1_368' title='bbox 713 2263 788 2302; x_wconf 82' lang='grc' dir='ltr'>ὅθεν</span> <span class='ocrx_word' id='word_1_369' title='bbox 803 2264 999 2316; x_wconf 75' lang='grc' dir='ltr'>ὑποληφθαι</span> <span class='ocrx_word' id='word_1_370' title='bbox 1015 2262 1118 2300; x_wconf 80' lang='grc' dir='ltr'>αὐτον</span> 
     </span>
     <span class='ocr_line' id='line_1_49' title="bbox 74 2323 461 2379; baseline -0.011 -14"><span class='ocrx_word' id='word_1_371' title='bbox 74 2324 254 2379; x_wconf 85' lang='grc' dir='ltr'>Πρωτέως</span> <span class='ocrx_word' id='word_1_372' title='bbox 267 2327 354 2362; x_wconf 80' lang='grc' dir='ltr'>εἶναι</span> <span class='ocrx_word' id='word_1_373' title='bbox 374 2323 461 2364; x_wconf 80' lang='grc' dir='ltr'>υἱόν.</span> 
     </span>
    </p>

    <p class='ocr_par' dir='ltr' id='par_1_22' title="bbox 74 2379 1118 2491">
     <span class='ocr_line' id='line_1_50' title="bbox 125 2379 1118 2436; baseline -0.003 -15"><span class='ocrx_word' id='word_1_374' title='bbox 125 2397 157 2423; x_wconf 80' lang='lat'>2.</span> <span class='ocrx_word' id='word_1_375' title='bbox 178 2381 406 2436; x_wconf 80' lang='grc' dir='ltr'>Ἀριστέου</span> <span class='ocrx_word' id='word_1_376' title='bbox 433 2399 492 2421; x_wconf 85' lang='grc' dir='ltr'>του</span> <span class='ocrx_word' id='word_1_377' title='bbox 519 2381 775 2435; x_wconf 87' lang='grc' dir='ltr'>Προκοννησίου</span> <span class='ocrx_word' id='word_1_378' title='bbox 799 2397 886 2434; x_wconf 86' lang='grc' dir='ltr'>φασι</span> <span class='ocrx_word' id='word_1_379' title='bbox 913 2397 978 2429; x_wconf 91' lang='grc' dir='ltr'>την</span> <span class='ocrx_word' id='word_1_380' title='bbox 1003 2379 1118 2433; x_wconf 81' lang='grc' dir='ltr'>ψυχὴν</span> 
     </span>
     <span class='ocr_line' id='line_1_51' title="bbox 74 2439 893 2491; baseline 0 -12"><span class='ocrx_word' id='word_1_381' title='bbox 74 2440 212 2489; x_wconf 82' lang='grc' dir='ltr'>ἐξιέναι,</span> <span class='ocrx_word' id='word_1_382' title='bbox 231 2440 288 2479; x_wconf 80' lang='grc' dir='ltr'>ὅτε</span> <span class='ocrx_word' id='word_1_383' title='bbox 303 2440 487 2491; x_wconf 72' lang='grc' dir='ltr'>ἐὸούλετο,</span> <span class='ocrx_word' id='word_1_384' title='bbox 503 2440 564 2478; x_wconf 83' lang='grc' dir='ltr'>καὶ</span> <span class='ocrx_word' id='word_1_385' title='bbox 578 2439 756 2478; x_wconf 80' lang='grc' dir='ltr'>ἐπανιέναι</span> <span class='ocrx_word' id='word_1_386' title='bbox 772 2439 893 2479; x_wconf 84' lang='grc' dir='ltr'>πάλιν.</span> 
     </span>
    </p>

    <p class='ocr_par' dir='ltr' id='par_1_23' title="bbox 74 2496 1120 2785">
     <span class='ocr_line' id='line_1_52' title="bbox 125 2496 1118 2552; baseline -0.006 -12"><span class='ocrx_word' id='word_1_387' title='bbox 125 2512 158 2539; x_wconf 76' lang='lat'>8.</span> <span class='ocrx_word' id='word_1_388' title='bbox 185 2498 410 2552; x_wconf 75' lang='grc' dir='ltr'>Αἰσχίνης</span> <span class='ocrx_word' id='word_1_389' title='bbox 433 2501 451 2537; x_wconf 84' lang='grc' dir='ltr'><em>ὃ</em></span> <span class='ocrx_word' id='word_1_390' title='bbox 469 2502 529 2537; x_wconf 79' lang='grc' dir='ltr'>τοῦ</span> <span class='ocrx_word' id='word_1_391' title='bbox 554 2500 805 2537; x_wconf 76' lang='grc' dir='ltr'>ἀλλαντοποιοῦ</span> <span class='ocrx_word' id='word_1_392' title='bbox 827 2497 1027 2536; x_wconf 75' lang='grc' dir='ltr'>διεὸοίλλετο</span> <span class='ocrx_word' id='word_1_393' title='bbox 1051 2496 1118 2535; x_wconf 78' lang='grc' dir='ltr'>ὑπὸ</span> 
     </span>
     <span class='ocr_line' id='line_1_53' title="bbox 74 2555 1119 2610; baseline -0.004 -12"><span class='ocrx_word' id='word_1_394' title='bbox 74 2557 283 2609; x_wconf 82' lang='grc' dir='ltr'>Μενεδήμου</span> <span class='ocrx_word' id='word_1_395' title='bbox 304 2573 363 2596; x_wconf 85' lang='grc' dir='ltr'>του</span> <span class='ocrx_word' id='word_1_396' title='bbox 391 2557 617 2610; x_wconf 82' lang='grc' dir='ltr'>Ἐρετριέως,</span> <span class='ocrx_word' id='word_1_397' title='bbox 635 2560 682 2600; x_wconf 80' lang='grc' dir='ltr'>ὡς</span> <span class='ocrx_word' id='word_1_398' title='bbox 703 2556 781 2602; x_wconf 86' lang='grc' dir='ltr'>τους</span> <span class='ocrx_word' id='word_1_399' title='bbox 800 2556 982 2600; x_wconf 86' lang='grc' dir='ltr'>πλείστους</span> <span class='ocrx_word' id='word_1_400' title='bbox 1003 2555 1119 2594; x_wconf 87' lang='grc' dir='ltr'>διαλό-</span> 
     </span>
     <span class='ocr_line' id='line_1_54' title="bbox 75 2615 1120 2676; baseline -0.003 -21"><span class='ocrx_word' id='word_1_401' title='bbox 75 2632 155 2668; x_wconf 88' lang='grc' dir='ltr'>γους</span> <span class='ocrx_word' id='word_1_402' title='bbox 173 2615 273 2659; x_wconf 84' lang='grc' dir='ltr'>ὄντας</span> <span class='ocrx_word' id='word_1_403' title='bbox 290 2615 499 2676; x_wconf 83' lang='grc' dir='ltr'>Σωκράτους</span> <span class='ocrx_word' id='word_1_404' title='bbox 525 2615 782 2663; x_wconf 74' lang='grc' dir='ltr'>ὑποὸάλλοιτο,</span> <span class='ocrx_word' id='word_1_405' title='bbox 807 2615 1002 2666; x_wconf 75' lang='grc' dir='ltr'>λαμὸοίνων</span> <span class='ocrx_word' id='word_1_406' title='bbox 1022 2630 1120 2666; x_wconf 88' lang='grc' dir='ltr'>παρα</span> 
     </span>
     <span class='ocr_line' id='line_1_55' title="bbox 77 2671 1119 2726; baseline -0.004 -12"><span class='ocrx_word' id='word_1_407' title='bbox 77 2674 306 2721; x_wconf 86' lang='grc' dir='ltr'>Ξανθίππης</span> <span class='ocrx_word' id='word_1_408' title='bbox 323 2677 371 2711; x_wconf 85' lang='grc' dir='ltr'>ὡν</span> <span class='ocrx_word' id='word_1_409' title='bbox 398 2676 428 2712; x_wconf 81' lang='grc' dir='ltr'>οἱ</span> <span class='ocrx_word' id='word_1_410' title='bbox 448 2672 659 2724; x_wconf 82' lang='grc' dir='ltr'>καλούμενοι</span> <span class='ocrx_word' id='word_1_411' title='bbox 690 2673 858 2726; x_wconf 75' lang='grc' dir='ltr'>ἀκέφαλοι</span> <span class='ocrx_word' id='word_1_412' title='bbox 883 2673 1015 2726; x_wconf 71' lang='grc' dir='ltr'>σφόδρα</span> <span class='ocrx_word' id='word_1_413' title='bbox 1035 2671 1119 2710; x_wconf 87' lang='grc' dir='ltr'>εἷσὶν</span> 
     </span>
     <span class='ocr_line' id='line_1_56' title="bbox 77 2731 1120 2785; baseline -0.003 -13"><span class='ocrx_word' id='word_1_414' title='bbox 77 2733 298 2784; x_wconf 86' lang='grc' dir='ltr'>ἐκλελυμένοι</span> <span class='ocrx_word' id='word_1_415' title='bbox 323 2733 384 2771; x_wconf 88' lang='grc' dir='ltr'>και</span> <span class='ocrx_word' id='word_1_416' title='bbox 423 2734 486 2771; x_wconf 82' lang='grc' dir='ltr'>οὐκ</span> <span class='ocrx_word' id='word_1_417' title='bbox 520 2732 757 2785; x_wconf 78' lang='grc' dir='ltr'>επιφαίνοντες</span> <span class='ocrx_word' id='word_1_418' title='bbox 791 2731 854 2779; x_wconf 81' lang='grc' dir='ltr'>τὴν</span> <span class='ocrx_word' id='word_1_419' title='bbox 887 2731 1120 2784; x_wconf 79' lang='grc' dir='ltr'>Σωκρατικὴν</span> 
     </span>
    </p>
   </div>
   <div class='ocr_carea' id='block_1_21' title="bbox 1688 2073 1732 2106">
    <p class='ocr_par' dir='ltr' id='par_1_24' title="bbox 1688 2073 1732 2106">
     <span class='ocr_line' id='line_1_57' title="bbox 1688 2073 1732 2106; baseline -0.023 0"><span class='ocrx_word' id='word_1_420' title='bbox 1688 2073 1732 2106; x_wconf 91' lang='grc' dir='ltr'>Α.</span> 
     </span>
    </p>
   </div>
   <div class='ocr_carea' id='block_1_22' title="bbox 1180 2151 2236 2779">
    <p class='ocr_par' dir='ltr' id='par_1_25' title="bbox 1180 2151 2236 2360">
     <span class='ocr_line' id='line_1_58' title="bbox 1229 2151 2236 2194; baseline 0.004 -11"><span class='ocrx_word' id='word_1_421' title='bbox 1229 2156 1255 2183; x_wconf 86' lang='lat'>1.</span> <span class='ocrx_word' id='word_1_422' title='bbox 1283 2151 1502 2192; x_wconf 75' lang='lat' dir='ltr'>Apollonium</span> <span class='ocrx_word' id='word_1_423' title='bbox 1523 2153 1700 2192; x_wconf 78' lang='lat' dir='ltr'>Tyaneum</span> <span class='ocrx_word' id='word_1_424' title='bbox 1716 2154 1819 2184; x_wconf 86' lang='lat' dir='ltr'>mater</span> <span class='ocrx_word' id='word_1_425' title='bbox 1846 2154 1938 2185; x_wconf 87' lang='lat' dir='ltr'>utero</span> <span class='ocrx_word' id='word_1_426' title='bbox 1964 2153 2067 2185; x_wconf 84' lang='lat' dir='ltr'>ferens</span> <span class='ocrx_word' id='word_1_427' title='bbox 2080 2179 2089 2194; x_wconf 91' lang='lat'><em>‚</em></span> <span class='ocrx_word' id='word_1_428' title='bbox 2115 2154 2236 2188; x_wconf 64' lang='lat' dir='ltr'>daemo-</span> 
     </span>
     <span class='ocr_line' id='line_1_59' title="bbox 1180 2211 2234 2253; baseline 0.005 -12"><span class='ocrx_word' id='word_1_429' title='bbox 1180 2219 1255 2242; x_wconf 74' lang='lat' dir='ltr'>nem</span> <span class='ocrx_word' id='word_1_430' title='bbox 1281 2211 1441 2242; x_wconf 82' lang='lat' dir='ltr'>dicentem</span> <span class='ocrx_word' id='word_1_431' title='bbox 1461 2211 1520 2242; x_wconf 85' lang='lat' dir='ltr'>sibi</span> <span class='ocrx_word' id='word_1_432' title='bbox 1547 2211 1732 2251; x_wconf 76' lang='lat' dir='ltr'>conspexit,</span> <span class='ocrx_word' id='word_1_433' title='bbox 1753 2221 1786 2243; x_wconf 88' lang='lat' dir='ltr'>se</span> <span class='ocrx_word' id='word_1_434' title='bbox 1805 2220 1872 2244; x_wconf 88' lang='lat' dir='ltr'>esse</span> <span class='ocrx_word' id='word_1_435' title='bbox 1884 2221 1950 2252; x_wconf 89' lang='lat' dir='ltr'>quo</span> <span class='ocrx_word' id='word_1_436' title='bbox 1965 2213 2092 2253; x_wconf 84' lang='lat' dir='ltr'>gravida</span> <span class='ocrx_word' id='word_1_437' title='bbox 2107 2214 2166 2253; x_wconf 90' lang='lat' dir='ltr'>sit,</span> <span class='ocrx_word' id='word_1_438' title='bbox 2183 2215 2234 2246; x_wconf 90' lang='lat' dir='ltr'>ni-</span> 
     </span>
     <span class='ocr_line' id='line_1_60' title="bbox 1181 2270 2235 2310; baseline 0.004 -9"><span class='ocrx_word' id='word_1_439' title='bbox 1181 2270 1300 2301; x_wconf 86' lang='lat' dir='ltr'>mirum</span> <span class='ocrx_word' id='word_1_440' title='bbox 1329 2272 1445 2302; x_wconf 86' lang='lat' dir='ltr'>Protea</span> <span class='ocrx_word' id='word_1_441' title='bbox 1469 2271 1656 2310; x_wconf 76' lang='lat' dir='ltr'>AEgyptium</span> <span class='ocrx_word' id='word_1_442' title='bbox 1685 2282 1693 2301; x_wconf 75' lang='grc' dir='ltr'>ε</span> <span class='ocrx_word' id='word_1_443' title='bbox 1723 2270 1811 2303; x_wconf 89' lang='lat' dir='ltr'>unde</span> <span class='ocrx_word' id='word_1_444' title='bbox 1843 2271 1963 2303; x_wconf 86' lang='lat' dir='ltr'>sactum</span> <span class='ocrx_word' id='word_1_445' title='bbox 1985 2274 2034 2304; x_wconf 84' lang='lat' dir='ltr'>est</span> <span class='ocrx_word' id='word_1_446' title='bbox 2064 2275 2101 2304; x_wconf 88' lang='lat' dir='ltr'>ut</span> <span class='ocrx_word' id='word_1_447' title='bbox 2127 2274 2235 2306; x_wconf 87' lang='lat' dir='ltr'>Protei</span> 
     </span>
     <span class='ocr_line' id='line_1_61' title="bbox 1182 2328 1558 2360; baseline 0 -1"><span class='ocrx_word' id='word_1_448' title='bbox 1182 2329 1267 2360; x_wconf 82' lang='lat' dir='ltr'>titius</span> <span class='ocrx_word' id='word_1_449' title='bbox 1279 2337 1346 2360; x_wconf 89' lang='lat' dir='ltr'>esse</span> <span class='ocrx_word' id='word_1_450' title='bbox 1363 2328 1558 2360; x_wconf 84' lang='lat' dir='ltr'>crederetur.</span> 
     </span>
    </p>

    <p class='ocr_par' dir='ltr' id='par_1_26' title="bbox 1181 2387 2230 2478">
     <span class='ocr_line' id='line_1_62' title="bbox 1225 2387 2230 2431; baseline 0.005 -13"><span class='ocrx_word' id='word_1_451' title='bbox 1225 2391 1254 2419; x_wconf 87' lang='lat'>2.</span> <span class='ocrx_word' id='word_1_452' title='bbox 1271 2389 1411 2419; x_wconf 73' lang='lat' dir='ltr'>Ariseeae</span> <span class='ocrx_word' id='word_1_453' title='bbox 1423 2387 1623 2419; x_wconf 88' lang='lat' dir='ltr'>Proconnesii</span> <span class='ocrx_word' id='word_1_454' title='bbox 1633 2387 1774 2419; x_wconf 88' lang='lat' dir='ltr'>animam</span> <span class='ocrx_word' id='word_1_455' title='bbox 1785 2388 2019 2428; x_wconf 60' lang='lat' dir='ltr'>quotiesvellet</span> <span class='ocrx_word' id='word_1_456' title='bbox 2031 2399 2072 2422; x_wconf 90' lang='lat' dir='ltr'>ex</span> <span class='ocrx_word' id='word_1_457' title='bbox 2095 2399 2230 2431; x_wconf 87' lang='lat' dir='ltr'>corpore</span> 
     </span>
     <span class='ocr_line' id='line_1_63' title="bbox 1181 2445 1776 2478; baseline 0 -2"><span class='ocrx_word' id='word_1_458' title='bbox 1181 2446 1297 2478; x_wconf 86' lang='lat' dir='ltr'>exiisse</span> <span class='ocrx_word' id='word_1_459' title='bbox 1309 2447 1342 2478; x_wconf 89' lang='lat' dir='ltr'>et</span> <span class='ocrx_word' id='word_1_460' title='bbox 1360 2445 1473 2478; x_wconf 84' lang='lat' dir='ltr'>eodem</span> <span class='ocrx_word' id='word_1_461' title='bbox 1487 2454 1644 2478; x_wconf 83' lang='lat' dir='ltr'>remeasse</span> <span class='ocrx_word' id='word_1_462' title='bbox 1658 2446 1776 2478; x_wconf 79' lang='lat' dir='ltr'>serunt.</span> 
     </span>
    </p>

    <p class='ocr_par' dir='ltr' id='par_1_27' title="bbox 1181 2504 2236 2779">
     <span class='ocr_line' id='line_1_64' title="bbox 1227 2504 2234 2540; baseline 0.005 -5"><span class='ocrx_word' id='word_1_463' title='bbox 1227 2510 1244 2536; x_wconf 81' lang='lat'>3</span> <span class='ocrx_word' id='word_1_464' title='bbox 1259 2504 1439 2536; x_wconf 76' lang='lat' dir='ltr'>AEschines</span> <span class='ocrx_word' id='word_1_465' title='bbox 1453 2504 1579 2536; x_wconf 82' lang='lat' dir='ltr'>sartoris</span> <span class='ocrx_word' id='word_1_466' title='bbox 1592 2504 1676 2536; x_wconf 81' lang='lat' dir='ltr'>silius</span> <span class='ocrx_word' id='word_1_467' title='bbox 1688 2514 1707 2536; x_wconf 83' lang='lat' dir='ltr'>a</span> <span class='ocrx_word' id='word_1_468' title='bbox 1721 2505 1908 2537; x_wconf 88' lang='lat' dir='ltr'>Menedemo</span> <span class='ocrx_word' id='word_1_469' title='bbox 1920 2507 2090 2539; x_wconf 83' lang='lat' dir='ltr'>Eretriensi</span> <span class='ocrx_word' id='word_1_470' title='bbox 2104 2507 2234 2540; x_wconf 89' lang='lat' dir='ltr'>insimu-</span> 
     </span>
     <span class='ocr_line' id='line_1_65' title="bbox 1182 2550 2234 2608; baseline 0.005 -14"><span class='ocrx_word' id='word_1_471' title='bbox 1182 2563 1266 2595; x_wconf 87' lang='lat' dir='ltr'>latus</span> <span class='ocrx_word' id='word_1_472' title='bbox 1282 2563 1353 2603; x_wconf 77' lang='lat' dir='ltr'>fuit,</span> <span class='ocrx_word' id='word_1_473' title='bbox 1370 2563 1455 2604; x_wconf 82' lang='lat' dir='ltr'>quod</span> <span class='ocrx_word' id='word_1_474' title='bbox 1470 2563 1613 2603; x_wconf 83' lang='lat' dir='ltr'>dialogos</span> <span class='ocrx_word' id='word_1_475' title='bbox 1626 2550 1796 2604; x_wconf 80' lang='lat' dir='ltr'>plerosque</span> <span class='ocrx_word' id='word_1_476' title='bbox 1809 2566 1940 2597; x_wconf 86' lang='lat' dir='ltr'>Socrate</span> <span class='ocrx_word' id='word_1_477' title='bbox 1955 2568 2087 2598; x_wconf 85' lang='lat' dir='ltr'>auctore</span> <span class='ocrx_word' id='word_1_478' title='bbox 2099 2569 2234 2608; x_wconf 87' lang='lat' dir='ltr'>scriptos</span> 
     </span>
     <span class='ocr_line' id='line_1_66' title="bbox 1181 2622 2236 2665; baseline 0.005 -12"><span class='ocrx_word' id='word_1_479' title='bbox 1181 2631 1241 2662; x_wconf 91' lang='lat' dir='ltr'>pro</span> <span class='ocrx_word' id='word_1_480' title='bbox 1262 2622 1328 2654; x_wconf 89' lang='lat' dir='ltr'>suis</span> <span class='ocrx_word' id='word_1_481' title='bbox 1343 2622 1573 2661; x_wconf 80' lang='lat' dir='ltr'>venditaverit,</span> <span class='ocrx_word' id='word_1_482' title='bbox 1591 2631 1609 2653; x_wconf 90' lang='lat' dir='ltr'>a</span> <span class='ocrx_word' id='word_1_483' title='bbox 1627 2622 1810 2663; x_wconf 75' lang='lat' dir='ltr'>Xanthippe</span> <span class='ocrx_word' id='word_1_484' title='bbox 1822 2624 1942 2656; x_wconf 84' lang='lat' dir='ltr'>scilieet</span> <span class='ocrx_word' id='word_1_485' title='bbox 1959 2627 2106 2665; x_wconf 73' lang='lat' dir='ltr'>acceptos</span> <span class='ocrx_word' id='word_1_486' title='bbox 2122 2639 2129 2657; x_wconf 74' lang='lat' dir='ltr'><em>z</em></span> <span class='ocrx_word' id='word_1_487' title='bbox 2152 2627 2236 2658; x_wconf 81' lang='lat' dir='ltr'>inter</span> 
     </span>
     <span class='ocr_line' id='line_1_67' title="bbox 1182 2678 2234 2723; baseline 0.007 -15"><span class='ocrx_word' id='word_1_488' title='bbox 1182 2687 1264 2718; x_wconf 79' lang='lat' dir='ltr'>quos</span> <span class='ocrx_word' id='word_1_489' title='bbox 1277 2678 1373 2710; x_wconf 89' lang='lat' dir='ltr'>soluti</span> <span class='ocrx_word' id='word_1_490' title='bbox 1388 2678 1564 2709; x_wconf 88' lang='lat' dir='ltr'>admodum</span> <span class='ocrx_word' id='word_1_491' title='bbox 1579 2680 1655 2710; x_wconf 90' lang='lat' dir='ltr'>sunt</span> <span class='ocrx_word' id='word_1_492' title='bbox 1672 2681 1705 2710; x_wconf 89' lang='lat' dir='ltr'>et</span> <span class='ocrx_word' id='word_1_493' title='bbox 1717 2680 1838 2711; x_wconf 85' lang='lat' dir='ltr'>remissi</span> <span class='ocrx_word' id='word_1_494' title='bbox 1849 2681 1867 2711; x_wconf 94' lang='lat' dir='ltr'>ii</span> <span class='ocrx_word' id='word_1_495' title='bbox 1880 2681 1934 2721; x_wconf 84' lang='lat' dir='ltr'>qui</span> <span class='ocrx_word' id='word_1_496' title='bbox 1946 2681 2095 2723; x_wconf 80' lang='grc' dir='ltr'>ἀκέφαλοι</span> <span class='ocrx_word' id='word_1_497' title='bbox 2111 2683 2234 2723; x_wconf 76' lang='lat' dir='ltr'>(exor-</span> 
     </span>
     <span class='ocr_line' id='line_1_68' title="bbox 1185 2737 2234 2779; baseline 0.006 -11"><span class='ocrx_word' id='word_1_498' title='bbox 1185 2737 1240 2769; x_wconf 80' lang='lat' dir='ltr'>dio</span> <span class='ocrx_word' id='word_1_499' title='bbox 1257 2738 1431 2777; x_wconf 77' lang='lat' dir='ltr'>carentes)</span> <span class='ocrx_word' id='word_1_500' title='bbox 1451 2739 1620 2777; x_wconf 81' lang='lat' dir='ltr'>vocantur,</span> <span class='ocrx_word' id='word_1_501' title='bbox 1638 2747 1743 2779; x_wconf 86' lang='lat' dir='ltr'>neque</span> <span class='ocrx_word' id='word_1_502' title='bbox 1762 2740 1960 2771; x_wconf 85' lang='lat' dir='ltr'>Socraticam</span> <span class='ocrx_word' id='word_1_503' title='bbox 1980 2742 2188 2774; x_wconf 78' lang='lat' dir='ltr'>acrimoniam</span> <span class='ocrx_word' id='word_1_504' title='bbox 2203 2746 2234 2775; x_wconf 85' lang='lat' dir='ltr'>et</span> 
     </span>
    </p>
   </div>
   <div class='ocr_carea' id='block_1_23' title="bbox 93 2813 2235 2827">
    <p class='ocr_par' dir='ltr' id='par_1_28' title="bbox 93 2813 2235 2827">
     <span class='ocr_line' id='line_1_69' title="bbox 93 2813 2235 2827; baseline 0 897"><span class='ocrx_word' id='word_1_505' title='bbox 93 2813 2235 2827; x_wconf 95' lang='lat' dir='ltr'> </span> 
     </span>
    </p>
   </div>
   <div class='ocr_carea' id='block_1_24' title="bbox 79 2842 2235 2924">
    <p class='ocr_par' dir='ltr' id='par_1_29' title="bbox 79 2842 2235 2924">
     <span class='ocr_line' id='line_1_70' title="bbox 120 2842 2235 2886; baseline 0.001 -9"><span class='ocrx_word' id='word_1_506' title='bbox 120 2847 184 2877; x_wconf 87' lang='lat' dir='ltr'>Fr.</span> <span class='ocrx_word' id='word_1_507' title='bbox 215 2849 248 2877; x_wconf 86' lang='lat'>6.</span> <span class='ocrx_word' id='word_1_508' title='bbox 266 2844 388 2876; x_wconf 86' lang='lat' dir='ltr'>Ibidem</span> <span class='ocrx_word' id='word_1_509' title='bbox 415 2846 496 2877; x_wconf 85' lang='lat' dir='ltr'>tom.</span> <span class='ocrx_word' id='word_1_510' title='bbox 523 2846 589 2884; x_wconf 91' lang='lat'>111,</span> <span class='ocrx_word' id='word_1_511' title='bbox 614 2853 647 2886; x_wconf 89' lang='lat' dir='ltr'>p.</span> <span class='ocrx_word' id='word_1_512' title='bbox 669 2846 797 2877; x_wconf 81' lang='lat' dir='ltr'><strong>1794v.</strong></span> <span class='ocrx_word' id='word_1_513' title='bbox 816 2842 1216 2883; x_wconf 75' lang='grc' dir='ltr'>Ῥελεὸάτουςᾶγερ.</span> <span class='ocrx_word' id='word_1_514' title='bbox 1235 2842 1341 2874; x_wconf 82' lang='lat' dir='ltr'>Verba</span> <span class='ocrx_word' id='word_1_515' title='bbox 1360 2844 1389 2874; x_wconf 85' lang='grc' dir='ltr'>οἱ</span> <span class='ocrx_word' id='word_1_516' title='bbox 1415 2843 1447 2874; x_wconf 84' lang='grc' dir='ltr'>δὲ</span> <span class='ocrx_word' id='word_1_517' title='bbox 1462 2843 1642 2884; x_wconf 81' lang='grc' dir='ltr'>παραυτίκα</span> <span class='ocrx_word' id='word_1_518' title='bbox 1662 2844 1736 2876; x_wconf 79' lang='grc' dir='ltr'>κτλ.</span> <span class='ocrx_word' id='word_1_519' title='bbox 1754 2845 1917 2884; x_wconf 87' lang='lat' dir='ltr'>quomodo</span> <span class='ocrx_word' id='word_1_520' title='bbox 1940 2847 2141 2878; x_wconf 87' lang='lat' dir='ltr'>emendanda</span> <span class='ocrx_word' id='word_1_521' title='bbox 2172 2848 2235 2879; x_wconf 90' lang='lat' dir='ltr'>sint</span> 
     </span>
     <span class='ocr_line' id='line_1_71' title="bbox 79 2892 195 2924; baseline -0.01 0"><span class='ocrx_word' id='word_1_522' title='bbox 79 2892 195 2924; x_wconf 83' lang='lat' dir='ltr'>nescio.</span> 
     </span>
    </p>
   </div>
   <div class='ocr_carea' id='block_1_25' title="bbox 81 2906 2234 3445">
    <p class='ocr_par' dir='ltr' id='par_1_30' title="bbox 81 2906 2234 3261">
     <span class='ocr_line' id='line_1_72' title="bbox 119 2906 2233 2979; baseline 0.001 -10"><span class='ocrx_word' id='word_1_523' title='bbox 119 2938 139 2979; x_wconf 86' lang='lat'>§</span> <span class='ocrx_word' id='word_1_524' title='bbox 161 2941 187 2970; x_wconf 88' lang='lat'>1.</span> <span class='ocrx_word' id='word_1_525' title='bbox 205 2939 255 2970; x_wconf 85' lang='lat' dir='ltr'>Ex</span> <span class='ocrx_word' id='word_1_526' title='bbox 270 2906 438 2977; x_wconf 84' lang='lat' dir='ltr'>integriore</span> <span class='ocrx_word' id='word_1_527' title='bbox 454 2937 603 2978; x_wconf 85' lang='lat' dir='ltr'>Hesychii</span> <span class='ocrx_word' id='word_1_528' title='bbox 619 2946 716 2978; x_wconf 88' lang='lat' dir='ltr'>opere</span> <span class='ocrx_word' id='word_1_529' title='bbox 734 2937 786 2969; x_wconf 84' lang='lat' dir='ltr'>vel</span> <span class='ocrx_word' id='word_1_530' title='bbox 800 2937 938 2977; x_wconf 84' lang='lat' dir='ltr'>epitome</span> <span class='ocrx_word' id='word_1_531' title='bbox 952 2936 1056 2968; x_wconf 88' lang='lat' dir='ltr'>hausit</span> <span class='ocrx_word' id='word_1_532' title='bbox 1070 2935 1212 2967; x_wconf 87' lang='lat' dir='ltr'>Suidas:</span> <span class='ocrx_word' id='word_1_533' title='bbox 1230 2935 1495 2972; x_wconf 86' lang='grc' dir='ltr'>Ἀπολλώνιος</span> <span class='ocrx_word' id='word_1_534' title='bbox 1518 2937 1717 2977; x_wconf 82' lang='grc' dir='ltr'>Τυανεὺς,</span> <span class='ocrx_word' id='word_1_535' title='bbox 1740 2938 1922 2979; x_wconf 77' lang='grc' dir='ltr'>φιλόσοφος,</span> <span class='ocrx_word' id='word_1_536' title='bbox 1941 2940 2006 2977; x_wconf 79' lang='grc' dir='ltr'>υἱὸς</span> <span class='ocrx_word' id='word_1_537' title='bbox 2030 2940 2233 2972; x_wconf 82' lang='grc' dir='ltr'>Ἀπολλωνίου</span> 
     </span>
     <span class='ocr_line' id='line_1_73' title="bbox 82 2982 2232 3026; baseline 0 -9"><span class='ocrx_word' id='word_1_538' title='bbox 82 2986 136 3017; x_wconf 82' lang='grc' dir='ltr'>καὶ</span> <span class='ocrx_word' id='word_1_539' title='bbox 151 2985 262 3026; x_wconf 86' lang='grc' dir='ltr'>μητρὸς</span> <span class='ocrx_word' id='word_1_540' title='bbox 275 2985 428 3020; x_wconf 84' lang='grc' dir='ltr'>πολίτιδος</span> <span class='ocrx_word' id='word_1_541' title='bbox 444 2988 505 3016; x_wconf 82' lang='grc' dir='ltr'>τῶν</span> <span class='ocrx_word' id='word_1_542' title='bbox 529 2985 696 3026; x_wconf 84' lang='grc' dir='ltr'>ἐπιφανῶν,</span> <span class='ocrx_word' id='word_1_543' title='bbox 715 2985 748 3016; x_wconf 91' lang='grc' dir='ltr'>ὃν</span> <span class='ocrx_word' id='word_1_544' title='bbox 765 2985 885 3016; x_wconf 84' lang='grc' dir='ltr'>κύουσα</span> <span class='ocrx_word' id='word_1_545' title='bbox 900 2986 920 3021; x_wconf 89' lang='grc' dir='ltr'><strong>ἡ</strong></span> <span class='ocrx_word' id='word_1_546' title='bbox 944 2984 1045 3024; x_wconf 84' lang='grc' dir='ltr'>μήτηρ</span> <span class='ocrx_word' id='word_1_547' title='bbox 1062 2982 1232 3014; x_wconf 80' lang='grc' dir='ltr'>ἐπιστάντα</span> <span class='ocrx_word' id='word_1_548' title='bbox 1248 2982 1379 3022; x_wconf 83' lang='grc' dir='ltr'>δαίμονα</span> <span class='ocrx_word' id='word_1_549' title='bbox 1396 2983 1544 3014; x_wconf 79' lang='grc' dir='ltr'>ἐθεάσατο</span> <span class='ocrx_word' id='word_1_550' title='bbox 1555 3007 1563 3022; x_wconf 95' lang='grc'>,</span> <span class='ocrx_word' id='word_1_551' title='bbox 1591 2984 1739 3023; x_wconf 84' lang='grc' dir='ltr'>λέγοντα,</span> <span class='ocrx_word' id='word_1_552' title='bbox 1757 2987 1798 3021; x_wconf 87' lang='grc' dir='ltr'>ὡς</span> <span class='ocrx_word' id='word_1_553' title='bbox 1815 2986 1906 3022; x_wconf 84' lang='grc' dir='ltr'>αὐτὸς</span> <span class='ocrx_word' id='word_1_554' title='bbox 1923 2986 1970 3024; x_wconf 74' lang='grc' dir='ltr'>εἴη</span> <span class='ocrx_word' id='word_1_555' title='bbox 1992 2986 2026 3017; x_wconf 84' lang='grc' dir='ltr'>ὃν</span> <span class='ocrx_word' id='word_1_556' title='bbox 2052 2988 2135 3018; x_wconf 85' lang='grc' dir='ltr'>κύει·</span> <span class='ocrx_word' id='word_1_557' title='bbox 2157 2987 2232 3018; x_wconf 86' lang='grc' dir='ltr'>εἶναι</span> 
     </span>
     <span class='ocr_line' id='line_1_74' title="bbox 81 3028 2230 3074; baseline 0.001 -11"><span class='ocrx_word' id='word_1_558' title='bbox 81 3033 112 3064; x_wconf 82' lang='grc' dir='ltr'>δὲ</span> <span class='ocrx_word' id='word_1_559' title='bbox 125 3032 257 3074; x_wconf 84' lang='grc' dir='ltr'>Πρωτέα</span> <span class='ocrx_word' id='word_1_560' title='bbox 272 3032 325 3063; x_wconf 82' lang='grc' dir='ltr'>τὸν</span> <span class='ocrx_word' id='word_1_561' title='bbox 341 3031 509 3072; x_wconf 83' lang='grc' dir='ltr'>Αἰγύπτιον</span> <span class='ocrx_word' id='word_1_562' title='bbox 520 3040 527 3047; x_wconf 95' lang='grc'>·</span> <span class='ocrx_word' id='word_1_563' title='bbox 546 3032 612 3063; x_wconf 83' lang='grc' dir='ltr'>ὅθεν</span> <span class='ocrx_word' id='word_1_564' title='bbox 625 3033 805 3072; x_wconf 76' lang='grc' dir='ltr'>ὑπειλῆφθαι</span> <span class='ocrx_word' id='word_1_565' title='bbox 820 3031 912 3062; x_wconf 83' lang='grc' dir='ltr'>αὐτὸν</span> <span class='ocrx_word' id='word_1_566' title='bbox 931 3032 1082 3072; x_wconf 83' lang='grc' dir='ltr'>Πρωτέως</span> <span class='ocrx_word' id='word_1_567' title='bbox 1096 3030 1172 3060; x_wconf 80' lang='grc' dir='ltr'>εἶναι</span> <span class='ocrx_word' id='word_1_568' title='bbox 1189 3028 1266 3060; x_wconf 83' lang='grc' dir='ltr'>υἱόν.</span> <span class='ocrx_word' id='word_1_569' title='bbox 1286 3031 1346 3061; x_wconf 83' lang='grc' dir='ltr'>Καὶ</span> <span class='ocrx_word' id='word_1_570' title='bbox 1366 3030 1484 3069; x_wconf 81' lang='grc' dir='ltr'>ἤκμαζε</span> <span class='ocrx_word' id='word_1_571' title='bbox 1501 3030 1556 3068; x_wconf 85' lang='grc' dir='ltr'>μὲν</span> <span class='ocrx_word' id='word_1_572' title='bbox 1571 3030 1620 3061; x_wconf 83' lang='grc' dir='ltr'>ἐπὶ</span> <span class='ocrx_word' id='word_1_573' title='bbox 1646 3032 1801 3063; x_wconf 84' lang='grc' dir='ltr'>Κλαυδίου</span> <span class='ocrx_word' id='word_1_574' title='bbox 1824 3033 1877 3063; x_wconf 84' lang='grc' dir='ltr'>καὶ</span> <span class='ocrx_word' id='word_1_575' title='bbox 1896 3033 1990 3064; x_wconf 71' lang='grc' dir='ltr'>Γαΐου</span> <span class='ocrx_word' id='word_1_576' title='bbox 2008 3035 2064 3065; x_wconf 86' lang='grc' dir='ltr'>καὶ</span> <span class='ocrx_word' id='word_1_577' title='bbox 2088 3034 2230 3074; x_wconf 84' lang='grc' dir='ltr'>Νέρωνος</span> 
     </span>
     <span class='ocr_line' id='line_1_75' title="bbox 81 3075 2234 3120; baseline 0.001 -10"><span class='ocrx_word' id='word_1_578' title='bbox 81 3079 133 3110; x_wconf 80' lang='grc' dir='ltr'>καὶ</span> <span class='ocrx_word' id='word_1_579' title='bbox 151 3079 240 3120; x_wconf 81' lang='grc' dir='ltr'>μέχρι</span> <span class='ocrx_word' id='word_1_580' title='bbox 252 3079 355 3120; x_wconf 78' lang='grc' dir='ltr'>Νέρὸα</span> <span class='ocrx_word' id='word_1_581' title='bbox 366 3102 375 3117; x_wconf 95' lang='grc'>,</span> <span class='ocrx_word' id='word_1_582' title='bbox 395 3079 439 3119; x_wconf 86' lang='grc' dir='ltr'>ἐφ’</span> <span class='ocrx_word' id='word_1_583' title='bbox 459 3078 495 3110; x_wconf 86' lang='grc' dir='ltr'>οὗ</span> <span class='ocrx_word' id='word_1_584' title='bbox 509 3080 561 3110; x_wconf 87' lang='grc' dir='ltr'>καὶ</span> <span class='ocrx_word' id='word_1_585' title='bbox 579 3079 773 3119; x_wconf 84' lang='grc' dir='ltr'>μετήλλαξεν.</span> <span class='ocrx_word' id='word_1_586' title='bbox 791 3079 973 3115; x_wconf 88' lang='grc' dir='ltr'>Ἐσιώπησε</span> <span class='ocrx_word' id='word_1_587' title='bbox 989 3078 1022 3109; x_wconf 86' lang='grc' dir='ltr'>δὲ</span> <span class='ocrx_word' id='word_1_588' title='bbox 1034 3077 1117 3108; x_wconf 86' lang='grc' dir='ltr'>κατὰ</span> <span class='ocrx_word' id='word_1_589' title='bbox 1132 3075 1316 3116; x_wconf 83' lang='grc' dir='ltr'>Πυθαγόραν</span> <span class='ocrx_word' id='word_1_590' title='bbox 1329 3077 1420 3107; x_wconf 87' lang='grc' dir='ltr'>πέντε</span> <span class='ocrx_word' id='word_1_591' title='bbox 1436 3076 1488 3113; x_wconf 85' lang='grc' dir='ltr'>ἔτη</span> <span class='ocrx_word' id='word_1_592' title='bbox 1501 3084 1508 3092; x_wconf 89' lang='grc'><em>·</em></span> <span class='ocrx_word' id='word_1_593' title='bbox 1525 3076 1592 3108; x_wconf 87' lang='grc' dir='ltr'>εἷτα</span> <span class='ocrx_word' id='word_1_594' title='bbox 1609 3077 1724 3118; x_wconf 83' lang='grc' dir='ltr'>ἀπῆρεν</span> <span class='ocrx_word' id='word_1_595' title='bbox 1740 3079 1781 3114; x_wconf 87' lang='grc' dir='ltr'>εἰς</span> <span class='ocrx_word' id='word_1_596' title='bbox 1796 3079 1966 3119; x_wconf 80' lang='grc' dir='ltr'>Αἴγυπτον,</span> <span class='ocrx_word' id='word_1_597' title='bbox 1983 3081 2089 3112; x_wconf 79' lang='grc' dir='ltr'>ἔπειτα</span> <span class='ocrx_word' id='word_1_598' title='bbox 2108 3082 2150 3116; x_wconf 87' lang='grc' dir='ltr'>εἰς</span> <span class='ocrx_word' id='word_1_599' title='bbox 2174 3082 2234 3112; x_wconf 82' lang='grc' dir='ltr'>Βα-</span> 
     </span>
     <span class='ocr_line' id='line_1_76' title="bbox 85 3123 2229 3168; baseline 0 -11"><span class='ocrx_word' id='word_1_600' title='bbox 85 3127 208 3158; x_wconf 75' lang='grc' dir='ltr'>ῧυλῶνα</span> <span class='ocrx_word' id='word_1_601' title='bbox 219 3126 294 3167; x_wconf 89' lang='grc' dir='ltr'>πρὸς</span> <span class='ocrx_word' id='word_1_602' title='bbox 313 3126 383 3161; x_wconf 79' lang='grc' dir='ltr'>τοὺς</span> <span class='ocrx_word' id='word_1_603' title='bbox 400 3125 534 3166; x_wconf 83' lang='grc' dir='ltr'>μάγους,</span> <span class='ocrx_word' id='word_1_604' title='bbox 551 3127 690 3157; x_wconf 79' lang='grc' dir='ltr'>κάκεῖθεν</span> <span class='ocrx_word' id='word_1_605' title='bbox 705 3127 754 3158; x_wconf 84' lang='grc' dir='ltr'>ἐπὶ</span> <span class='ocrx_word' id='word_1_606' title='bbox 771 3125 841 3162; x_wconf 84' lang='grc' dir='ltr'>τοὺς</span> <span class='ocrx_word' id='word_1_607' title='bbox 857 3126 988 3166; x_wconf 76' lang='grc' dir='ltr'>Ἄραὸας</span> <span class='ocrx_word' id='word_1_608' title='bbox 1001 3149 1011 3164; x_wconf 87' lang='grc'>,</span> <span class='ocrx_word' id='word_1_609' title='bbox 1025 3126 1078 3156; x_wconf 83' lang='grc' dir='ltr'>καὶ</span> <span class='ocrx_word' id='word_1_610' title='bbox 1093 3123 1217 3161; x_wconf 80' lang='grc' dir='ltr'>συνῆξεν</span> <span class='ocrx_word' id='word_1_611' title='bbox 1232 3123 1266 3153; x_wconf 82' lang='grc' dir='ltr'>ἐκ</span> <span class='ocrx_word' id='word_1_612' title='bbox 1279 3123 1402 3154; x_wconf 82' lang='grc' dir='ltr'>πάντων</span> <span class='ocrx_word' id='word_1_613' title='bbox 1415 3124 1454 3154; x_wconf 87' lang='grc' dir='ltr'>τὰ</span> <span class='ocrx_word' id='word_1_614' title='bbox 1468 3124 1562 3164; x_wconf 86' lang='grc' dir='ltr'>μυρίοι</span> <span class='ocrx_word' id='word_1_615' title='bbox 1578 3126 1630 3156; x_wconf 90' lang='grc' dir='ltr'>καὶ</span> <span class='ocrx_word' id='word_1_616' title='bbox 1644 3126 1711 3166; x_wconf 89' lang='grc' dir='ltr'>περὶ</span> <span class='ocrx_word' id='word_1_617' title='bbox 1735 3126 1830 3157; x_wconf 84' lang='grc' dir='ltr'>αὐτοῦ</span> <span class='ocrx_word' id='word_1_618' title='bbox 1848 3127 2035 3168; x_wconf 79' lang='grc' dir='ltr'>θρυλούμενα</span> <span class='ocrx_word' id='word_1_619' title='bbox 2056 3128 2229 3168; x_wconf 79' lang='grc' dir='ltr'>μαγγανεύ-</span> 
     </span>
     <span class='ocr_line' id='line_1_77' title="bbox 84 3171 2232 3215; baseline 0.001 -12"><span class='ocrx_word' id='word_1_620' title='bbox 84 3183 178 3213; x_wconf 85' lang='grc' dir='ltr'>ματα.</span> <span class='ocrx_word' id='word_1_621' title='bbox 197 3173 341 3208; x_wconf 85' lang='grc' dir='ltr'>Συνέταξε</span> <span class='ocrx_word' id='word_1_622' title='bbox 353 3173 386 3203; x_wconf 86' lang='grc' dir='ltr'>δὲ</span> <span class='ocrx_word' id='word_1_623' title='bbox 401 3175 557 3203; x_wconf 81' lang='grc' dir='ltr'>τοσαῦτα·</span> <span class='ocrx_word' id='word_1_624' title='bbox 574 3173 704 3209; x_wconf 83' lang='grc' dir='ltr'>Τελετὰς</span> <span class='ocrx_word' id='word_1_625' title='bbox 719 3173 740 3211; x_wconf 87' lang='grc' dir='ltr'><strong>ἢ</strong></span> <span class='ocrx_word' id='word_1_626' title='bbox 753 3173 821 3213; x_wconf 88' lang='grc' dir='ltr'>περὶ</span> <span class='ocrx_word' id='word_1_627' title='bbox 843 3173 970 3212; x_wconf 80' lang='grc' dir='ltr'>θυσιῶν,</span> <span class='ocrx_word' id='word_1_628' title='bbox 988 3172 1157 3209; x_wconf 82' lang='grc' dir='ltr'>Διαθήκην,</span> <span class='ocrx_word' id='word_1_629' title='bbox 1175 3172 1359 3211; x_wconf 82' lang='grc' dir='ltr'>Χρησμούς,</span> <span class='ocrx_word' id='word_1_630' title='bbox 1380 3171 1563 3209; x_wconf 78' lang='grc' dir='ltr'>Ἐπιστολάς</span> <span class='ocrx_word' id='word_1_631' title='bbox 1574 3196 1582 3211; x_wconf 86' lang='grc'>,</span> <span class='ocrx_word' id='word_1_632' title='bbox 1611 3175 1794 3215; x_wconf 83' lang='grc' dir='ltr'>Πυθαγόρου</span> <span class='ocrx_word' id='word_1_633' title='bbox 1815 3175 1894 3215; x_wconf 89' lang='grc' dir='ltr'>βίον.</span> <span class='ocrx_word' id='word_1_634' title='bbox 1919 3177 1971 3211; x_wconf 81' lang='grc' dir='ltr'>Εἰς</span> <span class='ocrx_word' id='word_1_635' title='bbox 1987 3178 2096 3206; x_wconf 79' lang='grc' dir='ltr'>τοῦτον</span> <span class='ocrx_word' id='word_1_636' title='bbox 2120 3175 2232 3215; x_wconf 79' lang='grc' dir='ltr'>ἔγραψε</span> 
     </span>
     <span class='ocr_line' id='line_1_78' title="bbox 85 3218 2217 3261; baseline 0.001 -11"><span class='ocrx_word' id='word_1_637' title='bbox 85 3219 293 3260; x_wconf 82' lang='grc' dir='ltr'>Φιλόστρατος</span> <span class='ocrx_word' id='word_1_638' title='bbox 307 3220 324 3250; x_wconf 84' lang='grc' dir='ltr'><strong>ὁ</strong></span> <span class='ocrx_word' id='word_1_639' title='bbox 337 3220 474 3259; x_wconf 77' lang='grc' dir='ltr'>Λήμνιος</span> <span class='ocrx_word' id='word_1_640' title='bbox 488 3221 539 3251; x_wconf 83' lang='grc' dir='ltr'>τὸν</span> <span class='ocrx_word' id='word_1_641' title='bbox 553 3220 710 3261; x_wconf 80' lang='grc' dir='ltr'>φιλοσόφῳ</span> <span class='ocrx_word' id='word_1_642' title='bbox 723 3220 878 3261; x_wconf 83' lang='grc' dir='ltr'>πρέποντα</span> <span class='ocrx_word' id='word_1_643' title='bbox 892 3220 969 3261; x_wconf 88' lang='grc' dir='ltr'>βίον.</span> <span class='ocrx_word' id='word_1_644' title='bbox 985 3222 1068 3252; x_wconf 88' lang='lat' dir='ltr'>Cum</span> <span class='ocrx_word' id='word_1_645' title='bbox 1085 3219 1122 3251; x_wconf 91' lang='lat' dir='ltr'>iis</span> <span class='ocrx_word' id='word_1_646' title='bbox 1135 3228 1209 3259; x_wconf 64' lang='lat' dir='ltr'>quae</span> <span class='ocrx_word' id='word_1_647' title='bbox 1226 3218 1257 3248; x_wconf 91' lang='lat' dir='ltr'>in</span> <span class='ocrx_word' id='word_1_648' title='bbox 1270 3220 1421 3257; x_wconf 77' lang='lat' dir='ltr'>excerpto</span> <span class='ocrx_word' id='word_1_649' title='bbox 1435 3220 1546 3250; x_wconf 89' lang='lat' dir='ltr'>nostro</span> <span class='ocrx_word' id='word_1_650' title='bbox 1562 3219 1724 3260; x_wconf 75' lang='lat' dir='ltr'>leguntur,</span> <span class='ocrx_word' id='word_1_651' title='bbox 1741 3222 1784 3252; x_wconf 78' lang='lat' dir='ltr'>cf.</span> <span class='ocrx_word' id='word_1_652' title='bbox 1805 3222 1986 3253; x_wconf 82' lang='lat' dir='ltr'>Philostrat.</span> <span class='ocrx_word' id='word_1_653' title='bbox 2003 3222 2068 3252; x_wconf 82' lang='lat' dir='ltr'>Vit-</span> <span class='ocrx_word' id='word_1_654' title='bbox 2085 3224 2142 3259; x_wconf 82' lang='lat' dir='ltr'>Ap.</span> <span class='ocrx_word' id='word_1_655' title='bbox 2160 3223 2183 3260; x_wconf 85' lang='grc'>1,</span> <span class='ocrx_word' id='word_1_656' title='bbox 2199 3224 2217 3251; x_wconf 72' lang='grc'>4</span> 
     </span>
    </p>

    <p class='ocr_par' dir='ltr' id='par_1_31' title="bbox 87 3263 2229 3436">
     <span class='ocr_line' id='line_1_79' title="bbox 127 3263 2229 3307; baseline 0.004 -11"><span class='ocrx_word' id='word_1_657' title='bbox 127 3265 155 3306; x_wconf 83' lang='lat'>§.</span> <span class='ocrx_word' id='word_1_658' title='bbox 174 3270 203 3296; x_wconf 88' lang='lat'>2.</span> <span class='ocrx_word' id='word_1_659' title='bbox 218 3267 295 3297; x_wconf 80' lang='lat' dir='ltr'>Haec</span> <span class='ocrx_word' id='word_1_660' title='bbox 310 3274 440 3306; x_wconf 87' lang='lat' dir='ltr'>quoque</span> <span class='ocrx_word' id='word_1_661' title='bbox 450 3266 573 3306; x_wconf 83' lang='lat' dir='ltr'>pienius</span> <span class='ocrx_word' id='word_1_662' title='bbox 587 3266 702 3299; x_wconf 86' lang='lat' dir='ltr'>suidas</span> <span class='ocrx_word' id='word_1_663' title='bbox 719 3265 816 3298; x_wconf 76' lang='lat' dir='ltr'>tradit</span> <span class='ocrx_word' id='word_1_664' title='bbox 835 3276 842 3297; x_wconf 78' lang='grc' dir='ltr'>ι</span> <span class='ocrx_word' id='word_1_665' title='bbox 857 3266 1040 3307; x_wconf 80' lang='grc' dir='ltr'>Ἀριστέα</span> <span class='ocrx_word' id='word_1_666' title='bbox 1051 3279 1063 3303; x_wconf 81' lang='grc' dir='ltr'>ς</span> <span class='ocrx_word' id='word_1_667' title='bbox 1074 3290 1083 3305; x_wconf 95' lang='grc'>,</span> <span class='ocrx_word' id='word_1_668' title='bbox 1101 3263 1313 3305; x_wconf 70' lang='grc' dir='ltr'>Δημοχάριόος</span> <span class='ocrx_word' id='word_1_669' title='bbox 1328 3266 1346 3303; x_wconf 86' lang='grc' dir='ltr'>ἢ</span> <span class='ocrx_word' id='word_1_670' title='bbox 1366 3266 1591 3306; x_wconf 71' lang='grc' dir='ltr'>Καυστροὸίου,</span> <span class='ocrx_word' id='word_1_671' title='bbox 1611 3268 1851 3307; x_wconf 77' lang='grc' dir='ltr'>Προκοννήσιος,</span> <span class='ocrx_word' id='word_1_672' title='bbox 1865 3268 2023 3303; x_wconf 70' lang='grc' dir='ltr'>ἐποποιός.</span> <span class='ocrx_word' id='word_1_673' title='bbox 2045 3267 2092 3298; x_wconf 82' lang='grc' dir='ltr'>Τὰ</span> <span class='ocrx_word' id='word_1_674' title='bbox 2108 3267 2229 3306; x_wconf 71' lang='grc' dir='ltr'>Ἀριμά-</span> 
     </span>
     <span class='ocr_line' id='line_1_80' title="bbox 87 3312 2228 3356; baseline 0 -14"><span class='ocrx_word' id='word_1_675' title='bbox 87 3322 179 3343; x_wconf 87' lang='grc' dir='ltr'>σπεια</span> <span class='ocrx_word' id='word_1_676' title='bbox 192 3312 366 3352; x_wconf 82' lang='grc' dir='ltr'>καλούμενοι</span> <span class='ocrx_word' id='word_1_677' title='bbox 381 3312 456 3349; x_wconf 78' lang='grc' dir='ltr'>ἔπη·</span> <span class='ocrx_word' id='word_1_678' title='bbox 472 3312 536 3344; x_wconf 80' lang='grc' dir='ltr'>ἔστι</span> <span class='ocrx_word' id='word_1_679' title='bbox 559 3313 591 3344; x_wconf 81' lang='grc' dir='ltr'>δὲ</span> <span class='ocrx_word' id='word_1_680' title='bbox 608 3312 728 3354; x_wconf 85' lang='grc' dir='ltr'>ἱστορία</span> <span class='ocrx_word' id='word_1_681' title='bbox 745 3315 806 3344; x_wconf 84' lang='grc' dir='ltr'>τῶν</span> <span class='ocrx_word' id='word_1_682' title='bbox 827 3314 1036 3354; x_wconf 76' lang='grc' dir='ltr'>Ὑπερὸορέων</span> <span class='ocrx_word' id='word_1_683' title='bbox 1058 3313 1264 3353; x_wconf 85' lang='grc' dir='ltr'>Ἀριμασπῶν,</span> <span class='ocrx_word' id='word_1_684' title='bbox 1289 3313 1393 3352; x_wconf 71' lang='grc' dir='ltr'>βιῧλία</span> <span class='ocrx_word' id='word_1_685' title='bbox 1409 3312 1448 3352; x_wconf 81' lang='grc' dir='ltr'>γ’.</span> <span class='ocrx_word' id='word_1_686' title='bbox 1465 3314 1586 3345; x_wconf 72' lang='grc' dir='ltr'>Τούτου</span> <span class='ocrx_word' id='word_1_687' title='bbox 1609 3315 1682 3354; x_wconf 83' lang='grc' dir='ltr'>φασὶ</span> <span class='ocrx_word' id='word_1_688' title='bbox 1703 3318 1757 3351; x_wconf 79' lang='grc' dir='ltr'>την</span> <span class='ocrx_word' id='word_1_689' title='bbox 1775 3316 1879 3356; x_wconf 77' lang='grc' dir='ltr'>ψυχὴν</span> <span class='ocrx_word' id='word_1_690' title='bbox 1897 3316 1948 3346; x_wconf 82' lang='grc' dir='ltr'>ὅτε</span> <span class='ocrx_word' id='word_1_691' title='bbox 1963 3315 2104 3346; x_wconf 67' lang='grc' dir='ltr'>ἐδούλετο</span> <span class='ocrx_word' id='word_1_692' title='bbox 2121 3315 2228 3349; x_wconf 79' lang='grc' dir='ltr'>ἐξιέναι</span> 
     </span>
     <span class='ocr_line' id='line_1_81' title="bbox 87 3357 2228 3436; baseline 0 -48"><span class='ocrx_word' id='word_1_693' title='bbox 87 3358 139 3434; x_wconf 62' lang='lat' dir='ltr'>igni</span> <span class='ocrx_word' id='word_1_694' title='bbox 155 3358 310 3413; x_wconf 74' lang='grc' dir='ltr'>ἐπανιέναι</span> <span class='ocrx_word' id='word_1_695' title='bbox 326 3358 428 3390; x_wconf 87' lang='grc' dir='ltr'>πάλιν.</span> <span class='ocrx_word' id='word_1_696' title='bbox 444 3359 556 3436; x_wconf 51' lang='lat' dir='ltr'>{symae</span> <span class='ocrx_word' id='word_1_697' title='bbox 570 3360 601 3391; x_wconf 84' lang='grc' dir='ltr'>δὲ</span> <span class='ocrx_word' id='word_1_698' title='bbox 617 3360 697 3392; x_wconf 85' lang='grc' dir='ltr'>κατὰ</span> <span class='ocrx_word' id='word_1_699' title='bbox 716 3361 849 3400; x_wconf 84' lang='grc' dir='ltr'>Κροῖσον</span> <span class='ocrx_word' id='word_1_700' title='bbox 864 3361 916 3391; x_wconf 87' lang='grc' dir='ltr'>καὶ</span> <span class='ocrx_word' id='word_1_701' title='bbox 933 3362 1045 3400; x_wconf 81' lang='grc' dir='ltr'>Κῦρον,</span> <span class='ocrx_word' id='word_1_702' title='bbox 1060 3357 1243 3399; x_wconf 81' lang='grc' dir='ltr'>Ὀλυμπιάδι</span> <span class='ocrx_word' id='word_1_703' title='bbox 1260 3358 1284 3388; x_wconf 91' lang='grc' dir='ltr'>ν’</span> <span class='ocrx_word' id='word_1_704' title='bbox 1309 3359 1425 3400; x_wconf 80' lang='grc' dir='ltr'>(ὀγδόῃ</span> <span class='ocrx_word' id='word_1_705' title='bbox 1446 3361 1518 3392; x_wconf 81' lang='lat' dir='ltr'>cod.</span> <span class='ocrx_word' id='word_1_706' title='bbox 1534 3363 1572 3392; x_wconf 89' lang='lat' dir='ltr'>V.</span> <span class='ocrx_word' id='word_1_707' title='bbox 1588 3361 1610 3400; x_wconf 93' lang='lat'>).</span> <span class='ocrx_word' id='word_1_708' title='bbox 1636 3361 1773 3402; x_wconf 78' lang='grc' dir='ltr'>Ἔγραψε</span> <span class='ocrx_word' id='word_1_709' title='bbox 1788 3362 1818 3393; x_wconf 80' lang='grc' dir='ltr'>δὲ</span> <span class='ocrx_word' id='word_1_710' title='bbox 1836 3362 1923 3398; x_wconf 77' lang='grc' dir='ltr'>οὗτος</span> <span class='ocrx_word' id='word_1_711' title='bbox 1941 3363 1992 3393; x_wconf 84' lang='grc' dir='ltr'>καὶ</span> <span class='ocrx_word' id='word_1_712' title='bbox 2015 3361 2228 3397; x_wconf 76' lang='grc' dir='ltr'>καταλογάδην</span> 
     </span>
    </p>

    <p class='ocr_par' dir='ltr' id='par_1_32' title="bbox 116 3404 506 3445">
     <span class='ocr_line' id='line_1_82' title="bbox 116 3404 506 3445; baseline 0.005 -11"><span class='ocrx_word' id='word_1_713' title='bbox 116 3412 266 3444; x_wconf 82' lang='grc' dir='ltr'>εογονιαν,</span> <span class='ocrx_word' id='word_1_714' title='bbox 282 3405 324 3441; x_wconf 86' lang='grc' dir='ltr'>εἰς</span> <span class='ocrx_word' id='word_1_715' title='bbox 337 3405 396 3442; x_wconf 83' lang='grc' dir='ltr'>ἔπη</span> <span class='ocrx_word' id='word_1_716' title='bbox 409 3404 440 3445; x_wconf 89' lang='grc' dir='ltr'>χί</span> <span class='ocrx_word' id='word_1_717' title='bbox 463 3416 506 3437; x_wconf 90' lang='grc' dir='ltr'>ια.</span> 
     </span>
    </p>
   </div>
  </div>
 </body>
</html>
