2372 3704
1043 212 1176 254 FRAG
1185 215 1374 255 MENTA.

129 298 253 344 αὐτοὺς
262 331 273 348 ,
289 298 368 352 ἄρτι
378 299 439 338 καὶ
451 299 574 351 πρώην
587 300 620 344 ἐς
632 299 805 353 ἄρχοντας
821 299 1117 353 παρεληλυθότος·
1136 301 1175 339 οὖ

127 358 196 412 γὰρ
214 361 265 411 τῷ
291 360 434 411 παλαιῷ
458 374 497 411 γε
525 358 669 412 Βρούτῳ
687 359 999 412 λειφθῆναιγένος,
1022 359 1178 398 ἀνελόντι

127 416 206 461 τοὺς
232 417 343 461 υἱέας·
372 411 422 462 οἷς
454 419 472 455 ὁ
500 416 684 471 φιλόσοφος
710 417 898 469 ἀντιλέγων
919 417 1170 466 Ποσειδώνιος,

127 475 205 520 τοὺς
224 476 288 527 μὲν
319 477 354 514 ἐν
386 474 506 529 ἡλικίᾳ
538 476 643 530 φησὶν
675 477 895 516 ἀπολωλέναι
923 481 983 515 τοῦ
1023 476 1178 529 Βρούτου

126 536 276 583 παῖδας,
293 534 407 588 τρίτον
424 534 461 573 δὲ
479 536 660 589 λειφθῆναι
676 535 812 583 νήπιον,
831 535 890 588 ἀφ’
906 530 945 574 οὗ
963 535 1002 574 τὸ
1018 535 1114 587 γένος
1132 537 1178 580 εἷς

128 594 245 638 τούςδε
270 593 450 642 καθήκειν.
480 595 610 647 Μήτηρ
636 593 672 633 δὲ
699 595 815 639 αὐτοῖς
843 596 974 647 ἀδελφὴ
995 599 1055 633 τοῦ
1079 595 1177 648 φιλο-

129 652 242 706 σόφου
263 652 447 700 Κάτωνος,
466 653 504 692 ὃν
525 653 680 702 μάλιστα
701 654 890 705 Ῥωμαίων
909 657 927 692 ὃ
946 653 1178 708 πρεσὸύτερος

129 712 285 759 ἐζήλωσε
312 714 490 765 Βροῦτος,
520 713 608 751 θεῖον
635 712 718 751 ὄντα
745 713 805 752 καὶ
835 712 1009 761 κηδεστὴν
1034 711 1176 766 ὕστερον

128 770 325 822 γενόμενον.
347 770 486 824 Πορκίᾳ
504 769 572 824 γὰρ
592 771 633 818 δὴ
650 774 694 824 τῇ
716 771 774 813 ⁴⁴².

185 843 231 870 18.
252 829 338 870 Ἐπὶ
366 830 403 868 δὲ
423 832 492 874 τοῖς
511 829 673 881 Βρούτοις
692 830 798 875 Γάϊος
827 830 984 875 Κάσσιος
1011 825 1052 878 ἧν
1081 831 1117 869 ἐν
1133 833 1177 883 τῇ

129 889 356 942 συνωμοσίᾳ,
379 891 397 927 ὁ
418 889 575 942 Κράσσῳ
598 889 656 927 ἐπὶ
683 890 906 942 Παρθυαίους
919 878 1177 942 συστραέευσά·

129 963 231 999 μενος
243 978 254 998 ,
273 948 334 986 καὶ
351 948 533 1002 Σερὸίλιος
550 948 710 996 Κάσκας,
731 949 767 993 ὃς
787 947 828 996 δὴ
850 948 909 987 καὶ
928 951 1064 1000 πρῶτος
1084 947 1177 987 σπά-

128 1006 241 1046 σαιτὸ
257 1006 350 1060 ξίφος
367 1006 460 1045 κατὰ
484 1011 544 1046 τοῦ
565 1007 742 1061 Καίσαρος
772 1007 925 1059 λέγεται.
949 1007 1178 1052 Ἐπιστάντος

127 1065 165 1105 δὲ
189 1070 250 1105 τοῦ
278 1070 400 1120 καιροῦ
415 1098 425 1115 ,
455 1068 534 1105 καθ’
550 1066 588 1105 ὃν
619 1066 688 1105 ἔδει
715 1067 779 1114 τὴν
802 1066 930 1119 βουλὴν
947 1068 1176 1106 συνελθοῦσαν

126 1125 348 1178 χρηματίσαι
370 1141 404 1164 τι
421 1126 502 1178 περὶ
521 1128 590 1164 τῶν
616 1128 753 1174 κοινῶν,
783 1125 979 1179 παρῆν-καὶ
996 1128 1014 1164 ὁ
1035 1127 1177 1179 Καῖσαρ

127 1186 161 1229 ἐς
173 1185 212 1223 τὸ
232 1184 490 1237 βουλευτήριον,
513 1184 663 1236 μεθέξων
680 1188 747 1223 τῶν
768 1185 973 1237 γινομένων.
996 1185 1062 1229 ‘sse
1078 1185 1114 1223 δὲ
1134 1185 1178 1223 τὰ

128 1242 206 1297 ξίφη
221 1243 424 1293 διεκόμισαν
439 1245 474 1281 ἐν
485 1243 640 1295 κιὸωτίῳ
657 1243 724 1282 τινὶ
736 1244 1042 1297 κατακρύψαντες,
1055 1242 1176 1296 τρόπῳ

127 1302 164 1342 δὲ
178 1303 403 1355 συμὸολαίων
414 1302 512 1356 παρὰ
523 1303 562 1341 τὸ
577 1302 754 1356 συνέδριον
770 1303 919 1355 ἤγαγον,
942 1302 1068 1341 αὐτίκα
1086 1305 1177 1340 ἀνα-

126 1362 270 1406 στάντες
292 1361 353 1401 καὶ
375 1361 600 1415 περιστάντες
614 1362 672 1400 τὸν
691 1362 861 1416 Καίσαρα
882 1361 1172 1414 κατετίτρωσκον.

126 1419 367 1472 Ἐπιθεμένων
380 1420 416 1459 δὲ
432 1419 610 1469 αὖτῶν,τὰ
624 1421 686 1471 μὲν
700 1423 824 1473 πρῶτα
839 1420 953 1459 διώθει
968 1419 1046 1464 τοὺς
1060 1419 1178 1459 ἐπιόν-

125 1495 205 1528 τας,
226 1479 287 1519 καὶ
306 1478 398 1518 κατὰ
421 1480 568 1530 δύναμιν
588 1479 758 1531 ἠμύνετο·
778 1481 854 1518 ἐπεὶ
875 1479 911 1518 δὲ
935 1479 993 1518 τὸν
1022 1481 1176 1533 Βροῦτον

124 1541 247 1592 γυμνῷ
276 1540 326 1591 τῷ
361 1537 448 1592 ξίφει
478 1538 533 1576 ἐπ’
565 1539 669 1577 αὐτὸν
695 1542 879 1592 χωροῦντα
913 1538 973 1577 καὶ
1007 1538 1069 1577 σὺν
1107 1540 1178 1582 τοῖς

124 1598 304 1650 πολεμίοις
322 1597 533 1648 τεταγμένον
557 1597 747 1646 ἐθεάσατο,
766 1597 1051 1651 ἐγκαλυψάμενος
1066 1596 1177 1650 παρέ-

125 1659 215 1696 δωκε
233 1656 350 1696 παίειν
377 1656 417 1695 τὸ
439 1659 556 1708 σῶμα.
575 1659 678 1708 Τρεῖς
697 1661 778 1708 γοῦν
798 1656 858 1695 καὶ
877 1657 909 1695 κ’
925 1655 1062 1707 πληγὰς
1092 1658 1177 1694 ἀνα-

125 1716 310 1769 δεξάμενος
326 1715 572 1764 ἀναλίσκεται,
609 1717 694 1754 ἐτῶν
734 1715 807 1768 (δὲ)
832 1719 876 1769 τῇ
894 1716 993 1754 πόλει
1014 1715 1103 1766 μετὰ
1119 1715 1176 1754 τὸν

125 1776 326 1827 ἀνοικισμὸν
344 1776 442 1815 ἐννέα
459 1790 527 1814 που
544 1774 630 1828 πρὸς
654 1780 725 1820 τοῖς
745 1775 780 1829 ψ’
802 1775 1010 1828 γεγονότων.

602 1867 650 1901 72
668 1867 702 1893 a.

177 1934 326 1969 Tzetzes
342 1931 441 1969 Chil.
458 1931 516 1968 ΙΙΙ
530 1958 540 1976 ,
557 1930 605 1966 23
619 1958 628 1976 ,
644 1943 679 1967 v.
708 1930 754 1966 16
777 1943 786 1966 ε

206 2010 246 2042 Ἦ
259 2006 455 2049 Πτολεμαίου
468 2006 612 2048 σύναιμις
628 2031 638 2047 ,
652 2007 802 2039 δέσποινα
817 2008 1037 2050 Κλεοπάτρα...

207 2057 288 2095 αὕτη
302 2057 359 2088 σὺν
376 2055 569 2096 ἀρχιτέκτονι
583 2054 715 2096 Κυπρίῳ
729 2055 885 2096 Δεξιφάνει

207 2105 262 2142 τὴν
277 2103 437 2135 θάλασσαν
450 2103 644 2144 χερσώσασα
655 2103 710 2141 τὴν
723 2105 777 2139 τῆς
791 2102 1011 2142 Ἀλεξανδρείας

208 2151 283 2183 ὅσον
299 2151 375 2192 πρὸς
389 2147 608 2190 τετραστάδιον
621 2173 630 2189 ,
648 2150 710 2181 εἴτε
729 2149 838 2192 μικρόν
853 2161 882 2181 τι
899 2150 1011 2187 πλέον,

206 2199 260 2231 τὸν
275 2198 391 2238 πύργον
406 2195 604 2237 ἐξειργάσατο
617 2197 670 2228 τὸν
687 2198 834 2237 μέγιστον
851 2201 904 2235 τῆς
921 2195 1030 2238 Φάρου
1041 2222 1051 2237 ,

208 2245 320 2278 ὁλκάσι
337 2248 399 2286 φῶς
413 2244 568 2284 σωτήριον
583 2244 700 2284 μᾶλλον
714 2245 745 2276 ἐν
758 2244 833 2285 ζάλῃ
848 2245 977 2285 φαίνειν.
1003 2279 1007 2282 ,

207 2293 370 2334 Μέμνηται
386 2291 440 2333 μὲν
455 2291 607 2332 Βιργίλιος
621 2291 734 2328 ταύτης
748 2295 803 2329 τῆς
818 2291 1033 2333 Κλεοπάτρας,

208 2340 381 2376 Λουκιανὸς
393 2339 447 2371 καὶ
462 2339 598 2376 Γαληνὸς
611 2340 664 2370 καὶ
679 2339 878 2380 Πλούταρχος
892 2340 948 2371 σὺν
961 2340 1098 2380 τούτοις,

208 2388 379 2428 Διόδωρος,
392 2388 414 2419 Γ
416 2387 541 2427 εώργιος
555 2387 572 2417 ὁ
586 2387 726 2426 χρονικὸς
740 2387 796 2418 σὺν
810 2387 928 2425 ἄλλοις,

207 2435 262 2466 καὶ
280 2434 424 2471 Ἰωάννης
442 2433 507 2474 μετ’
527 2432 639 2470 αὐτοὺς
656 2433 823 2475 Ἀντιοχεὺς
840 2434 987 2474 ὑστέρως.

617 2503 680 2549 73.

178 2583 270 2617 Exc.
298 2581 413 2617 Salm.
447 2592 487 2629 p.
515 2579 589 2628 39²
625 2592 633 2614 :
655 2576 760 2620 Γάϊος
776 2576 918 2621 Ἰούλιος
941 2579 1083 2630 Καῖσαρ
1103 2576 1176 2621 νέος

123 2638 170 2677 ὢν
189 2637 280 2684 ἔδοξε
298 2639 374 2676 καθ’
390 2637 516 2680 ὕπνους
543 2636 777 2681 συνουσιάζειν
804 2639 848 2689 τῇ
869 2636 938 2688 ἰδίᾳ
957 2635 1084 2689 μητρὶ,
1113 2635 1175 2674 καὶ

124 2699 159 2735 ἐν
179 2698 256 2741 ταῖς
268 2696 407 2748 ἀγέλαις
428 2697 532 2734 αὐτοῦ
561 2694 667 2739 ἵππος
690 2694 814 2747 ἐτέχθη
831 2694 963 2746 χηλοὺς
980 2693 1070 2747 ἔχων
1097 2693 1173 2732 ἀντὶ

124 2758 233 2803 ὁπλῆς
242 2785 252 2803 ,
263 2755 324 2794 καὶ
333 2754 455 2793 οὐδένα
467 2754 581 2807 ἕτερον
596 2753 777 2801 ἀναὸάτην
792 2755 931 2805 ἐδέχετο
940 2784 949 2801 ,
961 2751 1052 2803 εἰμὴ
1067 2752 1171 2791 αὐτὸν

2205 227 2282 263 567

1239 302 1356 352 μόνον,
1380 305 1427 348 ὣς
1446 306 1464 342 ὁ
1481 305 1702 358 Βουκέφαλος
1720 306 1779 344 τὸν
1797 306 2027 360 Ἀλέξανδρον.
2048 309 2126 363 Πρὸ
2146 309 2183 348 δὲ
2202 316 2285 361 μιᾶς

1238 360 1370 414 ἡμέρας
1390 366 1450 401 τοῦ
1468 362 1617 401 θανάτου
1641 365 1767 416 αὐτοῦ,
1789 365 1899 411 ἔδοξεν
1920 369 2009 420 ὁρᾶν
2030 371 2051 415 ἡ
2072 369 2159 420 γυνὴ
2179 370 2286 408 αὐτοῦ

1239 421 1467 460 πεπτωκυῖαν
1483 421 1546 469 τὴν
1562 422 1674 461 οἰκίαν
1695 424 1819 472 αὐτοῦ,
1842 424 1902 463 καὶ
1932 426 2035 464 αὐτὸν
2065 426 2285 479 τραυματίαν

1239 477 1300 516 καὶ
1325 479 1451 530 αἵματι
1475 480 1691 533 κατάρρυτον
1715 481 1878 531 ἐμπεσεῖν
1901 486 1972 528 τοῖς
1994 484 2133 530 κόλποις
2162 487 2284 532 αὐτῆς.

1241 537 1409 589 Προϊόντι
1429 538 1465 576 δὲ
1488 539 1584 591 αὐτῷ
1605 538 1713 577 ἔδωκέ
1732 555 1783 584 τις
1805 541 1839 578 ἐν
1856 540 1972 593 χάρτῃ
1992 542 2054 589 τὴν
2081 543 2161 582 κατ’
2184 546 2286 583 αὐτοῦ

1239 595 1446 644 ε’πιὸουλήν·
1467 599 1486 635 ὁ
1507 597 1544 636 δὲ
1564 597 1652 636 ἄλλο
1671 614 1703 636 τι
1722 598 1865 649 νομίσας
1884 593 1994 651 εἶναι,
2026 601 2087 640 καὶ
2112 602 2168 640 διὰ
2187 607 2290 642 τοῦτο

1243 653 1292 706 μὴ
1320 655 1506 707 ἀναγνοὺς,
1532 656 1623 695 ἀλλὰ
1643 657 1721 701 δοὺς
1745 663 1815 700 τοῖς
1835 659 2114 711 ὑπογραφεῧσιν,
2134 661 2286 714 ἐσφάγη.

1730 739 1796 781 74.

1291 799 1383 836 Exc.
1395 800 1451 835 De
1467 798 1538 834 ins.
1554 811 1595 847 p.
1618 811 1663 859 αὶ
1690 812 1698 835 2
1712 796 1861 845 Ἐπειδὴ
1877 799 2016 851 Καῖσαρ
2031 799 2183 853 ἀνῃρέθη
2199 801 2291 839 κατὰ

1239 854 1280 894 τὸ
1315 854 1580 908 βουλευτήριον,
1618 859 1716 901 αὖθις
1751 856 1917 910 ἐμφύλιος
1956 856 2023 904 ἀνή
2051 860 2092 905 θη
2127 859 2288 910 πόλεμος.

1238 913 1330 958 Τοὺς
1345 913 1408 964 μὲν
1427 913 1495 967 γὰρ
1516 914 1682 960 αὐθέντας
1700 918 1763 954 τοῦ
1796 914 1995 968 Καίσαρος,
2016 932 2034 955 ο
2050 932 2071 954 α
2095 919 2155 963 τῆς
2179 921 2290 964 κοινῆς

1239 973 1432 1025 ἐλευθερίας
1445 973 1666 1026 προστάτας,
1687 979 1845 1028 περιεῖπε
1861 974 1901 1012 τὸ
1919 974 2093 1027 συνέδριον
2107 991 2116 999 ·
2135 975 2156 1014 δ’
2167 992 2207 1028 γε
2222 977 2291 1027 μὴν

1239 1030 1370 1075 ὕπατος
1390 1030 1588 1083 Ἀντώνιος,
1617 1038 1688 1077 τοῖς
1716 1032 1919 1085 ἀχθομένοις
1955 1035 1998 1085 τῇ
2021 1037 2082 1072 τοῦ
2115 1034 2294 1088 Καίσαρος

1238 1090 1381 1141 τελευτῇ
1402 1089 1654 1142 προσθέμενος,
1676 1090 1807 1136 πιέζειν
1835 1090 1912 1135 τοὺς
1942 1091 2069 1144 ἄνδρας
2093 1093 2154 1130 καὶ
2182 1109 2291 1131 κατα·

1238 1147 1414 1187 ναλίσκειν
1443 1150 1482 1187 ἐκ
1506 1149 1636 1193 παντὸς
1665 1148 1799 1188 ἐπενόει
1823 1149 1973 1202 τρόπου·
1995 1150 2054 1189 καὶ
2074 1152 2111 1189 οὐ
2140 1154 2293 1199 καθῆκεν

1240 1206 1340 1259 ἄχρις
1361 1201 1399 1246 οἷ
1420 1207 1574 1260 φυγάδας
1593 1211 1654 1255 τ’ἧς
1689 1209 1823 1253 πόλεως
1842 1208 1920 1253 τοὺς
1946 1209 2027 1262 περὶ
2057 1210 2115 1248 τὸν
2136 1212 2290 1263 Βροῦτον

1238 1265 1471 1313 κατέστησεν·
1491 1268 1522 1304 οἱ
1545 1266 1607 1317 μὲν
1626 1265 1694 1318 γὰρ
1723 1266 1930 1318 ὑπεξῆλθον,
1956 1267 2131 1312 δείσαντες
2149 1267 2211 1316 τὴν
2231 1273 2290 1308 τοῦ

1239 1322 1420 1362 Ἀντωνίου
1456 1324 1602 1376 δύναμιν
1649 1327 1941 1377 δημαγωγοῦντος
1977 1329 2056 1365 κατ’
2103 1328 2216 1365 αὐτῶν
2245 1327 2284 1366 τὸ

1238 1383 1380 1430 πλῆθος.
1394 1383 1439 1423 ‘H
1459 1382 1495 1422 δὲ
1524 1384 1632 1435 βουλὴ
1653 1384 1765 1438 ἀρχάς
1780 1400 1817 1423 τε
1833 1385 1893 1423 καὶ
1916 1385 2020 1436 τιμὰς
2045 1391 2115 1430 τοῖς
2145 1386 2291 1438 ἀνδράσι

1239 1441 1479 1494 προσένειμεν,
1497 1442 1618 1495 ἄρχειν
1644 1443 1775 1495 Συρίας
1803 1460 1839 1482 τε
1866 1443 1926 1483 καὶ
1949 1444 2168 1489 Μακεδονίας
2187 1447 2291 1498 ψηφι-

1239 1500 1389 1550 σαμένη.
1404 1500 1648 1553 Ταραχθείσης
1679 1502 1714 1539 δὲ
1731 1504 1792 1549 τῆς
1809 1501 1941 1546 πόλεως
1970 1505 2004 1542 ἐν
2025 1505 2154 1556 ἑαυτῇ,
2176 1504 2291 1542 πολλά

1238 1575 1274 1597 τε
1295 1558 1356 1597 καὶ
1377 1558 1508 1609 ἔκνομα
1527 1558 1585 1597 τὸν
1604 1558 1781 1598 Ἀντώνιον
1802 1560 2110 1612 διαπραττόμενον,
2124 1561 2289 1612 πολέμιον

1240 1619 1378 1656 ἀνεῖπεν
1398 1620 1420 1665 ἡ
1444 1617 1575 1670 βουλὴ,
1595 1618 1654 1656 ἐπί
1679 1633 1715 1656 τε
1736 1621 1779 1671 τῇ
1798 1619 1969 1672 συλλήψει
1997 1623 2058 1658 τοῦ
2077 1620 2199 1673 ἀνδρὸς
2221 1620 2289 1668 ἤδη

1239 1679 1300 1723 τῆς
1318 1676 1452 1720 πόλεως
1473 1675 1535 1714 σὺν
1551 1682 1627 1720 ταῖς
1645 1676 1786 1721 οἰκείαις
1803 1677 1990 1729 δυνάμεσιν
2011 1679 2267 1727 ἀπεληλυθότος
2279 1709 2288 1727 ,

1240 1735 1388 1774 Πάνσαν
1407 1751 1443 1774 τε
1460 1735 1521 1774 καὶ
1540 1733 1670 1789 Ἵρτιον
1685 1737 1764 1780 τοὺς
1782 1737 1932 1782 ὑπάτους
1956 1737 2151 1788 ἐκπέμπει,
2177 1738 2291 1792 τρίτον

1239 1793 1395 1846 ἡγεμόνα
1430 1794 1562 1839 τούτοις
1582 1794 1776 1840 ἐπιτάξασα
1799 1796 1858 1834 τὸν
1885 1796 2105 1846 Ὀκταούιον,
2137 1797 2188 1836 ἔτι
2216 1798 2301 1837 νέοψ

1239 1853 1337 1893 ὄντα.
1356 1853 1508 1905 Ζή[τει
1529 1855 1563 1892 ἐν
1584 1855 1663 1905 '‘*.]

1730 1920 1793 1967 75.

1293 1991 1384 2028 Exc.
1403 1991 1459 2026 De
1476 1991 1564 2028 virt.
1583 2003 1625 2039 p.
1648 1989 1722 2039 798
1741 2002 1751 2028 ε
1772 1987 1859 2029 Ὅτι
1881 1990 2040 2029 Φολουία
2060 1993 2082 2037 ἡ
2104 1990 2294 2031 Ἀντωνίου

1237 2046 1323 2098 γυνὴ
1345 2045 1541 2098 Κικέρωνος
1551 2050 1609 2084 τοῦ
1622 2046 1763 2100 ῥήτορος
1784 2049 2011 2099 ἀποτεμοῦσα
2031 2047 2095 2095 τὴν
2117 2049 2285 2102 κεφαλὴν,

1238 2105 1298 2143 καὶ
1315 2105 1373 2143 ἐπὶ
1391 2105 1460 2148 τοῖς
1474 2106 1596 2156 γόνασι
1615 2105 1796 2156 λαὸοῧσα,
1817 2106 1933 2145 πολλὰ
1954 2106 2017 2158 μὲν
2039 2109 2072 2151 ἐς
2091 2107 2198 2154 αὐτὴν
2213 2107 2289 2152 ἐξυ-

1240 2163 1359 2216 &picae
1388 2163 1449 2202 καὶ
1476 2166 1665 2215 ἐμπτῧσαι.
1694 2165 1805 2210 Τέλος
1828 2164 1864 2203 δὲ
1887 2165 1926 2203 τὸ
1952 2167 2058 2212 αὖτ’ῆς
2088 2165 2288 2210 διανοίξασα

1240 2224 1352 2274 στόμα
1365 2254 1375 2272 ,
1411 2223 1541 2262 ἐκείνου
1558 2240 1594 2261 τε
1615 2223 1676 2269 τὴν
1693 2226 1852 2275 γλῶτταν
1884 2224 2066 2269 ἐξελκύσαι
2082 2225 2142 2263 καὶ
2162 2228 2205 2277 τῇ
2230 2228 2289 2277 βε-

1239 2283 1322 2333 λόνῃ
1345 2285 1388 2335 τῇ
1413 2281 1506 2320 κατὰ
1536 2281 1599 2329 τὴν
1626 2282 1781 2336 κεφαλὴν
1801 2286 2087 2334 κατακεντῆσαι,
2109 2283 2223 2322 πολλά
2250 2299 2287 2322 τε

1239 2342 1298 2380 καὶ
1318 2341 1428 2393 μιαρὰ
1447 2340 1770 2394 προσφθεγξαμένη,
1787 2342 1844 2381 ἐπὶ
1855 2342 1894 2380 τὸ
1912 2345 2010 2394 βῆμα
2027 2346 2167 2390 τεθῆναι
2180 2358 2289 2395 προσ-

1239 2400 1371 2448 έταξεν,
1389 2399 1433 2438 ἵν’
1455 2400 1529 2439 ὅθεν
1566 2401 1643 2439 κατ’
1662 2402 1769 2448 αὐτῆς
1793 2403 2001 2454 δημηγορῶν
2021 2401 2179 2448 ἠκούετο,
2198 2403 2280 2440 ἐκεῖ·

1242 2464 1297 2498 θεν
1314 2459 1374 2498 καὶ
1395 2461 1518 2513 ὁρῷτο.

1288 2512 1397 2558 Οῧτοί
1410 2534 1449 2570 γε
1467 2518 1564 2569 μόνοι
1584 2518 1764 2567 ἐσώθησαν
1788 2519 1884 2567 τότε,
1918 2519 2002 2572 παρ’
2018 2513 2066 2558 ὧν
2084 2535 2123 2570 γε
2142 2519 2284 2557 πλείονα

1236 2575 1362 2615 ἔλαὸον
1382 2577 1473 2630 ἤπερ
1491 2577 1774 2624 τελευτησάντων
1793 2578 1903 2632 εὑρεῖν
1933 2577 2102 2624 ἤλπισαν.
2131 2577 2204 2616 Καὶ
2231 2577 2289 2616 ἵνα

1235 2635 1284 2685 μὴ
1300 2635 1397 2674 κεναὶ
1411 2638 1445 2674 ἐν
1465 2639 1534 2680 τοῖς
1546 2636 1749 2688 λευκώμασι
1763 2639 1832 2675 τῶν
1853 2637 1988 2689 ἀνδρῶν
2012 2637 2047 2674 αἱ
2061 2638 2176 2688 χῶραι
2188 2629 2286 2684 ὦσιν,

1234 2693 1368 2747 ἑτέρους
1385 2694 1604 2748 ἀντέγραψαν
1623 2694 1643 2733 ὅ
1656 2711 1694 2733 τε
1717 2698 1859 2748 Καῖσαρ
1875 2695 1935 2733 καὶ
1956 2694 2106 2739 Λέπιδος
2125 2695 2185 2733 καὶ
2206 2695 2285 2734 Ἀν-

1233 2753 1367 2797 τώνιος.
1389 2755 1547 2792 Τοιαῦτα
1567 2752 1629 2805 μὲν
1646 2754 1726 2806 περὶ
1756 2753 1819 2798 τὰς
1838 2753 1992 2807 σφαγὰς,
2013 2753 2127 2792 πολλὰ
2162 2754 2195 2792 δὲ
2228 2755 2289 2792 καὶ

125 2889 166 2896 -
177 2869 303 2911 Πορκίᾳ
318 2869 378 2909 γὰρ
394 2867 457 2910 τῇ]
483 2867 639 2899 nonnulla
656 2866 858 2899 exciderunt.
889 2866 978 2899 Dixit
991 2867 1112 2898 auctor*
1125 2868 1169 2898 M.
1188 2866 1323 2898 Junium
1339 2867 1493 2907 Brutum,
1510 2866 1675 2907 repudiata
1691 2866 1843 2906 Claudia,
1864 2875 1999 2899 uxorem
2015 2866 2144 2900 duxisse
2159 2867 2290 2899 Catonts

125 2916 224 2949 filiam
243 2916 402 2948 Porciam.
415 2933 459 2939 —
473 2915 492 2956 §
508 2920 556 2947 18.
572 2915 610 2946 ἐν
626 2914 800 2955 κιὸωτίῳ
817 2914 922 2956 κτλ.]
944 2917 989 2946 Ex
1009 2913 1121 2946 Dionis
1136 2914 1193 2946 lib.
1210 2915 1331 2953 XLIV,
1351 2917 1399 2945 ¹6.

166 2966 218 2996 Fr.
233 2966 272 2997 72
286 2972 318 2995 a.
339 2963 390 2995 Cf.
408 2962 539 2994 Ma1alas
552 2970 582 3002 p.
599 2964 658 2994 218
669 2985 679 3000 ,
695 2963 744 2993 14.
760 2962 894 2994 veriora
907 2970 939 2994 v.
954 2970 1006 3002 ap.
1022 2960 1172 2994 Strabon.
1187 2961 1290 3000 XVII,
1309 2968 1341 3001 p.
1357 2963 1430 3000 791,
1446 2959 1554 3000 ibique
1571 2958 1747 2993 Groskurd-

166 3013 222 3044 Fr.
242 3014 295 3043 73.
313 3011 364 3042 Cf.
379 3010 440 3042 Dio
457 3010 580 3048 XLlV,
606 3011 641 3041 17
660 3017 710 3048 sq.

166 3060 220 3091 Fr.
237 3060 288 3090 74.
307 3057 481 3098 Eutropius
494 3058 573 3094 vn,
601 3061 613 3088 ι
632 3065 640 3088 :
659 3058 755 3088 Anno
778 3055 875 3088 urbis
895 3057 981 3089 DCC
988 3055 1070 3096 ‚fere
1085 3063 1127 3088 ac
1143 3064 1248 3091 nono,
1266 3054 1448 3095 interjecto
1475 3055 1626 3090 Caesare,
1653 3053 1746 3086 bella
1766 3053 1886 3085 civilia
1901 3054 2070 3094 reparata
2086 3053 2180 3085 sunt.
2201 3054 2287 3085 Per-

126 3105 320 3138 cussoribus
333 3106 424 3136 enim
444 3106 589 3136 Caesart's
605 3105 747 3136 senatus
755 3102 917 3142 favebat.
932 3105 1104 3135 Antonius
1125 3102 1264 3141 consul,
1277 3103 1437 3142 partium
1462 3101 1624 3139 Caesaris,
1642 3099 1739 3132 civile
1754 3099 1842 3132 bello
1863 3101 2059 3140 opprimere
2074 3107 2128 3130 eos
2141 3098 2286 3130 conaba-

129 3155 199 3185 tur.
217 3154 310 3192 Erqo
326 3151 472 3184 turbata
497 3151 676 3191 republica
701 3150 818 3182 multa
834 3152 1002 3182 Antonius
1020 3150 1153 3182 scelera
1174 3150 1405 3184 committens,
1424 3156 1447 3180 α
1471 3149 1596 3180 senatu
1613 3147 1721 3180 hostis
1730 3147 1915 3188 judicatus
1937 3149 1999 3179 est.
2024 3147 2121 3178 Missi
2137 3145 2186 3178 ad
2209 3155 2286 3178 eum

127 3198 400 3241 persequendum
423 3198 489 3231 duo
513 3207 595 3231 coss.
616 3200 734 3231 Pansa
759 3199 792 3230 ec
808 3200 948 3230 Hirtius
960 3221 969 3238 ,
983 3200 1017 3230 ec
1043 3199 1255 3230 octavianus
1271 3195 1479 3229 adolescens.
1498 3212 1540 3217 -
1561 3193 1800 3236 ὑπεξῆλθον]
1817 3194 1898 3230 ἐπεξ.
1925 3193 1997 3226 cod.
2023 3212 2063 3219 —
2079 3191 2191 3234 τιμὰς]
2203 3192 2286 3228 τινὰς

127 3246 200 3279 cod.
215 3266 257 3273 -
268 3245 398 3288 Ἵρτιος]
412 3246 542 3287 Ἷρκτιος
555 3245 626 3277 cod.

169 3294 221 3325 Fr.
237 3295 288 3325 75.
303 3294 482 3333 Excerpta,
495 3292 578 3323 male
593 3293 719 3332 tamen,
737 3300 755 3324 e
771 3292 863 3324 Dion.
883 3293 1020 3330 XLVII,
1035 3300 1065 3323 c.
1085 3295 1124 3329 9,
1138 3290 1195 3323 ubi
1210 3290 1254 3322 sic
1269 3299 1277 3321 ε
1304 3291 1359 3326 Ὡς
1375 3289 1401 3321 δ’
1416 3288 1469 3321 οὖν
1483 3289 1536 3321 καὶ
1558 3290 1577 3327 ἠ
1596 3291 1652 3321 τοῦ
1665 3287 1839 3330 Κικέρωνός
1855 3298 1931 3319 ποτε
1955 3286 2116 3328 (κεφαλὴ)
2133 3283 2283 3325 ἐκομίσθη

128 3339 246 3380 σφίσιν,
257 3361 276 3370 ..
296 3339 313 3370 ὁ
328 3338 382 3380 μὲν
396 3338 550 3374 Ἀντώνιος
562 3338 662 3370 πολλὰ
675 3339 760 3380 αὐτῷ
773 3339 826 3370 καὶ
848 3339 982 3380 δυσχερῆ
999 3338 1181 3375 ἐξονειδίσας
1194 3361 1203 3377 ,
1220 3338 1314 3369 ἔπειτ’
1333 3337 1492 3368 ἐκέλευσεν
1508 3337 1603 3374 αὐτὴν
1620 3336 1839 3377 ἐκφανέστερον
1857 3339 1919 3374 τῶν
1942 3334 2043 3366 ἄλλων
2065 3334 2096 3365 ἐν
2109 3335 2154 3373 τῷ
2168 3331 2282 3373 βήματι

129 3387 330 3428 προτεθῆναι,
347 3385 386 3417 ἵν’
403 3386 470 3416 ὅθεν
486 3385 556 3416 κατ’
572 3386 668 3417 αὐτοῦ
681 3386 865 3426 δημηγορῶν
882 3386 1013 3423 ἠκούετο
1023 3408 1031 3423 ,
1047 3385 1177 3416 ἐνταῦθα
1194 3384 1272 3426 μετὰ
1284 3387 1338 3423 τῆς
1351 3384 1451 3425 χειρὸς
1466 3387 1519 3422 τῆς
1536 3384 1651 3423 δεξιᾶς,
1671 3384 1776 3424 ὥσπερ
1790 3382 2000 3422 ἀπετέτμητο,
2015 3382 2125 3422 ὁρῷτο.
2142 3380 2182 3411 Ἡ
2197 3379 2228 3410 δὲ
2246 3378 2282 3431 δὴ

130 3431 287 3465 Φουλουία
300 3431 329 3469 ἐς
348 3442 381 3463 τε
399 3432 452 3469 τὰς
466 3435 569 3475 χεῖρας
583 3432 689 3474 αὐτὴν,
704 3433 773 3474 πρὶν
788 3433 1049 3473 ἀπο-κομισθῆναι,
1068 3433 1206 3473 ἐδέξατο,
1225 3433 1277 3467 καὶ
1294 3432 1557 3473 ἐπιπικραναμένη
1575 3432 1603 3464 οἱ
1621 3431 1673 3462 καὶ
1690 3431 1875 3471 ἐμπτύσασα
1885 3453 1894 3469 ,
1910 3428 1959 3460 ἐπί
1974 3438 2006 3459 τε
2020 3427 2058 3458 τὰ
2075 3425 2192 3468 γόνατα
2207 3425 2280 3457 ἐπε-
