2372 3704
178 263 254 296 ⁴76

178 344 333 381 erotica.
359 342 415 380 Cf.
439 343 575 381 Osann.
599 341 804 391 (Beitrcege
820 354 851 376 z.
873 354 929 390 gr.
948 354 985 378 u.
1002 353 1108 378 roem.
1125 341 1216 376 Lis.-

176 401 304 447 gesch.
322 414 359 450 p.
374 401 466 447 287.
485 400 595 451 293),
612 399 725 449 quem
741 400 868 436 laudat
877 401 1151 436 Westermann.
1171 397 1218 433 ad

179 460 283 497 Voss.
318 472 356 507 p.
379 458 476 504 485,
499 460 681 507 inspicere
700 458 792 493 mihi
811 470 889 493 non
909 458 1030 494 licuit.
1054 477 1104 484 --
1131 455 1217 491 Phi-

182 518 304 564 lippus
330 519 546 566 Megaricus
573 517 620 555 de
651 517 821 564 Stilpone
844 516 1070 564 philosopho
1089 515 1218 550 lauda-

179 581 241 609 tur
262 575 420 623 Diogeni
451 577 496 612 L.
522 576 583 620 11,
625 575 695 611 113
727 574 871 625 (locum
899 573 1157 621 exscripsimus
1179 574 1220 608 in

179 634 261 669 Vita
281 633 498 682 Clitarchi).

610 706 780 720 --οον-

399 783 675 839 PHILLIS
714 783 807 837 DE
818 782 989 839 LIUS.

505 904 625 942 ΠΕΡΙ
661 902 887 941 ΧΡΟΝΩΝ.

679 997 714 1021 10

234 1055 388 1091 Bekker.
410 1053 553 1091 Anecd.
573 1053 635 1089 Gr.
650 1065 688 1100 p.
712 1051 802 1097 783,
823 1051 845 1086 6
871 1064 877 1086 z
904 1049 1106 1101 Πυθόδωρος
1123 1051 1156 1087 ἐν
1171 1052 1220 1102 τῷ

183 1111 272 1163 Περὶ
291 1110 469 1162 στοιχείων
489 1109 654 1161 αφιλλαισ
673 1110 761 1159 (scr.
782 1107 840 1146 καὶ
857 1107 998 1159 Φίλλις)
1019 1107 1172 1154 ὃΔήλιος
1186 1110 1219 1146 ἐν

181 1171 230 1222 τῷ
247 1169 334 1221 Περὶ
342 1168 474 1221 χρόνων
487 1168 553 1220 πρὸ
568 1167 714 1217 Κάδμου
728 1166 864 1205 Δαναὸν
879 1166 1114 1217 μετακομίσαι
1132 1168 1220 1205 αὐτά

184 1227 247 1278 (τὰ
271 1226 483 1279 γράμματά)
505 1241 621 1279 φασιν.
642 1226 944 1277 Ἐπιμαρτυροῧσι
963 1223 1095 1267 τούτοις
1117 1223 1176 1262 καὶ
1190 1226 1219 1262 οἱ

183 1285 400 1332 Μιλησιακοὶ
431 1290 640 1337 συγγραφεῖς
663 1283 927 1335 Ἀναξίμανδρος
957 1282 1017 1320 καὶ
1045 1282 1220 1326 Διονύσιος

182 1344 241 1382 καὶ
262 1343 471 1390 Ἑκαταῖος,
493 1343 548 1387 οὒς
576 1342 635 1380 καὶ
654 1341 910 1393 Ἀπολλόδωρος
934 1343 967 1379 ἐν
985 1343 1084 1381 Νεῶν
1107 1356 1219 1378 κατα-

182 1402 273 1453 λόγῳ
290 1401 530 1453 παρατίθεται.
549 1403 736 1439 Chronica
749 1403 856 1438 citari
871 1403 1077 1450 putaveris;
1094 1415 1221 1449 quam-

182 1474 296 1509 quam
314 1463 424 1497 etiam
450 1460 539 1512 Περὶ
558 1459 691 1511 χρόνων
713 1461 885 1510 μουσικῶν
909 1461 1004 1496 liber
1022 1461 1129 1496 fuisse
1149 1473 1222 1509 po-

183 1527 265 1557 test.

482 1582 606 1620 IIEPI
641 1581 922 1619 ΜΟΥΣΙΚΗΣ.

469 1680 500 1713 Ε
532 1678 679 1715 LIBRO
708 1677 948 1715 SECUNDO.

687 1763 721 1786 2.

237 1821 436 1858 Athenaeus
466 1820 550 1864 XV,
572 1833 613 1868 p.
634 1819 725 1863 636,
748 1820 776 1853 Β
799 1831 807 1853 :
831 1818 902 1856 Καὶ
919 1816 1044 1860 Φίλλις
1073 1817 1101 1853 δ’
1118 1818 1135 1853 ὁ
1152 1815 1223 1863 Δή-

185 1880 254 1921 λιος
271 1879 305 1915 ἐν
322 1876 470 1929 δευτέρῳ
491 1876 578 1927 Περὶ
599 1879 764 1926 μουσικῆς
785 1874 954 1927 διαφέρειν
969 1874 1053 1926 φησὶ
1073 1875 1224 1921 πηκτίδα

187 1935 396 1987 μαγάδιδος,
411 1935 520 1986 λέγων
537 1933 642 1976 οὕτως
654 1949 663 1958 ·
683 1952 695 1966 α
713 1933 891 1979 Φοίνικες,
908 1931 1072 1978 πηκτίδες
1085 1962 1095 1982 ,
1109 1932 1224 1983 μαγά-

185 1995 290 2041 διδες,
327 1992 529 2043 σαμὸύκαι,
570 1991 760 2042 ἷαμὸύκαι,
799 1991 968 2043 τρίγωνα,
996 1990 1224 2041 κλεψίαμὸοι,

185 2052 388 2104 σκινδαψοὶ,
411 2050 632 2103 ἐννεάχορδα.
653 2050 715 2089 Ἐν
742 2053 789 2093 οἷς
808 2049 874 2101 γὰρ
904 2049 1022 2101 (φησι)
1047 2065 1124 2092 τους
1144 2049 1224 2099 ἷάμ-

186 2111 265 2154 ὅους
281 2105 375 2162 ῃδον,
405 2108 580 2159 ἷαμὸύκας
597 2107 759 2146 ἐκάλουν·
779 2109 813 2146 ἐν
834 2111 883 2151 οἱς
900 2108 935 2145 δὲ
961 2107 1225 2159 παρελογίζοντο

184 2168 228 2206 τὰ
256 2171 301 2210 ἐν
311 2184 361 2206 τοι
365 2185 379 2211 ς
407 2167 559 2219 μέτροις,
587 2166 839 2219 κλεψιάμὸους.
874 2165 1081 2214 Μαγάδιδας
1113 2165 1147 2203 δὲ
1182 2167 1225 2204 τὰ

186 2225 243 2263 διὰ
260 2229 382 2264 πασῶν
416 2225 474 2263 καὶ
497 2224 581 2276 πρὸς
606 2224 666 2262 ἴσα
686 2224 729 2262 τὰ
759 2224 846 2276 μέρη
864 2226 930 2262 τῶν
952 2223 1102 2277 ᾀδόντων
1116 2227 1225 2276 ἡρμο-

186 2284 309 2334 σμένα.
328 2283 401 2323 Καὶ
421 2283 510 2321 ἄλλα
531 2285 560 2320 δ’
578 2277 619 2329 ἦν
640 2283 736 2335 παρὰ
753 2286 883 2320 ταῦτα·
900 2282 958 2320 καὶ
978 2281 1044 2332 γὰρ
1067 2281 1227 2334 βάρίῗιτος

185 2341 207 2387 ἢ
232 2342 382 2393 βάρμος·
404 2341 462 2379 καὶ
479 2341 569 2378 ἄλλα
596 2341 738 2379 πλείονα
751 2370 761 2387 ,
779 2340 822 2378 τὰ
844 2340 906 2390 μὲν
924 2339 1071 2392 ἔγχορδα
1085 2371 1093 2387 ,
1114 2341 1158 2378 τὰ
1190 2340 1225 2378 δὲ

187 2398 295 2449 ἔνηχα
308 2429 317 2446 ,
336 2397 600 2442 κατεσκεύαζον.
624 2415 639 2431 >›

239 2457 424 2494 Praeterea
443 2459 482 2492 in
502 2458 712 2506 fragmento
725 2459 789 2493 illo
805 2459 949 2494 incerto
965 2459 1069 2506 quod
1088 2459 1224 2494 Censo—

187 2516 272 2551 rino
294 2516 449 2551 attribui
469 2517 585 2562 solet,
609 2516 656 2551 de
676 2528 716 2551 re
736 2517 877 2552 musica
904 2517 1103 2552 laudantur
1123 2517 1225 2552 Pon-

187 2575 266 2620 dos,
283 2574 495 2622 Hyperides,
530 2576 670 2619 Follis,
699 2575 766 2609 ubi
788 2574 970 2612 Cauchius
994 2575 1125 2622 reponi
1145 2575 1226 2609 vult

543 2695 555 2745 (
573 2695 843 2734 cimorum.
861 2695 871 2744 >

229 2778 430 2819 pythodorus
442 2779 474 2810 in
485 2778 565 2810 libro
583 2780 627 2810 De
640 2778 803 2810 literarum
819 2778 981 2809 elementis
993 2778 1024 2808 et
1040 2777 1148 2808 Phillis
1164 2779 1225 2808 De-

189 2831 249 2861 lius
261 2831 290 2861 in
308 2831 473 2864 chronicis
485 2835 559 2863 ante
571 2831 731 2863 Cadmum
745 2830 850 2862 literas
862 2839 880 2861 a
898 2832 1006 2861 Danao
1026 2830 1056 2860 in
1071 2829 1224 2861 Graeciam

190 2883 358 2913 translatas
371 2891 438 2914 esse
453 2883 552 2914 aiunt.
579 2882 798 2922 suffragantur
819 2882 866 2912 bis
885 2881 980 2912 etiam
998 2880 1110 2912 Milesii
1133 2880 1224 2911 histo-

190 2933 244 2964 rici
261 2934 496 2965 Anaximander
515 2936 546 2965 et
570 2934 738 2974 Dionysius
753 2935 785 2965 et
809 2934 991 2972 Hecataeus,
1014 2941 1152 2973 quorum
1177 2934 1225 2963 te-

193 2985 343 3016 stimonia
358 2985 567 3025 Apollodorus
583 2994 710 3025 quoque
727 2986 758 3016 in
775 2985 912 3017 Navium
932 2984 1074 3024 catalogo
1087 2984 1226 3024 apponit.

560 3066 628 3104 DE
649 3066 855 3104 MUSICA.

695 3137 728 3168 2.

231 3197 334 3235 Atque
344 3195 439 3226 etiam
459 3195 567 3227 Phillis
589 3196 698 3227 Delius
720 3197 859 3228 secundo
873 3196 953 3227 libro
968 3198 1014 3228 De
1031 3195 1149 3227 musica
1171 3194 1228 3226 dil-

191 3247 273 3278 terre
290 3246 464 3278 dicit-inter
489 3246 643 3286 pectidem
662 3249 693 3278 et
707 3247 902 3287 magadidem
915 3271 924 3286 ,
942 3247 996 3279 ubi
1015 3247 1058 3279 ait
1077 3259 1084 3278 ε
1101 3260 1115 3274 α
1138 3247 1229 3278 Phoe-

190 3299 276 3330 nices
284 3323 293 3337 ,
306 3298 444 3338 pectides
453 3322 461 3336 ,
474 3298 654 3338 magadides
663 3323 672 3338 ,
683 3299 843 3330 sambucae
853 3324 861 3339 ,
874 3299 1029 3331 iambucoe
1038 3324 1046 3338 ,
1060 3299 1229 3339 trIangula,

192 3349 391 3390 clepsiarnbi,
406 3349 575 3389 scindapsi,
592 3350 862 3381 novem-chordia.
882 3352 961 3382 Nam
975 3350 1104 3390 quibus,
1115 3350 1228 3390 inquit,

194 3402 316 3433 iambos
326 3402 500 3440 canebant,
517 3402 682 3433 iamhucas
696 3405 812 3435 vocant
828 3416 835 3434 ι
858 3403 973 3443 quibus
985 3404 1093 3434 autem
1105 3403 1230 3434 eosdem

197 3453 239 3484 ita
253 3453 408 3485 canebant
418 3478 426 3494 ,
442 3454 477 3485 ut
491 3454 579 3493 quasi
595 3454 703 3485 furtim
717 3455 877 3486 mutarent
888 3456 999 3494 metra,
1012 3454 1228 3494 clepsiambos.

958 251 1207 291 PHILLlDlS
1220 280 1229 297 ‚
1262 249 1561 290 PHILISTIDIS
1575 277 1584 296 ‚

1278 341 1480 387 Hipponax
1513 338 1774 387 (Hippoclides
1803 338 2010 374 Nonnesius
2036 338 2313 390 probabilius),

1280 398 1501 445 Hyperides,
1525 397 1679 442 Phyllis.
1699 395 1752 432 Cf.
1762 397 1901 441 Mahne
1923 396 1970 432 ad
1991 398 2153 436 Aristox.
2168 411 2206 445 p.
2226 397 2312 444 157.

1782 468 1818 505 3.

1331 538 1466 572 Athen.
1480 539 1513 585 1,
1531 550 1570 585 p.
1592 549 1656 583 21,
1675 538 1704 573 F
1719 550 1726 572 :
1744 535 1870 579 Φίλλις
1889 538 1906 573 ὁ
1922 536 2046 581 Δήλιος
2064 538 2225 586 μουσικὸς
2240 537 2318 582 τοὺς

1281 593 1449 644 ἀρχαίους
1467 593 1552 645 φησὶ
1569 593 1778 646 κιθαρῳδοὺς
1794 593 1942 639 κινήσεις
1959 595 2027 632 ἀπὸ
2041 622 2045 625 ‚
2062 595 2125 645 μὲν
2140 601 2200 635 τοῦ
2214 612 2319 648 προσ-

1280 649 1376 687 ώπου
1397 649 1523 701 μικρὰς
1541 649 1666 702 φέρειν,
1698 651 1768 689 ἀπὸ
1787 653 1901 689 ποδῶν
1922 651 1958 689 δὲ
1982 653 2139 700 πλείους,
2159 654 2316 704 ἔμὸατη-

1282 707 1370 759 ρίους
1390 707 1448 745 καὶ
1467 707 1682 759 χορευτικάς.

1336 825 1469 861 Suidas
1484 837 1493 863 t
1513 823 1676 871 Σκόλιον,
1695 826 1716 870 ἡ
1731 823 1904 876 παροίνιος
1922 824 1995 877 ᾠδή
2006 854 2017 875 ‚
2031 839 2168 864 nomen
2185 829 2318 874 habet,

1281 883 1325 924 ὡς
1342 881 1566 934 Ἀριστόξενος
1588 881 1652 931 (fr.
1674 883 1741 933 59)
1759 881 1819 919 καὶ
1835 881 1960 926 Φίλλις
1975 885 1992 920 ὁ
2013 884 2192 936 μουσικὸς,
2209 883 2261 928 ὅτι
2284 888 2318 924 ἐν

1281 942 1351 982 τοῖς
1369 940 1493 990 γάμοις
1509 939 1605 991 παρὰ
1624 939 1706 989 μίαν
1721 939 1893 992 τράπεζαν
1912 940 2042 985 πολλὰς
2067 942 2187 986 κλίνας
2215 944 2287 982 τιθέ
2272 961 2319 982 --ν

1280 1013 1334 1040 τες
1351 997 1447 1049 παρὰ
1465 1013 1566 1048 μερος
1588 997 1663 1044 ἑξῆς
1681 998 1847 1051 μυρρίνας
1866 999 2002 1050 ἔχοντες
2015 997 2060 1050 [ἢ
2082 1000 2211 1053 δάφνας
2230 1003 2316 1040 add.

1282 1058 1402 1095 schol.
1420 1058 1569 1093 Platon.
1577 1056 1592 1107 ]
1612 1050 1693 1105 ᾐδον
1720 1072 1860 1107 γνωμας
1884 1057 1944 1094 καὶ
1977 1057 2124 1109 ἐρωτικὰ
2150 1059 2318 1097 σύντονα·

1281 1118 1303 1160 ἡ
1323 1113 1357 1151 δὲ
1381 1114 1537 1166 περίοδος
1556 1114 1714 1152 σκολιὰ’
1700 1115 1827 1166 εγίνετο
1847 1115 1904 1154 διὰ
1919 1117 1982 1163 τὴν
2002 1116 2093 1155 θέσιν
2109 1119 2176 1156 τῶν
2194 1119 2318 1157 κλινων

1285 1172 1364 1223 [ἐπι
1381 1172 1579 1223 οἰκημάτων
1594 1173 1816 1224 πολυγωνίων
1836 1176 1944 1212 οὐσῶν
1959 1177 2074 1215 schol.
2094 1178 2186 1214 Plat.
2198 1177 2227 1228 ].

1335 1230 1483 1281 Φίλλις]
1499 1232 1630 1268 Suidas
1647 1230 1790 1275 Φύλλις.
1809 1234 1899 1270 Ead.
1919 1235 2088 1281 Photius;
2101 1236 2168 1271 ubi
2187 1233 2316 1281 Φίλης;

1282 1297 1318 1324 et
1330 1290 1447 1326 schol.
1467 1290 1622 1326 Lucian.
1637 1302 1678 1337 p.
1706 1290 1750 1326 16
1769 1291 1828 1328 ed.
1846 1292 2028 1337 Jacobitz‚
2044 1292 2109 1327 ubi
2129 1291 2267 1338 Φίλων;
2283 1300 2320 1329 et

1284 1348 1411 1383 Schol.
1431 1349 1578 1385 Platon.
1600 1349 1717 1397 Gorg.
1739 1362 1780 1398 p.
1810 1350 1880 1385 103
1902 1351 2073 1396 Ruhnk.‚
2091 1353 2157 1387 ubi
2172 1350 2318 1396 Φύλλις.

1282 1407 1335 1440 Ex
1364 1406 1481 1442 Suida
1510 1407 1719 1455 migrarunt
1753 1408 1792 1442 in
1820 1408 1939 1446 schol.
1964 1409 2091 1447 Aldin.
2123 1411 2316 1459 Aristoph.

1282 1465 1405 1501 Rann.
1449 1477 1461 1498 1
1474 1464 1546 1500 302
1587 1472 1623 1499 et
1659 1466 1768 1512 Vesp.
1816 1466 1914 1513 1239
1956 1465 2011 1514 (ν.
2050 1467 2110 1503 ed.
2148 1469 2317 1506 Dfibner.

1282 1535 1306 1571 p
1321 1551 1328 1559 .
1353 1521 1471 1570 535).
1495 1522 1551 1560 Cf.
1570 1522 1617 1558 de
1635 1534 1675 1558 re
1695 1523 1809 1560 Fuhr.
1828 1524 1876 1559 ad
1893 1525 2097 1562 Dicaearch.
2109 1538 2147 1574 p.
2166 1525 2215 1562 80
2233 1539 2290 1574 sq.

1785 1599 1820 1634 6.

1590 1679 1713 1716 ΠΕΡΙ
1754 1678 2010 1717 ΑΥΛΗΤΩΝ.

1336 1765 1534 1800 Athenaeus
1543 1765 1626 1808 XV,
1642 1777 1681 1812 p.
1701 1763 1789 1809 634,
1807 1766 1840 1800 D
1860 1765 2055 1814 :Magadin
2066 1766 2242 1803 tibiarum
2253 1780 2318 1816 ge-

1283 1835 1352 1858 nus
1369 1835 1442 1858 esse
1461 1834 1584 1870 neque
1595 1823 1838 1858 Aristoxenus
1849 1824 1899 1858 ait
1913 1836 2037 1871 neque
2058 1825 2270 1872 Pyrrander
2285 1825 2320 1860 ἐν

1286 1881 1333 1916 τῶ
1355 1879 1442 1928 Περὶ
1462 1879 1634 1925 αὐλητῶν,
1653 1893 1775 1928 neque
1792 1879 1918 1923 Φίλλις
1937 1880 2112 1927 ὃΔήλιος·
2133 1881 2321 1933 ξυνέγραψε

1284 1935 1349 1990 γὰρ
1365 1936 1424 1974 καὶ
1440 1939 1536 1979 οὗτος
1557 1936 1645 1988 Περὶ
1663 1938 1822 1983 αὐλητῶν
1839 1937 1898 1975 καὶ
1919 1937 2129 1990 Εὐφράνωρ.

1705 2049 1909 2064 ⁴000...-

1569 2133 2036 2190 PHILISTIDES.

1768 2261 1821 2284 ·1.

1339 2311 1480 2346 Plinius
1497 2312 1544 2346 H.
1566 2312 1611 2348 N.
1631 2312 1693 2355 IV,
1712 2323 1741 2346 s.
1767 2322 1814 2346 20
1835 2323 1841 2344 z
1864 2312 1898 2345 Λ
1914 2322 2001 2358 rege
2020 2311 2187 2347 Curetum
2202 2311 2322 2348 Phili,-

1284 2370 1396 2404 stides
1413 2382 1465 2407 se.
1485 2369 1634 2406 Cretam
1650 2370 1875 2417 appellatam
1893 2380 1970 2404 esse
1986 2369 2050 2405 ait.

1786 2460 1822 2484 2.

1338 2517 1487 2552 Servius
1508 2516 1556 2551 ad
1579 2517 1682 2563 Virg.
1702 2516 1781 2552 Ecl.
1805 2516 1845 2559 Ι,
1864 2515 1913 2550 66
1931 2527 1939 2552 :
1958 2523 1994 2551 et
2012 2516 2189 2564 rapidum
2205 2517 2324 2556 Cretae

1284 2575 1474 2611 veniemus
1502 2575 1663 2618 Oaxem]
1701 2574 1844 2609 Oaoeem
1875 2573 2124 2610 Philistlzenes
2155 2574 2246 2624 (sic)
2273 2579 2327 2610 ait

1290 2684 1316 2712 Μ
1321 2682 1466 2721 agadidas
1481 2690 1555 2713 vero
1565 2706 1572 2720 ‚
1587 2681 1798 2713 instrumenta
1806 2682 1995 2713 concentum
2004 2682 2054 2713 διὰ
2067 2685 2178 2714 πασῶν
2187 2682 2324 2722 edentia,

1288 2734 1320 2763 et
1362 2733 1510 2763 omnibus
1549 2733 1731 2763 canentium
1770 2732 1912 2772 partibus
1945 2741 2094 2773 peraeque
2120 2734 2325 2770 concinentia.

1290 2786 1383 2814 Erant
1400 2792 1475 2814 vero
1488 2785 1603 2823 praeter
1616 2783 1685 2814 haec
1700 2785 1732 2814 et
1750 2783 1810 2814 alia
1820 2807 1829 2823 ,
1846 2783 1943 2815 veluti
1955 2783 2094 2815 barbitos
2107 2785 2162 2816 ant
2174 2784 2323 2816 barmus:

1288 2835 1318 2865 et
1332 2834 1393 2865 alia
1421 2834 1512 2873 plura
1540 2834 1765 2873 conficiebant,
1794 2835 1909 2873 partim
1937 2834 2052 2866 fidibus
2078 2836 2185 2875 tensa,
2211 2836 2326 2875 partim

1287 2893 1412 2916 sonora.
1429 2897 1443 2911 υ

1330 2983 1438 3015 Phillis
1453 2983 1558 3014 Delius
1568 2983 1708 3014 musicus
1722 2984 1844 3014 veteres
1854 2983 2044 3015 citharoedos
2056 2983 2100 3015 ait
2115 2984 2240 3016 vultum
2254 2986 2326 3025 qui·

1288 3033 1360 3065 dem
1374 3043 1485 3074 parum
1500 3034 1651 3071 movisse,
1668 3033 1801 3073 pedibus
1814 3042 1889 3064 vero
1902 3034 2020 3066 multos
2035 3034 2190 3074 peregisse
2205 3037 2324 3074 motus,

1289 3086 1518 3125 processionem
1537 3085 1706 3117 militarem
1722 3085 1882 3116 imitantes
1891 3087 1922 3116 et
1934 3085 2123 3117 saltatorios.

1790 3140 1823 3171 4.

1330 3194 1471 3226 Scolium
1484 3203 1612 3225 carmen
1623 3194 1704 3224 inter
1721 3194 1834 3233 pocula
1848 3193 1916 3224 cani
1928 3193 2059 3225 solebat.
2075 3194 2280 3227 Aristoxenus
2295 3197 2328 3230 et

1292 3246 1397 3278 Phillis
1410 3245 1550 3276 musicus
1563 3245 1695 3276 scolium
1722 3244 1794 3276 inde
1812 3244 2004 3284 appellatum
2031 3244 2177 3284 tradunt,
2194 3246 2280 3286 quod
2295 3247 2327 3278 in

1292 3298 1409 3337 nuptiis
1417 3297 1499 3328 circa
1507 3305 1603 3327 unani
1612 3304 1752 3327 mensam
1764 3295 1907 3335 pluribus
1917 3296 2007 3326 lectis
2015 3296 2177 3327 collocatis
2184 3320 2193 3335 ‚
2206 3299 2328 3337 myrtns

1291 3349 1339 3379 vel
1355 3349 1461 3379 lauros
1475 3349 1619 3379 tenentes
1628 3347 1707 3378 alter
1721 3348 1791 3386 post
1807 3347 1942 3378 alterum
1957 3347 2126 3379 sententias
2143 3349 2175 3379 et
2188 3349 2328 3380 carmina

1291 3401 1446 3432 anmtoria
1460 3399 1571 3430 ordine
1594 3402 1752 3430 canerent.
1775 3399 1932 3430 Circuitus
1945 3400 2052 3430 autem
2078 3401 2145 3431 erat
2160 3399 2325 3440 obliquus,

1294 3454 1382 3485 lectis
1396 3454 1439 3485 sic
1456 3452 1626 3484 collocatis.
