2326 3724
972 219 1308 260 FRAGMENTA.

69 311 267 353 ὑποθέσθαι.
293 310 365 352 Καὶ
387 312 432 356 ὣς
459 308 595 357 ἐξεδόθη
612 307 806 352 Ἐπινίκιος
824 307 960 348 Ἴλλου·
983 307 1043 347 καὶ
1065 309 1111 353 ὡς

68 371 256 423 ὑποσχέσει
275 370 335 410 καὶ
354 369 548 421 ἀμνηστίας
567 368 627 407 καὶ
644 369 845 421 εὐεργεσιῶν
862 366 975 411 ἐξεῖπε
995 367 1110 405 πάντα

69 427 282 478 Ἐπινίκιος,
303 428 368 467 ὅσα
384 426 593 467 ἐπεὸούλευε
615 427 748 478 Βηρῒνα
775 425 867 464 κατὰ
882 424 1015 465 Ἴλλου.
1038 425 1111 464 Καὶ

0 498 2 502 ’
66 487 113 530 ὣς
138 487 259 534 Ζήνων
290 489 442 539 Βηρῒναν
472 484 530 524 διὰ
557 488 657 523 τοῦτο
681 484 882 531 ἐκδίδωσιν,
904 485 923 521 ὁ
949 484 979 521 δ’
1002 482 1110 530 αὐτὴν

0 541 5 587 ἶ
67 546 115 588 εἷς
150 545 306 599 φρούριον
340 543 499 587 Κιλικίας
545 543 752 595 ὑπερορίσας
791 541 1031 593 ἠσφαλίσατο·
1066 544 1112 585 ὡς

2 652 3 657 1
72 603 302 656 Παμπρεπίῳ
315 606 366 656 τῷ
379 602 540 641 δυσσεὸεἷ
549 601 605 639 διὰ
620 600 911 654 ΜοίρσουἸλλους
924 600 1109 654 φιλιωθεὶς,

0 663 4 678 ²
68 661 208 701 ἅπαντα
232 662 323 700 κατὰ
344 661 466 714 μικρὸν
489 660 629 713 συνέχεε
651 659 695 698 τὰ
721 661 840 699 αὐτοῦ.
859 659 924 703 Ὡς
948 658 1112 712 ἐμφύλιος

67 719 215 768 συνέστη
236 720 372 768 Ζήνωνι
392 719 566 768 πόλεμος,
583 718 786 771 ἐξάρχοντος
816 720 1022 771 Μαρκιανοῦ
1051 717 1111 756 καὶ

68 778 270 830 Προκοπίου
290 780 374 816 υἱῶν
389 782 447 816 τοῦ
464 778 734 830 βασιλεύσαντος
755 776 897 827 Ῥώμης
917 776 1110 827 Ἀνθεμίου,

0 834 4 875 ἓ
67 836 126 876 καὶ
142 836 378 890 κρατήσαντος
398 836 557 883 Ζήνωνος
577 836 619 874 δι’
635 834 756 875 Ἴλλου
768 865 778 882 ,
799 834 1032 888 πρεσὸύτερος
1049 835 1112 885 μὲν

67 895 270 948 Μαρκιανὸς
290 894 551 947 ἐχειροτονήθη,
571 898 588 933 ὁ
608 895 643 934 δὲ
662 894 859 948 Προκόπιος
874 894 958 944 πρὸς
972 894 1113 933 Θεοδώ-

68 967 164 1006 ριχον
194 953 252 992 τὸν
285 955 319 991 ἐν
353 952 480 1005 Θρᾴκῃ
515 953 668 1006 διέφυγε.
702 952 774 992 Καὶ
804 955 850 997 ὣς
882 952 1115 1005 ὑπερορισθεὶς

67 1011 269 1064 Μαρκιανὸς
285 1012 320 1050 ἓν
342 1011 583 1064 Καππαδοκίᾳ
603 1012 663 1050 καὶ
685 1011 860 1065 διαφυγὼν
881 1010 1026 1063 ἐτάραξε
1051 1011 1114 1058 τὴν

67 1073 146 1110 κατ’
165 1067 340 1125 Ἄγκυραν
361 1070 555 1110 Γαλατίαν·
582 1066 657 1109 εἶτα
688 1070 894 1123 συλληφθεὶς
925 1072 971 1114 εἷς
995 1069 1114 1108 Ἰσαυ-

69 1129 145 1182 ρίαν
165 1130 344 1183 διῳκίσθη.
369 1129 444 1169 Καὶ
466 1131 512 1173 ὡς
538 1133 559 1177 ἡ
579 1130 663 1182 πρὸς
680 1127 820 1169 Ἴλλουν
842 1129 951 1182 ἔχθρα
973 1131 1024 1182 τῷ
1050 1132 1114 1180 βα-

67 1189 157 1227 σιλεῖ
188 1188 337 1237 συνέστη
358 1188 418 1227 καὶ
447 1188 593 1237 ηὐξήθη.
616 1188 722 1228 Οὕτω
749 1188 812 1240 μὲν
838 1182 896 1227 οὖν
915 1187 975 1227 καὶ
999 1190 1017 1226 ὁ
1038 1187 1113 1226 δεύ-

67 1262 176 1300 τερος.

65 1365 186 1399 Verina
198 1365 398 1398 ‘moliretun
442 1368 549 1404 Quare
585 1368 670 1398 Zeno
698 1365 851 1398 Verinam
870 1365 930 1398 llio
961 1364 1112 1404 tradidit,

65 1417 122 1458 qui
135 1425 206 1449 eam
229 1417 264 1449 in
280 1417 402 1450 Ciliciae
429 1417 597 1449 castellum
613 1417 786 1457 ablegavit,
804 1419 903 1458 atque
930 1417 975 1448 ita
1003 1417 1113 1448 tutum

65 1477 134 1501 sese
160 1467 308 1512 reddidit.
354 1468 432 1499 lllus
469 1468 678 1509 Pamprepio,
711 1468 833 1500 homini
868 1468 984 1509 impio,
1016 1467 1112 1499 Marsi

65 1528 181 1561 opera,
196 1519 299 1560 factus
312 1527 407 1551 carus
418 1543 427 1559 ,
445 1519 598 1560 paulatim
611 1520 718 1552 omnia
737 1520 836 1561 ipsius
848 1520 974 1560 negotia
990 1521 1113 1560 pertur-

66 1571 167 1607 bavit.
209 1571 309 1604 Civiie
322 1571 440 1603 Zenoni
453 1571 575 1603 bellum
589 1571 650 1604 suit
665 1572 763 1612 atque
778 1571 966 1604 intestinum
978 1596 987 1612 ,
1005 1572 1113 1603 insur-

67 1624 212 1666 gentibus
239 1625 400 1657 Marciano
416 1626 514 1665 atque
537 1625 691 1666 Procopio
704 1648 713 1664 ,
734 1624 807 1656 filiis
819 1625 889 1665 ejus
902 1648 911 1663 ,
925 1625 979 1665 qui
1001 1626 1114 1656 Romae

67 1677 298 1719 imperaverat,
319 1678 490 1710 Anthemii.
537 1679 625 1715 Quos
637 1686 740 1718 quum
761 1677 840 1709 llius
853 1677 990 1709 Zenonis
1003 1677 1112 1718 auspi-

68 1731 125 1764 ciis
145 1730 334 1771 devicisset,
348 1731 530 1764 Marcianus
547 1731 678 1771 quidem
689 1732 766 1762 natu
780 1730 931 1771 grandior
946 1730 1115 1763 ordinatus

67 1784 116 1815 cst
132 1782 316 1824 presbyten
340 1783 514 1824 Procopius
529 1791 606 1815 vero
634 1782 673 1814 ad
702 1782 962 1815 Theuderichnm
980 1782 1114 1823 (Triarii

66 1835 170 1868 fliium
181 1836 192 1877 )
205 1837 240 1868 in
255 1837 423 1869 Thraciam
437 1837 592 1876 confugit.
637 1836 720 1874 Quin
737 1837 769 1867 et
782 1835 920 1867 extorris
938 1836 971 1867 in
989 1838 1114 1876 Cappa-

68 1888 161 1921 docia
176 1891 374 1929 Marcianus,
392 1891 464 1930 fuga
480 1889 622 1930 elapsus,
639 1898 712 1930 quae
726 1889 765 1921 ad
780 1892 938 1929 Ancyram
955 1889 1113 1930 pertinet,

70 1940 230 1973 Galatiam
242 1941 404 1981 turbavit,
419 1941 521 1973 donec
537 1943 649 1981 captus
665 1941 697 1972 in
711 1941 864 1973 Isauriam
881 1942 928 1972 est
944 1941 1113 1986 relegatus.

72 1995 108 2025 in
121 1993 215 2026 Illum
237 2002 367 2034 quoquc
388 1993 429 2025 ab
454 1993 647 2033 imperatore
665 1993 775 2025 odium
787 1995 980 2034 conceptum
995 1995 1042 2026 est
1055 2003 1115 2026 au-

71 2045 235 2085 ctumque.
249 2047 356 2087 Atque
368 2046 437 2078 hoec
449 2046 532 2078 libro
546 2045 688 2079 secundo
702 2046 838 2087 prodita.

2140 229 2208 264 137

1223 307 1270 347 Ὁ
1287 305 1323 346 δὲ
1340 306 1452 359 τρίτος
1473 305 1564 346 ἄλλα
1582 322 1618 346 τε
1638 306 1792 360 περιέχει
1808 307 1867 347 καὶ
1886 310 1932 352 ὡς
1951 310 1998 353 εἷς
2013 308 2052 347 τὸ
2066 309 2215 363 ἐμφανὲς

1168 363 1305 408 Ἴλλους
1321 363 1519 409 ἐπαναστὰς
1544 364 1681 412 Ζήνωνι
1705 365 1853 416 βασιλέα
1878 367 2039 405 Λεόντιον
2060 367 2121 406 σὺν
2143 370 2215 415 Βη-

1172 422 1246 476 ρίνῃ
1263 425 1417 461 ἀνεῖπεν.
1435 422 1558 467 ’Ὀπως
1577 438 1614 460 τε
1631 423 1940 476 δυσπραγήσαντες
1964 425 2215 478 ἐπολιορκήθη-

1170 496 1248 528 σαν,
1278 480 1338 519 καὶ
1368 481 1508 525 ἁλόντες
1531 479 1816 533 ἀπετμήθησαν,
1833 481 1893 520 καὶ
1915 481 2029 520 τᾶλλα
2061 481 2122 526 ἕως
2154 485 2216 529 τῆς

1170 538 1330 586 Ζήνωνος
1346 540 1522 586 τελευτῆς.

1678 605 1699 629 2

1225 663 1359 701 Suidas
1387 677 1425 703 v,
1458 662 1645 715 Χειρίζω
1668 677 1677 701 :
1700 656 1870 706 Κοίνδιδος
1893 661 2050 716 (Κάδδος
2075 664 2215 714 codd.)

1170 721 1432 774 ἱστοριογράφος
1456 722 1561 774 φησὶν
1593 720 1647 760 ὅτι
1677 721 1776 761 Λέων
1808 724 1826 759 ὃ
1858 721 2066 767 Μακέλλης,
2087 724 2104 759 ὁ
2130 720 2219 772 μετὰ

1173 779 1379 832 Μαρκιανὸν
1413 780 1644 832 βασιλεύσας,
1684 780 1764 833 περὶ
1795 779 1858 827 τὴν
1889 779 2112 832 ἐκστρατείαν
2155 779 2218 826 τὴν

1172 838 1264 878 κατὰ
1294 838 1485 886 Βανδήλων
1504 838 1633 892 ἄπειρα
1653 839 1822 892 χρήματα
1843 839 2072 886 δεδαπάνηκε.
2098 832 2218 877 ’ἾΙσαν

1171 897 1262 950 γὰρ,
1283 900 1329 941 ὡς
1348 899 1379 935 οἱ
1407 901 1519 936 ταῦτα
1540 897 1761 951 ἐφανέρωσαν
1791 898 2043 951 κεχειρικότες,
2066 896 2122 935 διὰ
2154 897 2216 948 μὲν

1172 958 1240 994 τῶν
1276 955 1445 1009 ὑπάρχων
1478 956 1625 1009 χρυσίου
1661 956 1777 1009 λίτραι
1807 956 2095 1009 τετρακισμύριαι
2131 956 2218 1008 πρὸς

1173 1015 1471 1066 ἑπτακισχιλίαις·
1505 1013 1561 1053 διὰ
1594 1013 1629 1053 δὲ
1663 1018 1722 1053 τοῦ
1752 1014 1905 1067 κόμητος
1941 1018 2009 1053 τῶν
2033 1017 2217 1067 θησαυρῶν

1174 1074 1436 1125 ἑπτακισχίλιαι
1479 1073 1564 1126 πρὸς
1605 1073 1761 1126 μυρίαις·
1805 1074 1865 1112 καὶ
1901 1074 2065 1127 ἀργυρίου
2103 1073 2218 1126 λίτραι

1173 1133 1381 1171 ἑπτακόσιαι
1407 1133 1582 1185 χιλιάδες,
1623 1132 1683 1170 ἅτε
1719 1134 1788 1170 τῶν
1825 1133 2058 1183 ἀνηλωμένων
2093 1132 2220 1185 ἀρχόν-

1176 1208 1244 1230 των
1275 1193 1286 1243 (
1303 1191 1498 1244 ἀρκούντων
1518 1194 1640 1232 Vales.
1659 1193 1669 1242 )
1692 1193 1731 1229 ἐκ
1752 1191 1998 1242 δημευσίμων,
2018 1192 2078 1231 καὶ
2097 1194 2136 1230 ἐκ
2158 1196 2219 1230 τοῦ

1176 1251 1345 1303 βασιλέως
1359 1250 1551 1302 Ἀνθεμίου.
1570 1252 1626 1291 Cf.
1655 1253 1774 1290 Vales.
1795 1253 1846 1289 ad
1861 1254 2067 1302 Euagrium
2080 1267 2122 1303 p.
2156 1257 2219 1299 74.

1221 1365 1357 1396 Tertius
1373 1363 1488 1395 deinde
1501 1363 1581 1395 liber
1593 1370 1695 1404 quum
1710 1363 1773 1395 alia
1789 1363 1950 1404 continet,
1962 1365 2033 1396 tum
2055 1363 2218 1405 quomodo

1173 1415 1278 1455 paiam
1301 1415 1333 1446 in
1361 1417 1520 1446 Zenonem
1548 1415 1625 1446 liius
1651 1415 1877 1454 insurrexerit,
1892 1416 2126 1456 Leontiumque
2152 1416 2215 1447 im-

1173 1468 1352 1506 peratorem
1365 1474 1439 1497 cum
1454 1466 1572 1498 Vei-ina
1594 1466 1840 1505 renuntiaverit,
1863 1468 1964 1507 utque
1990 1476 2024 1499 re
2048 1467 2219 1499 infeliciter

1172 1520 1271 1557 gesta,
1285 1517 1402 1548 obsessi
1416 1517 1564 1557 captique
1579 1517 1682 1558 capite
1695 1518 1834 1550 truncati
1846 1519 1934 1558 sunt,
1948 1517 2075 1560 aliaque
2088 1519 2128 1551 ad
2146 1519 2197 1551 exi
2206 1536 2216 1543 -

1173 1570 1243 1601 tum
1256 1577 1359 1610 usque
1372 1569 1517 1600 Zenonis.
1563 1561 1565 1563 ’

1215 1682 1379 1715 Candidus
1402 1683 1572 1715 historicus
1597 1684 1694 1716 refert
1720 1692 1740 1715 a
1766 1685 1871 1717 Leone
1896 1685 2048 1725 Macello,
2070 1685 2125 1726 qui
2150 1686 2223 1726 post

1174 1735 1374 1767 Marcianum
1391 1735 1580 1775 imperavit,
1603 1734 1637 1766 in
1657 1735 1778 1767 beilum
1802 1736 1955 1769 adversus
1971 1737 2132 1769 vandalos
2150 1738 2222 1769 inii-

1175 1787 1275 1819 nitam
1306 1788 1475 1828 pecuniam
1495 1789 1655 1826 erogatam
1674 1788 1782 1821 fuisse.
1804 1790 1946 1821 Fuerunt
1967 1789 2071 1829 enim,
2087 1790 2223 1823 testibus

1174 1839 1235 1871 iilis
1252 1839 1306 1880 qui
1321 1848 1392 1871 eam
1406 1839 1690 1879 administrarimt,
1708 1848 1764 1880 per
1780 1841 1945 1881 praefectos
1969 1843 2137 1874 numerata
2153 1843 2222 1874 auri

1175 1891 1280 1931 pondo
1299 1890 1509 1931 quadraginta
1519 1891 1640 1931 septem
1655 1891 1772 1929 millia3
1789 1901 1844 1932 per
1857 1893 2018 1924 Comitem
2035 1902 2111 1925 vero
2131 1894 2223 1934 largi-

1175 1944 1299 1974 tionum
1323 1942 1392 1974 auri
1410 1942 1562 1973 librarum
1590 1943 1806 1982 septendecim
1820 1944 1919 1975 miliia
1930 1968 1939 1984 ‚
1952 1945 2074 1984 argenti
2086 1954 2162 1977 vero
2175 1955 2223 1978 se-

1176 1996 1338 2037 ptingenta
1352 1995 1463 2035 miliia,
1476 2003 1576 2035 quum
1590 1997 1736 2036 sumptus
1751 1997 1878 2028 abunde
1888 1998 2092 2037 suppeterent
2106 1999 2221 2038 partim

1176 2057 1217 2081 ex
1231 2047 1323 2080 bonis
1336 2046 1520 2089 publicatiS,
1529 2046 1645 2088 partim
1654 2056 1691 2080 ex
1701 2049 1813 2080 aerario
1826 2048 2027 2090 imperatoris
2040 2050 2218 2083 Anthemii.
