2326 3724
93 223 169 255 224

199 265 216 279 ,-

90 303 230 355 πέμψας
251 301 327 346 τοὺς
347 300 560 354 στρατιώτας
588 301 620 344 ἐς
650 300 707 339 τὸν
736 299 887 351 πόλεμον
915 299 1038 352 ὥρμα,
1068 298 1128 337 καὶ

90 360 281 413 παρεκάλει
301 362 438 412 θαρσεῖν
463 362 509 403 ὡς
541 359 640 403 αὐτὸς
672 358 930 410 ἐκστρατεύσων
953 359 1012 396 καὶ
1031 360 1128 409 κοινῇ

90 418 150 456 σὺν
171 418 309 462 ἐκείνοις
335 418 355 456 ὅ
373 434 404 456 τι
430 418 471 456 ἂν
491 417 560 456 δέοι
581 415 797 467 πεισόμενος.
833 418 879 456 Οἱ
911 417 945 455 δὲ
975 419 1019 460 ὡς
1040 415 1129 461 ἐπή-

90 475 232 524 κουσαν,
244 475 296 514 ὅτι
310 476 410 518 αὐτὸς
426 474 585 528 βασιλεὺς
595 475 726 525 ἐξάγειν
742 474 863 520 ἐθέλοι,
873 474 978 517 οὕτως
989 474 1131 517 ἕκαστος

92 536 204 573 αὐτῶν
225 534 387 586 ἠπείγετο
404 533 524 572 ἑαυτὸν
546 533 711 578 ἐπιδεῖξαι
731 534 868 585 βασιλεῖ
882 534 1010 571 πολλοῦ
1038 532 1130 576 ἄξιον

91 592 191 640 ὄντα,
211 593 302 631 ὥστε
322 593 381 630 καὶ
401 594 431 630 οἵ
458 591 622 644 πρότερον
644 598 712 635 τοῖς
734 591 900 641 ἡγεμόσιν
928 593 1052 638 αὐτῶν,
1077 592 1129 643 ἐφ’

92 645 120 703 ᾧ
142 651 190 701 μὴ
208 649 467 702 στρατεύοιντο,
485 649 647 702 ἀργύριον
665 650 810 692 διδόντες
825 649 930 687 πάλιν
951 651 997 692 εἷς
1017 649 1054 686 τὸ
1070 664 1133 699 με-

90 709 204 761 τέχειν
230 713 290 756 τῆς
310 708 423 753 ἐξόδου
454 709 635 761 παρεῖχον.
662 708 735 747 Καὶ
767 707 892 751 πάντες
921 707 1133 753 ἀνθήπτοντο

91 771 151 806 τοῦ
178 767 330 817 πολέμου
352 768 538 819 ὄργῶντες·
554 765 614 804 καὶ
634 765 711 809 τούς
736 782 773 803 τε
798 765 1038 808 κατασκόπους
1056 764 1133 808 τοὺς

92 825 188 878 παρὰ
206 826 418 878 Θευδερίχου
438 824 657 877 πεμφθέντας
677 825 889 877 ἐζώγρησαν,
907 824 967 862 καὶ
989 827 1049 870 τῆς
1073 827 1133 862 τοῦ

93 884 309 936 Βαλαμήρου
329 886 485 936 φυλακῆς
509 884 632 935 μοῖραν
662 885 826 921 ἐλθοῦσαν
854 882 912 920 ἐπὶ
939 882 978 920 τὸ
1001 881 1133 934 μακρὸν

91 949 204 997 τεῖχος
229 945 259 981 οἱ
289 945 360 980 ἐκεῖ
384 942 611 992 φυλάττοντες
631 942 828 994 διαπρεπῶς
856 943 1130 993 ἀπεκρούσαντο.

94 1002 197 1041 Ἐπεὶ
218 1001 251 1040 δὲ
273 1004 319 1045 εἷς
337 1001 401 1048 τὴν
423 1004 528 1039 αὑτοῦ
549 1000 733 1053 φερόμενος
752 1003 769 1038 ὁ
793 1000 913 1046 Ζήνων
933 1001 1047 1052 ἀνεχώ
1071 1016 1135 1047 ησε

93 1060 207 1112 φύσιν,
226 1059 286 1098 καὶ
302 1060 370 1097 ὑπὸ
398 1063 459 1106 τῆς
486 1059 664 1112 συμφύτου
686 1058 884 1106 ἀπεσὸέσθη
907 1016 1070 1111 δειλίας,ῑ

93 1122 204 1156 ταῧθα
225 1118 417 1170 ὀργίζονται
438 1118 498 1155 καὶ
517 1119 681 1170 χαλεπῶς
695 1116 829 1169 ἔφερον,
847 1116 937 1155 κατὰ
954 1115 1135 1162 συστάσεις

93 1192 129 1214 τε
150 1176 324 1227 γινόμενοι
341 1176 535 1229 ἐμέμφοντο
561 1175 732 1222 ἀλλήλους
754 1178 814 1222 τῆς
839 1174 920 1223 ὅλης
941 1176 1132 1226 ἀτολμίας,

92 1236 122 1272 εἷ
151 1234 270 1286 χεῖράς
289 1250 326 1272 τε
354 1234 488 1286 ἔχοντες
519 1234 579 1272 καὶ
601 1234 829 1286 βαστάζοντες
848 1232 940 1272 ὅπλα
962 1234 1136 1285 μαλακίας

92 1291 253 1338 τοιαύτης
276 1292 411 1330 ἀκούειν
436 1292 642 1344 ἀνέχονται,
667 1293 708 1330 δι’
727 1287 766 1339 ἧς
786 1292 902 1336 πόλεις
922 1291 1057 1331 ἅπασαι
1076 1293 1135 1332 καὶ

94 1354 114 1397 ἡ
135 1357 233 1389 πᾶσα
253 1350 443 1401 Ῥωμαίων
460 1351 559 1402 ἰσχὺς
577 1350 795 1398 ἐξαπόλωλε,
818 1351 958 1389 πάντων
974 1352 1028 1389 ἐπ’
1042 1352 1136 1396 ἐξου-

93 1410 169 1453 σίας
182 1409 473 1461 περικοπτόντων,
488 1409 510 1447 ἃ
530 1409 718 1461 βούλοιντο.
730 1411 862 1448 Τοῦτον
875 1412 892 1447 ὃ
903 1412 941 1449 Μ
946 1411 1137 1462 αρτινιανὸς

93 1466 318 1516 συνελόμενος
344 1467 402 1505 τὸν
425 1470 537 1519 θροῦν,
562 1467 693 1518 πέμπει
718 1467 853 1514 Ζήνωνι
873 1468 982 1519 λέγων
1003 1468 1054 1507 ὅτι
1085 1470 1136 1508 δεῖ

92 1525 131 1563 τὸ
152 1525 384 1578 στρατόπεδον
405 1528 451 1570 ὡς
469 1525 621 1577 τάχιστα
651 1525 817 1577 διαλύειν,
839 1526 888 1576 μή
909 1543 941 1565 τι
961 1528 1020 1565 καὶ
1048 1526 1137 1566 νεώ-

92 1599 190 1635 τερον
211 1583 457 1631 συνεστηκότες
474 1584 703 1636 ἐργάσωνται.
732 1584 883 1638 Πέμψας
902 1579 960 1623 οῧν
981 1585 1136 1624 ἐκέλευεν

95 1642 234 1680 ἀπιέναι
251 1642 416 1686 ἑκάστους
433 1643 490 1680 ἐπὶ
506 1642 548 1680 τὰ
567 1642 735 1694 χειμάδια
746 1673 756 1691 ,
773 1646 817 1687 ὡς
834 1643 918 1696 πρὸς
934 1643 991 1682 τὸν
1011 1645 1138 1684 Θευδέ-

95 1716 189 1753 ριχον
216 1700 384 1750 ἐσομένης
407 1701 559 1754 εἰρήνης.
591 1703 637 1740 Οἱ
667 1702 734 1753 [δὲ]
754 1701 812 1740 τὸν
838 1702 979 1755 χάρακα
999 1702 1137 1742 ἔλυσαν·

93 1759 153 1797 καὶ
170 1761 322 1806 ἀπ’ῆλθον
341 1762 371 1798 οἱ
387 1760 525 1803 πλείους
542 1762 586 1812 τῇ
607 1759 763 1798 διαλύσει
783 1761 990 1812 ἀχθόμενοι,
1011 1762 1070 1799 καὶ
1086 1760 1137 1800 ὅτι

94 1821 218 1856 θᾶττον
245 1820 359 1862 αὐτοῖς
375 1821 588 1870 χωρισθῆναι
606 1818 754 1867 συνέὸη,
775 1819 854 1871 πρὶν
875 1820 983 1872 ἄνδρα
1003 1823 1139 1874 σκεψα-

96 1875 220 1925 μένους
239 1881 309 1919 τοῖς
328 1877 452 1920 κοινοῖς
468 1878 677 1925 ἐπιστῆσαι,
697 1877 732 1920 ὃς
751 1880 811 1924 τῆς
829 1878 1006 1930 παρούσης
1027 1879 1139 1930 λύμης

94 1935 310 1972 ἀνακτᾶσθαι
329 1933 391 1982 τὴν
408 1935 583 1973 πολιτείαν
602 1938 761 1974 ὁπωσοῦν
781 1936 979 1983 δυνήσεται.

1080 1061 1133 1096 ἐν·

798 213 1011 252 MALCHI
1043 212 1364 251 PHILADELPH
1372 209 1512 250 ENSlS

1551 309 1609 342 17.
1646 296 1730 346 (an.
1754 296 1868 346 479.)

1245 381 1336 415 Exc.
1356 380 1411 414 De
1430 378 1504 426 leg.
1523 379 1635 416 Rom.
1653 390 1692 426 p.
1711 390 1775 426 90.
1794 391 1839 426 91
1865 391 1872 413 :
1895 374 1981 415 ‘'Ox-i
2000 375 2134 423 Ζήνων,
2155 375 2231 415 ἐπεὶ

1193 435 1327 472 διέλυσε
1354 433 1416 480 τὴν
1449 433 1628 486 στρατιὰν,
1659 434 1790 484 πέμπει
1818 434 1903 486 πρὸς
1921 434 2146 486 Θευδέριχον,
2170 435 2231 480 τὴν

1194 493 1332 546 εἰρήνην
1351 492 1532 530 συνθέσθαι
1552 491 1636 544 πρὸς
1654 491 1768 540 αὐτὸν,
1788 490 1881 536 ὅπως
1898 492 1957 530 καὶ
1978 491 2146 532 δύναιντο.
2170 492 2234 531 Ἐν

1195 550 1231 588 δὲ
1250 551 1361 603 τούτῳ
1381 549 1575 603 συστρέψας
1590 549 1654 596 τὴν
1675 552 1798 588 ἑαυτοῦ
1821 550 1964 601 δύναμιν
1986 553 2003 588 ὁ
2022 556 2103 594 παῖς
2122 553 2141 588 ὁ
2160 552 2235 589 Βα-

1195 608 1356 659 λαμήρου
1385 608 1442 645 ἐπὶ
1470 607 1514 645 τὰ
1544 606 1628 659 πρὸς
1659 607 1834 655 “Ροδόπην
1866 609 2097 661 παραγίνεται
2128 608 2236 661 μέρη,

1193 666 1253 705 καὶ
1270 665 1559 715 κατατεινάμενος
1576 665 1871 716 (κατασινάμενος
1884 669 1989 718 Val.)
2007 667 2052 705 τὰ
2066 667 2236 705 κάλλιστα

1193 727 1254 770 τ’ῆς
1268 722 1386 775 χώρας
1402 725 1470 761 τῶν
1489 724 1641 775 Θρακῶν
1661 722 1819 770 ἅπαντα,
1842 724 1901 762 καὶ
1921 724 1998 762 εἴτι
2017 719 2058 771 ἦν
2077 723 2237 772 κτηνικὸν

1196 782 1406 834 ἀφαρπάζει.
1430 780 1610 833 Ἐξέτριψε
1642 780 1677 818 δὲ
1711 781 1804 819 ἅπαν
1835 782 1874 820 τὸ
1900 783 2020 821 αὐτόθι
2048 785 2237 834 γεωργοῖν,

1198 840 1342 879 κτείνων
1362 855 1398 878 τε
1428 838 1487 878 καὶ
1512 839 1726 891 εἰσπράττων
1751 840 1982 892 (σπαράττων
2010 841 2153 892 Bekk.)
2173 838 2238 878 ὅσα

1197 897 1245 948 μὴ
1261 898 1372 951 φέρειν
1389 897 1559 944 ἠδύναντο
1580 895 1751 951 (ἠδύνατο
1769 912 1841 938 em.
1857 901 1974 939 Bekk.
1985 900 2012 949 ).
2027 898 2240 952 Θευδέριχος

1197 957 1234 994 δὲ
1261 961 1372 994 ταῦτα
1399 957 1550 1000 ἀκούσας
1577 955 1760 1008 γινόμενα,
1780 956 1924 1003 ἥδεσθαι
1942 956 2005 1008 μὲν
2031 958 2163 1008 ἔλεγεν,
2186 956 2240 994 ὅτι

1195 1014 1291 1067 φίλος
1320 1017 1432 1053 αὐτῶν
1462 1015 1523 1053 καὶ
1555 1015 1625 1059 υἱὸς
1644 1016 1827 1066 λεγόμενος
1851 1020 1962 1054 ταῦτα
1981 1015 2103 1060 αὐτοὺς
2123 1015 2216 1070 δρῴη
2229 1045 2238 1062 ,

1199 1074 1367 1125 ἄχθεσθαι
1385 1073 1513 1124 μέντοι,
1521 1072 1574 1111 ὅτι
1584 1077 1644 1120 τῆς
1660 1074 1799 1113 ἐκείνων
1817 1074 1932 1118 ἀνοίας
1945 1077 1980 1113 ἐν
1995 1075 2066 1118 τοῖς
2078 1079 2240 1127 γεωργοῖς

1200 1133 1320 1185 βλέπει
1340 1132 1523 1183 γινομένην
1539 1132 1600 1181 τὴν
1619 1134 1729 1181 δίκην,
1749 1128 1797 1171 ὧν
1815 1133 1892 1172 οὐδὲ
1915 1133 2146 1186 φθειρομένων
2162 1133 2239 1179 Ζή-

1195 1190 1287 1228 νωνά
1306 1206 1344 1242 γε
1367 1190 1390 1237 ἢ
1413 1191 1566 1243 Βηρίναν
1594 1192 1664 1229 οὐδ’
1689 1194 1846 1230 ὁπωσουν
1867 1191 2171 1266 ἐπιστρέφεσθαμι
2179 1190 2241 1235 Ὡς

1197 1249 1232 1287 δὲ
1262 1243 1364 1294 ἦλθον
1398 1251 1428 1286 οἳ
1448 1247 1628 1301 πρέσὸεις,
1657 1248 1806 1288 τίθενται
1825 1249 1885 1296 τὴν
1907 1249 2044 1310 εἰρήνην
2073 1251 2125 1303 ἐφ’
2145 1252 2174 1302 ᾡ
2203 1259 2242 1286 τε

1198 1307 1331 1359 μυρίοις
1352 1306 1414 1356 μὲν
1434 1307 1493 1345 καὶ
1512 1307 1714 1360 τρισχιλίοις
1735 1308 1935 1375 ἀνδράσιν,
1933 1311 1981 1352 οῖς
2000 1307 2092 1346 θέλοι
2114 1306 2243 1347 Θεοδέ-

1201 1380 1294 1416 ριχος
1306 1394 1315 1412 ,
1333 1364 1517 1410 συντάξεις
1523 1380 1560 1403 τε
1577 1365 1636 1403 καὶ
1650 1364 1776 1418 τροφὴν
1790 1381 1951 1418 χορηγειν
1968 1365 2135 1417 βασιλέα,
2150 1366 2242 1403 δυοῖν

1198 1424 1234 1461 δὲ
1267 1423 1370 1461 αὐτὸν
1400 1425 1545 1476 σχολαῖν
1567 1423 1870 1476 προὸάλλεσθαι”
1847 1440 2022 1484 αρχοντα,
2050 1423 2241 1462 ἀπολαὸεῒν

1199 1481 1235 1519 δὲ
1259 1483 1364 1520 αὐτοῦ
1388 1482 1450 1528 τὴν
1474 1481 1607 1530 ουσίαν,
1633 1481 1716 1530 ὅσην
1741 1483 1907 1535 πρότερον
1932 1485 2040 1534 εἶχεν,
2060 1481 2180 1520 λαὸεῖν
2205 1481 2242 1519 δὲ

1198 1540 1260 1586 τὴν
1278 1541 1397 1614 ἑτέραν
1416 1543 1483 1579 τῶν
1505 1540 1564 1579 δύο
1581 1543 1798 1592 στρατηγιῶν
1815 1545 1883 1579 τῶν
1905 1556 1983 1593 περι
1999 1540 2166 1593 βασιλέα,
2181 1539 2242 1578 καὶ

1198 1598 1289 1650 ἔχειν
1308 1615 1370 1643 τας
1390 1599 1502 1647 ἀξίας,
1519 1601 1566 1642 εἷς
1585 1599 1625 1643 ἃς
1644 1599 1711 1646 ἤδη
1741 1603 1896 1667 προῆκτο
1917 1599 1983 1638 ὑπὸ
2003 1603 2065 1637 τοῦ
2096 1597 2240 1638 Βασιλί-

1200 1668 1299 1691 σκου.
1324 1652 1413 1704 Περὶ
1443 1651 1478 1690 δὲ
1506 1654 1574 1690 τῶν
1592 1653 1781 1700 κηδεστων,
1802 1654 1830 1690 εἷ
1851 1652 1912 1703 μὲν
1934 1651 2175 1698 ἐτελεύτησαν,
2197 1653 2243 1695 ὡς

1200 1710 1314 1761 ἔλεγεν
1332 1712 1349 1748 ὁ
1365 1710 1503 1761 Ζήνων,
1527 1710 1615 1761 μηδὲ
1619 1726 1634 1747 ν
1656 1710 1744 1748 εἶναί
1767 1714 1797 1749 οἱ
1818 1718 1984 1763 πρᾶγμα·
2013 1712 2043 1748 εἰ
2073 1710 2109 1748 δὲ
2137 1712 2243 1757 ζῶσι,

1199 1769 1369 1812 λαὸόντας
1393 1768 1503 1821 ἥνπερ
1533 1772 1626 1821 εἰχον
1657 1769 1789 1816 οὐσίαν,
1819 1770 1922 1807 οἰκεῖν
1943 1770 2054 1819 πόλιν,
2079 1768 2122 1814 ἣν
2142 1767 2243 1811 αυτὸς

1201 1827 1398 1877 δοκιμάσειε
1425 1827 1561 1873 Ζήνων.

1200 1885 1415 1937 Βαλαμήρου
1424 1889 1484 1932 τῆς
1495 1887 1605 1938 ἀρχῆς
1617 1888 1634 1923 ὃ
1649 1885 1810 1937 βασιλεὺς
1821 1886 2015 1939 στρατηγὸν
2029 1885 2101 1924 ἀντ’
2110 1886 2240 1924 ἐκείνου

1201 1943 1414 1996 Θευδέριχον
1431 1949 1600 1992 ποιεῖται,
1620 1944 1680 1982 καὶ
1705 1944 1872 1997 χρήματα
1898 1945 2065 1997 ἔπεμψεν,
2089 1943 2155 1982 ὅσα
2174 1942 2244 1981 ἔδει

1203 2002 1328 2040 αὐτίκα
1353 2003 1528 2054 διανεῖμαι
1547 2008 1617 2046 τοῖς
1634 2002 1786 2046 Γότθοις.

1595 1829 1719 1866 Ταῦτα
1749 1829 1794 1870 ὡς
1825 1827 1997 1875 συνεδοξε,
2027 1826 2164 1870 παύσας
2182 1825 2240 1863 τὸν

101 2071 2243 2088 Ἢ

91 2115 126 2138 se
139 2107 180 2138 ad
198 2107 257 2139 hoc
270 2109 515 2148 compararunt,
530 2110 567 2140 ut
579 2109 676 2140 talem
690 2118 724 2141 se
743 2110 959 2151 unusquisque
970 2111 1135 2142 ostendere

92 2159 254 2200 studeret,
268 2161 397 2200 qualem
413 2162 586 2202 imperator
599 2162 713 2194 merito
727 2170 786 2193 suo
800 2163 929 2203 plurImi
946 2163 1073 2196 faceret.
1095 2165 1134 2196 Et

94 2214 163 2244 tam
180 2213 366 2245 ardentibus
374 2214 487 2245 animis
502 2213 543 2245 ad
559 2214 766 2255 pugnandum
779 2215 913 2255 profecti
924 2217 1017 2255 suut,
1032 2216 1134 2257 utqui

92 2265 185 2295 antea
198 2264 319 2296 militiae
335 2266 532 2297 vacationem
558 2274 578 2297 a
599 2265 735 2298 ducibus
762 2267 895 2307 pecunia
915 2267 1134 2307 redemerant,
1154 2281 1156 2283 ·

92 2315 260 2356 pecunias,
283 2317 320 2347 ut
341 2316 400 2347 sibi
416 2316 449 2347 in
473 2316 579 2348 hostes
600 2317 737 2349 exeundi
762 2319 951 2358 potestatem
975 2319 1134 2358 facerent,

93 2369 310 2400 numerarent.
337 2370 448 2409 ltaque
470 2373 501 2401 et
514 2370 749 2410 exploratores,
773 2380 792 2402 a
812 2371 1034 2403 Theudericho
1055 2381 1135 2412 prae·

93 2419 222 2458 missos,
246 2420 337 2451 vivos
358 2417 587 2460 ceperunt,'et
609 2422 793 2462 cohortem,
820 2431 893 2463 quae
908 2424 1063 2455 Valamiri
1079 2423 1136 2455 filii

93 2471 270 2502 custodiam
282 2471 395 2510 agebat
411 2473 443 2503 et
459 2481 561 2512 usque
574 2472 615 2503 ad
629 2473 738 2513 longos
753 2482 863 2505 muros
877 2483 1040 2515 progressa
1055 2477 1134 2515 erat,

94 2523 272 2562 opportune
292 2522 501 2564 depulerunt.¹
517 2524 578 2555 Sed
605 2533 668 2555 non
685 2525 789 2556 multo
813 2527 958 2565 tempore
980 2535 1030 2558 res
1043 2528 1137 2559 stete-

95 2576 188 2613 runt,
208 2575 286 2615 quin
304 2577 388 2607 Zeno
401 2575 439 2606 ad
455 2576 620 2616 pristinam
638 2579 783 2609 naturam
807 2578 924 2610 rediret
945 2580 976 2610 et
994 2579 1035 2610 ad
1058 2580 1134 2612 insi-

95 2628 161 2658 tam
180 2627 337 2666 ignaviam
354 2627 565 2660 delaberetur.
610 2630 659 2660 Ex
679 2638 743 2669 quo
764 2630 880 2661 milites
893 2630 1063 2671 indignati,
1080 2640 1136 2671 per

94 2678 205 2710 turbas
221 2680 387 2717 coeuntes,
407 2688 475 2711 sese
486 2679 620 2711 invicem
647 2680 783 2720 ignaviae
807 2682 1019 2722 accusabant,
1046 2683 1135 2724 quod

95 2739 210 2762 manus
225 2730 377 2762 habentes
401 2732 433 2763 et
456 2740 545 2763 arma
563 2733 721 2771 gestantes
743 2735 843 2765 tantae
867 2735 1033 2774 mollitiei,
1062 2744 1136 2776 quae

96 2790 207 2813 omnes
220 2781 363 2813 civitates
379 2783 411 2813 et
426 2791 536 2814 omnes
562 2785 780 2816 Romanorum
795 2786 879 2817 vires
895 2786 1134 2826 pessumdaret,

95 2833 227 2873 obsequi
243 2833 454 2873 sustinerent,
469 2843 573 2874 neque
586 2827 753 2876 quisquam
767 2837 871 2868 omnis
884 2838 1006 2877 generis
1023 2840 1137 2870 contu-

97 2885 199 2916 meliis
213 2884 378 2917 abstinuit.
388 2888 480 2917 Hunc
487 2887 610 2918 motum
625 2897 726 2927 quum
739 2889 947 2921 Martinianus
962 2889 1136 2922 intellexis-

97 2938 162 2974 set,
179 2935 219 2967 ad
244 2938 400 2968 Zenonem
427 2937 524 2969 mittit
545 2938 700 2978 suadens,
718 2941 756 2971 ut
779 2949 876 2980 quam
895 2940 1044 2973 citissime
1066 2941 1135 2972 fieri

96 2989 220 3028 posset,
234 2988 411 3019 exercitum
424 3012 432 3027 ,
447 2997 487 3020 ne
504 2990 581 3029 quid
598 2999 753 3022 novarum
765 3000 870 3022 rerum
885 2992 1062 3033 moliretur,
1074 2992 1138 3025 dis-

97 3040 246 3071 solveret.
261 3039 308 3071 Ad
321 3049 417 3080 quem
434 3043 517 3072 Zeno
535 3043 676 3082 remisit,
690 3045 722 3075 et
735 3043 850 3083 jussit,
866 3046 901 3076 ut
916 3045 1138 3087 unusquisque

99 3093 255 3131 militum,
276 3093 430 3133 tanquam
459 3103 532 3126 curn
547 3095 765 3127 Theudericho
786 3106 850 3136 pax
865 3097 971 3128 sutura
991 3100 1091 3138 esset,
1106 3099 1136 3130 in

99 3144 232 3176 hiberna
245 3144 440 3176 concederet.
455 3147 565 3186 ltaque
582 3148 685 3178 castra
701 3147 887 3187 solverunt3
902 3158 999 3188 quam
1021 3151 1138 3181 castro-

99 3203 172 3226 rum
188 3194 380 3226 solutionem
400 3196 543 3236 plerique
557 3197 666 3237 iniquo
692 3198 799 3229 animo
817 3199 952 3230 serentes
967 3199 1137 3232 abierunt:

99 3246 239 3278 maxime
279 3246 366 3289 quod
395 3247 557 3279 discedere
595 3251 794 3288 cogerentur,
826 3252 997 3291 antequam
1032 3252 1138 3284 virum

100 3306 235 3329 summae
261 3306 370 3329 rerum
395 3299 621 3338 praefecissent,
635 3301 691 3340 qui
708 3309 776 3333 rem
794 3301 954 3342 publicam
983 3303 1024 3335 ab
1046 3312 1138 3336 ever-

101 3349 188 3381 sione
200 3350 232 3381 et
249 3349 379 3382 interitu
392 3349 554 3382 vindicare
566 3352 680 3391 posset.
690 3388 699 3398 ,

1239 2115 1287 2144 17.
1305 2114 1389 2144 Zeno
1399 2137 1407 2150 ,
1418 2113 1560 2144 exercitu
1576 2113 1672 2145 misso
1697 2113 1780 2145 sacto
1791 2137 1799 2151 ,
1817 2113 1916 2145 mittit
1931 2113 1970 2145 ad
1986 2111 2244 2145 Theuderichum

1196 2163 1326 2203 (Triarii
1345 2164 1366 2195 f.
1376 2164 1397 2204 ),
1410 2165 1446 2196 ut
1459 2173 1570 2204 pacem
1585 2164 1667 2196 inter
1682 2173 1716 2196 se
1728 2188 1737 2204 ‚
1751 2164 1914 2205 quomodo
1930 2165 2074 2205 possent,
2094 2163 2243 2195 facerent.

1195 2216 1282 2247 luter
1314 2215 1383 2247 haec
1410 2215 1422 2256 (
1446 2216 1700 2248 Theuderiehus
1720 2216 1731 2256 )
1759 2217 1915 2248 Valamiri
1943 2215 2038 2256 filius,
2069 2214 2243 2247 contractis

1197 2267 1296 2307 copiis
1311 2267 1376 2299 suis
1387 2292 1396 2307 ,
1413 2267 1452 2299 ad
1468 2268 1644 2308 Rhodopen
1662 2270 1804 2300 montem
1829 2268 1982 2308 processit
1997 2267 2030 2299 et
2051 2266 2244 2298 fertilissima

1197 2326 1335 2358 quaeque
1345 2318 1490 2350 Thraciae
1509 2319 1580 2350 loca
1598 2320 1745 2358 vastans,
1764 2319 1871 2351 omnia
1884 2327 2000 2360 pecora
2016 2318 2141 2359 rapuit3
2157 2318 2242 2359 agri-

1197 2370 1284 2402 colas
1303 2371 1385 2410 agris
1404 2372 1468 2403 suis
1494 2372 1634 2412 expulit,
1654 2371 1801 2404 occidens
1825 2373 1856 2404 et
1873 2380 2080 2412 corrumpens
2095 2379 2169 2412 quae
2182 2380 2242 2403 au-

1197 2422 1279 2453 serre
1299 2431 1363 2453 non
1377 2424 1511 2462 poterat.
1534 2424 1611 2455 Haec
1625 2423 1679 2454 ubi
1695 2424 1779 2455 facta
1790 2422 2029 2455 Theuderichus
2041 2421 2052 2462 (
2065 2420 2179 2454 Triarii
2197 2420 2220 2451 f
2230 2419 2242 2460 )

1197 2473 1337 2512 audivit,
1358 2483 1392 2506 se
1405 2474 1535 2514 quidem
1560 2475 1661 2506 laetari
1679 2475 1778 2514 dixit,
1803 2484 1877 2507 eum
1899 2474 1955 2515 qui
1969 2474 2091 2506 amicus
2111 2474 2144 2504 et
2161 2471 2244 2503 tilius

1196 2524 1257 2556 ab
1250 2525 1287 2556 iis
1299 2526 1527 2566 appellaretur,
1542 2527 1617 2558 talia
1636 2527 1668 2558 in
1682 2527 1765 2567 ipsos
1782 2527 1975 2567 perpetrare,
1989 2527 2098 2557 tamen
2110 2512 2244 2555 moleste

1197 2577 1300 2614 serre,
1315 2578 1402 2617 quod
1414 2578 1536 2610 videret
1553 2580 1706 2619 agricolas
1725 2579 1766 2611 ob
1786 2579 1914 2610 illorum
1930 2578 2123 2610 dementiam
2149 2575 2243 2616 plecti

1197 2631 1229 2661 et
1245 2638 1354 2669 poenas
1370 2630 1462 2670 dare,
1478 2640 1559 2670 quos
1580 2632 1613 2662 in
1634 2641 1796 2663 summam
1814 2631 2032 2663 calamitatem
2054 2628 2152 2670 redigi
2164 2629 2243 2661 nihil

1196 2681 1314 2712 morari
1338 2683 1498 2713 Zenonem
1517 2684 1573 2714 aut
1589 2683 1752 2714 Verinam.
1778 2683 1840 2715 Ubi
1857 2692 1934 2714 vero
1959 2682 2053 2722 legati
2072 2681 2242 2720 venerunt,

1197 2741 1309 2772 pacem
1337 2733 1481 2764 fecerunt
1511 2746 1519 2764 :
1550 2735 1587 2765 ut
1610 2734 1762 2765 tredecim
1782 2734 1949 2765 hominum
1976 2733 2136 2771 millibus,
2161 2740 2243 2772 quos

1196 2782 1437 2814 Theudericlius
1450 2783 1581 2823 (Triarii
1594 2783 1633 2823 s.)
1647 2784 1754 2821 vellet,
1767 2783 1939 2824 imperator
1952 2781 2107 2823 stipendia
2117 2782 2149 2814 et
2158 2789 2244 2812 com·

1198 2835 1320 2866 meatus
1333 2835 1488 2874 praeberet
1507 2833 1654 2866 :duabus
1672 2834 1789 2865 scholis
1816 2835 1882 2873 ipse
1899 2833 1966 2865 dux
1991 2833 2208 2874 praeficeretur
2233 2843 2242 2864 ε

1197 2887 1234 2917 ut
1258 2894 1368 2917 omnffi
1395 2886 1578 2926 facultates,
1612 2894 1692 2926 quas
1717 2885 1804 2925 prius
1821 2885 1994 2923 habuerat,
2018 2884 2064 2916 illi
2092 2883 2242 2915 restitue·

1202 2938 1331 2977 rentur;
1362 2938 1394 2968 et
1421 2938 1458 2968 ut
1475 2937 1612 2968 alterum
1640 2945 1681 2968 ex
1693 2936 1818 2968 duobus
1841 2935 2052 2974 exercitibus,
2077 2934 2131 2975 qui
2159 2934 2243 2966 circa

1198 2989 1422 3029 imperatorem
1438 2990 1534 3028 sunt,
1547 2988 1692 3027 duceret,
1707 2989 1739 3020 et
1751 2987 1877 3019 easdem
1893 2987 2079 3027 dignitates,
2090 2995 2169 3027 quas
2183 2986 2243 3018 sub

1197 3032 1346 3072 Basilisco
1359 3039 1558 3079 obtinuerat,
1581 3040 1794 3079 recuperaret.
1815 3041 1862 3070 De
1886 3038 2056 3078 affinibus,
2071 3038 2098 3069 si
2123 3037 2243 3069 mortui

1198 3093 1319 3130 essent,
1336 3094 1373 3122 ut
1391 3093 1476 3122 Zeno
1501 3090 1642 3130 diceret,
1660 3090 1738 3122 nihil
1762 3089 1899 3130 amplius
1911 3088 2026 3128 negotii
2043 3097 2128 3128 esse;
2145 3089 2171 3120 si
2187 3096 2242 3119 su-

1200 3142 1356 3182 perstites,
1369 3142 1476 3173 omnia
1488 3142 1582 3182 bona,
1600 3150 1672 3182 quae
1688 3149 1802 3173 eorum
1810 3141 1954 3179 fuissent,
1969 3149 2023 3171 eos
2036 3140 2242 3180 recuperatu-

1199 3204 1263 3235 ros,
1277 3196 1309 3226 et
1320 3203 1392 3226 eam
1407 3195 1580 3234 civitatem,
1595 3202 1691 3234 quam
1702 3195 1787 3226 Zeno
1801 3193 1974 3224 arbitratus
1990 3192 2103 3231 suerit,
2119 3191 2242 3224 liabita-

1199 3248 1288 3279 turos
1295 3255 1372 3279 esse.
1383 3249 1459 3278 Haec
1468 3246 1520 3277 ubi
1529 3247 1686 3277 conventa
1694 3246 1780 3284 sunt,
1789 3244 1974 3285 imperator,
1987 3243 2136 3283 abrogato
2143 3243 2242 3275 Theu-

1200 3297 1348 3338 (iericho,
1363 3298 1428 3329 filio
1440 3297 1610 3335 Valamiri,
1629 3296 1813 3336 magistratu
1826 3319 1834 3334 ‚
1849 3295 1881 3326 in
1899 3295 1967 3334 ejus
1993 3295 2101 3326 locum
2119 3293 2243 3325 suffecit

1200 3350 1456 3384 Tlieuderichum
1467 3373 1476 3388 ‚
1490 3349 1598 3381 Triarii
1614 3349 1726 3380 tilium.
1742 3349 1783 3380 Et
1799 3347 1948 3388 pecunias
1960 3346 2066 3387 misit,
2079 3354 2153 3386 quae
2167 3353 2241 3378 con·

1203 3403 1306 3435 testim
1322 3403 1480 3435 debebant
1490 3400 1768 3435 distributGotliis.
