2372 3704
100 249 175 283 648

103 342 116 364 1
127 329 174 373 45
195 342 203 369 :
223 329 285 381 Τῷ
302 326 374 365 ὅντι
389 327 457 381 γὰρ
471 327 562 366 ἔστιν
583 329 618 366 ἐν
633 329 676 380 τῇ
692 326 833 380 Ἀττικῇ
849 327 954 379 κώμη
971 327 1143 380 λεγομένη

97 386 215 435 οὕτως,
247 385 482 439 Κανθάρου
511 385 672 438 λιμὴν,
698 386 776 438 οὐχὶ
812 386 1067 439 Κάνθαρος,
1100 389 1145 430 ὥς

98 446 356 499 Φιλόχορος
375 447 525 498 ἱστορεῖ,
546 444 616 483 ἀπὸ
627 444 738 497 ἥρωος
758 444 948 498 ἐπιχωρίου
966 445 1066 488 τινός.

150 506 240 557 Pag.
276 511 320 551 41
333 520 346 543 1
363 534 373 552 ,
406 506 452 544 fr.
488 505 573 543 158.
612 527 654 536 —
674 507 785 542 Hunc
811 507 942 541 locum
974 505 1148 541 tractavit

98 567 229 603 Meier.
248 568 306 603 De
327 566 484 602 theoriis
496 578 536 614 p.
551 578 575 601 x
594 562 654 616 (in
671 565 800 600 libello
819 577 895 612 quo
911 564 1147 600 universitati

97 624 351 673 Goettingensi
391 624 572 660 secularia
608 624 796 672 gratulata
837 630 892 659 est
927 623 1147 658 universitas

98 682 289 730 Halensis)
317 689 354 719 et
371 683 506 731 Bergk.
532 683 572 718 in
589 683 797 721 Rel..com.
821 683 898 720 Att.
922 694 963 730 p.
986 681 1059 730 39,
1080 682 1147 729 qui

96 744 143 781 O.
163 743 313 778 Miilleri
333 742 638 778 emendationem
654 748 697 777 ut
711 754 815 778 suam
828 740 989 790 profert.
1006 740 1076 777 Illo
1090 740 1147 775 uti

94 814 175 837 non
194 801 370 838 dabatur.

150 859 244 908 Pag.
266 863 355 906 411,
371 859 417 895 fr.
440 859 528 897 162.
552 880 603 887 —
618 858 714 898 Cum
726 859 800 895 hoc
818 856 996 907 fr.junge
1011 857 1144 906 fragm.

100 925 192 967 194,
206 932 248 968 p.
276 917 366 960 416.

149 975 243 1026 Pag.
281 981 374 1022 412,
406 975 540 1024 fragm.
576 975 647 1018 164
680 989 719 1011 α.
741 997 791 1003 -—
808 975 970 1012 Bekker.
1002 973 1144 1010 Anecd.

95 1048 137 1084 p.
166 1036 242 1084 239
266 1048 275 1071 :
311 1038 364 1074 Δε
381 1031 626 1085 ιπνοφόρος
657 1034 776 1085 ἑορτῆς
804 1032 926 1082 ὄνομα.
953 1034 1143 1084 Δειπνοφο·

98 1092 155 1143 ρία
170 1092 236 1144 γάρ
255 1094 329 1130 ἐστι
344 1091 384 1129 τὸ
398 1091 510 1143 φέρειν
533 1091 656 1128 δεῖπνα
674 1096 749 1134 ταῖς
767 1090 948 1142 Κέκροπος
972 1089 1143 1142 θυγατρά-

97 1165 151 1188 σιν
172 1148 290 1202 “Ἔρσῃ
319 1149 379 1188 καὶ
400 1147 596 1202 Πανδρόσῳ
620 1149 680 1187 καὶ
706 1148 902 1202 Ἀγραύλῳ.
924 1148 1090 1202 Ἔφέρετο
1109 1147 1146 1186 δὲ

96 1210 295 1252 πολυτελῶς
309 1209 400 1246 κατά
407 1223 484 1246 τινα
501 1207 666 1258 μυστικὸν
680 1206 795 1258 λόγον.
813 1207 884 1246 Καὶ
894 1211 995 1246 τοῦτο
1009 1206 1145 1245 ἐποίουν

97 1269 128 1306 οἳ
147 1267 282 1306 πολλοί·
304 1266 502 1318 φιλοτιμίας
519 1265 586 1319 γὰρ
608 1265 735 1318 εἴχετο.
765 1265 966 1318 Φιλόχορος
996 1265 1032 1303 δέ
1062 1281 1147 1318 φησι

97 1325 159 1369 τὰς
179 1322 338 1378 μητέρας
348 1327 416 1362 τῶν
437 1324 487 1368 δὶς
508 1323 596 1362 ἑπτὰ
613 1323 746 1362 παίδων
760 1355 770 1372 ,
790 1326 858 1362 τῶν
879 1322 1146 1362 κατακλεισθέν-

97 1400 164 1423 των
197 1384 255 1422 ἵνα
287 1386 492 1437 πεμφθῶσιν
533 1385 583 1436 τῷ
616 1382 846 1436 Μινοταύρῳ,
879 1382 1033 1433 πέμπειν
1066 1384 1145 1420 καθ’

96 1442 233 1494 ἡμέραν
262 1443 378 1486 αὐτοῖς
409 1443 545 1480 δεῖπνον
574 1441 634 1480 καὶ
655 1447 776 1494 φοιτᾶν
806 1441 891 1495 πρὸς
911 1442 1056 1488 αὖτοὺς,
1087 1441 1156 1479 καὶ·

100 1501 191 1552 μετὰ
211 1501 272 1548 τὴν
294 1499 516 1553 ὑποστροφὴν
533 1499 654 1551 ὥσπερ
674 1499 780 1552 εὐχὴν
805 1499 1031 1542 ἀποδιδόντας
1051 1500 1085 1536 ἐν
1103 1501 1146 1548 τῇ

99 1563 201 1613 ἑορτῇ
217 1559 312 1611 ἄγειν
326 1559 402 1602 τοὺς
416 1560 543 1603 παῖδας
556 1558 599 1596 τὰ
614 1559 753 1608 δεῖπνα,
767 1558 1001 1609 καλουμένους
1013 1559 1148 1595 δειπνο-

97 1619 236 1671 φόρους.
254 1620 307 1657 Cf.
324 1619 538 1668 Hyperides
555 1631 616 1668 ap.
635 1620 827 1667 Harpocr.
854 1632 891 1656 v.
917 1615 1147 1668 δειπνοφόρος.

93 1674 273 1716 ⁴Ceterum
285 1680 364 1714 haec
384 1678 560 1715 fluxerint
579 1690 625 1714 ex
651 1677 815 1714 Atthidis
833 1677 933 1713 libro
960 1676 1144 1726 secundo,

93 1737 282 1787 jungique
301 1738 446 1786 possint
459 1737 506 1774 fr.
526 1740 640 1784 44‚p.
662 1736 753 1784 391.

152 1795 248 1845 Pag.
275 1800 364 1843 412,
384 1795 517 1843 fiagm.
540 1794 612 1842 169
640 1807 677 1832 a.
699 1795 732 1831 b.
747 1807 781 1831 c.
799 1815 851 1822 -—
866 1794 994 1831 Schol.
1011 1794 1144 1831 Venet.

98 1855 147 1892 ad
161 1856 295 1903 Eurip.
315 1853 500 1890 Androm.
529 1852 630 1896 446:
657 1853 686 1889 ὠ
703 1866 760 1888 πα
773 1865 838 1888 σιν
856 1849 1147 1903 ἀνθρώποισιν

98 1912 174 1964 ἔχθ
187 1927 297 1950 ιστοι
317 1913 483 1963 βροτῶν
496 1910 510 1962 ]
525 1911 680 1948 Ταῦτα’
666 1909 724 1947 επὶ
744 1911 794 1946 τῶ
811 1908 1050 1961 Ἀνδρομάχης
1067 1923 1148 1960 προ-

99 1970 259 2023 σχήματί
277 1985 381 2023 φησιν
390 1966 871 2020 Εὐριπίδης,λοιδορούμενος
885 1973 955 2011 τοῖς
970 1966 1149 2020 Σπαρτιά-

99 2046 175 2074 ταις
195 2028 251 2067 διὰ
278 2028 335 2066 τὸν
353 2029 526 2066 ἐνεστῶτα
547 2028 713 2076 πόλεμον·
735 2026 794 2065 καὶ
813 2025 880 2078 γὰρ
902 2026 943 2073 δὴ
965 2026 1024 2065 καὶ
1038 2042 1149 2078 παρε-

99 2088 342 2135 σπονδήκεσαν
359 2088 405 2130 εἷς
416 2085 634 2134 Ἀθηναίους,
655 2085 812 2137 καθοίπερ
827 2087 857 2123 οἳ
871 2084 951 2137 περὶ
967 2085 1024 2122 τὸν
1041 2085 1150 2124 Φιλό-

98 2162 202 2200 χορον
224 2148 288 2184 ἀνα
291 2145 495 2198 (ράερουσιν.
521 2147 548 2184 F
554 2145 727 2196 ἰλικρινῶς
748 2143 785 2182 δὲ
805 2142 884 2186 τοὺς
900 2146 960 2181 τοῦ
975 2142 1151 2195 δράματος

97 2206 241 2259 χρόνους
260 2206 322 2243 οὐκ
340 2204 410 2242 ἔστι
430 2203 564 2243 λα6εῒν.

153 2267 278 2303 Schol.
302 2266 434 2313 Furip.
451 2265 635 2300 Marcian.
652 2263 701 2300 ad
717 2265 810 2300 Hec.
832 2275 876 2299 1·
871 2260 974 2306 ,Την
990 2258 1024 2298 δὲ
1039 2260 1082 2298 ‘E
1085 2260 1151 2298 κά-

101 2323 167 2370 6ην
188 2324 390 2373 Δύμαντος,
414 2323 445 2359 οἱ
472 2321 595 2359 πολλοὶ
624 2321 659 2359 δὲ
683 2320 853 2364 Κισσέως.
873 2319 989 2359 Ἔνιοι
1010 2318 1044 2357 δὲ
1065 2318 1151 2372 γρά-

101 2395 238 2434 φουσιν·
262 2380 369 2419 ‘Emi
383 2379 460 2426 6ης
477 2380 578 2421 παῖς
596 2378 732 2430 γεγὼς
752 2382 826 2425 τῆς
853 2378 1074 2426 Κισσέως,
1092 2378 1152 2416 καὶ

99 2438 330 2491 στοχάζονται
350 2437 421 2475 ἀπὸ
446 2437 562 2488 γένους
589 2436 679 2481 τινὸς
707 2440 768 2484 τῆς
800 2438 960 2489 Φρυγίας
987 2436 1009 2483 ἢ
1031 2437 1152 2488 κώμης

99 2498 210 2541 οὕτως
234 2496 344 2543 αὐτὴν
373 2495 716 2548 προσαγορεύεσθαι,
746 2498 792 2539 ὡς
820 2496 880 2534 καὶ
899 2496 1151 2548 Φιλόχορος

100 2558 143 2594 ἐν
163 2559 212 2608 τῇ
233 2554 342 2606 πρὸς
359 2554 691 2601 Ἀσκληπιάδην
709 2555 937 2606 ἐπιστολῇ.

153 2617 213 2653 Ih.
251 2616 354 2652 aliud
383 2615 557 2651 scholion
591 2627 598 2649 :
642 2612 745 2651 Ἑκοί
761 2612 838 2659 6ης
873 2617 974 2654 παῖς
1012 2611 1151 2662 γεγὼς

99 2690 120 2712 τ
131 2676 178 2721 ἥς
198 2676 229 2713 K
242 2689 281 2711 ισ
294 2672 378 2711 σέω
390 2672 433 2724 ς]
452 2672 509 2711 Τὰ
523 2670 602 2724 περὶ
617 2670 680 2718 τὴν
695 2671 854 2717 ἹΞκοίῧην
870 2670 1040 2723 διαφόρως
1057 2672 1151 2707 ἱστο-
1214 2673 1258 2713 eO

101 2735 227 2785 ρεῖται.
266 2731 463 2783 Φιλόχορος
491 2729 555 2777 μὲν
576 2729 643 2782 γὰρ
676 2731 710 2767 ἐν
744 2731 794 2781 τῷ
827 2728 915 2782 Περὶ
948 2728 1151 2780 τραγῳδιῶν

98 2791 266 2843 Χοιρίλην
292 2789 400 2835 αὐτήν
421 2804 506 2841 φησι
527 2789 725 2826 καλεῖσθαι.
756 2787 859 2830 Ἴσως
879 2787 915 2825 δὲ
937 2787 992 2824 διὰ
1023 2786 1061 2824 τὸ
1085 2801 1151 2824 πο-

99 2850 256 2888 λύπαιδα
288 2851 506 2900 γεγενῆσθαι·
533 2851 555 2894 ἡ
575 2847 643 2900 γὰρ
672 2850 788 2899 χοῖρος
807 2845 920 2885 πολλὰ
942 2846 1071 2891 τίκτει,
1091 2844 1150 2882 καὶ

99 2911 133 2947 ἐν
154 2911 223 2951 τοῖς
255 2908 434 2960 Ὀρφικοῖς
460 2908 490 2944 οἱ
521 2909 635 2958 χοῖροι
657 2906 783 2944 {migeti
816 2903 1147 2956 προσαγορεύονται.

101 2969 149 3006 Οἱ
170 2967 205 3004 δὲ
227 2965 343 3004 λοιποὶ
367 2965 492 3008 πάντες
521 2964 630 3017 κυρίῳ
658 2964 767 3011 αὐτὴν
795 2964 940 3014 ὀνόματι
970 2962 1148 3015 προσηγό-

102 3041 242 3079 ρευσαν.

154 3084 419 3133 Asclepiadem
447 3082 614 3131 intellige
640 3084 913 3131 Tragilensem‚
938 3081 1148 3133 Τραγῳδου-

101 3143 213 3195 μένων
241 3150 449 3180 auctorem.
473 3142 636 3190 Scriptio
656 3140 744 3191 Περὶ
765 3141 967 3192 τραγωδιῶν
993 3153 1070 3176 non
1091 3140 1150 3176 di-

99 3215 208 3240 versa
238 3203 351 3238 fuerit
381 3202 428 3236 ab
470 3201 636 3248 Epistola
666 3200 715 3235 ad
744 3200 1020 3248 Asclepiadem.
1053 3201 1149 3235 Item

102 3273 247 3310 quaeras
260 3273 350 3295 num
367 3259 463 3294 liber
482 3256 571 3308 Περὶ
593 3257 779 3308 Εὐριπίδου
802 3259 872 3307 (fr.
899 3257 969 3294 165
986 3258 995 3307 )
1014 3259 1062 3294 ab
1082 3259 1148 3294 illo

101 3323 158 3357 De
174 3318 368 3368 tragoediis
386 3318 434 3352 sit
450 3317 750 3364 distinguendus.
767 3317 1002 3364 Negaverim.

156 3377 250 3426 Pag.
275 3377 348 3419 413
363 3403 373 3421 ‚
404 3375 453 3411 ad
475 3374 608 3423 fragm.
635 3387 723 3420 172.
747 3395 797 3401 -—-
818 3375 983 3412 Cramer.
1006 3374 1146 3411 Anecd.

106 3437 226 3476 Oxon.
249 3438 305 3486 ΙΙ,
322 3449 361 3484 p.
382 3435 456 3479 448
474 3446 482 3472 ἰ
503 3435 563 3473 Θυ
577 3447 598 3478 η
612 3433 665 3470 λα
679 3431 700 3470 ί.
721 3430 919 3483 Φιλόχορος
938 3433 1000 3481 γῆς
1021 3431 1148 3474 παῖδας

821 239 1068 304 ADDENDA
1097 239 1162 279 ET
1191 239 1522 281 CORRIGENDA

1209 320 1296 366 εἶναι
1314 327 1442 375 θυηλὰς
1454 327 1494 372 ἃς
1509 329 1648 381 πρῶτον
1662 326 1790 367 θύουσν
1808 329 1963 368 Θυοσκόοι
1984 330 2034 378 δὲ,
2053 333 2083 370 οἵ
2099 330 2169 369 ἀπὸ
2183 333 2254 370 τῶν

1207 385 1381 437 θυομένων
1397 386 1452 424 διὰ
1463 390 1522 425 τοῦ
1536 386 1641 438 πυρὸς
1655 387 1918 439 μαντευόμενοι·
1932 391 2032 442 ἱερεῖς
2043 390 2077 428 δὲ
2091 390 2169 435 τοὺς
2181 391 2254 430 ἀπὸ

1206 445 1274 482 τῶν
1297 446 1399 497 ἱερῶν
1428 444 1639 496 σπλάγχνων
1660 446 1950 496 μαντευομένους.
1975 448 2112 501 Κυρίως
2135 449 2256 500 μέντοι

1207 502 1335 551 θυηλὰς
1358 502 1436 547 τοὺς
1462 503 1629 548 θυλάκους
1650 506 1696 549 εἷς
1725 503 1782 550 οὓς
1808 505 1853 544 τὰ
1877 505 2082 557 θυμιάματα
2111 508 2252 559 ἐμὸάλ-

1206 562 1316 599 λεται.

1266 619 1359 670 Pag.
1382 625 1476 668 414,
1497 621 1544 658 fr.
1575 621 1664 659 180.
1683 643 1732 650 —
1755 623 1813 661 Cf.
1833 623 2057 674 Demagorae
2082 626 2130 665 fr.
2161 626 2198 673 3,
2217 634 2255 664 et

1208 679 1446 728 Hegesandri
1458 680 1506 718 fr.
1532 680 1605 727 46,
1624 687 1719 719 tom.
1741 683 1792 718 IV
1805 709 1816 727 ,
1837 694 1877 731 p.
1895 682 1969 729 378
1984 691 2022 719 et
2042 687 2132 726 422.

1263 737 1357 786 Pag.
1377 736 1468 783 415,
1485 738 1532 776 sr.
1564 737 1651 774 186.
1671 759 1724 766 —
1750 740 1822 776 Hic
1836 741 1943 777 locus
1962 742 2253 792 Philostephano

1207 796 1459 832 vindicandus
1487 803 1554 834 est.
1590 799 1634 835 V.
1670 797 1829 836 Philost.
1862 799 1910 837 fr.
1931 811 1956 848 9
1985 813 2026 846 a,
2055 807 2150 839 tom.
2173 802 2253 848 ῙῙῙ,

1207 868 1247 904 p.
1268 855 1330 893 30.

1262 912 1355 962 Pag.
1393 913 1483 960 415,
1515 914 1563 950 fr.
1591 914 1678 951 188.
1705 936 1757 942 --
1775 916 1921 952 Titulus
1946 914 2036 968 Περι
2055 916 2255 968 εὓρεμᾶτων

1209 972 1410 1018 delendus3
1438 973 1692 1021 probabiliter
1713 974 1841 1010 verbis
1867 973 1953 1011 Φιλ.
1975 975 2009 1012 ἐν
2028 977 2072 1027 τῇ
2093 974 2135 1013 ιθ’
2155 976 2255 1013 indi-

1209 1039 1318 1068 catur
1333 1032 1430 1067 liber
1448 1044 1571 1068 nonus
1593 1031 1648 1082 (θ’)
1681 1033 1868 1079 Atthidis,
1898 1034 1938 1069 in
1971 1046 2048 1082 quo
2069 1034 2116 1071 de
2142 1035 2257 1072 rebus
2319 1049 2327 1055 ·

1207 1091 1322 1126 sacris
1337 1102 1545 1126 sermonem
1564 1090 1677 1126 fuisse
1690 1090 1895 1140 fragmenta
1911 1091 2063 1128 docent.
2079 1092 2256 1131 Ceterum

1208 1150 1238 1184 si
1273 1155 1461 1185 constaret
1494 1149 1766 1185 Philochorum
1803 1158 1941 1199 praeter
1971 1148 2256 1201 Ἐπιγράμματα

1210 1206 1350 1245 Ἀττικοί
1381 1207 1444 1257 (v.
1473 1207 1646 1256 Prolegg.
1665 1221 1706 1258 p.
1729 1209 1894 1259 Lxxx1x)
1920 1210 2031 1245 etiam
2050 1210 2258 1247 Thebaicas

1210 1274 1247 1302 et
1277 1267 1436 1303 aliarum
1458 1267 1654 1322 civitatum
1680 1268 1943 1316 inscriptiones
1970 1268 2183 1317 collegisse,
2207 1269 2275 1311 ad,

1211 1326 1285 1361 tale
1302 1327 1427 1374 potius
1442 1338 1538 1374 opus
1550 1327 1742 1374 pertinere
1754 1326 1980 1362 crediderim
1992 1326 2258 1377 frag-mentum,

1210 1385 1317 1432 quod
1330 1383 1569 1432 pleniusjam
1583 1385 1761 1421 exhibere
1772 1385 1860 1421 licet
1873 1397 1893 1421 e
1910 1385 1998 1422 cod.
2018 1387 2133 1424 Paris.
2153 1387 2258 1433 2766

1210 1444 1250 1478 in
1267 1444 1388 1479 Cram.
1410 1443 1555 1480 Anecd.
1569 1444 1654 1480 Par.
1671 1445 1750 1489 111,
1767 1456 1809 1491 p.
1827 1443 1902 1492 289
1922 1456 1930 1479 :
1948 1442 1992 1481 ‘0
2006 1441 2042 1480 δὲ
2062 1443 2260 1496 Φιλόχορος

1210 1501 1267 1537 ὑπ’
1291 1499 1506 1544 Ἀπόλλωνός
1522 1515 1624 1552 φησιν
1641 1499 1741 1538 αὐτὸν
1763 1503 1838 1551 (sc.
1855 1501 1911 1539 τὸν
1929 1501 2034 1540 Λίνον
2048 1501 2061 1552 )
2077 1503 2259 1553 ἀναιρεθῆ-

1211 1573 1287 1606 ναι,
1308 1557 1360 1596 ὅτι
1380 1559 1419 1596 τὸ
1436 1559 1529 1595 λίνον
1546 1558 1747 1602 καταλύσας
1766 1562 1902 1611 πρῶτος
1919 1560 2060 1612 χορδαῖς
2081 1560 2259 1612 ἐχρήσατο

1211 1618 1257 1660 εἰς
1273 1616 1316 1654 τὰ
1337 1616 1481 1668 ὄργανα.
1501 1618 1620 1668 Φησὶν
1650 1617 1685 1655 δὲ
1704 1617 1806 1655 αὐτὸν
1823 1619 1857 1655 ἐν
1878 1618 2017 1664 Θήὸαις
2032 1622 2183 1671 ταφῆναι
2198 1619 2258 1657 καὶ

1210 1678 1381 1726 τιμᾶσθαι
1390 1675 1459 1712 ὑπὸ
1469 1678 1620 1723 ποιητῶν
1633 1675 1838 1729 θρηνώδεσιν
1849 1678 2040 1730 ἀπαρχαῖς.
2055 1676 2259 1730 Ἐπιγραφή

1210 1736 1301 1772 ἐστιν
1322 1735 1355 1772 ἓν
1377 1733 1526 1780 Θήὸαις·

1293 1846 1339 1878 Ὦ
1354 1846 1427 1878 Λίνε
1441 1870 1449 1885 ,
1465 1849 1546 1878 πᾶσι
1560 1847 1656 1878 θεοῖσι
1670 1847 1818 1887 τετιμένε·
1839 1847 1888 1878 σοὶ
1902 1847 1960 1888 γὰρ
1974 1847 2095 1879 ἔδωκαν

1296 1893 1441 1925 ἀθάνατοι
1461 1894 1575 1934 πρώτῳ
1594 1894 1682 1934 μέλος
1696 1894 1900 1934 ἀνθρώποισιν
1919 1895 2021 1926 ἀεῖσαι

1243 1956 1246 1957 ’
1293 1940 1324 1972 ἐν
1337 1941 1408 1971 ποδὶ
1428 1940 1581 1980 δεξιτερῷ·
1597 1941 1722 1971 Μοῦσαι
1734 1941 1767 1972 δέ
1779 1951 1815 1972 σε
1830 1941 1952 1981 θρήνεον
1963 1942 2053 1973 αὐταὶ

1294 1987 1462 2028 μυρόμεναι
1487 1988 1654 2028 μολπῇσιν,
1669 1988 1736 2019 ἐπεὶ
1750 1987 1835 2024 λίπες
1845 1987 1933 2025 ἡλίου
1943 1988 2051 2029 αὐγάς.

1266 2075 1358 2125 Pag.
1381 2076 1472 2126 415,
1494 2077 1542 2113 ad
1558 2077 1606 2116 fr.
1630 2091 1688 2127 19.
1704 2099 1757 2106 --
1775 2078 1900 2115 Schol.
1917 2079 2031 2114 Rom.
2052 2077 2101 2113 ad
2128 2078 2259 2128 Eurip.

1212 2135 1354 2171 Alcest.
1379 2135 1454 2183 983
1474 2149 1482 2170 :
1512 2136 1656 2187 Πρῶτος
1674 2134 1821 2187 Ὀρφεὺς
1846 2133 2021 2186 μυστήρια
2041 2136 2125 2172 θεῶν
2145 2150 2260 2208 παρα·

1213 2193 1385 2240 δέδωκεν,
1406 2193 1480 2231 ὅθεν
1497 2209 1555 2231 και
1573 2198 1612 2246 θρ
1616 2209 1700 2240 ησκε
1687 2193 1741 2231 εία
1754 2193 1794 2231 τὸ
1809 2192 1997 2244 μυστήριον
2014 2195 2208 2231 καλεῖται’
2189 2193 2260 2232 απὸ

1213 2257 1274 2290 τοῦ
1297 2252 1440 2312 Θρᾳκὸς
1474 2252 1645 2304 Ορφέως.
1674 2251 1745 2291 Και
1763 2251 1889 2295 ἄλλως·
1917 2251 1989 2291 Και
2020 2251 2166 2299 ποιῆτης
2197 2251 2258 2291 καὶ

1214 2310 1371 2362 μάντις
1354 2327 1394 2358 ην
1415 2312 1432 2348 ὁ
1452 2309 1612 2363 Ὀρφεύς.
1633 2309 1829 2361 Φιλόχορος
1854 2311 1889 2348 ἐν
1911 2309 2040 2363 πρώτῳ
2062 2309 2151 2363 Περὶ
2167 2325 2259 2360 μαν-

1212 2385 1310 2417 τῑκης
1328 2369 1500 2417 ἐκτίθησιν
1519 2370 1623 2408 αὖῖῦυ
1643 2369 1825 2419 ποιήματα
1839 2367 1963 2421 ἔχοντα
1981 2367 2098 2412 ουτως“

1296 2481 1381 2512 οὗτοι
1395 2480 1553 2522 ἀριστερὸς
1567 2482 1629 2520 εἰμι
1649 2480 1834 2521 θεοπροπίας
1848 2480 2020 2518 ἀποειπεῖν,

1298 2529 1374 2560 ἀλλά
1398 2539 1450 2569 μοι
1467 2529 1497 2560 ἐν
1511 2529 1676 2566 στήθεσσιν
1707 2528 1890 2565 ἀληθεύουσι
1914 2528 2042 2567 μέλαινα
2068 2527 2259 2568 (μέριμναιῒ

1900 2573 2034 2615 [Cobet3
2054 2574 2216 2615 μέλαιναιὶ)
2230 2576 2256 2615 ).

1293 2673 1328 2712 δὲ
1354 2673 1492 2725 φυσικὸς
1512 2672 1738 2726 Ἡράκλειτος
1766 2673 1844 2723 (sic
1873 2673 1994 2718 Cob.;
2025 2671 2259 2724 εΗρακλείδης

1213 2733 1319 2783 cod.)
1336 2726 1422 2770 εἶναι
1436 2732 1539 2776 ὅντως
1556 2732 1640 2784 φησὶ
1658 2732 1798 2774 σανίδας
1815 2730 1914 2774 τινὰς
1931 2729 2099 2782 Ὀρφέως,
2115 2729 2258 2782 γράφων

1212 2790 1330 2834 ούτως·
1357 2809 1372 2825 «
1396 2790 1449 2829 Τὸ
1473 2790 1507 2828 δὲ
1534 2795 1593 2828 τοῦ
1618 2789 1785 2828 Διονύσου
1813 2787 2088 2826 κατεσκεύασται
2113 2789 2170 2826 ἐπὶ
2195 2791 2258 2834 τῆς

1212 2849 1410 2920 Opoixrffi,”
1396 2849 1453 2887 επὶ
1473 2865 1531 2887 του
1553 2848 1768 2897 καλουμένου
1786 2846 1925 2896 Αἵμου,
1947 2846 2032 2884 ὅπου
2047 2846 2088 2891 δή
2105 2861 2199 2889 τινας
2221 2848 2256 2884 ἐν

1214 2907 1347 2945 σανίσιν
1369 2905 1569 2958 ἀναγραφὰς
1589 2900 1677 2943 εἶναί
1703 2920 1807 2958 φασιν
1839 2903 1908 2955 [ἃς
1937 2904 2086 2956 ἔγραψεν
2107 2903 2257 2958 Ὀρφεύς

1212 2968 1267 3003 vel
1289 2968 1361 3002 tale
1381 2967 1474 3014 quid
1492 2965 1644 3004 excidit.
1667 2965 1758 3003 Con.
1773 2967 1786 3009 ]

1264 3027 1354 3074 Pag.
1370 3025 1459 3069 416,
1475 3024 1522 3061 fr.
1541 3023 1626 3072 196.
1638 3023 1759 3061 —Cf.
1774 3024 1864 3059 Lex.
1881 3021 2006 3059 rhet.'
1997 3033 2036 3055 m
2049 3020 2166 3058 Bekk.
2184 3016 2255 3058 An.

1210 3098 1248 3134 p.
1276 3083 1373 3129 265,
1401 3083 1458 3120 13.
1486 3085 1610 3130 Etym.
1634 3083 1686 3118 M.
1707 3094 1746 3130 p.
1771 3080 1866 3124 455,
1900 3086 1949 3128 49
1978 3086 2015 3115 et
2041 3077 2255 3127 Pherecyd.

1211 3144 1257 3180 fr.
1281 3157 1303 3180 2
1323 3157 1348 3178 a
1368 3143 1406 3178 in
1425 3141 1631 3179 Addendis.

1263 3256 1418 3291 ISTER.
1439 3255 1527 3302 Pag.
1552 3257 1650 3301 424,
1673 3251 1717 3287 fr.
1737 3256 1786 3300 49
1799 3258 1881 3286 not.
1899 3249 2022 3286 scribe
2042 3262 2050 3285 :
2075 3248 2137 3295 Cf.
2154 3248 2255 3285 Phe-

1210 3314 1334 3361 recyd.
1343 3311 1404 3358 fr.
1426 3312 1486 3350 36.

1263 3373 1353 3420 Pag.
1373 3371 1468 3416 426,
1482 3370 1529 3406 fr.
1546 3368 1592 3404 52
1613 3382 1619 3403 :
1639 3389 1692 3396 -—
1709 3365 1992 3420 Μητροπόλεως]
2008 3366 2112 3401 Libri
2125 3378 2254 3402 omnes

1212 3428 1430 3479 μεσοπόλεως
1445 3456 1455 3474 ,
1472 3436 1609 3477 praeter
1625 3441 1740 3463 unuin
1755 3454 1766 3472 ‚
1790 3428 1855 3475 qui
1876 3427 2048 3462 lacunam
2067 3425 2194 3462 habet.
