2372 3704
157 235 231 267 320

148 323 260 359 docia
277 323 374 360 Viol.
392 335 433 371 p.
457 321 504 368 67
525 333 533 359 τ
551 318 623 372 Ἀρ.
647 318 761 372 ῥήτωρ
783 318 930 372 ἔγραψεν
949 318 1104 371 ἱστορίαν
1121 320 1184 357 Αἷ-

147 380 302 430 γυπτίων
318 379 379 418 ’καὶ
400 379 489 432 Περὶ
507 381 575 417 τῶν
603 382 664 417 τοῦ
681 378 807 418 Νείλου
825 380 975 430 ἀγαθῶν.
1007 379 1063 417 Cf.
1088 379 1184 416 ibid.

145 453 187 488 p.
223 439 296 476 305
325 453 362 478 V.
385 439 538 481 Νεῖλοςε
565 437 728 488 Ἀνέγνων
758 436 794 474 δὲ
819 435 916 489 παρὰ
945 435 1186 488 Ἀρισταινέτῳ

147 498 198 549 τῷ
220 498 393 550 ῥητορικῷ
406 527 416 544 ,
433 496 484 534 ὅτι
505 495 722 548 ἑορτάζουσιν
740 496 835 548 αὐτῷ
854 497 885 533 οἳ
906 494 1090 545 Αἰγύπτιοι
1107 497 1186 546 ἑορ-

148 554 211 601 τὴν
231 555 428 606 πανδημεὶ,
447 554 573 598 πάντες
589 553 648 592 καὶ
677 559 788 592 πᾶσαι
818 553 1002 605 ἐρχόμεναι
1034 553 1113 605 περὶ
1143 551 1186 590 τὰ

147 613 275 667 θέατρα
295 617 362 652 τῶν
390 613 542 660 πόλεων,
571 614 711 650 κάκεῖσε
744 615 921 650 θοινῶνται
954 610 1099 654 ἕκαστος
1127 610 1186 648 καὶ

147 672 278 719 ἑκάστη
311 671 330 710 ὃ
360 671 442 724 ἔχει·
478 670 600 723 χοροὺς
632 670 667 709 δὲ
700 669 955 720 συστησάμενοι
987 669 1106 722 ᾅδουσι
1137 671 1186 721 τῷ

145 731 262 784 Νείλῳ
281 729 391 784 ᾠδὰς,
408 729 446 768 αἳ
464 732 513 782 τῷ
538 729 594 768 Διὶ
615 728 766 782 ᾅδονται·
783 731 828 771 ὡς
843 732 903 767 τοῦ
923 728 1052 768 Νείλου
1068 727 1108 765 τὸ
1126 731 1186 765 τοῦ

146 789 227 832 Διὸς
246 789 343 842 ἔργον
363 792 538 831 ποιοῦντος
557 787 615 826 καὶ
633 787 799 839 ἄρχοντος
814 790 876 833 τῆς
893 786 1023 838 χώρας.
1046 786 1185 838 Ἀνδρο-

144 846 254 897 γύνων
272 847 307 886 δὲ
331 848 427 885 δοκεῖ
445 846 557 897 λέγειν
576 845 697 896 τιμὰς,
712 847 761 897 τῷ
786 845 964 895 πανδημεὶ
983 845 1061 887 τοὺς
1081 844 1185 896 ἄρρε-

144 920 204 948 νας
228 905 316 955 μετὰ
337 907 403 943 τῶν
423 907 595 956 γυναικῶν
623 903 918 955 ἐκδακχεύεσθαι,
943 903 1002 941 καὶ
1020 903 1187 946 πολλάκις

145 965 192 1007 ὡς
211 965 245 1000 ἐν
261 963 348 1015 μέθῃ
368 962 427 1001 καὶ
451 962 727 1013 ἀσελγαίνοντας.
749 965 847 999 Num
863 964 926 999 hic
947 964 1187 999 Aristaenetus

144 1031 198 1059 est
212 1024 342 1059 rhetor
362 1023 607 1070 Byzantinus,
627 1021 734 1068 cujus
750 1023 921 1058 meminit
941 1022 1188 1057 Philostratus

142 1084 188 1119 V.
215 1083 252 1118 S.
268 1083 324 1126 II,
349 1094 409 1126 11,
436 1094 475 1130 p.
504 1081 607 1128 591?
631 1081 891 1116 Aristaenetum
915 1080 1105 1128 quendam
1122 1081 1186 1115 Ni-

145 1153 321 1176 caeensem
348 1140 556 1176 introducit
577 1139 801 1174 Plutarchus
819 1140 858 1174 in
877 1141 948 1186 Qu.
970 1140 1090 1177 conv.
1109 1140 1184 1182 III,

149 1211 186 1243 7,
217 1211 254 1243 2,
276 1211 317 1246 p.
355 1198 429 1246 796
454 1198 511 1234 ed.
542 1198 672 1236 Didot.
701 1198 812 1233 Mitto
833 1199 1094 1233 Aristaenetum
1121 1197 1186 1232 Ni-

144 1269 325 1292 caeensem
343 1256 703 1306 epistolographum,
723 1255 770 1291 de
801 1268 877 1304 quo
903 1269 938 1294 v.
954 1256 1175 1294 Boissonad.

147 1315 156 1363 (
174 1316 289 1350 Paris.
314 1314 411 1350 1822
430 1314 457 1364 ).

581 1416 598 1420 —
605 1410 753 1424 *OQ——

194 1489 428 1525 ARISTEAS
458 1488 686 1526 ARGIVUS.
711 1489 756 1526 V.
787 1489 970 1537 Aristippi
997 1488 1185 1524 Arcadica

144 1546 189 1584 fr.
213 1559 246 1585 1.

576 1632 747 1646 ⁴——

273 1714 652 1771 ARISTIDES
697 1713 1049 1771 MILESIUS.

193 1832 293 1866 Num
312 1832 438 1867 omnia
458 1843 540 1878 quae
557 1832 596 1865 in
619 1842 700 1877 sqq.
719 1830 998 1873 exhibebimus,
1018 1829 1184 1876 ejusdem

142 1891 216 1925 sint
232 1889 406 1924 Aristidis
421 1890 578 1934 Milesii,
595 1890 773 1925 nescitur.
793 1887 937 1934 Quodsi
955 1887 1004 1922 ad
1021 1887 1182 1922 eundem

142 1949 334 1983 hominem
353 1949 543 1996 pertinent
562 1948 650 1982 libri
669 1949 725 1983 De
741 1946 951 1994 proverbiis
965 1972 975 1990 ‚
991 1946 1031 1980 in
1048 1946 1184 1993 quibus

140 2007 352 2042 Polemonis
371 2007 514 2042 mentio
533 2004 576 2040 fit
594 2004 604 2056 (
620 2005 665 2040 fr.
691 2005 738 2041 30
753 2003 782 2052 ),
802 2011 839 2039 et
854 2004 988 2040 fabulae
1008 2005 1180 2050 Milesiae,

140 2076 222 2111 quae
243 2063 322 2110 jam
349 2063 472 2101 Crassi
498 2063 732 2111 temporibus
764 2062 905 2097 deliciae
921 2064 1182 2098 Romanorum

139 2129 244 2158 erant
264 2122 312 2170 (f.
331 2134 379 2170 29
395 2122 404 2171 )
418 2135 425 2157 :
440 2121 643 2158 Aristidem
661 2122 757 2157 inter
774 2133 835 2158 an.
855 2120 1028 2157 150-100
1050 2122 1183 2158 vixisse

139 2187 331 2221 conjicias.

548 2247 773 2285 ΙΤΑΛΙΚΑ.

462 2342 492 2375 Ε
511 2340 661 2376 LIBRO
679 2340 850 2378 PRIMO.

641 2441 653 2463 1
666 2457 672 2464 .

189 2501 377 2538 Plutarch.
405 2501 491 2537 Par.
524 2502 613 2536 min.
638 2513 672 2536 c.
699 2500 747 2536 30
771 2514 778 2535 :
808 2498 1062 2551 Ἀτεπόμαρος,
1085 2499 1180 2538 Γάλ-

136 2559 206 2595 λων
237 2557 420 2609 βασιλεὺς,
439 2557 626 2606 Ῥωμαίοις
645 2559 823 2607 πολεμῶν,
847 2557 910 2609 ἔφη
935 2557 983 2607 μὴ
1011 2558 1177 2610 πρότερον

140 2618 389 2669 ἀναχωρῆσαι,
413 2615 472 2654 ἐὰν
501 2615 549 2666 μὴ
577 2615 638 2658 τὰς
669 2621 835 2666 γυναῖκας
852 2617 898 2658 εἷς
921 2617 1105 2654 συνουσίαν
1120 2619 1176 2654 ε’κ-

77 2724 81 2728 .
137 2676 236 2714 δῶσι.
255 2677 335 2714 Τῶν
356 2674 392 2712 δὲ
417 2673 473 2712 διὰ
502 2673 702 2725 συμὸουλὴν
730 2674 980 2727 θεραπαινίδων
1012 2675 1174 2727 πεμψάν-

136 2749 202 2771 των
217 2733 278 2776 τὰς
292 2733 429 2782 δούλας,
445 2732 504 2771 καὶ
517 2732 727 2776 κοπωθέντες
744 2735 774 2770 οἵ
791 2732 960 2785 βάρὸαροι
972 2736 1015 2784 τῇ
1031 2734 1174 2784 ἀλήκτῳ

544 2856 762 2895 ITALICA.

176 2987 397 3028 Atepomarus‚
409 2990 574 3021 Gallorum
586 2998 654 3030 rex,
669 2989 752 3022 bello
762 2992 919 3023 Romanos
931 2991 1092 3031 infestans,
1100 2999 1174 3032 pro-

134 3040 233 3072 fessus
245 3042 368 3072 estnon
383 3043 456 3073 ante
471 3050 504 3073 se
517 3051 714 3073 recessurum
724 3065 733 3080 ‚
750 3051 846 3082 quam
858 3043 990 3074 Romani
1009 3052 1082 3075 suas
1097 3052 1174 3075 uxo·

135 3101 186 3124 res
207 3092 306 3124 Gallis
326 3094 558 3133 cognoscendas
573 3095 739 3126 misissent.
769 3096 903 3126 Romani
922 3096 1054 3127 consilio
1077 3096 1175 3127 ancil-

134 3145 238 3176 larum
251 3145 394 3176 obsecuti
411 3145 469 3177 has
491 3155 548 3186 pro
569 3147 673 3178 liberis
689 3147 844 3179 miseruut
861 3159 868 3179 :
888 3148 920 3179 et
936 3148 1062 3180 barbari
1077 3149 1175 3179 nimio

135 3197 178 3228 rei
201 3206 345 3231 venereae
357 3197 458 3229 abusu
483 3199 601 3239 fatigati
626 3200 657 3230 in
670 3208 818 3231 somnum
838 3201 913 3232 sunt
930 3201 1037 3232 soluti.
1055 3202 1175 3233 Retana

135 3249 145 3288 (
164 3257 200 3279 ea
216 3249 363 3288 princeps
388 3250 509 3281 consilii
537 3250 661 3290 suerat)
677 3251 826 3291 caprifico
851 3260 1022 3284 conscensa
1042 3252 1076 3284 in
1105 3262 1174 3284 mu-

133 3308 206 3330 rum
230 3299 354 3338 evadit,
379 3309 510 3340 remque
524 3301 706 3332 consulibus
726 3301 856 3334 indicat.
874 3304 921 3334 lta
940 3304 1074 3335 Romani
1092 3304 1173 3336 sacta

133 3351 298 3391 eruptione
315 3351 460 3383 vicerunt
474 3362 481 3383 :
498 3354 595 3392 atque
612 3353 684 3384 hinc
702 3354 799 3384 festus
814 3354 998 3386 ancillarum
1013 3355 1079 3388 dies
1091 3365 1174 3388 sum·

134 3403 194 3443 psit
211 3402 347 3435 initium.
363 3403 516 3436 Aristides
539 3404 675 3437 Milesius
688 3405 800 3436 auctor
815 3406 914 3445 primo
932 3407 1125 3439 Italicorum.

983 230 1234 271 ARISTIDIS
1261 231 1455 270 MILESII

1249 317 1412 369 συνουσίᾳ
1433 315 1654 364 ὑπνώθησαν.
1685 317 1731 357 Ἡ
1763 317 1798 356 δὲ
1833 317 1988 365 Ῥητάνα
2022 319 2033 370 (
2054 318 2141 366 αὕτη
2158 318 2225 372 γὰρ
2242 315 2282 368 ἦν

1247 379 1268 422 ἡ
1289 379 1388 414 τοῦτο
1407 375 1726 428 συμὸουλεύσασα)
1747 377 1868 428 ἀγρίας
1892 377 2130 428 ἐπιλαὸομένη
2149 381 2280 429 συκῆς,

1249 433 1430 472 ἀνοιδαίνει
1453 435 1500 476 εἷς
1524 433 1563 472 τὸ
1582 437 1713 486 τεῖχος,
1747 434 1806 472 καὶ
1836 434 1958 483 μηνύει
1977 441 2046 478 τοῖς
2068 435 2229 481 ὑπάτοις·
2251 439 2284 475 οἱ

1249 493 1277 530 δ’
1297 491 1497 535 ἐπελθόντες
1515 492 1692 539 ἐνίκησαν.
1720 492 1793 545 Ἀφ’
1814 487 1851 530 οῧ
1875 493 1934 530 καὶ
1947 493 2048 545 ἑορτὴ
2064 496 2284 546 θεραπαινῶν

1247 551 1425 588 καλεῖται·
1437 552 1483 592 ὡς
1493 549 1705 602 Ἀριστείδης
1721 549 1892 597 Μιλήσιος
1905 552 1938 588 ἐν
1950 549 2072 603 πρώτῃ
2083 551 2282 593 Ἰταλικῶν.

1253 624 1268 642 «
1289 611 1399 645 Hunc
1426 610 1612 645 Milesium
1638 609 1841 646 Aristidem
1870 610 2184 657 Wyttenbachius
2217 611 2286 662 (in

1247 667 1437 705 Plutarch.
1466 673 1559 705 tom.
1579 669 1636 713 ΙΙ,
1670 679 1686 703 1
1703 695 1713 714 ,
1733 679 1775 716 p.
1807 666 1882 717 80)
1906 675 2030 704 censet
2054 669 2102 704 de
2127 675 2286 706 numero

1247 725 1511 761 historicorum
1535 725 1776 761 eximendum
1796 738 1892 771 esse,
1915 733 1958 761 ut
1974 727 2039 774 qui
2048 726 2160 771 fictus
2169 730 2221 763 sit
2237 739 2287 764 ex

1247 782 1408 818 AristIde
1423 784 1700 819 Milesiacorum
1719 785 1903 832 scriptore
1920 795 1929 821 t
1963 791 2077 831 quam
2094 796 2166 833 ego
2183 797 2287 822 seve-

1248 842 1395 877 ritatem
1416 840 1554 887 judicii
1575 841 1677 877 haud
1704 853 1855 889 sequar,
1875 842 1964 889 quia
1983 843 2087 877 nulla
2106 849 2193 878 aetas
2205 855 2286 880 non

1249 899 1319 935 fert
1338 900 1474 935 mixtos
1490 899 1600 934 bonis
1618 899 1818 947 scriptores
1831 900 2093 948 ineptissimos,
2115 901 2288 938 Mirabile

1246 957 1419 1006 profecto
1434 964 1504 1003 est,
1521 957 1570 992 ad
1588 958 1703 992 solum
1732 957 2004 993 Parallelorum
2028 958 2144 994 libelli
2167 959 2287 996 artifi-

1249 1029 1330 1051 cem
1357 1015 1460 1051 unde
1480 1014 1734 1051 confluxerint
1758 1021 1869 1050 tantae
1889 1016 2146 1064 amplitudinis
2171 1029 2289 1066 opera

1251 1074 1426 1109 omnibus
1465 1074 1545 1109 aliis
1579 1074 1775 1118 inusitata;
1810 1073 2021 1109 mirabilius
2054 1075 2186 1120 etiam,
2221 1080 2287 1124 qui

1249 1132 1429 1168 Aristides
1449 1139 1506 1167 tot
1530 1138 1683 1178 tamque
1710 1143 1841 1179 graves
1857 1131 2016 1167 subinde
2030 1143 2089 1167 res
2108 1133 2209 1169 solus
2224 1141 2289 1170 aut

1249 1190 1410 1239 legendo
1426 1190 1648 1238 cognoverit
1670 1196 1734 1224 aut
1751 1189 1866 1224 fando
1891 1189 2053 1225 audierit
2061 1203 2072 1235 ;
2094 1202 2226 1226 verum
2249 1193 2288 1228 in

1248 1250 1403 1284 servatis
1423 1261 1468 1284 ex
1497 1248 1722 1295 antiquitate
1750 1247 1921 1295 reliquiis
1948 1248 2112 1283 minimis
2134 1260 2287 1285 versan-

1249 1307 1339 1342 dum
1353 1314 1407 1343 est
1425 1307 1535 1342 nobis
1551 1307 1725 1354 religiose
1739 1313 1775 1342 et
1805 1306 1846 1341 in
1862 1306 2110 1354 scriptoribus
2126 1307 2187 1343 vel
2205 1306 2289 1343 infi-

1247 1366 1315 1400 mis
1337 1365 1431 1399 nihil
1451 1365 1561 1400 nobis
1585 1365 1673 1399 licet
1691 1365 1762 1399 nisi
1794 1364 2056 1399 narrationum
2075 1363 2290 1402 futilitatem

1247 1423 1523 1470 veritatemque
1536 1421 1751 1470 expendere
1768 1427 1805 1457 et
1816 1448 1827 1468 ,
1838 1428 1956 1469 prout
1967 1421 2099 1470 pulcre
2115 1429 2181 1458 aut
2193 1423 2289 1459 male

1248 1482 1470 1529 scriptorem
1489 1481 1652 1528 aliquem
1669 1481 1706 1514 in
1726 1481 1897 1515 examine
1915 1479 1983 1515 illo
2001 1481 2144 1516 stetisse
2161 1492 2288 1517 cense-

1247 1539 1305 1574 bis
1318 1566 1327 1583 ‚
1355 1540 1413 1574 vel
1433 1539 1627 1574 acerbiore
1646 1550 1732 1573 eum
1748 1538 1901 1573 nomine
1927 1538 2104 1586 insignire
2128 1537 2287 1587 (quem-

1249 1597 1456 1632 admodum
1483 1604 1654 1632 nostrum
1679 1595 1883 1631 Aristidem
1909 1596 1958 1630 ob
1988 1596 2120 1632 oculos
2147 1596 2288 1632 habens

1248 1655 1514 1691 Valckenarius
1561 1654 1609 1690 ad
1640 1653 1826 1690 Herodot.
1863 1654 1955 1701 VII,
1987 1651 2061 1689 225
2077 1680 2089 1698 ,
2121 1669 2137 1686 a
2159 1656 2286 1691 Istius-

1247 1713 1352 1748 modi
1369 1713 1616 1757 nebulonum,
1631 1712 1769 1759 inquit,
1785 1711 1984 1747 mendacia
1993 1712 2057 1747 vix
2071 1712 2187 1760 digna
2201 1721 2288 1749 sunt

1247 1778 1458 1806 memoratu
1485 1786 1520 1817 »,
1544 1778 1608 1806 aut
1639 1770 1903 1817 Wesselingius
1926 1769 1997 1819 (V.
2013 1769 2176 1806 Diodor.
2198 1772 2283 1820 Bip.

1248 1836 1340 1866 tom.
1364 1830 1422 1874 X,
1449 1841 1488 1877 p.
1517 1833 1590 1871 2214
1627 1835 1664 1864 et
1689 1841 1729 1876 p.
1760 1828 1831 1864 381
1871 1827 1899 1877 ),
1924 1835 2105 1877 excerpto
2135 1829 2287 1864 cuidam

1247 1887 1420 1923 Aristidis
1435 1888 1520 1923 loco
1540 1886 1638 1923 hanc
1653 1887 1758 1922 addit
1778 1886 1999 1922 coronidem
2017 1899 2026 1922 ε
2049 1902 2065 1919 α
2089 1888 2146 1923 Tu
2161 1893 2287 1923 tamen

1247 1953 1426 1994 tanquam
1450 1947 1514 1981 hic
1538 1946 1766 1993 exscriptum
1794 1958 1873 1980 non
1897 1945 2016 1989 soret,
2049 1945 2287 1983 considerare

1244 2006 1386 2053 poteris
1401 2020 1416 2036 »
1431 2003 1459 2053 )‚
1471 2005 1718 2040 exterminare
1733 2010 1858 2039 autem
1874 2003 1920 2040 de
1934 2005 2086 2040 civitate
2095 2011 2133 2040 et
2144 2004 2192 2041 ad
2202 2017 2285 2041 cor-

1246 2076 1310 2098 vos
1330 2063 1480 2112 abigere
1492 2075 1570 2098 non
1586 2063 1685 2098 licet.
1710 2078 1725 2095 x»
1742 2064 1882 2100 Emuvr.
1909 2062 2029 2101 Σικελ.
2049 2075 2090 2111 Ρ.
2117 2061 2204 2098 106.

1552 2162 1581 2196 E
1609 2160 1758 2196 LIBRO
1784 2160 1975 2196 TERTIO.

1710 2262 1781 2288 .2.

1296 2332 1354 2368 Id.
1374 2332 1427 2369 ib.
1453 2344 1484 2367 c.
1504 2343 1524 2366 2
1547 2344 1554 2366 ;
1576 2329 1768 2381 Πορσίνας,
1786 2327 1953 2368 Τούσκων
1978 2327 2157 2380 βασιλεὺς,
2171 2329 2282 2382 πέραν

1246 2391 1405 2438 ποταμοῦ
1419 2387 1615 2439 Θύμὸρεως
1631 2386 1842 2439 στρατεύσας
1862 2386 2058 2437 ἐπολέμησε
2077 2385 2280 2438 “Ρωμαίοις,

1242 2447 1301 2484 καὶ
1315 2446 1376 2493 τὴν
1389 2445 1456 2484 ἀπὸ
1469 2445 1584 2484 σιτίων
1593 2445 1784 2498 φερομένην
1799 2444 1958 2491 εὐθηνίαν
1973 2444 2162 2495 Ῥωμαίοις
2172 2445 2282 2495 μέσην

1241 2503 1372 2552 λαὸὼν,
1393 2505 1485 2556 λιμῷ
1501 2502 1578 2547 τοὺς
1600 2501 1868 2554 προειρημένους
1887 2501 2022 2554 ἔτρυχε.
2043 2503 2118 2549 Τῆς
2141 2500 2176 2540 δὲ
2195 2517 2282 2554 συγ-

1242 2563 1371 2609 κλήτου
1402 2562 1679 2614 συγκεχυμένης,
1707 2561 1859 2604 Μούκιος
1888 2562 1958 2598 τῶν
1987 2560 2170 2610 ἐπισήμων
2194 2561 2282 2613 ἀνὴρ

1240 2619 1359 2658 λαίῗὼν
1392 2619 1636 2672 τετρακοσίους
1661 2618 1741 2656 ἀπὸ
1761 2620 1831 2656 τῶν
1861 2617 2002 2656 ὑπάτων
2030 2618 2223 2669 ὁμήλικας,
2242 2620 2278 2656 ἐν

1243 2678 1404 2729 ἰδιωτικῷ
1430 2677 1589 2728 σχήματι
1615 2677 1671 2715 τὸν
1689 2677 1848 2727 ποταμὸν
1875 2677 2024 2723 διῆλθεν.
2045 2675 2147 2715 Ἰδὼν
2167 2675 2202 2713 δὲ
2218 2675 2277 2714 τὸν

1242 2734 1526 2786 σωματοφύλακα
1545 2739 1604 2773 τοῦ
1628 2734 1793 2786 τυράννου
1819 2733 1863 2772 τὰ
1884 2734 2063 2780 ἐπιτήδεια
2083 2733 2279 2772 διαδιδόντα

1738 2879 1772 2910 2.

1278 2945 1433 2982 Porsena,
1451 2944 1657 2974 Etruscorum
1672 2951 1746 2982 rex,
1764 2943 1851 2974 trans
1867 2941 2008 2974 Tiberim
2036 2941 2146 2982 positis
2166 2941 2279 2983 castris

1238 2997 1395 3027 Romanos
1410 2995 1630 3036 oppugnabat,
1653 2996 1896 3034 commeatuque
1923 2994 2098 3034 intercepto
2120 2993 2204 3025 same
2225 3002 2279 3025 eos
2338 3000 2342 3004 ·

1237 3047 1378 3086 urgebat.
1395 3046 1503 3086 Inopia
1521 3046 1645 3078 consilii
1659 3048 1729 3077 tum
1749 3045 1913 3076 laborante
1928 3047 2041 3076 senatu
2054 3068 2063 3084 ,
2083 3044 2221 3084 Mucius,
2237 3043 2278 3076 de

1236 3098 1311 3130 viris
1321 3098 1497 3130 illustribus
1510 3107 1592 3129 unus
1601 3122 1610 3137 ‚
1624 3097 1862 3138 quadringentis
1875 3097 2044 3128 consulum
2060 3096 2214 3136 permissu
2230 3104 2278 3128 as·

1236 3150 1370 3190 sumptis
1387 3150 1581 3191 aequalibus,
1595 3149 1709 3181 babitu
1723 3149 1837 3189 privati
1851 3149 1990 3180 bominis
2005 3147 2138 3180 indutus
2149 3155 2278 3179 amnem

1236 3204 1361 3235 transiit
1373 3213 1380 3234 :
1392 3211 1557 3243 quumque
1566 3203 1733 3234 satellitem
1747 3202 1826 3241 regis
1836 3201 1959 3232 videret
1968 3200 2122 3232 militibus
2137 3207 2278 3231 necessa-

1236 3255 1281 3286 ria
1291 3254 1493 3292 distribuere,
1513 3262 1616 3294 regem
1631 3253 1733 3294 ipsum
1745 3261 1812 3284 esse
1828 3253 1916 3283 ratus
1932 3251 2099 3283 interfecit.
2115 3249 2279 3283 Adductus

1236 3305 1349 3337 deinde
1361 3306 1401 3337 ad
1424 3314 1548 3346 regem,
1566 3304 1648 3344 igni,
1663 3305 1700 3335 ut
1712 3305 1780 3335 erat
1790 3303 1831 3334 ibi
1847 3304 1994 3343 paratus,
2011 3302 2158 3334 dextram
2174 3300 2277 3340 impo-

1236 3352 1299 3388 suit
1328 3366 1458 3388 manum
1468 3381 1476 3396 ‚
1509 3355 1737 3395 doloribusque
1762 3354 1904 3386 animose
1930 3353 2074 3385 toleratis
2095 3350 2276 3388 subridens,

1238 3409 1375 3449 solvar,
1392 3408 1506 3449 inquit,
1529 3407 1697 3446 Barbare,
1721 3407 1826 3438 eciam
1840 3407 1870 3438 te
1885 3407 1995 3438 invito
2011 3414 2022 3435 :
2043 3405 2124 3436 scito
2136 3402 2276 3435 enimin
