2326 3724
122 273 198 304 280

115 347 324 384 dammodo
335 376 346 398 ,
361 347 468 396 quod
482 361 502 384 e
517 348 651 397 fragm.
675 361 688 385 1
701 362 715 384 1
737 349 916 385 discimus
934 349 1165 397 Abydenum

113 408 247 443 seriem
267 419 418 456 regum,
444 408 515 456 qui·
535 409 575 443 in
595 409 807 456 Babylonia
835 409 1037 457 imperium
1055 420 1165 444 exer-

113 474 291 512 cuerunt,
311 479 432 514 usque
453 467 502 502 ad
529 467 791 503 Alexandrum
819 468 999 516 Magnum
1030 479 1163 503 reeen-

112 526 227 561 suisse
239 553 249 572 ‚
272 532 476 574 antequam
502 525 552 561 ad
568 526 811 573 Assyriorum
825 526 1044 570 historiam,
1068 537 1163 573 qua-

112 584 187 619 lern
212 584 332 620 Graeci
352 585 557 633 scriptores
580 585 708 620 Ctesiae
727 585 874 620 asseclae
891 595 1083 632 exponere
1102 595 1163 618 so-

115 643 213 690 lent,
231 655 269 678 se
293 650 543 679 converteret.

164 702 351 738 Praeterea
367 704 479 738 etiam
498 699 654 739 Κτίσεων
677 715 773 750 opus
798 703 986 750 scripsisse
1004 701 1162 749 Abyde-

109 773 180 797 nus
208 762 376 798 videtur.
405 763 501 798 Nam
520 761 750 809 Abydenum
772 765 811 797 in
831 765 957 810 primo
981 773 1048 796 suo
1075 762 1164 796 Ori-

108 824 237 867 ginum
259 822 365 865 lIbro,
393 833 500 869 quem
512 828 648 870 'postea
667 820 737 856 leuc
758 821 911 868 quidam
932 821 1154 863 attulerunt,

110 879 156 914 de
177 880 396 928 genealogia
416 879 640 915 Armeniaca
660 879 790 915 laudat
808 881 932 914 Moses
952 878 1163 914 Chorenen-

107 938 157 973 sis
180 937 255 988 (fr.
281 938 366 987 12).
399 940 443 974 In
464 939 617 985 Assyria
642 936 811 973 Historia
834 936 1038 973 dialectum
1066 937 1163 972 ioni-

108 1009 190 1031 cam
213 1005 346 1034 auctor
365 997 555 1034 affectavit
571 995 582 1044 (
598 1009 632 1032 v,
654 996 698 1034 fr.
723 1009 752 1033 1.
772 996 833 1044 9).

296 1199 590 1238 ΑΣΣΥΡΙΑΚΑ
621 1199 707 1238 ΚΑΙ
740 1200 955 1238 ΜΗΔΙΚΑ.

617 1313 649 1338 1.

155 1406 346 1453 Syncellus
362 1418 400 1454 p.
426 1405 496 1451 38,
514 1407 542 1442 Β
568 1405 639 1445 :²1⁴3
655 1422 676 1444 κ
696 1407 775 1444 τῶν
797 1405 1029 1453 Ἀὸυδηνοῦ
1048 1405 1160 1458 Περὶ

102 1465 177 1508 τῆς
197 1463 465 1501 τῶνΧαλδα
481 1463 553 1500 ίων
583 1463 838 1515 βασιλείας.
869 1464 1060 1503 Χαλδαίων
1091 1464 1154 1516 μὲν

100 1524 161 1567 τῆς
191 1521 312 1573 σοφίης
339 1521 420 1574 πέρι
446 1525 613 1562 τοσαῦτα.
641 1524 857 1562 Βασιλεῦσαι
885 1522 921 1561 δὲ
951 1526 1012 1570 τῆς
1039 1522 1157 1576 χώρας

99 1582 236 1631 πρῶτον
264 1580 404 1632 λέγεται
433 1577 612 1632 Ἀλωρον,
634 1582 692 1619 τὸν
719 1581 755 1619 δὲ
784 1581 870 1634 ὑπὲρ
896 1584 1025 1620 ἑωυτοῦ
1055 1582 1155 1633 λόγον

100 1640 277 1676 διαδοῦναι
298 1638 351 1677 ὅτι
378 1654 435 1689 μιν
462 1644 522 1678 τοῦ
547 1641 616 1678 λεῶ
641 1640 791 1690 ποιμένα
812 1643 829 1679 ὃ
860 1641 933 1684 θεὸς
960 1641 1153 1686 ἀποδείξαι.

99 1698 316 1735 Βασιλεῦσαι
345 1697 381 1736 δὲ
402 1697 529 1751 σάρους
556 1698 655 1737 δέκα.
688 1699 803 1751 Σάρος
822 1699 858 1737 δέ
880 1701 971 1738 ἐστιν
992 1699 1155 1744 ἑξακόσια

100 1756 160 1794 καὶ
191 1756 371 1808 τρισχίλια
407 1755 507 1804 ἔτεα,
543 1761 645 1811 νῆρος
677 1758 712 1796 δὲ
737 1758 918 1805 ἑξακόσια,
953 1761 1087 1803 σῶσσος
1120 1759 1156 1798 δὲ

100 1814 282 1862 ἑξήκοντα.
319 1813 421 1854 Μετὰ
452 1814 487 1853 δὲ
519 1820 638 1855 τοῦτον
669 1817 867 1869 Ἀλάπαρον
902 1816 1004 1869 ἄρξαι
1031 1818 1157 1870 σάρους

98 1875 208 1926 τρεῖς,
239 1874 315 1925 μεθ’
351 1874 387 1912 ὃν
417 1874 625 1928 Ἀμίλλαρος
662 1877 702 1914 ἐκ
735 1875 868 1920 πόλεως
902 1876 1153 1920 Παντιὸίὸλιος

99 1939 105 1981 l
123 1933 372 1976 ΙΙαυτιὸίὸλιος
387 1935 474 1970 cod.
490 1935 554 1984 A.)
577 1934 781 1973 ἐὸασίλευσε
795 1935 921 1988 σάρους
937 1936 997 1987 ιγ’.
1014 1935 1095 1989 Ἐφ’
1115 1930 1154 1974 οὗ

97 1991 256 2043 δεύτερον
273 1991 484 2038 Ἀννήδωτον
500 1992 562 2039 τὴν
579 1993 759 2031 θάλασσαν
781 1995 950 2032 ἀναδῦναι
967 1994 1154 2046 παραπλή-

98 2066 170 2088 σιον
196 2050 328 2102 Ωοὶννῃ
346 2050 408 2098 τὴν
437 2050 531 2089 ἰδέαν
545 2052 778 2124 ἡμιδαίμονα.
800 2054 889 2091 Μεθ’
917 2053 954 2091 ὃν
971 2052 1153 2104 Ἀμμένων

101 2111 139 2146 ἐκ
161 2109 359 2147 namet&
362 2125 408 2147 ων
436 2104 516 2162 ἦρξε
537 2111 663 2163 σάρους
685 2111 744 2150 ιδ’.
768 2112 861 2151 Μεθ’
885 2111 922 2150 ὃν
945 2090 1155 2174 Μεγοίλαρος

97 2170 136 2205 ἐκ
159 2168 408 2207 Παντιὸίίῗλων
425 2163 506 2220 ἠρξε
525 2169 651 2221 σάρους
673 2171 933 2209 ὀκτωκαίδεκα·
960 2175 1035 2210 εἶτα
1052 2172 1155 2216 Δαὼς

98 2227 231 2278 ποιμὴν
247 2230 286 2266 ἐκ
305 2228 551 2266 Παντιὸίὸλων
567 2229 772 2267 ε’ὂασίλευσε
790 2230 916 2291 σάρους
931 2230 1014 2269 δέκα
1026 2231 1101 2284 ,ἐφ’
1115 2235 1153 2269 οὑ

102 2285 130 2322 δ’
153 2287 281 2337 διρυεῑς
301 2302 366 2337 γην
387 2288 426 2324 ἐκ
455 2288 634 2335 θαλάσσης
659 2288 843 2337 ἀνέδυσαν,
872 2292 920 2327 ὧν
937 2289 981 2327 τὰ
998 2290 1153 2340 ὀνόματα

97 2348 228 2390 ταῦτα,
269 2345 464 2393 Εὐέδωκος,
490 2345 728 2397 Ἐνεύγαμος,
762 2347 1015 2395 Ἐνεύὸουλος,
1049 2347 1151 2394 Ἀνή-

102 2418 234 2451 μεντος.
254 2402 297 2441 ’E
301 2403 340 2440 πὶ
369 2403 402 2441 δὲ
419 2408 479 2441 τοῦ
493 2403 582 2454 μετὰ
601 2408 713 2442 ταῦτα
732 2405 980 2458 Εὐεδωρέσχου
998 2405 1149 2444 Ἀνώδα-

97 2477 171 2513 φος.
195 2464 284 2500 Μεθ’
316 2462 352 2500 ὃν
381 2462 482 2500 ἄλὶοι
515 2478 551 2500 τε
571 2457 679 2515 ἠρξαν
708 2480 766 2501 και
788 2464 1011 2518 Σίσουθρος’
997 2466 1053 2503 επὶ
1073 2465 1151 2504 τού-

610 2572 643 2603 1.

138 2627 194 2658 EX
215 2627 426 2659 ABYDENO.
448 2628 494 2657 De
517 2625 764 2657 Chaldaeorum
786 2634 902 2666 reyno.
925 2628 964 2658 Et
984 2627 1024 2659 de
1050 2627 1147 2659 Chal-

96 2679 242 2709 dirorum
270 2677 400 2718 quidem
428 2677 583 2718 sapientia
610 2677 777 2709 hactenus.
802 2678 931 2718 Regioni
949 2687 1025 2710 vero
1046 2680 1147 2719 inipe-

99 2738 184 2761 rasse
207 2729 329 2769 primus
359 2729 478 2760 dicitur
504 2729 618 2761 Alorus
635 2729 809 2770 populique
833 2732 990 2770 pastorem
1007 2739 1026 2761 a
1042 2730 1102 2762 deo
1116 2740 1149 2762 se

99 2782 325 2813 renunciatum
357 2782 474 2813 famam
502 2781 653 2822 sparsisse
684 2783 716 2813 et
743 2782 822 2814 saris
851 2782 964 2814 decem
989 2792 1146 2822 regnasse.

96 2839 192 2866 sarus
211 2844 288 2866 vero
306 2835 410 2866 tribus
443 2835 586 2866 millibus
605 2839 636 2866 et
661 2835 822 2867 sexcentis
847 2836 939 2867 annis
954 2835 1146 2876 aestimatur,

98 2886 199 2918 Ne'rus
221 2887 398 2925 sexcentis,
417 2888 529 2919 Sossus
557 2887 734 2926 sexaginta.
765 2888 840 2918 Post
868 2887 957 2918 liunc
974 2888 1083 2927 Alapai
1093 2897 1147 2919 um

97 2938 175 2969 saris
194 2939 296 2969 tribus
319 2947 463 2978 regnasse
474 2963 482 2977 ‚
500 2938 551 2970 cui
568 2939 720 2970 successit
735 2939 906 2971 Aniillarus
922 2948 959 2971 ex
975 2940 1053 2972 urbe
1074 2943 1148 2971 Pan-

96 2989 220 3029 fibibii,
250 2990 459 3030 regnavitque
477 2991 556 3022 saris
581 2990 754 3031 tredecim
781 2991 849 3031 ejus
867 2993 1012 3032 tempore
1035 3001 1149 3024 secun-

96 3042 175 3072 dum
190 3041 392 3073 Annedotum
411 3042 602 3081 semideum,
620 3043 676 3082 qui
695 3044 800 3075 Oanni
815 3044 918 3075 forma
938 3043 1050 3075 similis
1062 3046 1148 3084 erat,

97 3102 115 3124 e
140 3093 220 3124 mari
240 3093 414 3124 emersisse.
440 3095 534 3124 Hunc
553 3094 678 3134 excepit
697 3098 876 3126 Aminenon
891 3104 931 3126 ex
951 3095 1149 3134 Pantibiblis,

97 3145 239 3186 satisque
254 3145 425 3176 duodecim
450 3155 582 3186 regnum
599 3147 757 3187 obtinuit;
776 3149 847 3188 post
863 3157 960 3188 quem
976 3149 1151 3188 MQalarus

98 3198 174 3229 item
192 3207 233 3229 ex
266 3198 453 3230 Pantibiblis
471 3201 552 3230 saris
568 3199 746 3231 octodecim
764 3200 934 3240 imperavit
949 3211 957 3232 :
977 3202 1047 3232 tum
1069 3203 1151 3232 Daos

97 3260 135 3281 ex
152 3251 338 3283 Pantibiblis
352 3253 458 3292 pastor
471 3252 549 3283 saris
568 3251 676 3283 decem
688 3254 842 3293 populum
856 3253 955 3292 rexit,
969 3254 1060 3294 cujus
1071 3256 1150 3285 tem·

99 3312 175 3344 pore
185 3304 340 3343 quattuor
355 3303 527 3335 animantia
541 3303 659 3343 duplici
672 3306 787 3336 natura
801 3305 977 3337 constantia
988 3306 1019 3337 in
1029 3307 1149 3337 terram

98 3365 116 3386 e
128 3355 206 3386 inari
218 3357 433 3396 proruperunt
443 3366 451 3395 ;
463 3364 600 3399 quorum
610 3356 740 3387 nomina
749 3358 824 3388 sunt
836 3366 843 3388 2
853 3357 1035 3395 Euedocus‚
1047 3359 1150 3388 Eneu-

99 3416 222 3446 gamus,
235 3407 422 3438 Eneuhnlus
431 3408 463 3438 et
474 3409 680 3439 Anementus.
697 3408 929 3447 Euedoreselio,
939 3409 994 3449 qui
1003 3409 1151 3449 deinceps

100 3461 259 3501 regnavit,
282 3461 474 3502 Anodaphus
486 3462 658 3500 successit3
675 3463 746 3502 post
762 3471 842 3502 quos
858 3462 1027 3502 imperium
1042 3464 1150 3494 tenue-

100 3514 174 3544 runt
189 3515 256 3544 tum
269 3513 319 3544 alii
331 3537 339 3551 ‚
355 3515 423 3545 tuin
439 3513 606 3552 sisinnus,
619 3514 661 3546 ita
676 3515 712 3546 ut
728 3523 813 3553 reges
824 3523 934 3545 omnes
948 3523 1081 3546 numero
1098 3514 1147 3545 de-

1081 259 1310 299 ABYDENi

1229 364 1300 391 τοις
1312 378 1321 395 ,
1340 350 1386 392 ὡς
1410 348 1488 392 τοὺς
1509 348 1642 392 πάντας
1665 342 1753 387 εἶναι
1772 350 1925 400 βασιλεῖς
1955 349 2059 396 δέκα,
2077 342 2124 388 ὧν
2150 352 2168 388 ὁ
2187 350 2276 403 χρό-

1227 421 1282 450 νος
1302 409 1364 453 τῆς
1391 406 1569 458 βασιλείας
1585 406 1710 453 συνῆξε
1740 407 1867 461 σάρους
1895 407 2018 446 ἑκατὸν
2050 406 2172 448 εἴκοσι.
2201 408 2274 448 Καὶ

1228 464 1309 517 περὶ
1336 468 1397 503 τοῦ
1427 466 1675 516 κατακλυσμοῦ
1703 466 1882 518 παρόμοια
1912 465 1987 516 μὲν,
2019 468 2081 505 οὐκ
2113 466 2277 520 ἀπαράλ-

1227 524 1341 561 λακτα
1361 523 1455 575 λέγει
1476 523 1600 568 οὕτως·
1630 542 1645 559 α
1668 524 1771 564 Μετὰ
1794 527 1823 564 F
1826 525 2040 578 υεὸωρεσγον
2072 525 2172 564 ἄλλοι
2186 526 2275 570 τινὲς

1226 577 1333 634 ἠρξαν
1359 582 1419 620 καὶ
1446 577 1678 635 Σίσιθρος,ω
1660 622 1667 636 ¹
1649 583 1748 630 ωδὴ
1781 583 1912 635 Κρόνος
1938 584 2174 636 προσημαίνει
2207 584 2272 636 μὲν

1227 640 1365 679 ἔσεσθαι
1390 643 1519 688 πληθος
1538 641 1679 703 ὄμὸρων
1713 642 1859 681 Δαισίου
1893 643 1952 680 ιε’·
1982 643 2155 681 κελεύει
2136 642 2172 684 οὲ
2204 649 2274 682 παν

1226 715 1244 736 ο
1263 715 1295 737 τι
1314 699 1536 751 γραμμάτων
1569 703 1610 747 ἠν
1645 700 1810 753 ἐχόμενον
1847 703 1881 739 ἐν
1915 701 2142 740 Ἡλιουπόλει
2165 705 2210 755 τῇ
2237 703 2274 742 ἐν

1228 756 1453 810 Σισπόροισιν
1475 759 1524 808 (Ι.
1547 759 1784 811 Σιππάροισιν
1800 775 1846 798 ex
1864 762 2001 800 Euseb.
2020 761 2031 812 )
2054 759 2272 814 ἀποκρύψαι.

1231 816 1392 869 Σίσιθρος
1408 815 1444 855 δὲ
1463 821 1576 856 ταῦτα
1598 818 1759 857 ἐπιτελέα
1779 819 1944 867 ποιήσας,
1967 819 2091 864 εὐθέως
2111 822 2166 859 ἐπ’
2195 820 2275 873 Ἀρ-

1227 874 1345 925 μενίης
1365 875 1544 915 ἀνέπλωε·
1569 877 1629 915 καὶ
1654 878 1855 930 παραυτίκα
1877 878 1938 928 μὲν
1964 879 2214 930 κατελάμὸανε
2229 879 2274 918 τὰ

1226 936 1265 972 ἐκ
1284 938 1343 972 τοῦ
1364 937 1458 973 θεοῦ·
1484 934 1583 988 τρίτῃ
1607 934 1642 973 δὲ
1664 937 1796 989 ἠμερέῃ
1818 938 1894 975 ἐπεὶ
1918 936 1988 976 ὕων
2009 938 2186 988 ἐκόπασε,
2209 954 2272 988 με·

1225 993 1290 1031 τίει
1311 995 1379 1031 τῶν
1399 993 1555 1046 ὀρνίθων,
1576 994 1700 1048 πείρην
1726 995 1930 1046 ποιεύμενος
1955 996 1987 1034 εἴ
2003 1012 2066 1035 κου
2084 1000 2150 1048 γῆν
2168 997 2274 1036 ἴδοιεν

1224 1055 1284 1090 τοῦ
1311 1051 1435 1096 ὕδατος
1461 1053 1622 1092 ἐκδῦσαν.
1648 1057 1694 1094 Αἱ
1727 1052 1763 1092 δὲ
1783 1054 2013 1105 ἐκδεκομένου
2032 1057 2140 1106 σφέας
2155 1057 2272 1095 πελά-

1224 1126 1299 1162 γεος
1317 1110 1545 1163 ἂμφιχανέος,
1563 1112 1776 1165 ἀπορέουσαι
1787 1111 1851 1161 ὅκη
1867 1112 2159 1166 καθορμίσονται,
2174 1113 2272 1166 παρὰ

1223 1170 1281 1208 τὸν
1302 1169 1463 1223 Σίσιθρον
1493 1171 1606 1208 ὀπίσω
1631 1170 1851 1222 κομίζονται·
1868 1171 1929 1210 καὶ
1952 1172 2006 1210 ἐπ’
2029 1173 2174 1225 αὐτῇσιν
2193 1171 2272 1211 ἕτε-

1226 1243 1297 1280 ραι.
1320 1228 1386 1272 εΩς
1411 1227 1447 1267 δὲ
1469 1232 1550 1281 τῇσι
1565 1229 1722 1282 τρίτῃσιν
1745 1231 1907 1283 εὖτύχεεν
1934 1229 2120 1281 (ἀπίκατο
2137 1229 2208 1284 γὰρ
2228 1230 2270 1278 δὴ

1222 1289 1337 1335 πηλοῦ
1357 1287 1553 1326 κατάπλεοι
1577 1287 1655 1332 τοὺς
1679 1289 1829 1342 ταρσούς
1849 1291 1876 1340 ),
1905 1288 1976 1328 θεοί
1997 1305 2056 1340 μιν
2077 1288 2110 1334 ἐξ
2128 1289 2270 1342 ἀνθρώ-

1224 1362 1298 1384 πων
1323 1345 1549 1400 ἀφανίζουσι,
1568 1347 1608 1385 τὸ
1643 1347 1679 1386 δὲ
1698 1349 1818 1387 πλοῖον
1839 1350 1874 1386 ἐν
1904 1347 2066 1401 Ἀρμενίῃ
2090 1347 2270 1402 περίαπτα

1223 1403 1333 1449 ξύλων
1351 1404 1618 1459 ἀλεξιφάρμακα
1652 1406 1755 1458 (καὶ)
1776 1407 1884 1445 τοῖσιν
1913 1406 2116 1460 ἐπιχωρίοις
2143 1407 2270 1460 παρεί-

1223 1478 1318 1515 χετο.
1344 1482 1359 1499 1·

1278 1522 1476 1575 Λέγεται
1496 1523 1710 1578 Ἀλωρον]
1729 1528 1782 1563 sic
1809 1527 1964 1576 Scalig.·
1955 1556 1966 1576 ,
1983 1525 2105 1585 λέγων
2118 1526 2205 1563 cod.
2225 1529 2270 1564 A.

1221 1587 1280 1621 An
1293 1582 1408 1632 λέγωὲ)
1421 1582 1514 1634 λέγει
1527 1585 1641 1623 Goar.
1658 1606 1708 1613 —
1725 1599 1783 1633 μιν
1799 1587 1858 1622 τοῦ
1876 1584 1965 1636 λεῶ]
1984 1587 2179 1635 Scaliger.
2156 1613 2181 1632 .‚
2197 1582 2268 1635 μὴν

1221 1644 1281 1678 τοῦ
1301 1642 1389 1685 λεῶς
1408 1644 1688 1682 Goa1.Praeter
1712 1645 1850 1680 Euseb.
1884 1644 1933 1682 ef.
1954 1646 2077 1680 Moses
2102 1645 2266 1681 Choren

1219 1700 1286 1751 (fr.
1312 1706 1331 1745 4
1344 1702 1369 1749 ).
1389 1724 1442 1730 —-
1461 1700 1696 1753 Ἀμίλλαρος]
1727 1705 1900 1739 Almelon
1928 1704 2090 1749 Euseb.;
2111 1704 2270 1740 Amelon

1218 1761 1380 1808 Syncell.
1398 1762 1438 1796 in
1453 1763 1581 1797 Berosi
1617 1762 1660 1799 fr.
1683 1762 1721 1800 6.
1743 1784 1797 1789 -—-
1819 1759 1977 1813 δεύτερον
2011 1760 2146 1807 Ἄννήδ.
2165 1761 2178 1812 ]
2208 1762 2269 1798 Ad

1219 1820 1298 1856 haec
1314 1821 1463 1865 respicit
1477 1821 1640 1868 Syncell.
1663 1834 1702 1870 p.
1725 1821 1794 1869 39,
1810 1822 1839 1856 B
1863 1821 2013 1870 (Berosi
2034 1820 2080 1856 fr.
2101 1820 2148 1870 6)
2171 1834 2179 1856 ;
2196 1822 2213 1858 ὁ
2231 1820 2266 1858 δὲ

1220 1877 1406 1924 Ἀὅυδηνὸς
1423 1878 1484 1923 τὸν,
1503 1878 1660 1931 δεύτερον
1682 1878 1895 1925 Ἀννήδωτον
1925 1879 2015 1929 μετὰ
2036 1880 2161 1930 σάρους
2175 1877 2266 1917 εἴκο-

1218 1950 1271 1973 σιν
1293 1935 1327 1980 ἓξ
1347 1950 1397 1974 sc.
1415 1935 1533 1988 εἴρηκε
1550 1939 1712 1989 φανῆναι.
1736 1939 1921 1987 Apparuit
1936 1939 2052 1987 igitur
2063 1939 2124 1974 vel
2142 1939 2270 1975 Alme-

1217 1997 1315 2032 lonis
1328 2009 1428 2032 anno
1438 2004 1648 2046 postremo,
1667 1999 1726 2033 vel
1739 1999 1864 2046 primo
1880 2009 1980 2033 anno
2002 1998 2263 2034 Aminenonis.

1221 2057 1305 2091 Hoc
1325 2068 1371 2092 ex
1393 2057 1533 2092 Beroso
1544 2057 1713 2105 posuisse
1726 2057 1877 2092 videtur
1891 2056 2107 2092 Alexander
2118 2057 2269 2104 Polybi-

1216 2122 1312 2151 stor.
1328 2115 1588 2164 Apollodorus
1615 2116 1823 2151 secundum
1844 2115 2088 2151 Aunedotum
2105 2122 2194 2164 post
2214 2119 2264 2158 40

1215 2185 1322 2209 saros
1335 2174 1554 2222 apparuisse
1569 2174 1676 2220 dixit,
1689 2181 1780 2210 teste
1791 2174 1967 2222 Syncello
1977 2175 2004 2209 l.
2021 2174 2048 2212 l.
2063 2176 2207 2211 Vereor
2219 2187 2267 2211 ne

1215 2233 1290 2268 hoc
1313 2233 1361 2269 de
1382 2234 1494 2269 tertio
1525 2233 1728 2270 Annedoto
1756 2233 2047 2282 intelligendum
2064 2231 2134 2278 sit,
2158 2233 2266 2280 cujus

1215 2293 1315 2327 nulla
1327 2293 1469 2328 mentio
1481 2291 1718 2339 injicitur.—-
1730 2290 1758 2329 δ’
1777 2291 1796 2328 δ
1808 2306 1818 2328 ι
1830 2305 1852 2343 φ
1865 2306 1883 2328 υ
1892 2290 1950 2333 εἷς
1963 2291 1978 2341 ]
1991 2304 2065 2329 sec.
2081 2293 2265 2329 Berosum

1215 2351 1260 2387 fr.
1278 2350 1300 2385 6
1316 2351 1385 2386 sub
1401 2351 1559 2387 Devono
1575 2359 1731 2400 apparet
1744 2349 1907 2402 τέταρτος
1923 2348 2144 2395 Ἀννήδωτος.
2161 2351 2262 2388 1111ιά

1214 2411 1523 2458 rectius;septem
1548 2410 1688 2446 fuerint
1718 2410 1952 2448 Aunedotes.
1980 2409 2074 2446 Vide
2099 2411 2260 2447 Movers.

1213 2468 1384 2504 Pkoeniz.
1404 2471 1435 2515 Ι,
1451 2483 1488 2518 p.
1509 2474 1597 2513 104.
1610 2490 1664 2497 —
1678 2467 1900 2511 Εὐέδωκος
1911 2468 1926 2519 ]
1937 2470 2099 2504 Jodocus
2110 2469 2261 2516 Euseb.;

1210 2579 1279 2602 cem
1294 2571 1368 2612 sint,
1386 2581 1525 2612 quorum
1536 2573 1681 2604 omnium
1696 2573 1729 2604 in
1744 2571 1877 2612 imperio
1888 2572 2016 2612 tempus
2032 2580 2178 2604 sarorum
2191 2581 2263 2605 een·

1210 2626 1280 2656 tum
1303 2626 1334 2657 et
1350 2626 1459 2666 viginti
1472 2635 1632 2658 summam
1646 2626 1820 2666 componit.
1835 2644 1875 2651 -
1888 2627 1937 2657 De
1949 2624 2071 2656 diluvio
2085 2633 2182 2666 supra
2196 2634 2263 2658 me-

1212 2679 1342 2709 moratis
1369 2679 1484 2711 similia
1511 2688 1570 2711 nec
1590 2679 1728 2720 disparia
1745 2678 1920 2718 subiungit,
1938 2678 2000 2709 hoc
2025 2679 2129 2718 pacto.
2153 2691 2168 2707 α
2189 2680 2264 2712 Post

1210 2730 1471 2762 Euedoresclium
1495 2732 1709 2771 regnaverunt
1732 2731 1785 2762 alii
1801 2731 1930 2771 quidam
1943 2754 1952 2769 ‚
1970 2738 2009 2761 ac
2024 2729 2155 2762 demum
2183 2731 2261 2763 Sisi-

1210 2783 1320 2821 thrus,
1334 2783 1384 2814 cui
1394 2786 1549 2816 Saturnus
1558 2784 1739 2824 pluviarum
1755 2784 1928 2814 maximam
1941 2783 2006 2814 vim
2014 2782 2262 2824 decimoquinto

1210 2837 1327 2867 mensis
1341 2835 1436 2867 Daesii
1453 2836 1519 2866 fore
1532 2836 1776 2875 praenuntiavit,
1790 2843 1829 2866 ac
1844 2834 1997 2875 quicquid
2023 2834 2136 2866 litteris
2155 2835 2260 2867 consi-

1210 2890 1341 2928 gnatum
1367 2890 1450 2920 esset
1465 2888 1548 2928 apud
1568 2888 1747 2928 Heliopolin
1764 2888 1965 2928 Sisparorum
1987 2887 2139 2918 abscondi
2152 2887 2258 2927 Jussit.

1210 2941 1361 2972 Sisitlirus
1381 2941 1449 2972 haec
1462 2943 1633 2973 exsecutus
1645 2941 1678 2972 in
1696 2941 1879 2972 Armeniam
1900 2940 2067 2971 confestim
2079 2940 2256 2980 navigavit.

1212 2995 1255 3024 Ac
1265 2993 1375 3024 statim
1386 3002 1460 3033 quae
1470 3002 1488 3024 a
1497 2992 1556 3024 deo
1567 2992 1720 3033 praedicta
1731 2993 1833 3031 erant,
1843 2992 2056 3032 contigerunt.
2066 2992 2176 3024 Tertio
2184 3001 2260 3025 vero

1211 3045 1261 3076 die
1273 3053 1375 3084 quum
1397 3053 1553 3084 aquarum
1568 3044 1736 3076 inundatio
1761 3044 1990 3083 remitteretur,
2009 3043 2164 3083 quasdam
2182 3050 2270 3079 a*
2315 3042 2323 3083 J

1211 3096 1330 3133 emisit,
1345 3105 1423 3127 num
1435 3098 1553 3128 terram
1563 3095 1680 3127 alicubi
1694 3095 1785 3136 aquis
1795 3096 1973 3126 exstantem
1987 3094 2191 3136 detegerent,
2206 3087 2208 3090 ’
2266 3104 2269 3106 ·
2301 3119 2307 3132 ,

1212 3149 1403 3188 ploraturus.
1425 3148 1490 3179 lllae
1510 3156 1604 3187 vero,
1623 3147 1788 3188 profundis
1807 3148 1933 3179 tantum
1950 3155 2110 3187 aquarum
2126 3100 2275 3190 voi-z
2310 3146 2314 3153 ‘

1213 3200 1272 3232 bus
1287 3209 1340 3232 eas
1352 3199 1586 3240 excipientibus
1596 3223 1604 3238 ,
1620 3199 1703 3230 haud
1722 3199 1915 3239 reperientes
1929 3207 1994 3239 quo
2009 3191 2306 3245 considerem‘ss·

1211 3254 1286 3292 sint,
1298 3253 1338 3284 ad
1346 3253 1515 3285 Sisitlirum
1525 3253 1678 3284 remeant.
1693 3253 1766 3283 Post
1777 3251 1833 3283 has
1844 3251 1961 3291 pariter
1970 3250 2053 3284 aliae.
2063 3253 2172 3288 Quum

1212 3308 1306 3338 tertio
1331 3306 1362 3337 id
1387 3305 1509 3337 fecisset
1524 3307 1556 3337 et
1573 3314 1639 3336 rem
1656 3314 1713 3345 pro
1735 3306 1812 3336 voto
1841 3304 1955 3336 fuisset
1970 3304 2159 3336 consecutus
2173 3255 2272 3390 Ξ
2312 3280 2326 3391 1

1211 3357 1355 3389 lucribus
1369 3356 1521 3388 nimirum
1536 3355 1669 3396 pedibus
1685 3356 1760 3387 limo
1771 3356 1894 3387 infectis
1909 3354 2159 3395 redeuntibus),

1211 3419 1229 3441 a
1245 3409 1305 3441 diis
1320 3418 1361 3441 ex
1383 3409 1550 3440 hominum
1567 3410 1740 3449 conspectu
1766 3408 1968 3447 subducitur,
1985 3417 2023 3439 ac
2039 3391 2312 3449 navigium

1213 3462 1394 3494 Armeniam
1411 3461 1572 3499 delatum,
1598 3461 1738 3492 amuleta
1758 3460 1841 3491 collo
1856 3459 2076 3500 suspendenda
2092 3467 2110 3491 e
2133 3455 2269 3492 tam
2311 3467 2313 3472 ’

1213 3523 1282 3545 rum
1299 3514 1481 3554 fragmentis
1498 3513 1709 3554 suppeditavit
1727 3512 1889 3554 indigenis.
1908 3525 1922 3540 n
