2326 3724
78 270 155 303 296

258 377 575 437 ALCIMUS
614 378 938 437 SICULUS.

131 504 301 543 Alcimus
317 505 488 553 Siculus,
510 506 576 552 qui
595 504 643 540 de
659 505 773 540 rebus
794 506 929 542 Siculis
951 506 1123 553 scripsit,

76 565 327 612 Theopompo
379 564 572 610 antiquior
617 563 708 612 fuit,
749 565 778 599 si
823 571 926 600 recte
966 563 1128 611 conjecit

76 622 448 671 Schweighaeuserus
468 620 566 669 (not.
586 621 635 657 ad
651 621 697 656 fr.
721 620 777 671 5).
799 624 973 658 Attamen
989 622 1128 658 levius-

78 682 203 717 culam
220 693 297 716 esse
314 681 410 716 hanc
427 681 499 715 viri
515 679 723 715 doctissimi
740 681 994 728 suspicionem
1009 687 1125 728 patet.

76 741 265 788 Diogenes
287 740 459 775 Laertius
481 738 553 787 (11,
576 738 666 787 104)
688 739 787 775 inter
803 735 984 787 Stilponis
1002 739 1128 786 Mega-

77 798 196 834 rensis
229 797 422 832 auditores
449 803 619 832 recenset
652 794 709 832 τὸν
744 795 922 847 ῥητορικὸν
949 794 1128 844 Ἄλκιμον,

81 854 250 892 ἁπάντων
269 853 492 906 πρωτεύοντα
520 855 588 891 τῶν
615 853 649 891 ἕν
678 853 829 893 (Ελλάδι
860 853 1028 905 ρητόρων.
1055 855 1128 901 Qui

79 928 156 962 quo
186 915 325 950 clarior
352 914 461 950 fuisse
489 913 640 959 dicitur,
666 921 772 950 tanto
800 914 920 962 magis
934 914 1128 962 miramur,

78 973 302 1009 memoriam
317 972 395 1019 ejus
411 983 561 1008 omnem
576 971 698 1007 hocce
708 972 889 1020 Diogenis
904 972 991 1006 loco
1012 971 1131 1006 conti-

78 1032 175 1067 neri.
195 1033 320 1078 Quare
339 1043 431 1065 num
459 1029 552 1078 quid
573 1030 607 1065 ei
635 1042 722 1065 cum
741 1031 889 1066 Alcimo
918 1030 1130 1066 Sicularum

80 1102 208 1126 rerum
229 1096 385 1125 auctore
406 1100 607 1124 commune
621 1089 689 1133 sit,
712 1089 751 1123 in
767 1089 895 1124 medio
914 1089 1131 1136 relinquen-

81 1148 184 1184 dum.
207 1148 314 1184 Libri
342 1154 526 1195 quattuor
551 1159 647 1194 quos
666 1147 832 1183 Alcimus
850 1147 899 1183 ad
925 1149 1130 1195 Amyntam

81 1207 251 1254 scripsit,
273 1218 391 1252 quum
410 1205 456 1240 de
471 1205 703 1253 Epicharmo
717 1206 972 1253 Syracusano,
991 1218 1035 1242 ex
1052 1218 1129 1253 quo

79 1266 198 1300 multa
230 1265 337 1300 Plato
370 1263 598 1313 profecerit,
636 1263 748 1300 fuisse
781 1264 997 1310 videantur,
1028 1265 1131 1300 haud

80 1324 179 1359 male
205 1323 437 1358 conveniunt
465 1323 613 1358 homini
642 1323 791 1368 Sicu103
813 1323 909 1359 adeo
937 1330 980 1358 ut
998 1330 1132 1359 aucto·-

81 1394 161 1417 rem
178 1394 309 1417 eorum
329 1379 377 1417 ab
394 1382 576 1417 historico
602 1381 856 1430 probabiliter
874 1394 952 1417 non
973 1394 1048 1418 esse
1065 1381 1132 1418 di-

82 1453 233 1476 versum
253 1439 460 1486 conjeceris
478 1439 540 1488 (Ἴ.

478 1543 736 1582 ΣΙΚΕΛΙΚΑ.

593 1647 627 1672 1.

139 1728 339 1764 Athenaeus
352 1727 436 1771 Vll,
450 1739 492 1774 p.
508 1726 597 1773 322,
612 1727 646 1762 A
663 1737 671 1764 ι
688 1723 853 1775 Ἄλκιμος
866 1725 895 1762 δ’
907 1726 941 1763 ἐν
951 1730 1020 1768 τοῖς
1033 1726 1133 1764 Σικε-

85 1787 193 1828 λικοῖς
218 1786 252 1822 ἐν
272 1783 445 1835 Μεσσήνῄ
468 1783 575 1836 φησὶ,
597 1786 640 1836 τῇ
666 1782 757 1821 κατὰ
779 1782 841 1829 τὴν
863 1786 979 1831 νῆσον,
1003 1784 1134 1835 Βότρυν

86 1842 265 1894 γενέσθαι,
298 1841 440 1894 εὑρετὴν
469 1844 538 1879 τῶν
570 1842 830 1893 παραπλησίων
863 1841 1032 1893 παιγνίων
1066 1845 1135 1886 τοῖς

86 1900 441 1954 προσαγορευομένοις
473 1900 633 1947 Σάλπης.
673 1902 913 1939 Antecedunt
946 1902 1131 1952 fragmen-

88 1970 167 1998 tum
189 1975 229 1998 11
252 1961 534 2010 Nymphodori.
556 1962 602 1998 V.
621 1968 713 1996 tom.
737 1962 796 2006 II,
816 1974 857 2009 p.
879 1962 968 2007 278.

596 2056 632 2079 2.

141 2119 269 2155 Schol.
297 2118 490 2154 Theocrit.
517 2119 558 2166 Ι,
591 2118 640 2161 64
666 2130 675 2155 ;
705 2114 751 2155 Ἥ
773 2115 808 2154 δὲ
832 2115 942 2164 Αἴτνη
977 2117 1138 2162 Σικελίας

89 2176 164 2229 ὄρος
185 2175 296 2226 ἐστὶν,
323 2173 392 2211 ἀπὸ
409 2174 537 2220 Αἴτνης
555 2177 616 2221 τῆς
640 2176 802 2227 Οὐρανοῦ
823 2175 882 2213 καὶ
907 2178 970 2222 τῆς
989 2178 1017 2216 Γ
1019 2179 1077 2224 ἧς,
1094 2175 1140 2220 ὥς

91 2249 194 2287 φησιν
213 2232 394 2283 Ἄλκιμος.

576 2303 644 2352 (3-)

143 2382 285 2418 Natalis
302 2382 410 2420 Com.
438 2383 495 2417 IX
508 2409 518 2427 ‚
543 2386 563 2424 4
586 2395 593 2416 z
613 2382 782 2418 Alcimus
810 2386 848 2418 t‘n
867 2384 988 2419 Rebus
1005 2383 1142 2420 Siculis

133 2493 177 2532 (¹¹)
203 2493 421 2524 Memorantur
446 2493 560 2532 praeter
587 2494 739 2526 Nostrum
756 2494 917 2534 Alcimus,
940 2495 1047 2535 Lydiae
1065 2504 1141 2536 rex,

92 2548 144 2579 ap.
164 2539 284 2571 Xanth.
304 2539 341 2570 l'r.
359 2542 396 2578 93
412 2538 556 2571 Alcimus
569 2540 757 2580 Cyzicenus,
776 2541 997 2581 Olympionica
1012 2542 1065 2574 Ol.
1086 2546 1143 2575 159

92 2595 144 2626 ap.
164 2585 278 2618 Euseb.
296 2586 329 2617 in
348 2586 489 2626 Cliron.;
505 2586 644 2618 Alcimus
660 2586 723 2618 AEl.
742 2587 886 2619 Aristidis
900 2588 1054 2626 διοικητής
1065 2611 1073 2626 ,
1090 2597 1142 2629 ap.

92 2632 223 2666 Aristid.
240 2635 264 2671 l,
283 2641 314 2673 p.
330 2634 404 2665 449.
420 2637 492 2664 626.

376 2733 446 2773 DE
471 2734 635 2773 REBUS
654 2733 862 2773 SICULlS.

603 2806 637 2839 1.

137 2859 280 2891 Alcimus
296 2860 328 2891 in
345 2860 435 2892 libris
453 2862 501 2892 De
513 2860 620 2892 Rebus
637 2859 752 2893 Siculis
767 2860 812 2892 ait
825 2861 977 2892 Messanae
991 2859 1023 2891 in
1037 2859 1146 2892 Sicilia

96 2912 216 2952 Botryn
230 2912 386 2943 exstitisse
399 2912 603 2944 inventorum
616 2912 817 2945 ludicrorum
831 2912 986 2945 similium
1006 2912 1054 2944 liis
1070 2920 1145 2952 quae

96 2963 200 3003 salpae
214 2963 414 2994 tribuuntur.

604 3021 637 3053 2.

144 3074 237 3104 AEtna
247 3096 255 3112 ,
270 3073 386 3105 Siciliae
400 3082 502 3114 mons,
514 3083 631 3107 nomen
642 3075 738 3108 habet
748 3075 788 3107 ab
799 3077 893 3108 AEtna
904 3075 986 3108 Coeli
995 3076 1028 3107 et
1040 3076 1147 3107 Terrae

101 3124 176 3164 filia,
191 3125 229 3155 ut
246 3123 387 3156 Alcimus
408 3124 464 3156 ait.

609 3177 642 3209 3.

142 3229 288 3261 Alcimus
302 3229 446 3270 Siculus,
462 3229 494 3261 in
508 3238 546 3262 eo
562 3239 694 3262 suorum
711 3231 868 3263 librorum
884 3231 938 3272 qui
959 3232 1088 3264 Italicus
1098 3231 1149 3263 in-

102 3282 262 3321 scribitur,
275 3276 388 3314 omnes
399 3282 433 3313 in
449 3282 539 3314 Italia
551 3284 701 3315 mulieres
713 3284 789 3315 vino
802 3284 960 3316 abstinere
972 3284 1028 3323 ait,
1044 3284 1100 3316 tali
1110 3293 1150 3316 ex

103 3343 210 3367 causa.
224 3346 240 3361 «
254 3334 408 3366 Hercules
420 3343 521 3374 quum
532 3336 614 3366 esset
625 3335 656 3366 in
673 3336 931 3368 crotoniatarum
945 3345 1033 3376 agro,
1042 3336 1151 3376 ibique

103 3385 145 3416 ad
163 3385 248 3417 aedes
263 3385 418 3426 quasdam
433 3385 465 3416 in
490 3385 542 3417 via
555 3386 631 3418 sitas
649 3386 765 3419 sitiens
783 3388 993 3427 pervenisset,
1019 3387 1151 3419 accessit

104 3445 237 3476 poscens
253 3438 289 3467 ut
303 3436 362 3468 sibi
379 3436 464 3477 quod
484 3436 606 3470 biberet
622 3437 763 3470 daretur.
787 3440 847 3470 Per
861 3438 891 3470 id
904 3439 1008 3479 ipsum
1024 3440 1151 3479 tempus
1179 3459 1181 3461 >

971 253 1153 293 ALCIMI
1183 253 1349 294 SICULI

1188 349 1226 377 et
1251 341 1467 389 Syracusius
1497 341 1785 390 Nymphodorus
1813 340 1883 391 (fr.
1907 340 1966 391 13)
2001 341 2231 379 Chimaeram

1188 401 1316 447 Lycioe
1331 407 1488 436 montem
1519 412 1597 436 esse
1626 401 1816 445 ducrum,
1840 403 1877 436 in
1896 413 1968 448 quo
1986 402 2086 447 ignis
2103 413 2232 437 nasce-

1188 466 1300 496 retur.
1322 459 1414 505 Ejus
1439 462 1477 494 in
1495 471 1640 494 summa
1651 467 1766 508 parte
1794 461 1916 495 leones
1934 460 2026 495 dicti
2050 466 2136 495 sunt
2158 459 2231 495 ha-

1188 518 1340 561 bitasse,
1364 519 1402 552 in
1423 518 1548 553 medio
1565 525 1675 554 erant
1699 518 1885 553 uberrima
1911 525 1949 553 et
1973 520 2230 554 amoenissima

1185 587 1337 623 pascua,
1356 576 1410 611 ad
1418 576 1562 611 rad1'ces
1573 584 1767 624 serpentes.
1783 577 1871 612 Haec
1884 575 1930 612 de
1942 575 2057 613 AEtna
2069 575 2230 623 loquens

1189 632 1324 669 afferre
1345 634 1512 669 Alcimus
1529 635 1675 683 potuit3
1697 641 1736 671 at
1755 641 1904 671 constat
1928 646 2011 682 quae
2041 634 2168 670 Natali
2191 635 2231 669 in

1190 691 1349 727 citandis
1361 692 1582 728 auctoribus
1594 692 1771 729 habenda
1789 693 1838 728 sit
1855 691 1960 730 fides.
1979 693 2054 730 Sua
2068 692 2236 729 hauserit

1191 761 1237 785 ex
1257 750 1428 788 Eustath.
1453 750 1502 786 ad
1519 752 1630 789 Hom.
1650 752 1697 789 11.
1714 763 1755 800 p.
1776 750 1868 794 634.

1694 857 1731 895 4.

1493 959 1707 998 ΙΤΑΛΙΚΗ
1736 959 1936 998 ΒΙΒΛΟΣ.

1244 1056 1444 1092 Athenaeus
1455 1057 1506 1104 X,
1518 1070 1559 1106 p.
1578 1061 1666 1104 441,
1683 1059 1717 1095 A
1736 1071 1744 1094 ε
1762 1054 1928 1107 Ἄλκιμος
1944 1057 1974 1095 δ’
1993 1056 2240 1106 δΣικελιώτης

1192 1112 1225 1150 ἐν
1246 1115 1289 1165 τῇ
1309 1113 1568 1166 ἐπιγραφομένῃ
1587 1116 1656 1152 τῶν
1675 1113 1806 1166 βίὸλων
1826 1114 2002 1167 Ἰταλικῇ,
2021 1114 2136 1159 πάσας
2152 1116 2239 1168 φησὶ

1192 1170 1253 1215 τὰς
1273 1173 1308 1210 ἐν
1333 1171 1470 1224 Ἰταλίᾳ
1498 1177 1665 1223 γυναῖκας
1694 1171 1742 1223 μὴ
1772 1171 1882 1210 πίνειν
1912 1166 2001 1211 οἶνον
2023 1172 2094 1212 ἀπὸ
2110 1173 2242 1222 ταύτης

1191 1233 1251 1276 τῆς
1269 1231 1398 1274 αἰτίας·
1421 1249 1438 1265 «
1467 1229 1664 1284 Ἡρακλῆς,
1686 1230 1765 1283 περὶ
1790 1229 1854 1276 τὴν
1885 1232 2123 1284 Κροτωνιᾶτιν
2141 1232 2239 1284 γενό-

1194 1303 1315 1338 μενος,
1344 1288 1420 1327 ἐπεὶ
1445 1289 1530 1342 πρός
1557 1304 1634 1326 τινα
1655 1287 1780 1336 οἰκίαν,
1807 1282 1912 1327 οὖσαν
1932 1288 2031 1341 παρὰ
2058 1288 2122 1337 τὴν
2146 1291 2239 1338 ὁδὸν,

1195 1347 1302 1398 διψῶν
1324 1346 1486 1398 ἀφίκετο,
1507 1345 1707 1399 προσελθὼν
1721 1346 1797 1399 ᾔτει
1812 1348 1904 1384 πιεῖν
1921 1347 2089 1386 ἐντεῦθεν.
2105 1346 2240 1402 Ἔτυχε

1194 1405 1225 1443 δ’
1245 1407 1267 1452 ἡ
1285 1405 1371 1456 γυνὴ
1392 1409 1451 1443 τοῦ
1472 1405 1535 1452 τὴν
1564 1405 1676 1444 οἰκίαν
1692 1404 1909 1454 κεκτημένου
1933 1405 2032 1444 πίθον
2053 1405 2144 1445 οἴνου
2175 1409 2242 1446 λα-

1194 1463 1319 1516 θραίως
1338 1463 1525 1508 ὑποίξασα·
1554 1462 1715 1516 καὶπρὸς
1743 1463 1805 1514 μὲν
1826 1463 1884 1502 τὸν
1911 1463 2019 1517 ἄνδρα
2040 1464 2148 1503 δεινὸν
2174 1466 2242 1519 ἔφη

1194 1522 1350 1569 ποιήσειν
1371 1522 1488 1570 αὐτὸν,
1511 1523 1540 1561 εἷ
1560 1522 1654 1567 ξένου
1683 1521 1786 1575 χάριν
1812 1521 1871 1561 τὸν
1889 1521 1986 1562 πίθον
2010 1526 2132 1562 τοῦτον
2149 1525 2243 1564 ἀνοί-
2301 1518 2305 1522 ’

1197 1580 1295 1630 ξειεν,
1311 1582 1402 1635 ὕδωρ
1425 1583 1453 1620 δ’
1475 1581 1653 1621 ἐκέλευσεν
1670 1583 1773 1620 αὐτὸν
1790 1583 2044 1636 προσενεγκεῖν.
2062 1582 2244 1637 Ἡρακλῆς

1197 1641 1227 1678 δ’
1249 1641 1308 1679 ἐπὶ
1324 1641 1441 1694 θύραις
1459 1640 1579 1688 ἑστὼς,
1597 1640 1658 1679 καὶ
1671 1640 1821 1683 ἀκούσας
1837 1644 1967 1689 ταῦτα,
1983 1641 2040 1680 τὸν
2055 1641 2118 1693 μὲν
2136 1642 2244 1697 ἄνδρα

1199 1700 1307 1746 αὐτῆς
1333 1700 1464 1753 σφόδρα
1493 1699 1676 1751 ἐπῄνεσεν·
1697 1699 1733 1738 ὃν
1753 1699 1813 1737 καὶ
1830 1698 2023 1748 ἐκέλευσεν,
2045 1700 2148 1739 αὐτὸν
2172 1717 2242 1740 πα·

1199 1757 1360 1810 ρέλθοντα
1399 1758 1480 1797 εἴσω
1518 1758 1658 1797 σκοπεῖν
1692 1757 1750 1796 τὸν
1778 1757 1886 1797 πίθον.
1916 1760 1990 1798 Καὶ
2016 1758 2052 1802 ὃς
2082 1759 2244 1799 εἰσελθὼν

1197 1816 1323 1855 λίθινον
1342 1811 1417 1868 ε’ῧρε
1438 1816 1495 1855 τὸν
1516 1817 1613 1854 πίθον
1636 1816 1814 1868 γεγονότα.
1831 1815 1968 1856 Τούτου
1989 1816 2024 1855 δὲ
2039 1816 2079 1856 τὸ
2100 1821 2245 1870 σημεῖον

1198 1873 1248 1912 ἔτι
1263 1875 1323 1912 καὶ
1342 1878 1402 1913 νῦν
1419 1877 1510 1913 ἐστιν
1526 1877 1560 1914 ἐν
1576 1875 1650 1918 ταῖς
1666 1874 1870 1927 ἐπιχωρίαις
1885 1874 2019 1926 γυναιξὶ
2039 1875 2189 1926 πάσαις,
2211 1878 2246 1914 ἐν

1200 1934 1336 1985 αἰσχρῷ
1362 1937 1497 1972 κεῖσθαι
1518 1932 1558 1971 τὸ
1582 1931 1694 1971 πίνειν
1713 1927 1818 1984 οἶνον,
1845 1933 1902 1971 διὰ
1926 1933 1990 1980 τὴν
2015 1934 2246 1986 προκειμένην

1200 1991 1325 2030 αἰτίαν.
1347 2007 1361 2028 ι

1253 2052 1369 2088 Liber
1386 2052 1448 2087 hic
1463 2048 1623 2097 Ἰταλική
1636 2052 1838 2100 inscriptus
1852 2063 1941 2100 pars
1954 2052 2069 2088 fuerit
2083 2051 2248 2100 ejusdem

1201 2111 1349 2159 operis,
1374 2110 1480 2158 quod
1495 2123 1554 2146 res
1569 2111 1785 2147 Siculorum
1814 2111 2048 2147 continebat.
2071 2112 2250 2148 Similiter

1200 2171 1359 2206 Timaeus
1389 2170 1515 2218 operis
1546 2170 1604 2205 sui
1634 2176 1784 2218 partem
1803 2166 1962 2206 Ἰταλικά
1998 2170 2246 2218 inscripserat.

1708 2253 1743 2292 5.

1255 2334 1364 2370 Idem
1382 2335 1471 2380 XII,
1503 2348 1544 2383 p.
1581 2332 1676 2380 518,
1701 2335 1731 2370 B
1757 2347 1764 2369 ε
1789 2331 1880 2371 Ὑπὸ
1910 2330 1946 2369 δὲ
1974 2334 2035 2378 τῆς
2062 2334 2191 2384 τρυφῆς
2218 2333 2249 2370 οἱ

1201 2391 1397 2444 Τυρρηνοὶ,
1417 2393 1463 2435 ὡς
1484 2390 1649 2442 Ἄλκιμος
1668 2390 1814 2442 ἱστορεῖ,
1843 2389 1930 2442 πρὸς
1955 2389 2059 2428 αὐλὸν
2082 2389 2250 2439 μάττουσι

1204 2449 1263 2488 καὶ
1294 2449 1501 2487 πυκτεύουσι
1530 2449 1590 2487 καὶ
1627 2452 1868 2500 μαστιγοῦσιν.
1905 2449 2106 2486 Antecedit
2127 2450 2250 2486 Theo-

1203 2511 1338 2558 pompi
1358 2509 1403 2547 fr.
1431 2522 1521 2545 222.
1550 2526 1565 2541 «
1592 2509 1760 2556 Quodsi,
1778 2515 1820 2544 ut
1839 2507 1951 2544 nobis
1971 2507 2124 2555 quidem
2139 2507 2251 2543 vide-

1205 2574 1281 2612 tur,
1294 2568 1429 2603 Alcimi
1443 2569 1698 2604 testimonium
1710 2567 1819 2612 illud,
1838 2566 1944 2614 quod
1956 2566 2058 2615 apud
2073 2567 2253 2603 Nostrum

1205 2626 1362 2674 legitur,
1397 2639 1441 2662 cx
1479 2625 1720 2675 Theopompi
1751 2626 1917 2662 historiis
1951 2625 2168 2674 adpositum
2203 2625 2252 2661 ab

1204 2734 1286 2766 sorte
1295 2743 1378 2766 uxor
1387 2735 1507 2767 domini
1522 2736 1639 2767 aedium
1653 2735 1834 2767 clanculum
1848 2735 1912 2766 vini
1924 2733 2048 2766 dolium
2063 2734 2234 2774 aperuerat
2244 2743 2253 2753 ·

1204 2785 1311 2825 itaque
1322 2787 1436 2817 marito
1449 2786 1586 2826 dicebat,
1598 2787 1639 2818 du
1645 2795 1715 2817 rum
1728 2787 1794 2818 sore
1803 2786 1827 2817 si
1838 2785 1994 2826 peregrini
2006 2784 2143 2816 hominis
2152 2783 2254 2824 gratia

1204 2836 1325 2868 dolium
1338 2837 1418 2868 illud
1434 2838 1569 2877 aperiret
1581 2848 1590 2875 ;
1603 2837 1758 2877 jiissitque
1770 2845 1887 2877 aquam
1904 2836 1931 2868 ei
1946 2835 2118 2868 bibendam
2131 2835 2239 2866 offerri

1205 2889 1374 2927 Hercules,
1391 2897 1448 2928 pro
1463 2888 1584 2920 soi-ibus
1597 2890 1698 2927 stans,
1715 2897 1817 2928 quum
1831 2888 1902 2919 haec
1914 2885 2126 2919 exaudivisset
2135 2908 2144 2925 ‚
2158 2885 2253 2918 valde

1205 2940 1348 2972 laudavit
1360 2941 1511 2972 maritum
1528 2940 1686 2978 mulieris;
1703 2940 1849 2975 hortatus
1867 2940 1975 2971 autem
1993 2939 2040 2970 est
2055 2938 2146 2969 illum
2159 2961 2169 2978 ‚
2186 2937 2253 2979 ipse

1205 2992 1291 3024 intro
1306 2993 1426 3032 abiret,
1452 2994 1485 3024 et
1498 2992 1620 3024 dolium
1637 2993 1816 3033 inspiceret.
1832 2991 1894 3030 Qui
1916 2999 2018 3031 quum
2039 2989 2252 3030 introivisset,

1205 3044 1328 3076 dolium
1338 3045 1454 3086 reperit
1464 3054 1596 3077 saxeum
1609 3046 1740 3077 factum.
1750 3044 1852 3085 eujus
1864 3045 1909 3076 rei
1917 3044 2145 3075 documentum
2157 3042 2254 3076 etiam

1206 3107 1293 3130 nunc
1313 3099 1457 3138 superest
1479 3098 1511 3129 in
1529 3098 1678 3130 omnibus
1699 3097 1767 3138 ejus
1785 3096 1919 3138 regionis
1935 3095 2139 3135 mulieribus,
2153 3095 2253 3136 quod,

1208 3142 1393 3190 praedictam
1414 3149 1456 3181 ob
1472 3157 1621 3190 cansam,
1635 3150 1730 3190 turpe
1749 3149 1827 3181 etin
1850 3147 1968 3189 probro
1989 3147 2137 3186 hahetur,
2163 3146 2190 3179 si
2210 3146 2254 3178 vi·
2300 3155 2304 3160 ’

1208 3210 1285 3233 num
1310 3201 1422 3233 mulier
1434 3200 1534 3232 bibat.
1555 3213 1573 3228 »ι

1708 3265 1742 3297 5.

1251 3332 1374 3365 Etrusci
1386 3332 1430 3364 ita
1446 3319 1614 3372 voluptati
1620 3330 1719 3363 dediti
1736 3331 1822 3369 sunt,
1836 3330 1885 3370 ut,
1909 3329 2045 3362 testante
2060 3327 2195 3367 Alcime,
2212 3327 2252 3359 ad

1209 3384 1300 3416 tibiae
1316 3383 1430 3416 m'odos
1448 3383 1546 3415 etiam
1575 3383 1708 3415 farinam
1732 3381 1877 3422 subigant
1901 3381 1934 3413 et
1958 3379 2112 3421 pugillatu
2131 3379 2254 3411 certent

1209 3440 1240 3469 et
1253 3436 1358 3478 flagris
1377 3435 1512 3469 caedant.

2322 240 2326 268 Α..
2320 150 2326 225 ..Α-η.
2319 113 2326 139 ..ι
