2326 3724
132 240 208 274 206

127 323 188 366 τ’ῆς
207 323 288 372 γῆς·
309 319 369 359 καὶ
383 320 486 367 ἡνίκα
505 336 564 372 μοι
581 322 599 359 ὃ
614 319 706 359 κατὰ
724 322 793 359 τῶν
813 320 1037 374 Ἔφθαλιτῶν
1058 323 1174 360 διανυ-

128 379 296 425 σθήσεται
315 378 490 430 πόλεμος,
524 379 739 430 ἐπιθήσομαι
765 379 825 418 καὶ
846 380 1004 432 Ἀὅάροις
1031 381 1092 419 καὶ
1115 380 1177 425 τὰς

128 436 216 488 ἐμὰς
238 436 368 484 ἥκιστα
387 437 547 492 φεύξουσι
570 439 747 488 δυνάμεις.
765 456 780 472 υ
796 440 920 477 Ταῦτα
943 438 1086 490 λέγεται
1101 440 1176 477 ἐπι-

128 495 363 546 κομπάσαντα
383 495 442 535 τὸν
470 496 698 542 Σιλζίὸουλον
724 495 867 548 ἔχεσθαι
884 499 946 544 τῆς
964 499 1019 536 ἐπ’
1044 497 1177 549 Ἐφθα-

128 553 225 598 λίτας
241 557 362 607 ὁρμῆς.

182 612 271 652 ’Ότι
282 616 300 652 ὁ
324 615 528 665 Κάτουλφος
541 613 687 652 κωλύων
701 614 759 652 τὸν
776 616 844 652 τῶν
865 613 1088 667 Ἐφθαλιτῶν
1105 617 1179 664 ἠγε-

130 671 220 723 μόνα
234 675 296 719 τῆς
309 673 431 726 πρόσω
450 673 608 726 πορείας,
629 673 814 726 ἐφθέγγετο
836 673 1048 726 βαρὸαρικὸν
1065 673 1127 724 μέν
1145 689 1178 711 τι

129 730 190 768 καὶ
206 733 466 784 παροιμιῶδες,
489 731 584 782 ὅμως
603 733 633 769 δ’
649 731 813 784 ἐχόμενον
836 735 990 779 πειθοῦς,
1010 731 1069 770 ἕνα
1093 729 1179 769 κύνα

130 790 166 827 ἐν
188 792 258 834 τοῖς
277 790 414 834 οἰκείοις
426 790 565 829 ὀθνείων
586 790 670 828 δέκα
691 789 964 844 ῥωμαλεώτερον
985 785 1085 829 εἶναι.

184 848 271 888 εὈτι
291 865 358 903 περ
377 849 475 888 οὐδὲν
499 849 590 888 οὕτω
611 849 752 901 βέὸαιον
774 852 820 893 ὡς
835 849 875 886 τὸ
891 852 953 895 τῆς
968 849 1065 897 νίκης
1094 848 1180 887 ἀδέ-

132 906 246 947 6αιον.

183 964 272 1004 “Ort
292 968 326 1004 ἐν
343 972 412 1010 τοῖς
425 965 601 1017 μεγίστοις
621 963 789 1008 κινδύνοις
804 964 974 1009 πολλάκις
990 965 1181 1017 παραπέσῃ

131 1040 169 1075 γε
189 1027 232 1076 τῇ
256 1024 367 1076 τόλμῃ
392 1024 431 1062 τὸ
470 1025 670 1068 ἐλπίζεσθαι
698 1022 917 1076 (παρέπεται
936 1027 980 1076 τῇ
1000 1023 1114 1076 τόλμῃ
1143 1025 1183 1062 τὸ

133 1083 330 1133 λογίζεσθαι
345 1084 448 1131 conj.
463 1085 579 1120 Bekk.
593 1083 618 1134 ).

185 1142 238 1180 Οὖ
260 1140 327 1193 γὰρ
353 1142 430 1191 ἐμοί
459 1157 498 1191 γε
526 1142 662 1187 τάληθῆ
694 1139 866 1191 σιγητέον,
890 1140 968 1179 ἀλλ’
999 1141 1077 1179 οὐδὲ
1097 1140 1183 1192 πρὸς

130 1198 231 1252 χάριν
254 1199 295 1238 ἂν
317 1199 450 1250 εἴποιμι
469 1202 536 1237 τῶν
563 1199 654 1250 μέγα
675 1199 891 1249 δυναμένων.
950 1194 1015 1244 Οἷς
1031 1200 1098 1251 γὰρ
1121 1202 1184 1238 οὐκ

133 1258 246 1297 ἔνεστι
256 1258 295 1296 τὸ
313 1259 461 1306 εὐκλεὲς,
472 1258 603 1301 τούτοις
622 1257 781 1309 ἐγκώμια
799 1259 1006 1312 προσφέρων
1027 1275 1077 1302 τις
1087 1258 1184 1312 παρὰ

132 1316 196 1363 τὴν
223 1316 365 1355 πάντων
383 1316 483 1361 δόξαν
512 1315 775 1367 καταγέλαστον
794 1317 909 1364 τίθησι
929 1318 987 1356 τὸν
1019 1317 1184 1356 ἐπαινού-

134 1391 252 1426 μενον,
277 1375 337 1414 καὶ
361 1374 423 1422 τὴν
445 1375 609 1422 ἀλήθειαν
645 1375 857 1421 ἐπισκιάζειν
881 1376 1088 1429 βουλόμενος
1120 1378 1184 1415 κάν

132 1438 204 1477 τοῖς
223 1433 512 1486 ὁμολογουμένοις
530 1433 718 1486 ψεύδεσθαι
736 1434 838 1479 δόξει.

185 1491 272 1532 εΌτι
294 1492 544 1554 ἀναπτερωτόν
558 1508 591 1530 τι
611 1507 712 1546 χρημ
688 1508 737 1530 αα
759 1496 780 1539 ἡ
801 1493 880 1540 νίκη
895 1523 905 1543 ,
927 1492 987 1531 καὶ
1003 1491 1184 1546 διαδιδρά-

134 1566 229 1589 σκειν
247 1549 342 1589 οἵατε
363 1555 451 1589 οὖσα
471 1550 614 1604 ὅᾳδίως.
627 1551 750 1590 Ταῦτά
762 1566 813 1589 τοι
826 1551 887 1590 καὶ
900 1549 1060 1604 εΌμηρος
1075 1551 1184 1599 αὐτήν

134 1623 238 1661 φησιν
259 1608 514 1659 ἐπαμείὸεσθαι
532 1625 609 1653 τους
629 1608 766 1662 ἄνδρας.

185 1665 271 1706 εὈτι
303 1666 399 1719 ψυχὴ
421 1667 678 1720 τυραννουμένη
700 1667 788 1720 πρὸς
806 1667 915 1721 φόὸου
943 1671 1011 1707 τῶν
1038 1668 1184 1708 δεόντων

134 1727 213 1763 κατ’
233 1724 330 1764 οὐδὲν
350 1728 462 1764 ὁτιοῦν
481 1725 780 1778 προμηθεύσεται,

189 1785 269 1821 Πᾶν
287 1782 354 1835 γὰρ
379 1784 506 1836 ἀγαθόν
528 1800 565 1822 τε
586 1784 646 1822 καὶ
656 1784 764 1823 κακὸν
785 1787 828 1836 τῇ
841 1785 1037 1838 ἀνθρωπίνῃ
1058 1788 1187 1825 ταλαν-

139 1840 278 1880 τεύεται
304 1841 452 1894 γνώμῃ,
474 1842 535 1881 καὶ
557 1845 606 1895 τῷ
633 1842 835 1896 βουλομένω
863 1843 1096 1897 προσδέχεται
1123 1845 1185 1894 τὴν

137 1899 260 1952 ῥοπήν.

524 1995 583 2020 11.
605 1981 680 2034 (an.
710 1982 813 2032 562.)

189 2075 284 2110 Exc.
307 2076 365 2110 De
384 2075 458 2123 leg.
479 2075 595 2114 Rom,
617 2088 658 2123 p.
684 2075 833 2118 133-14

843 2089 889 2122 7:
920 2073 1008 2113 “On
1030 2075 1095 2113 ἀνὰ
1123 2076 1186 2123 τὴν

862 232 1136 274 MENANDBI
1172 234 1494 274 PROTECTORl
1504 234 1530 274 S

1239 319 1285 359 ἕω
1297 338 1334 360 τε
1357 321 1415 360 καὶ
1435 321 1618 374 Αρμενίαν
1629 320 1827 368 τελεωτάτη
1847 337 1895 364 τις
1910 314 1997 359 εἶναι
2013 321 2133 373 εἰρήνη
2151 322 2284 371 ἐδόκει,

1239 380 1332 418 κατὰ
1349 378 1385 419 δὲ
1403 380 1465 426 τὴν
1491 379 1649 427 Λαζικὴν
1675 380 1886 434 ἐκεχειρία
1868 397 1910 427 ην
1941 380 2132 430 <Ρωμαιοις
2158 396 2195 419 τε
2223 379 2287 420 καὶ

1242 437 1408 490 Πέρσαις.
1431 438 1536 478 Ἐπει
1565 442 1623 477 οὖν
1656 437 1776 490 ωσπερ
1806 439 1957 488 ἡμιτελῆ
1985 437 2030 476 τὰ
2057 441 2120 486 τῆς
2150 438 2288 491 εἰρήνης

1240 498 1409 549 ὑπηρχεν,
1423 497 1579 535 ἐδέδοκτο
1593 496 1630 535 δὲ
1647 496 1834 548 Ῥωμαίων
1853 513 1888 535 τε
1899 497 1959 535 καὶ
1973 498 2120 549 Περσῶν
2135 502 2206 541 τοῖς
2223 499 2289 549 βα-

1241 557 1373 593 σιλεῦσι
1393 555 1639 608 πληρεστάτην
1650 555 1801 608 ἡσυχίαν
1815 555 1910 607 ἄγειν
1922 585 1932 603 ,
1946 554 2068 594 τούτου
2083 554 2184 593 ἕνεκα
2198 554 2289 594 Ἴου·

1243 613 1415 658 στινιανὸς
1447 614 1590 652 στέλλει
1619 614 1778 666 Πέτρον,
1809 613 1844 658 ὃς
1875 617 1944 652 τῶν
1966 613 2058 652 κατὰ
2086 612 2149 660 τὴν
2179 612 2290 660 αὖλὴν

1241 672 1432 723 ταγμάτων
1450 675 1591 723 ἡγεῖτο,
1611 673 1925 725 διαλεχθησόμενον
1955 671 2095 725 Χοσρόῃ
2122 671 2202 725 περὶ
2221 674 2290 710 τῶν

1243 731 1392 769 καθόλου
1411 731 1582 771 σπονδῶν.
1601 730 1674 770 Καὶ
1690 731 1802 770 τοίνυν
1818 731 2028 784 ἀφικομένου
2047 733 2081 769 ἐν
2102 732 2172 774 τοῖς
2189 729 2294 783 ὁρίοις

1243 792 1303 827 τοῦ
1321 789 1458 842 Δάρας,
1471 788 1670 837 κατάδηλόν
1684 805 1721 828 τε
1737 790 1945 836 ποιήσαντος
1958 792 2007 843 τῷ
2021 793 2088 828 τῶν
2101 789 2197 842 ἑῴων
2211 792 2293 842 βαρ-

1245 846 1362 898 ὅάρων
1388 848 1549 899 βασιλεῖ,
1567 850 1613 891 ὡς
1631 847 1799 900 πάρεστιν
1823 849 2181 901 ἐπικηρυκευσάμενος
2201 846 2293 900 ἀμφὶ

1244 910 1303 944 τοῦ
1321 906 1534 944 καταθέσθαι
1553 906 1598 945 τὰ
1619 906 1712 945 ὅπλα
1736 908 1954 960 ἑκασταχόσε
1966 937 1976 952 ,
1994 907 2213 958 ἐκπέμπεται
2229 907 2294 945 αὖ·

1245 965 1318 1004 τόθι
1351 964 1412 1004 καὶ
1445 967 1594 1018 Περσῶν
1617 966 1856 1019 πρεσὸευτὴς,
1892 970 1920 1020 ᾧ
1941 967 2029 1014 δῆτα
2064 969 2203 1018 ὑπηρχε
2230 963 2294 1016 μὲν

1246 1022 1298 1068 ἀξ·
1293 1039 1384 1074 ,ωμα
1406 1023 1445 1062 τὸ
1462 1024 1533 1076 Ζιχ
1544 1054 1555 1071 ,
1570 1024 1734 1076 μέγιστόν
1753 1041 1787 1064 τι
1806 1029 1908 1064 τοῦτο
1926 1023 2024 1078 παρὰ
2048 1026 2117 1069 τοῖς
2138 1025 2296 1100 Πέρσαις

1245 1081 1370 1135 γέρας,
1391 1084 1608 1136 προσηγορία
1632 1082 1668 1122 δὲ
1688 1085 1792 1122 αὐτοῦ
1814 1082 2093 1136 Ἰεσδεγουσνάφ.
2127 1077 2240 1127 Ουτος
2259 1081 2296 1120 δὲ

1246 1141 1493 1194 παρευναστὴρ
1513 1158 1572 1180 του
1593 1142 1671 1180 κατ’
1701 1142 1803 1181 αὐτὸν
1835 1142 2010 1195 βασιλέως
2041 1144 2199 1194 υπηρχε.
2222 1140 2297 1180 Καὶ

1247 1200 1360 1238 τοίνυν
1382 1203 1418 1239 ἑν
1444 1202 1562 1254 ταύτῷ
1590 1201 1769 1252 γενόμενοι
1794 1203 1824 1239 οἱ
1843 1200 2027 1254 πρέσὸεις,
2049 1199 2197 1239 καὶτῶν
2218 1198 2298 1239 κατ’

1248 1261 1362 1298 αὐτῶν
1374 1258 1571 1311 ἐπιχωρίων
1593 1259 1771 1313 ἀρχόντων
1788 1262 1835 1304 εἷς
1846 1259 1880 1298 ἓν
1895 1258 2219 1314 ξυναθροισθέντων,
2233 1273 2298 1298 κα-

1247 1316 1421 1364 τέστησαν
1450 1320 1484 1362 ἐς
1499 1319 1704 1365 ἐκκλησίαν.
1725 1318 1798 1358 Καὶ
1832 1318 1963 1370 Πέτρος
1982 1321 2000 1356 ὃ
2019 1321 2088 1357 τῶν
2107 1316 2299 1368 Ῥωμαίων

1248 1375 1519 1428 πρεσὸευτῆς,
1500 1377 1734 1430 αποχρώντως
1750 1377 1841 1438 ἔχων
1862 1394 1924 1426 της
1945 1394 1983 1416 τε
2004 1376 2115 1425 ἄλλης
2138 1375 2301 1419 παιδείας

1247 1450 1308 1472 και
1323 1451 1386 1482 της
1405 1452 1475 1473 των
1495 1435 1634 1484 νόμων,
1669 1436 1783 1481 ἔλεξεν
1811 1437 1891 1475 ὧδε·
1913 1454 1928 1470 α
1950 1436 2162 1489 Πάρεσμεν,
2179 1451 2210 1474 ω
2236 1433 2298 1473 ἄν-

1249 1495 1324 1547 δρες
1343 1493 1504 1548 Πέρσαι,
1519 1496 1607 1548 πρὸς
1624 1511 1685 1534 του
1703 1496 1893 1546 Ῥωμαίων
1915 1494 2086 1548 βασιλέως
2101 1494 2296 1537 σταλέντες.

1248 1551 1390 1596 Ὁποῖος
1405 1553 1438 1590 δὲ
1457 1556 1474 1591 ὁ
1488 1553 1565 1591 καθ’
1580 1557 1674 1604 ἡμᾶς
1690 1552 1870 1606 βασιλευς,
1883 1553 2042 1606 περιττὸν
2056 1569 2098 1591 αν
2112 1551 2166 1600 εἴη
2176 1551 2300 1603 λέγειν,

1246 1610 1465 1686 πραγμάτων
1481 1611 1540 1650 τὸν
1563 1611 1672 1664 ἄνδρα
1692 1612 1960 1664 διηγουμένωνε
1947 1612 2042 1662 υμῖν.
2060 1610 2218 1663 Πάρειμι
2237 1609 2301 1661 μὲν

1249 1672 1307 1707 οὖν
1328 1670 1382 1720 ἐφ’
1401 1672 1430 1723 ᾧ
1448 1669 1492 1708 τὰ
1511 1673 1573 1717 τ’ἧς
1586 1669 1654 1717 ἤδη
1675 1669 1907 1721 γεγενημένης
1926 1670 1960 1714 ἐς
1971 1668 2190 1715 τελεωτάτην
2207 1667 2302 1721 εἰρή-

1250 1743 1310 1774 νην
1329 1729 1607 1779 μετασκευάσαι.
1631 1728 1852 1773 Ἀναδιδάξαι
1884 1729 1919 1767 δὲ
1942 1728 2114 1781 βούλομαι
2134 1726 2302 1780 πρότερον

1247 1785 1333 1835 πρὸς
1349 1785 1425 1825 οἵαν
1439 1789 1520 1838 ὑμῖν
1538 1787 1716 1825 πολιτείαν
1735 1786 1795 1824 καὶ
1815 1786 1900 1834 ὅσην
1920 1789 1956 1825 αἱ
1977 1785 2123 1824 σπονδαὶ
2141 1784 2293 1837 βεὸαιω-

1255 1845 1435 1892 θήσονται.
1458 1846 1553 1884 Αλλ’
1573 1848 1602 1884 εἷ
1621 1846 1681 1884 καί
1697 1861 1748 1889 τις
1778 1845 2055 1898 μεγαλορρήμων
2072 1838 2160 1882 εἶναι
2188 1843 2296 1890 δόξω,

1251 1902 1291 1941 τὸ
1311 1904 1467 1943 συνοῖσον
1491 1903 1704 1958 ἀμφοτέραις
1721 1909 1797 1948 ταῖς
1821 1903 2012 1948 πολιτείαις
2036 1902 2232 1956 θηρώμενοι
2252 1902 2302 1953 μὴ

1257 1964 1449 2014 ἀχθεσθῆτε
1480 1966 1524 2016 τῇ
1554 1963 1812 2017 περιττολογία.
1843 1965 1920 2002 Οὐκ
1951 1964 1984 2006 ἐς
2012 1962 2152 2014 μακρὰν
2172 1961 2240 2015 γὰρ
2267 1963 2302 2000 ἐν

1254 2020 1366 2059 δέοντι
1385 2021 1476 2066 δόξει
1500 2022 1546 2060 τὰ
1574 2037 1720 2061 τοιαυτα
1748 2021 1933 2074 λελέχθαι,
1962 2019 2237 2071 ἐπαινεθήσομαί
2266 2035 2303 2058 τε

1251 2079 1336 2131 πρὸς
1352 2083 1469 2131 ὑμῶν,
1483 2083 1552 2119 τῶν
1572 2079 1788 2134 πραγμάτων
1809 2083 1898 2131 ὑμᾶς
1921 2079 2223 2119 ἀναδιδασκόντων
2239 2077 2304 2127 τὴν

136 2184 331 2225 simulatque
346 2183 598 2224 Eplithaliticum
615 2184 736 2216 bellum
749 2185 930 2225 absolvero,
946 2190 1065 2219 Avares
1078 2196 1188 2228 aggre-

136 2237 217 2278 diar,
235 2238 291 2278 qui
306 2239 385 2270 meis
393 2239 536 2278 profecto
550 2238 673 2270 viribus
686 2248 749 2270 non
763 2235 947 2272 resistent.»
960 2243 1038 2272 Haec
1049 2242 1139 2274 aiunt
1148 2243 1192 2282 Ja-

137 2293 278 2324 ctantem
300 2293 488 2325 Silzibulnm
511 2292 664 2324 adversus
691 2293 892 2334 Ephthalitas
911 2303 979 2326 esse
998 2296 1189 2336 profectum.

179 2346 362 2385 Catulplius
378 2348 414 2377 ut
428 2347 588 2377 averteret
604 2346 862 2386 Eplithalitarum
876 2347 1005 2388 ducem,
1018 2349 1192 2389 quominus

137 2406 251 2437 agmen
268 2399 402 2430 ulterius
415 2398 568 2437 duceret,
585 2398 665 2430 dixit
682 2399 887 2430 barbaricum
909 2400 1040 2440 quidem
1059 2410 1190 2442 prover-

137 2449 227 2482 bium
239 2474 248 2489 ,
264 2453 375 2490 aptum
394 2451 503 2482 tamen
520 2450 560 2481 ad
590 2450 847 2490 persuadendum
860 2476 869 2491 ,
896 2461 997 2484 unum
1018 2462 1132 2486 canem
1158 2453 1192 2485 in

138 2503 272 2544 propriis
285 2503 410 2534 aedibus
420 2503 559 2534 externis
573 2503 683 2535 decern
702 2512 769 2534 esse
782 2504 981 2536 validiorem.

179 2555 266 2587 Nihil
280 2556 328 2586 ost
347 2555 427 2586 adeo
443 2557 593 2586 constans
604 2558 640 2586 ut
658 2555 801 2586 victoriae
819 2555 1043 2588 inconstantia.

178 2610 216 2639 In
228 2608 376 2639 maximis
389 2608 539 2648 periculis
554 2616 637 2648 sirpe
652 2608 786 2639 audacia
799 2617 888 2647 spem
903 2611 1044 2649 superat.

179 2662 291 2701 Neque
306 2669 324 2692 a
343 2669 395 2692 me
407 2661 525 2692 veritas
539 2661 701 2692 reticenda
721 2662 785 2701 est,
812 2670 917 2702 neque
933 2662 971 2693 ad
987 2662 1118 2702 gratiam
1134 2671 1191 2704 po-

138 2713 276 2745 tentium
298 2712 507 2753 loquendum.
525 2713 650 2745 Etenim
667 2713 693 2744 si
713 2712 897 2744 hominibus
909 2737 917 2753 ,
934 2713 990 2754 qui
1011 2714 1088 2745 nihil
1107 2723 1194 2746 com-

140 2764 321 2797 mendabile
337 2764 475 2805 habent,
489 2764 599 2796 laudes
615 2765 727 2796 contra
744 2764 890 2796 omnium
907 2766 1096 2797 sententiam
1109 2766 1192 2806 quis·

139 2825 238 2857 quam
254 2816 395 2856 tribuat,
409 2817 479 2848 tum
502 2817 544 2855 is,
561 2816 616 2857 qui
634 2816 795 2856 laudatur,
811 2816 964 2848 ridiculus
980 2817 1106 2856 evadit,
1121 2819 1192 2849 tum

141 2868 195 2908 qui
209 2869 336 2900 veritati
350 2869 460 2900 fucum
482 2869 585 2901 facere
602 2869 728 2909 nititur,
746 2869 779 2901 in
798 2869 975 2902 manifestis
987 2870 1084 2902 etiam
1100 2870 1194 2902 rebus

142 2920 268 2952 mentiri
282 2923 390 2960 postea
403 2921 576 2953 videbitur.

182 2973 329 3004 volucris
342 2973 516 3005 admodum
537 2974 669 3006 victoria
684 2975 749 3013 est,
768 2975 801 3006 et
823 2973 914 3005 facile
929 2974 1082 3014 aufugere
1094 2973 1192 3013 solet;

142 3025 239 3064 atque
251 3024 293 3055 ob
306 3024 337 3056 id
354 3023 431 3056 mihi
445 3025 572 3057 videtur
582 3026 649 3066 ipsa
664 3025 705 3057 ab
719 3028 858 3058 Homero
871 3025 936 3057 dici
950 3025 1033 3057 inter
1049 3025 1194 3057 homines

142 3076 312 3108 alternare.

184 3127 318 3158 Animus
332 3126 447 3158 timore
465 3135 633 3168 oppressus
651 3127 778 3160 nullum
803 3127 900 3160 officii
928 3129 1112 3168 respectum
1133 3127 1193 3159 lia-

143 3177 240 3211 bebit.

185 3232 330 3270 Namque
346 3238 442 3262 omne
468 3229 589 3262 bonum
613 3231 800 3272 malumque
819 3231 852 3263 in
885 3231 1029 3264 humano
1057 3232 1194 3264 libratur

140 3281 278 3322 Judicio,
294 3284 391 3322 atque
404 3290 423 3313 a
435 3282 601 3314 voluntate
616 3283 854 3315 inclinationem
865 3283 993 3324 accipit.

637 3338 651 3370 1
662 3338 675 3370 1
686 3362 694 3370 .

186 3394 245 3424 Per
258 3392 421 3424 Orientem
439 3392 471 3424 et
486 3392 670 3425 Armeniam
688 3393 828 3434 perfecta
844 3402 903 3434 pax
920 3403 988 3426 esse
1005 3394 1193 3434 videbatur;

145 3445 176 3476 et
201 3452 256 3485 per
280 3444 423 3477 Lazicam
448 3444 582 3477 Romani
607 3445 751 3477 inducias
777 3454 852 3477 cum
880 3447 981 3479 Persis
998 3446 1192 3487 pepigerant.

1252 2193 1263 2222 l
1269 2193 1365 2232 taque
1373 2201 1475 2232 quum
1488 2193 1527 2224 ad
1539 2193 1712 2233 perfectam
1724 2192 2077 2233 pacisconstitutionem
2091 2200 2155 2223 non
2165 2191 2303 2222 multum

1251 2243 1498 2284 desideraretur,
1525 2247 1557 2277 et
1580 2245 1748 2285 utriusque
1767 2245 1875 2286 populi
1903 2253 1957 2284 reg
1949 2253 1992 2276 αἱ
2013 2243 2153 2285 quietem
2179 2245 2306 2284 penitus

1253 2296 1421 2329 restituere
1442 2299 1614 2337 cuperent,
1634 2297 1834 2330 Justinianus
1859 2299 2008 2336 Petrum,
2026 2296 2212 2336 magistrum
2235 2295 2304 2327 ofli-

1252 2349 1396 2388 ciorum,
1419 2348 1459 2380 ad
1488 2349 1662 2381 Cliosroem
1688 2349 1808 2388 mittit,
1835 2348 1890 2389 qui
1918 2347 1958 2379 de
1977 2355 2055 2388 pace
2073 2346 2105 2378 in
2119 2346 2304 2378 universum

1252 2402 1369 2439 ageret.
1389 2403 1419 2433 Is
1432 2401 1472 2433 ad
1491 2402 1569 2433 fines
1587 2402 1671 2433 circa
1689 2404 1789 2433 Daras
1807 2401 1961 2442 oppidum
1976 2399 2132 2432 accedens
2146 2398 2304 2440 significa-

1252 2452 1299 2483 vit
1312 2453 1515 2484 orientalium
1534 2453 1744 2485 barbarorum
1762 2453 1846 2493 regi,
1866 2461 1900 2484 se
1916 2452 1981 2484 illic
1993 2451 2103 2483 adesse
2115 2475 2125 2491 ,
2139 2452 2176 2483 ut
2189 2450 2230 2482 de
2251 2459 2305 2482 ar-

1253 2505 1314 2535 mis
1326 2504 1366 2536 ab
1378 2506 1516 2545 utraque
1528 2506 1618 2545 parte
1631 2505 1785 2545 ponendis
1799 2505 1916 2537 foedere
1929 2503 2124 2536 conveniret.
2136 2502 2215 2535 llluc
2225 2511 2305 2544 quo·

1253 2566 1316 2597 qne
1331 2557 1446 2589 missus
1459 2567 1478 2589 a
1493 2559 1595 2590 Persis
1613 2559 1734 2598 legatus
1749 2557 1902 2597 dignitate
1915 2557 2049 2596 Ziclius,
2063 2564 2138 2596 qum
2154 2555 2306 2587 maximae

1253 2610 1301 2639 est
1314 2609 1399 2649 apud
1418 2611 1528 2641 Persas
1550 2609 1767 2648 auctoritatis,
1785 2609 1915 2640 nomine
1934 2607 2170 2648 lesdegusnapli
2184 2608 2195 2645 (
2210 2606 2306 2640 lsda·

1254 2669 1384 2699 yonnas
1409 2668 1460 2700 ap.
1490 2661 1662 2701 procop),
1689 2661 1744 2701 qui
1767 2662 1836 2692 erat
1874 2660 1955 2701 regis
1987 2659 2202 2691 cubicularius
2219 2682 2228 2699 ‚
2247 2658 2305 2690 ad-

1261 2711 1359 2743 venit.
1378 2713 1488 2752 Legati
1515 2712 1610 2752 igitur
1630 2713 1868 2752 convenerunt,
1883 2714 1915 2744 et
1940 2720 2005 2744 una
2017 2719 2147 2752 quoque
2157 2710 2306 2742 cumillis

1253 2763 1394 2803 ipsarum
1420 2764 1584 2803 regionum
1600 2763 1659 2794 viri
1675 2764 1837 2804 primarii,
1851 2765 1886 2795 ut
1909 2763 1950 2795 de
1973 2763 2023 2795 liis
2041 2762 2136 2795 rebus
2150 2761 2306 2794 delibera-

1253 2816 1336 2854 rent,
1349 2816 1424 2847 sunt
1437 2816 1628 2855 congregati.
1642 2815 1733 2855 Apud
1743 2825 1825 2855 qnos
1838 2817 1951 2848 Petrus
1960 2840 1969 2855 ,
1987 2817 2208 2847 Romanorum
2221 2813 2306 2854 lega-

1252 2868 1323 2904 tus,
1341 2876 1443 2907 quum
1466 2867 1616 2898 omnibus
1641 2866 1816 2906 disciplinis
1838 2867 1930 2898 valde
1951 2867 2112 2907 excultus,
2137 2867 2209 2899 tum
2225 2874 2306 2906 prae-

1253 2919 1345 2960 cipue
1358 2919 1473 2959 injure
1489 2925 1650 2958 versatus,
1670 2919 1876 2964 «vAdsumuS,
1895 2927 1915 2950 o
1932 2919 1992 2950 viri
2010 2920 2132 2957 Persae,
2150 2917 2269 2958 inquit,
2286 2927 2306 2949 a

1253 2973 1470 3003 Romanorum
1484 2971 1675 3011 imperatore
1693 2970 1791 3002 missi.
1804 2971 1884 3007 Quis
1896 2979 1973 3002 vero
1985 2971 2018 3002 et
2029 2969 2134 3010 qualis
2145 2969 2186 3002 sit
2197 2971 2306 3002 noster

1254 3023 1439 3064 imperator,
1457 3031 1692 3063 supervacuum
1707 3023 1756 3053 est
1769 3021 1886 3054 dicere.
1903 3021 2030 3054 Etenim
2047 3024 2116 3060 ejus
2131 3029 2228 3061 opera
2243 3030 2305 3053 vo-

1254 3074 1303 3107 bis
1320 3074 1428 3110 virum
1451 3074 1673 3106 demonstrant
1689 3075 1721 3106 et
1749 3073 1905 3105 indicant.
1923 3072 2044 3105 Adsum
2061 3073 2170 3113 igitur,
2187 3074 2224 3104 ut
2236 3072 2304 3112 jam

1256 3127 1349 3159 initas
1364 3129 1396 3165 et
1405 3127 1504 3159 factas
1521 3126 1747 3158 conventiones
1763 3126 1802 3157 ad
1818 3126 1991 3167 perfec-tam
2008 3127 2040 3158 et
2051 3125 2232 3157 absolutam
2251 3134 2303 3166 pa·

1255 3189 1324 3212 cem
1348 3172 1532 3212 ¹traducam.
1550 3181 1615 3220 Ego
1634 3187 1708 3211 vero
1728 3179 1867 3220 primum
1893 3179 1980 3219 quali
2001 3180 2034 3210 et
2058 3187 2156 3219 quam
2182 3177 2304 3218 potenti

1255 3242 1330 3266 cum
1347 3233 1464 3274 populo
1489 3232 1663 3264 amicitiam
1689 3231 1885 3263 contracturi
1910 3231 1996 3271 sitis,
2022 3231 2113 3262 vobis
2137 3231 2305 3262 ostendere

1256 3286 1339 3317 volo.
1353 3284 1474 3322 Quodsi
1494 3284 1617 3316 multus
1638 3285 1671 3315 in
1690 3282 1823 3315 dicendo
1843 3291 1911 3314 esse
1927 3282 2071 3322 videbor,
2093 3283 2201 3314 tamen
2217 3282 2304 3322 quod

1255 3338 1407 3370 Romanis
1420 3338 1452 3368 et
1465 3336 1566 3368 Persis
1579 3335 1737 3367 conducat
1751 3334 1969 3374 respicientes,
1981 3343 2090 3374 quaeso
2100 3342 2140 3365 ne
2153 3333 2305 3365 orationis

1256 3390 1454 3430 longitudine
1474 3388 1692 3421 offendamini.
1711 3390 1792 3420 Nam
1821 3387 1909 3422 brevi
1936 3387 2005 3419 haec
2019 3388 2200 3427 opportune
2215 3385 2304 3418 dicta

1259 3454 1327 3478 esse
1343 3444 1507 3486 apparebit
1521 3447 1550 3477 et
1570 3443 1697 3475 laudem
1707 3452 1725 3474 a
1737 3443 1826 3474 vohis
1842 3451 2031 3483 consequar,
2048 3450 2148 3482 quum
2163 3449 2212 3474 res
2226 3439 2303 3481 ipsoe
