2372 3704
1010 206 1144 247 PRAG
1153 208 1343 247 ΜΕΝΤΑ.

102 291 267 346 ραλαὸὼν
282 292 339 331 τὸν
355 290 574 344 Ἀλέξανδρον
588 293 758 339 κατῆλθεν
778 294 825 336 εἷς
843 292 882 331 τὸ
897 293 1144 345 στρατόπεδον.

101 354 148 392 Οἱ
166 351 202 390 δὲ
216 350 408 396 ἀνοίξαντες
423 350 485 394 τὰς
501 351 630 399 πύλας,
647 350 807 396 ἐδέξαντο
817 351 952 398 αὐτοὺς,
967 353 1147 404 ὑπερφυῶς

101 409 159 448 τὸν
192 407 410 462 Ἀλέξανδρον
444 410 688 461 εὐφημοῦντες.
720 409 800 461 Ἐφ’
830 401 879 452 οἷς
907 411 925 447 ὃ
954 408 1147 453 Ἀντωνῖνος

102 467 365 518 ἀγανακτήσας,
380 467 539 506 ἐκέλευσέ
554 482 648 511 τινας
667 466 751 519 πρὸς
766 466 935 520 τιμωρίαν
951 468 1145 513 ἐκδοθῆναι.

101 525 254 566 Ἐκεῖνοι
270 525 306 564 δὲ
322 526 454 575 μᾶλλον
469 524 720 577 ταραχθέντες,
742 523 856 568 ἄλλως
874 540 911 563 τε
928 524 988 563 καὶ
1000 524 1057 563 τὸν
1073 524 1147 563 Ἀν-

101 589 240 622 τωνῑνον
265 582 574 622 ἀποσκευάσασθαι
593 582 767 634 θέλοντες,
790 584 1054 635 ἀσχημονοῦντα
1078 586 1146 634 βα·-

100 642 218 690 σιλέα,
238 641 314 680 τότε
335 640 377 689 δὴ
405 640 466 679 καὶ
497 644 566 686 τοῖς
586 640 931 691 συλλαμὸανομένοις
959 641 1147 691 ἐπαμύνειν

101 700 170 738 δεῖν
190 699 396 752 ἡγούμενοι,
422 699 542 751 καιρὸν
563 698 720 751 εὔκαιρον
743 699 802 737 καὶ
818 698 991 752 πρόφασιν
1012 699 1147 737 δικαίαν

99 758 310 807 νομίζοντες,
324 757 381 796 ’τὸν
399 756 462 808 μὲν
479 757 676 796 Ἀντωνῒνον
694 757 798 795 αὐτόν
810 772 847 795 τε
863 758 922 796 καὶ
935 757 997 804 τὴν
1014 756 1148 808 μητέρα

101 816 277 866 Σοαιμίδα
302 817 437 869 (παρ’ἧν
456 814 545 868 γάρ)
575 817 774 868 ἀναιροῦσι,
793 815 870 859 τούς
889 831 926 854 τε
945 815 1025 868 περὶ
1045 815 1147 853 αὐτὸν

100 874 251 921 πάντας,
269 874 344 913 ὅσοι
363 874 457 913 ἔνδον
477 874 757 927 κατελήφθησαν,
779 873 948 927 ὑπηρέται
971 874 1064 925 [τε]
1089 873 1148 911 καὶ

100 933 259 984 συνεργοὶ
281 932 420 970 ἐδόκουν
441 927 529 970 εἶναι
548 934 616 970 τῶν
639 932 918 984 ἁμαρτημάτων.
941 932 997 972 Τὰ
1024 932 1060 970 δὲ
1077 931 1149 980 <5153-

101 1006 198 1041 ματα
212 994 272 1029 τοῦ
289 1006 326 1028 τε
347 989 545 1029 Ἀντωνίνου
562 990 622 1028 καὶ
641 994 701 1037 τῆς
722 990 852 1042 μητρὸς
871 990 1066 1043 παρέδοσαν
1086 989 1147 1028 σύ-

102 1065 171 1101 ρειν
192 1065 229 1087 τε
259 1048 319 1086 καὶ
339 1049 487 1101 ὑδρίζειν
511 1051 579 1092 τοῖς
605 1048 843 1101 βουλομένοις·
875 1048 964 1100 ἅπερ
985 1048 1040 1087 ἐπὶ
1060 1049 1147 1087 πολὺ

101 1106 160 1144 διὰ
180 1106 291 1156 μέσης
307 1110 369 1153 τῆς
387 1106 519 1151 πόλεως
536 1107 682 1160 συρέντα
699 1106 758 1145 καὶ
769 1105 973 1154 λωὸηθέντα
984 1136 993 1154 ,
1011 1108 1057 1149 εἷς
1072 1105 1149 1149 τοὺς

100 1163 244 1216 ὀχετοὺς
265 1164 440 1217 ἀπερρίφη
469 1168 530 1203 τοῦ
550 1164 736 1216 Θύὸριδος.
771 1164 964 1207 Ἀντωνῖνος
983 1163 1045 1214 μὲν
1073 1158 1144 1214 οῦν,

101 1223 150 1264 εἷς
179 1219 275 1260 ἕκτον
297 1221 370 1266 ἔτος
390 1223 519 1266 ἐλάσας
547 1225 608 1268 τ’ἧς
637 1221 833 1274 βασιλείας,
853 1221 912 1259 καὶ
930 1221 1148 1274 χρησάμενος

100 1281 151 1332 τῷ
181 1281 420 1335 προειρημένῳ
455 1281 536 1336 βίῳ,
570 1280 676 1325 οὕτως
708 1280 784 1332 ἅμα
817 1283 860 1332 τῇ
899 1280 1007 1334 μητρὶ
1041 1280 1146 1319 κατέ-

100 1340 260 1391 στρεψεν.

584 1398 669 1438 140.

313 1452 666 1520 ΑΛΕΞΑΝΔΡΟΣ
681 1480 926 1520 ΣκΒΗΡοΣ.

154 1577 247 1613 Exc.
259 1576 316 1612 De
331 1575 419 1611 virt.
436 1587 476 1623 p.
495 1574 571 1610 830
590 1585 599 1612 ε
616 1571 702 1611 *Ότι
718 1571 963 1624 Ἀλέξανδροςὸ
981 1571 1149 1621 Μαμαίας

103 1633 166 1672 σὺν
183 1636 227 1685 τῇ
247 1632 354 1684 μητρὶ
376 1630 482 1683 ἄρξας
501 1631 558 1669 ὑπ’
578 1630 690 1683 ἐκείνῃ
718 1629 760 1668 τὰ
780 1629 893 1668 πάντα
922 1628 1054 1683 διῴκει,
1073 1630 1148 1677 ἥτις

100 1691 319 1742 πανταχόθεν
339 1689 496 1742 ἐφρούρει
511 1689 575 1736 τὴν
592 1689 718 1742 ἀρχήν.
737 1690 898 1734 Δικάζειν
913 1704 949 1726 τε
969 1684 1026 1726 οῦν
1045 1688 1146 1726 αὐτὸν

101 1749 233 1788 ἔπειθεν
251 1748 308 1788 ἐπὶ
322 1749 499 1798 πλεῖστον,
516 1751 560 1791 ὡς
578 1747 616 1786 ἂν
633 1749 667 1785 ἐν
679 1747 810 1790 τούτοις
827 1746 1082 1798 ἀσχολούμενος
1097 1746 1146 1797 μὴ

94 1808 177 1860 >ἔχοι
196 1807 313 1860 καιρὸν
344 1809 390 1850 εἰς
417 1806 457 1845 τὸ
476 1805 689 1852 ἐπιτηδεύειν
720 1821 753 1843 τι
772 1807 841 1843 τῶν
862 1805 1142 1856 ἁμαρτημάτων.

100 1866 263 1919 ’Υπῆρχε
281 1863 317 1903 δὲ
338 1866 432 1917 αὐτῷ
451 1864 509 1902 καὶ
529 1862 669 1917 φυσικὸν
689 1858 770 1911 ἦθος
795 1869 906 1916 πρᾷον
926 1863 986 1901 καὶ
1003 1862 1144 1916 ἥμερον,

101 1924 150 1969 εἴς
174 1940 211 1962 τε
231 1923 271 1962 τὸ
291 1922 530 1976 φιλάνθρωπον
549 1922 638 1960 πάνυ
658 1922 852 1974 ἐπιρρεπές.
880 1923 938 1964 Εἷς
955 1937 1146 1974 τεσσαρεσ-

99 1982 303 2021 καιδέκατον
335 1975 393 2020 οῧν
413 1981 539 2025 ἐλάσας
567 1981 639 2025 ἔτος
657 1984 718 2027 τῆς
750 1980 944 2032 βασιλείας,
973 1980 1145 2030 ἀναιμωτὶ

99 2036 180 2095 ἦρξε
194 2071 204 2091 ,
224 2040 336 2079 καίτοι
356 2042 457 2078 τινῶν
478 2039 657 2091 μεγίσταις
677 2038 801 2082 αἰτίαις
827 2038 1080 2086 ὑποπεσόντων,
1099 2041 1145 2082 ὡς

101 2100 191 2150 μετὰ
217 2098 280 2146 τὴν
303 2098 450 2150 Μάρκου
473 2098 635 2144 τελευτὴν
663 2097 725 2144 τὴν
760 2095 939 2149 βασιλείαν
960 2095 1145 2145 θαυμάζειν

100 2158 338 2213 Ἀλεξάνδρου.
361 2157 508 2213 ᾘτιᾶτο
537 2156 573 2194 δὲ
595 2155 655 2195 καὶ
686 2154 749 2202 τὴν
781 2153 936 2206 μητέρα,
968 2153 1027 2191 καὶ
1056 2153 1146 2191 πάνυ

98 2215 292 2268 ἤσχαλλεν,
310 2217 400 2267 ὁρῶν
417 2213 525 2261 αὐτὴν
542 2208 647 2252 οὖσαν
662 2212 940 2267 φιλοχρήματον,
955 2210 1014 2249 καὶ
1032 2208 1144 2248 πολλὰ

99 2274 132 2319 ἐξ
168 2277 338 2326 ἐπηρειῶν
374 2273 664 2324 θησαυρίζουσαν.
704 2270 825 2310 Πολλὰ
861 2269 897 2308 δὲ
932 2270 1146 2320 ἠναγκάζετο

100 2336 160 2371 ὑπ’
188 2335 294 2381 αὐτῆς
315 2332 493 2386 πράττειν.
511 2325 630 2384 ’Ἦρχε
648 2330 715 2384 γὰρ
735 2330 840 2368 αὐτοῦ
861 2327 1145 2382 ὓπερὸαλλόντως

98 2396 121 2440 ἡ
141 2392 270 2445 μήτηρ·
300 2413 303 2417 ·

580 2448 667 2487 141.

153 2518 246 2554 Exc.
274 2517 331 2552 De
350 2516 418 2552 ins.
439 2527 478 2563 p.
513 2518 558 2559 47
594 2525 602 2550 :
624 2509 711 2550 ’Ότι
730 2508 952 2560 Ἀλεξάνδρου
973 2510 1033 2546 τοῦ
1062 2510 1143 2547 Μα-

101 2572 208 2624 μαίας
232 2571 321 2623 μετὰ
348 2571 410 2617 τὴν
440 2573 474 2608 ἐν
506 2570 659 2622 Πέρσαις
679 2566 857 2621 συμφορὰν
877 2565 967 2605 κατὰ
986 2566 1048 2612 τὴν
1070 2566 1140 2605 Ἀν-

99 2631 252 2682 τιόχειαν
268 2629 518 2681 διατρίὸοντος,
535 2627 742 2679 ἀγγέλλεται
756 2628 849 2678 αὐτῷ
865 2655 875 2674 ,
896 2623 949 2662 ὅτι
968 2624 1141 2677 Γερμανοὶ

99 2689 225 2736 Ῥῆνον
243 2688 302 2727 καὶ
321 2686 458 2739 Ἴστρον
475 2686 670 2736 διαὸάντες,
697 2684 760 2731 τὴν
773 2682 960 2734 Ῥωμαίων
979 2686 1143 2736 πορθοῦσι

98 2751 177 2800 γῆν,
193 2747 252 2785 καὶ
267 2746 311 2784 τὰ
326 2746 383 2784 ἐπὶ
413 2751 488 2788 ταῖς
501 2747 619 2797 ὀχθαῐς
637 2742 854 2796 στρατόπεδα
871 2741 1140 2794 κατατρέχουσι,

99 2805 215 2849 πόλεις
245 2821 280 2843 τε
301 2804 360 2842 καὶ
392 2803 514 2853 κώμας
546 2806 759 2855 ἐμπιπρᾶσι·
791 2802 923 2839 δεῖσθαι
942 2799 1054 2838 τοίνυν
1082 2803 1143 2846 τῆς

99 2867 204 2903 αὐτοῦ
223 2862 428 2916 παρουσίας.
444 2860 652 2909 Δηλωθέντα
667 2859 702 2898 δὲ
717 2863 826 2897 ταῦτα
843 2859 899 2896 τὸν
921 2858 1141 2910 Ἀλέξανδρον

98 2921 264 2975 ἐτάραξε,
285 2921 344 2959 καὶ
366 2919 444 2964 τοὺς
463 2921 502 2957 ἐκ
528 2923 588 2957 τοῦ
608 2919 798 2971 Ἰλλυρικοῦ
820 2916 1035 2969 στρατιώτας
1064 2916 1139 2954 ἐλύ-

98 2996 207 3028 πησε,
227 2981 332 3031 διπλῇ
359 2980 540 3021 δοκοῦντας
559 2980 750 3028 κεχρῆσθαι
771 2981 949 3029 συμφορᾷ,
970 2973 1009 3013 ἐκ
1036 2990 1072 3012 τε
1094 2969 1140 3012 ὧν

2167 221 2244 255 593

1209 295 1441 333 ἐπεπόνθεσαν
1458 297 1608 348 Πέρσαις
1623 298 1830 349 μαχόμενοι,
1847 300 1905 338 καὶ
1917 300 1949 345 ἐξ
1963 296 2010 339 ὧν
2025 301 2249 341 ἐπυνθάνοντο

1207 351 1285 396 τοὺς
1301 354 1444 396 οἰκείους
1460 354 1526 391 ὑπὸ
1545 356 1732 406 Γερμανῶν
1749 358 1984 401 ἀπολωλότας.
2007 359 2249 410 Ἠγανάκτουν

1207 405 1265 448 οῧν
1280 410 1410 450 καὶτὸν
1426 411 1645 464 Ἀλέξανδρον
1660 407 1751 464 εἶχον
1769 416 1803 451 ἐν
1819 415 1925 467 αἰτίᾳ.
1947 410 2016 456 Ἦν
2033 417 2067 455 δὲ
2082 418 2140 456 καὶ
2155 420 2250 458 αὐτῶ

1209 468 1281 512 δέος
1310 469 1389 521 περίΙ
1413 472 1473 515 τῆς
1496 469 1665 513 Ἰταλίας·
1688 470 1764 508 οὐδὲ
1789 471 1856 522 γὰρ
1875 473 2005 519 πολλὴν
2025 475 2100 513 ὁδὸν
2128 462 2252 528 ἀπέχέι

1210 526 1279 564 ἀπὸ
1300 529 1368 564 τῶν
1391 525 1568 579 Ἰλλυριῶν
1589 529 1692 566 ἐθνῶν
1719 528 1763 566 τὰ
1796 529 1997 580 Ῥωμαίων.
2020 532 2251 584 Ἐπαγγέλλει

1210 583 1251 631 δὴ
1271 586 1331 623 καὶ
1352 585 1445 623 ἄκων
1466 586 1529 632 τὴν
1550 586 1677 634 ἔξοδον,
1699 588 1901 626 καταλιπὼν
1930 589 2073 639 δύναμιν
2094 592 2250 643 αὐτάρκη

1208 645 1284 687 ταῖς
1297 642 1486 694 Ῥωμαίων
1506 643 1639 696 ὄχθαις.
1658 644 1800 689 Ἀνύσας
1820 645 1854 683 δὲ
1873 646 1935 693 τὴν
1956 649 2163 700 ὁδοιπορίαν,
2178 650 2251 702 ἐφί-

1209 717 1334 740 σταται
1353 704 1402 754 τῷ
1422 702 1559 754 Ῥήνῳ,
1579 702 1638 741 καὶ
1667 702 1711 741 τὰ
1731 702 1816 755 πρὸς
1836 703 1894 742 τὸν
1917 706 2129 755 Γερμανικὸν
2148 707 2251 745 πόλε-

1211 775 1275 810 μον
1304 753 1542 813 παρεσκεύαζε
1555 777 1563 785 ·
1583 761 1640 799 τόν
1669 777 1706 799 τε
1729 762 1889 812 ποταμὸν
1909 763 2009 801 ναυσὶ
2028 765 2249 816 γεφυρώσας,

1211 819 1431 870 Παρθυαίους
1446 835 1483 858 τε
1500 819 1559 858 καὶ
1578 820 1818 871 Μαυρουσίους
1833 821 1981 864 πολλοὺς
1998 825 2047 874 τῷ
2064 822 2252 873 Ῥωμαίων

1210 879 1350 930 στρατῷ
1369 877 1542 927 συμμίξας
1554 908 1564 928 ,
1587 878 1692 930 ἤρτυε
1711 878 1770 916 τὸν
1789 879 1955 928 πόλεμον.
1975 878 2098 925 Ἔδοξε
2119 882 2153 919 δὲ
2170 883 2253 934 πρό-

1209 950 1305 986 τερον
1336 935 1524 987 πρεσὸείαν
1557 935 1696 989 πέμψαι
1726 936 1811 989 πρὸς
1843 936 1966 981 αὐτοὺς
1991 938 2050 976 καὶ
2083 939 2252 992 χρήματα

1211 993 1500 1044 ἐπαγγείλασθαι,
1524 995 1570 1037 ὡς
1590 993 1631 1032 ἂν
1661 997 1704 1046 τῇ
1725 995 1932 1048 φιλαργυρία
1952 996 2146 1041 πεισθέντες
2161 998 2253 1035 παύ-

1210 1066 1339 1089 σωνται
1357 1055 1417 1089 τοῦ
1437 1052 1606 1102 πολέμου.
1630 1053 1701 1091 Καὶ
1720 1055 1751 1091 οἱ
1772 1053 1835 1103 μὲν
1857 1057 2069 1106 στρατιῶται
2088 1057 2252 1107 χαλεπῶς

1209 1108 1339 1161 ἔφερον,
1357 1109 1533 1162 διατριῧῆς
1546 1126 1582 1147 τε
1600 1110 1750 1160 ματαίας
1771 1112 1885 1154 αὐτοῖς
1905 1112 2096 1162 γινομένης,
2113 1113 2172 1151 καὶ
2189 1130 2254 1163 μη-

1213 1167 1268 1204 δὲν
1294 1167 1467 1219 πρόθυμον
1487 1167 1510 1214 ἢ
1530 1169 1685 1219 γενναῖον
1707 1168 1917 1221 παρέχοντος
1936 1174 1995 1209 τοῦ
2012 1170 2251 1224 Ἀλεξάνδρου,

1210 1226 1287 1263 ἀλλ’
1305 1227 1339 1263 ἐν
1358 1226 1546 1278 ἡνιοχείαις
1561 1242 1598 1264 τε
1614 1227 1673 1265 καὶ
1689 1228 1830 1281 τρυφαῖς
1847 1229 2089 1279 σχολάζοντος.

1263 1297 1292 1322 2.
1322 1278 1393 1323 κἮν
1417 1284 1453 1322 δέ
1478 1300 1529 1329 τις
1549 1286 1583 1323 ἐν
1616 1287 1666 1338 τῷ
1687 1288 1824 1338 στρατῷ
1844 1286 2035 1337 Μαξιμῒνος
2063 1287 2192 1339 ὄνομα,
2213 1289 2252 1327 τὸ

1211 1340 1272 1391 μὲν
1286 1340 1381 1392 γένος
1397 1341 1496 1395 Θρᾲξ
1522 1342 1793 1394 μιξοὸάρὸαρος·
1814 1343 1979 1396 πρότερον
2006 1344 2067 1395 μὲν
2089 1347 2124 1383 ἐν
2147 1348 2247 1386 παιδὶ

1210 1399 1418 1449 ποιμαίνων,
1435 1402 1468 1438 ἐν
1490 1401 1587 1452 ἀκμῇ
1602 1400 1638 1439 δὲ
1657 1402 1837 1452 γενόμενος
1856 1403 1902 1445 εἷς
1921 1402 1999 1446 τοὺς
2015 1404 2131 1447 ἱππεῖς
2151 1420 2252 1456 στρα·

1209 1456 1333 1499 τιώτας
1351 1457 1485 1508 ταγεὶς,
1513 1452 1588 1496 εἶτα
1613 1459 1692 1496 κατ’
1709 1458 1822 1510 ὀλίγον
1851 1458 1953 1496 αὐτὸν
1973 1462 2253 1513 χειραγωγούσης

1209 1517 1272 1561 τῆς
1307 1514 1435 1566 τύχης,
1469 1515 1529 1553 καὶ
1563 1517 1665 1553 ἐθνῶν
1698 1516 1808 1568 ἀρχὰς
1841 1518 2045 1562 πιστευθείς.
2084 1519 2175 1559 Τότε
2209 1521 2251 1568 δὴ

1210 1575 1228 1611 ὃ
1250 1573 1467 1625 Ἀλέξανδρος
1487 1573 1604 1621 πάσης
1624 1574 1725 1612 αὐτὸν
1742 1578 1800 1613 τοῦ
1824 1580 1971 1627 στρατοῦ
1992 1578 2149 1622 νεολαίας
2168 1579 2252 1617 ἐπέ-

1210 1647 1350 1679 στησεν,
1376 1635 1421 1676 ὡς
1442 1631 1484 1670 ἂν
1515 1632 1638 1679 ἀσκοίη
1659 1648 1695 1671 τε
1725 1632 1847 1676 αὐτοὺς
1870 1635 1930 1671 καὶ
1952 1636 1998 1678 εἷς
2025 1635 2063 1674 τὸ
2087 1637 2251 1687 πολεμεῖν

1209 1692 1420 1738 ἐπιτηδείους
1440 1691 1714 1742 παρασκευάζοι.
1736 1691 1781 1730 Ὁ
1804 1691 1839 1730 δὲ
1857 1691 1945 1742 μετὰ
1965 1686 2081 1741 πάσης
2101 1697 2252 1742 σπουδῆς

1209 1748 1251 1787 τὰ
1264 1748 1546 1802 ἐγκεχειρισμένα
1562 1749 1775 1799 ποιούμενος,
1785 1750 1918 1788 εὔνοιαν
1932 1751 2062 1799 πολλὴν
2075 1752 2169 1805 παρὰ
2185 1757 2251 1792 τῶν

1209 1810 1429 1859 στρατιωτῶν
1450 1807 1635 1853 ἐκτήσατο.
1660 1807 1767 1846 ”Οθεν
1789 1809 1819 1846 οἱ
1847 1808 1997 1856 νεανίαι,
2019 1811 2052 1848 ἐν
2082 1805 2131 1854 οἷς
2150 1806 2190 1857 ἦν
2212 1813 2251 1850 τὸ

1208 1865 1296 1903 πολὺ
1317 1867 1446 1912 πλῆθος
1467 1867 1480 1917 [
1497 1866 1683 1917 Παιόνων]
1707 1866 1859 1916 μάλιστα
1873 1896 1883 1916 ,
1903 1870 1946 1918 τῇ
1966 1868 2027 1917 μὲν
2049 1870 2188 1922 ἀνδρείᾳ
2207 1874 2251 1923 τῇ

1209 1923 1407 1974 Μαξιμίνου
1425 1923 1574 1976 ἔχαιρον,
1590 1923 1648 1962 τὸν
1663 1925 1699 1962 δὲ
1715 1924 1935 1977 Ἀλέξανδρον
1952 1925 2189 1978 ἐπέσκωπτον,
2204 1931 2250 1973 ὡς

1209 1981 1276 2020 ὑπὸ
1307 1986 1368 2029 τῆς
1389 1982 1518 2034 μητρὸς
1538 1982 1744 2034 ἀρχόμενον.
1769 1982 2056 2033 Ὑπεμίμνησκον
2080 1985 2115 2022 δὲ
2135 1986 2250 2034 ἀλλή-

1206 2042 1285 2083 λους
1312 2043 1380 2078 τῶν
1413 2056 1450 2078 τε
1477 2040 1543 2078 ὑπὸ
1561 2042 1636 2084 ταῖς
1660 2042 1842 2084 ἀνατολαῖς
1867 2040 1923 2079 διὰ
1953 2042 2120 2091 μέλλησιν
2144 2046 2248 2083 αὐτοῦ

1206 2098 1446 2149 πταισμάτων,
1463 2098 1522 2137 καὶ
1536 2098 1588 2138 ὅτι
1609 2098 1716 2149 μηδὲν
1735 2100 1889 2149 γενναῖον
1907 2099 2096 2151 παρέχοιτο
2113 2103 2146 2146 ἐς
2161 2105 2249 2154 Γερ-

1208 2157 1334 2207 μανοὺς
1353 2156 1471 2197 ἐλθών,
1492 2154 1617 2200 Ὀντες
1633 2151 1689 2195 οῦν
1706 2157 1765 2194 καὶ
1780 2156 1892 2200 ἄλλως
1912 2159 1958 2201 εἷς
1973 2158 2012 2196 τὸ
2031 2166 2248 2211 καινοτομεῖν

1207 2214 1411 2262 ἐπιτήδειοι,
1433 2213 1493 2252 καὶ
1518 2214 1557 2252 τὸ
1585 2214 1646 2264 μὲν
1675 2215 1835 2267 [παρὸν]
1853 2218 1914 2262 τῆς
1943 2217 2052 2267 ἀρχῆς
2074 2217 2161 2270 βαρὺ
2191 2218 2248 2257 διὰ

1207 2276 1317 2323 μ’ῆκος
1330 2272 1482 2317 ἐξουσίας
1501 2272 1705 2322 ἡγούμενοι,
1723 2273 1862 2325 ἀκερδές
1875 2289 1911 2311 τε
1924 2273 2005 2322 ἤδη,
2026 2275 2142 2323 πάσης
2161 2292 2248 2329 προ-

1206 2331 1434 2382 ανηλωμένης
1451 2331 1658 2383 φιλοτιμίας,
1676 2331 1925 2370 ἐὸουλεύσαντο
1939 2333 2246 2374 ἀποσκευάσασθαι

1206 2390 1269 2439 μὲν
1285 2389 1344 2428 τὸν
1368 2389 1602 2442 Ἀλέξανδρον,
1623 2390 1773 2428 ἀνειπεῖν
1793 2389 1823 2428 δ’
1839 2391 2077 2444 αὐτοκράτορα
2097 2393 2155 2432 καὶ
2173 2392 2247 2432 Αὔ-

1206 2463 1349 2500 γουστον
1369 2447 1427 2485 τὸν
1448 2447 1656 2498 Μαξιμῒνον.

1258 2519 1288 2545 3.
1321 2505 1568 2557 Ἀθροισθέντες
1587 2500 1644 2543 οὖν
1673 2507 1719 2549 εἷς
1750 2505 1788 2543 τὸ
1809 2506 1925 2545 πεδίον
1946 2506 2179 2558 ὡπλισμένοι,
2202 2511 2247 2552 ὡς

1205 2565 1261 2602 ἐπὶ
1290 2563 1335 2602 τὰ
1357 2563 1485 2611 συνήθη
1512 2563 1687 2615 γυμνάσια
1715 2564 1924 2617 προελθόντα
1961 2565 2020 2603 καὶ
2056 2566 2246 2604 ἐπιστάντα

1205 2623 1318 2666 αὐτοῖς
1334 2622 1542 2671 Μαξιμῖνον,
1556 2623 1714 2675 πορφύρᾳ
1728 2622 1974 2674 περιὸαλόντες
1991 2625 2166 2676 βασιλικῇ,
2184 2626 2246 2662 αὖ·

1204 2678 1399 2733 τοκράτορα
1415 2680 1696 2733 ἀναγορεύουσιν.
1721 2680 1764 2719 Ὁ
1786 2681 1821 2718 δὲ
1841 2680 1885 2718 τὰ
1906 2681 1968 2731 μὲν
1987 2684 2108 2734 πρῶτα
2126 2698 2246 2735 παρῃ-

1204 2744 1314 2785 τεῖτο,
1341 2738 1401 2776 καὶ
1421 2738 1483 2785 τ’ὴν
1503 2738 1682 2791 πορφύραν
1710 2738 1918 2790 ἀπέρριπτεν
1933 2754 1941 2763 ·
1959 2742 2005 2783 ὡς
2025 2739 2060 2777 δὲ
2080 2739 2245 2778 ἐνέκειντο

1205 2797 1352 2850 ξιφήρεις
1372 2797 1584 2835 ἀποκτείνειν
1606 2798 1845 2845 ἀπειλοῦντες,
1864 2802 1923 2836 τοῦ
1940 2798 2106 2850 παρόντος
2125 2798 2241 2836 κινδύυ

1202 2871 1260 2893 νου
1280 2855 1336 2893 τὸν
1359 2854 1529 2905 μέλλοντα
1552 2854 1797 2908 προελόμενος,
1829 2855 2009 2900 ἀνεδέξατο
2033 2855 2097 2903 τὴν
2115 2857 2237 2907 τιμήν.

1204 2915 1268 2959 “Ως
1284 2915 1319 2952 δὲ
1336 2918 1444 2952 ταῦτα
1467 2913 1615 2965 ἠγγέλθη
1637 2917 1686 2964 τῷ
1707 2914 1938 2968 Ἀλεξάνδρῳ,
1957 2916 1992 2952 ἐν
2013 2915 2158 2967 μεγίστῃ
2179 2932 2242 2953 τα-

1204 2976 1295 3026 ραχῇ
1323 2973 1518 3023 γενόμενος,
1549 2971 1778 3024 προπηδήσας
1806 2976 1867 3019 τ’ῆς
1886 2976 2033 3021 σκηνῆς,
2062 2975 2240 3011 ἐνθουσιῶν

97 3108 140 3117 -—
153 3090 173 3131 §
187 3095 216 3122 2.
233 3090 354 3126 ἄλλως
366 3100 405 3120 τε
421 3089 486 3119 καὶ
502 3088 567 3119 τὸν
583 3085 828 3126 Ἀντωνῖνον]
846 3085 1015 3117 Herodian.
1037 3097 1043 3116 :
1060 3084 1159 3119 ἄλλως
1177 3084 1229 3123 μὲν
1250 3085 1408 3123 μισοῦντες
1430 3083 1482 3113 τὸν
1506 3081 1679 3113 Ἀντωνῖνον
1691 3105 1700 3120 ,
1722 3083 1774 3113 καὶ
1792 3082 2068 3114 ἀποσκευάσασθαι
2094 3084 2227 3119 θέλοντες

100 3137 343 3178 ἀσχημονοῦντα
372 3135 523 3175 βασιλέα,
549 3134 619 3165 τότε
643 3133 675 3164 δὲ
701 3133 753 3164 καὶ
775 3133 837 3163 etc.
855 3148 897 3155 —-
912 3129 1117 3170 Σοαιμίδι]
1140 3129 1292 3168 Σοάγμιδι
1314 3127 1384 3159 cod.
1399 3146 1440 3153 -
1460 3128 1576 3168 μέσης
1589 3131 1654 3165 τῆς
1674 3127 1840 3168 πόλεως]
1869 3129 1971 3166 πάσης
1989 3140 2017 3160 τ.
2038 3141 2072 3160 π.
2099 3129 2170 3161 cod.
2193 3147 2233 3152 ——

99 3184 188 3220 τοὺς
204 3180 389 3224 ὀχετοὺς]
406 3182 460 3218 τὰς
473 3181 566 3222 ὄχθας
581 3179 651 3212 cod.
664 3189 673 3218 ;
697 3178 865 3210 Herodian.
884 3190 891 3209 :
906 3179 948 3212 εἰς
961 3178 1030 3212 τοὺς
1053 3177 1177 3217 ὀχετοὺς
1191 3175 1355 3215 ἀπερρίφθη
1376 3175 1446 3210 τοὺς
1461 3176 1502 3210 εἰς
1515 3175 1566 3206 τὸν
1581 3174 1692 3212 Θύὸριν
1705 3175 1844 3215 ποταμὸν
1858 3175 1991 3215 ῥέοντας.

140 3233 193 3263 Fr.
219 3232 284 3262 140.
306 3228 423 3260 Eadem
441 3227 555 3259 suidas
568 3236 599 3259 v.
615 3226 813 3266 Ἀλέξανδρος.
828 3225 908 3256 Vide
924 3223 1095 3255 Herodian.
1119 3223 1161 3253 vl
1172 3245 1181 3260 ‚
1201 3224 1226 3251 1.
1239 3240 1279 3246 --
1292 3221 1338 3251 τὰ
1356 3231 1379 3251 π
1391 3220 1514 3260 άντα]
1533 3221 1572 3252 τὰ
1588 3229 1654 3251 om.
1671 3220 1794 3252 Suidas.
1812 3238 1854 3243 —-
1869 3221 1940 3252 ἐλά
1951 3233 1970 3252 σ
1981 3232 2001 3252 α
2012 3220 2048 3256 ς]
2071 3220 2116 3251 sic
2143 3221 2236 3251 etiam

98 3275 290 3315 Herodian.;
311 3274 400 3315 ἄρξας
420 3273 529 3312 Suid.‚
542 3273 598 3313 qui
615 3274 686 3312 post
700 3272 867 3311 fragmenti
881 3271 978 3303 verba
994 3269 1106 3301 ultima
1126 3267 1375 3309 ὓπερὸαλλόντως
1396 3269 1415 3305 ἡ
1438 3267 1549 3308 μήτηρ,
1569 3267 1631 3299 alia
1647 3267 1797 3307 quaedam
1813 3268 1929 3307 assuit,
1949 3276 2021 3308 quae
2048 3270 2079 3301 in
2104 3268 2235 3298 autece-

99 3324 194 3356 dvnte
208 3322 240 3353 in
259 3323 336 3353 Exc.
357 3324 401 3352 De
415 3320 486 3352 virt.
504 3321 680 3360 fragmento
694 3319 855 3359 leguntur.

143 3370 194 3399 Fr.
218 3369 286 3398 141.
306 3366 385 3398 Vide
401 3365 558 3397 Herodian
585 3367 627 3396 VI
637 3389 646 3403 ,
661 3368 754 3396 6—9.
769 3381 809 3387 -
823 3363 842 3404 §
856 3368 885 3395 2.
901 3360 1141 3403 μιξοὸάρὸαρος]
1155 3362 1228 3392 Her·
1246 3362 1289 3392 vl
1299 3385 1308 3400 ,
1321 3363 1339 3392 8
1349 3383 1357 3398 ,
1383 3360 1611 3401 μεσοὸάρὸαρος
1639 3360 1710 3393 cod.
1726 3378 1767 3384 -—
1779 3361 1815 3392 ἐν
1830 3359 1958 3400 παιδὶ]
1991 3361 2080 3399 Her.;
2094 3359 2124 3390 ἐν
2138 3358 2232 3399 πεδίῳ

101 3413 172 3446 cod.
189 3430 228 3438 -
240 3412 335 3444 τότε
363 3411 430 3454 δὴ]
446 3413 499 3444 τὸν
512 3413 548 3450 δὴ
563 3412 731 3452 Μαξιμῖνον
744 3413 851 3442 τοῦτον
866 3411 939 3442 Her.
956 3429 994 3435 —
1007 3408 1025 3449 ᾗ
1040 3414 1069 3442 3.
1086 3409 1315 3451 βούλοιντο]
1334 3410 1493 3450 βούλονται
1511 3409 1581 3441 cod.

255 3478 444 3502 FRAGMENTA
467 3479 590 3502 lnsron.
618 3479 671 3502 Gn.
693 3487 726 3494 ..„
742 3479 811 3502 ΥΟΕ.
834 3479 874 3502 lV·

2000 3479 2033 3502 38
