2326 3724
960 192 1294 235 FRAGMENTA.

49 286 79 325 οἳ
100 284 317 338 Σαράγουροι
345 283 520 328 ἕλαθέντες
544 282 636 323 κατὰ
663 283 806 330 ζήτησιν
824 285 887 334 γῆς
913 282 999 335 πρὸς
1017 284 1088 325 τοῖς

51 345 238 397 Ἀκατίροις
255 343 398 387 Οὔννοις
421 343 597 394 ἐγένοντο,
618 342 677 380 καὶ
698 341 816 394 μάχας
843 344 928 394 πρὸς
948 341 1095 384 ἐκείνους

0 414 5 421 ’“
48 402 178 445 πολλὰς
200 401 457 452 συστησάμενοι
484 400 524 439 τό
549 416 584 439 τε
603 402 709 454 φῦλον
728 403 1011 452 κατηγωνίσαντο
1034 399 1094 438 καὶ

47 461 132 513 πρὸς
169 459 367 511 Ῥωμαίους
400 459 583 512 ἀφίκοντο,
613 464 729 511 τυχεῖν
767 462 828 505 τῆς
857 460 969 496 αὐτῶν
1000 461 1092 510 βου-

49 518 188 569 λόμενοι
221 518 506 566 ἐπιτηδειότητος.
545 517 717 561 Βασιλεὺς
752 511 810 556 οῧν
842 517 902 556 καὶ
943 519 973 556 οἱ
1006 517 1092 570 ἀμφ’

48 576 150 615 αὐτὸν
175 578 510 630 φιλοφρονησάμενοι
538 576 598 615 καὶ
618 577 712 630 δῶρα
731 575 844 622 δόντες
867 575 990 620 αὐτοὺς
1005 575 1091 614 ἀπέ-

47 637 205 689 πεμψαν.

98 698 156 732 De
185 697 311 745 prima
336 695 447 743 hujus
474 696 550 731 loci
579 702 690 744 parte
709 708 747 734 v.
773 696 988 732 Tillemont.
1014 697 1039 734 l.
1062 697 1089 732 l.

46 753 137 801 Quae
166 755 305 791 deinde
324 754 601 802 sequunturde
632 755 821 803 Salaguris
846 762 937 800 etc.‚
960 767 1092 791 eorum

45 812 208 861 plurima
227 812 344 848 habet
359 813 473 848 etiam
491 813 626 849 Suidas
642 826 680 849 v.
700 810 854 864 Ἀὃάρις.
874 814 973 849 Hinc
992 815 1093 851 Clas-

45 882 154 907 senus
167 872 353 920 supplevit
364 871 482 907 verba
494 872 600 907 uncis
614 872 790 908 distincta
810 885 818 907 :
838 869 900 916 τὴν
918 870 953 908 δὲ
971 871 1091 923 χώραν

47 941 166 977 usque
182 930 230 966 ad
249 926 515 978 μετανίσταντο.
541 931 732 966 Nonnulla
755 929 832 978 ejus
852 929 929 966 loci
956 932 1093 980 repetit

12 983 21 990 ’
47 988 179 1024 Suidas
196 1001 233 1024 v.
254 985 428 1038 Ἄκατίροι
445 996 481 1024 et
500 986 733 1039 Σαγάρουροι.

98 1045 337 1082 Marcellinus
361 1046 418 1082 his
439 1047 669 1095 temporibus
700 1048 738 1082 in
766 1048 952 1084 Dalmatia
984 1060 1093 1083 suum

45 1105 118 1141 sibi
139 1106 243 1153 quasi
263 1117 422 1154 regnum
440 1105 580 1141 habere
598 1107 726 1154 coepit.
745 1107 876 1142 Nescio
894 1118 942 1142 an
959 1119 1005 1142 ex
1019 1107 1091 1142 hac

44 1165 274 1200 narrationis
297 1172 406 1212 parte
433 1165 551 1213 petita
571 1165 618 1200 sit
638 1165 788 1201 Salones
812 1165 918 1200 urbis
947 1166 1090 1201 mentio

45 1235 108 1270 ap.
123 1222 356 1271 Stephanum
373 1224 459 1270 Byz.
482 1235 490 1257 :
510 1222 698 1259 Σαλῶνα
711 1221 849 1269 ι,πόλις
865 1220 1090 1271 Δαλματίας,

44 1273 92 1318 ὧν
110 1278 295 1323 Σαλωνεὺς
313 1278 352 1317 τὸ
369 1278 511 1327 ἐθνικὸν,
531 1281 576 1323 ὥς
597 1279 788 1331 Πρίσκος
808 1282 848 1318 ἐν
866 1278 988 1333 ἕκτῳ.

287 1385 348 1423 31.
373 1384 436 1435 (c.
453 1383 551 1450 '464.
571 1385 692 1422 Leon.
713 1397 775 1420 an.
796 1384 861 1434 8.)

97 1479 245 1516 Ibidem
260 1492 301 1528 p.
327 1479 375 1522 43
402 1489 411 1516 :
432 1474 518 1516 Ὅτι
538 1476 803 1515 στασιασάντων
830 1479 898 1516 τῶν
927 1477 1090 1530 φυγάδων

45 1538 150 1576 ἐθνῶν
171 1535 262 1575 κατὰ
283 1535 361 1580 τοὺς
391 1535 483 1574 κατὰ
501 1534 564 1583 τὴν
594 1535 640 1573 ἕω
661 1535 878 1586 Ῥωμαίους,
898 1535 995 1588 παρὰ
1021 1539 1090 1574 τῶν

44 1595 190 1634 Ἰταλῶν
206 1594 374 1647 πρεσὸεία
390 1594 532 1647 ἀφίκετο
548 1593 718 1646 λέγουσα,
734 1596 779 1638 ὡς
796 1596 862 1647 οὐχ
881 1594 1090 1641 ὑποστήσον-

45 1669 121 1702 ται,
142 1655 171 1692 εἷ
189 1654 238 1704 μή
257 1654 297 1705 γέ
315 1669 412 1706 σφισι
431 1652 510 1697 τοὺς
527 1652 727 1700 Βανδήλους
746 1653 974 1708 διαλλάξοιεν.
995 1653 1089 1707 Ἀφί-

45 1728 124 1752 κετο
157 1712 192 1751 δὲ
223 1711 284 1751 καὶ
314 1711 412 1765 παρὰ
444 1716 503 1751 τοῦ
538 1714 686 1765 Περσῶν
721 1712 898 1765 μονάρχου
910 1742 919 1760 ,
954 1715 1022 1750 τῶν
1052 1728 1089 1750 τε

50 1772 129 1825 παρ’
145 1770 265 1815 αὐτοὺς
285 1771 572 1823 καταφευγόντων
587 1772 626 1809 ἐκ
642 1774 703 1810 τοῦ
720 1771 883 1824 σφετέρου
905 1770 1018 1815 ἔθνους
1036 1773 1089 1809 αἷ-

44 1829 121 1868 τίαν
133 1829 277 1882 ἔχουσα,
290 1830 350 1869 καὶ
363 1833 430 1868 τῶν
446 1830 579 1881 Μάγων
591 1831 660 1868 τῶν
675 1831 710 1868 ἐν
725 1833 768 1881 τῇ
784 1829 972 1880 Ῥωμαίων
992 1833 1036 1882 γῇ
1052 1832 1090 1868 ἐκ

44 1890 203 1928 παλαιῶν
228 1889 413 1928 οἰκούντων
441 1888 592 1942 χρόνων,
614 1891 660 1933 ὡς
688 1889 837 1941 ἀπάγειν
869 1888 992 1934 αὐτοὺς
1021 1891 1089 1927 τῶν

45 1947 199 2000 πατρίων
215 1949 299 1986 ἐθῶν
311 1947 371 1985 καὶ
389 1947 504 1995 νόμων
521 1947 693 1990 ἐθέλοντες
706 1947 766 1985 καὶ
780 1950 840 1994 τῆς
852 1947 931 1998 περὶ
947 1947 987 1986 τὸ
1001 1950 1089 1986 θεῖον

46 2005 237 2056 ἁγιστείας,
253 2005 508 2059 παρενοχλοῦσί
522 2022 560 2043 τε
575 2006 669 2044 ἐσαεὶ
682 2005 743 2044 καὶ
757 2005 985 2044 ἀνακαίεσθαι
998 2006 1090 2044 κατὰ

44 2064 102 2103 τὸν
118 2064 243 2115 θεσμὸν
265 2066 303 2103 οὗ
323 2067 545 2116 συγχωροῦσι
558 2063 597 2102 τὸ
612 2065 695 2116 παρ’
714 2065 828 2108 αὐτοῖς
846 2064 1016 2102 ἅσὸεστον
1030 2080 1091 2102 κα-

44 2124 211 2173 λούμενον
230 2126 311 2176 πῦρ.
335 2123 407 2161 Καὶ
426 2125 472 2167 ὡς
490 2121 559 2175 χρὴ
580 2125 639 2160 τοῦ
658 2122 907 2175 Ἰουροειπαὰχ
927 2122 1090 2176 φρουρίου

45 2182 103 2220 ἐπὶ
122 2184 190 2220 τῶν
213 2181 384 2221 Κασπίων
403 2181 563 2230 κειμένου
579 2182 700 2219 πυλῶν
713 2180 882 2232 χρήματα
900 2185 1090 2234 χορηγοῦν-

43 2257 106 2285 τας
121 2240 318 2290 Ῥωμαίους
333 2241 504 2279 ποιεῖσθαι
525 2239 740 2291 ἐπιμέλειαν,
761 2238 783 2286 ἢ
797 2243 877 2291 γοῦν
893 2239 971 2284 τοὺς
988 2255 1091 2293 φρου-

46 2300 220 2352 ρήσαντας
254 2299 338 2337 αὐτὸ
370 2298 583 2352 στρατιώτας
608 2297 776 2345 στέλλειν,
801 2298 861 2337 καὶ
890 2298 939 2348 μὴ
969 2299 1092 2350 μόνους

36 2358 186 2411 ’[σφᾶς]
202 2357 341 2410 δαπάνῃ
358 2357 417 2395 καὶ
439 2358 577 2410 φυλακῇ
594 2360 653 2395 τοῦ
669 2357 801 2409 χωρίου
821 2356 1041 2410 βαρύνεσθαι·
1060 2360 1089 2396 εἷ

44 2470 117 2502 tum
135 2470 290 2502 sustinere
303 2478 367 2502 non
388 2470 535 2510 poteraut
545 2493 554 2508 ,
568 2470 750 2509 cesserunt,
772 2468 867 2501 sicuti
879 2470 913 2500 et
925 2469 1091 2510 Saraguri,

45 2521 101 2562 qui
118 2521 159 2553 ad
174 2530 274 2553 novas
288 2521 378 2553 sedes
390 2520 580 2561 quaerendas
593 2520 714 2561 coorti,
731 2519 770 2551 ad
787 2522 923 2552 Hunnos
948 2521 1093 2552 Acatiros

46 2575 262 2616 pervenerunt
275 2575 326 2612 et,
341 2573 450 2605 multis
462 2573 581 2614 praeliis
594 2573 680 2605 initis
690 2597 699 2613 ,
709 2575 835 2613 gentem
845 2572 1048 2612 devicerant,
1060 2575 1093 2606 et

40 2623 175 2659 'demum
192 2626 233 2658 ad
259 2628 423 2658 Romanos
438 2625 660 2658 nanciscendae
675 2635 788 2658 eorum
805 2626 967 2658 societatis
982 2626 1090 2667 cupidi

45 2685 79 2711 se
92 2678 306 2710 contulerunt.
325 2677 438 2718 Itaque
458 2678 633 2718 imperator
648 2677 767 2719 legatos
785 2677 919 2718 benigne
944 2678 1088 2720 excepit,

46 2731 79 2764 et
90 2729 275 2762 muneribus
290 2728 423 2761 allectos
438 2729 572 2761 remisit.

537 2785 595 2819 31.

86 2840 172 2871 Dum
185 2840 294 2880 gentes
309 2839 410 2880 patria
423 2840 566 2880 profugae
583 2848 659 2871 cum
673 2839 823 2872 Romanis
836 2839 868 2872 in
883 2840 1015 2873 Oriente
1028 2840 1090 2873 dis—

45 2889 167 2931 sident,
187 2891 301 2931 legatio
321 2891 362 2922 ab
387 2891 474 2922 italis
495 2891 642 2930 advenit,
666 2900 740 2932 quae
763 2891 892 2924 doceret
917 2901 969 2924 res
994 2893 1090 2924 Italas

46 2943 128 2974 stare
140 2948 205 2974 non
217 2951 307 2982 posse
317 2967 326 2981 ,
342 2942 402 2974 nisi
420 2942 481 2974 sibi
499 2942 662 2974 vandalos
675 2942 930 2975 reconciliarent.
947 2944 1044 2976 Venit
1058 2946 1090 2976 et

28 3014 30 3017 v
46 2993 160 3033 legatio
181 3002 200 3025 a
219 2996 386 3026 Persarum
404 3002 476 3034 rege
491 2993 501 3034 (
514 2994 685 3034 Peren),
699 3003 774 3034 quae
793 2994 914 3026 multos
927 3004 944 3026 e
964 2996 1090 3028 Perside

46 3045 87 3077 ad
99 3040 260 3078 Romanos
273 3046 443 3085 confugere
453 3045 659 3085 querebatur,
672 3048 704 3078 et
714 3046 801 3086 quod
810 3042 950 3078 Romani
962 3049 1088 3088 Magos,

47 3098 102 3139 qui
121 3098 187 3139 jam
213 3098 286 3130 inde
303 3107 321 3130 a
345 3099 456 3139 priscis
476 3099 675 3139 temporibus
699 3108 811 3131 eorum
838 3099 949 3131 finium
975 3100 1090 3133 incolae

48 3151 169 3189 essent,
183 3158 201 3180 a
224 3149 336 3189 patriis
352 3150 498 3182 moribus
517 3152 548 3182 et
565 3150 718 3182 institutis
734 3152 765 3182 et
780 3151 913 3192 antiquo
932 3151 1090 3193 religionis

49 3200 137 3232 cultu
161 3201 352 3242 abducturi‚
370 3203 483 3243 quavis
505 3202 628 3234 ratione
644 3204 814 3242 vexarent,
835 3205 867 3235 et
889 3204 993 3244 ignem
1006 3228 1015 3244 ‚
1033 3205 1088 3245 qui

48 3252 133 3292 apud
151 3261 205 3285 eos
226 3256 396 3286 vocaretur
412 3255 692 3295 inexstinguibilis,
710 3256 742 3287 in
765 3257 955 3296 perpetuum
978 3258 1089 3290 ardere

48 3304 222 3336 secundum
246 3305 347 3345 legem
363 3315 426 3337 non
442 3306 594 3339 sinerent.
621 3306 808 3346 Addebant,
822 3316 954 3348 aequum
970 3309 1087 3348 videri,

51 3355 208 3387 Romanos
223 3357 343 3388 castelli
357 3357 523 3398 luroipacli
535 3382 544 3397 ,
563 3358 603 3390 ad
621 3359 728 3399 portas
741 3359 870 3399 Caspias
885 3359 935 3391 siti
948 3384 958 3399 ,
976 3369 1087 3392 curam

27 3405 183 3448 manere,
202 3410 233 3441 et
256 3409 406 3449 pecunias
422 3410 463 3441 ad
481 3410 560 3442 illud
583 3411 836 3443 conservandum
854 3413 1016 3452 conferre,
1034 3422 1088 3446 ne-

2128 207 2200 241 105

1157 282 1225 336 γὰρ
1245 285 1384 332 ἐνδοῖεν,
1405 285 1468 323 οὐκ
1489 286 1534 329 εἷς
1553 284 1694 337 Πέρσας
1714 285 1853 336 μόνους,
1868 287 1959 326 ἀλλὰ
1974 289 2033 327 καὶ
2050 291 2096 333 εἷς
2110 290 2204 330 Ῥω-

1157 342 1279 393 μαίους
1308 342 1352 381 τὰ
1378 345 1415 381 ἐκ
1435 346 1504 381 τῶν
1535 344 1796 396 παροικούντων
1829 347 1933 383 ἐθνῶν
1963 347 2056 384 κακὰ
2077 349 2205 401 ῥαδίως

1157 401 1354 453 ἀφικέσθαι.
1376 403 1516 454 Χρῆναι
1531 400 1566 439 δὲ
1582 402 1705 446 αὐτοὺς
1723 402 1839 454 ἔλεγον
1855 403 1914 441 καὶ
1930 404 2110 456 χρήμασιν
2129 409 2205 445 ἐπι-

1155 462 1290 512 κουρεῖν
1313 460 1368 498 ἐπὶ
1398 464 1447 514 τῷ
1467 461 1552 513 πρὸς
1573 460 1725 504 Οὔννους
1751 461 1897 514 πολέμῳ
1919 461 1996 506 τοὺς
2015 465 2205 516 Κιδαρίτας

1154 518 1360 570 λεγομένους
1372 535 1380 543 ·
1395 519 1612 573 ἔσεσθαιγάρ
1627 535 1742 572 σφισιν
1760 521 1874 558 αὐτῶν
1888 520 2060 558 νικώντων
2075 522 2205 572 ὄνησιν,

1155 577 1204 627 μὴ
1225 577 1512 631 συγχωρουμένου
1542 582 1602 616 τοῦ
1622 578 1736 622 ἔθνους
1755 578 1814 617 καὶ
1835 581 1881 621 εἷς
1908 578 1971 625 τὴν
1994 579 2204 630 Ἱ)ωμαἰ”κὴν

1155 635 1343 674 διαὸαίνειν
1372 637 1610 690 ἐπικράτειαν.
1638 637 1786 676 Πάντων
1817 637 1852 675 δὲ
1883 637 1984 675 ἕνεκα
2015 637 2204 688 Ῥωμαίων

1158 695 1445 747 ἀποκριναμένων
1458 695 1613 734 στέλλειν
1624 696 1682 734 τὸν
1697 695 1938 746 διαλεξόμενον
1949 698 1998 749 τῷ
2013 698 2206 751 Παρθυαίῳ

1157 753 1337 806 μονάρχῃ·
1363 753 1452 804 μήτε
1474 753 1541 806 γὰρ
1564 754 1719 806 φυγάδας
1748 748 1836 792 εἶναι
1857 754 1952 806 παρά
1971 770 2089 807 σφισι,
2112 756 2202 806 μήτε

1153 813 1448 864 παρενοχλεῖσθαι
1467 812 1548 856 τοὺς
1565 813 1710 864 Μάγους
1737 816 1799 860 τῆς
1818 813 2002 865 θρησκείας
2018 813 2118 866 πέρι·
2143 815 2206 862 τὴν

1154 871 1312 924 φυλακὴν
1330 870 1366 909 δὲ
1379 875 1440 910 τοῦ
1455 871 1703 924 Ἰουροειπαὰχ
1721 873 1731 922 (
1746 872 1948 924 Οὖροεισὰχ
1964 875 2052 912 cod.
2067 874 2080 925 )
2098 889 2203 926 φρου-

1155 929 1226 982 ρίου
1242 930 1302 968 καὶ
1319 930 1471 980 πόλεμον
1491 931 1550 969 τὸν
1564 930 1648 983 πρὸς
1661 930 1739 975 τοὺς
1758 930 1910 974 Οὔννους
1927 931 2014 984 ὑπὲρ
2032 935 2128 985 σφῶν
2143 935 2205 972 αὖ·

1153 991 1222 1027 τῶν
1233 987 1526 1040 ’ἀναδεδεγμένους
1539 989 1586 1040 μὴ
1602 990 1742 1033 δικαίως
1752 989 1921 1043 χρήματα
1934 991 2041 1028 αἷτεῒν
2053 995 2137 1044 παρ’
2148 993 2207 1030 αὖ·

1154 1050 1234 1086 τῶν.
1258 1071 1311 1078 -
1332 1048 1618 1100 Ἐπρεσὸεύσατο
1639 1048 1675 1087 δὲ
1694 1049 1791 1102 παρὰ
1814 1048 1876 1099 μὲν
1893 1049 2093 1096 Βανδήλους
2119 1049 2205 1104 ὑπὲρ

1155 1106 1301 1146 Ἰταλῶν
1319 1106 1493 1151 Τατιανὸς
1513 1109 1547 1145 ἐν
1567 1110 1610 1160 τῇ
1638 1110 1706 1146 τῶν
1724 1108 1917 1161 πατρικίων
1947 1108 2025 1161 ἀξίᾳ
2052 1112 2203 1148 καταλε-

1153 1165 1297 1216 γόμενος
1309 1196 1319 1216 ,
1347 1165 1445 1218 παρὰ
1473 1165 1509 1203 δὲ
1545 1165 1686 1218 Πέρσας
1714 1167 1956 1211 Κωνστάντιος
1988 1169 2202 1219 (Κωνσταν-

1153 1224 1242 1267 τῒνος
1266 1226 1305 1263 h.
1336 1227 1363 1264 l.
1399 1226 1525 1275 cod.),
1550 1224 1664 1277 τρίτον
1702 1224 1764 1275 μὲν
1792 1225 1855 1272 τὴν
1888 1225 2046 1278 ὕπαρχον
2080 1227 2200 1279 λαχὼν

1155 1281 1281 1334 ἀρχὴν,
1296 1283 1381 1336 πρὸς
1397 1282 1433 1321 δὲ
1453 1286 1495 1336 τῇ
1513 1286 1664 1337 ὑπατικῇ
1681 1284 1759 1337 ἀξίᾳ
1780 1283 1840 1322 καὶ
1856 1287 1918 1332 τῆς
1936 1285 2204 1337 πατρικιότητος

1153 1340 1282 1393 τυχών.
1394 1386 1396 1389 ,

1206 1401 1299 1439 Τῶν
1320 1401 1507 1453 Μάγων]
1528 1420 1544 1435 «
1563 1405 1743 1453 Intelligit
1767 1406 1921 1454 Magos,
1944 1406 2011 1453 qui
2038 1407 2078 1442 in
2106 1407 2206 1456 Cap-

1151 1460 1317 1508 padocia
1345 1461 1533 1510 degebant
1560 1475 1631 1511 per
1655 1470 1776 1498 totam
1805 1465 2045 1512 provinciam
2068 1468 2200 1515 sparsi.

1152 1520 1267 1555 Erant
1280 1527 1405 1555 autem
1423 1522 1622 1568 Magorum
1639 1522 1877 1558 Persicorum
1890 1524 2037 1568 coloni,
2058 1525 2105 1560 de
2120 1527 2205 1573 qui-

1150 1578 1222 1613 bus
1242 1579 1360 1614 multa
1385 1580 1518 1615 scribit
1537 1581 1695 1616 Basilius
1714 1582 1875 1630 Magnus
1892 1582 1931 1617 in
1960 1583 2031 1630 Ep.
2060 1583 2134 1619 325
2156 1586 2205 1621 ad

1149 1637 1426 1686 Epiphanium‚
1446 1650 1467 1674 a
1482 1651 1558 1686 quo
1575 1639 1768 1675 consultus
1786 1640 1832 1676 de
1847 1640 1920 1675 illis
1936 1639 2073 1679 fuerat.
2096 1659 2111 1674 »
2131 1645 2203 1680 VA-

1150 1708 1292 1732 Lnslus.
1312 1697 1487 1733 Ceterum
1503 1710 1540 1732 v,
1564 1698 1780 1733 Tillemont.
1799 1699 1872 1743 VI,
1890 1711 1931 1747 p.
1958 1697 2030 1734 381
2055 1707 2092 1735 et
2110 1699 2200 1737 332.

1151 1776 1202 1782 —
1220 1752 1554 1805 'Iouposertotbqss
1585 1772 1600 1788 «
1624 1757 1738 1805 Apud
1757 1757 1906 1804 Lydum
1925 1759 1982 1793 De
2001 1770 2102 1807 mag.
2122 1761 2201 1806 ΙΙΙ,

1152 1812 1199 1848 52
1212 1840 1222 1858 ‚
1241 1812 1287 1849 53
1304 1841 1314 1858 ‚
1341 1815 1378 1847 V
1375 1814 1566 1862 iriparczclz
1584 1816 1643 1850 vel
1666 1816 1902 1864 V1'rctpm·aclz
1931 1815 2033 1866 (Βιρ.
2051 1817 2061 1863 )
2087 1831 2203 1855 voca-

1151 1877 1213 1906 tur
1227 1883 1235 1906 :
1252 1871 1292 1906 id
1309 1871 1414 1918 quod
1427 1873 1603 1921 proxime
1617 1873 1666 1908 ad
1687 1874 1885 1909 veritatem
1902 1875 2082 1911 accedere
2098 1878 2202 1914 vide·

1152 1936 1214 1964 tur
1236 1942 1245 1965 :
1276 1930 1413 1965 barach
1441 1932 1542 1966 enim
1559 1931 1715 1967 domum
1732 1933 1810 1967 sive
1828 1933 2063 1968 mansionem
2087 1933 2201 1981 signi-

1149 1986 1259 2034 ficat,
1280 1992 1404 2025 viram
1422 1990 1666 2026 solitudinem
1682 1991 1741 2026 vel
1755 1991 1895 2029 ruinas.
1916 2007 1931 2023 »
1954 1993 2144 2030 Nmssunn.
2162 1992 2202 2027 in

1150 2046 1252 2083 Add.

1290 2149 1353 2186 32.
1376 2149 1433 2201 (c.
1459 2151 1533 2195 464
1554 2164 1585 2187 s.
1610 2151 1700 2197 465.
1722 2154 1843 2191 Leon.
1868 2165 1929 2191 an.
1950 2154 1987 2190 8.
2007 2154 2063 2204 9.)

1203 2243 1295 2279 Exc.
1315 2245 1372 2280 De
1398 2244 1471 2293 leg.
1491 2246 1606 2281 Rom.
1628 2258 1670 2294 p.
1692 2250 1757 2292 74.
1787 2245 1835 2292 75
1868 2259 1877 2284 :
1907 2243 1993 2285 “Ὀτι
2020 2246 2076 2284 ἐπὶ
2099 2246 2202 2286 Λέον-

1150 2315 1205 2344 τος
1227 2300 1396 2352 βασιλέως
1413 2300 1601 2351 Ῥωμαίων
1618 2303 1848 2355 ἐπρεσὸεύετο
1867 2304 1965 2357 παρὰ
1983 2303 2045 2355 μὲν
2062 2305 2200 2352 Βανδή-

1149 2359 1228 2402 λους
1242 2358 1328 2411 ὑπὲρ
1346 2359 1491 2399 Ἰταλῶν
1511 2363 1544 2399 T
1548 2360 1704 2409 οιτιανὸς,
1720 2363 1755 2400 ἓν
1770 2364 1813 2414 τῇ
1830 2364 1898 2399 τῶν
1914 2362 2110 2415 πατρικίων
2122 2360 2201 2416 ἀξία

1151 2479 1215 2510 que
1235 2479 1269 2502 se
1290 2472 1374 2504 solos
1389 2471 1570 2512 sumptibus
1591 2474 1624 2504 et
1642 2473 1724 2505 arcis
1748 2474 1895 2505 custodia
1910 2474 2047 2514 gravari.
2066 2475 2099 2507 Si
2116 2476 2200 2507 enim

1152 2524 1322 2564 cesserint,
1337 2533 1402 2556 non
1421 2525 1525 2556 solum
1542 2525 1574 2556 in
1595 2527 1762 2557 Persarum
1774 2550 1783 2566 ,
1801 2526 1855 2557 sed
1870 2527 1967 2559 etiam
1986 2527 2019 2559 ln
2041 2529 2201 2560 Romano-

1152 2583 1225 2606 rum
1248 2577 1351 2607 terras
1377 2584 1395 2607 a
1416 2576 1558 2608 finitimis
1585 2577 1734 2617 gentibus
1759 2578 1852 2609 facile
1877 2579 2069 2611 vastationes
2093 2581 2201 2612 inferri

1152 2635 1255 2667 posse.
1272 2628 1428 2668 oportere
1441 2627 1538 2660 etiam
1558 2629 1708 2668 sejuvari
1723 2629 1866 2669 pecuniis
1882 2630 1923 2661 ad
1943 2630 2066 2662 bellum
2088 2635 2201 2664 contra

1151 2680 1287 2710 Hunnos
1299 2679 1455 2712 Cidaritas
1465 2680 1640 2721 gerendum
1651 2707 1660 2721 ,
1675 2690 1716 2713 ex
1730 2691 1794 2722 quo
1808 2682 1943 2714 Romani
1954 2692 2083 2723 quoque
2096 2686 2201 2716 essent

1152 2732 1323 2763 utilitatem
1340 2734 1551 2773 reportaturi,
1574 2734 1600 2765 si
1619 2742 1655 2765 ea
1670 2742 1746 2773 gens
1769 2743 1788 2765 a
1811 2734 1926 2767 tinibus
1944 2735 2088 2776 ipsorum
2109 2746 2198 2768 arce-

1151 2786 1250 2817 retur.
1269 2787 1404 2817 Romani
1420 2787 1670 2827 responderunt,
1689 2796 1722 2818 se
1734 2785 1975 2829 quamprimum
1992 2789 2110 2830 legatos
2123 2790 2198 2822 mis-

1150 2845 1259 2877 suros,
1274 2838 1343 2870 haec
1356 2839 1464 2870 omnia
1478 2848 1551 2870 cuin
1575 2839 1766 2870 Parthorum
1790 2849 1861 2880 rege
1877 2835 2118 2882 disceptaturos.
2134 2844 2198 2875 Ne-

1150 2898 1214 2929 que
1230 2889 1315 2921 enim
1333 2891 1414 2922 ullos
1429 2890 1516 2930 apud
1532 2899 1565 2922 se
1581 2900 1649 2922 esse
1665 2891 1814 2931 fugitivos
1825 2916 1834 2931 ,
1848 2901 1952 2933 neque
1967 2895 2072 2934 Magos
2086 2894 2118 2925 in
2131 2903 2199 2927 suae

1126 2958 1134 2965 -
1150 2941 1309 2981 religionis
1323 2942 1412 2973 cultu
1436 2942 1594 2982 impediri.
1613 2945 1723 2980 Quum
1743 2945 1851 2975 autem
1868 2944 1926 2984 ipsi
1952 2946 2129 2977 custodiam
2146 2955 2196 2978 ca«

1149 2993 1232 3025 stelli
1249 2994 1417 3034 luroipach
1436 2996 1467 3025 et
1487 2994 1606 3038 bellum
1630 2996 1742 3026 contra
1762 2997 1896 3027 Hunnos
1920 2997 2078 3029 Cidaritas
2103 2999 2135 3029 in
2162 3007 2196 3030 se

1151 3047 1348 3088 receperint,
1365 3046 1498 3078 minime
1508 3047 1595 3086 juste
1607 3056 1661 3078 eos
1677 3047 1717 3078 ab
1730 3047 1805 3087 ipsis
1819 3049 1987 3088 pecuniam
2002 3053 2122 3090 petere.
2143 3053 2195 3082 Le·

1149 3098 1307 3136 gationem
1325 3097 1364 3129 ad
1375 3097 1536 3130 Vandalos
1549 3098 1690 3138 suscepit
1703 3099 1872 3138 Tatianus‚
1885 3101 2073 3140 patriciatus
2091 3101 2194 3142 digni-

1149 3150 1216 3179 tate
1230 3149 1363 3180 ornatus
1371 3160 1382 3190 ;
1393 3148 1433 3180 ad
1448 3150 1558 3181 Persas
1572 3158 1648 3181 vero
1660 3150 1867 3182 Constantius
1877 3175 1885 3189 ‚
1898 3151 1952 3191 qui
1966 3153 2015 3183 ter
2025 3153 2195 3192 praefectus

1149 3201 1223 3232 urbi
1257 3201 1378 3242 suerat,
1407 3202 1440 3234 et
1472 3202 1513 3234 ad
1541 3202 1728 3235 consulatus
1756 3203 2008 3245 patriciatusque
2039 3205 2193 3237 honorem

1148 3254 1287 3286 evectus.
1310 3256 1312 3258 ’

1642 3310 1700 3342 32.

1191 3361 1256 3394 Sub
1275 3364 1396 3403 Leone,
1415 3365 1634 3395 Romanorum
1659 3363 1870 3403 imperatore,
1887 3364 2008 3403 legatus
2028 3373 2086 3404 pro
2106 3365 2191 3396 Italis

1148 3413 1187 3446 ad
1205 3413 1367 3447 vandalos
1384 3415 1544 3455 profectus
1558 3416 1605 3447 est
1624 3415 1795 3455 Tatianus,
1810 3415 1841 3446 in
1862 3415 2066 3455 patriciorum
2080 3424 2190 3447 nume·
