2326 3724
118 202 165 235 80
987 198 1149 239 PRISCI
1179 199 1385 239 PANlTAE

117 276 227 314 &uorat
260 275 358 329 (τάδε
393 277 427 314 ἐν
459 275 716 328 παραδύστῳὲ)
751 276 939 328 δεδογμένα
975 280 1130 331 βασιλεῖ)
1143 309 1152 326 ,

118 334 305 387 συμφέρειν
323 333 499 385 ἡγούμεθα
513 333 619 385 μηδὲν
639 335 718 387 περὶ
732 338 794 381 τ’ἧς
811 335 997 387 πρεσὸείας
1012 337 1154 389 ἀποκρί-

117 396 252 440 νεσθαι,
271 394 300 430 εἰ
318 392 367 442 μὴ
381 396 442 439 τῆς
458 392 555 445 παρὰ
574 392 631 431 τὸν
646 393 813 440 Ἀττήλαν
828 394 958 432 εἰσόδου
974 393 1151 446 τύχοιμεν.

119 451 180 491 Διὸ
208 450 417 503 ἐφάσκομεν,
438 451 505 490 εἴτε
530 450 573 489 τὰ
595 450 761 503 εἰρημένα
786 454 856 495 τοῖς
886 451 1056 500 Σκύθαις,
1087 452 1154 491 εἴτε

117 510 177 548 καὶ
208 508 307 562 ἔτερα
340 510 469 561 ἥκομεν
500 509 699 571 πρεσὸευόμ
702 525 769 548 ενοι
783 541 792 558 ,
826 514 884 549 τοῦ
915 513 1008 564 σφῶν
1041 512 1153 548 αὐτῶν

116 567 311 619 ἡγουμένου
345 568 408 614 τὴν
442 572 561 606 πεῦσιν
598 572 707 615 εἶναι,
742 584 800 606 και
835 570 1004 619 μηδαμως
1038 569 1155 613 ἄλλοις

115 626 237 664 τούτου
253 626 353 678 χάριν
373 625 676 678 διαλεχθήσεσθαι.
692 627 738 665 Οἱ
763 625 798 664 δὲ
818 629 911 675 ἡμᾶς
932 641 1154 678 παραχρημα

117 687 311 738 ἀναχωρεῖν
342 684 588 737 προσέταττον.
616 684 676 724 Ἐν
696 688 901 736 παρασκευῇ
929 684 964 722 δὲ
994 687 1056 731 τ’ἧς
1075 685 1152 722 ὁδοῦ

116 743 319 794 γενομένους
336 746 397 789 τῆς
426 741 638 794 ἀποκρίσεως
655 746 750 792 ἡμᾶς
772 745 789 780 6
812 742 956 793 Βιγίλας
974 741 1152 792 κατεμέμ-

116 815 220 853 φετο,
248 800 305 838 ἐπὶ
326 800 442 854 ψεύδει
463 801 591 838 ἁλῶναι
619 800 758 850 ἄμεινον
784 800 894 851 λέγων
913 799 935 847 ἢ
957 800 1154 852 ἀπράκτους

116 861 321 911 ἀναχωρεῖν.
341 876 356 891 n
374 860 416 898 Εἷ
430 859 496 910 γὰρ
518 860 551 901 ἐς
564 858 683 909 λόγους
697 861 746 910 τῷ
769 858 916 910 Ἀττήλᾳ
933 857 1067 909 ἔτυχον,
1086 873 1151 910 φη-

115 917 184 968 σὶν,
203 916 375 964 ἐληλυθὼς
395 916 616 970 λέπεπείκειν
642 917 765 969 ῥᾳδίως
798 915 839 954 ἂν
866 916 967 954 αὐτὸν
987 919 1048 962 τῆς
1069 915 1153 968 πρὸς

115 976 314 1026 Ῥωμαίους
330 978 523 1022 ἀποστῆναι
534 977 708 1028 διαφορᾶς,
723 970 778 1014 οἷα
793 975 834 1022 δὴ
851 975 1041 1022 ἐπιτήδειος
1058 977 1151 1028 αὐτῷ

115 1036 150 1072 ἓν
170 1038 212 1087 τῇ
229 1034 321 1072 κατὰ
347 1034 542 1074 Ἀνατόλιον
562 1033 730 1087 πρεσὸεία
759 1034 949 1085 γενόμενος.
980 1052 995 1068 υ
1026 1037 1150 1073 Ταῦτα

115 1095 126 1143 (
140 1093 208 1132 Διὰ
220 1109 254 1133 τ.
269 1094 371 1141 conj.
387 1095 538 1130 Hoesch.
553 1095 674 1131 Ταῦτα
688 1093 715 1130 δ’
728 1093 842 1144 ἔλεγεν
854 1092 1000 1138 ἐλπίζων
1009 1094 1122 1130 Bekk.
1137 1092 1150 1144 )

114 1150 230 1190 εὔνουν
259 1154 351 1204 αὐτῷ
375 1151 431 1189 τὸν
451 1150 628 1190 Ἔδέκωνα
654 1150 844 1203 ὑπάρχειν·
863 1151 953 1189 ὥστε
978 1151 1071 1205 λόγῳ
1091 1154 1152 1198 τῆς

113 1209 300 1262 πρεσὸείας
318 1209 377 1247 καὶ
393 1212 460 1247 τῶν
478 1212 648 1257 ὁπωσοῦν,
662 1208 730 1247 εἴτε
750 1211 904 1257 ἀληθῶς,
921 1209 988 1247 εἴτε
1007 1210 1151 1262 ψευδῶς,

114 1267 356 1320 ῥηθησομένων
383 1268 587 1321 προφάσεως
607 1271 725 1320 τυχεῖν
751 1268 807 1306 ἐπὶ
831 1270 879 1321 τῷ
899 1268 1152 1320 βουλεύσασθαι

111 1326 191 1378 περὶ
204 1329 271 1364 τῶν
295 1327 408 1370 αὐτοῖς
427 1330 505 1365 κατ’
522 1326 671 1373 Ἀττήλα
689 1326 914 1376 δεδογμένων,
929 1326 988 1365 καὶ
1004 1326 1097 1371 ὅπως
1111 1326 1151 1366 τὸ

111 1385 265 1437 χρυσίον,
286 1380 391 1439 οἷπερ
417 1385 545 1438 ἔφασκε
571 1386 702 1424 δεῖσθαι
727 1388 745 1423 ὀ
765 1385 931 1433 Ἐδέκων,
951 1385 1094 1435 κομίσαι
1115 1386 1152 1424 τὸ

111 1443 447 1493 διανεμηθησόμενον
469 1444 560 1495 [τοῖς
582 1443 638 1482 ὑπ’
659 1443 760 1482 αὐτὸν
781 1446 907 1494 suppl.
931 1444 1000 1495 B.]
1023 1459 1150 1482 ταττο-

111 1502 223 1552 μένοις
237 1501 394 1554 ἀνδράσι.
410 1502 663 1554 Προδεδομένος
676 1501 712 1540 δὲ
725 1502 893 1548 ἐλελήθει.
910 1501 955 1541 Ὁ
967 1501 1034 1554 γὰρ
1049 1501 1151 1541 Ἐδέ-

111 1576 194 1608 κων,
215 1560 281 1599 εἴτε
312 1561 401 1613 δόλῳ
420 1560 680 1612 ὑποσχόμενος,
712 1559 779 1598 εἴτε
799 1560 860 1598 καὶ
888 1559 946 1598 τὸν
979 1560 1150 1613 Ὀρέστην

112 1619 333 1666 εὔλαὸηθεὶς,
355 1619 404 1669 μὴ
423 1621 455 1662 ἐς
486 1619 543 1656 τὸν
572 1618 740 1665 Ἀττήλαν
761 1618 885 1670 ἀγάγοι
902 1618 992 1670 ἅπερ
1011 1621 1094 1669 ἡμῖν
1115 1620 1149 1657 ἐν

108 1680 153 1730 τῇ
170 1678 320 1730 Σερδικῇ
340 1676 429 1727 μετὰ
451 1675 513 1723 τὴν
531 1677 684 1715 ἑστίασιν
700 1676 852 1730 εἰρήκει,
870 1678 905 1715 ἐν
921 1677 1015 1730 αἰτίᾳ
1031 1677 1149 1716 ποιού-

109 1751 209 1785 μενος
224 1736 264 1774 τὸ
283 1735 389 1787 χωρὶς
405 1737 509 1774 αὐτοῦ
529 1736 667 1788 βασιλεῖ
678 1735 737 1773 καὶ
752 1738 802 1788 τῷ
816 1735 967 1788 εὐνούχῳ
984 1737 1016 1779 ἐς
1028 1736 1150 1786 λόγους

108 1793 210 1831 αὐτὸν
226 1793 447 1841 ἐληλυθεναι,
467 1792 683 1843 καταμηνύει
700 1792 763 1839 τὴν
785 1794 1031 1844 μελετηθεῖσαν
1053 1796 1148 1832 αὐτῶ

107 1850 252 1888 ἐπιδουλ
254 1850 294 1898 ὴν
311 1866 370 1888 και
387 1850 427 1889 τὸ
446 1850 551 1888 ποσὸν
565 1854 624 1888 τοῦ
638 1851 968 1904 ἐκπεμφθησομένου
985 1851 1146 1904 χρυσίου,

107 1908 241 1960 ἐκλέγει
267 1909 302 1947 δε
319 1909 410 1947 καὶ’
395 1910 448 1962 εφ’
469 1912 518 1952 οῖς
533 1908 595 1955 τὴν
614 1909 802 1961 πρεσὸείαν
822 1909 1044 1959 ἐποιούμεθα.
1066 1912 1148 1949 Τῶν

104 2038 170 2068 Nec
180 2036 264 2068 enim
280 2036 355 2068 satis
370 2036 545 2077 intelligere
569 2038 770 2077 poteramus,
792 2045 857 2078 qua
877 2037 1000 2069 ratione
1020 2036 1149 2068 occulta

106 2088 307 2128 imperatoris
333 2088 463 2119 consilia
488 2088 646 2128 patefacta
664 2090 780 2120 essent.
809 2089 1027 2126 Quamobrem
1043 2088 1149 2128 potius

103 2149 170 2172 esse
186 2140 355 2180 duximus,
375 2140 452 2172 nibil
472 2141 645 2181 quicquam
664 2141 704 2173 de
720 2141 877 2174 mandatis
891 2142 1007 2173 nostris
1015 2141 1146 2181 efferre,

103 2192 290 2232 priusquam
314 2191 406 2223 nobis
427 2192 557 2224 Attilam
581 2192 720 2224 adeundi
737 2194 876 2233 potestas
900 2193 990 2225 fieret
1014 2193 1148 2233 :itaque

103 2244 324 2284 respondimus
339 2257 346 2276 ε
363 2257 379 2272 «
404 2245 477 2276 Sive
489 2253 543 2284 ea,
567 2254 641 2286 quae
658 2246 786 2286 Scythae
803 2245 899 2277 modo
925 2247 1145 2286 protulerunt,

101 2297 169 2328 sive
194 2296 255 2326 alia
277 2296 453 2326 nuntiaturi
479 2297 676 2336 venerimus,
693 2298 852 2329 neminem
868 2297 927 2329 nisi
950 2297 1066 2329 ducem
1091 2307 1145 2329 ve-

101 2348 204 2379 strum
223 2355 366 2387 quaerere
385 2347 494 2387 decet,
511 2356 614 2388 neque
638 2348 678 2379 de
702 2349 751 2380 liis
772 2357 845 2380 cum
871 2348 940 2380 aliis
965 2349 1030 2380 ullo
1051 2350 1145 2390 pacto

101 2399 253 2431 disserere
268 2399 504 2432 constituimus.
527 2413 542 2427 »ι
563 2401 611 2432 11Ιί
625 2409 702 2432 vero
718 2410 776 2432 nos
797 2400 1034 2441 quamprimum
1058 2400 1145 2432 abire

99 2451 274 2491 jusserunt.
302 2454 384 2483 Dum
408 2452 545 2484 reditum
568 2454 778 2492 parabamuS,
794 2454 908 2493 Bigilas
934 2462 992 2485 nos
1015 2456 1144 2495 propter

101 2501 337 2541 responsionem
352 2502 477 2542 scythis
490 2503 605 2534 tactam
620 2503 806 2543 increpavit.
819 2505 928 2543 Longe
942 2505 1025 2535 enim
1040 2506 1144 2544 potius

100 2554 199 2585 fuisse
216 2554 249 2584 in
274 2553 439 2586 mendacio
461 2554 673 2595 deprehendi,
693 2563 791 2595 quam
809 2564 842 2586 re
869 2555 983 2587 infecta
1010 2555 1142 2588 domum

99 2606 228 2638 reverti.
249 2618 263 2633 «
279 2605 311 2638 Si
332 2607 415 2638 enim
427 2631 436 2645 ,
454 2606 575 2647 inquit,
587 2616 662 2639 cum
679 2607 775 2639 Attila
791 2608 970 2640 collocutus
993 2608 1120 2641 fuissem
1132 2634 1140 2649 ,

99 2657 189 2688 facile
202 2657 246 2688 illi
260 2666 278 2688 a
302 2658 505 2690 contentione
519 2667 594 2690 cum
611 2659 762 2691 Romanis
787 2659 947 2692 discedere
970 2660 1142 2700 persuasis-

98 2717 184 2747 sem,
202 2709 319 2749 quippe
335 2709 389 2749 qui
405 2711 497 2741 antea
517 2710 763 2742 familiaritatem
782 2719 857 2742 cum
871 2711 925 2742 illo
938 2710 970 2742 iu
987 2711 1142 2750 legatione

98 2768 174 2791 cum
202 2760 347 2792 Anatolio
369 2765 514 2801 suscepta
539 2763 698 2794 contraxi.
714 2775 730 2790 υ
748 2763 852 2803 Atque
870 2762 943 2794 inde
962 2763 1139 2795 Edeconem

98 2819 227 2851 quoqne
242 2811 323 2842 bene
347 2811 406 2842 sibi
421 2813 500 2844 velle
524 2812 616 2852 dixit,
634 2813 770 2854 ideoque
794 2814 898 2854 specie
924 2814 1088 2854 legationis
1108 2816 1141 2846 et

97 2871 229 2901 eorum,
249 2871 323 2902 quae
336 2871 410 2894 vere
425 2866 482 2894 aut
497 2864 573 2895 falso
596 2864 711 2896 dicturi
728 2867 850 2905 essent,
870 2874 930 2906 ope
945 2866 1027 2897 viam
1044 2875 1077 2898 se
1094 2866 1140 2898 in-

96 2917 249 2946 venturos
271 2922 338 2946 esse
356 2915 516 2955 speravit,
539 2925 603 2956 qua
616 2918 806 2957 compositas
822 2918 853 2949 in
867 2919 996 2950 Attilam
1010 2918 1140 2950 insidias

96 2966 358 3006 exsequerentur,
386 2967 418 2998 et
434 2975 548 2999 aurum
562 2992 570 3006 ,
602 2977 667 3008 quo
684 2968 811 3001 Edecon
833 2969 891 3001 sibi
913 2969 952 3001 ad
975 2978 1046 3001 eam
1070 2979 1137 3002 rem

96 3027 177 3058 opus
192 3027 260 3050 esse
275 3019 422 3050 eunucho
438 3019 573 3060 dixerat,
592 3021 771 3060 afferretur,
785 3021 872 3062 quod
891 3022 985 3054 certis
1001 3023 1139 3054 bomini-

95 3069 156 3101 bus
176 3069 382 3102 divideretur.
401 3070 462 3102 Sed
480 3071 610 3111 Bigilam
628 3072 746 3104 latebat
763 3082 796 3104 se
809 3073 969 3113 proditum
984 3083 992 3105 ε
1012 3074 1139 3106 Edecon

94 3120 200 3159 enim,
232 3121 299 3152 sive
330 3121 477 3153 simulate
508 3131 583 3153 cum
614 3123 761 3154 eunucho
794 3126 920 3164 pactus,
945 3125 1012 3156 sive
1037 3127 1075 3157 ut
1098 3127 1138 3158 ab

95 3174 210 3204 Oreste
227 3173 286 3204 sibi
304 3175 450 3213 caveret,
467 3183 507 3206 ne
536 3175 560 3206 is
576 3174 654 3206 illud
670 3176 756 3216 quod
781 3177 812 3207 in
829 3177 955 3209 Serdica
969 3178 1049 3210 inter
1071 3187 1137 3210 cm-

96 3225 239 3257 nan‘dum
267 3225 360 3257 nobis
383 3225 597 3267 indicaverat,
629 3228 669 3259 ad
702 3229 831 3260 Attilam
856 3229 1009 3269 deferret,
1043 3232 1136 3263 nimi·

96 3285 169 3307 rum
186 3285 219 3307 se
232 3301 241 3316 ,
265 3278 389 3309 remoto
414 3279 544 3318 Oreste,
570 3281 707 3311 secretos
730 3289 890 3312 sermones
907 3290 982 3312 cum
999 3281 1135 3322 impera-

94 3329 164 3358 tore
191 3329 223 3359 et
243 3328 390 3360 eunucho
407 3329 571 3366 habuisse,
603 3331 708 3362 Attilae
736 3333 953 3371 comparatam
971 3333 1002 3363 in
1030 3333 1134 3373 ipsum

98 3378 349 3419 conjurationem
378 3381 520 3422 aperuit,
550 3384 582 3414 et
600 3383 668 3414 auri
696 3392 873 3424 summam,
889 3393 984 3425 quam
1011 3385 1043 3417 in
1065 3395 1134 3418 eam

1217 280 1252 318 δὲ
1267 280 1413 333 φορτίων
1424 279 1490 327 ἤδη
1506 281 1574 324 τοῖς
1590 280 1780 333 ὑποζυγίοις
1795 281 2029 332 ἐπιτιθέντων,
2043 283 2103 322 καὶ
2119 284 2254 337 ἀνάγκη

1215 338 1279 384 τὴν
1299 339 1442 391 πορείαν
1457 338 1549 376 κατὰ
1567 339 1624 376 τὸν
1640 342 1701 386 τῆς
1720 339 1840 383 νυκτὸς
1859 340 1978 394 καιρὸν
1996 346 2167 381 ποιεῖσθαι
2180 358 2255 381 πει-

1219 396 1387 447 ρώμενοι,
1417 397 1629 450 μετεξέτεροι
1660 401 1728 436 τῶν
1762 398 1949 452 βαρὸάρων
1982 401 2254 453 παραγενόμενοι

1216 457 1390 504 ἐπιμεῖναι
1410 458 1504 504 ἡμᾶς
1522 459 1580 494 τοῦ
1596 460 1718 509 καιροῦ
1733 456 1836 530 χάριν
1851 458 2178 509 παρακελεύσασθαι
2196 461 2254 497 τὸν

1216 514 1384 560 Ἀττήλαν
1414 513 1544 564 ἔλεγον.
1565 514 1625 554 Ἐν
1652 516 1746 568 αὖτῳ
1771 531 1829 553 ουν
1857 518 1906 568 τῷ
1930 516 2074 569 χωρίω,
2102 517 2176 555 ὅθεν
2195 517 2255 556 καὶ

1217 572 1457 623 διανέστημεν,
1477 577 1560 619 ἡκον
1579 574 1663 624 ἡμῖν
1690 577 1772 621 βοῦν
1799 573 1936 624 ἄγοντές
1953 590 2041 620 τινες
2059 591 2117 613 και
2148 590 2255 614 ποτα-

1217 629 1312 679 μίους
1326 630 1446 683 ἰχθύας
1459 630 1556 683 παρὰ
1573 635 1632 670 τοῦ
1647 631 1797 678 Ἀττήλα
1810 633 2095 686 διαπεμφθέντας
2109 633 2255 681 Δειπνή-

1215 705 1335 733 σαντες
1351 693 1409 728 οὖν
1430 692 1462 733 ἐς
1481 706 1586 728 υπνον
1604 690 1816 743 ἐτράπημεν.
1839 690 1886 731 H
1892 707 1998 743 αερας
2015 691 2051 730 δὲ
2069 691 2255 743 γενομένης

1214 748 1353 800 ᾠόμεθα
1376 747 1439 799 μὲν
1458 748 1587 801 ἥμερόν
1608 765 1640 786 τι
1660 750 1720 788 καὶ
1740 765 1858 824 πραον
1868 749 1978 823 παρὰϊ
1991 753 2050 788 τοῦ
2073 750 2252 803 βαρὸάρου

1214 807 1491 857 μηνυθησεσθαι·
1513 810 1530 845 6
1547 806 1582 845 δὲ
1605 807 1711 846 πάλιν
1727 808 1806 852 τοὺς
1822 807 1942 851 αὐτους
1959 807 2116 859 ἔπεμπε,
2136 823 2254 861 παρα-

1213 865 1469 916 κελευόμενος’
1453 865 1614 913 απιέναι,
1631 867 1660 904 εἷ
1678 865 1773 916 μ”ὴ
1731 866 1896 939 εχοιμέν
1912 882 1945 905 τι
1961 867 2059 919 παρὰ
2076 866 2121 905 τὰ
2139 869 2255 911 αὐτοῖς

1214 924 1412 974 ἐγνωσμένα
1434 923 1558 975 λέγειν.
1581 923 1693 963 Οὐδὲν
1713 940 1771 963 ουν
1794 925 2063 977 ἀποκρινάμενοι
2088 925 2172 978 πρὸς
2189 925 2253 973 τὴν

1213 982 1288 1020 ὁδὸν
1304 982 1666 1035 παρασκευαζόμεθα,
1684 983 1810 1036 καίπερ
1825 987 1883 1021 τοῦ
1903 984 2026 1034 Βιγίλα
2048 985 2254 1037 διαφιλονει-

1212 1044 1352 1085 κοῦντος
1377 1040 1487 1093 λέγειν
1506 1045 1595 1079 εἶναι
1620 1040 1680 1079 καὶ
1697 1039 1798 1094 ἕτερα
1823 1044 1908 1092 ἡμῖν
1931 1041 2163 1095 ῥηθησόμενα.
2187 1042 2252 1080 Ἔν

1212 1101 1326 1152 πολλῇ
1345 1099 1380 1138 δὲ
1399 1099 1571 1153 κατηφεία
1596 1099 1654 1138 τὸν
1682 1099 1826 1150 Μαξιμῖ
1825 1115 1880 1137 νον
1910 1099 2008 1150 ἰδὼν,
2037 1098 2253 1152 παραλαὸὼν

1213 1157 1428 1197 Ῥουστίκιον
1458 1157 1722 1209 ἐξεπιστάμενον
1752 1157 1815 1204 τὴν
1849 1158 2036 1211 βαρὸἄρων
2065 1156 2197 1211 φωνὴν,
2219 1157 2255 1202 ὃς

1213 1216 1274 1254 σὺν
1291 1221 1374 1267 ἡμῖν
1392 1217 1448 1255 ἐπὶ
1467 1217 1529 1264 τὴν
1551 1216 1725 1264 Σκυθικὴν
1740 1216 1900 1264 ἐληλύθει
1919 1218 1978 1270 (οὗ
1995 1219 2056 1264 τῆς
2069 1216 2254 1268 πρεσὸείας

1213 1277 1313 1313 ενεκα
1334 1274 1424 1313 ἀλλὰ
1451 1274 1543 1313 κατὰ
1561 1274 1686 1327 πρᾶξίν
1715 1290 1792 1313 τινα
1823 1274 1907 1328 πρὸς
1938 1276 2195 1324 Κωνστᾶντιον,
2215 1273 2252 1312 δν

1213 1333 1452 1380 Ἰταλιώτην”
1432 1349 1514 1372 οντα
1528 1332 1730 1386 υπογραφέα
1745 1333 1801 1373 Ἀτ
1804 1333 1894 1386 τήλα
1909 1332 2118 1372 ἀπεστάλκει
2129 1331 2254 1377 Ἀετιος

1212 1394 1230 1429 6
1245 1394 1312 1430 τῶν
1327 1391 1497 1444 ἑσπερίων
1514 1390 1704 1442 Ῥωμαίων
1718 1391 1946 1443 στρατηγός),
1961 1390 2058 1444 παρὰ
2071 1391 2126 1430 τὸν
2141 1391 2253 1431 Σκότ·

1212 1465 1274 1487 ταν
1288 1449 1532 1502 ἀφικνούμενος
1548 1451 1603 1524 (ρῦ
1612 1449 1680 1502 γὰρ
1691 1449 1900 1501 Ὀνηγήσιος
1911 1454 2102 1496 τηνικαῦτα
2110 1450 2253 1503 παρην),

1211 1523 1271 1545 και
1288 1507 1387 1546 αὐτὸν
1408 1508 1605 1561 προσειπὼν
1631 1508 1697 1547 ὑπὸ
1717 1510 1861 1560 ἑρμηνει
1877 1511 1926 1561 τῷ
1946 1508 2155 1562 Ῥουστικίῳ
2177 1507 2253 1546 ἔλε-

1212 1576 1270 1610 γον
1305 1562 1398 1612 δῶρα
1429 1562 1578 1599 πλεῖστα
1611 1561 1707 1614 παρὰ
1739 1565 1797 1599 τοῦ
1829 1547 2029 1611 Μαέιμίνου
2058 1547 2252 1614 λήψεσθαι,

1212 1618 1307 1671 εἴπερ
1324 1618 1427 1657 αὐτὸν
1443 1635 1504 1665 της
1516 1619 1612 1672 παρὰ
1626 1619 1683 1658 τὸν
1697 1620 1865 1666 Ἀττήλαν
1879 1619 2011 1658 εἰσόδου
2028 1619 2254 1671 παρασκευά-

1212 1692 1266 1715 σοι
1285 1682 1416 1730 τυχεῖν.
1437 1677 1511 1724 Τὴν
1531 1678 1598 1730 γὰρ
1621 1680 1728 1716 αὐτοῦ
1757 1677 1946 1730 πρεσὸείαν
1973 1677 2011 1716 οὗ
2034 1677 2136 1727 μόνον
2155 1677 2252 1716 Ῥω-

1212 1734 1325 1785 μαίοις
1343 1734 1403 1773 καὶ
1423 1735 1566 1779 Οὔννοις
1586 1735 1764 1786 ξυνοίσειν,
1783 1734 1874 1773 ἀλλὰ
1893 1735 1952 1774 καὶ
1971 1734 2173 1787 Ὀνηγησίῳ
2185 1765 2194 1782 ,
2215 1734 2252 1773 ὃν

1210 1794 1293 1846 παρ’
1310 1793 1413 1832 αὐτὸν
1433 1793 1607 1846 βασιλέα’
1598 1794 1683 1832 ιέναι
1705 1794 1891 1846 βούλεσθαι
1907 1794 1968 1831 καὶ
1983 1794 2028 1832 τὰ
2050 1795 2120 1837 τοῖς
2139 1793 2250 1832 ἔθνεσι

1210 1853 1443 1905 διευκρινῆσαι
1461 1852 1656 1906 ἀμφίὸολα·
1674 1852 1882 1914 ἀζρικόμενον
1897 1851 1933 1890 δὲ
1951 1852 2122 1904 μεγίστων
2137 1852 2252 1896 τεύξε·

1209 1914 1288 1948 σθαι
1325 1911 1474 1963 δωρεῶν.
1505 1913 1642 1963 Χρηναι
1670 1915 1728 1950 οὖν
1761 1910 1810 1962 μὴ
1841 1911 2008 1963 παρόντος
2037 1910 2250 1962 Ὀνηγησίου

1209 2044 1277 2067 rem
1291 2036 1374 2068 mitti
1398 2038 1613 2076 convenerat,
1627 2036 1723 2069 simul
1739 2038 1772 2069 et
1796 2045 1834 2069 ea
1855 2046 1928 2078 quae
1943 2046 1999 2078 per
2010 2046 2068 2070 uos
2080 2037 2114 2070 in
2128 2037 2190 2069 ista
2204 2037 2250 2069 le-

1208 2088 1334 2128 gatione
1354 2089 1522 2120 tractanda
1548 2090 1651 2129 erant,
1670 2089 1860 2122 enuntiavit.
1886 2090 2046 2122 Jumentis
2065 2090 2131 2130 jam
2153 2089 2249 2122 ador-

1207 2140 1290 2172 natis
1301 2141 1333 2172 et
1345 2141 1530 2172 necessitate
1543 2141 1584 2172 ad
1593 2141 1653 2173 iter
1663 2142 1806 2181 tempore
1815 2141 1918 2174 noctis
1927 2142 2120 2182 carpendum
2131 2141 2250 2182 adacti,

1207 2200 1377 2224 occurrere
1407 2201 1448 2224 ex
1463 2192 1624 2232 barbaris,
1642 2193 1698 2233 qui
1724 2193 1886 2233 dicerent,
1904 2194 2034 2226 Attilam
2056 2193 2169 2234 jubere
2191 2202 2251 2225 nos

1206 2245 1334 2284 propter
1347 2244 1474 2285 tempus
1485 2244 1587 2276 noctis
1599 2244 1858 2284 intempestivum
1875 2253 2048 2278 remanere.
2065 2247 2100 2276 ln
2113 2245 2250 2277 eundem

1206 2294 1302 2334 igitur
1319 2295 1426 2326 locum
1437 2319 1447 2335 ‚
1464 2295 1550 2327 unde
1565 2294 1854 2336 proficiscebamur,
1875 2297 1991 2336 praesto
2008 2295 2096 2327 fuere
2112 2296 2168 2336 qui
2190 2295 2249 2328 bo·

1204 2354 1276 2377 vem
1291 2346 1426 2386 agebant
1439 2347 1470 2378 et
1484 2346 1584 2386 pisces
1599 2346 1770 2379 fluviatiles
1785 2347 1877 2379 nobis
1889 2346 1930 2379 ab
1948 2347 2047 2379 Attila
2061 2347 2173 2379 missos
2199 2347 2249 2379 at·-

1205 2396 1358 2429 serebant.
1381 2398 1505 2429 coenati
1528 2407 1587 2429 nos
1603 2397 1778 2430 dormitum
1800 2398 2006 2430 contulimus.
2027 2400 2112 2430 Luce
2134 2399 2204 2429 orta
2217 2398 2248 2430 in

1203 2457 1292 2488 spem
1309 2449 1561 2490 adducebamur,
1588 2451 1718 2483 Attilam
1735 2459 1769 2482 se
1784 2450 1824 2482 ad
1848 2450 2010 2482 lenitatem
2037 2450 2202 2490 daturum,
2216 2452 2250 2483 et

1203 2501 1333 2541 aliquod
1348 2502 1424 2533 mite
1444 2511 1630 2543 responsum
1659 2502 1698 2534 ad
1717 2512 1774 2534 nos
1793 2503 1833 2534 ab
1859 2503 1926 2543 ipso
1941 2505 2175 2535 emanaturum.
2192 2503 2248 2536 ule

1203 2562 1278 2585 vero
1297 2554 1403 2586 denuo
1432 2555 1558 2587 eosdem
1585 2556 1682 2595 misit,
1697 2555 1856 2595 Jussitque
1878 2555 1984 2596 abire,
2007 2557 2033 2588 si
2060 2556 2138 2588 nihil
2160 2555 2248 2588 aliud

1202 2606 1336 2644 negotii,
1351 2606 1409 2638 nisi
1423 2606 1508 2646 quod
1522 2606 1587 2646 jam
1605 2607 1754 2638 omnibus
1776 2607 1937 2647 cognitum
1954 2609 2048 2647 esset,
2065 2607 2157 2639 nobis
2171 2616 2247 2640 cum

1199 2655 1255 2688 illo
1269 2656 1487 2690 intercederet.
1533 2658 1628 2690 Nullo
1648 2657 1723 2689 dato
1741 2667 1890 2699 responso
1906 2659 1944 2690 ad
1962 2659 2022 2691 iter
2035 2667 2094 2691 nos
2110 2659 2248 2691 accinxi-

1202 2718 1283 2750 mus,
1298 2710 1355 2742 etsi
1369 2710 1485 2750 Bigilas
1508 2710 1596 2741 omni
1614 2718 1674 2750 ope
1687 2710 1913 2750 contenderet,
1930 2713 1968 2743 ut
1984 2711 2247 2751 responderemus

1199 2769 1258 2793 nos
1264 2762 1324 2793 alia
1331 2760 1464 2793 dicenda
1477 2761 1605 2792 habere.
1618 2763 1680 2800 Ego
1693 2769 1770 2792 vero
1780 2770 1880 2801 quum
1889 2762 2099 2794 Maximinum
2109 2771 2246 2795 moerore

1198 2812 1311 2844 confici
1322 2812 1475 2850 viderem,
1491 2813 1653 2852 assumpto
1666 2811 1821 2851 Rusticio,
1833 2813 1887 2853 qni
1906 2813 2114 2844 barbarorum
2128 2814 2245 2854 lingum

1199 2864 1318 2904 peritus
1336 2864 1404 2895 erat
1419 2864 1450 2895 et
1463 2863 1629 2894 nobiscum
1645 2863 1675 2894 iu
1692 2863 1855 2903 Scythiam
1868 2865 1998 2895 venerat
2013 2864 2098 2903 (non
2114 2865 2243 2905 legatio-

1198 2917 1247 2949 nis
1255 2919 1370 2948 nostrae
1381 2925 1488 2955 causa,
1499 2916 1553 2948 sed
1564 2917 1606 2948 ob
1618 2925 1684 2948 rem
1699 2917 1853 2957 privatam
1862 2917 2008 2949 aditurus
2020 2919 2244 2951 Constantium

1197 2977 1237 3000 ex
1248 2968 1336 3000 ltalia
1345 2967 1531 3008 oriundum,
1541 2977 1636 3008 quem
1650 2967 1691 2999 ad
1705 2968 1833 2999 Attilam
1852 2968 1977 3006 Aetius,
1988 2968 2243 3002 occidentalium

1198 3021 1412 3052 Romanorum
1423 3019 1501 3058 dux,
1510 3020 1547 3051 ut
1560 3019 1603 3050 illi
1612 3019 1652 3050 ab
1668 3019 1808 3059 epistolis
1821 3019 1913 3058 esset,
1928 3019 2240 3059 miseratffiscotmm

1197 3071 1260 3103 adii
1278 3072 1349 3112 (nec
1362 3072 1445 3103 enim
1456 3071 1564 3103 aderat
1579 3071 1778 3111 Onegesius),
1792 3072 1912 3103 etcum
1925 3071 1980 3103 illo
1994 3080 2050 3112 per
2059 3073 2239 3106 Rusticium

1197 3122 1400 3163 interpretem
1415 3122 1602 3162 collocutus,
1613 3131 1687 3154 eum
1699 3122 1836 3162 plurima
1845 3122 1928 3154 dona
1941 3131 1959 3153 a
1973 3123 2145 3155 Maximino
2160 3125 2240 3156 latu·

1199 3185 1269 3207 rum
1283 3176 1368 3215 dixi,
1382 3175 1407 3208 si
1421 3175 1465 3207 illi
1482 3175 1587 3207 aditus
1604 3175 1645 3206 ad
1658 3175 1787 3208 Attilam
1798 3176 1922 3215 copiam
1941 3176 2068 3207 faceret.
2083 3178 2238 3216 Legatum

1195 3227 1304 3260 venire
1328 3227 1413 3259 enim
1429 3227 1469 3259 de
1490 3226 1602 3265 rebus,
1616 3235 1688 3266 quae
1705 3235 1769 3258 uon
1790 3227 1893 3258 solum
1904 3227 2053 3259 Romanis
2070 3228 2102 3258 et
2116 3228 2240 3260 Hunnis

1196 3279 1371 3310 maximam
1378 3279 1481 3310 essent
1489 3278 1657 3309 utilitatem
1665 3277 1821 3317 allaturae,
1829 3278 1883 3309 sed
1897 3278 1993 3309 etiarn
2002 3277 2059 3318 ipsi
2068 3279 2235 3319 Onegesio.

1198 3335 1425 3374 Imperatorem
1435 3333 1519 3365 enim
1539 3341 1684 3373 poscere,
1696 3333 1794 3370 ‚illum
1819 3333 1858 3365 ad
1871 3342 1904 3365 se
1917 3333 2055 3373 legatum
2072 3333 2113 3365 ab
2138 3334 2236 3366 Attila

1196 3387 1291 3427 mitti,
1306 3387 1360 3428 qui
1373 3386 1562 3427 dijudicaret
1575 3386 1806 3419 controversias
1822 3387 1903 3419 inter
1913 3388 2084 3428 utramque
2096 3389 2234 3428 gentem,
