2372 3704
692 233 974 287 MARCELLI,
1009 232 1270 272 MEGACLlS
1300 233 1635 272 FRAGMENTA.

389 357 843 416 MARCELLUS

475 486 758 526 melonum.

599 594 613 616 1

143 670 271 707 Schol.
295 670 443 706 Platon.
465 669 563 704 Tim.
589 669 651 705 ed.
671 669 788 707 Bekk.
812 683 852 718 p.
886 675 960 716 427
992 682 1001 708 t
1025 668 1070 707 ‘H
1103 667 1138 706 δὲ

90 728 213 774 νῆσος]
244 725 330 766 Ὅτι
347 726 409 776 μὲν
429 724 564 778 ἐγένετο
591 725 734 773 τοιαύτη
756 742 807 769 τις
831 729 934 774 νῆσος
952 725 1012 764 καὶ
1040 727 1138 774 τηλι-

90 783 222 833 καύτη,
249 784 392 832 δηλοῦσί
422 800 510 828 τινες
538 786 606 823 ’τῶν
640 783 869 837 ἱστορούντων
902 783 947 823 τὰ
975 784 1055 837 περὶ
1078 787 1139 831 τῆς

91 842 156 887 ἔξω
181 843 380 891 Θαλάσσης·
402 836 489 881 εἶναι
510 841 576 895 γὰρ
605 844 640 881 ἐν
671 843 743 887 τοῖς
764 844 877 882 αὐτῶν
896 842 1031 895 χρόνοις
1050 843 1139 881 ἑπτὰ

92 900 154 951 μὲν
174 902 298 947 νήσους
325 904 360 940 ἐν
389 902 510 954 ἐκείνῳ
533 903 582 954 τῷ
602 901 748 953 πελάγει
777 902 998 955 Περσεφόνης
1028 901 1139 954 ἱερὰς,

90 962 181 1010 τρεῖς
199 959 261 1010 μὲν
282 959 391 1004 ἄλλας
407 959 594 1008 ἀπλέτους,
615 960 679 1008 τὴν
697 959 758 1011 μὲν
776 960 1001 1010 Πλούτωνος,
1023 960 1086 1007 τὴν
1103 961 1138 999 δὲ

90 1015 293 1067 Ἄμμωνος,
312 1018 423 1069 μέσην
441 1018 478 1057 δὲ
505 1018 636 1057 τούτων
654 1018 764 1066 ἄλλην
782 1019 999 1062 Ποσειδῶνος
1018 1018 1139 1070 χιλίων

91 1076 240 1114 σταδίων
257 1077 296 1115 τὸ
314 1077 469 1128 μέγεθος.
498 1078 569 1116 Καὶ
589 1076 666 1121 τοὺς
686 1079 862 1121 οἰκοῦντας
879 1078 914 1114 ἐν
941 1079 1029 1128 αὐτῇ
1050 1078 1137 1127 μνή-

92 1150 161 1184 μην
187 1134 256 1173 ἀπὸ
285 1138 353 1173 τῶν
374 1135 551 1187 προγόνων
579 1135 759 1180 διασώζειν
779 1134 859 1189 περὶ
877 1138 938 1182 τῆς
963 1135 1141 1173 Ἀτλαντί-

91 1194 165 1240 δος,
182 1193 286 1238 ὅντως
301 1193 488 1245 γενομένης
504 1193 610 1240 νήσου
630 1196 701 1233 ἐκεῖ
719 1195 1073 1245 παμμεγεθεστάτης,
1097 1194 1140 1241 ἣν

93 1251 149 1290 ἐπὶ
169 1251 301 1296 πολλὰς
333 1252 510 1304 περιόδους
531 1253 764 1292 δυναστεῦσαι
782 1255 906 1291 πασῶν
929 1255 998 1290 τῶν
1029 1254 1064 1291 ἐν
1092 1256 1142 1306 τῷ

93 1310 305 1363 Ἀτλαντικῷ
321 1310 466 1362 πελάγει
486 1310 616 1359 νήσων,
641 1312 855 1355 Ποσειδῶνος
870 1311 929 1350 καὶ
950 1310 1057 1358 αὐτὴν
1084 1306 1140 1350 οὗ·

93 1383 158 1406 σαν
175 1368 284 1420 ἱεράν.
307 1369 430 1408 Ταῦτα
454 1368 516 1419 μὲν
540 1363 598 1407 οῧν
618 1370 824 1423 Μάρκελλος
845 1369 880 1406 ἐν
896 1369 966 1412 τοῖς
983 1370 1143 1408 Αἰθιοπι-

93 1427 164 1470 κοῖς
194 1426 378 1479 γέγραφεν,
408 1429 510 1478 ἡμεῖς
542 1426 577 1466 δὲ
598 1427 667 1466 ἀπὸ
689 1430 756 1466 τῶν
790 1426 952 1480 Πρόκλου
975 1427 1143 1471 ἐξελόντες

94 1484 329 1535 παρεθέμεθα.

592 1543 630 1586 n.

147 1630 274 1667 Schol.
294 1631 389 1681 qut.
409 1632 507 1667 Tim.
527 1645 567 1680 p.
590 1630 665 1674 426
686 1631 747 1667 ed.
768 1631 902 1677 Bekk„
926 1632 972 1668 de
992 1633 1143 1668 Atlante

94 1696 223 1725 monte
241 1701 251 1727 :
275 1689 345 1726 Καὶ
368 1687 435 1741 γὰρ
454 1692 513 1726 τοῦ
539 1688 670 1741 αἰθέρος
691 1690 796 1726 αὐτοῦ
816 1687 909 1740 λέγει
937 1689 1144 1741 Μάρκελλος

95 1744 158 1792 τὴν
178 1747 277 1784 τοῦδε
302 1746 425 1799 ψαύειν
455 1746 621 1800 κορυφὴν,
645 1747 705 1785 καὶ
726 1746 826 1785 σκιὰν
848 1746 1039 1798 ἐκπέμπειν
1060 1747 1143 1800 ἄχρι

94 1803 386 1856 πεντακισχιλίων
412 1805 561 1842 σταδίων
577 1820 586 1829 ·
618 1805 687 1843 ἀπὸ
709 1804 776 1857 γὰρ
805 1805 834 1843 θ’
855 1804 947 1857 ὥρας
976 1809 1143 1859 ἡμερινῆς

100 1861 308 1915 κρύπτεσθαι
327 1863 384 1901 τὸν
404 1863 500 1910 ἥλιον
519 1863 576 1901 ὑπ’
597 1865 701 1902 αὐτοῦ
723 1864 828 1915 μέχρι
846 1863 967 1908 τελέας
986 1865 1144 1904 καταδύ-

98 1935 193 1959 seme.

516 2032 725 2049 —w—

410 2140 819 2198 MEGACLES.

431 2267 780 2318 <MEGACLIDEs
801 2268 811 2320 )

283 2368 406 2406 ΠΕΡΙ
437 2368 678 2408 ΕΝΔΟΞΩΝ
707 2369 929 2411 ΑΝΔΡΩΝ.

151 2465 349 2501 Athenaeus
379 2467 439 2511 X,
463 2480 503 2515 p.
539 2472 636 2517 419,
657 2469 725 2503 A:
757 2466 889 2511 Μάνιος
909 2468 945 2506 δὲ
980 2469 1145 2522 Κούριος,

97 2522 116 2558 ὁ
130 2519 319 2571 Ρωμαίων
335 2522 544 2574 στρατηγὸς,
561 2525 617 2562 ἐπι
633 2524 812 2575 γογγυλίσι
825 2525 943 2564 διεὸίω
959 2527 1075 2566 πάντα
1089 2529 1145 2568 τὸν

97 2579 240 2631 χρόνον·
257 2580 317 2619 καὶ
336 2580 497 2620 Σαὸίνων
516 2583 611 2635 αὖτω
628 2581 716 2620 πολυ
735 2584 877 2635 χρυσίον
897 2589 1141 2638 προσπεμπόν-

98 2653 137 2675 τ(
137 2654 179 2686 ιν
201 2639 263 2677 οὐκ
283 2639 347 2691 ἔφη
367 2640 497 2678 δεῖσθαι
513 2641 676 2693 χρυσίου,
697 2641 761 2685 ἕως
781 2641 822 2680 ἂν
846 2647 990 2683 τοιαῦτα
1007 2647 1141 2700 δειπνῃ,

100 2697 250 2748 Ἱστορεῖ
258 2696 292 2734 δὲ
304 2701 417 2736 ταῦτα
432 2700 621 2748 Μεγακλῆς
633 2699 668 2737 δὲ
680 2702 728 2752 τῷ
742 2701 828 2753 Περὶ
841 2702 983 2747 ἐνδόξων
996 2706 1142 2757 ἀνδρῶν.

113 2767 1169 2787 -ᾑ--ᾕ--ῄ

472 2844 779 2884 AETHIOPICA.

142 2924 267 2955 Revera
279 2924 438 2957 exstitisse
454 2925 608 2966 ejusmodi
628 2927 763 2959 insulam
783 2929 929 2960 nonnulli
941 2930 996 2970 qui
1013 2931 1053 2963 de
1069 2933 1149 2963 mari

100 2974 210 3006 extero
223 2975 435 3016 scripserunt,
463 2978 639 3018 prodidere.
661 2981 737 3011 Esse
758 2988 873 3020 nempe
893 2981 991 3013 etiam
1009 2982 1148 3022 ipsorum

99 3026 297 3065 temporibus
311 3030 433 3068 septem
448 3029 567 3062 insulas
579 3031 612 3062 in
626 3040 663 3062 eo
679 3031 758 3062 mari
773 3033 967 3072 Proserpinae
979 3042 1085 3066 sacras
1094 3058 1102 3073 ‚
1118 3036 1150 3066 et

100 3076 178 3108 alias
190 3079 254 3110 tres
270 3078 429 3120 ingentes,
443 3090 579 3121 quarum
593 3091 657 3114 una
674 3083 818 3115 Plutonis
828 3108 836 3123 ,
851 3084 951 3116 altera
967 3086 1128 3118 Ammonis
1140 3109 1149 3125 ,

101 3129 132 3159 et
145 3129 271 3160 tertiam
282 3154 290 3168 ,
305 3131 388 3162 inter
401 3132 469 3164 illas
482 3133 632 3174 mediam,
652 3135 788 3175 Neptuni
806 3137 859 3174 sit,
874 3136 961 3168 mille
974 3137 1148 3168 stadiorum

101 3179 248 3213 circuitu.
264 3183 390 3215 lncolas
405 3183 474 3223 ejus
486 3188 650 3225 acceptam
663 3195 682 3217 a
695 3186 872 3226 majoribus
883 3196 1011 3220 servare
1027 3198 1149 3221 memo·

101 3233 181 3264 riam
192 3234 360 3267 Atlantidis
369 3235 494 3276 insulae,
507 3239 544 3269 ut
557 3246 630 3278 quae
643 3247 753 3270 revera
763 3239 804 3270 ibi
817 3239 928 3272 fuisset
940 3240 1043 3271 insula
1053 3250 1150 3281 quam

101 3285 242 3316 maxima
251 3287 302 3325 ‚et
315 3295 372 3326 per
384 3288 500 3320 multas
509 3297 666 3320 annorum
678 3290 826 3330 periodos
839 3291 989 3323 omnibus
999 3292 1149 3323 Atlantici

103 3337 201 3369 maris
212 3338 347 3371 insulis·
339 3349 510 3381 imperem,
526 3342 579 3374 et
571 3351 638 3383 ipsa
652 3352 781 3384 quoque
797 3346 945 3384 Neptuno
960 3353 1062 3376 sacra.
1074 3347 1151 3377 Haec

103 3387 199 3426 igitur
225 3390 393 3422 Marcellus
419 3392 451 3423 in
471 3393 658 3434 AEthiopicis
672 3395 814 3435 scripsit,
840 3404 898 3427 nos
923 3404 998 3428 vero
1014 3404 1031 3428 e
1048 3395 1151 3428 Procli

104 3442 347 3475 Commentariis
362 3446 563 3485 apponimus.

2165 244 2240 277 443

1251 317 1458 364 Megaclem
1490 315 1591 350 hunc
1619 315 1766 350 Jonsius
1795 314 1899 363 (Ser.
1940 317 2034 355 Hist.
2074 320 2139 367 ph.
2177 323 2236 363 lv,

1199 386 1239 422 p.
1255 373 1345 422 259)
1367 380 1403 409 et
1418 374 1580 409 Fuhrius
1595 371 1663 422 (ad
1678 373 1882 408 Dicaearch.
1900 386 1936 421 p.
1953 375 2000 410 63
2014 389 2052 412 n.
2069 377 2135 427 35)
2154 391 2241 415 eun-

1200 432 1285 468 dem
1301 443 1378 467 esse
1396 438 1532 480 putant
1548 443 1635 466 cum
1653 430 1863 478 Megaclide
1886 432 2157 485 peripatetico,
2179 439 2247 485 qui

1200 487 1289 541 Περὶ
1308 487 1467 540 Ὁμήρου
1495 490 1659 537 scripsit.
1685 489 1798 535 Quod
1827 497 1964 537 praeter
1991 496 2247 532 necessitatem

1197 548 1279 585 fieri
1298 556 1425 585 censet
1442 550 1752 584 Westermannus
1766 547 1814 583 ad
1831 549 1936 587 Voss.
1955 550 2001 585 H⁴
2015 551 2080 589 Gr.
2096 565 2138 600 p.
2156 558 2175 596 4
2186 567 2244 603 19.

1184 608 1392 664 =Laudatur
1407 619 1470 656 ap.
1489 607 1606 644 schol.
1624 608 1716 644 Ven.
1734 606 1782 642 ad
1799 607 1842 642 11.
1859 620 1902 652 π,
1925 612 1997 650 140
2022 622 2030 644 ι
2049 610 2247 660 Μεγακλεί-

1200 664 1258 711 δης
1278 665 1311 702 ἐν
1334 663 1365 716 β’
1382 663 1543 714 εΟμήρου
1564 664 1622 713 (ἐν
1645 663 1678 714 β’
1695 663 1774 715 περὶ
1792 662 1954 715 “Ομήρου
1969 666 2181 716 Schweigh.
2199 671 2249 706 ad

1199 724 1335 761 Athen.
1356 736 1398 772 p.
1430 722 1504 760 513
1518 751 1528 768 ‚
1551 723 1601 773 B)
1621 721 1943 773 προοικονομεῗσθαί
1964 737 2067 774 φησιν
2085 723 2248 778 εΌμηρον

1197 781 1260 828 τὴν
1281 781 1501 820 ὁπλοποιίαν.
1525 804 1578 809 —-
1593 783 1764 818 Eustath.
1787 783 1827 818 in
1845 783 1891 818 Il.
1914 796 1959 828 α,
1979 795 2019 831 p.
2040 783 2088 827 84
2114 797 2122 819 :
2148 786 2250 823 Παυ-

1201 839 1321 883 σανίας
1341 837 1376 877 δὲ
1394 839 1454 878 καὶ
1475 839 1592 883 Αἴλιος
1611 839 1790 883 Διονύσιος
1809 840 1843 878 ἐν
1860 845 1932 884 τοῖς
1951 841 2087 885 οἰκείοις
2105 843 2250 888 λεξικοῐς

1199 898 1302 950 φασὶν
1318 897 1369 935 ὅτι
1387 898 1632 945 Μετακλείδης
1651 899 1662 950 (
1676 900 1939 949 Μεγακλείδης,
1957 901 2088 937 addito
2105 914 2115 938 ε
2132 901 2250 946 ἐντοῖς

1201 955 1288 1008 Περὶ
1308 955 1485 1008 Ὁμήρου,
1502 958 1635 994 Suidas
1654 971 1691 993 v.
1713 955 1915 1004 Ἀθηναίας,
1936 959 2003 994 ubi
2018 959 2172 1010 eadem)
2191 961 2252 998 αἷ-

1199 1013 1276 1050 τίαν
1305 1013 1389 1066 φησὶ
1406 1017 1465 1051 τοῦ
1484 1013 1531 1063 μὴ
1552 1014 1714 1066 λέγεσθαι
1734 1014 1916 1062 Ἀθηναίας
1935 1015 1996 1059 τὰς
2016 1016 2173 1062 Ἀττικὰς
2188 1033 2252 1068 γυ-

1199 1077 1340 1119 ναῖκας,
1365 1070 1423 1110 ἵνα
1445 1072 1493 1123 μὴ
1514 1072 1577 1119 τὴν
1598 1073 1734 1123 ἄγαμον
1756 1075 1791 1111 αἱ
1808 1073 2030 1124 γαμούμεναι
2051 1078 2095 1128 τῇ
2117 1091 2251 1128 προση-

1199 1130 1299 1183 γορίᾳ
1318 1129 1612 1181 καταισχύνωσιν.
1643 1130 1734 1170 εΌτε
1753 1130 1788 1170 δὲ
1817 1132 1966 1184 ἤρξαντο
1990 1135 2026 1171 αἱ
2049 1134 2153 1172 ἀσταὶ
2175 1135 2252 1182 ἤτοι

1200 1187 1355 1226 Ἀττικαὶ
1374 1193 1548 1240 γυναῖκες,
1576 1188 1754 1235 Ἀθηναῒαι
1774 1189 1956 1242 λέγεσθαι,
1985 1189 2063 1229 τότε
2098 1193 2138 1239 δὴ
2170 1196 2254 1232 ἐπε-

1202 1246 1305 1293 νοήθη
1317 1247 1377 1285 καὶ
1394 1246 1433 1285 τὸ
1448 1246 1510 1294 τὴν
1523 1248 1597 1285 θεὸν
1612 1247 1739 1298 μηκέτι
1753 1249 1936 1297 Ἀθηναίην
1953 1252 2147 1298 καλεῖσθαι,
2162 1251 2251 1290 ἀλλὰ

1202 1304 1294 1343 κατὰ
1319 1306 1515 1359 συναίρεσιν
1536 1306 1692 1353 Ἀθηνᾶν.
1720 1310 1864 1346 Eadem
1893 1312 2006 1346 etiam
2026 1313 2188 1359 Hesych.
2210 1326 2248 1351 v,

1201 1362 1339 1409 Ἀθηνᾶ.
1356 1365 1412 1404 Cf.
1429 1366 1545 1402 Fuhr.
1566 1366 1615 1402 ad
1630 1368 1715 1403 Dic.
1735 1380 1774 1416 p.
1791 1380 1874 1416 190.
1886 1369 2075 1406 ——SehoL
2092 1370 2140 1406 ad
2153 1371 2197 1409 ll.
2214 1385 2250 1415 κ,

1204 1426 1306 1468 274:
1329 1422 1631 1473 Μεγακλείδης,“
1610 1439 1662 1460 οτι
1681 1439 1855 1473 μαντικως
1875 1428 1984 1462 ταῦτα
2005 1426 2180 1473 ἐποίησεν,
2201 1449 2254 1456 -

1203 1480 1263 1518 Ad
1282 1481 1327 1519 Il.
1347 1494 1390 1531 χ,
1413 1481 1489 1528 37:
1503 1482 1553 1527 M
1572 1480 1657 1533 φησὶ
1674 1497 1784 1519 ταυτα
1804 1481 1920 1519 πάντα
1937 1482 2132 1534 πλάσματα
2150 1478 2249 1522 εἶναι.

1203 1560 1253 1566 -
1266 1538 1327 1575 Ad
1344 1540 1387 1575 11.
1404 1553 1441 1590 χ,
1457 1539 1560 1576 205:
1579 1541 1632 1577 Μ.
1653 1538 1803 1590 πλάσμα
1816 1533 1905 1578 εἷναί
1917 1555 2001 1593 φησι
2020 1545 2121 1580 τοῦτο
2134 1542 2172 1580 τὸ
2189 1556 2251 1592 μο-

1203 1595 1384 1647 νομάχιον.
1404 1599 1542 1635 —Ad.
1556 1599 1599 1635 ll.
1619 1597 1645 1634 ε’
1651 1599 1779 1644 6,4;ο
1797 1600 1977 1646 Μενεκλῆς
1995 1600 2254 1653 (Μεγακλῆςῗ)

1203 1653 1306 1706 φησὶν
1341 1655 1506 1707 ἐψεῦσθαι
1526 1671 1589 1702 την
1617 1655 1674 1692 ἐπὶ
1695 1653 1805 1695 Ἴλιον
1829 1657 2026 1709 στρατείαν,
2055 1672 2106 1697 se.
2136 1658 2247 1711 ‘Hprx-

1204 1711 1338 1756 κλέους.
1364 1716 1487 1751 Semel
1521 1715 1700 1751 laudatur
1732 1718 1770 1752 in
1797 1718 1914 1754 schol.
1938 1718 2072 1766 Odyss.
2095 1719 2131 1768 ζ,
2163 1720 2249 1758 106.

1203 1773 1402 1809 Athenaeus
1428 1775 1465 1810 II
1480 1802 1490 1820 ,
1513 1787 1554 1822 p.
1580 1773 1670 1822 512,
1692 1776 1722 1810 E
1747 1788 1753 1810 :
1776 1773 1906 1826 Διόπερ
1926 1774 1985 1813 καὶ
2011 1776 2254 1826 Μεγακλείδης

1205 1830 1350 1883 ἐπιτιμᾷ
1370 1831 1438 1874 τοῖς
1460 1830 1536 1880 μεθ’
1551 1828 1713 1883 ’Όμηρον
1734 1831 1794 1869 καὶ
1808 1832 1969 1871 εΗσίοδον
1987 1840 2160 1882 ποιηταῖς,
2179 1835 2252 1874 ὅσοι

1205 1888 1284 1940 περὶ
1313 1888 1525 1940 Ἡρακλέους
1546 1889 1739 1941 εἰρήκασιν,
1768 1892 1814 1934 ὡς
1842 1892 2085 1943 στρατοπέδων
2113 1896 2251 1944 ἠγεῖτο,

1207 1946 1266 1983 καὶ
1285 1946 1402 1988 πόλεις
1428 1946 1520 1998 ᾕρει·
1542 1946 1576 1990 ὃς
1597 1947 1671 1997 μεθ’
1693 1948 1818 1994 ἡδονῆς
1836 1950 2002 1997 πλείστης
2021 1951 2078 1989 τὸν
2099 1955 2175 2002 μετ’
2192 1955 2255 1991 ἀν-

1206 2004 1352 2057 θρώπων
1373 2005 1445 2057 βίον
1463 2005 1654 2053 διετέλεσε,
1674 2006 1839 2049 πλείστας
1859 2007 1920 2058 μὲν
1941 2015 2107 2059 γυναῖκας
2125 2011 2253 2061 γήμας,

1206 2064 1247 2103 ἐκ
1261 2062 1468 2103 πλείστων
1450 2079 1486 2103 οε
1474 2063 1611 2137 λάθρα
1627 2065 1807 2118 παρθένων
1820 2068 2175 2119 παιδοποιησάμενος.
2195 2070 2255 2111 Εἴ-

1205 2139 1264 2162 ποι
1284 2123 1386 2182 stupm
1382 2123 1422 2161 ἄν
1444 2141 1494 2168 τις
1522 2125 1605 2177 πρὸς
1633 2141 1711 2168 τους
1730 2127 1767 2164 οὐ
1799 2141 1910 2164 ταυτα
1930 2127 2252 2179 παραδεχομένους,

1207 2181 1331 2229 Πόθεν,
1360 2183 1389 2219 ὠ
1418 2185 1532 2232 οὗτοι,
1553 2183 1616 2229 τὴν
1635 2183 1714 2235 περὶ
1742 2183 1803 2228 τὰς
1826 2184 1955 2228 ἐδωδὰς
1981 2187 2075 2239 αὐτῷ
2096 2187 2253 2234 σπουδὴν

1206 2241 1401 2289 ἀνατίθετε,
1421 2241 1443 2288 ἢ
1461 2241 1563 2280 πόθεν
1580 2245 1754 2295 παρῆλθεν
1769 2247 1816 2286 εἷς
1829 2244 1907 2289 τους
1922 2241 2122 2297 ἀνθρώπους
2140 2246 2178 2284 τὸ
2193 2250 2255 2293 τῆς

1205 2299 1364 2344 λοιὸαίας
1382 2299 1521 2344 κύλικος
1543 2301 1651 2351 μηδὲν
1681 2301 1950 2353 ὑπολείπεσθαι,
1981 2305 2011 2341 εἰ
2038 2303 2087 2354 μὴ
2107 2304 2151 2342 τὰ
2175 2305 2254 2358 περὶ

1204 2358 1265 2401 τὰς
1283 2359 1409 2405 ἡδονὰς
1428 2358 1648 2409 ἐδοκίμαζεν,
1679 2358 1702 2407 ἢ
1724 2359 1780 2398 διὰ
1800 2360 1834 2398 τί
1853 2360 1896 2399 τὰ
1916 2363 2027 2414 θερμὰ
2053 2362 2198 2433 λουτρὰ...
2209 2362 2253 2401 τὰ

1206 2417 1396 2469 φαινόμενα
1425 2434 1464 2456 εκ
1482 2421 1544 2464 τῆς
1563 2421 1626 2470 γῆς
1649 2418 1774 2463 πάντες
1798 2418 2013 2472 Ἡρακλέους
2041 2436 2145 2473 φασιν
2166 2425 2254 2460 εἶναι

1205 2475 1340 2527 teptis*
1321 2493 1343 2522 η
1362 2476 1418 2514 διὰ
1433 2477 1467 2514 τί
1483 2475 1544 2519 τὰς
1564 2476 1726 2527 μαλακὰς
1749 2477 1933 2530 στρωμνὰς
1951 2477 2107 2531 εΗρακλέ
2109 2495 2164 2523 ους
2180 2479 2254 2518 κοί-

1206 2550 1267 2577 τας
1288 2534 1430 2573 ειώθασι
1457 2536 1588 2582 καλεῖν,
1609 2537 1638 2573 εἷ
1659 2536 1862 2589 κατεφρόνει
1878 2539 1946 2574 τῶν
1965 2536 2074 2583 ἡδέως
2095 2537 2253 2582 ζώντων·
2244 2569 2254 2589 ,

1206 2593 1338 2630 Τοῦτον
1357 2596 1429 2664 οὖν,
1450 2608 1566 2645 φησιν,
1585 2595 1616 2632 οἵ
1636 2593 1704 2632 νέοι
1723 2595 1865 2641 ποιηται
1883 2596 2236 2641 κατασκευάζουσιν
2220 2613 2254 2634 εν

1206 2650 1336 2702 λῃστου
1358 2666 1542 2703 σχηματι
1536 2651 1638 2690 μόνον
1659 2652 1988 2705 περιπορευόμενον,
2011 2653 2149 2698 ξύλον”
2131 2670 2254 2707 εχοντα

1208 2708 1268 2746 καὶ
1287 2710 1429 2755 λεοντῆν
1450 2710 1510 2748 καὶ
1527 2709 1628 2754 τόξα·
1649 2711 1709 2748 καὶ
1727 2715 1838 2749 ταῦτα
1858 2711 1994 2749 πλάσαι
2011 2715 2149 2764 πρῶτον
2167 2715 2256 2759 Στη-

1714 2824 1749 2857 2.

1250 2877 1385 2908 Atlantis
1412 2878 1530 2909 montis
1549 2878 1702 2910 verticem
1725 2879 1896 2911 Marcellus
1912 2879 1957 2911 ait
1974 2880 2130 2920 attingere
2154 2880 2257 2920 ipsum

1208 2928 1479 2968 aetlierem,atque
1489 2929 1637 2960 umbram
1652 2930 1683 2961 in
1696 2930 1797 2962 stadia
1810 2932 1979 2971 quinquies
1991 2931 2078 2963 mille
2086 2931 2256 2971 projicere;

1209 2979 1250 3010 ab
1267 2988 1350 3011 nona
1364 2980 1426 3012 diei
1451 2980 1530 3011 hora
1551 2980 1651 3012 solem
1678 2990 1717 3013 eo
1743 2981 1896 3014 abscondi
1914 2991 2015 3023 usque
2030 2982 2108 3014 dum
2129 2991 2257 3023 prorsus

1208 3032 1373 3064 occiderit.

1422 3114 1487 3151 DE
1513 3114 1650 3153 VIRIS
1676 3115 2032 3156 ILLUSTRIBUS.

1250 3198 1376 3230 Manius
1402 3199 1535 3239 Curius,
1560 3201 1778 3233 Romanorum
1806 3201 1892 3242 dux,
1919 3203 2104 3234 constanter
2130 3201 2255 3233 nonnisi

1210 3257 1360 3289 raparum
1390 3259 1444 3282 esu
1468 3251 1564 3283 vitam
1591 3253 1780 3284 sustentavit
1805 3266 1813 3285 :
1838 3253 1877 3285 ad
1899 3262 1995 3294 quem
2021 3262 2123 3294 quum
2148 3252 2255 3284 Sabini

1210 3310 1358 3342 magnam
1374 3304 1444 3335 auri
1458 3304 1524 3336 vim
1536 3304 1694 3337 misissent
1706 3317 1715 3346 ;
1726 3314 1805 3337 auro
1818 3306 1877 3338 sibi
1886 3306 1930 3337 nil
1943 3315 2010 3338 esse
2022 3314 2100 3346 opus
2109 3329 2118 3345 ,
2135 3305 2179 3335 ait
2190 3304 2253 3343 ille,

1210 3354 1363 3393 quamdiu
1377 3355 1451 3387 talia
1468 3358 1618 3389 coenaret.
1641 3359 1755 3390 Narrat
1780 3358 1842 3389 hoc
1859 3358 2031 3398 MegacleS,
2062 3357 2095 3388 in
2111 3356 2191 3388 libro
2208 3358 2254 3388 De

1211 3406 1287 3439 viris
1302 3406 1487 3441 illustribus.
