2372 3704
1027 203 1362 245 FRAGMENTA.

614 293 674 330 16.
811 326 813 328 .

170 361 261 399 Exc.
285 362 342 399 De
371 362 460 399 virt.
481 374 522 410 p.
553 361 623 408 781
650 372 659 399 ε
679 356 766 398 Ὅτι
787 359 964 414 Σαμψὼν,
985 363 1067 404 παῖς
1086 363 1170 398 Μα-

118 417 206 467 νωὲ,
237 418 356 469 κριτὴς
375 417 436 457 καὶ
468 418 556 471 ἀνὴρ
579 418 735 471 ἰσχυρός.
761 415 865 471 Ἄχρι
890 418 952 470 μὲν
983 412 1040 456 οῧν
1073 413 1170 461 οὗτος

119 478 256 530 ἐκράτει
275 481 344 516 τῶν
363 481 424 516 τοῦ
443 476 604 527 σώματος
620 478 765 524 ἡδονῶν,
784 480 853 515 τῶν
869 477 1048 528 πολεμίων
1065 492 1168 515 κατε-

118 536 367 575 δυνάστευσεν·
387 536 526 575 ἐπειδὰν
545 535 581 575 δὲ
602 537 669 575 ὑπὸ
689 538 826 576 Δαλιλᾶ
845 540 907 584 τ’ῆς
928 538 1058 588 πόρνης
1083 538 1168 574 ὑπε·

117 595 237 643 κλάπη
257 594 316 633 τὸν
340 599 435 646 νοῦν,
451 594 527 644 ἅμα
548 594 609 634 καὶ
631 593 855 648 σωφροσύνης
882 594 942 632 καὶ
971 597 1031 641 τῆς
1052 595 1171 646 ἰσχύος

118 652 290 698 ἐξέπεσεν·
309 654 378 693 ὑπό
394 669 431 692 τε
448 656 516 692 τῶν
537 654 700 692 ἐναντίων
718 652 821 698 ἁλοὺς
839 654 977 704 δέσμιος
991 655 1038 697 εἷς
1052 654 1169 698 Γάζαν

118 712 262 768 ἀπήχθη
274 743 285 763 ,
302 712 363 751 καὶ
377 715 445 752 τῶν
461 712 572 766 ὄψεων
591 713 765 767 στερηθεὶς
780 712 878 760 ἐδόθη
897 712 1036 759 ἀλήθειν
1050 715 1084 750 ἐν
1102 728 1171 763 μυ-

117 772 216 811 λῶνι.
239 770 302 811 Διὸ
329 770 371 819 δὴ
392 770 585 821 συμπεσὼν,
602 777 672 816 τοῖς
694 775 755 810 τοῦ
773 773 867 824 ἱεροῦ
889 771 980 810 κίοσι
1002 770 1169 809 συναπώ-

117 831 199 868 λετο
229 831 299 874 τοῖς
329 830 494 875 ἐναντίοις
527 830 647 869 εἰπών·
680 849 694 865 «ι
721 831 915 869 Ἀπελθέτω
934 829 976 877 δὴ
1008 829 1168 884 Σαμψὼν

119 886 209 938 μετὰ
227 891 296 927 τῶν
317 889 535 942 ἀλλοφύλων.
556 907 572 923 »
595 889 669 928 Καὶ
686 892 704 928 6
725 889 787 940 μὲν
807 889 899 928 οὕτω
914 889 1082 942 διεφθάρη
1097 889 1168 943 κρί-

116 961 178 991 νας
195 946 253 986 τὸν
274 947 358 987 λαὸν
378 947 438 995 ἔτη
456 948 578 987 εἴκοσι.

618 1050 632 1073 1
643 1050 676 1084 7.

169 1108 298 1145 Codex
320 1107 419 1144 1630
437 1121 447 1145 z
463 1106 563 1146 Ἠλεὶ
579 1106 652 1158 (ὃς)
664 1138 674 1158 ,
693 1106 870 1160 μυριάδων
885 1107 970 1145 λαοῦ
988 1106 1166 1159 τεσσάρων

115 1164 177 1203 καὶ
196 1168 266 1203 τῶν
287 1165 422 1204 παίδων
443 1167 548 1204 αὐτοῦ
569 1166 831 1218 ἀναιρεθέντων,
852 1165 919 1204 ὑπὸ
938 1168 999 1213 τῆς
1018 1165 1167 1216 ἀθυμίας

116 1223 310 1268 ἐξέπνευσε.
333 1225 404 1264 Καὶ
420 1228 442 1272 ἡ
461 1224 609 1268 κιὲωτὸς
625 1226 859 1278 διαρπαγεῖσα
879 1224 978 1276 παρὰ
993 1227 1062 1263 τῶν
1083 1227 1168 1277 βαρ-

117 1282 236 1336 ὅάρων
267 1282 374 1321 πάλιν
408 1283 561 1331 ἀπεδόθη
595 1283 684 1334 μετὰ
703 1285 885 1331 εἰκοσαετῆ
904 1283 1044 1336 χρόνον,
1073 1285 1167 1336 λιμῷ

114 1341 372 1393 περιπεσόντων
392 1344 461 1380 τῶν
481 1342 682 1395 βαρὸάρων.
710 1342 780 1381 Καὶ
797 1342 983 1395 διήρκεσαν
1003 1344 1033 1380 οἱ
1050 1342 1167 1394 κριταὶ

114 1400 259 1454 χρόνους
283 1401 372 1446 τλζ’.
398 1399 553 1440 Ἔπειτα
582 1401 810 1454 περιστάντος
836 1405 897 1439 τοῦ
923 1402 1075 1448 πλήθους
1104 1401 1166 1439 καὶ

118 1459 325 1512 βιαζομένου
351 1463 597 1513 χειροτονῆσαι
623 1459 797 1510 Σαμουὴλ
818 1459 986 1512 βασιλέα,
1008 1460 1166 1512 καθάπερ

115 1512 210 1570 εἶχον
238 1516 283 1556 τὰ
313 1517 392 1566 ἔθνη
404 1548 414 1566 ,
448 1521 585 1570 πρῶτος
616 1518 798 1570 ἀνεδείχθη
832 1519 995 1571 βασιλεὺς
1031 1518 1165 1559 Σαούλ.-

116 1575 210 1621 Βοὰζ
227 1575 264 1614 δὲ
292 1576 422 1619 δίκαιος
446 1575 534 1630 ἀνὴρ
563 1579 602 1615 ἐκ
619 1580 680 1624 τῆς
696 1577 857 1621 εὗσεὸοῦς
882 1576 1044 1629 γυναικὸς
1063 1576 1167 1616 ‘Pohe

117 1633 282 1686 ἐγέννησε
300 1636 359 1674 τὸν
379 1635 513 1683 Ὠὸὴδ,
537 1635 650 1683 Ὠὸὴδ
671 1635 707 1675 δὲ
727 1635 784 1674 τὸν
802 1634 958 1687 Ἰεσσαῒ,
983 1632 1115 1675 Ἰεσσαῒ
1131 1636 1168 1675 δὲ

115 1693 175 1732 τὸν
194 1693 323 1742 Δαυὶδ,
344 1693 380 1738 ὃς
406 1694 464 1733 τὸν
493 1693 667 1747 βάρὸαρον
691 1695 822 1736 Γολιὰθ
839 1696 1169 1746 καταγωνισάμενος

117 1752 236 1806 ἐκρίθη
249 1752 316 1791 ὑπὸ
327 1753 467 1791 πάντων
481 1753 606 1805 μέγας,
618 1753 738 1793 Σαοὺλ
753 1752 788 1792 δὲ
801 1754 1031 1807 ὑπεκορίζετο.
1041 1754 1169 1794 “Ηνίκα

118 1811 155 1850 δὲ
172 1813 292 1851 Σαοὺλ
311 1811 378 1851 ὑπὸ
397 1815 466 1851 τῶν
487 1812 665 1864 πολεμίων
686 1813 763 1860 ἥλω
783 1813 843 1852 καὶ
862 1814 921 1852 τὸν
946 1814 1017 1865 βίον
1040 1814 1169 1865 μετήλ-

118 1871 236 1921 λαξεν,
254 1871 376 1916 εὐθέως
398 1871 560 1925 βασιλεὺς
582 1872 772 1925 ἀπεδείχθη
795 1877 856 1910 τοῦ
874 1873 1037 1924 Ἰσραήλ.
1059 1874 1171 1913 Δαυὶδ

119 1930 154 1968 δὲ
173 1930 333 1982 διάδοχον
354 1933 414 1977 τῆς
433 1930 612 1982 βασιλείας
635 1930 694 1969 τὸν
712 1934 835 1970 ἑαυτοῦ
850 1933 960 1969 παῖδα
978 1933 1171 1982 Σολομῶνα

119 1988 293 2033 ἀπέδειξεν
305 2005 312 2013 ·
330 1990 365 2027 ἐν
388 1983 436 2032 οἷς
449 1988 509 2027 καὶ
531 1991 549 2027 6
562 1989 722 2042 Τρωϊκὸς
739 1990 878 2037 ἐκινήθη
893 1990 1061 2040 πόλεμος·
1081 1990 1173 2034 ὅστις

120 2049 290 2097 Σολομῶν
319 2049 495 2099 οἰκοδομεῖ
518 2048 577 2086 τὸν
603 2050 637 2086 ἐν
658 2048 892 2102 Ἰερουσαλὴμ
911 2049 1013 2088 ναόν·
1036 2049 1172 2095 ἐδίκαζέ

121 2122 158 2144 τε
184 2109 233 2159 τῷ
260 2108 336 2159 λαῷ
363 2109 397 2145 ἐν
425 2107 543 2160 σοφίᾳ.
571 2109 745 2152 Γυναῖκας
765 2107 801 2146 δὲ
822 2108 937 2160 χιλίας
958 2108 1173 2160 ἀγαγόμενος

122 2163 278 2203 πείθεται
307 2167 365 2203 ὑπ’
398 2167 512 2204 αὐτῶν
549 2166 804 2220 εἰδωλολάτρης
829 2167 1003 2218 γίνεσθαι·
1033 2167 1084 2206 διὸ
1113 2167 1175 2207 καὶ

121 2223 332 2276 προσέταξεν
350 2227 367 2263 ὁ
385 2224 473 2269 Θεὸς
488 2226 753 2278 διαμερισθῆναι
769 2225 833 2274 τὴν
851 2227 956 2265 αὐτοῦ
976 2226 1171 2278 βασιλείαν.

621 2319 680 2357 18.

178 2393 268 2428 Exc.
299 2394 356 2428 De
375 2393 464 2428 virt.
487 2406 528 2442 p.
554 2393 624 2440 781
652 2407 660 2430 t
683 2392 769 2432 ‘'Ott
794 2395 812 2431 6
836 2393 956 2431 Σαοῦλ
974 2394 992 2430 6
1014 2393 1177 2444 βασιλεὺς

123 2451 193 2487 τῶν
214 2449 393 2488 Ἰουδαίων
415 2450 482 2488 ὑπὸ
503 2450 665 2501 δαίμονος
690 2451 892 2503 κατείχετο,
911 2452 971 2490 καὶ
997 2451 1075 2491 οὔτε
1093 2453 1177 2490 ἐκά-

124 2509 240 2546 θευδεν
259 2507 336 2546 οὔτε
353 2510 533 2559 ἐκοιμᾶτο.
561 2508 712 2550 εὈντινα
729 2513 746 2549 6
770 2511 884 2550 Δαὸὶδ
898 2516 973 2555 ταῖς
991 2512 1177 2565 μελῳδίαις

124 2566 357 2606 κατέθαλπεν.

179 2637 210 2663 2.
241 2622 326 2662 ”Οτι
342 2627 360 2662 6
379 2625 494 2663 Δαὸὶδ
513 2628 530 2663 6
550 2626 711 2678 βασιλεὺς
734 2628 768 2664 ἐν
788 2627 953 2679 πολέμοις
971 2628 1109 2680 ἄριστος
1133 2625 1174 2677 ἦν

125 2682 186 2719 καὶ
205 2684 273 2720 τῶν
293 2682 408 2734 νόμων
426 2683 574 2737 ἀκριὸὴς
591 2685 720 2738 φύλαξ,
741 2685 800 2723 καὶ
821 2686 953 2730 πάντας
975 2686 1053 2731 τοὺς
1068 2689 1176 2726 πολε-

128 2741 228 2791 μίους
246 2741 469 2794 ἐχειρώσατο.
485 2742 640 2794 Ὀλίγοις
658 2744 696 2783 τέ
709 2760 779 2784 τισι
795 2745 992 2796 πταίσμασι
1017 2745 1057 2784 τὸ
1071 2749 1175 2796 σῶμα

2199 217 2275 251 549

1231 293 1380 337 πιεσθεὶς
1397 293 1502 337 θείαις
1520 294 1720 333 ἐπαιδεύετο
1737 296 1890 345 μάστιξι.
1917 298 2008 350 Πρὸς
2028 297 2095 351 γὰρ
2112 301 2179 337 τῶν
2198 301 2279 338 ἑαυ·

1230 355 1290 389 τοῦ
1309 351 1444 389 παίδων
1466 355 1589 404 μικροῦ
1608 354 1676 390 δεῖν
1692 356 1753 399 τῆς
1775 355 1954 405 βασιλείας
1975 355 2149 404 ἐξέπεσεν,
2169 356 2281 409 γέλως

1232 426 1269 448 τε
1287 411 1355 452 τοῖς
1370 411 1548 460 πολεμίοις
1564 411 1770 463 ἀπεδείχθη.
1793 413 1862 451 Καὶ
1877 417 1986 451 ταῦτα
2004 413 2065 464 μὲν
2081 416 2280 465 μετανοίαις

1233 467 1292 507 καὶ
1314 468 1478 519 δάκρυσιν
1499 469 1744 522 ἐθεράπευσεν.

1285 541 1316 566 3.
1346 526 1433 566 “Ort
1450 529 1618 577 Σολομῶν
1637 531 1654 566 6
1671 529 1741 572 υἱὸς
1758 529 1871 568 Auel&
1888 531 1905 567 6
1925 530 2085 582 βασιλεὺς
2102 532 2281 571 Ἰουδαίων

1231 585 1394 637 φρονήσει
1413 601 1451 624 τε
1467 586 1527 624 καὶ
1545 586 1689 637 δυνάμει
1705 586 1765 624 καὶ
1778 587 1920 639 πλούτῳ
1939 590 2130 641 περιφανὴς
2144 585 2201 637 ἦν.
2219 594 2279 630 Δι-

1231 644 1345 689 κάζων
1362 659 1399 682 τε
1421 647 1470 696 τῷ
1499 645 1575 696 λαῷ
1601 645 1636 682 ἐν
1663 644 1766 697 σοφίᾳ
1788 648 1846 683 τοῦ
1873 645 2065 697 κρείττονος
2089 649 2127 685 οὗ
2156 649 2278 686 διέλει-

1230 718 1308 744 πεν.
1327 701 1458 742 Ἤσκει
1472 718 1511 740 τε
1528 708 1645 740 πᾶσαν
1666 703 1789 754 σοφίαν
1810 703 1902 747 θείας
1920 703 2062 756 χάριτος
2089 705 2277 756 γέμουσαν,

1231 762 1290 800 καὶ
1321 765 1382 809 τῆς
1414 762 1643 806 διδασκαλίας
1673 761 1846 815 ἀκροατὰς
1885 765 2066 807 πλείστους
2101 768 2163 811 τῆς
2194 766 2281 809 ἰδίας

1231 824 1396 860 ἐποιεῖτο.
1428 820 1553 860 Ταῦτά
1582 836 1619 859 τε
1651 821 1710 858 καὶ
1743 820 1787 858 τὰ
1815 824 1961 859 τοιαῦτα
1993 822 2284 875 διαπραττόμενος
2302 828 2307 832 “

1231 883 1279 933 τῷ
1305 883 1368 927 τῆς
1387 879 1520 931 φύσεως
1541 878 1707 933 εὐαλώτῳ
1727 879 1806 932 περὶ
1831 881 1892 923 τὰς
1920 884 1980 918 τοῦ
2009 879 2171 931 σώματος
2198 884 2284 928 ἠδο-

1230 938 1290 982 νὰς
1309 939 1544 988 ὑπαγόμενος,
1570 938 1693 989 ἄγεται
1714 937 1775 988 μὲν
1792 940 1958 990 γυναῖκας
1975 939 2093 991 χιλίοις
2117 939 2175 978 τὸν
2205 942 2285 993 ἀρι-

1230 998 1328 1047 θμόν·
1343 998 1500 1036 πείθεται
1519 997 1548 1034 δ’
1565 997 1622 1041 ὑπ’,
1640 999 1754 1035 αὐτῶν
1769 998 2022 1050 εἰδωλολάτρης
2038 998 2207 1049 γίνεσθαι.
2222 1000 2285 1038 Διὸ

1231 1055 1443 1108 προσέταξεν
1467 1059 1484 1094 6
1511 1055 1600 1099 Θεὸς
1627 1059 1834 1108 μερισθῆναι
1859 1055 1921 1102 τὴν
1945 1058 2050 1095 αὐτοῦ
2080 1057 2282 1108 βασιλείαν,

1231 1117 1294 1154 οὐκ
1310 1116 1368 1154 ἐπὶ
1389 1118 1458 1154 τῶν
1474 1115 1609 1167 χρόνων
1630 1117 1753 1163 αὐτοῦ,
1770 1115 1827 1153 διὰ
1845 1114 1985 1166 μνήμην
1999 1115 2113 1154 Δαὸὶδ
2129 1120 2188 1154 τοῦ
2208 1132 2282 1154 πα-

1229 1175 1307 1226 τρὸς
1323 1175 1429 1213 αὐτοῦ
1440 1205 1451 1225 ,
1466 1174 1557 1213 ἀλλὰ
1576 1175 1667 1226 μετὰ
1683 1174 1745 1221 τὴν
1764 1176 1869 1213 αὐτοῦ
1886 1174 2066 1221 τελευτήν.

1729 1276 1790 1312 19.

1283 1336 1376 1371 Exc.
1400 1336 1456 1370 De
1473 1335 1543 1370 ins.
1562 1348 1602 1383 p.
1622 1339 1642 1378 4
1666 1334 1726 1373 ed.
1752 1334 1918 1373 Cramer.
1935 1346 1944 1372 :
1959 1332 2045 1372 “Ort
2066 1333 2284 1386 Σεναχειρὶμ

1230 1395 1248 1430 6
1268 1395 1336 1430 τῶν
1366 1391 1555 1443 Ἀσσυρίων
1580 1391 1742 1443 βασιλεὺς
1762 1393 1829 1430 ὑπὸ
1856 1397 1916 1430 τοῦ
1935 1391 2021 1430 ἰδίου
2040 1391 2164 1435 παιδὸς
2191 1395 2282 1443 ἀνῃ-

1233 1449 1312 1502 ρέθη
1323 1482 1332 1499 ,
1349 1450 1433 1503 πρὸς
1455 1450 1628 1494 Αἰθίοπας
1645 1450 1912 1502 ἀγωνιζόμενος.

1727 1547 1791 1571 20.

1285 1605 1376 1640 Exc.
1398 1603 1486 1639 cod.
1518 1603 1618 1639 1630
1647 1615 1656 1641 :
1679 1601 1742 1641 Ἐν
1766 1603 1801 1640 δὲ
1821 1605 1864 1655 τῇ
1884 1604 1952 1640 τῶν
1974 1601 2157 1646 εΕλλήνων
2185 1599 2285 1653 χώρᾳ

1231 1659 1398 1703 Λάπαθος
1423 1662 1440 1697 6
1460 1659 1621 1712 βασιλεὺς
1649 1659 1751 1712 ἔσχεν
1771 1659 1861 1703 υἱοὺς
1879 1660 1961 1708 δύο,
1988 1659 2045 1697 τὸν
2067 1659 2204 1711 Ἀχαιὸν
2226 1661 2286 1698 καὶ

1231 1718 1289 1756 τὸν
1306 1718 1479 1758 Λάκωνα·
1499 1718 1556 1757 καὶ
1582 1721 1752 1757 τελευτῶν
1770 1718 1926 1771 ἐμέρισεν
1948 1720 2064 1761 αὐτοῖς
2087 1718 2148 1764 τὴν
2177 1721 2283 1769 βασι-

1233 1777 1341 1826 λείαν,
1363 1778 1423 1816 καὶ
1446 1781 1464 1816 6
1484 1777 1546 1830 μὲν
1575 1778 1712 1831 Ἀχαιὸς
1737 1777 1800 1824 τὴν
1818 1778 1907 1816 ἰδίαν
1931 1780 2036 1816 αὐτοῦ
2054 1783 2180 1830 μοῖραν
2198 1778 2285 1821 ἐκά-

1232 1838 1332 1875 λεσεν
1347 1836 1507 1889 Ἀχαίαν,
1522 1839 1539 1875 6
1554 1836 1589 1875 δὲ
1605 1837 1747 1883 Λάκων,
1765 1835 1989 1882 Λακωνικήν.
2009 1837 2022 1887 [
2038 1837 2108 1874 Καὶ
2127 1836 2201 1886 μετ’
2220 1837 2287 1873 αὔ-

1233 1895 1291 1933 τὸν
1314 1895 1546 1934 ἐὸασίλευσαν
1571 1895 1749 1935 Λακώνων
1773 1894 1872 1933 ἄλλοι
1891 1894 2002 1946 τινὲς]
2026 1894 2108 1946 ἄχρι
2129 1898 2190 1941 τῆς
2221 1898 2288 1946 βα-

1236 1954 1367 1998 σιλείας
1378 1954 1541 1993 Θεστίου.
1553 1954 1598 1993 Ὁ
1614 1954 1683 2005 [δὲ]
1701 1953 1846 1997 Θέστιος
1863 1953 1945 2005 ἔσχε
1962 1953 2152 2004 θυγατέρας
2165 1953 2210 2004 γ’,
2223 1952 2285 1999 τὴν

1241 2013 1376 2063 Λήδαν,
1393 2014 1455 2060 τὴν
1477 2013 1631 2052 Κλυτίαν
1651 2013 1710 2051 καὶ
1729 2012 1789 2059 τὴν
1808 2013 2054 2059 Μελανίππην.
2078 2013 2210 2064 Ἐσχεν
2226 2006 2284 2050 οὖν

1236 2076 1257 2119 ἡ
1277 2071 1379 2118 Λήδα
1398 2071 1538 2125 [ἄνδρα]
1554 2071 1790 2123 Τῖυνδαρέα],
1804 2072 1837 2115 ἐξ
1851 2065 1889 2108 οῧ
1905 2070 1987 2122 ἔσχε
2004 2070 2175 2122 θυγατέρα
2195 2072 2284 2109 Κλυ-

1238 2130 1479 2183 ταιμνήστραν
1500 2130 1563 2177 τὴν
1584 2131 1801 2181 γαμηθεῖσαν
1822 2129 2067 2181 Ἀγαμέμνονι.
2104 2128 2149 2168 ‘H
2174 2128 2286 2166 τοίνυν

1239 2189 1342 2234 Λήδα
1363 2191 1588 2240 μοιχευθεῖσα
1605 2187 1671 2225 ὑπό
1688 2204 1778 2232 τινος
1797 2188 1916 2241 ἀνδρὸς
1930 2190 2116 2240 ἐπιφανοῦς
2136 2187 2287 2235 Κύκνου,

1238 2246 1382 2294 ἐκύησεν
1410 2247 1485 2298 ἅμα
1505 2248 1634 2291 παῖδας
1652 2253 1759 2299 τρεῖς,
1785 2248 1949 2299 Κάστορα
1975 2249 2035 2285 καὶ
2057 2245 2287 2293 Πολυδεύκην

1239 2307 1298 2346 καὶ
1319 2307 1468 2355 Ἑλένην
1485 2307 1547 2354 τὴν
1564 2306 1746 2346 Μενελάου
1766 2309 1930 2358 γυναῖκα.

1730 2398 1795 2422 21.

1294 2457 1388 2492 Exc.
1408 2457 1464 2491 De
1483 2456 1571 2493 virt.
1589 2468 1627 2503 p.
1652 2453 1724 2500 782
1751 2466 1759 2490 z
1781 2449 1868 2491 εΌτι
1886 2449 2074 2490 Σθενέὸοια
2094 2453 2116 2497 ἡ
2135 2449 2284 2502 Προίτου

1239 2511 1324 2563 γυνὴ
1345 2512 1523 2565 φιλήσασα
1541 2511 1598 2549 τὸν
1614 2510 1913 2564 Βελλεροφόντην,
1931 2509 1991 2548 καὶ
2011 2508 2059 2559 μὴ
2075 2511 2289 2560 ἓπιτυχοῦσα

1240 2570 1296 2608 διὰ
1310 2570 1371 2617 τὴν
1390 2570 1520 2609 ἐκείνου
1533 2569 1772 2623 σωφροσύνην,
1787 2569 1984 2608 τούναντίον
2004 2567 2163 2606 διέὸαλεν
2182 2567 2286 2604 αὐτὸν

1238 2632 1288 2683 τῷ
1320 2629 1462 2683 Προίτῳ
1478 2661 1489 2678 ,
1521 2632 1567 2672 ὡς
1598 2628 1806 2681 βουλόμενον
1839 2627 1948 2674 αὐτὴν
1981 2631 2183 2678 μοιχεῦσαι.
2218 2625 2290 2664 Καὶ

1239 2689 1490 2740 ἀγανακτήσας
1505 2690 1522 2725 6
1545 2689 1692 2741 Προῖτος
1706 2686 1860 2739 ἔπεμψεν
1879 2686 1981 2724 αὐτὸν
1999 2688 2048 2737 τῷ
2065 2684 2204 2736 'heda-s.
2216 2714 2224 2730 ,
2240 2685 2291 2736 τῷ

1240 2747 1350 2799 πατρὶ
1383 2750 1448 2794 τῆς
1477 2746 1684 2789 Σθενεὸοίας
1697 2776 1707 2796 ,
1738 2744 1798 2784 ἵνα
1831 2747 1958 2788 ἐκεῖνος
1992 2742 2095 2782 αὐτὸν
2127 2741 2289 2796 φονεύσῃ.

167 2854 219 2884 Fr.
243 2857 291 2885 16.
316 2854 434 2886 Eadem
452 2854 565 2887 Suidas
578 2864 609 2887 v.
626 2857 776 2898 Σαμψών.
791 2876 832 2883 --
846 2857 986 2899 Δαλιλᾶ]
1005 2858 1122 2889 Δαλιδὰ
1146 2858 1232 2898 cod„
1253 2858 1330 2890 item
1352 2867 1402 2898 ap.
1423 2857 1553 2889 suidam
1570 2857 1642 2888 cod.
1661 2859 1686 2888 A
1699 2880 1707 2895 ‚
1728 2856 1847 2891 Δαλδᾶς
1863 2854 1935 2886 cod.
1958 2857 1983 2886 E
2000 2856 2040 2886 V.

167 2902 220 2931 Fr.
245 2903 293 2932 18.
318 2901 337 2942 §
359 2906 384 2933 1.
406 2902 527 2934 Eadem
546 2903 659 2935 suidas
683 2913 713 2936 v.
733 2905 843 2936 Σαούλ.
866 2907 947 2942 Quae
964 2908 1081 2946 praeter
1098 2905 1167 2936 llaec
1183 2914 1234 2944 ap.
1249 2905 1338 2937 Suid.
1357 2914 1383 2937 s.
1410 2914 1439 2936 v.
1458 2904 1560 2935 Σαοὺλ
1580 2904 1730 2943 leguntur
1754 2904 1906 2942 excerpta
1920 2901 2003 2939 duo,
2024 2900 2229 2941 probabiliter
2250 2898 2290 2930 ad

126 2947 264 2979 mindem
277 2949 436 2981 Joannem
453 2950 570 2982 referre
583 2950 669 2982 licet.
685 2950 757 2992 -§
774 2957 804 2984 2.
824 2952 943 2984 Eadem
957 2952 1070 2984 suidas
1092 2962 1124 2984 v.
1144 2953 1258 2991 Δαυὶδ,
1283 2954 1315 2984 et
1338 2962 1378 2984 ex
1401 2953 1490 2992 parte
1509 2954 1589 2982 Exc.
1605 2953 1652 2982 De
1670 2951 1730 2982 ins.
1748 2958 1780 2990 p.
1809 2952 1822 2980 1
1840 2949 1892 2981 ed.
1913 2950 2057 2980 Cramer.
2079 2961 2087 2979 ε
2104 2948 2176 2979 Ὅτι
2194 2947 2291 2978 Δαὸὶδ

127 2994 144 3024 ὁ
162 2995 306 3035 βασιλεὺς
322 2995 537 3037 Ἰερουσαλὴμ,
551 2997 607 3034 ἕως
622 3001 677 3038 μὲν
691 2999 727 3038 ἦν
743 3002 804 3031 τῶν
814 3000 918 3040 νόμων
932 3000 1043 3040 φύλαξ,
1055 2999 1171 3035 πάντας
1182 3000 1251 3035 τοὺς
1264 2999 1428 3039 πολεμίους
1441 2998 1632 3038 ἐχειρώσατο
1643 3008 1650 3015 ·
1669 2997 1783 3037 ὀλίγοις
1797 2996 1830 3027 δὲ
1843 2997 1907 3027 ete.
1922 3003 2023 3034 usque
2035 2994 2075 3025 ad
2090 3003 2122 3025 v.
2137 2994 2288 3029 ἐξέπεσεν.

134 3059 168 3067 *-
182 3041 365 3082 ἆκρῑὸἡς]
382 3043 428 3074 sic
443 3043 567 3075 Suidas.
583 3045 634 3076 ἀκ.
650 3045 682 3083 ἦ.
701 3045 772 3078 eod.
785 3064 828 3069 —
839 3047 983 3087 τὸσῶμα
993 3046 1061 3087 ].sic
1074 3046 1187 3078 Suidas
1197 3057 1206 3085 ;
1217 3050 1272 3078 τοῦ
1285 3047 1430 3086 σώματος
1446 3045 1518 3075 cod.
1533 3062 1575 3069 -—-
1589 3042 1787 3085 μετανοίαις]
1802 3042 1937 3081 Suidas;
1955 3041 2104 3082 μετανοίᾳ
2117 3040 2188 3071 cod.
2201 3039 2289 3071 Cete-

128 3097 199 3119 rum
213 3097 287 3128 quae
297 3090 493 3122 antecedunt
508 3091 594 3130 apud
607 3091 738 3123 suidam
752 3106 759 3125 :
775 3093 948 3129 Διώκοντος
959 3094 1052 3124 αὑτὸν
1065 3096 1120 3124 τοῦ
1131 3094 1242 3130 Σαοὺλ,
1254 3092 1399 3133 μετανοίᾳ
1424 3093 1490 3123 κτλ.
1503 3115 1512 3131 ,
1527 3091 1566 3122 ad
1586 3100 1662 3131 quae
1672 3091 1817 3131 proxime
1833 3089 1957 3121 aceedit
1974 3088 2138 3120 Cedrenus
2163 3095 2192 3126 p.
2215 3091 2270 3117 156
2280 3114 2289 3127 ‚

129 3135 205 3166 item
218 3137 335 3167 Joanni
349 3136 589 3169 vindicaverim.
603 3158 643 3164 —
658 3138 677 3179 §
691 3144 721 3171 3.
737 3140 858 3171 Eadem
871 3140 983 3172 Suidas
995 3148 1028 3171 v.
1043 3141 1201 3181 Σολομῶν.
1215 3141 1264 3174 Cf.
1280 3140 1318 3171 fr.
1337 3142 1384 3171 17.
1397 3159 1434 3166 -
1451 3151 1464 3172 ῑ
1474 3137 1610 3179 ῷλαῷ]
1627 3139 1678 3170 τὸν
1689 3138 1763 3169 λαὸν
1779 3136 1902 3169 Suidas.
1917 3153 1958 3158 —-
1971 3136 2054 3167 Ante
2069 3134 2163 3174 σοφίᾳ
2176 3132 2290 3164 Suidas

128 3181 217 3213 addit
232 3194 240 3214 ι
254 3183 396 3223 φρονήσει
410 3185 476 3215 καὶ.
494 3205 535 3211 -
547 3189 600 3223 τῆς
613 3186 692 3222 ἰδίας
704 3195 770 3219 om.
788 3186 913 3219 Suidas.

173 3230 223 3260 Fr.
254 3233 303 3262 19.
325 3232 433 3268 Quum
454 3231 486 3262 in
508 3240 598 3272 seqq.
624 3233 789 3273 Excerptis
807 3236 855 3265 De
872 3233 930 3265 ins.
948 3242 1053 3265 sermo
1066 3234 1107 3264 sit
1125 3233 1164 3265 de
1181 3235 1365 3266 Graecorum
1382 3233 1479 3265 rebus
1497 3232 1724 3273 autc-trojanis,
1749 3230 1896 3270 intelligis
1917 3229 2099 3266 auctorem,
2117 3227 2289 3265 antequam

130 3275 171 3307 ad
194 3275 263 3308 llaec
280 3277 463 3316 accederet,
482 3277 648 3310 historiam
664 3280 832 3312 Judaicam
849 3289 949 3320 usqne
964 3280 1005 3311 ad
1019 3281 1164 3312 Ezechiae
1178 3283 1322 3321 tempora
1346 3280 1549 3313 recensuisse.
1569 3279 1722 3312 Similiter
1739 3278 1915 3311 cedrenus.
1932 3277 2030 3308 Aliter
2056 3274 2201 3306 Malalas.

174 3324 225 3353 Fr.
244 3327 296 3355 20.
318 3323 367 3355 Οἳ.
387 3324 519 3356 Malalas
537 3334 567 3365 p.
586 3329 637 3364 81,
659 3326 824 3358 cedrenus
847 3336 878 3367 p.
905 3330 976 3358 211.
995 3343 1035 3349 -
1063 3328 1133 3358 Καὶ
1163 3328 1246 3368 μετ’
1269 3328 1428 3359 αὐτὸν...
1452 3327 1562 3358 ἄλλοι
1589 3325 1712 3367 τινὲς]
1734 3325 1876 3365 supplevi
1894 3333 1912 3355 e
1930 3323 2001 3354 Mal.
2018 3323 2050 3352 et
2073 3319 2228 3352 cedreno,
2247 3336 2286 3344 —

133 3369 355 3411 Μελανίππην]
371 3371 416 3402 sic
434 3371 566 3403 Malalas
583 3381 614 3412 p.
640 3376 678 3404 82
690 3398 698 3411 ,
720 3376 774 3412 10,;
799 3374 936 3406 cedron.
956 3383 984 3414 p.
1000 3377 1058 3405 212
1070 3399 1077 3412 ,
1093 3376 1110 3405 4
1132 3374 1294 3411 Μελίππην
1305 3398 1314 3413 ,
1331 3374 1433 3406 codex
1452 3376 1560 3405 noster
1584 3374 1728 3411 Μελίτην.
1747 3392 1786 3398 -
1800 3370 1942 3411 Κύκνου]
1958 3369 2074 3400 κυάνου
2088 3365 2160 3398 cod.

176 3417 224 3448 Fr.
245 3419 296 3448 21.
318 3417 438 3449 Eadem
452 3418 567 3451 Suidas
582 3428 612 3451 v,
632 3420 805 3452 Σθενέὸοια.
825 3421 874 3453 Cf.
895 3421 969 3452 Mal.
991 3430 1022 3461 p.
1045 3425 1102 3461 833
1121 3421 1255 3455 Cedren.
1280 3425 1349 3452 212.
