2326 3724
118 208 164 240 9⁸
994 199 1154 239 PRlSCI
1183 199 1389 238 PANlTAE

412 246 504 325 lTim
530 285 565 323 δὲ
587 286 796 338 Σατορνίλον
817 286 983 339 ἀνῃρήκει
999 285 1156 333 nomi<

119 347 138 388 ἡ
156 344 216 382 καὶ
235 344 406 383 Effioxioe·
422 344 627 412 ἀμφοτέροις
641 343 708 395 γὰρ
722 345 878 382 ἐκαλεῖτο
894 350 963 388 τοῖς
977 344 1153 394 ὀνόμασιν.

119 396 215 439 Ec*
198 412 292 450 εργον
313 398 347 434 δὲ
369 396 430 443 τὴν
457 399 558 435 αὐτου
579 398 616 434 οὔ
638 396 874 449 συνεχώρησεν
898 399 1046 449 ἀχθῆναι
1074 397 1156 435 υπό-

119 469 238 506 σχεσιν
254 454 419 502 Ζήνων,ε
407 455 572 499 υπατικὸς
592 454 679 505 ἀνὴρ
705 454 765 493 καὶ
793 454 925 501 πολλὴν
947 454 1032 507 ἀμφ’
1053 455 1155 492 αὑτὸν

119 512 208 564 ἔχιι)ν
229 513 397 565 Ἰσαύρων
418 513 574 563 δύναμιν,
590 515 664 563 μεθ’
682 507 722 559 ἧς
740 512 800 550 καὶ
819 512 880 558 τὴν
898 512 1158 551 Κωνσταντίνου

119 571 207 609 κατὰ
228 571 286 610 τὸν
304 577 361 610 τοῦ
387 571 540 621 πολέμου
559 571 678 624 καιρὸν
698 571 880 624 φυλάττειν
909 571 1156 622 ἐπετέτραπτο.

118 629 206 668 Τότε
230 629 270 676 δὴ
286 633 353 668 τῶν
373 632 406 668 ἐν
426 634 468 683 τῇ
481 630 558 683 ἽΞῳ
573 633 827 682 στρατιωτικῶν
840 629 957 681 ἅρχων
971 629 1158 679 ταγμάτων

119 687 283 739 ὑπεξάγει
302 692 360 726 τοῦ
381 689 541 740 φρουρίου
561 689 622 734 τὴν
643 687 760 740 κόρην,
777 688 835 726 καὶ
854 687 993 739 Ῥούφῳ
1012 687 1094 734 τινὶ,
1111 687 1159 725 ἑνὶ

118 748 186 783 τῶν
217 746 429 794 ἐπιτηδείων,
449 753 636 799 κατεγγυᾷ.
669 747 810 792 Ταύτης
845 746 880 783 δὲ
914 744 1158 798 ἀφῃρημένης,

119 808 138 843 ὁ
150 804 390 848 Κωνστάντιος
404 806 512 842 ἐδεῖτο
525 809 583 843 τοῦ
601 804 789 857 βαρὸάρου,
803 804 1043 856 ἐνυὲρισμένον
1058 803 1160 841 αὐτὸν

121 864 170 913 μὴ
189 867 432 914 περιορᾶσθαι,
456 863 533 901 ἀλλ’
549 862 570 909 ἢ
591 862 652 909 τὴν
673 865 915 915 ἀφαιρεθεῖσαν
931 863 953 908 ἢ
974 862 1034 900 καὶ
1052 862 1160 908 ἄλλην

121 923 215 973 αὐτῷ
237 921 389 962 δίδοσθαι
408 921 563 971 γαμετὴν
587 921 712 973 φερνὴν
734 921 959 960 εἷσοίσουσαν.
983 919 1087 973 Παρὰ
1103 920 1160 958 τὸν

121 983 180 1017 τοῦ
201 979 338 1017 δείπνου
358 979 469 1017 τοίνυν
489 979 607 1031 καιρὸν
627 982 644 1017 ὁ
665 979 837 1031 βάρὸαρος
856 978 968 1030 λέγειν
989 981 1036 1030 τῷ
1061 982 1163 1030 βασι-

119 1037 253 1075 λεύοντι
267 1037 323 1075 τὸν
341 1037 533 1087 Μαξιμῒνον
549 1037 683 1075 ἐκέλευε
694 1067 704 1085 ,
720 1036 767 1087 μὴ
782 1040 909 1088 χρῆναι
925 1039 986 1082 τῆς
1005 1037 1040 1080 ἐξ
1057 1039 1161 1074 αὐτοῦ

120 1095 177 1133 τὸν
201 1095 420 1135 Κωντάντιον
441 1096 577 1139 ἐλπίδος
606 1097 820 1147 διαμαρτεῖν·
838 1094 914 1133 οὔτε
938 1094 1004 1146 γὰρ
1027 1096 1163 1141 βασιλεῖ

121 1154 350 1206 (βασιλικὸνέ)
381 1158 450 1201 Β.;
474 1153 617 1206 πρέπειν
647 1156 772 1204 suppl.
802 1155 876 1204 N.)
902 1153 942 1191 τὸ
961 1152 1160 1205 ψεύδεσθαι.

120 1216 242 1251 Ταῦτα
261 1212 297 1250 δὲ
317 1215 334 1250 ὁ
357 1213 522 1259 Ἀττήλας
551 1211 764 1258 ἐνετέλλετο,
793 1211 1032 1263 ὑποσχομένου
1063 1214 1163 1250 Κων-

120 1271 278 1308 σταντίου
290 1271 458 1323 χρήματα
471 1270 607 1318 δώσειν,
625 1272 728 1308 εἰτῶν
743 1269 945 1315 ζαπλούτων
957 1271 1053 1322 αὐτῷ
1067 1268 1164 1322 παρὰ

121 1330 310 1379 τ«Ρωμαιόις
327 1346 410 1368 κατε
413 1330 576 1387 γγυηθείη
594 1329 692 1381 γυνή.

173 1391 246 1427 Τοῦ
275 1388 310 1426 δὲ
340 1388 533 1438 συμποσίου
563 1388 818 1435 ὑπεξελθόντες,
846 1386 934 1437 μετὰ
963 1387 1026 1434 τὴν
1057 1386 1163 1425 νύκτα

120 1450 259 1500 ἡμερων
289 1447 539 1499 διαγενομένων
567 1450 682 1500 τριῶν,
702 1447 924 1500 διηφείθημεν
951 1446 1070 1498 δώροις
1097 1452 1166 1490 τοῖς

120 1506 331 1558 προσήκουσι
351 1507 565 1556 τιμηθέντες·
587 1506 721 1555 ἔπεμπε
742 1504 777 1543 δὲ
797 1508 815 1543 ὁ
835 1505 1002 1551 Ἀττήλας
1019 1504 1078 1543 καὶ
1095 1504 1165 1543 Βέ-

122 1580 217 1616 ριχον
236 1564 290 1602 τὸν
307 1567 407 1614 ἡμῶν
425 1567 459 1603 ἐν
474 1567 522 1616 τῷ
539 1565 723 1616 συμποσίῳ
739 1564 1017 1616 προκαθεσθέντα
1029 1593 1038 1610 ,
1057 1563 1164 1615 ἄνδρα

120 1625 189 1660 τῶν
209 1623 365 1674 λογάδων
394 1623 452 1661 καὶ
480 1625 617 1661 πολλῶν
638 1624 673 1660 ἐν
702 1626 743 1674 τῇ
770 1625 923 1674 Σκυθικῇ
944 1625 1071 1671 κωμῶν
1104 1621 1166 1674 ἅρ-

120 1697 248 1733 χοντα,
279 1680 375 1732 παρὰ
408 1681 554 1733 βασιλέα
583 1681 894 1733 πρεσίευσόμενον,
916 1680 1030 1723 ἄλλως
1049 1696 1084 1717 τε
1105 1679 1164 1718 καὶ

122 1740 236 1786 αὐτον,
257 1733 310 1777 οἶα
331 1740 371 1786 δὴ
393 1739 559 1792 πρέσὸυν,
582 1741 708 1790 [δῶρα]
731 1739 828 1791 παρὰ
847 1738 1035 1789 Ἱ)ωμαίων
1061 1738 1164 1782 δέξα-

122 1802 201 1836 σθαι
233 1799 270 1850 [β
274 1797 484 1851 ουλόμενος].
509 1798 732 1848 Ποιουμένων
755 1798 789 1835 δὲ
813 1801 911 1847 ἡμῶν
942 1797 1004 1844 τὴν
1024 1797 1166 1850 πορείαν

122 1857 182 1894 καὶ
202 1857 286 1908 πρὸς
307 1856 410 1908 κώμῃ
430 1859 700 1894 καταλυσάντων
721 1856 807 1903 τινὶ,
827 1856 903 1902 ἥλω
923 1855 1060 1902 Σκύθης
1080 1854 1166 1907 ἀνὴρ

120 1919 346 1964 κατασκοπῆς
370 1915 471 1954 ἕνεκα
501 1917 540 1953 ἐκ
556 1919 617 1962 τῆς
643 1915 830 1966 Ἱ)ωμαίων
851 1917 883 1958 ἐς
902 1914 964 1961 τὴν
994 1914 1167 1967 βάρὸαρον

117 286 247 338 εἰρήκει
274 285 407 325 δώσειν.

121 2045 319 2085 promiserat.
342 2045 550 2077 Saturninum
569 2046 678 2077 autem
697 2045 901 2077 interemerat
917 2045 927 2084 (
944 2053 1002 2077 an.
1023 2046 1082 2076 444
1097 2053 1161 2077 sec.

123 2097 247 2128 Clzron.
279 2098 501 2137 Marcellini)
525 2097 676 2129 Athenais
696 2106 750 2129 seu
772 2097 932 2135 Eudocia,
950 2106 1040 2129 ‘uxor
1067 2097 1165 2129 Theo-

121 2149 206 2180 dosii
229 2149 391 2189 (utroque
406 2150 490 2180 enim
512 2149 640 2181 nomine
655 2149 876 2190 vocabatur),
902 2158 1004 2190 neque
1027 2149 1164 2189 impera·

120 2201 180 2232 tori
195 2200 235 2232 ad
250 2200 372 2232 exitum
386 2200 576 2241 perducere,
594 2201 679 2241 quod
696 2201 897 2241 promiserat,
920 2210 975 2241 per
992 2203 1163 2240 Zenonem,

123 2253 225 2283 virum
239 2252 449 2292 consularem,
466 2252 567 2284 licuit.
582 2255 622 2291 is,
637 2261 750 2292 magna
767 2254 948 2284 Isaurorum
960 2252 1165 2284 multitudine

122 2305 272 2345 stipatus,
287 2305 357 2336 urbi
384 2306 683 2346 Constantinopoli,
707 2314 772 2346 quo
787 2307 930 2346 tempore
943 2306 1027 2338 bello
1040 2315 1164 2346 preme-

122 2358 216 2388 batur
231 2357 301 2397 (an.
315 2358 396 2388 442?
411 2358 435 2398 ),
456 2358 600 2398 prasidio
616 2359 728 2390 suerat.
741 2360 831 2389 Tunc
850 2368 926 2390 vero
942 2368 1044 2399 quum
1063 2359 1166 2390 orien-

123 2409 234 2440 talium
247 2409 447 2440 exercituum
461 2409 527 2440 dux
550 2411 631 2441 esset
644 2435 652 2448 ‚
674 2411 812 2450 puellam
827 2410 971 2442 custodia
984 2410 1111 2450 eduxit,
1134 2412 1166 2442 et

125 2462 205 2493 Ruso
220 2461 365 2500 cuidam,
381 2461 434 2492 uni
448 2470 487 2492 ex
502 2462 566 2493 suis
579 2463 760 2494 necessariis
772 2488 781 2503 ,
795 2462 970 2503 despondit.
986 2464 1050 2493 llac
1062 2462 1166 2502 puella

122 2511 182 2542 sibi
194 2511 356 2543 subtracta
366 2535 375 2551 ‚
390 2512 596 2543 Constantius
611 2513 782 2544 barbarum
796 2513 918 2550 orabat,
931 2521 970 2543 ne
980 2512 1037 2543 sibi
1050 2513 1165 2543 factam

124 2563 350 2594 contumeliam
366 2563 553 2602 negligeret,
571 2563 626 2594 sed
651 2564 826 2604 perficeret,
844 2566 880 2595 ut
895 2564 954 2595 sibi
976 2572 1058 2594 uxor
1072 2564 1165 2595 dare·

126 2617 179 2646 tur
193 2618 248 2646 aut
258 2624 306 2655 ea,
319 2624 390 2655 quae
404 2617 510 2655 erepta
524 2615 538 2646 s
539 2618 638 2654 uerat,
654 2618 710 2648 aut
724 2617 818 2648 etiam
830 2617 903 2655 alia,
916 2625 990 2656 quae
1006 2616 1113 2648 dotem
1127 2616 1165 2647 at*-

126 2668 233 2698 serret.
246 2667 461 2704 Quamobrem
475 2677 530 2708 per
547 2677 646 2699 coena>
656 2670 783 2709 tempus
794 2669 950 2700 barbarus
959 2668 1167 2700 Maximinum

127 2718 309 2759 imperatori
324 2718 428 2749 dicere
442 2718 552 2758 jussit,
570 2728 634 2750 non
650 2722 797 2760 oportere
813 2720 1037 2751 Constantium
1054 2729 1109 2759 spe
1127 2720 1168 2751 ab

128 2770 196 2810 ipso
217 2770 356 2801 excitata
372 2770 452 2808 falli,
469 2772 501 2801 et
517 2770 557 2801 ab
574 2770 773 2810 imperatoris
793 2771 945 2811 dignitate
961 2770 1100 2802 alienum
1119 2771 1166 2802 vi-

130 2821 211 2860 deri,
225 2821 410 2852 mendacem
422 2830 498 2852 esse.
515 2824 591 2853 Hace
605 2823 718 2854 Attilas
727 2823 902 2854 Maximino
912 2822 1087 2863 mandavit,
1100 2831 1168 2863 pro·

129 2874 236 2914 pterea
243 2872 329 2912 quod
340 2873 543 2904 Constantius
552 2873 594 2904 illi
607 2874 747 2914 pecuniae
755 2883 914 2905 summam
923 2874 1080 2914 pollicitus
1087 2876 1167 2914 erat,

130 2924 156 2955 si
177 2932 309 2955 uxorem
324 2933 341 2955 e
359 2924 509 2956 Romanis
524 2925 635 2965 puellis
648 2926 838 2966 locupletem
852 2925 994 2958 duceret.

173 2975 239 3006 Sub
252 2976 380 3006 noctem
401 2983 419 3006 a
441 2984 531 3006 corna
554 2976 765 3008 discessimus.
790 2977 908 3008 Tribus
930 2976 1044 3008 deinde
1059 2977 1171 3009 diebus

132 3026 266 3066 elapsis,
295 3026 480 3057 muneribus
506 3026 614 3058 donati
630 3027 749 3059 dimissi
766 3037 885 3060 sumus.
916 3029 1028 3060 Attilas
1043 3038 1171 3069 quoque

132 3077 301 3110 Berichum
312 3101 321 3115 ,
331 3077 437 3109 virum
447 3086 465 3108 e
474 3078 611 3118 Scythiae
622 3079 828 3119 primoribus,
841 3080 1015 3111 multorum
1027 3080 1171 3112 vicorum

132 3131 165 3161 in
178 3129 305 3169 Scythia
317 3129 482 3160 dominum
493 3153 502 3168 ,
513 3130 544 3160 et
557 3130 654 3169 quiin
667 3131 814 3162 convivio
826 3131 986 3170 superiore
1000 3132 1070 3163 loco
1082 3132 1172 3164 sede-

134 3181 201 3220 rat,
228 3180 395 3212 nobiscum
419 3181 556 3220 legatum
581 3181 621 3212 ad
641 3181 862 3221 imperatorem
887 3182 972 3214 misit
1001 3185 1070 3214 tum
1095 3184 1174 3215 alias

133 3232 176 3264 oh
201 3241 323 3272 causas,
340 3234 410 3264 tum
432 3241 526 3271 vero,
543 3232 630 3272 quod
649 3241 723 3264 eum
752 3233 887 3272 legatum
909 3233 999 3264 donis
1020 3236 1173 3266 Romano·

135 3292 208 3315 rum
229 3283 322 3315 ditari
347 3283 456 3315 vellet.
497 3283 594 3315 Nobis
612 3286 720 3315 autem
748 3284 807 3315 iter
828 3284 1069 3316 conficientibus
1086 3287 1118 3317 et
1142 3286 1174 3317 in

136 3335 207 3366 vico
222 3335 361 3375 quodam
375 3335 657 3374 commorantibus,
675 3337 786 3375 captus
807 3337 854 3367 est
870 3336 916 3366 vir
941 3337 1069 3375 Scytha,
1084 3337 1138 3377 qui
1156 3346 1174 3368 a

136 3388 285 3421 Romanis
297 3387 479 3428 explorandi
502 3388 601 3428 gratia
625 3388 656 3419 in
677 3388 841 3419 barbaram
865 3388 1022 3428 regionem
1043 3389 1174 3421 descen-

1215 283 1431 331 διαὸεὸηκὼς
1460 283 1588 336 χώραν·
1619 283 1679 322 καὶ
1702 284 1804 322 αὐτὸν
1826 284 1990 331 Ἀττῆλας
2025 286 2254 325 ἀνασκολοπι-

1216 347 1338 390 σθῆναι
1351 341 1716 394 παρεκελεύσατο.,Τῇ
1731 342 1766 380 δὲ
1777 342 1919 395 ἐπιούσῃ
1936 345 1979 381 δι’
1990 343 2112 396 ἑτέρων
2125 346 2254 392 κωμῶν

1217 400 1456 455 πορευομένων
1487 403 1602 450 ἡμῶν,
1637 401 1756 452 ἄνδρες
1787 401 1846 439 δύο
1878 404 1946 439 τῶν
1977 401 2073 455 παρὰ
2106 402 2256 446 Σκύθαις

1218 460 1446 498 δουλευόντων
1479 459 1623 510 ἤγοντο,
1655 459 1766 497 ὀπίσω
1795 459 1844 497 τὼ
1870 460 1964 512 χεῖρε
1994 460 2184 510 δεδεμένα),
2209 463 2256 504 ὡς

1219 518 1294 562 τοὺς
1313 516 1402 556 κατὰ
1418 518 1570 568 πόλεμον
1597 518 1770 561 ἀνελόντες
1787 518 1970 562 δεσπότας·
1991 517 2051 556 καὶ
2072 519 2127 557 ἐπὶ
2147 518 2255 564 ξύλων

1219 578 1309 615 δυοῖν
1325 575 1466 628 κεραίας
1482 575 1629 627 ἐχόντων
1649 577 1775 629 ἀμφοῖν
1796 575 1856 619 τὰς
1875 576 2028 628 κεφαλὰς
2048 578 2256 627 ἐμὸαλόντες

1220 634 1502 686 ἀνεσταύρωσαν.
1527 634 1604 686 Ἐφ’
1621 633 1698 672 ὅσον
1719 634 1832 680 δὲτὴν
1854 634 2028 682 Σκυθικὴν
2049 634 2254 688 διεξῄειμεν,

1219 695 1236 730 ὃ
1255 691 1399 744 Βέριχος
1418 690 1588 730 ἐκοινώνει
1613 708 1650 730 τε
1672 693 1755 742 ἡμῖν
1786 695 1844 739 τῆς
1865 694 1961 739 ὁδοῦ,
1982 692 2040 731 καὶ
2060 693 2189 746 ἥσυχός
2207 710 2258 739 τις

1219 750 1278 788 καὶ
1297 750 1486 796 ἐπιτήδειος
1506 750 1692 800 ἐνομίζετο.
1713 750 1779 794 “Ως
1799 751 1833 789 δὲ
1854 751 1910 788 τὸν
1929 749 2064 804 Ἴστρον
2083 752 2256 805 ἐπεραιώ..

1221 812 1343 858 θημεν,
1361 810 1395 846 ἐν
1411 810 1533 860 ἐχθροῦ
1561 812 1645 859 ἡμῖν
1663 809 1797 860 ἐγένετο
1817 809 1918 862 μοίρᾳ
1941 810 1997 847 διά
2022 826 2116 854 τινας
2135 811 2260 856 ἑώλους

1221 866 1407 919 προφάσεις
1445 868 1483 904 ἐκ
1516 882 1584 904 των
1620 867 1836 919 θεραπόντων
1879 868 2148 927 συνενεχθείσας.
2188 869 2260 909 Καὶ

1220 925 1385 978 πρότερον
1412 924 1473 975 μὲν
1498 940 1554 962 τον
1586 923 1693 964 ἵππον
1725 926 1901 979 ἀφείλετο,
1922 929 1951 978 ᾧ
1978 926 2034 964 τὸν
2065 926 2260 976 Μαξιμῑνον

1222 983 1465 1035 δωρησάμενος
1494 987 1550 1030 ἠν.
1573 983 1618 1023 ‘O
1645 984 1713 1036 γὰρ
1732 966 1899 1030 ’Amalune
1917 984 2051 1028 πάντας
2071 984 2147 1029 τους
2172 987 2260 1039 ἀμφ’

1223 1042 1324 1080 αὑτὸν
1351 1042 1500 1092 λογάδας
1530 1042 1812 1094 παρεκελεύσατο
1840 1043 1959 1094 δωροις
1979 1042 2036 1080 τὸν
2067 1043 2262 1094 Μαξιμῖνον

1223 1098 1560 1158 φιλοφρονήσασθαι,
1575 1099 1635 1137 καὶ
1652 1099 1795 1143 ἕκαστος
1808 1099 2000 1151 ἐπεπόμφει
2018 1099 2125 1139 ἵππον
2145 1104 2260 1155 αὐτῶ,

1224 1157 1296 1208 μεθ’
1313 1160 1360 1195 ὡν
1380 1173 1439 1195 και
1455 1161 1473 1196 ὁ
1494 1157 1649 1210 Βέριχος.
1669 1158 1831 1210 Ὀλίγους
1851 1158 1887 1196 δὲ
1909 1158 2027 1197 λαὸὼν
2043 1175 2121 1203 τους
2139 1131 2263 1204 ἄλλόυς

1224 1215 1433 1265 ἀπέπεμπε,
1463 1215 1503 1253 τὸ
1534 1231 1674 1277 σωφρον
1701 1217 1857 1263 δηλωσαι
1888 1218 1926 1255 ἐκ
1955 1220 2015 1263 τῆς
2044 1216 2263 1269 μετριότητος

1227 1274 1460 1317 ἐσπουδακώς.
1483 1276 1615 1313 Τουτον
1635 1277 1692 1312 οὖν
1711 1274 1869 1327 ἀφείλετο
1892 1275 1947 1313 τὸν
1967 1274 2088 1323 ἵππον,
2107 1276 2167 1314 καὶ
2186 1275 2264 1315 οὔτε

1226 1333 1477 1383 συνοδοιπορεῒν
1501 1331 1579 1370 οὔτε
1601 1337 1843 1371 συνεστιᾶσθαι
1864 1333 2051 1386 ἠνέσχετο·
2071 1333 2161 1373 ὥστε
2179 1338 2264 1385 ἡμῖν

1225 1393 1258 1428 ἐν
1288 1394 1331 1443 τῇ
1355 1390 1542 1442 βαρὸάρων
1565 1390 1664 1443 χώρᾳ
1685 1391 1866 1442 γενομένου
1894 1392 2088 1442 συμὸόλου,
2108 1395 2141 1436 ἐς
2165 1397 2264 1432 τοῦτο

1226 1451 1418 1501 προελθεῖν.
1457 1450 1528 1488 Καὶ
1563 1453 1715 1488 ἐντεῦΟεν
1747 1450 1803 1488 διὰ
1833 1454 1893 1498 τῆς
1922 1451 2104 1490 Φιλίππου
2125 1451 2182 1490 ἐπὶ
2202 1451 2264 1498 τὴν

1226 1508 1402 1560 Ἀδριανοῦ
1419 1509 1518 1546 πόλιν
1537 1507 1598 1555 τὴν
1615 1508 1756 1561 πορείαν
1773 1509 2025 1558 ἐποιησάμεθα.
2055 1510 2118 1550 Εν
2146 1505 2170 1562 ᾗ
2189 1511 2266 1548 δια·

1226 1567 1487 1616 ναπαυσάμενοι
1504 1569 1534 1610 ἐς
1550 1567 1668 1616 λόγους
1683 1567 1833 1618 ἤλθομεν
1849 1570 1898 1621 τῷ
1915 1568 2071 1620 Βερίχω,
2087 1569 2147 1606 καὶ
2163 1568 2265 1607 αὐτον

1226 1623 1286 1666 τῆς
1305 1636 1388 1671 προς
1407 1623 1501 1670 ἡμᾶς
1521 1623 1654 1666 σιωπῆς
1673 1606 1998 1673 κατεμεμψάμεθα,
2015 1598 2072 1658 ότι
2089 1637 2127 1672 γε
2145 1622 2222 1668 δὴ
2206 1637 2266 1691 ορ-

1226 1678 1356 1728 γίζεται
1376 1680 1438 1716 οὐκ
1455 1680 1630 1716 ἀδικοῦσιν
1648 1678 1759 1716 οὐδέν.
1782 1679 2071 1730 Θεραπεύσαντες
2087 1683 2144 1718 οὖν
2164 1680 2266 1718 αὐτὸν

1227 1737 1286 1775 καὶ
1315 1737 1371 1774 ἐπὶ
1397 1737 1551 1775 ἑστίασιν
1582 1737 1790 1780 καλέσαντες
1818 1737 2084 1789 ἐξωρμήσαμεν.
2118 1738 2188 1777 Καὶ
2217 1741 2266 1790 τῷ

1229 1795 1353 1848 Βιγίλᾳ
1389 1797 1422 1834 ἐν
1458 1800 1500 1849 τῇ
1533 1797 1600 1846 ὁδῷ
1631 1797 1893 1843 ἀπαντήσαντες
1921 1796 1978 1835 ἐπὶ
2003 1795 2066 1843 τὴν
2093 1795 2266 1843 Σκυθικὴν

1227 1854 1514 1906 ἐπαναζευγνύντι
1526 1885 1535 1902 ,
1557 1854 1616 1893 καὶ
1632 1854 1676 1893 τὰ
1690 1855 1786 1907 παρὰ
1803 1855 1953 1902 Ἀττήλα
1970 1858 2055 1905 ἡμῖν
2073 1858 2134 1902 τῆς
2151 1856 2207 1894 ἐπὶ
2224 1858 2267 1908 τῇ

1228 1913 1397 1966 πρεσὸεία
1435 1913 1648 1966 ἀποκρίσεως
1692 1913 1856 1966 εἰρημένα
1887 1915 2170 1966 ἀφηγησάμενοι,
2208 1916 2269 1961 τῆς

1224 2044 1332 2084 derat,
1352 2053 1448 2084 quem
1470 2044 1574 2076 crucis
1592 2043 1747 2084 supplicio
1766 2043 1849 2076 affici
1869 2043 1982 2076 Attilas
1999 2044 2161 2085 praecepit.
2206 2046 2268 2076 Po·

1227 2095 1338 2128 stridie
1354 2096 1448 2127 etiam
1465 2096 1544 2127 dum
1558 2105 1614 2136 per
1629 2097 1707 2128 alios
1725 2096 1812 2127 vicos
1826 2095 2099 2136 progrederemur,
2115 2095 2198 2134 duo,
2214 2095 2270 2136 qui

1226 2149 1310 2189 apud
1323 2149 1457 2189 Scythas
1471 2149 1669 2188 serviebant,
1692 2148 1840 2180 manibus
1855 2148 1953 2180 vincti
1969 2150 2040 2189 post
2061 2150 2149 2188 terga
2161 2148 2269 2180 trahe-

1226 2200 1353 2239 bantur,
1371 2200 1457 2241 quod
1480 2201 1535 2241 iis,
1552 2210 1630 2240 quos
1646 2200 1719 2232 belli
1733 2209 1825 2232 casus
1841 2199 1988 2231 dominos
2013 2199 2153 2240 fecisset,
2169 2199 2269 2231 vitam

1225 2252 1423 2292 eripuissent,
1454 2253 1520 2284 Hos
1542 2252 1646 2283 aftixis
1664 2252 1833 2283 amborum
1857 2251 2015 2292 capitibus
2038 2251 2071 2283 in
2087 2251 2178 2292 lignis
2196 2259 2269 2291 quae

1225 2305 1379 2335 antennas
1398 2303 1558 2335 habebant
1574 2303 1816 2344 suspenderunt.
1838 2303 1992 2335 Berichus
2005 2311 2096 2342 vero,
2114 2301 2268 2342 quamdiu

1226 2355 1389 2395 Scythiam
1415 2355 1666 2395 peragravimus,
1691 2355 1801 2386 eadem
1825 2355 1876 2386 via
1904 2354 2072 2386 nobiscum
2095 2354 2217 2394 iverat,
2238 2355 2270 2386 et

1226 2407 1370 2447 placidus
1385 2407 1417 2438 et
1432 2406 1553 2438 amicus
1569 2407 1654 2438 visus
1675 2408 1753 2438 erat.
1781 2407 1824 2438 Ut
1846 2407 1964 2438 Istrum
1977 2405 2180 2446 trajecimus,
2198 2414 2271 2446 pro-

1227 2461 1296 2499 pter
1306 2459 1461 2499 quasdam
1476 2468 1575 2491 vanas
1586 2468 1716 2498 causas,
1732 2467 1751 2490 a
1766 2458 1866 2490 servis
1875 2460 1978 2497 ortas,
1993 2467 2052 2490 nos
2063 2458 2267 2490 inimicorum

1228 2511 1297 2541 loco
1317 2510 1438 2541 habuit.
1456 2513 1494 2542 Et
1508 2511 1646 2550 primum
1666 2510 1794 2550 quidem
1817 2518 1936 2550 equum
1949 2534 1958 2548 ,
1974 2517 2072 2550 quem
2096 2509 2270 2541 Maximino

1227 2562 1310 2593 dono
1320 2561 1462 2601 dederat,
1474 2562 1513 2593 ad
1527 2570 1559 2593 se
1571 2562 1741 2593 revocavit.
1754 2562 1877 2593 Etenim
1888 2561 2001 2593 Attilas
2013 2569 2124 2592 omnes
2133 2561 2270 2600 Scythiae

1227 2614 1401 2654 principes,
1418 2615 1474 2654 qui
1487 2614 1519 2645 in
1540 2614 1638 2654 ipsius
1657 2614 1811 2646 comitatu
1826 2615 1917 2646 erant
1929 2637 1938 2653 ‚
1951 2613 2043 2645 donis
2061 2613 2269 2646 Maximinum

1227 2675 1340 2698 ornare
1353 2666 1487 2706 Jussei·at
1497 2690 1505 2704 ‚
1515 2668 1546 2697 et
1557 2666 1774 2706 unusquisque
1786 2666 1931 2698 certatim
1942 2666 1986 2697 illi
1996 2674 2116 2706 equum
2129 2663 2269 2706 miserat,

1228 2718 1309 2749 inter
1319 2726 1399 2758 quos
1416 2718 1448 2748 et
1466 2716 1628 2748 Berichus.
1644 2718 1684 2748 At
1709 2717 1763 2748 ille
1777 2725 1876 2756 quum
1889 2716 2114 2748 moderationis
2137 2716 2270 2756 gloriam

1229 2769 1285 2801 sibi
1297 2777 1480 2809 comparare
1493 2767 1647 2806 studeret,
1662 2777 1700 2799 ex
1724 2768 1815 2807 equis
1829 2768 1944 2799 oblatis
1957 2776 2076 2808 paucos
2087 2769 2270 2808 acceperat,

1230 2820 1367 2860 reliquos
1388 2821 1550 2860 reiecerat.
1594 2818 1746 2850 Berichus
1772 2819 1868 2858 igitur
1891 2827 2010 2858 equum
2024 2842 2034 2858 ,
2049 2827 2144 2858 quem
2168 2817 2270 2850 Maxi-

1231 2873 1317 2904 mino
1337 2872 1484 2911 dederat,
1507 2871 1647 2910 ademit,
1671 2879 1776 2910 neque
1788 2871 1935 2910 deinceps
1950 2870 2061 2902 eadem
2075 2871 2126 2902 via
2146 2871 2191 2903 ire
2215 2872 2271 2903 aut

1231 2926 1352 2957 coenari
1378 2925 1544 2957 nobiscum
1566 2924 1680 2956 voluit.
1706 2926 1820 2964 ltaque
1843 2923 2066 2963 hospitalitatis
2081 2923 2216 2962 tessera,
2238 2923 2271 2954 in

1232 2977 1364 3008 barbara
1377 2976 1501 3016 regione
1514 2977 1695 3015 contracta,
1712 2984 1750 3007 eo
1766 2984 1866 3015 usque
1876 2982 2037 3015 progressa
2049 2975 2107 3006 est.
2123 2974 2203 3005 {linc
2215 2983 2272 3014 per

1232 3027 1472 3068 Philippopolim
1482 3027 1522 3058 ad
1533 3026 1766 3067 adrianopolim
1774 3026 1865 3058 nobis
1875 3026 1933 3058 iter
1941 3026 2009 3058 suit.
2026 3027 2062 3057 ln
2073 3025 2131 3056 hac
2143 3025 2271 3058 civitate

1232 3082 1428 3122 quiescentes
1437 3104 1446 3119 ‚
1459 3080 1629 3112 Berichum
1640 3088 1748 3111 rursus
1758 3079 1886 3111 allocuti
1901 3087 1975 3110 cum
1989 3087 2037 3118 eu,
2047 3077 2132 3118 quod
2146 3078 2270 3110 tamdiu

1233 3141 1306 3173 erga
1320 3141 1378 3164 nos
1404 3132 1566 3164 silentium
1581 3131 1752 3170 tenuisset,
1770 3130 2059 3170 'expostulavimus-
2103 3131 2168 3167 Nec
2185 3129 2270 3161 enim

1233 3185 1330 3216 ullam
1344 3183 1437 3216 fuisse
1448 3192 1575 3215 causam
1586 3192 1643 3214 cur
1656 3182 1747 3214 nobis
1759 3183 1959 3221 irasceretur,
1970 3180 2228 3221 quandoquidem
2239 3181 2271 3213 in

1234 3236 1322 3267 nulla
1333 3244 1366 3267 re
1376 3244 1449 3267 eum
1460 3234 1705 3267 offenderamus.
1721 3235 1831 3274 ltaque
1848 3242 1885 3265 eo
1899 3234 2023 3273 placato
2043 3234 2076 3264 et
2090 3232 2130 3264 ad
2146 3241 2270 3264 coenam

1234 3287 1380 3326 invitato,
1391 3287 1432 3318 ab
1445 3286 1646 3326 Adrianopoli
1661 3286 1832 3317 movimus.
1848 3288 1884 3317 ln
1898 3286 2007 3317 itinere
2016 3285 2159 3325 Bigilam‚
2171 3285 2225 3325 qui
2239 3285 2271 3316 in

1235 3338 1396 3378 Scythiam
1410 3337 1639 3376 revertebatur,
1647 3337 1778 3368 obvium
1789 3337 1956 3368 habuimus
1970 3345 1979 3367 :
1990 3345 2055 3376 quo
2065 3336 2188 3373 edocto,
2197 3345 2270 3375 qum

1238 3391 1349 3423 Attilas
1359 3390 1396 3422 ad
1406 3391 1592 3431 legationem
1604 3391 1743 3422 nostram
1757 3389 1969 3430 responderat,
1978 3389 2118 3429 emptum
2129 3388 2187 3419 iter
2200 3396 2271 3419 con-
