2326 3724
946 218 1283 260 FRAGMENTA.

0 313 47 350 ὁ
66 308 183 363 ἰατρὸς
198 308 258 347 καὶ
278 308 356 346 τόδε
376 304 618 357 ἐμπεδώσας
605 306 775 356 υπῆρχεν.
796 301 960 355 Ἔφασκε
979 301 1014 341 δὲ
1035 301 1079 340 τὰ

28 368 200 422 χρήματα
229 365 423 405 ἀποδώσειν
453 363 546 402 κατὰ
576 366 751 410 τοσοῦτον,
774 361 922 400 καθόσον
943 360 1078 399 ἐνέλιπε

0 456 2 470 .
28 432 73 482 τῇ
100 425 253 480 τριετία·
281 419 356 464 εἶτα
389 423 496 466 οὕτως
529 421 686 473 πολέμου
721 420 938 472 ἀπάρξεσθαι
970 422 1076 463 αὖθις

27 485 172 533 Ταύτην
204 465 262 524 οιῦν
298 481 472 523 Μεὸώδου
505 474 560 519 οἶα
589 479 629 527 δὴ
666 482 703 518 ἐκ
729 478 899 531 βασιλέως
930 480 1078 531 Περσων

29 543 304 596 ἀπαγγείλαντος
317 541 381 588 τὴν
397 540 552 594 γνώμην,
570 541 600 578 οἱ
621 554 690 577 των
711 537 937 586 Ῥωμαίων”
915 552 1078 590 αρχοντες

27 602 298 656 παραὸήσεσθαι
327 599 390 652 μὲν
419 599 490 638 οἵδε
519 598 580 642 τὰς
606 597 775 646 ξυνθήκας
795 597 923 644 ἥκιστα
945 596 1075 648 ἔλεγον·

29 660 108 701 οὐδὲ
121 660 189 714 γὰρ
204 659 430 712 ξυντετάχθαι
444 660 478 697 ἐν
491 663 567 701 ταῖς
583 657 708 702 ἐξεῖναι
725 655 858 710 θατέρῳ
878 655 1077 707 βουλομένῳ

30 723 98 759 τῶν
123 722 236 774 μερῶν
255 718 279 766 ἢ
298 723 358 757 τοῦ
387 715 532 770 χρυσίου
562 716 691 760 παντὸς
712 715 819 768 ἤγουν
847 715 970 786 μοίρας
989 714 1079 758 τινὸς

0 811 2 814 .
30 781 76 823 ὡς
95 779 159 825 τὴν
179 776 449 829 παρασχόμενον
471 774 740 827 ἀναδραμούσης
755 776 878 827 διαρρη
881 773 1002 826 γνύναι
1018 772 1079 817 τὰς

0 842 2 850 ⁵
32 837 197 881 σπονδάς.
217 835 345 886 ”Ομως
363 835 392 873 δ’
410 829 468 872 οὖν
482 834 564 887 περὶ
583 834 714 873 τούτων
733 830 856 878 αὖθις
842 850 875 872 εν
892 833 1079 886 ἀπορρήτῳ

32 897 197 944 ἀλλήλοις
214 894 388 942 Μεὸώδης
403 909 440 932 τε
457 893 517 931 καὶ
531 893 713 946 Ζαχαρίας
730 895 765 932 ἐν
782 896 832 946 τῷ
849 894 942 944 αὐτῷ
963 892 1082 944 ξυνερ-

0 987 2 1003 ;
30 955 173 1009 χομένω
203 953 439 1005 διελεγέσθην,
461 953 739 1003 ἐκοινολογοῧντό
759 969 820 1004 τε,
852 952 911 991 καὶ
938 950 1084 1002 προύτί-

33 1019 139 1054 θεσαν
161 1014 205 1053 τὰ
225 1013 291 1052 ὅσα
312 1013 420 1065 ἄμφω
435 1011 485 1050 τὼ
505 1011 606 1064 ἄνδρε
626 1011 736 1066 ᾤοντο
755 1015 884 1064 χρῆναι
900 1013 1059 1063 εἷρῆσθαι
1073 1025 1082 1034 ·

32 1073 221 1126 ἐπειρωντό
237 1088 276 1110 τε
296 1070 411 1123 ἕτερος
425 1069 540 1122 ἑτέρου
554 1101 565 1119 ,
581 1070 674 1114 ὅπως
692 1069 878 1144 ξυνέλθριεν
900 1071 933 1114 ἐς
950 1070 1084 1108 καταλ-

33 1131 143 1184 λαγας
171 1133 207 1169 αἱ
237 1130 425 1169 πολιτεῖαι.
466 1127 538 1167 Καὶ
567 1128 745 1176 Μεὸώδης
762 1127 842 1198 “gxiv
867 1127 1084 1181 ἰσχυρότατοί

33 1207 108 1234 πως
127 1189 370 1240 ἀπομνύμενος
389 1191 446 1239 ἠν,
467 1189 513 1230 ὥς
544 1186 707 1239 βούλεται
738 1204 787 1226 τω
811 1188 966 1241 Καίσαρι
989 1202 1084 1240 χρη-

33 1249 220 1300 σιμώτατα
241 1247 421 1293 ἐξειπεῖΉι
435 1245 665 1295 αἰτήσασθαι,
680 1246 739 1284 καὶΙ
755 1246 816 1298 μὲν
835 1245 877 1294 δὴ
894 1246 1084 1294 ἐπιτηδειό·

34 1324 138 1352 τατος
157 1301 245 1346 εἶναί
264 1308 315 1345 οἱ·
333 1304 517 1359 Ζαχαρίας
537 1304 572 1343 δὲ
592 1304 746 1359 [ἤρετο],
768 1307 797 1344 εἷ
817 1299 927 1344 οἷόντε
947 1304 1000 1352 εἴη
1018 1306 1083 1343 λα-

35 1367 225 1420 θραιότατα
259 1364 320 1404 καὶ
350 1364 521 1412 ἥκιστας
507 1363 777 1414 ἐξεπισταμένου
802 1364 891 1407 τινὸς
916 1363 1003 1416 υπὲρ
1024 1366 1087 1411 τῆς

35 1426 171 1470 πόλεως
186 1429 245 1464 τοῦ
262 1424 380 1476 Δάρας
398 1422 501 1476 ῥητόν
518 1438 550 1461 τι
570 1422 817 1475 παρασχέσθαι
833 1422 989 1476 χρυσίον.
1008 1425 1086 1462 Ζα-

34 1485 161 1538 χαρίας
174 1484 210 1522 δὲ
225 1483 356 1536 ἔφασκε
368 1482 412 1519 τὰ
425 1481 560 1529 τοιάδε,
576 1482 874 1535 ἐπιτετραμμένον
890 1483 985 1535 αὐτῷ
1001 1481 1088 1534 πρὸς

35 1548 95 1583 τοῦ
130 1543 328 1596 Καίσαρος,
349 1543 411 1580 οὐκ
442 1543 476 1584 ἐς
505 1540 544 1579 τὸ
573 1540 743 1592 ἐμφανὲς,
764 1540 842 1579 οὐδὲ
870 1541 939 1589 μὴν
967 1540 1086 1594 ἑτέρου

0 1627 4 1652 .·
35 1601 305 1653 ἐξεπισταμένου
333 1600 443 1647 τινὸς,
470 1598 493 1646 ἢ
524 1599 722 1652 Μαυρικίου
752 1603 812 1638 τοῦ
844 1599 1012 1650 Παύλου,
1041 1599 1086 1638 τὰ

0 1679 11 1711 ;'-
37 1662 192 1714 μάλιστα
211 1658 426 1699 εὐνούστατα
442 1660 488 1703 ὡς
507 1658 564 1697 τὸν
582 1659 748 1711 Καίσαρα
766 1661 921 1711 ἔχοντος,
936 1658 971 1702 ὃς
985 1661 1019 1697 ἐν
1037 1662 1086 1712 τῷ

0 1713 9 1751 Ῠ
35 1719 114 1760 τότε
143 1720 201 1759 τὸν
238 1719 414 1772 βασίλειον
449 1717 575 1757 ἰθύνειν
601 1717 829 1771 ἐκληρώσατο
858 1717 973 1769 λόγον·
994 1717 1086 1756 ὥστε

4 1770 10 1807 -3
36 1778 160 1831 ἀμέλει
187 1777 278 1830 μηδὲ
312 1776 398 1830 πρὸς
430 1780 499 1816 τῶν
534 1776 720 1829 βασιλείων
750 1775 912 1830 γραφέων
937 1775 981 1814 τὰ
1007 1776 1087 1838 περὶ

32 1840 96 1877 ’τοῦ
125 1839 258 1876 τοιουδε
277 1838 490 1890 γεγράφθαι,
511 1839 561 1874 τῶ
583 1837 715 1887 μάλα’
700 1852 734 1874 εν
754 1835 973 1897 παραδύστῳ
998 1840 1088 1874 εἶναι

36 1895 83 1936 τὰ
107 1896 366 1950 βεὸουλευμένα
386 1898 435 1934 τῶ
457 1895 627 1948 Καίσαρι.
657 1894 789 1948 Ιράφει
819 1895 848 1933 δ’
875 1898 933 1933 οὖν
963 1897 1088 1946 Ζαχα-

13 1960 19 1965 ’
39 1955 112 2008 ρίας
125 1986 136 2004 ,
155 1958 202 1998 ὡς
221 1954 330 1998 εἴποις
346 1970 388 1992 συ
407 1953 608 2007 (Ζαχαρία,
628 1955 692 2000 ὡς,
709 1954 738 1991 εἷ
757 1953 853 2004 λέγοι
873 1968 927 1992 σοι
949 1956 1063 1993 Nieh.
1075 1954 1085 2004 )

40 2013 213 2060 Μεὸὠδης
241 2013 350 2066 λύτρα
371 2014 473 2056 δῆθεν
497 2016 557 2051 τοῦ
576 2012 695 2065 Δάρας
726 2011 783 2050 τὸν
807 2011 956 2064 βασιλέα
985 2012 1089 2063 κομί-

39 2077 167 2111 σασθαι
187 2074 349 2124 Περσῶν,
370 2073 466 2125 αὐτῷ
487 2073 716 2119 πεισθήσεται
739 2074 757 2110 6
776 2074 919 2124 Καῖσαρ
939 2070 984 2110 τὰ
1003 2071 1090 2124 χρή-

39 2182 172 2215 inferret
185 2192 192 2214 :
206 2182 262 2215 sed
279 2182 366 2224 prius
381 2191 496 2214 aurum
507 2207 516 2223 ,
533 2182 620 2223 quod
642 2182 778 2214 Romani
795 2191 853 2222 pro
866 2182 1002 2214 induciis
1027 2183 1090 2214 im-

40 2234 222 2276 petrandis,
236 2243 316 2276 quas
330 2235 499 2267 Zacharias
508 2235 682 2275 pepigerat,
697 2233 933 2275 pependerant,
944 2234 985 2266 ad
997 2235 1091 2267 ratio-

39 2296 114 2320 nem
121 2288 188 2328 ejus
197 2288 360 2329 temporis,
368 2288 455 2329 quod
463 2288 502 2320 de
510 2288 647 2320 triennio
654 2288 843 2328 superesset,
852 2287 1090 2328 restituturum,

40 2341 73 2389 et
85 2340 130 2373 ita
146 2349 180 2372 se
195 2339 318 2372 bellum
331 2341 574 2372 renovaturum.
601 2341 693 2372 Hanc
705 2348 806 2380 quum
823 2339 904 2380 regis
922 2341 1091 2372 Persarum

40 2394 230 2426 sententiam
244 2402 312 2426 esse
328 2393 481 2426 Mebodes
506 2393 722 2433 renuntiaret,
738 2394 960 2425 Rornanorum
976 2393 1091 2433 princi-

41 2454 115 2488 pes,
136 2449 170 2479 s'e
185 2446 315 2488 quidem
340 2447 473 2479 minime
489 2447 636 2490 induaris
660 2447 693 2478 et
707 2445 827 2478 soedera
839 2447 1093 2486 transgressuros

41 2507 110 2531 esse
127 2499 279 2532 dixerunt
296 2509 304 2531 ε
327 2508 388 2531 nec
405 2501 534 2540 pactum
550 2508 618 2531 esse
629 2524 639 2540 ,
655 2500 692 2531 ut
706 2499 817 2532 liceret
832 2499 923 2531 alteri
938 2499 1091 2540 partium,

41 2552 190 2585 restituto
202 2552 290 2584 omni
303 2561 383 2584 auro
396 2554 451 2583 aut
461 2552 569 2593 aliqua
582 2553 650 2592 eJ'us
664 2553 754 2593 parte
765 2575 774 2592 ,
794 2552 913 2584 foedera
927 2561 1089 2593 rumpere.

41 2605 90 2636 De
102 2603 162 2636 hac
177 2613 212 2636 re
225 2605 336 2636 tamen
351 2605 475 2635 sec-reto
486 2605 637 2637 Mebodes
650 2607 681 2637 et
701 2604 872 2637 Zacharias
888 2604 1007 2636 ibidem
1019 2614 1093 2636 con-

42 2655 209 2688 venientes
221 2655 376 2687 collocuti
388 2655 618 2688 disseruerunt.
637 2657 758 2689 Deinde
774 2656 806 2688 bi
826 2656 890 2688 duo
903 2657 982 2697 viri,
1003 2666 1093 2688 com·

14 2718 16 2722 ’
43 2707 207 2739 municato
222 2707 354 2739 consilio
363 2731 373 2747 ,
387 2706 470 2739 inter
483 2716 516 2739 se
529 2709 781 2749 proposuerunt,
799 2717 873 2749 quae
886 2708 926 2739 ad
938 2717 1009 2740 eam
1023 2717 1091 2740 rem

44 2759 203 2799 pertinere
216 2758 491 2791 existimaverunt.
507 2761 588 2791 Tum
603 2759 699 2791 etiam
715 2760 796 2791 alter
808 2760 945 2793 alterum
961 2769 1092 2800 percun-

43 2811 150 2842 ctatus
163 2810 224 2850 est,
237 2810 355 2850 quibus
364 2810 598 2843 conditionibus
613 2811 695 2843 inter
709 2813 880 2853 utramque
889 2814 1016 2852 gentem
1028 2821 1091 2853 pax

44 2863 77 2895 et
89 2862 260 2895 concordia
279 2864 373 2896 esset.
403 2865 444 2895 Et
474 2863 626 2895 Mebodes
656 2866 875 2896 asseveranter
899 2865 1072 2897 affirmavit
1084 2890 1092 2905 ‚

43 2914 102 2946 sibi
120 2914 153 2946 in
166 2914 274 2946 animo
284 2923 371 2954 esse,
385 2923 458 2955 quae
469 2915 609 2947 maxime
623 2916 742 2947 Caesari
766 2916 954 2957 expedirent
977 2926 1093 2957 propo-

44 2973 138 3006 nere,
151 2967 185 2998 et
197 2966 243 2998 illi
258 2975 357 3007 quam
373 2968 515 2998 maxime
529 2976 650 2999 morem
664 2976 784 3008 gerere.
799 2969 968 3001 Zacharias
984 2971 1093 3001 autem

47 3017 187 3058 rogavit,
197 3026 239 3050 an
250 3017 316 3049 fieri
330 3019 449 3059 posset,
463 3020 499 3050 ut
511 3027 627 3050 aurum
639 3043 648 3058 ,
662 3019 688 3051 si
702 3020 786 3060 quod
798 3022 881 3052 esset
897 3022 1094 3052 conventum

46 3077 105 3110 pro
117 3069 248 3101 civitate
274 3071 393 3109 Daras,
408 3070 491 3101 clam
516 3071 666 3103 omnibus
681 3073 713 3103 et
735 3072 863 3104 nemine
884 3072 916 3103 id
940 3073 1095 3104 resciente

17 3154 24 3162 ,
46 3121 236 3153 solveretur.
253 3121 425 3153 Zacharias
447 3121 528 3154 dixit
549 3123 620 3161 boc,
637 3124 713 3163 quia
735 3133 754 3155 a
771 3125 898 3156 Caesare
925 3124 985 3155 hoc
1002 3134 1094 3155 man-

47 3174 158 3206 datum
183 3174 395 3206 occultissime
424 3174 483 3206 sibi
510 3175 668 3207 creditum
687 3177 776 3216 erat,
807 3186 912 3217 neque
943 3177 1010 3208 ullo
1032 3178 1094 3208 alio

47 3227 192 3265 conscio,
213 3236 311 3268 quam
332 3228 506 3267 Mauricio,
531 3229 620 3260 Pauli
644 3229 727 3268 filio,
746 3230 802 3270 qui
816 3230 934 3262 Caesari
951 3230 1033 3262 bene
1055 3240 1095 3262 ex

47 3278 154 3311 animo
167 3279 336 3320 cupiebat,
354 3281 386 3312 et
410 3281 489 3311 tunc
507 3281 661 3320 temporis
678 3281 829 3322 principis
845 3282 985 3313 rationes
1000 3291 1094 3313 cura-

49 3331 122 3372 bat,
134 3333 172 3364 ut
190 3341 230 3364 ne
242 3332 328 3365 ullus
342 3332 472 3373 quidem
501 3333 703 3374 imperatoris
724 3334 903 3366 scribarum
920 3335 1095 3375 quicquam

13 3378 15 3381 ’
49 3382 90 3415 de
101 3391 138 3416 ea
153 3392 186 3417 re
198 3383 352 3425 scriptum
366 3384 497 3417 baberet
507 3409 515 3424 ,
531 3394 594 3425 quo
615 3386 753 3418 Caesaris
775 3386 908 3418 consilia
923 3386 1096 3418 secretiora

50 3437 167 3468 essent.
185 3437 297 3476 ltaque
312 3435 438 3477 scripsit
456 3436 498 3468 ad
513 3437 717 3479 Zachariam,
744 3438 769 3470 si
789 3438 847 3479 ipsi
865 3438 1013 3470 Mebodes
1027 3439 1097 3479 pol—

2117 227 2189 262 251

1144 316 1240 350 ματα
1273 299 1499 346 καταθήσειν,
1535 300 1595 338 καὶ
1624 299 1664 347 δὴ
1693 301 1755 338 οὐκ
1784 302 1817 344 ἐς
1847 301 2037 349 ἀναὸολήν.
2069 306 2195 343 Ταῦτα

1143 359 1258 397 τοίνυν
1272 358 1451 411 Ζαχαρίου
1463 389 1474 407 ,
1490 360 1519 395 εἰ
1541 358 1599 396 καὶ
1615 358 1663 408 μὴ
1682 358 1891 411 ἀναφανδὸν,
1908 361 2195 412 ὓπαινιττομένου

1144 418 1179 456 δὲ
1205 417 1300 469 ὅμως
1325 420 1375 471 τῷ
1396 417 1577 469 Μεὸώδῃ,
1598 417 1695 455 οὐδὲν
1728 416 1787 468 ὅγε
1818 417 1948 469 ἔφασκε
1972 420 2052 472 περὶ
2073 421 2195 459 τούτου

1143 475 1393 530 ἐπιτετράφθαι
1417 476 1503 528 πρὸς
1531 479 1590 514 τοῦ
1616 476 1788 527 βασιλέως
1821 478 1982 529 Περσῶν,
2015 478 2094 517 οὐδὲ
2126 479 2196 529 μὴν

1144 535 1324 580 ἀνέξεσθαι
1355 534 1444 578 ὅλως
1471 534 1527 573 ἐπὶ
1559 535 1721 587 χρήμασι
1754 536 1955 585 μεταθεῖναι
1982 536 2023 574 τὸ
2061 538 2194 589 Δάρας.

1141 594 1390 634 Διεὸεὸαιοῦτο
1414 593 1483 646 [δὲ]
1501 593 1634 645 ἔμπης,
1653 593 1713 633 καὶ
1732 593 1847 648 ὅρκοις
1871 595 1961 634 τισὶν
1985 597 2133 635 ἐπετίθει
2156 597 2195 636 τὸ

1141 654 1278 702 πιστὸν,
1309 657 1355 698 ὡς
1385 658 1447 692 νῦν
1478 655 1508 692 εἷ
1530 653 1735 707 προέλθοιεν
1759 655 1794 692 αἱ
1829 653 2016 702 ξυνθῆκαι,
2051 655 2197 708 ὕστερον

1146 715 1300 752 αἰτοῦντι
1316 729 1367 752 τω
1386 712 1545 765 Καίσαρι
1563 711 1727 751 δώσειν“’
1703 729 1822 766 ωσπερ
1846 712 2018 767 ἐξαίρετόν
2039 730 2072 752 τι
2091 717 2200 767 δῶρον

2009 767 2030 775 συ
2078 767 2099 788 '3'

1143 772 1201 811 τὸν
1227 771 1374 825 βασιλεα
1393 774 1543 824 Περσῶν
1561 770 1622 819 τὴν
1642 772 1758 812 πόλιν.
1781 772 1963 824 Πρόδηλος
1990 776 2048 811 οὐν
2077 777 2118 820 ἠν
2147 775 2200 811 ἐν-

1144 835 1260 870 τευθεν
1281 831 1362 883 μὴ’
1347 830 1529 886 ερρωμένα
1551 833 1686 885 φρονῶν
1702 835 1745 885 τῇ
1765 831 1956 881 Ῥωμαίων
1977 834 2070 885 ἀρχῇ
2083 863 2092 879 ,
2111 832 2201 871 ἀλλὰ

1146 892 1266 944 πόρρω
1314 894 1376 939 τῆς
1421 889 1587 938 ἀληθείας
1629 890 1880 944 φθεγγόμενος,
1920 891 2128 943 βουλόμενός
2165 907 2202 930 τε

1145 950 1347 1001 Ῥωμαίους
1374 949 1436 1000 μὲν
1463 949 1623 1002 ἀμαχητὶ
1645 953 1929 1003 ὑπαναχωρῆσαι
1948 954 2010 998 τῆς
2034 954 2202 1004 Περσαρ-

1146 1009 1265 1061 μενίας
1297 1009 1357 1047 καὶ
1378 1008 1558 1061 Ἰὅηρίας,
1587 1010 1785 1047 τελευταῖον
1834 1008 1963 1062 ὲάμφὶ
1996 1013 2056 1047 τοῦ
2085 1009 2204 1060 Δάρας

1147 1071 1255 1107 αἰτεῖν
1275 1068 1336 1107 καὶ
1362 1071 1430 1106 τῶν
1452 1068 1723 1119 ἐπηγγελμένων
1754 1068 1882 1115 ἥκιστα
1911 1069 2108 1121 τυγχάνειν,
2129 1064 2204 1107 εἶτα

1147 1127 1211 1175 τὴν
1231 1130 1264 1166 ἐν
1288 1127 1423 1181 ὑστέρῳ
1442 1127 1586 1180 βουλὴν,
1605 1127 1697 1165 καθὰ
1727 1127 1838 1174 δήπου
1867 1127 1906 1166 τὸ
1934 1128 2205 1182 περιφερόμενον

1149 1185 1261 1226 ἐκεῖνό
1281 1202 1385 1240 φησι,
1406 1187 1455 1238 μὴ
1475 1186 1568 1239 ἔχειν
1590 1186 1703 1239 ἰσχὺν,
1720 1185 1839 1239 ὥσπερ
1855 1187 1916 1226 καὶ
1935 1188 2109 1232 Σουανίας
2125 1187 2206 1240 πέρι

1148 1247 1184 1284 ἐν
1203 1247 1254 1299 τῷ
1274 1245 1405 1299 πρώτῳ
1426 1244 1593 1292 ἠπατήθη
1614 1245 1748 1299 Πέτρος
1765 1245 1832 1284 ὑπὸ
1854 1250 1912 1284 τοῦ
1942 1246 2023 1299 Ζίχ.
2049 1246 2205 1298 Ὁμοίως

1149 1299 1207 1343 οὗν
1230 1305 1290 1343 καὶ
1311 1307 1329 1343 6
1352 1304 1527 1352 Μεὸώδης
1550 1304 1720 1352 ἠὸούλετο
1741 1305 1895 1358 δράσειν.
1921 1305 2024 1344 Ἐπεὶ
2051 1307 2087 1344 δὲ
2110 1305 2203 1359 ἑώρα

1147 1363 1332 1417 Ζαχαρίαν
1350 1363 1443 1402 ἐσότι
1462 1363 1741 1416 ἕμφρονέστατον
1759 1363 1820 1402 καὶ
1841 1366 1906 1416 οὐχ
1923 1359 2032 1403 οἷόντε
2057 1364 2094 1404 ὂν
2112 1366 2207 1418 αὐτῷ

1148 1421 1466 1475 παρακρούσασθαι
1486 1422 1544 1460 τὸν
1562 1422 1688 1476 ἄνδρα,
1709 1426 1726 1462 6
1747 1423 1782 1461 δὲ
1796 1423 1858 1470 τὴν
1879 1423 1999 1477 ἑτέραν
2017 1424 2204 1476 ἐτράπετο,

1147 1484 1194 1526 ὡς
1217 1481 1259 1520 ἂν
1280 1482 1399 1534 τρόπῳ
1414 1485 1457 1533 τῇ
1482 1482 1553 1535 (τῳ
1574 1481 1642 1534 Β.)
1661 1482 1781 1534 ἀπάτῃ
1804 1482 1979 1534 περιέλθοι
2004 1482 2083 1527 τοὺς
2108 1483 2205 1522 Ῥω-

1150 1541 1291 1592 μαίους.
1320 1540 1405 1580 Ἐπὶ
1435 1540 1560 1594 χρόνον
1586 1541 1655 1593 γάρ
1685 1557 1762 1579 τινα
1794 1540 1907 1593 ξυνῇει
1942 1544 1975 1586 ἐς
2002 1542 2109 1580 ταύτὸ
2138 1545 2209 1586 τοῖς

1147 1602 1238 1653 ἀμφὶ
1255 1600 1451 1652 Ζαχαρίαν,
1471 1599 1590 1639 ἐλπίσι
1614 1600 1760 1653 (ἐλπίδα
1778 1600 1844 1653 Β.)
1870 1601 2112 1654 ὑποστρωννὺς
2125 1634 2134 1649 ,
2163 1604 2209 1646 ὡς

1149 1658 1262 1697 ἔσοιτο
1292 1658 1410 1710 εἰρήνη
1444 1659 1504 1698 καὶ
1537 1662 1584 1704 ὡς
1615 1659 1789 1698 ἐπινεύσοι
1817 1663 1834 1697 ὁ
1863 1662 2010 1732 Περσῶν
2045 1661 2208 1713 βασιλεὺς

1148 1718 1307 1756 ἐνδοῦναι
1323 1717 1518 1769 “Ρωμαίοις
1534 1718 1572 1756 τὸ
1589 1717 1730 1770 Δάρας,
1747 1717 1859 1770 ταύτῃ
1875 1718 2030 1768 οἰόμενος
2049 1720 2207 1758 ἐκλύσειν

1149 1776 1212 1824 τὴν
1243 1779 1291 1822 εἷς
1321 1777 1380 1816 τὸν
1409 1777 1563 1827 πόλεμον
1584 1777 1780 1829 προθυμίαν
1813 1781 1873 1816 τοῦ
1908 1777 2100 1852 Καίσαρος.
2133 1779 2208 1818 Καὶ

1150 1830 1209 1874 ουν
1237 1838 1272 1875 ἐν
1294 1838 1442 1875 τοιοῖσδε
1471 1836 1679 1888 τριὸομένου
1711 1852 1771 1874 του
1803 1836 1952 1909 χρόνου,
1982 1838 2042 1875 καὶ
2073 1854 2141 1876 των
2176 1838 2210 1883 ἐς

1152 1896 1320 1948 ἑκατέρας
1339 1895 1517 1939 πολιτείας
1533 1894 1715 1948 πρέσὸεων
1735 1896 1817 1948 περὶ
1838 1899 1950 1933 ταῦτα
1971 1897 2209 1949 ἐνησγολημέ-

1150 1970 1232 2001 νων,
1250 1953 1342 1992 οὕτω
1358 1970 1396 1992 τε
1414 1953 1604 2007 φερομένου
1625 1957 1686 1992 τοῦ
1704 1953 1794 2007 ἑῴου
1807 1954 1963 2006 πολέμου
1982 1956 2037 1992 ἐπ’
2055 1956 2209 2004 ἀδήλοις,

1150 2012 1242 2051 κατὰ
1261 2012 1297 2051 δὲ
1317 2013 1356 2051 τὸ
1370 2013 1536 2066 τέταρτον
1557 2012 1631 2056 ἔτος
1642 2012 1809 2065 Τιὸερίου
1834 2013 2101 2052 Κωνσταντίνου
2122 2013 2207 2053 Καί-

1152 2088 1255 2125 σαρος
1275 2072 1453 2124 βασιλείας
1468 2074 1502 2110 ἐν
1513 2074 1557 2124 τῇ
1578 2070 1705 2125 Θρᾴκῃ
1725 2071 1915 2124 ξυνηνέχθη
1935 2071 1973 2110 τὸ
1989 2072 2206 2120 Σκλαὸηνῶν

1161 2184 1324 2223 liceretur,
1340 2194 1447 2225 regem
1460 2188 1627 2217 Persarum
1638 2188 1849 2226 accepturum
1860 2188 2010 2226 pecunias
2021 2196 2079 2227 pro
2091 2187 2214 2219 redem-

1160 2237 1269 2277 ptione
1286 2237 1375 2269 urbis
1392 2241 1491 2270 Daras
1501 2263 1511 2278 ,
1526 2240 1687 2271 Caesarem
1701 2240 1791 2271 nulla
1805 2249 1895 2271 mora
1910 2240 2099 2281 interposita
2115 2249 2215 2281 pecu-

1157 2289 1245 2322 niam
1259 2293 1506 2324 numeraturum
1523 2301 1602 2325 esse.
1631 2295 1710 2325 Haec
1729 2302 1831 2334 quum
1848 2303 1913 2326 non
1932 2296 2042 2335 aperte
2063 2294 2215 2334 quidem,

1158 2342 1214 2373 sed
1242 2342 1482 2376 obscurioribus
1497 2344 1605 2376 verbis
1621 2345 1790 2377 Zacharias
1818 2346 1946 2378 Mebodi
1973 2347 2148 2387 indicaret,
2166 2356 2215 2379 re-

1158 2393 1286 2432 spondit
1298 2394 1461 2435 Mebodes,
1475 2396 1555 2427 nibil
1570 2397 1626 2428 sibi
1641 2406 1660 2429 a
1673 2406 1747 2438 rege
1771 2400 1946 2430 Persarum
1965 2398 2005 2430 de
2018 2408 2055 2431 ea
2072 2409 2106 2431 re
2122 2408 2215 2431 man·

1157 2444 1289 2486 datum,
1307 2455 1412 2488 neque
1436 2449 1568 2481 omnino
1587 2459 1692 2490 regem
1721 2453 1823 2483 Daras
1838 2460 1896 2492 pro
1919 2452 2064 2492 pecuniis
2089 2453 2215 2485 restitui

1158 2506 1328 2537 passurum
1348 2508 1426 2531 esse.
1440 2500 1656 2533 Nihilominus
1668 2503 1778 2534 tamen
1793 2505 1953 2535 conventa
1967 2512 2017 2536 res
2029 2506 2080 2536 est
2094 2505 2128 2537 et
2144 2505 2215 2545 qui-

1158 2550 1294 2583 busdam
1309 2552 1501 2592 juramentis
1515 2554 1592 2586 tides
1607 2556 1749 2595 praestita
1766 2566 1772 2587 :
1790 2556 1815 2588 si
1829 2557 2070 2596 conventiones,
2086 2559 2122 2590 ut
2135 2560 2215 2590 tunc.

1157 2611 1191 2634 se
1210 2603 1389 2643 habebant,
1416 2609 1603 2646 manerent,
1632 2617 1741 2647 regem
1769 2607 1918 2649 deinceps
1940 2610 2062 2641 Caesari
2092 2610 2213 2650 petenti

1159 2655 1259 2687 Daras
1281 2658 1434 2697 tanquam
1466 2659 1626 2698 peculiare
1654 2659 1776 2691 donum
1798 2660 2006 2693 traditurum.
2026 2664 2097 2699 Qua
2122 2662 2154 2693 in
2178 2672 2212 2694 re

1157 2707 1233 2739 satis
1251 2710 1444 2750 apparebat,
1475 2720 1549 2743 eum
1576 2713 1709 2744 minime
1733 2713 1887 2745 salutaria
1905 2715 2051 2745 Romano
2076 2714 2212 2755 imperio

1157 2762 1294 2802 sentire,
1312 2764 1344 2794 et
1360 2773 1432 2804 quae
1445 2773 1463 2796 a
1477 2774 1554 2796 vero
1564 2766 1799 2805 abhorrebant,
1819 2767 1936 2798 dicere.
1954 2768 2035 2798 Nam
2050 2777 2087 2799 eo
2104 2768 2214 2800 tende·

1158 2813 1214 2846 bat
1226 2839 1236 2854 ,
1254 2817 1290 2847 ut
1303 2817 1440 2848 Romani
1450 2818 1518 2849 sine
1532 2819 1598 2849 ulla
1613 2828 1717 2859 pugna
1729 2820 1947 2851 Persarmenia
1957 2822 1989 2851 et
2004 2820 2109 2852 Iberia
2122 2830 2213 2852 exce-

1157 2867 1270 2899 derent
1289 2881 1297 2900 ε
1312 2868 1426 2901 deinde
1443 2870 1501 2901 sibi
1517 2873 1615 2902 Daras
1630 2871 1712 2903 tradi
1727 2873 1891 2912 peterent,
1907 2873 1993 2913 quod
2005 2874 2136 2905 minime
2152 2873 2211 2905 ob-

1158 2919 1297 2951 tinerent
1307 2945 1315 2959 ‚
1325 2921 1476 2952 nimi-rum
1485 2923 1560 2962 quia
1567 2931 1642 2962 quae
1650 2923 1681 2954 in
1690 2924 1857 2963 posteriori
1867 2925 2028 2965 colloquio
2036 2925 2212 2957 constituta

1159 2973 1280 3010 essent,
1296 2972 1461 3004 tritissima
1489 2974 1543 3005 illa
1559 2974 1735 3006 excusandi
1753 2975 1911 3015 formula,
1929 2977 2051 3008 nullam
2068 2977 2134 3008 vim
2153 2977 2211 3008 ha-

1159 3022 1271 3054 berent
1286 3032 1294 3054 :
1311 3023 1393 3055 sicut
1408 3025 1440 3055 et
1453 3026 1541 3065 prius
1556 3025 1596 3056 de
1615 3027 1732 3058 Suania
1756 3028 1871 3059 Petrus
1885 3027 2040 3068 deceptus
2067 3029 2172 3060 suerat
2191 3037 2211 3059 a

1158 3074 1265 3105 Zicho.
1281 3075 1370 3106 Idem
1387 3085 1517 3116 quoque
1531 3077 1681 3109 Mebodes
1691 3078 1819 3110 volebat
1834 3079 1947 3112 facere.
1964 3080 2025 3112 Ubi
2040 3089 2117 3111 vero
2131 3080 2212 3112 vidit

1159 3128 1180 3156 Z
1183 3126 1345 3157 achai-iam
1370 3128 1547 3159 cautiorem
1567 3138 1653 3169 esse,
1671 3139 1777 3170 neque
1792 3139 1825 3162 se
1845 3140 1937 3171 posse
1968 3132 2129 3163 bominem
2144 3140 2210 3172 quo

1161 3177 1288 3209 xolebat
1302 3179 1503 3219 perti-,abere
1519 3180 1580 3212 alia
1596 3189 1759 3221 aggressus
1772 3184 1821 3214 est
1843 3184 1913 3223 via,
1929 3185 1965 3214 ut
1989 3184 2096 3223 aliquo
2113 3183 2209 3214 modo

1160 3230 1272 3262 fraude
1284 3233 1447 3262 Romanos
1466 3231 1729 3265 circumveniret.
1750 3235 1863 3274 ltaque
1879 3235 1988 3274 paullo
2004 3235 2074 3274 post
2091 3235 2208 3266 Zacha-

1160 3283 1239 3314 riam
1253 3283 1404 3314 convenit
1428 3283 1460 3314 et
1475 3291 1563 3323 spem
1578 3284 1605 3315 ei
1619 3285 1781 3324 subdidit,
1799 3294 1911 3325 pacem
1932 3286 2092 3324 suturam,
2107 3286 2138 3317 et
2156 3294 2206 3317 re-

1158 3345 1229 3376 gem
1244 3338 1411 3367 Persarum
1429 3344 1660 3368 consensurum
1676 3339 1775 3369 Daras
1788 3338 1938 3378 reddere,
1958 3346 1996 3370 eo
2011 3338 2152 3377 consilio,
2173 3338 2207 3370 ut

1160 3386 1293 3418 Caesaris
1303 3386 1450 3418 alacritas
1457 3387 1488 3418 et
1502 3387 1576 3419 belli
1587 3388 1746 3429 cupiditas
1760 3388 1988 3429 languesceret.
2002 3391 2087 3420 Dum
2098 3388 2130 3419 in
2140 3388 2207 3420 istis

1158 3438 1360 3472 sermonibus
1372 3439 1468 3480 legati
1485 3440 1652 3481 utriusque
1665 3441 1766 3482 gentis
1779 3441 1926 3481 occupati
1938 3442 2062 3481 tempus
2076 3442 2203 3480 terunt,
