<?xml version="1.0" encoding="UTF-8"?>
<!DOCTYPE html PUBLIC "-//W3C//DTD XHTML 1.0 Transitional//EN"
    "http://www.w3.org/TR/xhtml1/DTD/xhtml1-transitional.dtd">
<html xmlns="http://www.w3.org/1999/xhtml" xml:lang="en" lang="en">
 <head>
  <title>
</title>
<meta http-equiv="Content-Type" content="text/html;charset=utf-8" />
  <meta name='ocr-system' content='tesseract 3.04.00' />
  <meta name='ocr-capabilities' content='ocr_page ocr_carea ocr_par ocr_line ocrx_word'/>
</head>
<body>
  <div class='ocr_page' id='page_1' title='image "./fragmentahistori04mueluoft/fragmentahistori04mueluoft_0611.png"; bbox 0 0 2372 3704; ppageno 0'>
   <div class='ocr_carea' id='block_1_1' title="bbox 0 291 15 931">
    <p class='ocr_par' dir='ltr' id='par_1_1' title="bbox 0 291 15 931">
     <span class='ocr_line' id='line_1_1' title="bbox 0 291 15 931; textangle 90"><span class='ocrx_word' id='word_1_1' title='bbox 0 911 6 931; x_wconf 54' lang='lat' dir='ltr'>w</span> <span class='ocrx_word' id='word_1_2' title='bbox 0 843 5 858; x_wconf 37' lang='grc' dir='ltr'>εἴ</span> <span class='ocrx_word' id='word_1_3' title='bbox 0 636 13 835; x_wconf 37' lang='grc' dir='ltr'>Ϋψτν-υνυἾ-πι,-ψ-ι</span> <span class='ocrx_word' id='word_1_4' title='bbox 0 346 15 626; x_wconf 35' lang='grc' dir='ltr'>εη-»ηψ-κ-οηψηρκσι-,ςμ</span> <span class='ocrx_word' id='word_1_5' title='bbox 7 322 12 330; x_wconf 72' lang='grc'>,,</span> <span class='ocrx_word' id='word_1_6' title='bbox 11 291 13 295; x_wconf 28' lang='lat'><strong><em>⁴</em></strong></span> 
     </span>
    </p>
   </div>
   <div class='ocr_carea' id='block_1_2' title="bbox 1039 182 2280 257">
    <p class='ocr_par' dir='ltr' id='par_1_2' title="bbox 1039 182 2280 257">
     <span class='ocr_line' id='line_1_2' title="bbox 1039 182 2280 257; baseline 0.013 -16"><span class='ocrx_word' id='word_1_7' title='bbox 1039 182 1379 244; x_wconf 67' lang='lat' dir='ltr'><strong>FRAGMENTA.</strong></span> <span class='ocrx_word' id='word_1_8' title='bbox 2204 223 2280 257; x_wconf 79' lang='lat'>599</span> 
     </span>
    </p>
   </div>
   <div class='ocr_carea' id='block_1_3' title="bbox 138 284 1181 399">
    <p class='ocr_par' dir='ltr' id='par_1_3' title="bbox 138 284 1181 399">
     <span class='ocr_line' id='line_1_3' title="bbox 138 284 1180 341; baseline 0.007 -18"><span class='ocrx_word' id='word_1_9' title='bbox 138 287 206 324; x_wconf 79' lang='grc' dir='ltr'>τῶν</span> <span class='ocrx_word' id='word_1_10' title='bbox 222 287 444 339; x_wconf 76' lang='grc' dir='ltr'>στρατιωτῶν</span> <span class='ocrx_word' id='word_1_11' title='bbox 464 285 523 324; x_wconf 85' lang='grc' dir='ltr'>καὶ</span> <span class='ocrx_word' id='word_1_12' title='bbox 543 284 593 337; x_wconf 83' lang='grc' dir='ltr'>μὴ</span> <span class='ocrx_word' id='word_1_13' title='bbox 616 286 736 339; x_wconf 82' lang='grc' dir='ltr'>παρὼν</span> <span class='ocrx_word' id='word_1_14' title='bbox 756 287 863 340; x_wconf 81' lang='grc' dir='ltr'>ᾑρέθη</span> <span class='ocrx_word' id='word_1_15' title='bbox 876 303 884 312; x_wconf 84' lang='grc'><em>·</em></span> <span class='ocrx_word' id='word_1_16' title='bbox 902 289 1124 341; x_wconf 87' lang='grc' dir='ltr'>περιθέμενός</span> <span class='ocrx_word' id='word_1_17' title='bbox 1143 308 1180 330; x_wconf 87' lang='grc' dir='ltr'>τε</span> 
     </span>
     <span class='ocr_line' id='line_1_4' title="bbox 138 344 1181 399; baseline 0.006 -17"><span class='ocrx_word' id='word_1_18' title='bbox 138 344 202 391; x_wconf 77' lang='grc' dir='ltr'>τὴν</span> <span class='ocrx_word' id='word_1_19' title='bbox 226 344 405 399; x_wconf 82' lang='grc' dir='ltr'>πορφύραν</span> <span class='ocrx_word' id='word_1_20' title='bbox 421 346 456 383; x_wconf 92' lang='grc' dir='ltr'>ἐν</span> <span class='ocrx_word' id='word_1_21' title='bbox 476 346 708 399; x_wconf 87' lang='grc' dir='ltr'>Βουρδογάλῳ</span> <span class='ocrx_word' id='word_1_22' title='bbox 723 347 824 385; x_wconf 89' lang='grc' dir='ltr'>πόλει</span> <span class='ocrx_word' id='word_1_23' title='bbox 843 349 904 394; x_wconf 75' lang='grc' dir='ltr'>τῆς</span> <span class='ocrx_word' id='word_1_24' title='bbox 929 348 1105 394; x_wconf 84' lang='grc' dir='ltr'>Γαλατίας</span> <span class='ocrx_word' id='word_1_25' title='bbox 1120 365 1181 399; x_wconf 80' lang='grc' dir='ltr'>με·</span> 
     </span>
    </p>
   </div>
   <div class='ocr_carea' id='block_1_4' title="bbox 95 402 640 456">
    <p class='ocr_par' dir='ltr' id='par_1_4' title="bbox 95 402 640 456">
     <span class='ocr_line' id='line_1_5' title="bbox 95 402 640 456; baseline 0 -15"><span class='ocrx_word' id='word_1_26' title='bbox 95 451 99 456; x_wconf 38' lang='grc'><em>.</em></span> <span class='ocrx_word' id='word_1_27' title='bbox 136 403 270 455; x_wconf 83' lang='grc' dir='ltr'>γίσταις</span> <span class='ocrx_word' id='word_1_28' title='bbox 289 402 436 442; x_wconf 82' lang='grc' dir='ltr'>ἀνέπεσε</span> <span class='ocrx_word' id='word_1_29' title='bbox 454 407 640 456; x_wconf 83' lang='grc' dir='ltr'>ταραχαῖς.</span> 
     </span>
    </p>
   </div>
   <div class='ocr_carea' id='block_1_5' title="bbox 135 461 1180 693">
    <p class='ocr_par' dir='ltr' id='par_1_5' title="bbox 135 461 1180 693">
     <span class='ocr_line' id='line_1_6' title="bbox 189 461 1180 518; baseline 0.003 -18"><span class='ocrx_word' id='word_1_30' title='bbox 189 475 221 502; x_wconf 81' lang='lat'>2.</span> <span class='ocrx_word' id='word_1_31' title='bbox 251 461 336 502; x_wconf 63' lang='grc' dir='ltr'>’Ὀτι</span> <span class='ocrx_word' id='word_1_32' title='bbox 354 461 541 507; x_wconf 89' lang='grc' dir='ltr'>Ὀδέναθος</span> <span class='ocrx_word' id='word_1_33' title='bbox 558 462 592 508; x_wconf 85' lang='grc' dir='ltr'>ἐξ</span> <span class='ocrx_word' id='word_1_34' title='bbox 612 462 797 510; x_wconf 70' lang='grc' dir='ltr'>ἐπιδουλῆς</span> <span class='ocrx_word' id='word_1_35' title='bbox 814 463 1010 511; x_wconf 79' lang='grc' dir='ltr'>Γάλλιηνοῧ</span> <span class='ocrx_word' id='word_1_36' title='bbox 1028 465 1180 518; x_wconf 86' lang='grc' dir='ltr'>ἀναιρεῖ-</span> 
     </span>
     <span class='ocr_line' id='line_1_7' title="bbox 136 520 1178 573; baseline 0.003 -15"><span class='ocrx_word' id='word_1_37' title='bbox 136 535 214 558; x_wconf 89' lang='grc' dir='ltr'>ται·</span> <span class='ocrx_word' id='word_1_38' title='bbox 234 520 295 560; x_wconf 84' lang='grc' dir='ltr'>καὶ</span> <span class='ocrx_word' id='word_1_39' title='bbox 313 523 382 560; x_wconf 86' lang='grc' dir='ltr'>τῶν</span> <span class='ocrx_word' id='word_1_40' title='bbox 399 523 510 560; x_wconf 83' lang='grc' dir='ltr'>ἐκεῖσε</span> <span class='ocrx_word' id='word_1_41' title='bbox 525 522 744 573; x_wconf 86' lang='grc' dir='ltr'>πραγμάτων</span> <span class='ocrx_word' id='word_1_42' title='bbox 759 521 1056 572; x_wconf 73' lang='grc' dir='ltr'>ἀντιλαμὸάνεται</span> <span class='ocrx_word' id='word_1_43' title='bbox 1070 525 1178 569; x_wconf 91' lang='grc' dir='ltr'>Ζηνο-</span> 
     </span>
     <span class='ocr_line' id='line_1_8' title="bbox 137 578 1180 634; baseline 0.001 -16"><span class='ocrx_word' id='word_1_44' title='bbox 137 578 217 627; x_wconf 70' lang='grc' dir='ltr'>ὅία,</span> <span class='ocrx_word' id='word_1_45' title='bbox 237 583 445 619; x_wconf 71' lang='grc' dir='ltr'>συνοικοῦσα</span> <span class='ocrx_word' id='word_1_46' title='bbox 466 581 528 631; x_wconf 88' lang='grc' dir='ltr'>μὲν</span> <span class='ocrx_word' id='word_1_47' title='bbox 546 580 748 633; x_wconf 84' lang='grc' dir='ltr'>Ὀδενάθῳ,</span> <span class='ocrx_word' id='word_1_48' title='bbox 767 580 964 633; x_wconf 81' lang='grc' dir='ltr'>φρονήματι</span> <span class='ocrx_word' id='word_1_49' title='bbox 982 579 1017 619; x_wconf 81' lang='grc' dir='ltr'>δὲ</span> <span class='ocrx_word' id='word_1_50' title='bbox 1035 581 1180 634; x_wconf 84' lang='grc' dir='ltr'>ἀνδρείῳ</span> 
     </span>
     <span class='ocr_line' id='line_1_9' title="bbox 135 638 1178 693; baseline 0.001 -16"><span class='ocrx_word' id='word_1_51' title='bbox 135 640 316 691; x_wconf 85' lang='grc' dir='ltr'>χρωμένη,</span> <span class='ocrx_word' id='word_1_52' title='bbox 336 639 396 678; x_wconf 74' lang='grc' dir='ltr'>καὶ</span> <span class='ocrx_word' id='word_1_53' title='bbox 409 638 466 678; x_wconf 85' lang='grc' dir='ltr'>διὰ</span> <span class='ocrx_word' id='word_1_54' title='bbox 480 642 547 679; x_wconf 86' lang='grc' dir='ltr'>τῶν</span> <span class='ocrx_word' id='word_1_55' title='bbox 563 639 683 693; x_wconf 83' lang='grc' dir='ltr'>ἐκείνῳ</span> <span class='ocrx_word' id='word_1_56' title='bbox 697 640 868 679; x_wconf 86' lang='grc' dir='ltr'>συνόντων</span> <span class='ocrx_word' id='word_1_57' title='bbox 883 639 941 678; x_wconf 86' lang='grc' dir='ltr'>τὸν</span> <span class='ocrx_word' id='word_1_58' title='bbox 957 640 1102 679; x_wconf 88' lang='grc' dir='ltr'>θάνατον</span> <span class='ocrx_word' id='word_1_59' title='bbox 1119 643 1178 679; x_wconf 76' lang='grc' dir='ltr'>τοῦ</span> 
     </span>
    </p>
   </div>
   <div class='ocr_carea' id='block_1_6' title="bbox 71 697 469 752">
    <p class='ocr_par' dir='ltr' id='par_1_6' title="bbox 71 697 469 752">
     <span class='ocr_line' id='line_1_10' title="bbox 71 697 469 752; baseline 0.003 -15"><span class='ocrx_word' id='word_1_60' title='bbox 71 725 82 737; x_wconf 84' lang='grc'><strong><em>,</em></strong></span> <span class='ocrx_word' id='word_1_61' title='bbox 135 697 256 752; x_wconf 86' lang='grc' dir='ltr'>ἀνδρὸς</span> <span class='ocrx_word' id='word_1_62' title='bbox 272 698 469 739; x_wconf 82' lang='grc' dir='ltr'>ἐκδικοῧσα.</span> 
     </span>
    </p>
   </div>
   <div class='ocr_carea' id='block_1_7' title="bbox 130 755 1178 1099">
    <p class='ocr_par' dir='ltr' id='par_1_7' title="bbox 130 755 1178 1099">
     <span class='ocr_line' id='line_1_11' title="bbox 187 755 1178 810; baseline -0.001 -14"><span class='ocrx_word' id='word_1_63' title='bbox 187 770 220 796; x_wconf 80' lang='grc'>3.</span> <span class='ocrx_word' id='word_1_64' title='bbox 250 755 336 797; x_wconf 86' lang='grc' dir='ltr'>Ὅτι</span> <span class='ocrx_word' id='word_1_65' title='bbox 362 757 554 805; x_wconf 82' lang='grc' dir='ltr'>Γαλλιηνὸς</span> <span class='ocrx_word' id='word_1_66' title='bbox 580 756 661 810; x_wconf 73' lang='grc' dir='ltr'>περὶ</span> <span class='ocrx_word' id='word_1_67' title='bbox 684 757 899 797; x_wconf 80' lang='grc' dir='ltr'>Μεδιόλανον</span> <span class='ocrx_word' id='word_1_68' title='bbox 921 756 1033 804; x_wconf 90' lang='grc' dir='ltr'>πόλιν,</span> <span class='ocrx_word' id='word_1_69' title='bbox 1051 757 1112 795; x_wconf 77' lang='grc' dir='ltr'>σὺν</span> <span class='ocrx_word' id='word_1_70' title='bbox 1129 759 1178 809; x_wconf 80' lang='grc' dir='ltr'>τῷ</span> 
     </span>
     <span class='ocr_line' id='line_1_12' title="bbox 134 815 1178 869; baseline 0.001 -17"><span class='ocrx_word' id='word_1_71' title='bbox 134 815 274 869; x_wconf 81' lang='grc' dir='ltr'>ἀδελφῷ</span> <span class='ocrx_word' id='word_1_72' title='bbox 293 817 516 868; x_wconf 81' lang='grc' dir='ltr'>Βαλεριανῷ,</span> <span class='ocrx_word' id='word_1_73' title='bbox 535 819 623 867; x_wconf 86' lang='grc' dir='ltr'>μετὰ</span> <span class='ocrx_word' id='word_1_74' title='bbox 640 815 702 862; x_wconf 84' lang='grc' dir='ltr'>τὴν</span> <span class='ocrx_word' id='word_1_75' title='bbox 724 819 782 854; x_wconf 82' lang='grc' dir='ltr'>τοῦ</span> <span class='ocrx_word' id='word_1_76' title='bbox 799 815 930 868; x_wconf 83' lang='grc' dir='ltr'>πατρὸς</span> <span class='ocrx_word' id='word_1_77' title='bbox 947 815 1124 862; x_wconf 77' lang='grc' dir='ltr'>τελευτὴν,</span> <span class='ocrx_word' id='word_1_78' title='bbox 1144 815 1178 860; x_wconf 85' lang='grc' dir='ltr'>ὃς</span> 
     </span>
     <span class='ocr_line' id='line_1_13' title="bbox 133 871 1176 925; baseline 0.001 -15"><span class='ocrx_word' id='word_1_79' title='bbox 133 871 357 912; x_wconf 75' lang='grc' dir='ltr'>ἐὸασίλευσεν</span> <span class='ocrx_word' id='word_1_80' title='bbox 373 873 546 918; x_wconf 85' lang='grc' dir='ltr'>ἐνιαυτοὺς</span> <span class='ocrx_word' id='word_1_81' title='bbox 562 873 595 918; x_wconf 80' lang='grc' dir='ltr'>ἓξ</span> <span class='ocrx_word' id='word_1_82' title='bbox 605 903 615 920; x_wconf 89' lang='grc'>,</span> <span class='ocrx_word' id='word_1_83' title='bbox 630 873 700 912; x_wconf 84' lang='grc' dir='ltr'>ἀπὸ</span> <span class='ocrx_word' id='word_1_84' title='bbox 715 878 774 911; x_wconf 79' lang='grc' dir='ltr'>τοῦ</span> <span class='ocrx_word' id='word_1_85' title='bbox 791 875 983 924; x_wconf 87' lang='grc' dir='ltr'>Δελματῶν</span> <span class='ocrx_word' id='word_1_86' title='bbox 997 873 1176 925; x_wconf 71' lang='grc' dir='ltr'>ἱππάρχου</span> 
     </span>
     <span class='ocr_line' id='line_1_14' title="bbox 133 926 1178 985; baseline 0.001 -17"><span class='ocrx_word' id='word_1_87' title='bbox 133 932 418 970; x_wconf 85' lang='grc' dir='ltr'>κατακτείνεται·</span> <span class='ocrx_word' id='word_1_88' title='bbox 440 926 536 976; x_wconf 68' lang='grc' dir='ltr'>οἶτος</span> <span class='ocrx_word' id='word_1_89' title='bbox 555 931 590 970; x_wconf 82' lang='grc' dir='ltr'>δὲ</span> <span class='ocrx_word' id='word_1_90' title='bbox 608 927 650 979; x_wconf 71' lang='grc' dir='ltr'>ἦν</span> <span class='ocrx_word' id='word_1_91' title='bbox 672 932 936 985; x_wconf 81' lang='grc' dir='ltr'>Ἥρακλειανὸς,</span> <span class='ocrx_word' id='word_1_92' title='bbox 959 931 995 976; x_wconf 83' lang='grc' dir='ltr'>ὃς</span> <span class='ocrx_word' id='word_1_93' title='bbox 1012 947 1178 983; x_wconf 85' lang='grc' dir='ltr'>συμπρα-</span> 
     </span>
     <span class='ocr_line' id='line_1_15' title="bbox 133 987 1177 1043; baseline 0.001 -16"><span class='ocrx_word' id='word_1_94' title='bbox 133 987 277 1039; x_wconf 78' lang='grc' dir='ltr'>ξάμενος</span> <span class='ocrx_word' id='word_1_95' title='bbox 301 990 467 1043; x_wconf 86' lang='grc' dir='ltr'>Κλαυδίῳ</span> <span class='ocrx_word' id='word_1_96' title='bbox 496 990 552 1028; x_wconf 87' lang='grc' dir='ltr'>διά</span> <span class='ocrx_word' id='word_1_97' title='bbox 580 1005 670 1035; x_wconf 88' lang='grc' dir='ltr'>τινος</span> <span class='ocrx_word' id='word_1_98' title='bbox 695 993 762 1029; x_wconf 87' lang='grc' dir='ltr'>τῶν</span> <span class='ocrx_word' id='word_1_99' title='bbox 789 990 1057 1043; x_wconf 84' lang='grc' dir='ltr'>τολμηροτάτων</span> <span class='ocrx_word' id='word_1_100' title='bbox 1085 989 1177 1028; x_wconf 86' lang='grc' dir='ltr'>κατὰ</span> 
     </span>
     <span class='ocr_line' id='line_1_16' title="bbox 130 1046 863 1099; baseline 0.007 -14"><span class='ocrx_word' id='word_1_101' title='bbox 130 1046 170 1086; x_wconf 85' lang='grc' dir='ltr'>τὸ</span> <span class='ocrx_word' id='word_1_102' title='bbox 189 1047 324 1086; x_wconf 86' lang='grc' dir='ltr'>δεῖπνον</span> <span class='ocrx_word' id='word_1_103' title='bbox 341 1048 398 1087; x_wconf 85' lang='grc' dir='ltr'>τὸν</span> <span class='ocrx_word' id='word_1_104' title='bbox 416 1048 610 1096; x_wconf 83' lang='grc' dir='ltr'>Γαλλιηνὸν</span> <span class='ocrx_word' id='word_1_105' title='bbox 633 1048 863 1099; x_wconf 80' lang='grc' dir='ltr'>ἀποσφάττει.</span> 
     </span>
    </p>
   </div>
   <div class='ocr_carea' id='block_1_8' title="bbox 613 1137 700 1177">
    <p class='ocr_par' dir='ltr' id='par_1_8' title="bbox 613 1137 700 1177">
     <span class='ocr_line' id='line_1_17' title="bbox 613 1137 700 1177; baseline 0.034 -3"><span class='ocrx_word' id='word_1_106' title='bbox 613 1137 700 1177; x_wconf 84' lang='lat'>153.</span> 
     </span>
    </p>
   </div>
   <div class='ocr_carea' id='block_1_9' title="bbox 469 1224 784 1263">
    <p class='ocr_par' dir='ltr' id='par_1_9' title="bbox 469 1224 784 1263">
     <span class='ocr_line' id='line_1_18' title="bbox 469 1224 784 1263; baseline 0 0"><span class='ocrx_word' id='word_1_107' title='bbox 469 1232 475 1240; x_wconf 88' lang='lat'>&#39;</span> <span class='ocrx_word' id='word_1_108' title='bbox 519 1224 784 1263; x_wconf 85' lang='grc' dir='ltr'>ΚΛΑΥΔΙΟΣ.</span> 
     </span>
    </p>
   </div>
   <div class='ocr_carea' id='block_1_10' title="bbox 129 1302 1175 1797">
    <p class='ocr_par' dir='ltr' id='par_1_10' title="bbox 129 1302 1175 1649">
     <span class='ocr_line' id='line_1_19' title="bbox 182 1302 1174 1356; baseline 0 -14"><span class='ocrx_word' id='word_1_109' title='bbox 182 1307 274 1344; x_wconf 86' lang='lat' dir='ltr'><strong>Exc.</strong></span> <span class='ocrx_word' id='word_1_110' title='bbox 293 1307 349 1342; x_wconf 89' lang='lat' dir='ltr'>De</span> <span class='ocrx_word' id='word_1_111' title='bbox 366 1306 437 1341; x_wconf 90' lang='lat' dir='ltr'>ins.</span> <span class='ocrx_word' id='word_1_112' title='bbox 459 1318 499 1353; x_wconf 88' lang='lat' dir='ltr'>p.</span> <span class='ocrx_word' id='word_1_113' title='bbox 524 1304 574 1342; x_wconf 85' lang='lat'>58</span> <span class='ocrx_word' id='word_1_114' title='bbox 599 1319 607 1342; x_wconf 90' lang='lat'>:</span> <span class='ocrx_word' id='word_1_115' title='bbox 628 1302 716 1343; x_wconf 72' lang='lat' dir='ltr'>‘&#39;O-et</span> <span class='ocrx_word' id='word_1_116' title='bbox 736 1304 794 1342; x_wconf 83' lang='grc' dir='ltr'>ἐπὶ</span> <span class='ocrx_word' id='word_1_117' title='bbox 817 1303 992 1343; x_wconf 80' lang='grc' dir='ltr'>Κλαυδίου</span> <span class='ocrx_word' id='word_1_118' title='bbox 1022 1307 1081 1342; x_wconf 78' lang='grc' dir='ltr'>τοῦ</span> <span class='ocrx_word' id='word_1_119' title='bbox 1106 1307 1174 1356; x_wconf 84' lang='grc' dir='ltr'>βα-</span> 
     </span>
     <span class='ocr_line' id='line_1_20' title="bbox 130 1361 1175 1415; baseline 0 -14"><span class='ocrx_word' id='word_1_120' title='bbox 130 1362 253 1406; x_wconf 84' lang='grc' dir='ltr'>σιλέως</span> <span class='ocrx_word' id='word_1_121' title='bbox 273 1362 438 1414; x_wconf 86' lang='grc' dir='ltr'>Αὖρίολος</span> <span class='ocrx_word' id='word_1_122' title='bbox 455 1362 512 1400; x_wconf 81' lang='grc' dir='ltr'>ἐπὶ</span> <span class='ocrx_word' id='word_1_123' title='bbox 531 1361 654 1415; x_wconf 80' lang='grc' dir='ltr'>χρόνον</span> <span class='ocrx_word' id='word_1_124' title='bbox 673 1362 798 1415; x_wconf 82' lang='grc' dir='ltr'>συχνὸν</span> <span class='ocrx_word' id='word_1_125' title='bbox 818 1361 883 1407; x_wconf 85' lang='grc' dir='ltr'>ἔξω</span> <span class='ocrx_word' id='word_1_126' title='bbox 898 1365 960 1409; x_wconf 78' lang='grc' dir='ltr'>τῆς</span> <span class='ocrx_word' id='word_1_127' title='bbox 979 1364 1175 1409; x_wconf 79' lang='grc' dir='ltr'>Γαλλιηνοῧ</span> 
     </span>
     <span class='ocr_line' id='line_1_21' title="bbox 129 1419 1175 1473; baseline 0 -15"><span class='ocrx_word' id='word_1_128' title='bbox 129 1419 355 1466; x_wconf 67' lang='grc' dir='ltr'>καταστήσας</span> <span class='ocrx_word' id='word_1_129' title='bbox 386 1420 509 1459; x_wconf 84' lang='grc' dir='ltr'>ἑαυτὸν</span> <span class='ocrx_word' id='word_1_130' title='bbox 536 1420 708 1469; x_wconf 84' lang='grc' dir='ltr'>ἐξουσίας,</span> <span class='ocrx_word' id='word_1_131' title='bbox 741 1421 1028 1472; x_wconf 81' lang='grc' dir='ltr'>ἐπικηρυκεύεται</span> <span class='ocrx_word' id='word_1_132' title='bbox 1059 1436 1175 1473; x_wconf 89' lang='grc' dir='ltr'>παρα-</span> 
     </span>
     <span class='ocr_line' id='line_1_22' title="bbox 129 1478 1175 1531; baseline 0 -14"><span class='ocrx_word' id='word_1_133' title='bbox 129 1482 252 1531; x_wconf 77' lang='grc' dir='ltr'>χρῆμα</span> <span class='ocrx_word' id='word_1_134' title='bbox 269 1478 354 1531; x_wconf 82' lang='grc' dir='ltr'>πρὸς</span> <span class='ocrx_word' id='word_1_135' title='bbox 380 1479 568 1530; x_wconf 84' lang='grc' dir='ltr'>Κλαύδιον,</span> <span class='ocrx_word' id='word_1_136' title='bbox 589 1479 649 1517; x_wconf 79' lang='grc' dir='ltr'>καὶ</span> <span class='ocrx_word' id='word_1_137' title='bbox 666 1478 842 1531; x_wconf 72' lang='grc' dir='ltr'>παραδοὺς</span> <span class='ocrx_word' id='word_1_138' title='bbox 861 1478 999 1529; x_wconf 77' lang='grc' dir='ltr'>ἑαυτὸν,</span> <span class='ocrx_word' id='word_1_139' title='bbox 1021 1478 1087 1517; x_wconf 77' lang='grc' dir='ltr'>ὑπὸ</span> <span class='ocrx_word' id='word_1_140' title='bbox 1106 1482 1175 1517; x_wconf 86' lang='grc' dir='ltr'>τῶν</span> 
     </span>
     <span class='ocr_line' id='line_1_23' title="bbox 129 1536 1174 1590; baseline 0 -14"><span class='ocrx_word' id='word_1_141' title='bbox 129 1538 209 1590; x_wconf 84' lang='grc' dir='ltr'>περὶ</span> <span class='ocrx_word' id='word_1_142' title='bbox 229 1537 288 1576; x_wconf 83' lang='grc' dir='ltr'>τὸν</span> <span class='ocrx_word' id='word_1_143' title='bbox 310 1536 457 1589; x_wconf 84' lang='grc' dir='ltr'>βασιλέα</span> <span class='ocrx_word' id='word_1_144' title='bbox 478 1541 700 1589; x_wconf 86' lang='grc' dir='ltr'>στρατιωτῶν</span> <span class='ocrx_word' id='word_1_145' title='bbox 728 1540 922 1590; x_wconf 88' lang='grc' dir='ltr'>ἀναιρεῖται</span> <span class='ocrx_word' id='word_1_146' title='bbox 951 1541 1002 1590; x_wconf 45' lang='grc' dir='ltr'>τῇ.</span> <span class='ocrx_word' id='word_1_147' title='bbox 1026 1537 1082 1576; x_wconf 82' lang='grc' dir='ltr'>διὰ</span> <span class='ocrx_word' id='word_1_148' title='bbox 1111 1537 1174 1585; x_wconf 84' lang='grc' dir='ltr'>τὴν</span> 
     </span>
     <span class='ocr_line' id='line_1_24' title="bbox 129 1594 638 1649; baseline 0.004 -15"><span class='ocrx_word' id='word_1_149' title='bbox 129 1595 323 1635; x_wconf 83' lang='grc' dir='ltr'>ἀπόστασιν</span> <span class='ocrx_word' id='word_1_150' title='bbox 342 1594 518 1649; x_wconf 82' lang='grc' dir='ltr'>ἐχομένων</span> <span class='ocrx_word' id='word_1_151' title='bbox 537 1598 638 1649; x_wconf 83' lang='grc' dir='ltr'>ὀργῇ.</span> 
     </span>
    </p>

    <p class='ocr_par' dir='ltr' id='par_1_11' title="bbox 463 1670 803 1797">
     <span class='ocr_line' id='line_1_25' title="bbox 611 1670 696 1715; baseline -0.024 -6"><span class='ocrx_word' id='word_1_152' title='bbox 611 1670 696 1715; x_wconf 78' lang='grc'><strong>154.</strong></span> 
     </span>
     <span class='ocr_line' id='line_1_26' title="bbox 463 1754 803 1797; baseline -0.012 -1"><span class='ocrx_word' id='word_1_153' title='bbox 463 1795 465 1797; x_wconf 78' lang='grc'>,</span> <span class='ocrx_word' id='word_1_154' title='bbox 495 1754 803 1794; x_wconf 85' lang='grc' dir='ltr'>ΚΥΝΤΙΛΛΟΣ.</span> 
     </span>
    </p>
   </div>
   <div class='ocr_carea' id='block_1_11' title="bbox 123 1832 1174 2167">
    <p class='ocr_par' dir='ltr' id='par_1_12' title="bbox 123 1832 1174 2167">
     <span class='ocr_line' id='line_1_27' title="bbox 181 1832 1171 1887; baseline -0.003 -13"><span class='ocrx_word' id='word_1_155' title='bbox 181 1835 281 1874; x_wconf 90' lang='lat' dir='ltr'>lbid.</span> <span class='ocrx_word' id='word_1_156' title='bbox 312 1848 353 1885; x_wconf 90' lang='lat' dir='ltr'>p.</span> <span class='ocrx_word' id='word_1_157' title='bbox 374 1835 423 1873; x_wconf 82' lang='lat'>58</span> <span class='ocrx_word' id='word_1_158' title='bbox 442 1848 452 1874; x_wconf 69' lang='grc' dir='ltr'>ε</span> <span class='ocrx_word' id='word_1_159' title='bbox 471 1832 558 1874; x_wconf 65' lang='grc' dir='ltr'>εὈτι</span> <span class='ocrx_word' id='word_1_160' title='bbox 587 1832 776 1877; x_wconf 82' lang='grc' dir='ltr'>Κυντίλλος</span> <span class='ocrx_word' id='word_1_161' title='bbox 802 1833 946 1887; x_wconf 78' lang='grc' dir='ltr'>ἀδελφὸς</span> <span class='ocrx_word' id='word_1_162' title='bbox 971 1832 1145 1873; x_wconf 86' lang='grc' dir='ltr'>Κλαυδίου</span> <span class='ocrx_word' id='word_1_163' title='bbox 1159 1864 1171 1885; x_wconf 89' lang='grc'>,</span> 
     </span>
     <span class='ocr_line' id='line_1_28' title="bbox 125 1891 1171 1944; baseline -0.001 -14"><span class='ocrx_word' id='word_1_164' title='bbox 125 1892 161 1936; x_wconf 82' lang='grc' dir='ltr'>ὃς</span> <span class='ocrx_word' id='word_1_165' title='bbox 175 1892 381 1931; x_wconf 78' lang='grc' dir='ltr'>ἐὸασίλευσε</span> <span class='ocrx_word' id='word_1_166' title='bbox 397 1892 602 1942; x_wconf 86' lang='grc' dir='ltr'>Ῥωμαίων,</span> <span class='ocrx_word' id='word_1_167' title='bbox 618 1891 694 1942; x_wconf 84' lang='grc' dir='ltr'>ἅμα</span> <span class='ocrx_word' id='word_1_168' title='bbox 710 1894 758 1944; x_wconf 83' lang='grc' dir='ltr'>τῷ</span> <span class='ocrx_word' id='word_1_169' title='bbox 770 1894 900 1943; x_wconf 88' lang='grc' dir='ltr'>γνῶναι</span> <span class='ocrx_word' id='word_1_170' title='bbox 913 1891 976 1938; x_wconf 90' lang='grc' dir='ltr'>τὴν</span> <span class='ocrx_word' id='word_1_171' title='bbox 993 1891 1171 1944; x_wconf 86' lang='grc' dir='ltr'>βασιλείαν</span> 
     </span>
     <span class='ocr_line' id='line_1_29' title="bbox 125 1950 1174 2004; baseline -0.002 -15"><span class='ocrx_word' id='word_1_172' title='bbox 125 1952 337 2004; x_wconf 82' lang='grc' dir='ltr'>Αὗρηλιανῷ</span> <span class='ocrx_word' id='word_1_173' title='bbox 350 1950 650 2004; x_wconf 80' lang='grc' dir='ltr'>παραδεδομένην,</span> <span class='ocrx_word' id='word_1_174' title='bbox 669 1950 788 1988; x_wconf 79' lang='grc' dir='ltr'>ἑκόντα</span> <span class='ocrx_word' id='word_1_175' title='bbox 809 1954 870 1997; x_wconf 73' lang='grc' dir='ltr'>τῆς</span> <span class='ocrx_word' id='word_1_176' title='bbox 886 1952 997 2002; x_wconf 74' lang='grc' dir='ltr'>ἀρχῆς</span> <span class='ocrx_word' id='word_1_177' title='bbox 1015 1953 1174 1997; x_wconf 77' lang='grc' dir='ltr'>ἀποστῆ-</span> 
     </span>
     <span class='ocr_line' id='line_1_30' title="bbox 124 2008 1170 2061; baseline -0.001 -14"><span class='ocrx_word' id='word_1_178' title='bbox 124 2023 180 2047; x_wconf 90' lang='grc' dir='ltr'>ναι</span> <span class='ocrx_word' id='word_1_179' title='bbox 201 2009 388 2061; x_wconf 85' lang='grc' dir='ltr'>[λέγεται]</span> <span class='ocrx_word' id='word_1_180' title='bbox 419 2009 480 2047; x_wconf 85' lang='grc' dir='ltr'>καὶ</span> <span class='ocrx_word' id='word_1_181' title='bbox 498 2011 566 2046; x_wconf 89' lang='grc' dir='ltr'>τῶν</span> <span class='ocrx_word' id='word_1_182' title='bbox 594 2011 722 2060; x_wconf 80' lang='grc' dir='ltr'>ἰατρῶν</span> <span class='ocrx_word' id='word_1_183' title='bbox 749 2011 840 2052; x_wconf 90' lang='grc' dir='ltr'>τινὸς</span> <span class='ocrx_word' id='word_1_184' title='bbox 870 2009 1033 2059; x_wconf 85' lang='grc' dir='ltr'>τεμόντος</span> <span class='ocrx_word' id='word_1_185' title='bbox 1057 2008 1170 2061; x_wconf 71' lang='grc' dir='ltr'>φλέὸα</span> 
     </span>
     <span class='ocr_line' id='line_1_31' title="bbox 126 2061 1171 2120; baseline -0.001 -15"><span class='ocrx_word' id='word_1_186' title='bbox 126 2069 241 2120; x_wconf 81' lang='grc' dir='ltr'>αὐτῷ,</span> <span class='ocrx_word' id='word_1_187' title='bbox 259 2067 319 2107; x_wconf 82' lang='grc' dir='ltr'>καὶ</span> <span class='ocrx_word' id='word_1_188' title='bbox 343 2068 497 2111; x_wconf 79' lang='grc' dir='ltr'>ἐνδόντος</span> <span class='ocrx_word' id='word_1_189' title='bbox 523 2070 643 2120; x_wconf 75' lang='grc' dir='ltr'>ῥεῦσαι</span> <span class='ocrx_word' id='word_1_190' title='bbox 665 2066 705 2105; x_wconf 82' lang='grc' dir='ltr'>τὸ</span> <span class='ocrx_word' id='word_1_191' title='bbox 725 2062 832 2117; x_wconf 66' lang='grc' dir='ltr'>αἷμα,</span> <span class='ocrx_word' id='word_1_192' title='bbox 856 2067 978 2119; x_wconf 81' lang='grc' dir='ltr'>μέχρις</span> <span class='ocrx_word' id='word_1_193' title='bbox 997 2061 1076 2110; x_wconf 65' lang='grc' dir='ltr'>αὖος</span> <span class='ocrx_word' id='word_1_194' title='bbox 1097 2066 1171 2119; x_wconf 81' lang='grc' dir='ltr'>ἐγέ-</span> 
     </span>
     <span class='ocr_line' id='line_1_32' title="bbox 123 2141 214 2167; baseline 0.022 -2"><span class='ocrx_word' id='word_1_195' title='bbox 123 2141 214 2167; x_wconf 87' lang='grc' dir='ltr'>νετο.</span> 
     </span>
    </p>
   </div>
   <div class='ocr_carea' id='block_1_12' title="bbox 176 2180 1167 2394">
    <p class='ocr_par' dir='ltr' id='par_1_13' title="bbox 176 2180 1167 2394">
     <span class='ocr_line' id='line_1_33' title="bbox 607 2180 691 2218; baseline 0 0"><span class='ocrx_word' id='word_1_196' title='bbox 607 2180 691 2218; x_wconf 84' lang='grc'><strong>155.</strong></span> 
     </span>
     <span class='ocr_line' id='line_1_34' title="bbox 470 2262 814 2301; baseline 0 -1"><span class='ocrx_word' id='word_1_197' title='bbox 470 2262 814 2301; x_wconf 87' lang='grc' dir='ltr'><strong>ΑΥΡΗΛΙΑΝΟΣ.</strong></span> 
     </span>
     <span class='ocr_line' id='line_1_35' title="bbox 176 2339 1167 2394; baseline -0.002 -15"><span class='ocrx_word' id='word_1_198' title='bbox 176 2344 268 2382; x_wconf 81' lang='lat' dir='ltr'><strong>EXC.</strong></span> <span class='ocrx_word' id='word_1_199' title='bbox 292 2345 349 2380; x_wconf 88' lang='lat' dir='ltr'>De</span> <span class='ocrx_word' id='word_1_200' title='bbox 368 2344 457 2380; x_wconf 81' lang='lat' dir='ltr'><em>virt.</em></span> <span class='ocrx_word' id='word_1_201' title='bbox 490 2357 532 2392; x_wconf 86' lang='lat' dir='ltr'>p.</span> <span class='ocrx_word' id='word_1_202' title='bbox 556 2342 630 2380; x_wconf 83' lang='lat'>835</span> <span class='ocrx_word' id='word_1_203' title='bbox 650 2355 660 2381; x_wconf 70' lang='grc' dir='ltr'><strong><em>Ζ</em></strong></span> <span class='ocrx_word' id='word_1_204' title='bbox 680 2341 766 2381; x_wconf 63' lang='lat' dir='ltr'>‘&#39;Ox-t</span> <span class='ocrx_word' id='word_1_205' title='bbox 786 2339 1004 2394; x_wconf 76' lang='grc' dir='ltr'>Αὖρηλιανὸς</span> <span class='ocrx_word' id='word_1_206' title='bbox 1024 2343 1042 2379; x_wconf 85' lang='grc' dir='ltr'>ὁ</span> <span class='ocrx_word' id='word_1_207' title='bbox 1063 2342 1167 2391; x_wconf 78' lang='grc' dir='ltr'>βασι-</span> 
     </span>
    </p>
   </div>
   <div class='ocr_carea' id='block_1_13' title="bbox 122 2395 1168 2451">
    <p class='ocr_par' dir='ltr' id='par_1_14' title="bbox 122 2395 1168 2451">
     <span class='ocr_line' id='line_1_36' title="bbox 122 2395 1168 2451; baseline -0.002 -12"><span class='ocrx_word' id='word_1_208' title='bbox 122 2399 200 2444; x_wconf 71' lang='grc' dir='ltr'>λεὶις</span> <span class='ocrx_word' id='word_1_209' title='bbox 222 2400 266 2439; x_wconf 75' lang='grc' dir='ltr'>τὰ</span> <span class='ocrx_word' id='word_1_210' title='bbox 287 2400 440 2451; x_wconf 83' lang='grc' dir='ltr'>πολέμια</span> <span class='ocrx_word' id='word_1_211' title='bbox 460 2402 577 2445; x_wconf 80' lang='grc' dir='ltr'>δεινῶς</span> <span class='ocrx_word' id='word_1_212' title='bbox 604 2395 645 2448; x_wconf 69' lang='grc' dir='ltr'>ἦν</span> <span class='ocrx_word' id='word_1_213' title='bbox 669 2399 883 2450; x_wconf 78' lang='grc' dir='ltr'>ἠσκημένος,</span> <span class='ocrx_word' id='word_1_214' title='bbox 912 2399 1100 2442; x_wconf 84' lang='grc' dir='ltr'>ἀκάθεκτος</span> <span class='ocrx_word' id='word_1_215' title='bbox 1133 2397 1168 2437; x_wconf 83' lang='grc' dir='ltr'>δὲ</span> 
     </span>
    </p>
   </div>
   <div class='ocr_carea' id='block_1_14' title="bbox 1240 295 2283 875">
    <p class='ocr_par' dir='ltr' id='par_1_15' title="bbox 1240 295 2283 875">
     <span class='ocr_line' id='line_1_37' title="bbox 1242 295 2280 357; baseline 0.013 -25"><span class='ocrx_word' id='word_1_216' title='bbox 1242 295 1321 346; x_wconf 82' lang='grc' dir='ltr'>περὶ</span> <span class='ocrx_word' id='word_1_217' title='bbox 1341 295 1402 341; x_wconf 74' lang='grc' dir='ltr'>τὴν</span> <span class='ocrx_word' id='word_1_218' title='bbox 1419 296 1576 347; x_wconf 81' lang='grc' dir='ltr'>γνώμην,</span> <span class='ocrx_word' id='word_1_219' title='bbox 1596 297 1654 335; x_wconf 78' lang='grc' dir='ltr'>καὶ</span> <span class='ocrx_word' id='word_1_220' title='bbox 1671 299 1757 336; x_wconf 72' lang='grc' dir='ltr'>πολὺ</span> <span class='ocrx_word' id='word_1_221' title='bbox 1777 300 1858 351; x_wconf 87' lang='grc' dir='ltr'>πρὸς</span> <span class='ocrx_word' id='word_1_222' title='bbox 1870 301 2034 352; x_wconf 83' lang='grc' dir='ltr'>ὠμότητα</span> <span class='ocrx_word' id='word_1_223' title='bbox 2052 303 2179 357; x_wconf 80' lang='grc' dir='ltr'>ῥέπων.</span> <span class='ocrx_word' id='word_1_224' title='bbox 2200 308 2280 345; x_wconf 86' lang='grc' dir='ltr'>Τῶν</span> 
     </span>
     <span class='ocr_line' id='line_1_38' title="bbox 1242 354 2278 414; baseline 0.013 -24"><span class='ocrx_word' id='word_1_225' title='bbox 1242 368 1279 390; x_wconf 91' lang='grc' dir='ltr'>τε</span> <span class='ocrx_word' id='word_1_226' title='bbox 1309 354 1400 392; x_wconf 87' lang='grc' dir='ltr'>κατὰ</span> <span class='ocrx_word' id='word_1_227' title='bbox 1427 355 1527 392; x_wconf 84' lang='grc' dir='ltr'>πόλιν</span> <span class='ocrx_word' id='word_1_228' title='bbox 1562 355 1743 406; x_wconf 80' lang='grc' dir='ltr'>ἐπισήμων</span> <span class='ocrx_word' id='word_1_229' title='bbox 1780 358 1917 412; x_wconf 79' lang='grc' dir='ltr'>θανάτῳ</span> <span class='ocrx_word' id='word_1_230' title='bbox 1944 361 2090 405; x_wconf 79' lang='grc' dir='ltr'>πολλοὺς</span> <span class='ocrx_word' id='word_1_231' title='bbox 2124 363 2278 414; x_wconf 69' lang='grc' dir='ltr'>ἐζημίω·</span> 
     </span>
     <span class='ocr_line' id='line_1_39' title="bbox 1243 412 2280 475; baseline 0.013 -27"><span class='ocrx_word' id='word_1_232' title='bbox 1243 426 1299 448; x_wconf 92' lang='grc' dir='ltr'>σεν</span> <span class='ocrx_word' id='word_1_233' title='bbox 1325 412 1392 449; x_wconf 83' lang='grc' dir='ltr'>ὑπὸ</span> <span class='ocrx_word' id='word_1_234' title='bbox 1421 412 1591 459; x_wconf 70' lang='grc' dir='ltr'>Ζηνοὸίας</span> <span class='ocrx_word' id='word_1_235' title='bbox 1614 414 1855 466; x_wconf 76' lang='grc' dir='ltr'>ἐλεγχθέντας,</span> <span class='ocrx_word' id='word_1_236' title='bbox 1875 419 2026 468; x_wconf 77' lang='grc' dir='ltr'>χαλεπός</span> <span class='ocrx_word' id='word_1_237' title='bbox 2051 436 2100 464; x_wconf 91' lang='grc' dir='ltr'>τις</span> <span class='ocrx_word' id='word_1_238' title='bbox 2127 424 2187 459; x_wconf 86' lang='grc' dir='ltr'>καὶ</span> <span class='ocrx_word' id='word_1_239' title='bbox 2219 438 2280 475; x_wconf 87' lang='grc' dir='ltr'>φο-</span> 
     </span>
     <span class='ocr_line' id='line_1_40' title="bbox 1242 467 2281 533; baseline 0.013 -28"><span class='ocrx_word' id='word_1_240' title='bbox 1242 468 1333 512; x_wconf 82' lang='grc' dir='ltr'>νικὸς</span> <span class='ocrx_word' id='word_1_241' title='bbox 1351 470 1533 522; x_wconf 74' lang='grc' dir='ltr'>ὑπάρχων,</span> <span class='ocrx_word' id='word_1_242' title='bbox 1548 471 1607 509; x_wconf 82' lang='grc' dir='ltr'>καὶ</span> <span class='ocrx_word' id='word_1_243' title='bbox 1629 473 1760 521; x_wconf 79' lang='grc' dir='ltr'>μᾶλλον</span> <span class='ocrx_word' id='word_1_244' title='bbox 1782 474 1966 524; x_wconf 80' lang='grc' dir='ltr'>ἀναγκαῖος</span> <span class='ocrx_word' id='word_1_245' title='bbox 1985 467 2176 530; x_wconf 78' lang='grc' dir='ltr'>στρατηγὸς</span> <span class='ocrx_word' id='word_1_246' title='bbox 2192 479 2281 533; x_wconf 85' lang='grc' dir='ltr'>ἤπερ</span> 
     </span>
     <span class='ocr_line' id='line_1_41' title="bbox 1243 528 2281 589; baseline 0.012 -24"><span class='ocrx_word' id='word_1_247' title='bbox 1243 528 1376 580; x_wconf 80' lang='grc' dir='ltr'>αἱρετὸς</span> <span class='ocrx_word' id='word_1_248' title='bbox 1401 529 1586 580; x_wconf 81' lang='grc' dir='ltr'>βασιλεὺς,</span> <span class='ocrx_word' id='word_1_249' title='bbox 1619 531 1654 567; x_wconf 82' lang='grc' dir='ltr'>ἐν</span> <span class='ocrx_word' id='word_1_250' title='bbox 1685 531 1791 569; x_wconf 80' lang='grc' dir='ltr'>παντὶ</span> <span class='ocrx_word' id='word_1_251' title='bbox 1820 531 1856 570; x_wconf 84' lang='grc' dir='ltr'>δὲ</span> <span class='ocrx_word' id='word_1_252' title='bbox 1884 536 1995 586; x_wconf 77' lang='grc' dir='ltr'>καιρῷ</span> <span class='ocrx_word' id='word_1_253' title='bbox 2026 535 2193 589; x_wconf 80' lang='grc' dir='ltr'>δυσχερὴς</span> <span class='ocrx_word' id='word_1_254' title='bbox 2221 540 2281 577; x_wconf 87' lang='grc' dir='ltr'>καὶ</span> 
     </span>
     <span class='ocr_line' id='line_1_42' title="bbox 1241 587 2280 646; baseline 0.013 -23"><span class='ocrx_word' id='word_1_255' title='bbox 1241 587 1428 638; x_wconf 83' lang='grc' dir='ltr'>ἀπρόσιτος</span> <span class='ocrx_word' id='word_1_256' title='bbox 1440 618 1450 637; x_wconf 94' lang='grc'>,</span> <span class='ocrx_word' id='word_1_257' title='bbox 1466 591 1511 632; x_wconf 84' lang='grc' dir='ltr'>ὡς</span> <span class='ocrx_word' id='word_1_258' title='bbox 1527 587 1615 639; x_wconf 81' lang='grc' dir='ltr'>μηδὲ</span> <span class='ocrx_word' id='word_1_259' title='bbox 1629 592 1687 627; x_wconf 77' lang='grc' dir='ltr'>τοῦ</span> <span class='ocrx_word' id='word_1_260' title='bbox 1703 592 1772 627; x_wconf 83' lang='grc' dir='ltr'>τῶν</span> <span class='ocrx_word' id='word_1_261' title='bbox 1788 590 1921 629; x_wconf 78' lang='grc' dir='ltr'>οἰκείων</span> <span class='ocrx_word' id='word_1_262' title='bbox 1939 592 2083 642; x_wconf 79' lang='grc' dir='ltr'>αἵματος</span> <span class='ocrx_word' id='word_1_263' title='bbox 2105 596 2280 646; x_wconf 87' lang='grc' dir='ltr'>διαμεῖναι</span> 
     </span>
     <span class='ocr_line' id='line_1_43' title="bbox 1241 645 2280 704; baseline 0.011 -22"><span class='ocrx_word' id='word_1_264' title='bbox 1241 645 1408 697; x_wconf 88' lang='grc' dir='ltr'>καθαρός·</span> <span class='ocrx_word' id='word_1_265' title='bbox 1428 645 1490 693; x_wconf 88' lang='grc' dir='ltr'>τὴν</span> <span class='ocrx_word' id='word_1_266' title='bbox 1510 647 1577 698; x_wconf 88' lang='grc' dir='ltr'>γὰρ</span> <span class='ocrx_word' id='word_1_267' title='bbox 1597 651 1657 685; x_wconf 74' lang='grc' dir='ltr'>τοῦ</span> <span class='ocrx_word' id='word_1_268' title='bbox 1677 647 1800 692; x_wconf 85' lang='grc' dir='ltr'>παιδὸς</span> <span class='ocrx_word' id='word_1_269' title='bbox 1818 649 1974 699; x_wconf 79' lang='grc' dir='ltr'>γαμετὴν</span> <span class='ocrx_word' id='word_1_270' title='bbox 1993 651 2052 689; x_wconf 83' lang='grc' dir='ltr'>καὶ</span> <span class='ocrx_word' id='word_1_271' title='bbox 2073 652 2280 704; x_wconf 83' lang='grc' dir='ltr'>ἀνέγκλητον</span> 
     </span>
     <span class='ocr_line' id='line_1_44' title="bbox 1241 704 2281 760; baseline 0.009 -18"><span class='ocrx_word' id='word_1_272' title='bbox 1241 704 1466 756; x_wconf 77' lang='grc' dir='ltr'>διεχρήσατο.</span> <span class='ocrx_word' id='word_1_273' title='bbox 1485 707 1556 745; x_wconf 77' lang='grc' dir='ltr'>Τοῦ</span> <span class='ocrx_word' id='word_1_274' title='bbox 1574 704 1609 744; x_wconf 82' lang='grc' dir='ltr'>δὲ</span> <span class='ocrx_word' id='word_1_275' title='bbox 1625 707 1694 744; x_wconf 86' lang='grc' dir='ltr'>τῶν</span> <span class='ocrx_word' id='word_1_276' title='bbox 1711 710 1933 759; x_wconf 83' lang='grc' dir='ltr'>στρατιωτῶν</span> <span class='ocrx_word' id='word_1_277' title='bbox 1951 708 2126 760; x_wconf 88' lang='grc' dir='ltr'>τάγματος</span> <span class='ocrx_word' id='word_1_278' title='bbox 2140 713 2198 750; x_wconf 77' lang='grc' dir='ltr'>καὶ</span> <span class='ocrx_word' id='word_1_279' title='bbox 2215 717 2281 751; x_wconf 90' lang='grc' dir='ltr'>τῶν</span> 
     </span>
     <span class='ocr_line' id='line_1_45' title="bbox 1241 761 2283 822; baseline 0.01 -22"><span class='ocrx_word' id='word_1_280' title='bbox 1241 761 1404 810; x_wconf 81' lang='grc' dir='ltr'>ἐξιτήλων</span> <span class='ocrx_word' id='word_1_281' title='bbox 1430 764 1490 802; x_wconf 80' lang='grc' dir='ltr'>καὶ</span> <span class='ocrx_word' id='word_1_282' title='bbox 1517 765 1772 815; x_wconf 86' lang='grc' dir='ltr'>διαλελυμένων</span> <span class='ocrx_word' id='word_1_283' title='bbox 1797 768 1890 813; x_wconf 83' lang='grc' dir='ltr'>ἠθῶν</span> <span class='ocrx_word' id='word_1_284' title='bbox 1909 770 1955 811; x_wconf 84' lang='grc' dir='ltr'>ὡς</span> <span class='ocrx_word' id='word_1_285' title='bbox 1985 768 2112 807; x_wconf 84' lang='grc' dir='ltr'>ἐπίπαν</span> <span class='ocrx_word' id='word_1_286' title='bbox 2132 773 2283 822; x_wconf 85' lang='grc' dir='ltr'>γενναῖος</span> 
     </span>
     <span class='ocr_line' id='line_1_46' title="bbox 1240 817 1554 875; baseline 0.01 -16"><span class='ocrx_word' id='word_1_287' title='bbox 1240 822 1480 875; x_wconf 79' lang='grc' dir='ltr'>ἐπανορθωτὴς</span> <span class='ocrx_word' id='word_1_288' title='bbox 1498 817 1554 870; x_wconf 71' lang='grc' dir='ltr'>ἦν.</span> 
     </span>
    </p>
   </div>
   <div class='ocr_carea' id='block_1_15' title="bbox 1722 893 1805 931">
    <p class='ocr_par' dir='ltr' id='par_1_16' title="bbox 1722 893 1805 931">
     <span class='ocr_line' id='line_1_47' title="bbox 1722 893 1805 931; baseline 0 -1"><span class='ocrx_word' id='word_1_289' title='bbox 1722 893 1805 931; x_wconf 80' lang='lat'><strong>156.</strong></span> 
     </span>
    </p>
   </div>
   <div class='ocr_carea' id='block_1_16' title="bbox 1235 975 2283 1848">
    <p class='ocr_par' dir='ltr' id='par_1_17' title="bbox 1235 975 2283 1848">
     <span class='ocr_line' id='line_1_48' title="bbox 1293 975 2283 1032; baseline 0.009 -21"><span class='ocrx_word' id='word_1_290' title='bbox 1293 977 1384 1013; x_wconf 86' lang='lat' dir='ltr'><strong>Exc.</strong></span> <span class='ocrx_word' id='word_1_291' title='bbox 1408 978 1466 1012; x_wconf 89' lang='lat' dir='ltr'>De</span> <span class='ocrx_word' id='word_1_292' title='bbox 1486 977 1554 1016; x_wconf 90' lang='lat' dir='ltr'>ins.</span> <span class='ocrx_word' id='word_1_293' title='bbox 1583 990 1622 1026; x_wconf 91' lang='lat' dir='ltr'>p.</span> <span class='ocrx_word' id='word_1_294' title='bbox 1646 977 1694 1014; x_wconf 82' lang='lat'>58</span> <span class='ocrx_word' id='word_1_295' title='bbox 1717 992 1724 1014; x_wconf 91' lang='lat'>:</span> <span class='ocrx_word' id='word_1_296' title='bbox 1747 975 1833 1017; x_wconf 62' lang='lat' dir='ltr'>‘&#39;O-tt</span> <span class='ocrx_word' id='word_1_297' title='bbox 1864 978 2080 1030; x_wconf 82' lang='grc' dir='ltr'>Αὖρηλιανὸς</span> <span class='ocrx_word' id='word_1_298' title='bbox 2105 978 2194 1032; x_wconf 79' lang='grc' dir='ltr'>ἕκτῳ</span> <span class='ocrx_word' id='word_1_299' title='bbox 2222 984 2283 1028; x_wconf 74' lang='grc' dir='ltr'>τῆς</span> 
     </span>
     <span class='ocr_line' id='line_1_49' title="bbox 1239 1032 2282 1092; baseline 0.008 -23"><span class='ocrx_word' id='word_1_300' title='bbox 1239 1032 1425 1083; x_wconf 83' lang='grc' dir='ltr'>ἡγεμονίας</span> <span class='ocrx_word' id='word_1_301' title='bbox 1445 1034 1592 1086; x_wconf 82' lang='grc' dir='ltr'>ἐνιαυτῷ</span> <span class='ocrx_word' id='word_1_302' title='bbox 1621 1035 1877 1089; x_wconf 70' lang='grc' dir='ltr'>διαφθείρεται,</span> <span class='ocrx_word' id='word_1_303' title='bbox 1899 1038 1967 1074; x_wconf 84' lang='grc' dir='ltr'>τῶν</span> <span class='ocrx_word' id='word_1_304' title='bbox 1986 1038 2034 1081; x_wconf 88' lang='grc' dir='ltr'>εἷς</span> <span class='ocrx_word' id='word_1_305' title='bbox 2061 1037 2168 1090; x_wconf 81' lang='grc' dir='ltr'>τάχος</span> <span class='ocrx_word' id='word_1_306' title='bbox 2194 1055 2282 1092; x_wconf 85' lang='grc' dir='ltr'>γρα·</span> 
     </span>
     <span class='ocr_line' id='line_1_50' title="bbox 1239 1091 2282 1149; baseline 0.009 -22"><span class='ocrx_word' id='word_1_307' title='bbox 1239 1091 1372 1144; x_wconf 79' lang='grc' dir='ltr'>φόντων</span> <span class='ocrx_word' id='word_1_308' title='bbox 1400 1093 1541 1130; x_wconf 82' lang='grc' dir='ltr'>οἰκετῶν</span> <span class='ocrx_word' id='word_1_309' title='bbox 1570 1093 1658 1138; x_wconf 84' lang='grc' dir='ltr'>τινὸς</span> <span class='ocrx_word' id='word_1_310' title='bbox 1679 1094 2005 1138; x_wconf 84' lang='grc' dir='ltr'>κατασκευάσαντος</span> <span class='ocrx_word' id='word_1_311' title='bbox 2026 1097 2119 1149; x_wconf 79' lang='grc' dir='ltr'>αὐτῷ</span> <span class='ocrx_word' id='word_1_312' title='bbox 2139 1097 2197 1135; x_wconf 84' lang='grc' dir='ltr'>τὸν</span> <span class='ocrx_word' id='word_1_313' title='bbox 2218 1098 2282 1136; x_wconf 61' lang='lat'>00(-</span> 
     </span>
     <span class='ocr_line' id='line_1_51' title="bbox 1238 1149 2281 1207; baseline 0.007 -21"><span class='ocrx_word' id='word_1_314' title='bbox 1238 1164 1339 1187; x_wconf 85' lang='grc' dir='ltr'>νατον</span> <span class='ocrx_word' id='word_1_315' title='bbox 1352 1166 1360 1174; x_wconf 83' lang='grc'><em>·</em></span> <span class='ocrx_word' id='word_1_316' title='bbox 1381 1149 1416 1194; x_wconf 87' lang='grc' dir='ltr'>ὃς</span> <span class='ocrx_word' id='word_1_317' title='bbox 1431 1151 1494 1197; x_wconf 80' lang='grc' dir='ltr'>τὴν</span> <span class='ocrx_word' id='word_1_318' title='bbox 1513 1154 1571 1190; x_wconf 76' lang='grc' dir='ltr'>τοῦ</span> <span class='ocrx_word' id='word_1_319' title='bbox 1590 1151 1708 1204; x_wconf 79' lang='grc' dir='ltr'>ἀνδρὸς</span> <span class='ocrx_word' id='word_1_320' title='bbox 1729 1152 1970 1204; x_wconf 85' lang='grc' dir='ltr'>μιμησάμενος</span> <span class='ocrx_word' id='word_1_321' title='bbox 1988 1156 2110 1206; x_wconf 79' lang='grc' dir='ltr'>χεῖρα,</span> <span class='ocrx_word' id='word_1_322' title='bbox 2130 1155 2216 1207; x_wconf 84' lang='grc' dir='ltr'>πρός</span> <span class='ocrx_word' id='word_1_323' title='bbox 2230 1172 2281 1194; x_wconf 89' lang='grc' dir='ltr'>τι-</span> 
     </span>
     <span class='ocr_line' id='line_1_52' title="bbox 1237 1208 2280 1267; baseline 0.008 -23"><span class='ocrx_word' id='word_1_324' title='bbox 1237 1223 1297 1252; x_wconf 87' lang='grc' dir='ltr'>νας</span> <span class='ocrx_word' id='word_1_325' title='bbox 1315 1208 1519 1261; x_wconf 78' lang='grc' dir='ltr'>χιλιάρχους</span> <span class='ocrx_word' id='word_1_326' title='bbox 1539 1211 1634 1264; x_wconf 76' lang='grc' dir='ltr'>αὐτῷ</span> <span class='ocrx_word' id='word_1_327' title='bbox 1663 1226 1701 1249; x_wconf 85' lang='grc' dir='ltr'>τε</span> <span class='ocrx_word' id='word_1_328' title='bbox 1720 1213 1769 1264; x_wconf 82' lang='grc' dir='ltr'>τῷ</span> <span class='ocrx_word' id='word_1_329' title='bbox 1789 1212 2000 1264; x_wconf 79' lang='grc' dir='ltr'>Αὔρηλιανῷ</span> <span class='ocrx_word' id='word_1_330' title='bbox 2021 1212 2137 1265; x_wconf 82' lang='grc' dir='ltr'>φίλους</span> <span class='ocrx_word' id='word_1_331' title='bbox 2161 1229 2280 1267; x_wconf 87' lang='grc' dir='ltr'>γραμ-</span> 
     </span>
     <span class='ocr_line' id='line_1_53' title="bbox 1238 1266 2279 1324; baseline 0.007 -21"><span class='ocrx_word' id='word_1_332' title='bbox 1238 1266 1396 1316; x_wconf 89' lang='grc' dir='ltr'>ματίδιόν</span> <span class='ocrx_word' id='word_1_333' title='bbox 1415 1283 1448 1304; x_wconf 92' lang='grc' dir='ltr'>τι</span> <span class='ocrx_word' id='word_1_334' title='bbox 1476 1267 1635 1319; x_wconf 82' lang='grc' dir='ltr'>ἐκόμισε,</span> <span class='ocrx_word' id='word_1_335' title='bbox 1665 1268 1727 1312; x_wconf 75' lang='grc' dir='ltr'>τὰς</span> <span class='ocrx_word' id='word_1_336' title='bbox 1752 1271 1820 1308; x_wconf 88' lang='grc' dir='ltr'>τῶν</span> <span class='ocrx_word' id='word_1_337' title='bbox 1850 1271 1981 1323; x_wconf 86' lang='grc' dir='ltr'>ἀνδρῶν</span> <span class='ocrx_word' id='word_1_338' title='bbox 2013 1271 2143 1309; x_wconf 86' lang='grc' dir='ltr'>τούτων</span> <span class='ocrx_word' id='word_1_339' title='bbox 2176 1272 2279 1324; x_wconf 82' lang='grc' dir='ltr'>φέρον</span> 
     </span>
     <span class='ocr_line' id='line_1_54' title="bbox 1237 1325 2280 1381; baseline 0.007 -19"><span class='ocrx_word' id='word_1_340' title='bbox 1237 1325 1470 1378; x_wconf 87' lang='grc' dir='ltr'>προσηγορίας</span> <span class='ocrx_word' id='word_1_341' title='bbox 1483 1327 1765 1378; x_wconf 86' lang='grc' dir='ltr'>σεσημειωμένας</span> <span class='ocrx_word' id='word_1_342' title='bbox 1779 1358 1788 1375; x_wconf 92' lang='grc'>,</span> <span class='ocrx_word' id='word_1_343' title='bbox 1807 1328 2080 1381; x_wconf 76' lang='grc' dir='ltr'>ἐπιψευσάμενος</span> <span class='ocrx_word' id='word_1_344' title='bbox 2096 1333 2206 1368; x_wconf 78' lang='grc' dir='ltr'>ταῦτα</span> <span class='ocrx_word' id='word_1_345' title='bbox 2223 1333 2280 1369; x_wconf 83' lang='grc' dir='ltr'>τὸν</span> 
     </span>
     <span class='ocr_line' id='line_1_55' title="bbox 1237 1384 2280 1439; baseline 0.005 -17"><span class='ocrx_word' id='word_1_346' title='bbox 1237 1384 1457 1436; x_wconf 80' lang='grc' dir='ltr'>Αὖρηλιανὸν</span> <span class='ocrx_word' id='word_1_347' title='bbox 1480 1386 1773 1439; x_wconf 81' lang='grc' dir='ltr'>ἀναγεγραφέναι.</span> <span class='ocrx_word' id='word_1_348' title='bbox 1808 1388 1854 1437; x_wconf 52' lang='lat' dir='ltr'>O}</span> <span class='ocrx_word' id='word_1_349' title='bbox 1885 1387 1977 1425; x_wconf 81' lang='grc' dir='ltr'>δὲτὸ</span> <span class='ocrx_word' id='word_1_350' title='bbox 2004 1387 2126 1426; x_wconf 80' lang='grc' dir='ltr'>πιστὸν</span> <span class='ocrx_word' id='word_1_351' title='bbox 2157 1391 2195 1427; x_wconf 85' lang='grc' dir='ltr'>ἐκ</span> <span class='ocrx_word' id='word_1_352' title='bbox 2220 1392 2280 1436; x_wconf 80' lang='grc' dir='ltr'>τῆς</span> 
     </span>
     <span class='ocr_line' id='line_1_56' title="bbox 1236 1441 2276 1500; baseline 0.006 -21"><span class='ocrx_word' id='word_1_353' title='bbox 1236 1445 1296 1479; x_wconf 80' lang='grc' dir='ltr'>τοῦ</span> <span class='ocrx_word' id='word_1_354' title='bbox 1320 1441 1491 1493; x_wconf 84' lang='grc' dir='ltr'>βασιλέως</span> <span class='ocrx_word' id='word_1_355' title='bbox 1508 1442 1591 1494; x_wconf 86' lang='grc' dir='ltr'>πρὸς</span> <span class='ocrx_word' id='word_1_356' title='bbox 1605 1442 1745 1482; x_wconf 86' lang='grc' dir='ltr'>ἅπασαν</span> <span class='ocrx_word' id='word_1_357' title='bbox 1761 1444 1884 1497; x_wconf 82' lang='grc' dir='ltr'>πρᾶξιν</span> <span class='ocrx_word' id='word_1_358' title='bbox 1902 1445 2030 1484; x_wconf 83' lang='grc' dir='ltr'>ἄτοπον</span> <span class='ocrx_word' id='word_1_359' title='bbox 2045 1445 2105 1484; x_wconf 84' lang='grc' dir='ltr'>καὶ</span> <span class='ocrx_word' id='word_1_360' title='bbox 2122 1446 2276 1500; x_wconf 84' lang='grc' dir='ltr'>σκληρὰν</span> 
     </span>
     <span class='ocr_line' id='line_1_57' title="bbox 1238 1499 2279 1556; baseline 0.005 -19"><span class='ocrx_word' id='word_1_361' title='bbox 1238 1499 1399 1547; x_wconf 81' lang='grc' dir='ltr'>ὀξύτητος</span> <span class='ocrx_word' id='word_1_362' title='bbox 1415 1501 1604 1554; x_wconf 76' lang='grc' dir='ltr'>εἰληφότες,</span> <span class='ocrx_word' id='word_1_363' title='bbox 1622 1501 1750 1554; x_wconf 79' lang='grc' dir='ltr'>φθάσαι</span> <span class='ocrx_word' id='word_1_364' title='bbox 1769 1518 1802 1540; x_wconf 87' lang='grc' dir='ltr'>τι</span> <span class='ocrx_word' id='word_1_365' title='bbox 1819 1502 2006 1555; x_wconf 83' lang='grc' dir='ltr'>δράσαντες</span> <span class='ocrx_word' id='word_1_366' title='bbox 2019 1504 2099 1556; x_wconf 82' lang='grc' dir='ltr'>πρὶν</span> <span class='ocrx_word' id='word_1_367' title='bbox 2115 1502 2136 1550; x_wconf 83' lang='grc' dir='ltr'>ἢ</span> <span class='ocrx_word' id='word_1_368' title='bbox 2159 1508 2279 1543; x_wconf 86' lang='grc' dir='ltr'>παθεῖν</span> 
     </span>
     <span class='ocr_line' id='line_1_58' title="bbox 1238 1557 2280 1611; baseline 0.006 -17"><span class='ocrx_word' id='word_1_369' title='bbox 1238 1557 1413 1609; x_wconf 86' lang='grc' dir='ltr'>ἔγνωσαν·</span> <span class='ocrx_word' id='word_1_370' title='bbox 1434 1559 1667 1611; x_wconf 81' lang='grc' dir='ltr'>διαφθείρουσί</span> <span class='ocrx_word' id='word_1_371' title='bbox 1692 1576 1729 1598; x_wconf 87' lang='grc' dir='ltr'>τε</span> <span class='ocrx_word' id='word_1_372' title='bbox 1759 1560 1861 1598; x_wconf 81' lang='grc' dir='ltr'>αὐτὸν</span> <span class='ocrx_word' id='word_1_373' title='bbox 1881 1560 1973 1599; x_wconf 87' lang='grc' dir='ltr'>κατὰ</span> <span class='ocrx_word' id='word_1_374' title='bbox 1995 1562 2104 1611; x_wconf 88' lang='grc' dir='ltr'>μέσην</span> <span class='ocrx_word' id='word_1_375' title='bbox 2123 1561 2186 1608; x_wconf 88' lang='grc' dir='ltr'>τὴν</span> <span class='ocrx_word' id='word_1_376' title='bbox 2215 1579 2280 1600; x_wconf 88' lang='grc' dir='ltr'>πο-</span> 
     </span>
     <span class='ocr_line' id='line_1_59' title="bbox 1239 1615 2279 1674; baseline 0.005 -21"><span class='ocrx_word' id='word_1_377' title='bbox 1239 1615 1346 1667; x_wconf 87' lang='grc' dir='ltr'>ρείαν,</span> <span class='ocrx_word' id='word_1_378' title='bbox 1378 1617 1416 1655; x_wconf 86' lang='grc' dir='ltr'>ἐκ</span> <span class='ocrx_word' id='word_1_379' title='bbox 1436 1618 1624 1663; x_wconf 87' lang='grc' dir='ltr'>Βυζαντίου</span> <span class='ocrx_word' id='word_1_380' title='bbox 1652 1619 1736 1670; x_wconf 83' lang='grc' dir='ltr'>πρὸς</span> <span class='ocrx_word' id='word_1_381' title='bbox 1764 1618 1975 1671; x_wconf 80' lang='grc' dir='ltr'>Ἡράκλειαν</span> <span class='ocrx_word' id='word_1_382' title='bbox 2001 1619 2114 1668; x_wconf 84' lang='grc' dir='ltr'>ἰόντα,</span> <span class='ocrx_word' id='word_1_383' title='bbox 2138 1621 2215 1674; x_wconf 84' lang='grc' dir='ltr'>περὶ</span> <span class='ocrx_word' id='word_1_384' title='bbox 2241 1622 2279 1659; x_wconf 85' lang='grc' dir='ltr'>τὸ</span> 
     </span>
     <span class='ocr_line' id='line_1_60' title="bbox 1236 1674 2281 1730; baseline 0.006 -19"><span class='ocrx_word' id='word_1_385' title='bbox 1236 1674 1420 1725; x_wconf 87' lang='grc' dir='ltr'>λεγόμενον</span> <span class='ocrx_word' id='word_1_386' title='bbox 1445 1676 1573 1714; x_wconf 85' lang='grc' dir='ltr'>Καινὸν</span> <span class='ocrx_word' id='word_1_387' title='bbox 1608 1676 1782 1730; x_wconf 81' lang='grc' dir='ltr'>φρούριον.</span> <span class='ocrx_word' id='word_1_388' title='bbox 1805 1679 1857 1716; x_wconf 83' lang='grc' dir='ltr'>Οὐ</span> <span class='ocrx_word' id='word_1_389' title='bbox 1880 1677 1948 1728; x_wconf 87' lang='grc' dir='ltr'>μὴν</span> <span class='ocrx_word' id='word_1_390' title='bbox 1970 1678 2187 1730; x_wconf 84' lang='grc' dir='ltr'>ἀτιμώρητος</span> <span class='ocrx_word' id='word_1_391' title='bbox 2207 1685 2281 1718; x_wconf 82' lang='grc' dir='ltr'>ἐτε-</span> 
     </span>
     <span class='ocr_line' id='line_1_61' title="bbox 1235 1732 2277 1789; baseline 0.006 -19"><span class='ocrx_word' id='word_1_392' title='bbox 1235 1732 1355 1773; x_wconf 86' lang='grc' dir='ltr'>λεύτα.</span> <span class='ocrx_word' id='word_1_393' title='bbox 1375 1732 1426 1772; x_wconf 76' lang='grc' dir='ltr'>Οἵ</span> <span class='ocrx_word' id='word_1_394' title='bbox 1448 1749 1483 1772; x_wconf 90' lang='grc' dir='ltr'>τε</span> <span class='ocrx_word' id='word_1_395' title='bbox 1503 1734 1569 1786; x_wconf 84' lang='grc' dir='ltr'>γὰρ</span> <span class='ocrx_word' id='word_1_396' title='bbox 1590 1741 1700 1788; x_wconf 83' lang='grc' dir='ltr'>φονεῖς</span> <span class='ocrx_word' id='word_1_397' title='bbox 1720 1737 1823 1774; x_wconf 77' lang='grc' dir='ltr'>αὐτοῦ</span> <span class='ocrx_word' id='word_1_398' title='bbox 1844 1736 1939 1778; x_wconf 84' lang='grc' dir='ltr'>δίκας</span> <span class='ocrx_word' id='word_1_399' title='bbox 1959 1738 2122 1789; x_wconf 77' lang='grc' dir='ltr'>ὑπέσχον,</span> <span class='ocrx_word' id='word_1_400' title='bbox 2142 1738 2200 1776; x_wconf 86' lang='grc' dir='ltr'>καὶ</span> <span class='ocrx_word' id='word_1_401' title='bbox 2218 1740 2277 1776; x_wconf 84' lang='grc' dir='ltr'>αὐ-</span> 
     </span>
     <span class='ocr_line' id='line_1_62' title="bbox 1235 1790 2112 1848; baseline 0.007 -20"><span class='ocrx_word' id='word_1_402' title='bbox 1235 1790 1291 1835; x_wconf 88' lang='grc' dir='ltr'>τὸς</span> <span class='ocrx_word' id='word_1_403' title='bbox 1310 1794 1380 1836; x_wconf 86' lang='grc' dir='ltr'>τοῖς</span> <span class='ocrx_word' id='word_1_404' title='bbox 1400 1792 1500 1836; x_wconf 89' lang='grc' dir='ltr'>θείοις</span> <span class='ocrx_word' id='word_1_405' title='bbox 1525 1796 1592 1831; x_wconf 84' lang='grc' dir='ltr'>τῶν</span> <span class='ocrx_word' id='word_1_406' title='bbox 1610 1794 1872 1847; x_wconf 85' lang='grc' dir='ltr'>αὐτοκρατόρων</span> <span class='ocrx_word' id='word_1_407' title='bbox 1890 1796 1908 1815; x_wconf 72' lang='lat'><em>*</em></span> <span class='ocrx_word' id='word_1_408' title='bbox 1926 1795 2112 1848; x_wconf 74' lang='grc' dir='ltr'>ἐψηφίσθη.</span> 
     </span>
    </p>
   </div>
   <div class='ocr_carea' id='block_1_17' title="bbox 1633 1888 1877 2002">
    <p class='ocr_par' dir='ltr' id='par_1_18' title="bbox 1633 1888 1877 2002">
     <span class='ocr_line' id='line_1_63' title="bbox 1719 1888 1806 1928; baseline 0.034 -10"><span class='ocrx_word' id='word_1_409' title='bbox 1719 1888 1806 1928; x_wconf 82' lang='grc'><strong>157.</strong></span> 
     </span>
     <span class='ocr_line' id='line_1_64' title="bbox 1633 1963 1877 2002; baseline -0.008 -1"><span class='ocrx_word' id='word_1_410' title='bbox 1633 1963 1877 2002; x_wconf 89' lang='grc' dir='ltr'>ΤΑΚΙΤΟΣ.</span> 
     </span>
    </p>
   </div>
   <div class='ocr_carea' id='block_1_18' title="bbox 1231 2048 2277 2453">
    <p class='ocr_par' dir='ltr' id='par_1_19' title="bbox 1231 2048 2277 2453">
     <span class='ocr_line' id='line_1_65' title="bbox 1288 2048 2274 2101; baseline 0.003 -15"><span class='ocrx_word' id='word_1_411' title='bbox 1288 2050 1388 2088; x_wconf 83' lang='lat' dir='ltr'>lbid.</span> <span class='ocrx_word' id='word_1_412' title='bbox 1404 2063 1445 2099; x_wconf 91' lang='lat' dir='ltr'>p.</span> <span class='ocrx_word' id='word_1_413' title='bbox 1471 2049 1520 2098; x_wconf 87' lang='lat'>59</span> <span class='ocrx_word' id='word_1_414' title='bbox 1539 2063 1548 2088; x_wconf 73' lang='grc' dir='ltr'>ε</span> <span class='ocrx_word' id='word_1_415' title='bbox 1570 2048 1656 2089; x_wconf 70' lang='lat' dir='ltr'><em>‘&#39;On</em></span> <span class='ocrx_word' id='word_1_416' title='bbox 1671 2049 1827 2088; x_wconf 86' lang='grc' dir='ltr'>Τακίτου</span> <span class='ocrx_word' id='word_1_417' title='bbox 1847 2050 1891 2088; x_wconf 84' lang='grc' dir='ltr'>τὰ</span> <span class='ocrx_word' id='word_1_418' title='bbox 1913 2052 1975 2096; x_wconf 78' lang='grc' dir='ltr'>τῆς</span> <span class='ocrx_word' id='word_1_419' title='bbox 1992 2050 2134 2101; x_wconf 87' lang='grc' dir='ltr'>Ῥώμης</span> <span class='ocrx_word' id='word_1_420' title='bbox 2153 2053 2274 2089; x_wconf 86' lang='grc' dir='ltr'>ἀναδε·</span> 
     </span>
     <span class='ocr_line' id='line_1_66' title="bbox 1234 2106 2277 2159; baseline 0.003 -15"><span class='ocrx_word' id='word_1_421' title='bbox 1234 2106 1381 2154; x_wconf 86' lang='grc' dir='ltr'>ξαμένου</span> <span class='ocrx_word' id='word_1_422' title='bbox 1409 2106 1590 2158; x_wconf 87' lang='grc' dir='ltr'>βασίλεια,</span> <span class='ocrx_word' id='word_1_423' title='bbox 1621 2106 1754 2145; x_wconf 87' lang='grc' dir='ltr'>Σκύθαι</span> <span class='ocrx_word' id='word_1_424' title='bbox 1778 2106 1833 2145; x_wconf 80' lang='grc' dir='ltr'>διὰ</span> <span class='ocrx_word' id='word_1_425' title='bbox 1854 2111 1912 2155; x_wconf 79' lang='grc' dir='ltr'>τ’ῆς</span> <span class='ocrx_word' id='word_1_426' title='bbox 1936 2107 2134 2152; x_wconf 85' lang='grc' dir='ltr'>Μαιώτιδος</span> <span class='ocrx_word' id='word_1_427' title='bbox 2153 2108 2277 2159; x_wconf 80' lang='grc' dir='ltr'>λίμνης</span> 
     </span>
     <span class='ocr_line' id='line_1_67' title="bbox 1235 2165 2275 2219; baseline 0.001 -16"><span class='ocrx_word' id='word_1_428' title='bbox 1235 2165 1496 2218; x_wconf 85' lang='grc' dir='ltr'>ἐπεραιώθησαν</span> <span class='ocrx_word' id='word_1_429' title='bbox 1510 2180 1518 2189; x_wconf 85' lang='grc'><em>·</em></span> <span class='ocrx_word' id='word_1_430' title='bbox 1539 2165 1595 2208; x_wconf 78' lang='grc' dir='ltr'>οὒς</span> <span class='ocrx_word' id='word_1_431' title='bbox 1615 2165 1911 2216; x_wconf 85' lang='grc' dir='ltr'>καταπολεμήσας</span> <span class='ocrx_word' id='word_1_432' title='bbox 1936 2167 1993 2205; x_wconf 80' lang='grc' dir='ltr'>ἐπὶ</span> <span class='ocrx_word' id='word_1_433' title='bbox 2018 2167 2081 2213; x_wconf 78' lang='grc' dir='ltr'>τὴν</span> <span class='ocrx_word' id='word_1_434' title='bbox 2102 2167 2275 2219; x_wconf 85' lang='grc' dir='ltr'>Εὐρώπην</span> 
     </span>
     <span class='ocr_line' id='line_1_68' title="bbox 1233 2221 2275 2276; baseline 0 -14"><span class='ocrx_word' id='word_1_435' title='bbox 1233 2223 1446 2276; x_wconf 85' lang='grc' dir='ltr'>ἐξώρμησεν.</span> <span class='ocrx_word' id='word_1_436' title='bbox 1481 2221 1595 2262; x_wconf 85' lang='grc' dir='ltr'>Ἔνθα</span> <span class='ocrx_word' id='word_1_437' title='bbox 1633 2223 1674 2269; x_wconf 90' lang='grc' dir='ltr'>δὴ</span> <span class='ocrx_word' id='word_1_438' title='bbox 1712 2224 1772 2262; x_wconf 76' lang='grc' dir='ltr'>καὶ</span> <span class='ocrx_word' id='word_1_439' title='bbox 1809 2227 1856 2268; x_wconf 88' lang='grc' dir='ltr'>εἷς</span> <span class='ocrx_word' id='word_1_440' title='bbox 1881 2225 2068 2272; x_wconf 65' lang='grc' dir='ltr'>ἐπιδουλὴν</span> <span class='ocrx_word' id='word_1_441' title='bbox 2101 2226 2275 2276; x_wconf 88' lang='grc' dir='ltr'>ἐμπεσὼν,</span> 
     </span>
     <span class='ocr_line' id='line_1_69' title="bbox 1233 2281 2274 2336; baseline 0.001 -16"><span class='ocrx_word' id='word_1_442' title='bbox 1233 2282 1267 2327; x_wconf 86' lang='grc' dir='ltr'>ἐξ</span> <span class='ocrx_word' id='word_1_443' title='bbox 1289 2282 1399 2326; x_wconf 75' lang='grc' dir='ltr'>αἰτίας</span> <span class='ocrx_word' id='word_1_444' title='bbox 1428 2283 1620 2334; x_wconf 76' lang='grc' dir='ltr'>ἀναιρεῖται</span> <span class='ocrx_word' id='word_1_445' title='bbox 1649 2284 1802 2321; x_wconf 84' lang='grc' dir='ltr'>τοιᾶσδε.</span> <span class='ocrx_word' id='word_1_446' title='bbox 1829 2281 2014 2336; x_wconf 75' lang='grc' dir='ltr'>Μαξιμίνῳ</span> <span class='ocrx_word' id='word_1_447' title='bbox 2035 2282 2124 2332; x_wconf 85' lang='grc' dir='ltr'>γένει</span> <span class='ocrx_word' id='word_1_448' title='bbox 2142 2283 2274 2334; x_wconf 81' lang='grc' dir='ltr'>προσή-</span> 
     </span>
     <span class='ocr_line' id='line_1_70' title="bbox 1232 2336 2274 2394; baseline -0.001 -15"><span class='ocrx_word' id='word_1_449' title='bbox 1232 2356 1326 2379; x_wconf 90' lang='grc' dir='ltr'>κοντι</span> <span class='ocrx_word' id='word_1_450' title='bbox 1352 2339 1414 2388; x_wconf 88' lang='grc' dir='ltr'>τὴν</span> <span class='ocrx_word' id='word_1_451' title='bbox 1445 2341 1575 2393; x_wconf 88' lang='grc' dir='ltr'>Συρίας</span> <span class='ocrx_word' id='word_1_452' title='bbox 1595 2340 1707 2393; x_wconf 85' lang='grc' dir='ltr'>ἀρχὴν</span> <span class='ocrx_word' id='word_1_453' title='bbox 1733 2342 1992 2394; x_wconf 84' lang='grc' dir='ltr'>παραδέδωκεν.</span> <span class='ocrx_word' id='word_1_454' title='bbox 2019 2336 2132 2385; x_wconf 63' lang='grc' dir='ltr'>Οὗτος</span> <span class='ocrx_word' id='word_1_455' title='bbox 2157 2347 2225 2386; x_wconf 86' lang='grc' dir='ltr'>τοῖς</span> <span class='ocrx_word' id='word_1_456' title='bbox 2241 2343 2274 2379; x_wconf 86' lang='grc' dir='ltr'>ἐν</span> 
     </span>
     <span class='ocr_line' id='line_1_71' title="bbox 1231 2399 2275 2453; baseline 0.001 -16"><span class='ocrx_word' id='word_1_457' title='bbox 1231 2399 1323 2437; x_wconf 82' lang='grc' dir='ltr'>τέλει</span> <span class='ocrx_word' id='word_1_458' title='bbox 1348 2399 1552 2452; x_wconf 54' lang='grc' dir='ltr'>τραΑύτατα</span> <span class='ocrx_word' id='word_1_459' title='bbox 1583 2400 1881 2453; x_wconf 75' lang='grc' dir='ltr'>προσφερόμενος,</span> <span class='ocrx_word' id='word_1_460' title='bbox 1906 2402 1953 2444; x_wconf 90' lang='grc' dir='ltr'>εἷς</span> <span class='ocrx_word' id='word_1_461' title='bbox 1983 2399 2104 2453; x_wconf 74' lang='grc' dir='ltr'>φθόνον</span> <span class='ocrx_word' id='word_1_462' title='bbox 2123 2399 2198 2451; x_wconf 87' lang='grc' dir='ltr'>ἅμα</span> <span class='ocrx_word' id='word_1_463' title='bbox 2214 2401 2275 2439; x_wconf 81' lang='grc' dir='ltr'>καὶ</span> 
     </span>
    </p>
   </div>
   <div class='ocr_carea' id='block_1_19' title="bbox 2178 2484 2276 2490">
    <p class='ocr_par' dir='ltr' id='par_1_20' title="bbox 2178 2484 2276 2490">
     <span class='ocr_line' id='line_1_72' title="bbox 2178 2484 2276 2490; baseline 0 0"><span class='ocrx_word' id='word_1_464' title='bbox 2178 2484 2276 2490; x_wconf 95' lang='lat' dir='ltr'> </span> 
     </span>
    </p>
   </div>
   <div class='ocr_carea' id='block_1_20' title="bbox 118 2509 2276 3018">
    <p class='ocr_par' dir='ltr' id='par_1_21' title="bbox 121 2509 2276 2785">
     <span class='ocr_line' id='line_1_73' title="bbox 123 2509 2276 2552; baseline 0 -10"><span class='ocrx_word' id='word_1_465' title='bbox 123 2511 282 2551; x_wconf 72' lang='lat' dir='ltr'><em>diqalam</em></span> <span class='ocrx_word' id='word_1_466' title='bbox 302 2519 500 2552; x_wconf 83' lang='lat' dir='ltr'><em>purpuram</em></span> <span class='ocrx_word' id='word_1_467' title='bbox 516 2513 667 2551; x_wconf 79' lang='lat' dir='ltr'><em>sumpsit</em></span> <span class='ocrx_word' id='word_1_468' title='bbox 691 2520 702 2541; x_wconf 86' lang='lat'>.·</span> <span class='ocrx_word' id='word_1_469' title='bbox 721 2510 906 2543; x_wconf 77' lang='lat' dir='ltr'><em>sediciones</em></span> <span class='ocrx_word' id='word_1_470' title='bbox 919 2511 1050 2542; x_wconf 83' lang='lat' dir='ltr'><em>mullas</em></span> <span class='ocrx_word' id='word_1_471' title='bbox 1072 2511 1225 2541; x_wconf 79' lang='lat' dir='ltr'><em>militum</em></span> <span class='ocrx_word' id='word_1_472' title='bbox 1241 2511 1396 2550; x_wconf 70' lang='lat' dir='ltr'><em>pertulit.</em></span> <span class='ocrx_word' id='word_1_473' title='bbox 1414 2529 1454 2533; x_wconf 93' lang='lat'><em>-</em></span> <span class='ocrx_word' id='word_1_474' title='bbox 1470 2509 1495 2551; x_wconf 53' lang='grc' dir='ltr'><strong>ς</strong></span> <span class='ocrx_word' id='word_1_475' title='bbox 1513 2516 1541 2543; x_wconf 86' lang='lat'>2.</span> <span class='ocrx_word' id='word_1_476' title='bbox 1566 2513 1642 2543; x_wconf 79' lang='lat' dir='ltr'>Haec</span> <span class='ocrx_word' id='word_1_477' title='bbox 1663 2513 1791 2551; x_wconf 82' lang='lat' dir='ltr'><strong>sumpta</strong></span> <span class='ocrx_word' id='word_1_478' title='bbox 1813 2520 1831 2542; x_wconf 85' lang='lat' dir='ltr'><em>e</em></span> <span class='ocrx_word' id='word_1_479' title='bbox 1847 2511 1972 2543; x_wconf 89' lang='lat' dir='ltr'><em>Zosimo</em></span> <span class='ocrx_word' id='word_1_480' title='bbox 1989 2513 2029 2551; x_wconf 76' lang='lat'>1,</span> <span class='ocrx_word' id='word_1_481' title='bbox 2043 2514 2101 2550; x_wconf 83' lang='lat'>36,</span> <span class='ocrx_word' id='word_1_482' title='bbox 2124 2512 2146 2543; x_wconf 79' lang='lat'><strong>4</strong></span> <span class='ocrx_word' id='word_1_483' title='bbox 2162 2521 2169 2541; x_wconf 89' lang='lat'>:</span> <span class='ocrx_word' id='word_1_484' title='bbox 2189 2511 2276 2542; x_wconf 85' lang='grc' dir='ltr'>Ἐπεὶ</span> 
     </span>
     <span class='ocr_line' id='line_1_74' title="bbox 122 2557 2275 2599; baseline -0 -10"><span class='ocrx_word' id='word_1_485' title='bbox 122 2557 154 2588; x_wconf 85' lang='grc' dir='ltr'>δὲ</span> <span class='ocrx_word' id='word_1_486' title='bbox 175 2558 338 2599; x_wconf 76' lang='grc' dir='ltr'>διατρίὸων</span> <span class='ocrx_word' id='word_1_487' title='bbox 361 2558 443 2589; x_wconf 82' lang='grc' dir='ltr'>κατὰ</span> <span class='ocrx_word' id='word_1_488' title='bbox 464 2559 519 2594; x_wconf 81' lang='grc' dir='ltr'>τὴν</span> <span class='ocrx_word' id='word_1_489' title='bbox 541 2558 680 2598; x_wconf 82' lang='grc' dir='ltr'>Ἔμεσαν</span> <span class='ocrx_word' id='word_1_490' title='bbox 694 2558 747 2589; x_wconf 88' lang='grc' dir='ltr'>καί</span> <span class='ocrx_word' id='word_1_491' title='bbox 761 2569 830 2590; x_wconf 89' lang='grc' dir='ltr'>τινα</span> <span class='ocrx_word' id='word_1_492' title='bbox 843 2559 995 2597; x_wconf 79' lang='grc' dir='ltr'>γενέθλιον</span> <span class='ocrx_word' id='word_1_493' title='bbox 1016 2557 1101 2597; x_wconf 88' lang='grc' dir='ltr'>ἄγων</span> <span class='ocrx_word' id='word_1_494' title='bbox 1115 2558 1220 2597; x_wconf 74' lang='grc' dir='ltr'>ἑορτὴν</span> <span class='ocrx_word' id='word_1_495' title='bbox 1234 2557 1264 2593; x_wconf 86' lang='grc' dir='ltr'>ἐξ</span> <span class='ocrx_word' id='word_1_496' title='bbox 1278 2558 1439 2595; x_wconf 72' lang='grc' dir='ltr'>ἐπιδουλῆς</span> <span class='ocrx_word' id='word_1_497' title='bbox 1456 2557 1586 2598; x_wconf 82' lang='grc' dir='ltr'>ἀνῃρέθη</span> <span class='ocrx_word' id='word_1_498' title='bbox 1597 2581 1606 2596; x_wconf 88' lang='grc'>,</span> <span class='ocrx_word' id='word_1_499' title='bbox 1620 2561 1681 2589; x_wconf 87' lang='grc' dir='ltr'>τῶν</span> <span class='ocrx_word' id='word_1_500' title='bbox 1696 2558 1797 2589; x_wconf 83' lang='grc' dir='ltr'>ἐκεῖσε</span> <span class='ocrx_word' id='word_1_501' title='bbox 1812 2558 2004 2599; x_wconf 83' lang='grc' dir='ltr'>πραγμάτων</span> <span class='ocrx_word' id='word_1_502' title='bbox 2019 2557 2275 2598; x_wconf 75' lang='grc' dir='ltr'>ἀντιλαμὸάνεται</span> 
     </span>
     <span class='ocr_line' id='line_1_75' title="bbox 122 2603 2271 2646; baseline -0 -11"><span class='ocrx_word' id='word_1_503' title='bbox 122 2605 275 2644; x_wconf 75' lang='grc' dir='ltr'>Ζηνοὸία,</span> <span class='ocrx_word' id='word_1_504' title='bbox 295 2607 487 2636; x_wconf 82' lang='grc' dir='ltr'>συνοικοῦσα</span> <span class='ocrx_word' id='word_1_505' title='bbox 505 2605 559 2645; x_wconf 86' lang='grc' dir='ltr'>μὲν</span> <span class='ocrx_word' id='word_1_506' title='bbox 577 2604 737 2645; x_wconf 85' lang='grc' dir='ltr'>Ὀδανάθῳ</span> <span class='ocrx_word' id='word_1_507' title='bbox 750 2629 759 2644; x_wconf 92' lang='grc'>,</span> <span class='ocrx_word' id='word_1_508' title='bbox 777 2604 951 2646; x_wconf 83' lang='grc' dir='ltr'>’φρονήματι</span> <span class='ocrx_word' id='word_1_509' title='bbox 968 2604 1000 2635; x_wconf 86' lang='grc' dir='ltr'>δὲ</span> <span class='ocrx_word' id='word_1_510' title='bbox 1014 2603 1142 2645; x_wconf 78' lang='grc' dir='ltr'>ἀνδρείῳ</span> <span class='ocrx_word' id='word_1_511' title='bbox 1167 2604 1311 2644; x_wconf 84' lang='grc' dir='ltr'>χρωμένη</span> <span class='ocrx_word' id='word_1_512' title='bbox 1324 2604 1377 2634; x_wconf 84' lang='grc' dir='ltr'>καὶ</span> <span class='ocrx_word' id='word_1_513' title='bbox 1391 2603 1442 2635; x_wconf 87' lang='grc' dir='ltr'>διὰ</span> <span class='ocrx_word' id='word_1_514' title='bbox 1463 2607 1525 2635; x_wconf 86' lang='grc' dir='ltr'>τῶν</span> <span class='ocrx_word' id='word_1_515' title='bbox 1544 2604 1654 2645; x_wconf 85' lang='grc' dir='ltr'>ἐκείνῳ</span> <span class='ocrx_word' id='word_1_516' title='bbox 1671 2603 1825 2636; x_wconf 81' lang='grc' dir='ltr'>συνόντων</span> <span class='ocrx_word' id='word_1_517' title='bbox 1841 2605 1895 2642; x_wconf 79' lang='grc' dir='ltr'>τὴν</span> <span class='ocrx_word' id='word_1_518' title='bbox 1915 2603 1988 2641; x_wconf 80' lang='grc' dir='ltr'>ἴσην</span> <span class='ocrx_word' id='word_1_519' title='bbox 2009 2605 2195 2645; x_wconf 76' lang='grc' dir='ltr'>εἰσφέρουσα</span> <span class='ocrx_word' id='word_1_520' title='bbox 2207 2608 2271 2640; x_wconf 82' lang='grc' dir='ltr'>τοῖς</span> 
     </span>
     <span class='ocr_line' id='line_1_76' title="bbox 123 2649 2273 2692; baseline 0 -9"><span class='ocrx_word' id='word_1_521' title='bbox 123 2651 302 2692; x_wconf 81' lang='grc' dir='ltr'>πράγμασιν</span> <span class='ocrx_word' id='word_1_522' title='bbox 316 2652 504 2691; x_wconf 78' lang='grc' dir='ltr'>ἐπιμέλειαν.</span> <span class='ocrx_word' id='word_1_523' title='bbox 519 2668 559 2674; x_wconf 89' lang='lat'><em>-</em></span> <span class='ocrx_word' id='word_1_524' title='bbox 573 2651 813 2691; x_wconf 82' lang='grc' dir='ltr'>Γαλλιηνοῦ]</span> <span class='ocrx_word' id='word_1_525' title='bbox 832 2652 906 2682; x_wconf 78' lang='lat' dir='ltr'>Haec</span> <span class='ocrx_word' id='word_1_526' title='bbox 919 2659 1031 2681; x_wconf 82' lang='lat' dir='ltr'><em>vereor</em></span> <span class='ocrx_word' id='word_1_527' title='bbox 1047 2658 1087 2681; x_wconf 88' lang='lat' dir='ltr'>ne</span> <span class='ocrx_word' id='word_1_528' title='bbox 1106 2649 1146 2680; x_wconf 85' lang='lat' dir='ltr'>de</span> <span class='ocrx_word' id='word_1_529' title='bbox 1163 2658 1222 2680; x_wconf 89' lang='lat' dir='ltr'>suo</span> <span class='ocrx_word' id='word_1_530' title='bbox 1240 2650 1324 2682; x_wconf 81' lang='lat' dir='ltr'>male</span> <span class='ocrx_word' id='word_1_531' title='bbox 1336 2650 1459 2682; x_wconf 83' lang='lat' dir='ltr'>dederit</span> <span class='ocrx_word' id='word_1_532' title='bbox 1475 2651 1654 2691; x_wconf 81' lang='lat' dir='ltr'>excerptor.</span> <span class='ocrx_word' id='word_1_533' title='bbox 1673 2653 1811 2683; x_wconf 86' lang='lat' dir='ltr'><em>Suorum</em></span> <span class='ocrx_word' id='word_1_534' title='bbox 1829 2650 1951 2682; x_wconf 85' lang='lat' dir='ltr'>insidiis</span> <span class='ocrx_word' id='word_1_535' title='bbox 1967 2651 2155 2683; x_wconf 80' lang='lat' dir='ltr'>odenathus</span> <span class='ocrx_word' id='word_1_536' title='bbox 2164 2651 2273 2683; x_wconf 77' lang='lat' dir='ltr'>subla-</span> 
     </span>
     <span class='ocr_line' id='line_1_77' title="bbox 121 2696 2275 2738; baseline 0.001 -10"><span class='ocrx_word' id='word_1_537' title='bbox 121 2698 175 2729; x_wconf 85' lang='lat' dir='ltr'>tus</span> <span class='ocrx_word' id='word_1_538' title='bbox 187 2699 235 2730; x_wconf 89' lang='lat' dir='ltr'>est</span> <span class='ocrx_word' id='word_1_539' title='bbox 252 2706 315 2730; x_wconf 86' lang='lat' dir='ltr'><em>sec.</em></span> <span class='ocrx_word' id='word_1_540' title='bbox 338 2697 500 2729; x_wconf 83' lang='lat' dir='ltr'><em>zosimum</em></span> <span class='ocrx_word' id='word_1_541' title='bbox 515 2699 547 2729; x_wconf 86' lang='lat' dir='ltr'>et</span> <span class='ocrx_word' id='word_1_542' title='bbox 573 2698 747 2729; x_wconf 82' lang='lat' dir='ltr'><em>Pollionem</em></span> <span class='ocrx_word' id='word_1_543' title='bbox 770 2697 802 2728; x_wconf 90' lang='lat' dir='ltr'>in</span> <span class='ocrx_word' id='word_1_544' title='bbox 830 2696 917 2736; x_wconf 86' lang='lat' dir='ltr'><em>Trig.</em></span> <span class='ocrx_word' id='word_1_545' title='bbox 939 2698 1016 2736; x_wconf 85' lang='lat' dir='ltr'><strong>Tyr.</strong></span> <span class='ocrx_word' id='word_1_546' title='bbox 1040 2705 1069 2727; x_wconf 84' lang='lat' dir='ltr'>c.</span> <span class='ocrx_word' id='word_1_547' title='bbox 1090 2696 1300 2736; x_wconf 63' lang='lat' dir='ltr'>‘14‚Syncell.</span> <span class='ocrx_word' id='word_1_548' title='bbox 1330 2705 1361 2737; x_wconf 84' lang='lat' dir='ltr'>p.</span> <span class='ocrx_word' id='word_1_549' title='bbox 1388 2699 1467 2737; x_wconf 86' lang='lat'><strong>382,</strong></span> <span class='ocrx_word' id='word_1_550' title='bbox 1483 2699 1520 2729; x_wconf 87' lang='lat' dir='ltr'>C.</span> <span class='ocrx_word' id='word_1_551' title='bbox 1538 2697 1611 2738; x_wconf 55' lang='grc' dir='ltr'>-ς</span> <span class='ocrx_word' id='word_1_552' title='bbox 1629 2701 1657 2730; x_wconf 88' lang='grc'>3.</span> <span class='ocrx_word' id='word_1_553' title='bbox 1683 2698 1842 2738; x_wconf 80' lang='lat' dir='ltr'><em>Excerpta</em></span> <span class='ocrx_word' id='word_1_554' title='bbox 1867 2706 1884 2729; x_wconf 84' lang='lat' dir='ltr'><em>e</em></span> <span class='ocrx_word' id='word_1_555' title='bbox 1904 2698 2021 2729; x_wconf 86' lang='lat' dir='ltr'><em>zosim.</em></span> <span class='ocrx_word' id='word_1_556' title='bbox 2047 2699 2079 2738; x_wconf 39' lang='grc' dir='ltr'>Ι),</span> <span class='ocrx_word' id='word_1_557' title='bbox 2103 2703 2163 2737; x_wconf 69' lang='lat'>110,</span> <span class='ocrx_word' id='word_1_558' title='bbox 2181 2701 2211 2730; x_wconf 84' lang='lat'>3.</span> <span class='ocrx_word' id='word_1_559' title='bbox 2234 2715 2275 2720; x_wconf 88' lang='lat'>-</span> 
     </span>
     <span class='ocr_line' id='line_1_78' title="bbox 121 2743 662 2785; baseline -0.002 -10"><span class='ocrx_word' id='word_1_560' title='bbox 121 2743 163 2781; x_wconf 79' lang='grc' dir='ltr'>ὃς</span> <span class='ocrx_word' id='word_1_561' title='bbox 179 2743 411 2785; x_wconf 86' lang='grc' dir='ltr'>συμπραξ.]</span> <span class='ocrx_word' id='word_1_562' title='bbox 429 2745 573 2785; x_wconf 82' lang='grc' dir='ltr'>ὁσυμπρ.</span> <span class='ocrx_word' id='word_1_563' title='bbox 590 2743 662 2775; x_wconf 82' lang='lat' dir='ltr'><em>cod.</em></span> 
     </span>
    </p>

    <p class='ocr_par' dir='ltr' id='par_1_22' title="bbox 163 2789 1186 2830">
     <span class='ocr_line' id='line_1_79' title="bbox 163 2789 1186 2830; baseline -0.002 -8"><span class='ocrx_word' id='word_1_564' title='bbox 163 2792 216 2822; x_wconf 87' lang='lat' dir='ltr'><em>Fr.</em></span> <span class='ocrx_word' id='word_1_565' title='bbox 239 2793 307 2822; x_wconf 83' lang='lat'><strong>154.</strong></span> <span class='ocrx_word' id='word_1_566' title='bbox 333 2792 409 2822; x_wconf 84' lang='lat' dir='ltr'>Haec</span> <span class='ocrx_word' id='word_1_567' title='bbox 426 2790 538 2822; x_wconf 85' lang='lat' dir='ltr'><em>iisdem</em></span> <span class='ocrx_word' id='word_1_568' title='bbox 553 2790 657 2822; x_wconf 82' lang='lat' dir='ltr'><em>verbis</em></span> <span class='ocrx_word' id='word_1_569' title='bbox 669 2789 768 2821; x_wconf 84' lang='lat' dir='ltr'>habes</span> <span class='ocrx_word' id='word_1_570' title='bbox 781 2798 832 2830; x_wconf 87' lang='lat' dir='ltr'>ap.</span> <span class='ocrx_word' id='word_1_571' title='bbox 850 2789 1013 2821; x_wconf 86' lang='lat' dir='ltr'><em>zosimum</em></span> <span class='ocrx_word' id='word_1_572' title='bbox 1032 2790 1063 2827; x_wconf 88' lang='lat'>1,</span> <span class='ocrx_word' id='word_1_573' title='bbox 1078 2791 1113 2820; x_wconf 78' lang='lat'>41</span> <span class='ocrx_word' id='word_1_574' title='bbox 1130 2813 1139 2828; x_wconf 90' lang='lat'><strong>‚</strong></span> <span class='ocrx_word' id='word_1_575' title='bbox 1155 2793 1186 2820; x_wconf 84' lang='lat'>2.</span> 
     </span>
    </p>

    <p class='ocr_par' dir='ltr' id='par_1_23' title="bbox 118 2834 2274 2971">
     <span class='ocr_line' id='line_1_80' title="bbox 162 2834 2274 2877; baseline -0.001 -8"><span class='ocrx_word' id='word_1_576' title='bbox 162 2839 215 2869; x_wconf 87' lang='lat' dir='ltr'>Fr.</span> <span class='ocrx_word' id='word_1_577' title='bbox 237 2838 307 2869; x_wconf 75' lang='lat'><strong>154.</strong></span> <span class='ocrx_word' id='word_1_578' title='bbox 331 2837 499 2877; x_wconf 80' lang='lat' dir='ltr'><em>Exscripta</em></span> <span class='ocrx_word' id='word_1_579' title='bbox 511 2846 529 2869; x_wconf 85' lang='lat' dir='ltr'><em>e</em></span> <span class='ocrx_word' id='word_1_580' title='bbox 550 2837 666 2868; x_wconf 85' lang='lat' dir='ltr'><em>Zosim.</em></span> <span class='ocrx_word' id='word_1_581' title='bbox 685 2838 716 2876; x_wconf 89' lang='grc' dir='ltr'>Ι,</span> <span class='ocrx_word' id='word_1_582' title='bbox 731 2839 783 2868; x_wconf 80' lang='lat'>47.</span> <span class='ocrx_word' id='word_1_583' title='bbox 799 2854 840 2859; x_wconf 97' lang='lat'><strong>—</strong></span> <span class='ocrx_word' id='word_1_584' title='bbox 863 2835 1098 2875; x_wconf 84' lang='grc' dir='ltr'>Κύντιλλος]</span> <span class='ocrx_word' id='word_1_585' title='bbox 1113 2836 1262 2872; x_wconf 81' lang='grc' dir='ltr'>κυντίλιος</span> <span class='ocrx_word' id='word_1_586' title='bbox 1275 2835 1347 2869; x_wconf 84' lang='lat' dir='ltr'><em>cod.</em></span> <span class='ocrx_word' id='word_1_587' title='bbox 1361 2853 1404 2859; x_wconf 89' lang='lat'>—</span> <span class='ocrx_word' id='word_1_588' title='bbox 1425 2836 1503 2876; x_wconf 80' lang='grc' dir='ltr'>ἅμα</span> <span class='ocrx_word' id='word_1_589' title='bbox 1518 2838 1569 2877; x_wconf 84' lang='grc' dir='ltr'>τῷ</span> <span class='ocrx_word' id='word_1_590' title='bbox 1585 2835 1659 2877; x_wconf 91' lang='grc' dir='ltr'>γν.]</span> <span class='ocrx_word' id='word_1_591' title='bbox 1678 2835 1744 2875; x_wconf 86' lang='grc' dir='ltr'>ἅμα</span> <span class='ocrx_word' id='word_1_592' title='bbox 1759 2836 1791 2867; x_wconf 84' lang='grc' dir='ltr'>δὲ</span> <span class='ocrx_word' id='word_1_593' title='bbox 1807 2838 1852 2876; x_wconf 86' lang='grc' dir='ltr'>τῷ</span> <span class='ocrx_word' id='word_1_594' title='bbox 1868 2846 1916 2875; x_wconf 89' lang='grc' dir='ltr'>γν.</span> <span class='ocrx_word' id='word_1_595' title='bbox 1942 2834 2014 2866; x_wconf 83' lang='lat' dir='ltr'>cod.</span> <span class='ocrx_word' id='word_1_596' title='bbox 2032 2849 2072 2856; x_wconf 84' lang='lat'>--</span> <span class='ocrx_word' id='word_1_597' title='bbox 2095 2835 2274 2876; x_wconf 82' lang='grc' dir='ltr'>λέγεται]</span> 
     </span>
     <span class='ocr_line' id='line_1_81' title="bbox 120 2881 2272 2929; baseline -0.001 -14"><span class='ocrx_word' id='word_1_598' title='bbox 120 2885 277 2925; x_wconf 81' lang='lat' dir='ltr'>supplevi.</span> <span class='ocrx_word' id='word_1_599' title='bbox 296 2902 337 2907; x_wconf 85' lang='lat'>—</span> <span class='ocrx_word' id='word_1_600' title='bbox 352 2883 480 2925; x_wconf 83' lang='grc' dir='ltr'>τινὸς]</span> <span class='ocrx_word' id='word_1_601' title='bbox 507 2887 594 2923; x_wconf 87' lang='lat' dir='ltr'><em>Zos.;</em></span> <span class='ocrx_word' id='word_1_602' title='bbox 611 2886 707 2929; x_wconf 56' lang='lat' dir='ltr'>stoja:</span> <span class='ocrx_word' id='word_1_603' title='bbox 726 2884 799 2915; x_wconf 87' lang='lat' dir='ltr'><em>cod.</em></span> <span class='ocrx_word' id='word_1_604' title='bbox 813 2883 1074 2924; x_wconf 58' lang='lat' dir='ltr'>—ivoovth</span> <span class='ocrx_word' id='word_1_605' title='bbox 1091 2884 1229 2920; x_wconf 83' lang='grc' dir='ltr'>εὐδόντος</span> <span class='ocrx_word' id='word_1_606' title='bbox 1247 2883 1318 2915; x_wconf 82' lang='lat' dir='ltr'><em>cod.</em></span> <span class='ocrx_word' id='word_1_607' title='bbox 1344 2902 1384 2908; x_wconf 89' lang='lat'>—</span> <span class='ocrx_word' id='word_1_608' title='bbox 1409 2883 1523 2924; x_wconf 81' lang='grc' dir='ltr'>αὖος]</span> <span class='ocrx_word' id='word_1_609' title='bbox 1548 2885 1639 2923; x_wconf 90' lang='lat' dir='ltr'><em>Zos.;</em></span> <span class='ocrx_word' id='word_1_610' title='bbox 1666 2882 1796 2918; x_wconf 84' lang='grc' dir='ltr'>ἄναυδος</span> <span class='ocrx_word' id='word_1_611' title='bbox 1821 2881 1892 2914; x_wconf 90' lang='lat' dir='ltr'><em>cod.</em></span> <span class='ocrx_word' id='word_1_612' title='bbox 1919 2883 2071 2914; x_wconf 85' lang='lat' dir='ltr'><em>ceterum</em></span> <span class='ocrx_word' id='word_1_613' title='bbox 2095 2890 2136 2913; x_wconf 83' lang='lat' dir='ltr'>ex</span> <span class='ocrx_word' id='word_1_614' title='bbox 2160 2881 2272 2913; x_wconf 76' lang='lat' dir='ltr'><em>eodem</em></span> 
     </span>
     <span class='ocr_line' id='line_1_82' title="bbox 118 2929 1586 2971; baseline -0.002 -8"><span class='ocrx_word' id='word_1_615' title='bbox 118 2931 243 2963; x_wconf 86' lang='lat' dir='ltr'><em>zosimo</em></span> <span class='ocrx_word' id='word_1_616' title='bbox 257 2931 307 2963; x_wconf 87' lang='lat' dir='ltr'>vel</span> <span class='ocrx_word' id='word_1_617' title='bbox 320 2940 360 2963; x_wconf 83' lang='lat' dir='ltr'>ex</span> <span class='ocrx_word' id='word_1_618' title='bbox 374 2933 498 2963; x_wconf 80' lang='lat' dir='ltr'><em>Joanne</em></span> <span class='ocrx_word' id='word_1_619' title='bbox 509 2940 573 2963; x_wconf 82' lang='lat' dir='ltr'>suo</span> <span class='ocrx_word' id='word_1_620' title='bbox 583 2932 690 2963; x_wconf 85' lang='lat' dir='ltr'>hausit</span> <span class='ocrx_word' id='word_1_621' title='bbox 703 2934 805 2963; x_wconf 85' lang='lat' dir='ltr'><em>Anon.</em></span> <span class='ocrx_word' id='word_1_622' title='bbox 821 2931 942 2963; x_wconf 88' lang='lat' dir='ltr'><em>chron.</em></span> <span class='ocrx_word' id='word_1_623' title='bbox 961 2930 1034 2962; x_wconf 88' lang='lat' dir='ltr'><em>cod.</em></span> <span class='ocrx_word' id='word_1_624' title='bbox 1054 2931 1141 2963; x_wconf 82' lang='lat' dir='ltr'><em>Paris</em></span> <span class='ocrx_word' id='word_1_625' title='bbox 1155 2934 1215 2963; x_wconf 77' lang='lat'>854</span> <span class='ocrx_word' id='word_1_626' title='bbox 1226 2955 1236 2971; x_wconf 92' lang='lat'><em>‚</em></span> <span class='ocrx_word' id='word_1_627' title='bbox 1252 2940 1284 2971; x_wconf 86' lang='lat' dir='ltr'>p.</span> <span class='ocrx_word' id='word_1_628' title='bbox 1302 2934 1361 2962; x_wconf 81' lang='lat'>290</span> <span class='ocrx_word' id='word_1_629' title='bbox 1377 2929 1426 2961; x_wconf 86' lang='lat' dir='ltr'>ed.</span> <span class='ocrx_word' id='word_1_630' title='bbox 1443 2932 1586 2961; x_wconf 81' lang='lat' dir='ltr'>Cramer.</span> 
     </span>
    </p>

    <p class='ocr_par' dir='ltr' id='par_1_24' title="bbox 160 2973 2271 3018">
     <span class='ocr_line' id='line_1_83' title="bbox 160 2973 2271 3018; baseline -0.001 -10"><span class='ocrx_word' id='word_1_631' title='bbox 160 2979 213 3009; x_wconf 87' lang='lat' dir='ltr'><em>Fr·</em></span> <span class='ocrx_word' id='word_1_632' title='bbox 238 2982 304 3010; x_wconf 78' lang='lat'>¹55.</span> <span class='ocrx_word' id='word_1_633' title='bbox 325 2978 443 3010; x_wconf 80' lang='lat' dir='ltr'><em>Eadem</em></span> <span class='ocrx_word' id='word_1_634' title='bbox 458 2978 571 3010; x_wconf 84' lang='lat' dir='ltr'>suidas</span> <span class='ocrx_word' id='word_1_635' title='bbox 584 2987 614 3010; x_wconf 88' lang='lat' dir='ltr'>v.</span> <span class='ocrx_word' id='word_1_636' title='bbox 633 2978 832 3018; x_wconf 65' lang='grc' dir='ltr'>Αὐρηλιανὸς,</span> <span class='ocrx_word' id='word_1_637' title='bbox 849 2980 982 3017; x_wconf 81' lang='lat' dir='ltr'><em>Eutrop.</em></span> <span class='ocrx_word' id='word_1_638' title='bbox 1001 2979 1044 3009; x_wconf 83' lang='lat' dir='ltr'>IX</span> <span class='ocrx_word' id='word_1_639' title='bbox 1056 3001 1064 3015; x_wconf 93' lang='lat'>‚</span> <span class='ocrx_word' id='word_1_640' title='bbox 1081 2983 1099 3009; x_wconf 81' lang='grc'><strong>9</strong></span> <span class='ocrx_word' id='word_1_641' title='bbox 1116 2991 1123 3009; x_wconf 84' lang='grc'>;</span> <span class='ocrx_word' id='word_1_642' title='bbox 1140 2978 1388 3010; x_wconf 79' lang='lat' dir='ltr'><em>Aurelianus...</em></span> <span class='ocrx_word' id='word_1_643' title='bbox 1403 2978 1459 3008; x_wconf 79' lang='lat' dir='ltr'><em>vir</em></span> <span class='ocrx_word' id='word_1_644' title='bbox 1473 2978 1509 3007; x_wconf 85' lang='lat' dir='ltr'>in</span> <span class='ocrx_word' id='word_1_645' title='bbox 1528 2976 1615 3008; x_wconf 83' lang='lat' dir='ltr'><em>bello</em></span> <span class='ocrx_word' id='word_1_646' title='bbox 1628 2976 1767 3015; x_wconf 82' lang='lat' dir='ltr'><em>potens,</em></span> <span class='ocrx_word' id='word_1_647' title='bbox 1782 2976 1892 3006; x_wconf 85' lang='lat' dir='ltr'><em>animi</em></span> <span class='ocrx_word' id='word_1_648' title='bbox 1910 2976 2025 3007; x_wconf 83' lang='lat' dir='ltr'><em>lamen</em></span> <span class='ocrx_word' id='word_1_649' title='bbox 2042 2973 2215 3007; x_wconf 74' lang='lat' dir='ltr'>immodici</span> <span class='ocrx_word' id='word_1_650' title='bbox 2238 2976 2271 3006; x_wconf 76' lang='lat' dir='ltr'>ec</span> 
     </span>
    </p>
   </div>
   <div class='ocr_carea' id='block_1_21' title="bbox 118 3023 2269 3066">
    <p class='ocr_par' dir='ltr' id='par_1_25' title="bbox 118 3023 2269 3066">
     <span class='ocr_line' id='line_1_84' title="bbox 118 3023 2269 3066; baseline -0.002 -10"><span class='ocrx_word' id='word_1_651' title='bbox 118 3023 168 3056; x_wconf 85' lang='lat' dir='ltr'>ad</span> <span class='ocrx_word' id='word_1_652' title='bbox 179 3024 423 3056; x_wconf 79' lang='lat' dir='ltr'><em>crudelitatem</em></span> <span class='ocrx_word' id='word_1_653' title='bbox 436 3026 672 3065; x_wconf 73' lang='lat' dir='ltr'>propensioris</span> <span class='ocrx_word' id='word_1_654' title='bbox 691 3048 710 3056; x_wconf 91' lang='lat'>..</span> <span class='ocrx_word' id='word_1_655' title='bbox 730 3025 905 3056; x_wconf 76' lang='lat' dir='ltr'>Plurimos</span> <span class='ocrx_word' id='word_1_656' title='bbox 922 3024 1050 3056; x_wconf 79' lang='lat' dir='ltr'><em>nobiles</em></span> <span class='ocrx_word' id='word_1_657' title='bbox 1064 3028 1180 3066; x_wconf 76' lang='lat' dir='ltr'><em>capite</em></span> <span class='ocrx_word' id='word_1_658' title='bbox 1194 3024 1398 3062; x_wconf 67' lang='lat' dir='ltr'><em>(lamnam,-</em></span> <span class='ocrx_word' id='word_1_659' title='bbox 1413 3031 1522 3055; x_wconf 77' lang='lat' dir='ltr'><strong><em>saevus</em></strong></span> <span class='ocrx_word' id='word_1_660' title='bbox 1535 3025 1568 3055; x_wconf 83' lang='lat' dir='ltr'>el</span> <span class='ocrx_word' id='word_1_661' title='bbox 1581 3023 1835 3063; x_wconf 73' lang='lat' dir='ltr'><em>sanquinarius</em></span> <span class='ocrx_word' id='word_1_662' title='bbox 1847 3046 1856 3061; x_wconf 94' lang='lat'>,</span> <span class='ocrx_word' id='word_1_663' title='bbox 1871 3031 1912 3054; x_wconf 83' lang='lat' dir='ltr'>ac</span> <span class='ocrx_word' id='word_1_664' title='bbox 1932 3023 2148 3054; x_wconf 79' lang='lat' dir='ltr'><em>necessarius</em></span> <span class='ocrx_word' id='word_1_665' title='bbox 2160 3023 2269 3061; x_wconf 75' lang='lat' dir='ltr'><em>mayis</em></span> 
     </span>
    </p>
   </div>
   <div class='ocr_carea' id='block_1_22' title="bbox 117 3063 2267 3438">
    <p class='ocr_par' dir='ltr' id='par_1_26' title="bbox 118 3063 2265 3159">
     <span class='ocr_line' id='line_1_85' title="bbox 118 3063 2265 3112; baseline -0.002 -9"><span class='ocrx_word' id='word_1_666' title='bbox 118 3072 155 3102; x_wconf 72' lang='lat' dir='ltr'>in</span> <span class='ocrx_word' id='word_1_667' title='bbox 171 3070 381 3112; x_wconf 72' lang='lat' dir='ltr'><em>quibusdam</em></span> <span class='ocrx_word' id='word_1_668' title='bbox 395 3080 499 3112; x_wconf 81' lang='lat' dir='ltr'><em>quam</em></span> <span class='ocrx_word' id='word_1_669' title='bbox 520 3073 557 3103; x_wconf 84' lang='lat' dir='ltr'>in</span> <span class='ocrx_word' id='word_1_670' title='bbox 571 3072 645 3103; x_wconf 86' lang='lat' dir='ltr'><em>ullo</em></span> <span class='ocrx_word' id='word_1_671' title='bbox 667 3071 834 3103; x_wconf 80' lang='lat' dir='ltr'><em>amabilis</em></span> <span class='ocrx_word' id='word_1_672' title='bbox 857 3072 1060 3110; x_wconf 68' lang='lat' dir='ltr'><em>imperator,</em></span> <span class='ocrx_word' id='word_1_673' title='bbox 1090 3073 1175 3102; x_wconf 75' lang='lat' dir='ltr'><em>trux</em></span> <span class='ocrx_word' id='word_1_674' title='bbox 1195 3072 1289 3101; x_wconf 83' lang='lat' dir='ltr'><em>omn-i</em></span> <span class='ocrx_word' id='word_1_675' title='bbox 1308 3072 1474 3110; x_wconf 84' lang='lat' dir='ltr'><em>tempore,</em></span> <span class='ocrx_word' id='word_1_676' title='bbox 1492 3068 1678 3108; x_wconf 78' lang='lat' dir='ltr'><em>eliamfilii</em></span> <span class='ocrx_word' id='word_1_677' title='bbox 1694 3070 1820 3100; x_wconf 77' lang='lat' dir='ltr'><em>sororis</em></span> <span class='ocrx_word' id='word_1_678' title='bbox 1838 3063 1850 3108; x_wconf 70' lang='grc' dir='ltr'>ζ</span> <span class='ocrx_word' id='word_1_679' title='bbox 1850 3067 1924 3108; x_wconf 85' lang='lat' dir='ltr'><em>filii</em></span> <span class='ocrx_word' id='word_1_680' title='bbox 1946 3070 2069 3100; x_wconf 72' lang='lat' dir='ltr'><em>uxoris</em></span> <span class='ocrx_word' id='word_1_681' title='bbox 2091 3076 2153 3099; x_wconf 86' lang='lat' dir='ltr'><em>sec.</em></span> <span class='ocrx_word' id='word_1_682' title='bbox 2171 3068 2265 3099; x_wconf 85' lang='lat' dir='ltr'><em>Joan.</em></span> 
     </span>
     <span class='ocr_line' id='line_1_86' title="bbox 120 3116 1996 3159; baseline -0.002 -9"><span class='ocrx_word' id='word_1_683' title='bbox 120 3120 199 3150; x_wconf 83' lang='lat' dir='ltr'>Exc.</span> <span class='ocrx_word' id='word_1_684' title='bbox 213 3118 225 3158; x_wconf 94' lang='lat'>)</span> <span class='ocrx_word' id='word_1_685' title='bbox 241 3118 442 3158; x_wconf 75' lang='lat' dir='ltr'><em>interfector</em></span> <span class='ocrx_word' id='word_1_686' title='bbox 458 3129 470 3152; x_wconf 89' lang='lat'><em>:</em></span> <span class='ocrx_word' id='word_1_687' title='bbox 487 3118 681 3159; x_wconf 64' lang='lat' dir='ltr'><em>disciplinae</em></span> <span class='ocrx_word' id='word_1_688' title='bbox 702 3120 815 3150; x_wconf 80' lang='lat' dir='ltr'><em>tamen</em></span> <span class='ocrx_word' id='word_1_689' title='bbox 830 3118 1002 3149; x_wconf 81' lang='lat' dir='ltr'><em>militaris</em></span> <span class='ocrx_word' id='word_1_690' title='bbox 1018 3119 1052 3148; x_wconf 80' lang='lat' dir='ltr'>el</span> <span class='ocrx_word' id='word_1_691' title='bbox 1070 3124 1204 3148; x_wconf 86' lang='lat' dir='ltr'><em>morum</em></span> <span class='ocrx_word' id='word_1_692' title='bbox 1217 3116 1470 3148; x_wconf 81' lang='lat' dir='ltr'><em>dissolutorum</em></span> <span class='ocrx_word' id='word_1_693' title='bbox 1487 3124 1616 3155; x_wconf 69' lang='lat' dir='ltr'><em>maana</em></span> <span class='ocrx_word' id='word_1_694' title='bbox 1631 3123 1675 3147; x_wconf 74' lang='lat' dir='ltr'>ea:</span> <span class='ocrx_word' id='word_1_695' title='bbox 1689 3117 1794 3156; x_wconf 80' lang='lat' dir='ltr'><em>parte</em></span> <span class='ocrx_word' id='word_1_696' title='bbox 1808 3117 1996 3148; x_wconf 82' lang='lat' dir='ltr'><em>corrector.</em></span> 
     </span>
    </p>

    <p class='ocr_par' dir='ltr' id='par_1_27' title="bbox 117 3161 2267 3393">
     <span class='ocr_line' id='line_1_87' title="bbox 160 3161 2267 3206; baseline -0.003 -10"><span class='ocrx_word' id='word_1_697' title='bbox 160 3166 215 3196; x_wconf 85' lang='lat' dir='ltr'><em>Fr.</em></span> <span class='ocrx_word' id='word_1_698' title='bbox 239 3168 309 3197; x_wconf 82' lang='grc'><strong>156.</strong></span> <span class='ocrx_word' id='word_1_699' title='bbox 327 3167 463 3206; x_wconf 79' lang='lat' dir='ltr'><em>Eutrop.</em></span> <span class='ocrx_word' id='word_1_700' title='bbox 479 3166 501 3197; x_wconf 96' lang='lat' dir='ltr'>l.</span> <span class='ocrx_word' id='word_1_701' title='bbox 521 3165 542 3197; x_wconf 89' lang='lat' dir='ltr'>l.</span> <span class='ocrx_word' id='word_1_702' title='bbox 572 3178 580 3197; x_wconf 72' lang='grc' dir='ltr'>ι</span> <span class='ocrx_word' id='word_1_703' title='bbox 600 3164 777 3197; x_wconf 76' lang='lat' dir='ltr'><em>Occiditur</em></span> <span class='ocrx_word' id='word_1_704' title='bbox 796 3167 886 3196; x_wconf 82' lang='lat' dir='ltr'><em>servi</em></span> <span class='ocrx_word' id='word_1_705' title='bbox 907 3166 960 3195; x_wconf 80' lang='lat' dir='ltr'>sai</span> <span class='ocrx_word' id='word_1_706' title='bbox 976 3163 1132 3203; x_wconf 79' lang='lat' dir='ltr'><em>fraude,</em></span> <span class='ocrx_word' id='word_1_707' title='bbox 1153 3165 1213 3203; x_wconf 84' lang='lat' dir='ltr'>qui</span> <span class='ocrx_word' id='word_1_708' title='bbox 1229 3162 1278 3194; x_wconf 87' lang='lat' dir='ltr'>ad</span> <span class='ocrx_word' id='word_1_709' title='bbox 1300 3161 1470 3203; x_wconf 82' lang='lat' dir='ltr'><em>quosdam</em></span> <span class='ocrx_word' id='word_1_710' title='bbox 1495 3162 1667 3194; x_wconf 79' lang='lat' dir='ltr'><em>militares</em></span> <span class='ocrx_word' id='word_1_711' title='bbox 1693 3163 1809 3202; x_wconf 71' lang='lat' dir='ltr'><em>viros,</em></span> <span class='ocrx_word' id='word_1_712' title='bbox 1834 3164 1963 3194; x_wconf 78' lang='lat' dir='ltr'><em>amicos</em></span> <span class='ocrx_word' id='word_1_713' title='bbox 1980 3163 2109 3202; x_wconf 78' lang='lat' dir='ltr'><em>ipsius,</em></span> <span class='ocrx_word' id='word_1_714' title='bbox 2128 3162 2267 3191; x_wconf 85' lang='lat' dir='ltr'><em>nomina</em></span> 
     </span>
     <span class='ocr_line' id='line_1_88' title="bbox 117 3207 2266 3252; baseline -0.002 -10"><span class='ocrx_word' id='word_1_715' title='bbox 117 3211 267 3251; x_wconf 76' lang='lat' dir='ltr'><em>pertulit</em></span> <span class='ocrx_word' id='word_1_716' title='bbox 280 3211 455 3244; x_wconf 79' lang='lat' dir='ltr'><em>adnotata</em></span> <span class='ocrx_word' id='word_1_717' title='bbox 468 3211 588 3252; x_wconf 85' lang='lat' dir='ltr'><em>‚salso</em></span> <span class='ocrx_word' id='word_1_718' title='bbox 606 3220 750 3243; x_wconf 84' lang='lat' dir='ltr'><em>manum</em></span> <span class='ocrx_word' id='word_1_719' title='bbox 766 3212 839 3251; x_wconf 79' lang='lat' dir='ltr'><em>ejtls</em></span> <span class='ocrx_word' id='word_1_720' title='bbox 854 3212 1038 3249; x_wconf 76' lang='lat' dir='ltr'><em>imitatus,</em></span> <span class='ocrx_word' id='word_1_721' title='bbox 1054 3212 1223 3249; x_wconf 80' lang='lat' dir='ltr'><em>tanquam</em></span> <span class='ocrx_word' id='word_1_722' title='bbox 1242 3209 1453 3240; x_wconf 80' lang='lat' dir='ltr'><em>Aurelianus</em></span> <span class='ocrx_word' id='word_1_723' title='bbox 1470 3209 1560 3248; x_wconf 71' lang='lat' dir='ltr'><em>ipsos</em></span> <span class='ocrx_word' id='word_1_724' title='bbox 1572 3209 1720 3247; x_wconf 77' lang='lat' dir='ltr'><em>pararet</em></span> <span class='ocrx_word' id='word_1_725' title='bbox 1735 3207 1900 3240; x_wconf 83' lang='lat' dir='ltr'><em>occidere.</em></span> <span class='ocrx_word' id='word_1_726' title='bbox 1929 3210 2053 3248; x_wconf 80' lang='lat' dir='ltr'><em>[laque</em></span> <span class='ocrx_word' id='word_1_727' title='bbox 2076 3209 2116 3238; x_wconf 84' lang='lat' dir='ltr'>ul</span> <span class='ocrx_word' id='word_1_728' title='bbox 2136 3215 2266 3246; x_wconf 76' lang='lat' dir='ltr'><em>praeve-</em></span> 
     </span>
     <span class='ocr_line' id='line_1_89' title="bbox 118 3255 2265 3298; baseline -0.003 -9"><span class='ocrx_word' id='word_1_729' title='bbox 118 3259 266 3298; x_wconf 63' lang='lat' dir='ltr'><em>miretur,</em></span> <span class='ocrx_word' id='word_1_730' title='bbox 280 3259 324 3290; x_wconf 85' lang='lat' dir='ltr'>ab</span> <span class='ocrx_word' id='word_1_731' title='bbox 337 3259 458 3291; x_wconf 82' lang='lat' dir='ltr'><em>iisdem</em></span> <span class='ocrx_word' id='word_1_732' title='bbox 470 3258 674 3297; x_wconf 77' lang='lat' dir='ltr'><em>interfectus</em></span> <span class='ocrx_word' id='word_1_733' title='bbox 688 3261 739 3290; x_wconf 79' lang='lat' dir='ltr'>est</span> <span class='ocrx_word' id='word_1_734' title='bbox 758 3260 795 3290; x_wconf 87' lang='lat' dir='ltr'>in</span> <span class='ocrx_word' id='word_1_735' title='bbox 812 3259 948 3290; x_wconf 70' lang='lat' dir='ltr'><em>itineris</em></span> <span class='ocrx_word' id='word_1_736' title='bbox 963 3257 1071 3288; x_wconf 85' lang='lat' dir='ltr'><em>medio</em></span> <span class='ocrx_word' id='word_1_737' title='bbox 1086 3255 1178 3296; x_wconf 82' lang='lat' dir='ltr'><em>quod</em></span> <span class='ocrx_word' id='word_1_738' title='bbox 1192 3257 1286 3286; x_wconf 78' lang='lat' dir='ltr'><em>inter</em></span> <span class='ocrx_word' id='word_1_739' title='bbox 1303 3255 1634 3295; x_wconf 81' lang='lat' dir='ltr'><em>Conslanlinopolim</em></span> <span class='ocrx_word' id='word_1_740' title='bbox 1648 3257 1681 3287; x_wconf 81' lang='lat' dir='ltr'>et</span> <span class='ocrx_word' id='word_1_741' title='bbox 1704 3255 1906 3287; x_wconf 87' lang='lat' dir='ltr'><em>Heracleam</em></span> <span class='ocrx_word' id='word_1_742' title='bbox 1929 3257 1979 3286; x_wconf 79' lang='lat' dir='ltr'>est</span> <span class='ocrx_word' id='word_1_743' title='bbox 1993 3255 2114 3285; x_wconf 79' lang='lat' dir='ltr'><em>slraloe</em></span> <span class='ocrx_word' id='word_1_744' title='bbox 2130 3255 2265 3284; x_wconf 82' lang='lat' dir='ltr'><em>veleris.</em></span> 
     </span>
     <span class='ocr_line' id='line_1_90' title="bbox 118 3301 2265 3346; baseline -0.002 -10"><span class='ocrx_word' id='word_1_745' title='bbox 118 3306 225 3336; x_wconf 81' lang='lat' dir='ltr'><em>Locus</em></span> <span class='ocrx_word' id='word_1_746' title='bbox 253 3305 540 3345; x_wconf 77' lang='lat' dir='ltr'><em>Caenophrurium</em></span> <span class='ocrx_word' id='word_1_747' title='bbox 565 3305 609 3345; x_wconf 91' lang='grc' dir='ltr'>(Ι.</span> <span class='ocrx_word' id='word_1_748' title='bbox 636 3305 944 3346; x_wconf 51' lang='lat' dir='ltr'><em>arnophi-urium)</em></span> <span class='ocrx_word' id='word_1_749' title='bbox 962 3304 1174 3344; x_wconf 77' lang='lat' dir='ltr'><em>appellatur.</em></span> <span class='ocrx_word' id='word_1_750' title='bbox 1192 3304 1284 3335; x_wconf 83' lang='lat' dir='ltr'><em>Mors</em></span> <span class='ocrx_word' id='word_1_751' title='bbox 1305 3305 1419 3334; x_wconf 83' lang='lat' dir='ltr'><em>tamen</em></span> <span class='ocrx_word' id='word_1_752' title='bbox 1442 3303 1515 3342; x_wconf 82' lang='lat' dir='ltr'><em>ejus</em></span> <span class='ocrx_word' id='word_1_753' title='bbox 1532 3303 1650 3334; x_wconf 81' lang='lat' dir='ltr'><em>inulta</em></span> <span class='ocrx_word' id='word_1_754' title='bbox 1667 3311 1734 3334; x_wconf 82' lang='lat' dir='ltr'>non</span> <span class='ocrx_word' id='word_1_755' title='bbox 1750 3302 1840 3342; x_wconf 70' lang='lat' dir='ltr'><em>full.</em></span> <span class='ocrx_word' id='word_1_756' title='bbox 1869 3304 1995 3334; x_wconf 69' lang='lat' dir='ltr'><em>Mei-uie</em></span> <span class='ocrx_word' id='word_1_757' title='bbox 2018 3308 2151 3342; x_wconf 78' lang='lat' dir='ltr'><em>quoque</em></span> <span class='ocrx_word' id='word_1_758' title='bbox 2174 3301 2265 3331; x_wconf 73' lang='lat' dir='ltr'><em>inter</em></span> 
     </span>
     <span class='ocr_line' id='line_1_91' title="bbox 119 3349 1975 3393; baseline -0.002 -10"><span class='ocrx_word' id='word_1_759' title='bbox 119 3350 214 3383; x_wconf 79' lang='lat' dir='ltr'><em>divos</em></span> <span class='ocrx_word' id='word_1_760' title='bbox 227 3351 367 3390; x_wconf 64' lang='lat' dir='ltr'><em>referri.</em></span> <span class='ocrx_word' id='word_1_761' title='bbox 383 3372 423 3378; x_wconf 94' lang='lat'><strong>—</strong></span> <span class='ocrx_word' id='word_1_762' title='bbox 438 3352 513 3393; x_wconf 85' lang='grc' dir='ltr'>πρός</span> <span class='ocrx_word' id='word_1_763' title='bbox 529 3363 611 3387; x_wconf 90' lang='grc' dir='ltr'>τινας</span> <span class='ocrx_word' id='word_1_764' title='bbox 625 3351 823 3392; x_wconf 77' lang='grc' dir='ltr'>χιλιάρχους]</span> <span class='ocrx_word' id='word_1_765' title='bbox 838 3351 911 3391; x_wconf 80' lang='grc' dir='ltr'>πρός</span> <span class='ocrx_word' id='word_1_766' title='bbox 924 3362 1003 3386; x_wconf 87' lang='grc' dir='ltr'>τινος</span> <span class='ocrx_word' id='word_1_767' title='bbox 1023 3350 1184 3391; x_wconf 80' lang='grc' dir='ltr'>χιλιάρχου</span> <span class='ocrx_word' id='word_1_768' title='bbox 1199 3350 1270 3381; x_wconf 81' lang='lat' dir='ltr'>cod.</span> <span class='ocrx_word' id='word_1_769' title='bbox 1289 3349 1408 3381; x_wconf 81' lang='lat' dir='ltr'><em>Deinde</em></span> <span class='ocrx_word' id='word_1_770' title='bbox 1425 3349 1522 3381; x_wconf 82' lang='lat' dir='ltr'><em>codex</em></span> <span class='ocrx_word' id='word_1_771' title='bbox 1538 3350 1636 3391; x_wconf 84' lang='grc' dir='ltr'>φέρων</span> <span class='ocrx_word' id='word_1_772' title='bbox 1652 3351 1684 3382; x_wconf 86' lang='lat' dir='ltr'>et</span> <span class='ocrx_word' id='word_1_773' title='bbox 1703 3350 1975 3390; x_wconf 87' lang='grc' dir='ltr'>σεσημειωμένων.</span> 
     </span>
    </p>

    <p class='ocr_par' dir='ltr' id='par_1_28' title="bbox 159 3391 2261 3438">
     <span class='ocr_line' id='line_1_92' title="bbox 159 3391 2261 3438; baseline -0.002 -10"><span class='ocrx_word' id='word_1_774' title='bbox 159 3398 211 3428; x_wconf 87' lang='lat' dir='ltr'><em>Fr.</em></span> <span class='ocrx_word' id='word_1_775' title='bbox 240 3400 308 3429; x_wconf 73' lang='lat'>157.</span> <span class='ocrx_word' id='word_1_776' title='bbox 332 3399 407 3429; x_wconf 80' lang='lat' dir='ltr'>llaec</span> <span class='ocrx_word' id='word_1_777' title='bbox 420 3398 579 3438; x_wconf 73' lang='lat' dir='ltr'><em>exscripta</em></span> <span class='ocrx_word' id='word_1_778' title='bbox 591 3400 666 3429; x_wconf 78' lang='lat' dir='ltr'>sunt</span> <span class='ocrx_word' id='word_1_779' title='bbox 679 3407 720 3428; x_wconf 78' lang='lat' dir='ltr'>ex</span> <span class='ocrx_word' id='word_1_780' title='bbox 744 3398 870 3429; x_wconf 74' lang='lat' dir='ltr'><em>zosimo</em></span> <span class='ocrx_word' id='word_1_781' title='bbox 886 3400 895 3436; x_wconf 95' lang='lat'>(</span> <span class='ocrx_word' id='word_1_782' title='bbox 911 3399 939 3434; x_wconf 85' lang='grc' dir='ltr'>Ι,</span> <span class='ocrx_word' id='word_1_783' title='bbox 958 3399 997 3428; x_wconf 79' lang='grc'>63</span> <span class='ocrx_word' id='word_1_784' title='bbox 1011 3399 1039 3435; x_wconf 85' lang='lat'>),</span> <span class='ocrx_word' id='word_1_785' title='bbox 1057 3397 1149 3435; x_wconf 82' lang='lat' dir='ltr'><strong>cujus</strong></span> <span class='ocrx_word' id='word_1_786' title='bbox 1171 3396 1268 3428; x_wconf 81' lang='lat' dir='ltr'><em>verba</em></span> <span class='ocrx_word' id='word_1_787' title='bbox 1284 3397 1423 3427; x_wconf 82' lang='lat' dir='ltr'><em>Joannes</em></span> <span class='ocrx_word' id='word_1_788' title='bbox 1445 3395 1477 3427; x_wconf 87' lang='lat' dir='ltr'>in</span> <span class='ocrx_word' id='word_1_789' title='bbox 1497 3395 1659 3427; x_wconf 74' lang='lat' dir='ltr'>nonnullis</span> <span class='ocrx_word' id='word_1_790' title='bbox 1678 3395 1846 3435; x_wconf 80' lang='lat' dir='ltr'><em>integriora</em></span> <span class='ocrx_word' id='word_1_791' title='bbox 1863 3394 1999 3435; x_wconf 74' lang='lat' dir='ltr'><em>praebet,</em></span> <span class='ocrx_word' id='word_1_792' title='bbox 2015 3401 2111 3433; x_wconf 88' lang='lat' dir='ltr'>quam</span> <span class='ocrx_word' id='word_1_793' title='bbox 2138 3394 2168 3423; x_wconf 80' lang='lat' dir='ltr'>in</span> <span class='ocrx_word' id='word_1_794' title='bbox 2193 3391 2261 3424; x_wconf 85' lang='lat' dir='ltr'><em>edi·</em></span> 
     </span>
    </p>
   </div>
  </div>
 </body>
</html>
