2326 3724
128 255 203 290 298

121 324 396 375 ἐνθυμουμένους
420 324 473 364 ὅτι
493 324 536 364 τὰ
555 327 638 379 παρ’
659 327 744 378 ἡμῖν
765 327 821 366 διὰ
839 328 879 367 τὸ
899 329 1058 381 μετέχειν
1078 330 1165 368 ἐκεί-

119 400 186 421 νων
214 383 387 435 ὁμώνυμα
416 384 557 430 ἓκείνοις
585 385 755 439 ὑπάρχει·
785 386 876 438 λέγω
895 388 932 426 δὲ
951 383 1022 428 οἷον
1049 389 1165 428 δίκαια

120 443 183 493 μὲν
204 442 269 481 ὅσα
285 446 344 481 τοῦ
362 443 513 491 δικαίου,
535 444 628 483 καλὰ
646 445 683 483 δὲ
701 445 766 484 ὅσα
787 450 845 484 τοῦ
862 448 984 488 καλοῦ.
1002 445 1110 487 Ἔστι
1130 447 1164 486 δὲ

118 504 186 539 τῶν
220 502 320 540 εἰδῶν
349 501 384 540 ἓν
413 501 560 542 ἕκαστον
584 501 693 542 ἀΐδιόν
713 519 751 543 τε
770 504 831 542 καὶ
849 504 964 555 νόημα
993 506 1054 545 καὶ
1081 506 1165 559 πρὸς

117 560 249 605 τούτοις
269 561 414 605 ἀπαθές·
445 561 496 600 διὸ
525 561 586 600 καί
612 578 716 616 φησιν
737 565 771 602 ἐν
790 567 833 617 τῇ
861 564 962 617 φύσει
986 564 1048 609 τὰς
1070 564 1164 608 ἰδέας

117 618 261 657 ἑστάναι
291 619 449 674 καθάπερ
474 621 765 674 παραδείγματα·
787 622 831 660 τὰ
851 623 880 661 δ’
909 623 999 662 ἄλλα
1024 623 1166 667 ταύταις

117 675 287 725 ἐοικέναι,
318 677 449 717 τούτων
483 678 690 730 ὁμοιώματα
727 684 945 722 καθεστῶτα.
977 681 1023 721 Ὁ
1053 681 1164 720 τοίνυν

115 734 339 788 Ἐπίχαρμος
364 737 445 790 περί
472 753 509 775 τε
527 741 588 777 τοῦ
618 740 750 789 ἀγαθοῦ
776 740 838 779 καὶ
868 732 949 793 περῖ
977 742 1045 778 τῶν
1064 742 1163 779 ἰδεῶν

114 793 207 832 οὕτω
225 793 339 847 λέγει·

155 887 193 917 Α.
218 883 281 925 Ἆρ’
295 885 379 917 ἔστιν
394 883 523 923 αὔλησίς
541 897 570 918 τι
587 890 734 928 πρᾶγμα;
749 888 785 919 Β.
807 887 895 920 Πάνυ
909 888 963 929 μὲν
980 889 1033 921 ὧν.

153 934 192 964 Α.
211 932 378 973 Ἄνθρωπος
389 933 432 964 ὧν
445 932 574 970 αὔλησίς
589 934 690 973 ἐστιν;
708 936 744 966 Β.
766 935 933 976 Οὐδαμῶς.

154 980 191 1011 Α.
212 979 287 1019 Φέρ’
297 978 355 1010 ’ίδω
364 1002 374 1018 ,
388 979 432 1015 τίς
447 979 598 1019 αὐλητάς;
615 980 660 1017 τίς
677 981 760 1021 εἶμέν
776 992 823 1012 τοι
838 982 941 1020 δοκεῖ;

215 1026 386 1067 ἄνθρωπος.
402 1027 451 1059 Οὐ
466 1027 543 1068 γάρ;
559 1028 595 1059 Β.
612 1027 699 1059 Πάνυ
713 1028 768 1068 μὲν
785 1029 841 1060 ὧν.
856 1031 895 1063 A.
913 1029 983 1061 Οὐκ
996 1029 1039 1061 ὧν
1056 1029 1140 1061 δόκει

213 1072 312 1108 οὕτως
327 1072 409 1113 ἔχειν
421 1083 469 1104 τοι
485 1074 538 1104 καὶ
557 1074 624 1115 περὶ
642 1075 795 1115 τώγαθῶ;
809 1075 846 1107 τὸ
864 1075 918 1116 μὲν

214 1120 331 1160 ἀγαθὸν
344 1120 373 1151 τί
390 1121 509 1161 πρᾶγμ’
523 1121 607 1161 εἶμεν
626 1121 696 1152 καθ’
710 1121 793 1153 αὖθ’·
812 1122 891 1159 ὅςτις
907 1123 941 1155 δέ
953 1134 994 1154 κα

212 1166 278 1207 εἰδῇ
296 1166 402 1207 μαθὼν
417 1166 502 1205 τῆν’,
517 1167 630 1208 ἀγαθὸς
645 1168 703 1206 ἤδη
717 1169 853 1210 γίγνεται
866 1193 875 1210 ,

213 1213 320 1254 ὥσπερ
332 1223 374 1252 γα
386 1213 442 1244 τάν
456 1213 586 1251 αὔλησιν
603 1215 736 1252 αὐλητὰς
760 1217 879 1256 μαθὼν,

213 1259 233 1296 ἢ
249 1258 378 1300 ὄρχησιν
391 1259 547 1300 ὀρχηστάς
563 1271 624 1300 τις,
640 1262 660 1299 ἢ
676 1262 807 1298 πλοκεὺς
822 1261 952 1302 πλοκὰν,

212 1307 233 1343 ἢ
246 1309 310 1338 πᾶν
323 1306 352 1346 γ’
367 1307 482 1347 ὁμοίως
494 1310 558 1339 τῶν
572 1309 721 1340 τοιούτων
735 1308 752 1340 ὅ
765 1320 793 1340 τι
804 1309 840 1340 τὺ
854 1310 924 1350 λῇς,

212 1353 249 1384 οὐ
262 1353 293 1395 χ’
307 1355 398 1390 αὐτὸς
412 1354 460 1392 ε’ίη
473 1357 514 1396 τᾷ
530 1355 640 1398 τέχνᾳ·
657 1356 796 1398 τεχνικός
814 1367 856 1397 γα
869 1356 940 1397 μάν.

109 1432 295 1471 Πλάτων’
280 1448 314 1471 εν
330 1435 373 1485 τῇ
391 1431 471 1486 περὶ
485 1449 552 1472 των
569 1434 668 1472 ἰδεῶν
684 1434 855 1495 ὑπολήψει
872 1435 988 1488 φησίν·
1011 1453 1026 1470 (ι
1049 1434 1158 1507 Εἴπερ

108 1491 182 1528 ἐστι
211 1507 334 1542 μνημη
347 1521 357 1540 ,
375 1490 464 1535 τὰς’
456 1491 547 1536 ιδέας
567 1494 601 1531 ἐν
620 1493 691 1536 τοῖς
718 1496 813 1531 οὖσιν
844 1493 1012 1547 ὑπάρχειν
1044 1492 1101 1531 διὰ
1120 1493 1159 1532 τὸ

106 1548 170 1596 τὴν
204 1550 346 1600 μνήμην
381 1550 590 1604 ἠρεμοῦντός
629 1567 718 1595 τινος
755 1552 815 1590 καὶ
849 1552 1011 1603 μένοντος
1050 1545 1156 1590 εἶναι·

109 1608 223 1660 μένειν
255 1610 290 1648 δὲ
312 1609 408 1649 οὐδὲν
428 1610 544 1664 ἕτερον
567 1610 590 1658 ἢ
611 1610 673 1655 τὰς
698 1611 800 1655 ἰδέας.
820 1612 909 1652 Τίνα
932 1611 999 1665 γὰρ
1019 1611 1060 1650 ἂν
1078 1611 1156 1663 τρό-

106 1684 183 1719 πον,
208 1669 319 1719 φησὶ,
347 1669 529 1714 διεσώζετο
560 1669 604 1708 τὰ
627 1672 699 1723 ζῷα
723 1669 772 1722 μὴ
797 1673 858 1718 τ’ἧς
884 1670 978 1715 ἰδέας
997 1670 1158 1723 ἐφαπτό-

108 1742 218 1776 μενα,
246 1727 306 1765 καὶ
329 1726 415 1780 πρὸς
439 1731 540 1766 τοῦτο
566 1727 624 1766 τὸν
648 1732 726 1767 νοῦν
754 1731 906 1782 φυσικῶς
932 1729 1116 1782 εἰληφότα,
1142 1747 1156 1764 n

107 1787 181 1824 Νῦν
194 1785 230 1824 δὲ
247 1786 458 1837 μνημονεύει
473 1789 535 1833 τῆς
550 1786 751 1838 ὁμοιότητός
768 1804 805 1826 τε
821 1787 882 1826 καὶ
897 1791 1040 1841 τροφῆς,
1055 1786 1158 1826 ὁποία

102 1844 157 1888 ι’τίς
185 1846 278 1883 ἐστιν
305 1847 440 1893 αὐτοῖς,
469 1845 710 1897 ἐνδεικνύμενα
734 1845 820 1885 διότι
848 1853 937 1885 πᾶσι
966 1851 1036 1890 τοῖς
1061 1845 1158 1899 ζῴοις

107 1901 257 1954 ἔμφυτός
285 1904 377 1942 ἐστιν
405 1907 428 1951 ἡ
454 1907 517 1952 τῆς
541 1905 744 1955 ὁμοιότητος
771 1904 917 1958 θεωρία·
938 1904 1069 1944 διὸκαὶ
1089 1907 1157 1943 τῶν

105 1961 291 2015 ὁμοφύλων
309 1962 524 2002 αἰσθάνεται.
544 1965 629 2007 Πῶς
648 1959 706 2002 οὖν
727 1967 745 2003 ὃ
766 1964 1008 2016 Ἐπίχαρμος;

105 2071 136 2100 et
164 2068 286 2100 bonum
306 2070 338 2101 et
361 2069 486 2109 justum
506 2070 539 2101 et
560 2069 743 2110 hujusmodi
762 2070 868 2103 cetera
891 2078 1010 2111 ponere
1033 2082 1040 2102 :
1059 2069 1154 2101 tertio

105 2121 288 2163 conspicere
301 2130 375 2162 quae
389 2121 448 2154 sibi
463 2124 576 2154 mutuo
589 2123 771 2156 cohaereant
784 2123 865 2156 ideoe
874 2148 883 2162 ‚
898 2124 975 2164 puta
990 2122 1154 2155 scientiam

104 2175 162 2206 aut
186 2173 438 2214 magnitudinem
462 2174 528 2206 sive
553 2174 824 2215 dominationem
849 2175 1009 2220 simulque
1027 2176 1060 2206 et
1074 2174 1153 2206 illud

104 2225 243 2266 cogitare
254 2250 264 2265 ,
278 2234 316 2258 ea
328 2235 403 2267 quae
427 2227 503 2258 sunt
525 2227 611 2267 apud
627 2236 686 2259 nos
703 2235 745 2259 ex
767 2227 898 2259 illorum
911 2226 1154 2268 participatione

104 2279 151 2311 eis
163 2279 329 2320 aequivoca
347 2279 425 2311 tieri-
445 2280 590 2320 Exempli
603 2288 701 2312 causa
716 2279 789 2312 dico
799 2279 886 2319 justa
896 2288 964 2311 esse
979 2287 1053 2320 quae
1064 2279 1154 2319 justo

104 2331 343 2363 communicant
357 2342 366 2370 ;
386 2331 538 2371 honesta,
551 2340 626 2376 quae
639 2331 784 2364 honesto.
802 2332 859 2364 Est
873 2333 982 2363 autem
996 2340 1152 2371 unaquae-

103 2391 168 2423 que
191 2382 311 2422 species
323 2383 443 2414 aeterna
455 2406 464 2421 ,
479 2385 512 2414 et
527 2383 738 2422 intelligentia
753 2387 786 2415 et
808 2383 896 2415 omni
914 2383 1154 2424 perturbatione

104 2442 218 2466 vacua.
235 2434 393 2472 Quocirca
411 2434 499 2466 ideas
511 2434 545 2466 in
558 2436 673 2466 natura
682 2435 772 2466 velut
780 2435 974 2475 exemplaria
987 2434 1068 2467 dixit
1080 2434 1151 2466 sub-

104 2486 215 2518 sistere
236 2495 244 2517 :
261 2486 367 2517 cetera
378 2485 427 2517 his
445 2494 512 2517 esse
522 2486 654 2523 similia,
671 2495 773 2526 quum
785 2486 849 2518 sint
861 2495 973 2518 earum
987 2486 1150 2527 imagines.

104 2537 316 2579 Epicharmus
327 2537 424 2578 igitur
440 2536 481 2570 de
493 2537 580 2569 bono
593 2538 690 2578 atque
704 2537 744 2569 de
754 2537 833 2569 ideis
845 2538 889 2569 ita
902 2537 1047 2570 disserit:

139 2648 173 2674 Α.
195 2643 363 2672 Tibicinalis
375 2651 433 2679 ars,
446 2651 532 2673 resne
542 2644 639 2680 aliqua
655 2644 721 2673 est?
735 2647 769 2674 B.
785 2645 957 2681 Quippeni?

139 2694 174 2720 A.
193 2690 361 2719 Tibicinalis
375 2690 440 2719 haec
449 2698 505 2724 ars,
520 2698 558 2718 an
572 2690 664 2719 homo
676 2693 720 2720 est
730 2690 744 2718 ’.ν’
761 2692 792 2720 Β.
807 2691 995 2728 Neutiquam.

139 2741 174 2766 Α.
195 2736 355 2766 Videamus
372 2747 380 2764 ε
395 2736 492 2773 ipsum
505 2736 578 2773 quid
592 2738 679 2772 putas
693 2737 869 2766 tibicinem?

191 2783 361 2819 hominem,
385 2791 424 2812 an
445 2784 577 2813 non?B.
593 2784 755 2814 Hominem
775 2784 855 2814 baud
870 2784 970 2813 dubie.
990 2787 1026 2813 A.
1045 2786 1152 2814 Nonne

937 2831 1099 2866 [existimas

193 2883 255 2904 rem
265 2883 326 2904 sese
338 2875 447 2904 habere
457 2877 568 2912 pariter
580 2877 669 2906 etiam
681 2877 718 2906 de
730 2877 811 2906 bono
819 2878 833 2906 i·

192 2929 300 2957 nempe
312 2925 346 2949 ut
356 2922 470 2949 bonum
484 2922 581 2958 ipsum
596 2930 642 2951 res
652 2923 690 2951 sit
701 2933 709 2951 ι
722 2925 753 2951 at
767 2923 790 2951 si
804 2923 870 2960 quis
885 2923 1000 2952 bonum

192 2967 270 2994 istud
280 2966 438 3002 didicerit,
452 2968 476 2995 is
485 2969 547 3003 jam
559 2968 678 2997 dicatur
687 2968 802 2997 bonus?

190 3019 261 3040 nam
277 3012 318 3041 sic
335 3013 445 3041 tibicen
459 3015 503 3041 est
518 3013 569 3049 qui
583 3014 686 3043 didicit
701 3006 795 3050 tibiis,

194 3059 316 3087 saltator
324 3059 375 3095 qui
388 3059 505 3094 saltare,
522 3063 586 3089 tum
599 3062 650 3097 qui
663 3064 763 3091 texere

192 3107 300 3140 textor,
313 3105 451 3134 similiter
457 3107 507 3142 qui
518 3107 599 3136 aliud
612 3108 756 3145 quidquid
765 3109 905 3138 volueris.

190 3155 247 3181 Ars
257 3153 319 3189 ipse
331 3159 393 3181 non
407 3155 452 3182 est
461 3154 582 3189 scilicet,
595 3155 647 3184 sed
659 3155 776 3185 artifex.

105 3255 195 3287 Plato
205 3255 239 3287 in
254 3255 437 3296 opinatione
453 3257 493 3289 de
510 3257 589 3290 ideis
601 3259 664 3291 ait:
685 3272 700 3286 «
724 3260 756 3292 Si
770 3260 900 3300 quidem
916 3261 964 3293 est
977 3261 1148 3301 memoria,

104 3308 192 3340 ideas
218 3309 252 3340 in
279 3308 328 3340 his
351 3318 426 3350 quoe
449 3311 524 3342 sunt
546 3312 715 3351 exsistere,
744 3312 830 3352 quod
854 3313 1010 3344 memoria
1031 3314 1149 3354 qnietae

104 3359 270 3399 cuiusdam
286 3360 332 3392 rei
348 3369 386 3392 ac
411 3363 566 3394 manentis
579 3363 619 3394 sit
634 3372 642 3393 z
665 3371 796 3395 manere
811 3365 919 3395 autem
937 3366 1053 3403 praeter
1065 3365 1150 3397 ideas

105 3412 197 3445 nihil.
213 3414 286 3450 Quo
298 3413 383 3446 enim
393 3438 402 3455 ‚
417 3414 537 3455 inquit,
554 3415 650 3448 modo
665 3418 868 3448 servarentur
881 3418 1075 3458 animantes,
1090 3419 1148 3451 nisi

819 242 1141 294 ALEXARCHI,
1171 243 1408 285 ALEXIDIS
1436 245 1583 287 SAMiI

1331 338 1448 379 Εὔμαιε
1458 362 1467 378 ,
1479 339 1515 372 τὸ
1529 339 1624 381 σοφόν
1636 340 1718 373 ἐστιν
1731 342 1768 374 οὐ
1780 342 1848 373 καθ’
1860 341 1891 374 ἓν
1905 341 2010 383 μόνον,

1330 385 1395 417 ἀλλ’
1411 386 1514 418 ὁπόσα
1532 396 1588 428 περ
1604 390 1657 429 ζῇ,
1672 389 1774 420 πάντα
1786 390 1839 420 καὶ
1852 390 1978 430 γνώμαν
1990 390 2064 431 ἔχει.

1330 433 1392 463 Καὶ
1409 433 1467 474 γὰρ
1480 434 1515 465 τὸ
1532 435 1606 472 θῆλυ
1618 438 1674 466 τᾶν
1688 435 1891 476 ἀλεκτορίδων
1911 437 1996 476 γένος
2007 459 2017 475 ,

1328 479 1361 510 αἱ
1379 480 1432 520 λῇς
1449 482 1637 521 καταμαθεῖν
1650 482 1751 519 ἀτενὲς
1763 504 1771 517 ,
1791 483 1827 514 οὐ
1843 483 1938 514 τίκτει
1951 483 2043 514 τέκνα

1328 526 1415 562 ζῶντ’
1426 550 1436 567 ,
1450 527 1515 559 ἀλλ’
1528 528 1638 570 ἐπῴζει
1654 530 1706 560 καὶ
1719 532 1803 561 ποιεῖ
1813 531 1916 570 ψυχὰν
1933 530 2029 571 ἔχειν·

1328 573 1364 604 τὸ
1379 573 1411 605 δὲ
1426 575 1520 615 σοφὸν
1534 576 1556 606 ἁ
1570 576 1657 616 φύσις
1670 577 1733 608 τόδ’
1750 577 1829 608 οἶδεν
1845 579 1886 613 ὡς
1903 577 1968 618 ἔχει

1331 619 1428 660 μόνα·
1441 622 1643 654 πεπαίδευται
1659 623 1717 664 γὰρ
1731 623 1883 660 αὐταύτας
1898 624 1970 655 ὕπο.

1226 691 1299 729 Καὶ
1317 691 1435 730 πάλιν

1329 769 1518 810 Θαυμαστὸν
1530 770 1574 802 ὧν
1587 770 1674 802 οὐδὲν
1686 771 1740 812 ἐμὲ
1757 772 1844 804 ταῦθ’
1855 773 1938 804 οὕτω
1951 773 2062 813 λέγειν,

1330 816 1396 848 οὐδ’
1414 816 1553 850 ἁνδάνειν
1566 819 1705 850 αὑτοῖσιν
1716 819 1826 856 αὐτοὺς
1838 821 1891 852 καὶ
1911 821 2013 852 δοκεῖν

1327 862 1429 900 καλῶς
1447 864 1574 904 πεφύκει
1584 874 1592 882 ·
1608 865 1660 896 καὶ
1678 866 1737 907 γὰρ
1749 867 1770 897 ἅ
1786 866 1871 898 κύων
1888 868 1956 898 κυνὶ

1331 909 1494 942 κάλλιστον
1508 911 1591 952 εἶμεν
1606 912 1763 952 φαίνεται,
1777 914 1831 944 καὶ
1855 915 1927 954 βοῦς
1948 914 1998 955 βοῒ
2008 937 2017 952 ,

1328 955 1396 993 ὄνος
1410 957 1437 988 δ’
1454 957 1516 998 ὄνῳ
1535 958 1712 1000 κάλλιστον,
1731 958 1765 996 ὗς
1786 959 1819 991 δὲ
1839 961 1893 998 θὴν
1911 961 1954 992 isi.
1974 973 1988 988 n

1224 1034 1295 1088 Και
1314 1051 1423 1074 ταυτα
1442 1035 1504 1086 μὲν
1524 1036 1585 1075 καὶ
1609 1037 1654 1076 τὰ
1673 1054 1816 1078 τοιαυτα
1841 1040 1899 1078 διὰ
1921 1042 1989 1079 τῶν
2008 1041 2187 1094 τεσσάρων
2211 1045 2262 1095 βι

1225 1093 1332 1132 ὅλίων
1358 1095 1628 1148 παραπήγνυσιν
1649 1099 1667 1134 ὁ
1691 1095 1875 1149 Ἄλκιμος,
1900 1100 2177 1152 παρασημαίνων
2205 1099 2268 1148 τὴν

1221 1152 1258 1198 εξ
1274 1153 1501 1207 Ἐπιχάρμου
1523 1155 1690 1194 Πλάτωνι
1710 1157 1973 1209 περιγινομένην
1997 1158 2181 1210 ὠφέλειαν.

1486 1365 2003 1426 ALEXARCHUS.

1622 1475 1851 1516 ῙΤΑΛΙΚΑ.

1444 1583 1451 1587 -
1510 1562 1540 1596 Ε
1571 1562 1722 1598 LIBRO
1753 1563 1970 1611 QUARTO.

1726 1665 1757 1688 1.

1273 1730 1462 1767 Plutarch.
1493 1731 1577 1769 Par.
1597 1733 1688 1768 min.
1716 1745 1748 1770 c.
1773 1746 1810 1779 7,
1837 1746 1875 1782 p.
1895 1732 1992 1779 304,
2013 1736 2062 1773 D.
2085 1747 2094 1770 ε
2113 1735 2264 1778 Τοῦλλος

1221 1786 1442 1835 Ὁστίλλιος,
1476 1787 1638 1840 βασιλεὺς
1659 1788 1862 1839 Ῥωμαίων,
1894 1790 2109 1841 ἐπολέμησεν
2135 1792 2263 1831 'Ama-

1223 1847 1315 1897 νοῒς,
1355 1846 1526 1899 βασιλέως
1557 1846 1651 1891 ὄντος
1677 1847 1808 1886 Μετίου
1832 1848 2068 1899 Φουὸεντίου,
2103 1850 2164 1889 καὶ
2199 1852 2262 1898 τὴν

1221 1904 1339 1956 μάχην
1371 1904 1538 1949 πολλάκις
1568 1905 1764 1958 ὑπερέθετο.
1797 1907 1843 1945 Οἱ
1876 1906 1930 1955 δὲ,
1962 1908 2191 1958 ἡττωμένου,
2216 1911 2262 1953 εἰς

1218 1963 1367 2015 εὐωχίαν
1399 1963 1620 2016 ἐτράπησαν·
1644 1963 1842 2013 οἰνωμένοις
1871 1967 1901 2003 δ’
1937 1965 2094 2015 ἐπέθετο,
2113 1966 2175 2006 καὶ
2203 1967 2261 2006 τὸν

1215 2070 1248 2101 et
1261 2068 1365 2101 ideam
1379 2069 1572 2109 attigissent,
1586 2071 1619 2102 et
1637 2071 1790 2111 praeterea
1805 2072 1946 2104 mentem
1960 2080 1980 2104 a
1994 2073 2110 2105 natura
2122 2074 2262 2114 accepis·

1214 2122 1306 2153 sent?
1316 2135 1330 2149 »ι
1343 2121 1487 2154 Meminit
1495 2122 1603 2153 autem
1613 2121 1830 2154 similitudinis
1837 2123 1869 2154 et
1880 2123 1999 2164 pabuli,
2011 2124 2190 2164 cujusmodi
2200 2124 2261 2157 illis

1215 2182 1282 2205 esse
1297 2173 1415 2213 soleat,
1441 2173 1611 2205 ostendens
1624 2173 1711 2214 quod
1724 2174 1765 2206 sit
1790 2174 1979 2207 animalibus
2000 2176 2149 2215 omnibus
2169 2176 2262 2208 insita

1214 2223 1429 2256 similitudinis
1453 2224 1660 2266 intelligentia
1688 2237 1694 2256 ε
1717 2226 1869 2265 quocirca
1886 2227 1917 2257 et
1933 2235 2007 2267 quae
2030 2228 2105 2259 sunt
2119 2227 2260 2268 eiusdem

1213 2278 1354 2317 generis,
1369 2285 1407 2308 ea
1419 2276 1570 2309 sentiunt.
1587 2277 1757 2314 Quomodo
1767 2286 1841 2318 ergo
1851 2278 2059 2318 Epicharmus
2074 2279 2144 2312 baec
2159 2279 2262 2312 dixit?

1311 2358 1440 2389 Eumaee‚
1455 2357 1557 2392 generi
1573 2364 1676 2394 sapere
1686 2353 1752 2386 'non
1765 2358 1818 2386 uni
1831 2357 1933 2386 datum
1946 2360 1990 2386 est
2003 2368 2012 2386 ι

1302 2405 1354 2433 sed
1366 2403 1510 2441 quidquid
1520 2405 1619 2433 anima
1628 2426 1635 2439 ,
1651 2407 1750 2433 mente
1759 2404 1846 2433 simul
1865 2406 1910 2434 est
1922 2405 2089 2440 praeditum.

1302 2452 1458 2480 Gallorum
1469 2459 1577 2480 uxores
1592 2452 1761 2480 volucrium
1774 2451 1929 2480 considera
1941 2461 1949 2479 ι

1303 2505 1367 2526 non
1382 2497 1440 2526 iuae
1456 2499 1558 2533 partus
1570 2496 1665 2526 edunt
1674 2497 1742 2525 vitae
1755 2499 1924 2533 compotes,

1302 2544 1353 2573 sed
1365 2544 1429 2573 ovis
1440 2544 1616 2573 incubantes
1630 2545 1760 2573 animam
1771 2541 1975 2573 adfabricant'z

1302 2592 1332 2619 et
1347 2590 1438 2624 hujus
1454 2592 1568 2618 norunt
1580 2590 1746 2626 principem
1760 2590 1912 2626 sapientiae

1301 2640 1440 2667 naturam
1449 2639 1543 2667 solam
1554 2660 1563 2674 ,
1577 2646 1643 2675 quae
1653 2639 1792 2675 magistra
1806 2638 1876 2675 ipsis
1888 2637 1955 2668 fuit.

1213 2705 1258 2734 Ac
1271 2711 1398 2734 rursum
1412 2712 1420 2734 :

1302 2778 1348 2806 Nil
1361 2778 1460 2814 itaque
1473 2778 1584 2806 mirum
1594 2780 1638 2806 est
1648 2778 1704 2806 ista
1717 2785 1765 2806 me
1782 2779 1825 2807 sic
1838 2777 1956 2813 dicere,

1299 2825 1388 2859 atque
1399 2824 1476 2859 ipsos
1485 2823 1538 2851 sibi
1551 2823 1669 2859 placere
1679 2826 1709 2852 et
1729 2823 1848 2858 ingenio
1861 2825 1976 2860 optimo

1301 2868 1393 2897 tactos
1404 2868 1499 2896 videri
1511 2879 1519 2896 ι
1530 2869 1772 2904 quandoquidem
1784 2869 1866 2897 canis
1880 2869 1947 2897 cani

1298 2914 1535 2950 pulcherrimum
1548 2913 1677 2947 videtur,
1690 2914 1743 2942 bos
1754 2914 1856 2943 itidem
1870 2914 1937 2942 bovi
1947 2934 1955 2948 ‚

1300 2962 1330 2988 et
1342 2960 1440 2988 asinus
1451 2960 1544 2995 asino,
1560 2967 1608 2987 sus
1618 2960 1663 2987 sui
1677 2959 1924 2996 pulcherrimum.
1937 2970 1949 2986 ι

1211 3038 1275 3069 lsta
1289 3037 1321 3069 et
1334 3036 1517 3077 huJ‘usmodi
1528 3037 1588 3068 alia
1599 3045 1654 3077 per
1663 3037 1818 3077 quattuor
1830 3035 1928 3067 libros
1940 3035 2089 3076 proponit
2099 3035 2253 3075 Alcimus,

1211 3089 1385 3120 admonens
1410 3089 1570 3128 quantum
1585 3087 1795 3120 emolumenti
1822 3088 1911 3119 Plato
1929 3094 1970 3118 cx
1993 3086 2182 3127 Epicharmo
2194 3087 2255 3120 sibi

1210 3141 1454 3181 comparaverit.

1631 3216 1717 3254 ITA
1724 3216 1849 3255 LICA.

1253 3366 1364 3399 Tullus
1388 3366 1554 3406 Hostilius,
1569 3367 1789 3398 Romanorum
1810 3375 1877 3406 rex,
1898 3366 2017 3398 bellum
2034 3364 2129 3406 gessit
2141 3366 2252 3397 contra

1211 3419 1368 3459 Albanos,
1394 3428 1532 3460 quorum
1563 3428 1620 3452 rex
1639 3420 1707 3452 erat
1726 3420 1841 3452 Metius
1859 3419 2021 3459 Fufetius,
2047 3427 2085 3451 ac
2103 3419 2251 3460 proelium
