2372 3704
1064 231 1405 272 FRAGMENTA.

161 314 223 359 τῆς
243 310 419 364 βασιλείας
439 310 548 350 αἴτιον
568 311 740 363 γενέσθαι.
762 314 894 367 Γράφει
909 318 988 366 γοῦν
1008 316 1206 368 Καρύστιος

153 373 181 426 ’ὁ
197 369 430 422 Περγαμηνὸς
448 371 484 408 ἐν
502 375 572 414 τοῖς
591 370 820 423 Ἱστορικοῖς<
808 372 1057 424 υπομνήμασιν
1077 374 1208 419 ουτως·

161 446 178 463 u
206 426 454 478 Σπεύσιππος,
484 429 738 480 πυνθανόμενος
770 430 951 469 Φίλιππον
986 434 1208 486 βλασφημεῖν

160 486 240 538 περὶ
258 485 465 535 Πλάτωνος,
484 488 531 531 εἷς
546 488 767 536 ἐπιστολὴν”
748 489 878 543 εγραφέ
896 506 929 528 τι
948 495 1118 539 τοιοῦτον,
1138 493 1209 530 ὥσ-

159 559 226 597 περ
246 547 453 596 ἀγνοοῦντας
481 544 559 589 τοὺς
588 546 805 598 ἀνθρώπους,
837 547 890 587 ὅτι
918 565 979 587 και
1009 550 1075 597 τὴν
1094 551 1207 603 ἀρχὴν

160 603 222 648 τῆς
245 601 421 654 βασιλείας
435 602 614 647 Φίλιππος
627 603 684 641 διὰ
699 604 920 650 Πλάτωνος”
901 622 1015 658 εσχεν.
1031 609 1208 661 Εὐφραῖον

159 659 227 712 γὰρ
245 659 427 700 ἀπέστειλε
453 660 512 700 τὸν
532 661 694 714 Ὠρείτην
714 662 800 734 πρὸς
820 664 1020 717 Περδίκκαν
1040 667 1208 717 Πλάτων,

162 716 232 762 ὅς’
214 732 349 757 επεισεν
370 719 583 771 ἀπομερίσαι
608 719 686 758 τινὰ
705 720 824 773 χώραν
850 722 1038 777 Φιλίππῳ.
1062 726 1210 778 Διατρέ-

160 791 231 829 φων
246 777 276 814 δ’
292 778 438 815 ἐνταῦθα
455 778 650 829 δύναμιν,’
629 795 675 822 ως
691 779 841 818 ἀπέθανε
856 782 1063 834 Περδίκκας,
1078 783 1112 828 ἐξ
1127 784 1210 822 ἑτοί-

161 850 227 885 μου
246 834 453 885 δυνάμεωςε
441 835 682 888 υπαρχούσης,
699 837 847 876 ἐπέπεσε
864 839 934 883 τοῖς
953 839 1189 892 πράγμασι.»

669 927 706 953 2.

211 980 320 1018 Idem
335 982 415 1028 XI,
440 995 482 1031 p.
505 981 601 1031 508,
631 985 696 1020 D:
726 983 901 1054 Εὐφραῖος
923 985 986 1035 μὲν
1005 985 1091 1039 γὰρ,
1111 986 1208 1038 παρὰ

160 1037 342 1091 Περδίκκα
357 1041 407 1090 τῷ
426 1041 566 1091 βασιλεῖ
579 1039 798 1092 διατρίὸων’
783 1056 817 1079 εν
830 1043 1033 1081 Μακεδονία
1043 1048 1142 1097 ,οὐχ
1147 1049 1207 1093 ἡτ-

158 1111 215 1134 τον
232 1097 337 1135 αὐτοῦ
352 1096 545 1146 ἐὸασίλευε,
563 1097 728 1148 φαῦλος*
706 1115 753 1138 ων
772 1100 830 1138 καὶ
847 1101 1020 1146 διάὸολος.
1038 1102 1106 1147 Ος
1119 1102 1209 1142 οὕτω

158 1155 299 1208 ψυχρῶς
315 1155 476 1201 συνέταξε
493 1156 556 1204 τὴν
576 1157 732 1210 ἑταιρίαν
752 1161 812 1196 τοῦ
833 1159 1004 1210 βασιλέως
1017 1191 1027 1211 ,
1043 1160 1134 1200 ὥστε
1147 1165 1208 1201 οὐκ

159 1211 237 1259 ἐξῆν
260 1217 320 1252 τοῦ
348 1214 523 1253 συσσιτίου
545 1221 748 1268 μετασχεῖν,
778 1219 807 1255 εἷ
828 1217 878 1266 μή
899 1234 948 1262 τις
967 1219 1148 1262 ἐπίσταιτο
1167 1221 1207 1260 τὸ

158 1273 368 1324 γεωμετρεῖν
382 1271 404 1319 ἢ
416 1272 456 1310 τὸ
468 1274 681 1327 φιλοσοφεῖν.
695 1272 803 1313 εΌθεν
820 1275 1005 1315 Φιλίππου
1019 1278 1082 1324 τὴν
1095 1278 1206 1330 ἀρχὴν

158 1330 441 1382 παραλαὸόντος,
482 1332 693 1385 Παρμενίων
727 1334 831 1372 αὐτὸν
864 1335 898 1372 ἐν
936 1334 1054 1387 Ὠρεῷ
1087 1335 1207 1374 λαὸὼν

159 1388 370 1438 ἀπέκτεινεν,
387 1388 432 1434 ὥς
451 1405 536 1443 φησι
553 1389 749 1443 Καρύστιος
767 1392 801 1429 ἐν
821 1390 1024 1444 Ἱστορικοῖς
1044 1394 1206 1444 ὑπομνή-

159 1462 280 1496 μασιν.

662 1515 699 1551 3.

209 1588 318 1625 Idem
331 1588 371 1624 X
383 1614 394 1634 ,
410 1601 452 1637 p.
476 1587 573 1634 435,
593 1590 660 1625 D:
682 1587 879 1640 Καρύστιος
899 1589 935 1627 δὲ
956 1590 992 1628 ἐν
1010 1596 1079 1634 τοῖς
1095 1590 1205 1630 Ἱστο-

158 1645 262 1698 ρικοῖς
281 1645 543 1696 ὑπομνήμασιν,
562 1663 578 1679 «
600 1643 690 1685 Ὅτε
710 1646 840 1700 (φησὶ)
859 1647 997 1700 μεθύειν
1018 1655 1205 1702 προῃρεῖτο

158 1703 357 1752 Φίλιππος,
378 1704 470 1743 τουτ’
500 1703 618 1756 ἔλεγε,
635 1703 714 1757 Χρὴ
738 1706 864 1753 πίνειν,
886 1706 1108 1761 Ἀντίπατρος
1138 1707 1204 1761 γὰρ

157 1762 305 1806 ἱκανός’
290 1778 362 1801 εστι
378 1762 513 1816 νήφων.
536 1763 756 1809 Κυὸεύοντος
772 1763 809 1802 δέ
825 1780 911 1804 ποτε
930 1767 1054 1814 αὐτοῦ,
1074 1767 1135 1805 καί
1153 1783 1202 1805 τι·

156 1835 210 1864 νος
238 1820 495 1872 ἀγγείλαντος
477 1838 523 1865 ως
552 1821 774 1875 Ἀντίπατρος
794 1823 966 1876 πάρεστι,
991 1825 1206 1878 διαπορήσας

155 1894 244 1918 ωσεν
259 1879 326 1918 ὑπὸ
341 1878 404 1926 τὴν
423 1879 543 1926 κλίνην
564 1878 623 1918 τὸν
641 1879 774 1920 ἄὸακα
800 1899 815 1915 »

661 1962 696 2001 4.

209 1988 317 2065 Idem
332 2027 384 2072 X,
407 2039 447 2075 p.
470 2025 544 2071 434
557 2053 568 2072 ,
591 2028 619 2064 F
641 2040 648 2062 :
671 2026 734 2069 Εἷς
754 2030 915 2064 τοσοῦτον
934 2027 969 2065 δὲ
987 2027 1205 2078 Ἀλέξανδρος

157 2082 312 2132 ἐμέθυεν,
334 2083 381 2126 ὥς
397 2098 483 2135 φησι
502 2082 699 2135 Καρύστιος
713 2085 731 2121 ὁ
751 2084 984 2135 Περγαμηνὸς
1002 2086 1036 2123 ἐν
1052 2084 1202 2136 Ἱστορι-

154 2192 344 2225 calumniari
366 2193 552 2233 Platonem,
574 2194 608 2225 in
632 2193 764 2234 epistola
788 2193 928 2234 quadam
952 2194 1017 2226 tale
1041 2194 1205 2235 quidpiam

153 2244 279 2286 scripsit
294 2257 302 2277 :
324 2246 429 2282 Quasi
443 2253 522 2276 vero
534 2246 736 2285 iqnorarent
749 2244 912 2284 homines,
927 2246 1088 2278 Platonis
1101 2254 1205 2287 opera

155 2304 298 2337 reanum
310 2298 417 2328 etiam
430 2295 594 2337 adeptum
602 2304 671 2328 esse
680 2296 896 2337 Philippum.
911 2297 1107 2338 Euphraeum
1121 2298 1205 2330 enim

153 2349 276 2381 Oritam
300 2349 341 2380 ad
359 2349 540 2381 Perdiccam
560 2348 689 2381 miserat
703 2349 812 2389 Plato,
830 2349 886 2390 qui
910 2349 956 2381 illi
976 2350 1152 2390 persuasit,
1169 2352 1207 2383 ut

153 2400 297 2441 Philippo
306 2400 447 2440 aliquam
457 2401 614 2440 regionem
623 2400 789 2432 tribueret.
801 2403 839 2433 Iu
848 2409 912 2440 qua
920 2409 1021 2442 quum
1029 2401 1081 2433 ille
1091 2401 1207 2434 milites

151 2453 268 2493 aleret,
297 2454 428 2485 mortuo
449 2453 600 2485 Perdicca
618 2453 651 2485 in
672 2454 783 2494 parato
799 2453 921 2486 habens
939 2453 1068 2495 copias,
1097 2463 1206 2487 rerum

151 2505 272 2545 potitus
284 2505 342 2537 est.
357 2517 374 2533 »ο

192 2611 390 2652 Euphraeus,
415 2619 516 2652 quum
534 2610 620 2651 apud
638 2610 824 2643 Perdiccam
849 2619 955 2651 regem
971 2611 1004 2643 in
1021 2611 1206 2644 Macedonia

151 2664 346 2703 versaretur,
363 2672 429 2695 non
441 2663 548 2695 minus
563 2671 659 2702 quam
674 2662 727 2694 ille
739 2662 901 2702 regnavit,
921 2664 953 2695 et
970 2671 1088 2703 pravus
1104 2665 1136 2695 et
1149 2672 1204 2695 ca-

151 2716 328 2748 lumniator
352 2715 429 2755 fuit;
442 2715 499 2756 qui
515 2714 596 2754 regis
616 2713 818 2746 sodalitatem
834 2714 877 2746 ita
896 2714 1007 2754 frigide
1020 2714 1202 2755 ordinavit,

153 2770 191 2800 ut
205 2777 300 2800 nemo
316 2767 357 2799 ad
382 2767 566 2799 convivium
583 2766 651 2807 ejus
663 2766 899 2806 admitteretur,
926 2767 984 2799 nisi
1001 2767 1059 2808 qui
1081 2777 1204 2808 geome-

151 2820 246 2852 triam
271 2821 328 2852 aut
346 2819 579 2860 philosophiam
597 2819 739 2850 calleret.
762 2821 870 2856 Quare
888 2820 1059 2859 postquam
1084 2820 1204 2863 Philip-

151 2881 211 2913 pus
227 2881 323 2912 regno
339 2872 460 2913 potitus
481 2873 530 2904 est
543 2896 552 2912 ,
571 2871 740 2903 Parmenio
757 2871 830 2903 orei
848 2880 920 2903 eum
938 2873 1051 2904 nactus
1065 2872 1203 2913 occidit,

152 2927 189 2958 ut
203 2925 367 2966 Carystius
379 2926 488 2957 narrat
502 2926 536 2956 in
549 2924 794 2957 Commentariis
807 2924 976 2956 historicis.

192 3034 357 3075 Carystius
369 3034 401 3065 in
412 3033 658 3066 Commentariis
670 3032 836 3065 Historicis
851 3033 896 3065 ait
912 3046 919 3065 :
933 3045 949 3061 «
965 3034 1098 3071 Quoties
1112 3042 1201 3065 com·

150 3088 261 3127 potare
277 3085 496 3117 constituisset
509 3085 674 3125 Phiiippus
683 3109 691 3125 ,
703 3085 749 3116 sic
761 3085 867 3116 dicere
882 3085 1005 3117 solebat
1022 3098 1029 3117 :
1044 3087 1143 3117 Nunc
1153 3087 1202 3118 esc

150 3137 333 3170 bibendum
345 3145 356 3167 .·
368 3138 593 3177 Antipatrum
607 3138 698 3168 enim
705 3135 835 3177 sufficit
843 3136 996 3168 sobrium
1004 3144 1082 3168 esse.
1092 3139 1201 3174 Quum

151 3197 227 3221 vero
246 3188 418 3228 aliquando
443 3187 570 3220 tesseris
594 3187 736 3227 luderet,
761 3187 994 3227 nunciaretque
1013 3187 1042 3219 ei
1069 3188 1201 3228 aliquis,

151 3240 260 3272 adesse
274 3240 476 3280 Antipatrum
483 3250 493 3280 ;
508 3239 625 3272 dubius
637 3239 865 3281 aliquantisper
874 3239 1014 3278 consilii,
1028 3239 1130 3271 aleam
1142 3239 1202 3271 sub

151 3292 270 3325 lectum
282 3291 428 3324 detrusit.
449 3305 466 3320 ι»

193 3398 235 3429 Ut
245 3397 408 3438 Carystius
415 3397 665 3438 Pergamenusin
672 3396 919 3429 Commentariis
926 3395 1084 3428 historicis
1092 3395 1199 3435 refert,

151 3457 189 3481 co
208 3458 309 3490 usque
328 3451 480 3490 processit
505 3450 704 3484 temulentiae
722 3449 901 3483 Alexander
920 3451 978 3489 M„
998 3453 1034 3481 ut
1051 3449 1145 3481 etiam
1168 3449 1200 3480 in

2236 247 2256 279 3
2262 249 2282 281 3
2293 253 2309 283 7

1272 323 1342 362 κοῖς
1359 319 1619 370 ὑπομνήμασιν,
1636 323 1681 364 ὡς
1701 337 1758 359 και
1777 322 1833 360 ἐπὶ
1850 323 1936 360 ὄνων
1955 324 2110 375 ἅρματος
2128 326 2315 376 κωμάζειν.

1272 374 1435 415 Ἐποίουν
1458 377 1494 415 δὲ
1512 392 1629 426 τουτο,
1647 380 1750 430 φησὶ,
1771 380 1830 418 καὶ
1850 383 1880 419 οἳ
1898 384 1965 419 τῶν
1984 384 2129 436 Περσων
2150 386 2315 435 βασιλεῖς.

1779 472 1813 509 5.

1324 554 1430 590 Idem
1443 556 1559 600 XIII,
1581 569 1619 604 p.
1641 557 1739 602 603,
1761 559 1822 595 Β·
1818 558 2037 609 Καρύστιος
2064 561 2096 596 ἐν
2119 559 2318 614 Ἱστορικοις

1272 610 1517 661 ὑπομνήμασι,
1531 630 1545 646 «
1566 613 1727 664 Χάρωνι,
1744 614 1846 664 φησὶ,
1862 618 1911 652 τῶ
1938 617 2106 654 Χαλκιδεῖ
2124 621 2319 664 παῖςκαλὸς

1270 685 1325 716 ην,
1345 669 1403 707 καὶ
1430 673 1520 722 εἶχεν
1543 674 1579 708 εὖ
1602 671 1687 724 πρὸς
1708 672 1822 710 αὐτόν.
1848 673 1911 717 Ὡς
1940 674 1968 711 δ’
1988 674 2204 728 Ἀλέξανδρος
2222 679 2318 730 παρὰ

1272 727 1444 781 Κρατέρῳ
1466 728 1567 767 αὐτὸν
1592 730 1737 782 ἐπῄνεσε
1759 732 1941 782 γενομένου
1958 732 2085 781 πότου,
2104 737 2122 772 ὁ
2143 735 2318 789 Κροίτερος

1271 787 1429 825 ἐκέλευσε
1449 788 1508 826 τὸν
1531 790 1642 827 παῖδα
1665 791 1903 843 καταφιλῆσαι
1920 791 1977 829 τὸν
2000 791 2239 845 Ἀλέξανδρον·
2261 811 2319 833 και

1270 843 1323 892 ὃς,
1345 846 1546 896 Μηδαμῶς,
1576 850 1682 894 εἶπεν,
1711 848 1750 884 οὐ
1762 847 1836 908 γὰρ
1858 847 1964 892 οὕτως
1989 849 2051 899 ἐμὲ
2080 852 2256 903 εὐφρανεῖ,
2274 855 2320 896 ὡς

1271 903 1308 941 σὲ
1325 903 1487 950 λυπήσει
1509 902 1654 957 ῧΩσπερ
1674 904 1741 956 γὰρ
1760 909 1802 953 ἠν
1825 907 1985 958 ἐρωτικὸς
2002 910 2019 945 ὁ
2036 909 2196 960 βασιλεὺς
2212 914 2318 958 ουτος,

1270 962 1378 1005 οὕτως
1397 962 1457 999 καὶ
1479 962 1564 1015 πρὸς
1583 963 1621 1001 τὸ
1641 966 1792 1010 καθηκον
1814 965 1985 1016 ἐγκρατὴς
2001 967 2060 1004 καὶ
2080 967 2164 1020 πρὸς
2182 968 2219 1006 τὸ
2235 985 2318 1021 πρε-

1270 1020 1507 1060 πωδέστατον.
1537 1021 1795 1095 Αἷχμαλώτους
1824 1027 1905 1074 γοῦν
1934 1025 2053 1062 λαὸὼν
2083 1025 2143 1070 τὰς
2172 1029 2319 1078 Δαρείου

1270 1078 1458 1132 θυγατέρας
1493 1079 1552 1117 καὶ
1581 1079 1644 1125 τὴν
1672 1081 1819 1152 γυναῖκα
1852 1082 1974 1120 κάλλει
2015 1084 2318 1136 διαπρεπεστάτην

1269 1133 1388 1185 ουσαν,
1416 1139 1454 1175 οὐ
1488 1136 1590 1188 μόνον
1622 1139 1811 1191 ἀπέσχετο,
1839 1142 1915 1179 ἀλλ’
1936 1141 2004 1179 οὐδ’
2035 1144 2166 1186 ἐκείνας
2194 1149 2315 1194 μαθεῖν

1267 1195 1439 1243 εποίησεν,
1459 1195 1510 1233 ὅτι
1525 1196 1608 1234 εἰσὶν
1630 1198 1871 1249 αἰχμάλωτοι,
1889 1200 2030 1243 ἀλλ’ὡς
2048 1200 2099 1239 ἔτι
2118 1203 2298 1254 Δαρείου’
2283 1220 2316 1242 εν

1269 1256 1312 1305 τῇ
1328 1253 1528 1306 βασιλεία”
1509 1269 1603 1298 οντος
1623 1254 1738 1293 πάντα
1759 1258 1880 1300 αὐταῖς
1899 1261 2125 1310 χορηγεῖσθαι
2142 1259 2315 1299 ἐκέλευσε.

1268 1312 1398 1364 Διόπερ
1417 1312 1477 1349 καὶ
1493 1313 1637 1365 Δαρεῖος
1655 1317 1756 1352 τοῦτο
1773 1314 1893 1364 μαθὼν
1913 1315 2042 1362 ηὔξατο
2059 1320 2108 1370 τῷ
2129 1317 2240 1371 Ἡλίῳ
2256 1318 2317 1362 τὰς

1267 1370 1387 1422 χεῖρας
1403 1370 1601 1419 ἀνατείνας,
1621 1370 1644 1417 ἢ
1665 1371 1767 1410 αὐτὸν
1789 1374 2020 1425 βασιλεύεινῆ
2042 1375 2118 1415 Ἀλέ
2122 1376 2274 1429 ξανδρον.
2296 1396 2310 1412 n

1774 1463 1809 1498 6.

1321 1540 1428 1577 Idem
1447 1541 1530 1586 XV,
1554 1553 1595 1590 p.
1616 1541 1713 1588 684,
1727 1544 1757 1578 E
1774 1556 1782 1578 :
1811 1541 1882 1580 Καὶ
1901 1542 2096 1595 ἀμὸροσίαν
2113 1542 2148 1580 δὲ
2169 1544 2266 1588 ἄνθος
2285 1562 2318 1583 τι

1267 1596 1460 1650 ἀναγράφει
1480 1600 1498 1635 ὁ
1512 1597 1709 1650 Καρύστιος
1724 1600 1758 1636 ἐν
1769 1597 1971 1651 Ἱστορικοῖς
1988 1601 2216 1651 ὑπομνήμασι
2227 1632 2237 1652 ,
2256 1604 2318 1641 λε’-

1266 1671 1336 1708 γων
1357 1655 1464 1699 οὕτως
1479 1671 1487 1679 ·
1511 1674 1526 1690 κ
1550 1656 1745 1709 Νίκανδρός
1765 1673 1883 1710 φησιν,
1907 1658 1941 1703 ἐξ
1958 1658 2158 1709 ἀνδριάντος
2177 1663 2236 1707 τῆς
2257 1677 2318 1699 κε-

1268 1716 1380 1768 φαλῆς
1400 1714 1626 1767 Ἀλεξάνδρου
1641 1715 1704 1762 τὴν
1721 1717 1942 1768 καλουμένην
1963 1716 2159 1769 ἀμὸροσίαν
2175 1718 2319 1770 φύεσθαι

1267 1775 1302 1812 ἓν
1324 1775 1402 1827 Κῷ.
1425 1792 1441 1808 »
1460 1774 1674 1827 Προείρηται
1695 1775 1725 1813 δ’
1743 1775 1815 1814 ἄνω
1830 1776 1909 1828 περὶ
1930 1777 2058 1825 αὐτῆς,
2077 1773 2129 1813 ὅτι
2145 1778 2183 1816 τὸ
2203 1778 2317 1831 κρίνον

1267 1831 1356 1870 οὕτω
1376 1831 1527 1884 λέγουσι.

1774 1914 1812 1946 7·
1847 1915 1852 1920 ’

1319 1972 1426 2008 Idem
1442 1974 1541 2018 XII,
1561 1985 1602 2021 p.
1625 1972 1720 2019 548,
1739 1975 1769 2010 E
1788 1987 1795 2009 ε
1820 1972 2017 2025 Καρύστιος
2037 1974 2066 2011 δ’
2084 1975 2101 2010 ὁ
2120 1975 2316 2025 Περγαμη-

1265 2026 1320 2070 νὸς
1338 2030 1373 2066 ἐν
1392 2028 1595 2080 Ἱστορικοῖς
1611 2029 1859 2079 ὑπομνήμασι,
1872 2047 1886 2062 «
1903 2030 2173 2082 Κηφισόδωρος,
2192 2031 2311 2083 φησὶν,

1265 2087 1284 2122 ὁ
1311 2085 1491 2133 Θηὸαῖος,
1514 2085 1723 2137 Πολύδωρον
1742 2087 1801 2125 τὸν
1820 2087 1927 2134 Τήιον
1954 2088 2071 2140 ἰατρὸν
2098 2088 2314 2141 Ἀντιπάτρῳ

1270 2195 1410 2236 plaustro
1420 2195 1517 2228 asinis
1530 2195 1643 2236 juncto
1655 2199 1868 2230 comessatum
1881 2197 1952 2230 iret.
1968 2198 2140 2231 Faciebant
2150 2199 2181 2230 id
2193 2201 2313 2238 autem,

1268 2247 1390 2288 inquit,
1406 2249 1503 2281 etiam
1520 2242 1687 2282 Persarum
1703 2259 1802 2291 reges.

1772 2302 1807 2334 5.

1308 2353 1473 2393 Carystius
1498 2354 1530 2385 in
1549 2354 1793 2387 Commentariis
1816 2354 1976 2387 historicis
1994 2355 2126 2388 scribit:
2147 2369 2163 2384 «ι
2186 2355 2314 2388 Charon

1267 2404 1482 2438 Chalcidensis
1497 2414 1633 2445 puerum
1647 2405 1785 2437 habebat
1798 2406 1992 2445 formosum,
2009 2406 2101 2438 valde
2116 2405 2174 2438 sibi
2189 2415 2311 2438 carum.

1267 2458 1371 2493 Quem
1382 2465 1481 2496 quum
1495 2456 1580 2497 apud
1591 2459 1758 2489 Craterum
1773 2457 1945 2497 aliquando
1956 2457 2039 2489 inter
2051 2458 2164 2498 pocula
2175 2458 2313 2490 Alexan·

1266 2508 1323 2540 der
1339 2508 1514 2549 laudasset,
1538 2518 1674 2549 puerum
1698 2510 1828 2542 Charon
1848 2509 1942 2548 jussit
1965 2510 2104 2542 osculari
2121 2519 2224 2550 regem
2247 2521 2256 2543 :
2280 2513 2313 2542 at

1266 2570 1342 2601 rex,
1358 2561 1488 2593 Minime
1505 2570 1600 2602 vero,
1619 2562 1723 2602 inquit
1740 2572 1748 2593 ε
1765 2571 1824 2594 nec
1843 2563 1928 2594 enim
1944 2562 1996 2594 ille
2014 2564 2140 2595 tantum
2158 2563 2235 2594 mihi
2254 2572 2313 2594 vo-

1266 2613 1414 2653 luptatis,
1431 2615 1591 2653 quantum
1606 2613 1664 2645 tibi
1680 2614 1834 2645 molestiae
1846 2615 1894 2646 est
1908 2613 2076 2646 allaturus.
2092 2616 2134 2645 Ut
2145 2615 2228 2645 enim
2246 2616 2315 2646 erat

1266 2665 1299 2697 in
1313 2674 1458 2696 amorem
1469 2674 1588 2705 pronus
1604 2674 1673 2705 rex,
1688 2665 1733 2697 sic
1744 2667 1776 2697 et
1789 2665 1829 2696 ad
1844 2665 1968 2698 honesti
1982 2665 2138 2696 rationem
2149 2666 2315 2697 continens

1266 2718 1299 2748 et
1317 2716 1425 2748 decori
1450 2716 1761 2749 observantissimus.
1795 2717 1857 2754 Qui
1887 2725 1990 2757 quum
2013 2717 2156 2756 captivas
2168 2708 2314 2757 'cepisset

1267 2769 1352 2800 Darii
1366 2768 1444 2799 filias
1456 2777 1656 2808 uxoremque
1673 2768 1944 2807 formosissimam,
1959 2777 2023 2799 non
2037 2768 2134 2800 modo
2149 2768 2313 2806 abstinuit,

1265 2820 1319 2851 sed
1337 2820 1460 2851 curavit
1478 2819 1575 2851 etiam
1588 2843 1597 2859 ,
1614 2821 1648 2850 ut
1664 2828 1704 2850 ne
1719 2819 1793 2859 ipsae
1812 2819 1941 2859 quidem
1959 2821 2101 2859 captivas
2118 2829 2151 2851 se
2167 2828 2233 2851 esse
2245 2828 2315 2850 svn-

1265 2871 1380 2910 tirent;
1391 2872 1423 2902 et
1439 2870 1569 2911 perinde
1585 2879 1623 2901 ac
1639 2870 1664 2902 si
1678 2870 1709 2901 in
1727 2879 1823 2910 reguo
1837 2870 1942 2902 adhuc
1956 2871 2072 2902 Darius
2088 2871 2189 2910 esset,
2207 2871 2315 2902 omnia

1264 2923 1326 2955 illis
1340 2923 1511 2954 ministrari
1519 2922 1625 2962 jussit.
1641 2923 1747 2959 Quare
1760 2922 1855 2953 etiam
1870 2922 1994 2962 Darius,
2010 2922 2071 2954 hoc
2086 2923 2230 2962 cognito,
2246 2931 2313 2952 ma-

1264 2975 1359 3006 nibus
1375 2974 1415 3005 ad
1431 2974 1532 3005 solem
1553 2973 1643 3005 elatis
1662 2975 1811 3013 precatus
1824 2974 1889 3013 est,
1905 2975 1941 3006 ut
1957 2974 2014 3006 aut
2026 2974 2092 3014 ipse
2109 2982 2240 3014 regnum
2254 2973 2312 3004 ob-

1264 3026 1380 3058 tineret
1389 3050 1398 3066 ,
1412 3026 1467 3057 aut
1480 3024 1671 3057 Alexander.
1694 3037 1708 3052 »

1304 3130 1407 3163 Etiam
1424 3130 1617 3161 ambrosiam
1634 3129 1744 3161 florem
1759 3128 1918 3170 quendam
1936 3129 2093 3160 memorat
2107 3128 2267 3168 Carystius
2281 3128 2311 3159 in

1264 3182 1426 3214 Historicis
1439 3181 1677 3213 commentariis
1692 3181 1737 3213 ita
1753 3180 1895 3212 scribens
1908 3193 1915 3212 ε
1934 3193 1949 3207 «
1960 3180 2117 3212 Nicander
2127 3180 2170 3210 ait
2181 3189 2198 3210 e
2208 3180 2311 3219 capite

1262 3235 1376 3266 statuae
1392 3233 1564 3265 Alexandri
1588 3233 1621 3264 in
1637 3235 1684 3265 Co
1702 3232 1805 3264 insula
1821 3231 1909 3263 nasci
1927 3231 2119 3262 ambrosiam
2137 3239 2234 3270 quam
2251 3238 2307 3260 vo-

1263 3287 1347 3318 cant.
1369 3299 1384 3313 »
1401 3287 1448 3317 De
1460 3285 1521 3316 hac
1542 3285 1650 3316 autem
1664 3292 1761 3325 supra
1773 3283 1896 3315 dictum
1909 3284 1958 3314 est
1973 3282 2075 3314 lilium
2091 3282 2135 3313 ita
2149 3281 2266 3312 vocari.

1767 3340 1802 3371 7.

1305 3395 1469 3436 Carystius
1491 3397 1705 3436 Pergamenus
1727 3394 1759 3425 in
1783 3393 2030 3426 Commentariis
2059 3390 2215 3423 historicis
2233 3391 2306 3421 scri-

1263 3447 1327 3488 bit,
1341 3447 1423 3479 tradi
1437 3456 1454 3478 a
1474 3445 1856 3488 CephisodoroTbebano
1880 3459 1885 3476 :
1905 3444 2094 3484 Polydorum
2115 3441 2226 3473 Teium
2244 3449 2307 3472 me-
