2372 3704
981 220 1035 259 IN
1067 220 1336 259 VOLUMlNE
1369 223 1397 260 1.

120 303 189 352 sit;
207 317 329 354 neque
348 305 449 342 enim
461 314 599 354 septem
617 307 656 342 si.
676 305 828 341 fuissent
846 307 1164 354 nomophyhces,

119 364 328 414 potuissent
341 376 427 400 cum
443 376 507 400 sex
521 364 779 400 thesmothetis
793 364 988 409 confundi,
1006 364 1045 399 id
1061 365 1167 412 quod

120 431 244 459 tamen
264 422 404 458 factum
422 423 471 458 ab
490 424 683 459 nonnullis
710 431 765 459 est
782 421 896 471 (ἔδοξέ
918 436 988 460 τισι
1008 420 1085 464 τοὺς
1103 422 1166 458 αὐ-

118 477 198 523 τοὺς
226 473 313 517 εἶναι
333 484 404 523 τοῖς
433 481 680 530 θεσμοθέταις,
711 479 791 518 ἀλλ’
811 480 874 518 οὐκ
895 478 988 517 ἔστιν
1008 478 1115 522 οὕτως
1131 479 1142 529 )
1156 510 1166 526 ,

119 547 233 588 atque
253 539 303 575 ad
329 551 413 576 eam
431 541 651 588 opinionem
682 539 928 576 refellendam
948 540 1069 575 omnis
1086 539 1166 575 haec

117 598 425 647 glossapertinet
441 611 451 643 ;
473 599 602 647 itaque
623 599 696 647 p'ro
714 595 804 635 ἑπτὰ
824 599 901 634 sive
915 595 942 640 ζ’
957 597 1166 633 rescriben-

118 655 211 692 dum
229 663 282 693 est
308 654 343 700 ἓξ
369 659 446 693 sive
464 655 512 698 ς’.
530 678 580 684 -
596 657 770 693 Alterum
782 669 875 693 vero
894 663 981 692 ante
1000 656 1071 691 hos
1090 656 1166 692 XII

117 727 237 752 annos
249 727 272 752 a
283 716 463 751 Boecklzio
476 716 516 751 in
533 716 852 752 commentatione
867 715 913 751 de
927 715 1085 751 consilio
1099 716 1165 750 At-

117 774 231 811 thidis
250 775 506 811 Philochoreae
520 787 558 823 p.
575 787 622 820 27
640 776 681 810 in
694 774 973 810 dubitationem
989 776 1167 809 v'ocatum

117 840 190 879 est;
213 834 279 885 qui
310 846 430 882 quum
449 834 549 869 visus
568 833 641 869 sibi
669 840 764 869 esset
799 833 1088 881 comprobasse,
1117 832 1166 867 ab

116 893 311 929 Demetrio
330 893 482 929 demum
499 893 702 928 Phalereus
720 893 778 928 uti
798 904 1094 942 gynaeconomos
1113 892 1167 927 ita

115 950 416 998 nomophylaces
442 950 681 986 introductos
709 962 804 996 esse,
831 950 949 986 verba
968 946 1028 984 καὶ
1059 946 1166 984 κατέ-

117 1022 300 1054 στησαν...
335 1005 378 1044 τὰ
404 1007 491 1059 ὑπὲρ
521 1010 579 1045 τοῦ
601 1007 762 1056 σώματος
790 1015 937 1044 tantum
963 1008 1095 1043 aberat
1122 1014 1165 1042 ut

116 1067 335 1103 Philochori
359 1079 436 1103 esse
456 1067 707 1112 concederet,
730 1074 773 1103 ut
790 1079 863 1115 pro
891 1066 1001 1114 nugis
1019 1065 1167 1101 indocti

116 1126 354 1174 grammatici
372 1126 501 1162 nescio
522 1125 628 1173 cujus
643 1126 816 1162 haberet.
837 1127 978 1162 Verum
996 1123 1167 1159 Boeckhii

116 1185 346 1233 argumentis
358 1185 444 1220 satis
453 1184 534 1231 jam
547 1185 595 1220 ab
610 1185 861 1220 Schoemanno
884 1183 1066 1232 (Antiqq.
1085 1182 1164 1229 jur.

115 1242 225 1291 publ.
243 1255 285 1292 p.
309 1242 410 1292 299)
426 1243 619 1287 refutatis,
645 1243 741 1278 illud
761 1250 888 1279 tenere
905 1243 1012 1287 licet,
1027 1254 1164 1277 nomo-

115 1301 292 1350 phylaces
310 1303 480 1350 primum
499 1314 577 1338 esse
596 1302 809 1346 institutos,
832 1313 951 1349 quum
977 1301 1168 1348 Ephialtes

115 1362 319 1409 Areopago
347 1372 424 1396 una
449 1361 627 1409 capitalia
641 1359 787 1406 judicia
817 1360 1031 1407 reliquisset
1046 1385 1058 1406 ,
1078 1358 1165 1394 reli-

117 1430 232 1466 quam
249 1418 472 1454 detraxisset
489 1426 727 1467 potestatem.
752 1418 943 1466 Ephialtes
963 1424 1106 1462 utrum,
1125 1424 1168 1452 ut

115 1478 307 1526 Areopagi
321 1478 587 1513 auctoritatem
600 1478 675 1513 suis
691 1477 957 1525 rogationibus
970 1476 1081 1525 fregit
1091 1504 1102 1521 ,
1116 1476 1168 1511 ita

115 1536 196 1584 ipse
220 1536 267 1572 de
286 1536 524 1572 instituendis
548 1536 892 1584 nomophylacibus
911 1535 961 1571 ad
979 1535 1167 1583 populum

116 1595 244 1631 tulerit
256 1623 267 1644 ,
286 1606 336 1630 an
363 1594 438 1630 hoc
458 1595 507 1630 ab
526 1595 602 1630 alio
637 1602 788 1631 oratore
806 1595 924 1630 latum
950 1594 998 1629 ad
1016 1594 1167 1642 plebem

114 1654 183 1699 sit,
203 1654 422 1703 ignoramus
442 1653 618 1702 quidem,
640 1660 694 1689 est
713 1660 838 1689 tamen
862 1653 967 1701 prius
985 1652 1080 1688 illud
1098 1653 1168 1697 ali—

116 1719 260 1761 quanto
279 1712 531 1761 probabilius.
558 1712 741 1748 Institutis
762 1724 850 1748 vero
875 1712 1167 1760 nomophylaci-

115 1771 188 1808 bus
207 1783 252 1807 ea
286 1772 454 1807 muneris
474 1771 735 1819 Areopagitici
753 1783 842 1820 pars
873 1771 1070 1809 commissa
1089 1778 1164 1816 est,

116 1843 202 1879 quae
220 1831 262 1866 in
276 1831 442 1879 generali
460 1831 586 1879 legum
601 1831 799 1866 curatione
817 1830 1039 1875 constabat;
1058 1831 1166 1866 resti-

115 1897 198 1925 tuta
216 1896 342 1925 autem
359 1889 429 1925 sub
446 1889 606 1926 Euclide
623 1890 780 1936 antiqua
795 1895 944 1924 senatus
958 1889 1167 1936 Areopagi-

115 1948 182 1985 tici
199 1954 388 1996 potestate
404 1947 703 1996 nomophylaces
723 1954 788 1982 aut
807 1947 939 1982 aboliti
961 1954 1027 1982 aut
1042 1947 1167 1994 legum

114 2006 182 2042 illa
197 2007 395 2041 curatione
409 2017 539 2041 carere
548 2005 640 2053 jussi
660 2011 758 2042 sunt.
778 2003 864 2041 Haec
884 2005 984 2040 enim
1000 2006 1031 2040 si
1046 2006 1168 2040 minus

115 2075 186 2114 per
197 2064 433 2100 Demetrium
452 2064 738 2111 Phalerensem,
758 2070 856 2099 certe
883 2069 989 2099 aetate
1015 2063 1168 2099 demum

115 2123 300 2160 Demetrii
318 2123 371 2158 iis.
388 2122 540 2158 reddita
567 2129 682 2170 atque
697 2122 751 2157 ita
770 2128 882 2157 aucta
908 2133 985 2157 esse
1003 2121 1167 2167 videtur,

115 2189 159 2218 ut
174 2183 215 2217 in
230 2182 415 2218 concione
437 2188 552 2229 atque
567 2181 607 2216 in
621 2187 752 2216 senatu
771 2179 881 2226 juxta
893 2180 1080 2228 proedros
1100 2193 1168 2216 se-

117 2241 264 2288 derent,
277 2240 510 2288 prohibituri
524 2239 729 2287 quominus
741 2239 907 2287 populus
922 2245 1116 2274 senatusve
1130 2239 1169 2274 in

116 2299 294 2349 suffragia
312 2300 547 2345 mitteretur,
575 2300 605 2334 si
625 2311 702 2346 qua
727 2294 881 2347 rogbtio
902 2310 981 2333 non
1006 2309 1027 2334 e
1054 2310 1168 2345 repu-

116 2358 220 2394 blica
237 2371 314 2394 esse
330 2358 535 2395 videretur.
557 2357 656 2394 Hinc
680 2356 823 2392 factum
846 2363 902 2392 est
917 2363 960 2391 ut
985 2357 1169 2392 memoria

98 2410 100 2412 V
117 2419 444 2467 nomophylacum
478 2417 582 2466 apud
616 2417 851 2464 antiquiores
887 2422 1056 2451 oratores
1089 2428 1169 2450 non

118 2485 251 2522 exstet,
263 2475 477 2525 reperiatur
488 2476 639 2511 demum
654 2474 757 2523 apud
765 2474 1013 2510 Dinarchum.
1030 2475 1168 2511 Verum

117 2536 370 2584 reprehensus
384 2535 448 2570 hic
468 2535 573 2570 locus
593 2534 707 2569 etiam
725 2545 768 2569 eo
788 2533 941 2567 nomine
964 2539 1017 2567 est
1031 2559 1041 2577 ,
1063 2532 1170 2580 quod

118 2591 162 2630 τὰ
177 2591 262 2644 ὑπὲρ
279 2595 338 2629 τοῦ
350 2580 519 2641 ’σώματος
533 2605 614 2628 non
631 2599 735 2628 recte
753 2591 827 2627 sint
853 2591 955 2627 dicta
969 2617 979 2636 ‚
1002 2603 1085 2639 quae
1105 2605 1169 2642 φο-

119 2649 199 2689 νικὰ
216 2653 357 2689 fuerint
375 2651 558 2696 dicenda3
581 2664 625 2687 ea
641 2663 734 2686 vero
750 2650 996 2699 reprehensio
1016 2656 1059 2685 ut
1076 2657 1170 2685 esset

115 2711 217 2759 justa
229 2738 240 2756 ‚
261 2711 356 2747 nihil
371 2711 533 2759 amplius
547 2708 732 2758 efficeret,
748 2721 862 2757 quam
881 2709 1170 2757 grammaticum

119 2783 229 2815 eum,
251 2771 318 2818 qui
345 2771 409 2806 illa
437 2782 458 2805 e
482 2769 723 2815 Philochoro
744 2768 1008 2816 excerpsisset‚
1038 2759 1170 2803 falsum

118 2831 159 2865 in
177 2830 303 2865 verbis
316 2841 394 2864 esse
406 2842 415 2874 3
428 2828 553 2864 -verba
574 2828 689 2876 igitur
701 2826 886 2876 probaret
897 2839 977 2861 non
994 2838 1071 2862 esse
1089 2827 1171 2862 Phi·

118 2889 268 2925 lochori
284 2902 294 2933 ;
316 2895 355 2923 at
372 2899 420 2923 ne
436 2887 658 2922 sententiam
671 2885 826 2934 quidem
840 2885 1059 2920 Philochori
1076 2898 1168 2931 esse,

120 2947 162 2983 id
187 2960 281 2983 vero
301 2947 408 2982 nullo
439 2946 556 2988 modo
580 2944 760 2981 efficeret.
784 2945 894 2980 Nunc
922 2951 1050 2979 autem
1077 2945 1172 2980 nihil

121 3014 176 3043 est
192 3006 299 3055 quod
326 3018 396 3041 nos
419 3005 554 3054 cogat,
581 3012 625 3040 ut
649 3001 702 3054 τὰ.
713 3000 801 3054 ὑπὲρ
820 3004 881 3039 τοῦ
908 3001 1071 3051 σώματος
1100 3004 1172 3039 alia

121 3067 352 3114 accipiamus
375 3072 563 3113 potestate
582 3071 647 3100 aut
666 3063 822 3099 omnino
839 3063 914 3097 alio
931 3074 1040 3098 sensu
1058 3063 1172 3098 intel—

121 3127 280 3174 ligamus
295 3137 410 3172 quam
426 3124 566 3159 forensi
577 3129 613 3159 et
623 3123 794 3170 legitimo
803 3122 1021 3170 capitalium
1031 3133 1150 3156 rerum
1155 3133 1168 3164 ,·

123 3186 239 3220 immo
260 3182 367 3231 quod
391 3195 469 3218 non
490 3182 586 3218 dixit
604 3179 647 3217 τὰ
675 3178 798 3232 φονικὰ
813 3208 824 3228 ,
843 3180 910 3215 sed
925 3177 969 3215 τὰ
996 3177 1083 3229 ὑπὲρ
1112 3180 1171 3214 τοῦ

123 3240 304 3291 σώματος,
323 3241 413 3276 hinc
442 3241 622 3288 colligere
642 3239 818 3276 debemus
847 3251 926 3274 non
955 3245 1100 3273 tantum
1126 3236 1172 3272 de

125 3301 226 3337 caede
238 3299 394 3346 judicia,
410 3299 476 3334 sed
498 3300 610 3334 etiam
623 3293 797 3348 πυρκαΐας
813 3304 850 3333 et
872 3294 1033 3337 ἀσεὸείας
1047 3295 1171 3330 crimi-

124 3371 188 3402 na,
214 3372 296 3406 quae
327 3358 505 3407 capitalia
525 3365 650 3403 erant,
674 3359 875 3404 Areopago
895 3354 1105 3401 judicanda
1123 3353 1171 3388 ab

124 3417 296 3465 Ephialte
303 3429 380 3453 esse
394 3417 534 3452 relicta.
547 3417 642 3452 Satis
653 3416 721 3451 hac
734 3415 779 3451 de
789 3427 828 3450 re
840 3429 849 3460 ;
859 3414 1062 3450 dicendum
1074 3414 1171 3448 enim

2194 233 2267 264 (317

1227 319 1326 342 nunc
1343 307 1450 342 estiis
1467 307 1513 343 de
1532 307 1659 352 rebus,
1674 321 1832 356 quarum
1844 313 2026 346 memoria
2043 318 2162 348 exstat
2172 313 2273 360 apud

1228 365 1420 401 Pollucem
1430 377 1583 412 quoquc
1594 373 1628 402 et
1635 369 1850 403 accuratior
1860 370 1972 404 etiam
1982 370 2085 418 apud
2093 371 2270 415 Suidam;

1230 433 1360 457 earum
1388 435 1475 471 pars
1505 423 1619 458 etiam
1649 425 1750 472 apud
1780 427 2106 474 Harpocrationem
2138 436 2175 464 et
2207 431 2274 477 qui

1226 479 1338 527 hujus
1361 481 1554 516 thesauros
1578 482 1618 516 in
1642 483 1911 530 compendium
1931 485 2097 534 redegit,
2118 487 2273 522 Suiclam

1228 545 1265 573 et
1280 538 1476 582 Photium,
1499 551 1588 587 pars
1606 540 1646 575 in
1664 541 1787 577 Lexic.
1802 541 1891 588 Seg.
1912 555 1952 590 p.
1972 542 2046 578 283
2061 570 2071 587 ,
2096 544 2139 579 16
2159 557 2273 593 repe-

1227 597 1335 634 ritur.
1356 599 1439 633 Jam
1459 610 1551 633 vcro
1571 599 1611 633 in
1638 600 1763 647 primo
1784 600 1849 635 illo
1871 600 1903 636 οἱ
1933 597 1994 648 μὲν
2014 598 2080 650 γὰρ
2109 600 2275 652 ἄρχοντες

1230 653 1409 693 ἀνέὸαινον
1430 656 1477 698 εἷς
1495 653 1628 707 Ἄρειον
1645 655 1756 703 πάγον
1784 657 2084 709 ἐστεφανωμένοι,
2104 661 2134 696 οἱ
2160 659 2196 697 δὲ
2213 676 2273 698 νο-

1229 713 1427 765 μοφύλακες
1453 729 1501 751 στ
1514 728 1531 765 ρ
1542 728 1592 766 οφ
1605 712 1615 750 ί
1627 729 1648 750 α
1666 728 1691 765 χ
1702 729 1723 751 α
1736 715 1756 751 λ
1767 730 1788 752 κ
1799 720 1821 752 ᾶ
1852 715 2010 765 ἄγοντες,
2029 717 2069 752 id
2090 718 2176 753 satis
2202 731 2273 768 ap-

1227 781 1337 822 paret
1352 774 1597 810 scribendum
1614 787 1692 811 esse
1713 788 1762 811 στ
1774 789 1792 825 ρ
1805 788 1854 826 οφ
1866 773 1876 811 ί
1889 790 1910 811 α
1929 777 1972 811 λε
1985 789 2004 811 υ
2015 789 2036 812 κ
2049 773 2070 812 ὰ
2086 774 2208 826 ἔχοντ
2219 791 2274 823 ες;

1227 843 1315 868 nam
1335 839 1372 868 et
1393 833 1529 868 Pollux
1544 833 1676 868 scribit
1695 845 1703 868 ι
1726 831 1964 884 νομοφύλακες
1985 832 2047 882 μὲν
2066 832 2273 885 ἐστεφάνων·

1216 904 1284 939 ιται
1299 889 1451 942 στροφίῳ
1463 890 1598 942 λευκῷ,
1620 898 1658 926 et
1673 892 1808 927 Suidas
1823 892 1916 928 dicit
1933 905 1941 928 ε
1959 890 2130 943 στροφίοις
2145 894 2277 936 λευκοῖς

1228 947 1400 999 ἕχρῶντο;
1414 962 1538 997 neque
1553 950 1677 985 minus
1692 958 1837 986 certum
1851 958 1904 987 est
1924 958 2004 987 tum
2017 964 2090 1000 pro
2112 950 2275 1003 ἄρχοντες

1226 1009 1355 1057 potius
1382 1008 1586 1044 dicendum
1618 1008 1727 1045 fuisse
1762 1007 1987 1057 θεσμοθέται,
2019 1011 2126 1058 quod
2163 1012 2275 1047 etiam

1227 1067 1362 1103 Suidas
1377 1067 1512 1113 habet,
1530 1074 1611 1102 tum
1631 1067 1679 1103 ad
1697 1065 1973 1118 ἐστεφανωμένοι
1994 1069 2198 1105 desiderari
2213 1079 2278 1106 aut

1233 1123 1382 1176 μυρρίνῃ
1415 1126 1492 1161 sive
1522 1124 1688 1176 μυρρίνης
1713 1125 1872 1178 στεφάνῳ
1893 1127 1971 1176 (cf.
2000 1129 2134 1163 Pollux
2167 1130 2273 1174 VIII,

1229 1184 1278 1220 86
1305 1197 1338 1222 c.
1359 1197 1399 1219 n.
1433 1185 1570 1232 intprr.
1588 1182 1598 1233 )
1613 1212 1624 1233 ,
1647 1192 1713 1220 aut
1739 1182 1831 1220 κατὰ
1853 1183 1897 1222 τὰ
1915 1183 2065 1237 πάτρια,
2087 1187 2192 1234 quod
2222 1196 2277 1224 est

1228 1243 1341 1291 apud,
1351 1243 1518 1279 Suidam.
1547 1263 1599 1270 ——
1618 1244 1664 1278 In
1689 1244 1808 1278 altero
1843 1244 2122 1280 emendandum
2147 1253 2201 1281 est
2231 1259 2275 1282 ex

1228 1301 1364 1337 eodem
1381 1302 1498 1338 Suida
1520 1315 1527 1337 :
1557 1299 1617 1338 καὶ
1637 1302 1671 1338 ἐν
1697 1301 1770 1344 ταῖς
1791 1301 1883 1345 θέαις
1901 1303 1911 1351 (
1930 1304 2021 1342 θεαῖς
2043 1304 2153 1353 cod.)
2172 1304 2275 1341 ἐναν-

1227 1358 1298 1396 τίον
1316 1359 1402 1410 [τῶ
1413 1374 1429 1396 ν
1457 1361 1499 1396 ἐν
1511 1357 1586 1396 νέα
1601 1359 1615 1409 ]
1636 1358 1814 1410 ἀρχόντων
1831 1358 2049 1403 ἐκαθέζοντο·
2066 1363 2162 1398 sitne
2177 1363 2276 1398 indi-

1229 1418 1315 1454 dem
1327 1419 1546 1455 addendum
1562 1420 1675 1454 etiam
1686 1417 1742 1455 ἐπὶ
1757 1416 1899 1469 θρόνων,
1911 1420 2014 1456 haud
2026 1419 2215 1458 definiam.
2228 1448 2277 1454 -.

1228 1478 1341 1524 Quod
1374 1490 1466 1513 vero
1502 1477 1552 1513 ad
1580 1478 1733 1513 tertium
1762 1479 1919 1526 attinet,
1943 1477 2004 1514 καὶ
2037 1477 2100 1527 τὴν
2131 1477 2276 1528 πομπὴν

1228 1533 1387 1584 ἔπεμπον
1408 1537 1450 1586 τῇ
1476 1534 1660 1583 Παλλάδι,
1681 1536 1722 1572 id
1741 1536 1858 1572 habet
1876 1549 1965 1573 sane
1986 1538 2099 1574 etiam
2117 1539 2251 1574 Pollux
2264 1566 2274 1583 ‚

1230 1591 1293 1639 τὴν
1314 1591 1350 1631 δὲ
1366 1591 1512 1644 πομπὴν
1527 1592 1706 1643 πέμπουσι
1727 1596 1770 1646 τῇ
1785 1596 1851 1644 θεῷ
1863 1623 1873 1641 ,
1894 1596 1958 1632 sed
1973 1604 2137 1644 utroque
2156 1609 2277 1633 aecu—

1227 1654 1348 1690 ratior
1367 1661 1423 1690 est
1441 1654 1574 1690 Suidas
1593 1667 1600 1689 :
1627 1651 1687 1690 καὶ
1706 1655 1749 1705 τῇ
1768 1652 1932 1691 Παλλάδι
1953 1652 2017 1699 τὴν
2033 1652 2179 1702 πομπὴν
2201 1654 2260 1692 ἐκό
2271 1678 2277 1682 -

1229 1726 1360 1761 σμουν,
1386 1709 1459 1748 ὅτε
1488 1712 1732 1761 κομίζοιτο
1758 1710 1804 1749 τὸ
1830 1710 1985 1755 ξόανον
2009 1711 2081 1749 ἐπὶ
2104 1710 2182 1758 τὴν
2211 1713 2277 1749 θά-

1228 1770 1414 1807 λασσαν·
1433 1783 1520 1806 nam
1538 1770 1625 1806 hinc
1642 1783 1825 1818 apparere
1838 1771 1990 1806 videtur
2001 1784 2079 1806 non
2098 1785 2278 1820 pompam

1229 1828 1586 1875 Panathenaeorum‚
1607 1830 1673 1865 sed
1692 1831 1804 1865 aliam
1823 1831 1950 1865 nescio
1973 1843 2060 1866 sane
2093 1843 2206 1878 quam
2227 1832 2274 1866 ab

1228 1889 1572 1937 nomophylacibus
1590 1889 1814 1924 adornatam
1834 1901 1911 1924 esse
1924 1915 1934 1933 ‚
1955 1901 2029 1937 qua
2046 1889 2208 1927 Poliadis
2230 1891 2277 1926 si-

1228 1948 1439 1983 mulacrum
1448 1947 1496 1982 ad
1511 1959 1614 1983 mare
1626 1947 1763 1983 deferri
1777 1948 1928 1982 solitum
1943 1949 2000 1985 sit.
2013 1968 2064 1974 —
2074 1949 2278 1995 Reliquum

1229 2013 1284 2041 est
1308 2013 1351 2041 ut
1379 2006 1529 2042 dicatur
1548 2005 1596 2041 de
1624 2018 1670 2041 eo
1694 2006 1798 2053 quod
1825 2007 2071 2041 novissimum
2102 2007 2238 2054 legitur
2266 2020 2275 2043 :

1229 2061 1289 2099 καὶ
1312 2063 1345 2099 ἐν
1368 2064 1411 2113 τῇ
1434 2061 1605 2114 ἐκκλησίᾳ
1632 2060 1692 2099 καὶ
1713 2063 1747 2099 ἐν
1769 2064 1811 2112 τῇ
1832 2063 1939 2114 βουλῇ
1970 2061 2059 2112 μετὰ
2086 2065 2154 2100 τῶν
2174 2063 2277 2115 προέ·

1231 2119 1319 2171 δρων
1340 2120 1508 2167 ἐκάθηντο
1525 2118 1713 2163 κωλύοντες
1727 2119 1770 2157 τὰ
1787 2119 1973 2173 ἀσύμφορα
1995 2123 2036 2173 τῇ
2052 2120 2152 2158 πόλει
2166 2122 2277 2172 πράτ·

1230 2192 1313 2217 τειν.
1345 2180 1416 2215 Hic
1449 2181 1549 2216 enim
1579 2181 1847 2228 grammaticus
1865 2193 1962 2216 unus
1990 2188 2065 2226 est,
2098 2182 2165 2229 qui
2192 2195 2278 2218 cum

1229 2239 1322 2275 Leae.
1337 2238 1491 2285 Seguer.
1510 2237 1602 2283 283,
1626 2238 1670 2274 16
1685 2240 1798 2274 etiam
1809 2240 1847 2274 in
1864 2247 1994 2275 senatu
2004 2252 2089 2275 cum
2108 2241 2280 2289 proedris

1229 2297 1366 2332 sedisse
1381 2310 1470 2332 nom
1476 2297 1681 2345 ophylacas
1691 2298 1821 2334 scribit
1832 2311 1841 2343 ;
1854 2311 1942 2334 nam
1958 2299 2091 2334 Pollux
2100 2307 2136 2334 et
2146 2299 2280 2335 Suidas

1231 2354 1423 2403 debsenatu
1439 2359 1584 2401 tacent,
1605 2363 1642 2392 et
1659 2357 1778 2391 solam
1798 2357 2021 2392 concionem
2047 2369 2281 2392 commemo—

1232 2421 1338 2459 rant;
1360 2415 1401 2449 in
1426 2414 1552 2450 verbis
1579 2427 1671 2450 vero
1692 2415 1877 2462 Pollucis,
1897 2415 1966 2456 τοῖς
1986 2413 2021 2451 δὲ
2042 2413 2219 2465 προέδροις
2246 2416 2280 2452 ἐν

1232 2470 1433 2517 ἐκκλησίαις
1450 2471 1712 2522 συγκαθίζουσιν
1730 2471 1770 2510 ἔν
1784 2486 1828 2508 ια
1841 2470 2089 2514 διακωλύοντες
2104 2473 2280 2525 ἐπιχειρο-

1231 2534 1340 2566 τονεῖν
1357 2527 1423 2566 ὅσα
1444 2529 1492 2580 μὴ
1509 2529 1696 2583 συμφέρει,
1715 2532 1926 2567 tollendum
1945 2531 2096 2567 videtur
2111 2533 2281 2580 ineptum

1231 2590 1325 2626 illud
1340 2588 1358 2626 ἔ
1365 2604 1382 2625 ν
1396 2604 1452 2630 ια.
1484 2591 1608 2627 Suidae
1628 2598 1754 2626 autern
1770 2592 1962 2628 narratio:
1989 2588 2048 2627 καὶ
2071 2591 2105 2627 ἐν
2132 2590 2206 2632 ταῖς
2222 2592 2280 2627 ἐκ·

1231 2647 1392 2694 κλησίαις
1412 2647 1581 2694 ἐκάθηντο
1599 2646 1688 2698 μετὰ
1710 2650 1779 2686 τῶν
1803 2648 1980 2700 προέδρων
2006 2647 2197 2691 κωλύοντες
2214 2649 2281 2700 ψη-

1232 2705 1358 2758 φίζειν,
1376 2705 1407 2743 εἴ
1421 2721 1455 2744 τι
1471 2706 1673 2758 παράνομον
1703 2707 1818 2750 αὐτοῖς
1845 2699 1933 2744 εἶναι
1948 2705 2061 2752 ,δόξειε
2082 2706 2141 2745 καὶ
2163 2707 2280 2756 ἀσύμ-

1232 2780 1333 2817 φορον
1365 2767 1407 2817 τῇ
1445 2765 1564 2812 πόλει,
1598 2767 1820 2814 ceteroquin
1858 2767 2078 2815 diligentior
2107 2768 2280 2815 reliquis,

1231 2838 1349 2861 unum
1361 2832 1486 2861 tamen
1499 2825 1613 2861 habet
1628 2825 1734 2873 quod
1749 2825 1964 2873 displiceat,
1986 2823 2142 2876 ψηφίζειν
2152 2854 2161 2871 ,
2177 2826 2282 2872 cujus

1233 2885 1319 2920 loco
1338 2883 1608 2920 restituendum
1634 2891 1688 2919 est
1713 2896 1733 2919 e
1758 2885 1853 2922 Lex.
1875 2884 2026 2932 Seguer,
2050 2883 2280 2936 ἐπιψηφίζειν.

1233 2943 1324 2990 Quae
1356 2943 1537 2978 hactenns
1573 2942 1868 2991 disputavimus,
1900 2943 1988 2978 satis
2022 2942 2281 2978 demonstrant

1233 3003 1353 3051 ipsam
1381 3001 1602 3037 Philochori
1636 3003 1848 3037 orationem
1879 3002 1920 3037 in
1953 3002 2055 3037 nulla
2089 3014 2134 3037 ex
2163 3002 2281 3037 tribus

1235 3061 1350 3095 trium
1380 3061 1714 3108 grammaticorum
1746 3060 1875 3108 glossis
1906 3058 2066 3096 fideliter
2092 3059 2279 3095 redditam

1235 3132 1326 3163 esse,
1339 3131 1499 3166 eamque
1508 3119 1559 3154 sic
1572 3118 1724 3154 demum
1734 3119 1879 3154 restitui
1888 3119 2015 3166 aliquo
2027 3118 2143 3154 modo
2154 3130 2277 3165 posse,

1233 3178 1300 3213 ubi
1317 3177 1463 3213 collatis
1478 3178 1549 3212 illis
1569 3177 1667 3213 inter
1682 3189 1720 3213 se
1737 3177 1831 3226 quid
1846 3178 1885 3212 in
1904 3188 2132 3225 unaquaque
2151 3188 2279 3211 earum

1233 3248 1364 3271 verum
1380 3236 1427 3270 sit
1446 3235 1633 3272 elicueris.
1652 3250 1667 3267 n

1286 3292 1376 3342 Pag.
1394 3297 1489 3338 410,
1511 3293 1643 3342 fragm.
1667 3292 1737 3329 155
1761 3294 1794 3331 b.
1816 3314 1866 3320 —-
1882 3295 1938 3328 De
1955 3293 2029 3327 hoc
2052 3292 2135 3326 loco
2153 3304 2188 3328 v.
2207 3303 2278 3325 no-

1234 3360 1307 3389 tam
1322 3351 1371 3387 ad
1386 3353 1565 3387 Demetrii
1589 3352 1688 3387 Phal.
1709 3352 1755 3389 fr.
1782 3364 1826 3386 10
1839 3358 1956 3396 ,t01n.
1976 3352 2011 3384 II
2024 3377 2033 3393 ‚
2050 3361 2089 3396 p.
2108 3348 2195 3390 364.

1289 3410 1380 3458 Pag.
1410 3415 1508 3455 410,
1541 3411 1585 3448 fr.
1612 3409 1682 3446 155
1704 3423 1738 3446 c.
1753 3431 1803 3436 -
1823 3409 1948 3445 Schol.
1977 3406 2166 3454 Aristoph.
2190 3407 2275 3444 Pac,
