2326 3724
150 237 223 268 288

145 306 319 342 fluxerint
329 318 412 354 quae
423 305 532 342 affert
543 306 760 342 Lactantius
768 306 889 340 Instit.
901 306 934 349 Ι,
949 305 970 339 6
986 319 992 340 ;
1013 321 1026 336 «
1041 307 1189 341 Sextam

145 365 154 411 (
170 365 351 412 Sibyllam
363 366 484 400 Varro
498 355 688 413 recenset)
705 365 867 400 Samiam
887 364 932 399 de
950 376 1023 411 qua
1041 365 1192 412 scripsit

146 423 406 458 Eratosthenes
430 424 470 458 in
489 423 652 470 antiquis
677 422 872 458 annalibus
895 423 1107 457 Samiorum
1134 434 1190 458 re-

143 482 283 530 perisse
294 493 331 517 se
345 482 542 530 scriptum.
559 496 575 514 »
594 481 650 518 Cf.
664 480 795 516 Suidas
806 493 842 518 v,
858 476 1048 517 Σίὸυλλαι·
1059 477 1191 525 ἽΞκτη,

145 538 288 588 Σαμία,
317 541 339 584 ἡ
371 537 480 590 κυρίῳ
501 537 645 588 ὀνόματι
666 536 865 586 καλουμένη
886 535 1016 575 Φυτώ·
1046 535 1125 588 περὶ
1150 530 1191 582 ἧς

145 596 292 648 ἔγραψεν
313 595 578 650 Ἐρατοσθένης.
597 597 653 634 Cf.
675 597 910 645 Bernhardy.
929 598 1078 646 Fragm.
1095 597 1188 631 Era-

145 658 257 692 tosth.
281 671 320 706 p.
345 657 409 694 86.

561 751 775 766 *⁴000*—

395 834 439 889 A
455 833 507 891 G
521 832 565 888 A
578 832 622 889 C
635 834 678 888 L
692 833 740 888 Y
754 834 800 888 T
817 833 863 889 U
877 832 934 888 S.

441 945 563 983 ΠΕΡΙ
593 942 872 982 omnum.

199 1044 354 1080 Photius
373 1054 381 1077 ι
406 1039 610 1091 Κυψελιδῶν
632 1037 795 1086 ἀνάθημα
817 1038 851 1075 ἐν
867 1036 1066 1088 Ὀλυμπίᾳ·
1090 1036 1192 1075 Πλά-

148 1115 216 1138 των
238 1101 272 1137 ἐν
291 1097 439 1150 Φαίδρῳ
462 1098 528 1147 (p.
550 1097 626 1133 236
646 1097 711 1146 B).
732 1095 838 1148 Παρὰ
853 1095 891 1133 τὸ
913 1096 1114 1147 Κυψελιδῶν
1134 1097 1191 1132 ἀν-

147 1158 265 1208 άθημα
278 1156 495 1208 σφυρήλατος
509 1156 543 1192 ἐν
564 1154 747 1206 Ὀλυμπίᾳ
762 1154 889 1200 ἐστάθη
908 1153 1072 1197 κολοσσὸς
1086 1182 1095 1200 ,
1117 1154 1192 1192 ἀλλ’

150 1218 259 1254 οὔτῶν
285 1215 505 1267 Κυψελιδῶν.
526 1212 688 1265 Κυψέλου
706 1212 740 1250 δέ
768 1228 852 1265 φασι
870 1213 909 1250 τὸ
939 1212 1122 1262 ἀνάθημα,
1149 1215 1193 1256 ὡς

146 1274 352 1325 Ἀγάκλυτος
366 1275 400 1311 ἐν
418 1275 468 1324 τῷ
484 1271 573 1323 Περὶ
589 1271 790 1321 Ὀλυμπίας
804 1270 907 1324 φησὶν
928 1270 1053 1314 οὕτως·
1066 1289 1081 1305 «ι
1101 1271 1192 1314 Ναὸς

145 1336 207 1379 τῆς
225 1331 342 1384 ἽΙρας
360 1330 525 1378 παλαιὸς,
550 1330 714 1379 ἀνάθημα
738 1328 991 1369 Σκιλλουντίων
1007 1343 1016 1352 ·
1045 1324 1137 1367 οὗτοι
1157 1329 1192 1368 δὲ

148 1391 233 1429 εἰσὶν
255 1391 419 1429 Ἠλείων.
442 1389 604 1428 Ἔνεστιν
626 1389 662 1426 δὲ
683 1390 718 1426 ἐν
740 1390 834 1442 αὐτῷ
849 1392 998 1440 χρυσοῦς
1016 1388 1192 1436 κολοσσὸς,

105 1451 111 1457 ’
146 1450 310 1499 ἀνάθημα
338 1447 498 1500 Κυψέλου
528 1451 588 1485 τοῦ
611 1447 791 1499 Κορινθίου
807 1463 814 1471 ·
845 1447 930 1500 φασὶ
950 1446 1016 1498 γὰρ
1034 1446 1091 1484 τὸν
1114 1448 1193 1485 Κύ-

146 1509 248 1559 ψελον
270 1506 467 1555 εὐξάμενον,
489 1507 518 1543 εἷ
553 1505 743 1557 Κορινθίων
762 1504 1019 1558 τυραννεύσειε,
1046 1505 1108 1548 τὰς
1132 1507 1192 1543 οὐ·

147 1565 224 1609 σίας
242 1565 379 1603 πάντων
401 1566 447 1607 εἷς
469 1564 611 1602 δέκατον
633 1563 706 1607 ἔτος
733 1563 946 1616 ἀνιερώσειν,
963 1563 1024 1607 τὰς
1048 1563 1194 1607 δεκάτας

146 1625 214 1660 τῶν
230 1622 438 1673 τιμημάτων
466 1621 737 1674 εἷο-πραξάμενον
763 1620 1025 1659 κατασκευάσαι
1039 1621 1095 1659 τὸν
1113 1637 1193 1674 σφυ-

148 1681 297 1734 ρήλατον
318 1680 498 1719 κολοσσόν.
517 1698 531 1713 »
550 1679 699 1730 Δίδυμος
718 1679 753 1718 δὲ
772 1679 1036 1718 κατασκευάσαι
1055 1679 1111 1717 τὸν
1131 1695 1192 1718 κο-

147 1739 271 1778 λοσσόν
290 1755 375 1792 φησι
397 1738 626 1791 Περίανδρον,
646 1737 731 1790 ὑπὲρ
748 1742 808 1776 τοῦ
826 1740 887 1783 τῆς
905 1740 1036 1790 τρυφῆς
1055 1737 1114 1775 καὶ
1133 1740 1192 1775 τοῦ

147 1797 290 1850 θράσους
308 1800 464 1848 ἐπισχεῖν
479 1796 557 1840 τοὺς
575 1796 794 1848 Κορινθίους·
812 1796 871 1833 καὶ
888 1795 954 1848 γὰρ
971 1796 1194 1848 Θεόφραστος

145 1858 179 1894 ἐν
201 1858 250 1907 τῷ
267 1855 356 1908 Περὶ
370 1857 498 1907 καιρῶν
519 1854 549 1906 β’
567 1854 661 1906 λέγει
675 1853 781 1898 οὕτως
793 1869 801 1878 ·
824 1872 839 1887 «
855 1853 1000 1905 Ἔτεροι
1019 1853 1053 1892 δὲ
1072 1856 1118 1898 εἷς
1132 1856 1191 1892 ἀν-

147 1913 363 1966 δρωδέστερα
383 1914 719 1960 καταδαπανῶντες,
739 1907 808 1951 οἶον
825 1912 1006 1965 στρατείας
1020 1912 1194 1963 ἐξάγοντες

147 1972 207 2010 καὶ
224 1971 398 2022 πολέμους
419 1971 729 2023 ἕπαναιρούμενοι,
749 1971 907 2021 καθάπερ
935 1970 995 2008 καὶ
1018 1969 1195 2015 Διονύσιος

147 2033 165 2067 ὃ
183 2029 346 2081 τύραννος
359 2045 366 2052 ·
384 2031 511 2072 ἐκεῖνος
528 2027 595 2080 γὰρ
616 2030 653 2067 οὐ
675 2028 777 2078 μόνον
795 2028 881 2082 ᾤετο
901 2030 968 2066 δεῖν
986 2028 1030 2067 τὰ
1045 2031 1112 2067 τῶν
1133 2028 1194 2066 ἄλ-

147 2090 216 2126 λων
237 2088 520 2134 καταναλίσκειν,
542 2086 631 2125 ἀλλὰ
652 2086 712 2125 καὶ
744 2086 788 2125 τὰ
817 2090 941 2135 αὑτοῦ,
973 2087 1058 2141 πρὸς
1086 2087 1124 2125 τὸ
1146 2086 1193 2137 μὴ

148 2146 315 2199 ὑπάρχειν
336 2146 454 2199 ἐφόδια
468 2145 834 2195 τοῖς-ἐπιδουλεύουσιν
850 2162 858 2170 ·
878 2145 1010 2184 ἐοίκασι
1030 2146 1065 2184 δὲ
1083 2146 1143 2184 καὶ
1158 2148 1193 2184 αἱ

149 2203 338 2258 πυραμίδες
357 2207 390 2243 ἐν
411 2205 581 2257 Αἰγύπτῳ
598 2204 657 2243 καὶ
675 2207 692 2242 ὃ
711 2207 779 2243 τῶν
803 2206 1007 2258 Κυψελιδῶν
1027 2204 1193 2248 κολοσσὸς

149 2263 208 2301 καὶ
231 2263 345 2301 πάντα
376 2262 420 2301 τὰ
452 2267 593 2301 τοιαῦτα
626 2262 688 2310 τὴν
712 2262 820 2310 αὐτὴν
852 2263 912 2301 καὶ
942 2263 1191 2315 παραπλησίαν

149 2322 240 2373 ἔχειν
273 2322 441 2362 διάνοιαν.
467 2340 482 2356 »
512 2322 669 2374 Φέρεται
692 2323 727 2360 δέ
748 2337 781 2360 τι
806 2322 866 2360 καὶ
894 2321 1103 2374 ἐπίγραμμα
1133 2325 1191 2360 τοῦ

150 2382 319 2418 κολοσσοῦ
332 2394 339 2402 ·

172 2469 243 2508 Εἰμὶ
255 2467 368 2507 (Αὐτὸς
379 2468 488 2507 suid.)
503 2469 565 2507 ἐγὼ
579 2472 712 2509 χρυσοῦς
726 2469 917 2510 σφυρήλατος
937 2471 999 2510 εἰμι
1016 2469 1190 2504 κολοσσός·

273 2514 384 2551 ἐξώλης
404 2514 451 2551 εἷη
471 2516 648 2555 Κυψελιδῶν
663 2515 764 2553 γενεά.

504 2626 571 2664 DE
592 2626 837 2664 OLYMPlA.

195 2709 459 2750 Cypselidarum
484 2710 683 2742 donarium.
707 2709 851 2741 Meminit
877 2709 968 2740 Plato
994 2710 1024 2739 in
1047 2709 1192 2740 Rhaedro.

151 2762 249 2792 Juxta
275 2761 517 2801 Cypselidarum
550 2761 718 2792 donarium
744 2760 902 2801 Olympiae
925 2761 1030 2791 stabat
1055 2760 1196 2791 colossus

150 2812 264 2843 malleo
278 2813 469 2852 fabricatus,
486 2821 550 2844 non
564 2813 618 2844 illc
633 2822 651 2844 a
667 2812 841 2854 Cypselidis
858 2812 1035 2844 dedicatus.
1050 2813 1109 2844 Alii
1121 2821 1195 2844 vero

150 2862 318 2894 donarium
338 2872 412 2894 eum
429 2863 671 2904 Cypselidarum
692 2864 786 2895 fuisse
799 2864 908 2902 aiunt,
928 2866 965 2895 ut
981 2864 1151 2903 Agaclytus
1163 2864 1195 2894 in

151 2914 232 2945 libro
249 2914 288 2946 de
306 2915 455 2955 Olympia
477 2928 485 2947 ι
508 2928 525 2944 κ
543 2916 720 2957 Antiquum
743 2917 877 2948 Junonis
889 2915 1058 2956 templum,
1075 2923 1095 2945 a
1115 2915 1194 2946 Scil-

151 2967 272 3005 luntiis,
287 2967 409 2999 colonis
423 2969 586 3009 Eleorum,
600 2969 793 3000 dedicatum.
806 2968 854 3000 lbi
867 2969 1008 3000 colossus
1020 2969 1068 2999 est
1080 2976 1196 2999 aureus

154 3017 323 3049 donarium
343 3020 469 3059 Cypseli
494 3021 664 3052 Corinthii.
683 3021 828 3053 Tradunt
847 3020 932 3052 enim
953 3020 1124 3061 Cypselum
1137 3028 1194 3051 vo-

152 3070 250 3109 visse,
269 3071 294 3102 si
308 3072 465 3102 ‚Corinthi
489 3081 620 3112 regnum
637 3073 773 3114 adeptus
796 3073 917 3113 suisset,
946 3073 1090 3104 omnium
1112 3072 1195 3104 hona

151 3123 221 3160 post
239 3121 428 3153 decennium
451 3131 484 3154 se
512 3126 774 3156 consecraturum
799 3133 886 3164 esse;
912 3132 1052 3164 eumque
1076 3123 1195 3155 exactis

151 3172 295 3204 omnium
303 3172 460 3204 bonorum
469 3174 600 3206 decimis
609 3176 765 3207 colossum
777 3176 890 3207 malleo
898 3175 1031 3207 ductum
1044 3175 1193 3206 fabrican-

153 3223 232 3256 dum
246 3233 383 3256 curasse.
401 3235 417 3251 ν
432 3225 587 3265 Didymus
606 3234 681 3257 vero
702 3227 800 3258 tradit
816 3227 972 3258 colossum
991 3236 1010 3258 a
1024 3227 1195 3258 Periandro

153 3277 274 3308 sactum
297 3284 387 3315 esse,
412 3277 447 3307 ut
468 3276 706 3308 Corinthiorum
732 3278 822 3308 luxui
842 3279 874 3309 et
896 3278 1036 3309 audaciae
1064 3278 1194 3309 modum

153 3328 294 3368 poneret.
312 3329 363 3360 Sic
379 3329 463 3360 enim
475 3329 709 3369 Theophrastus
724 3330 805 3361 libro
823 3330 961 3362 secundo
978 3333 1024 3362 De
1041 3332 1193 3371 tempori-

154 3380 213 3411 hus
225 3389 233 3411 :
245 3393 260 3407 «
276 3379 335 3411 Alii
348 3388 423 3412 vero
436 3380 602 3420 pecuniam
617 3380 649 3411 in
663 3389 713 3412 res
723 3381 820 3421 magis
831 3381 935 3413 viriles
946 3382 1144 3421 impendunt,
1160 3385 1195 3413 ut

155 3430 209 3471 qui
233 3431 391 3463 exercitus
405 3431 546 3463 educunt
559 3434 590 3463 et
611 3431 691 3463 bella
711 3432 886 3472 suscipiunt
905 3442 910 3463 :
926 3433 1194 3472 quemadmodum

922 216 1175 257 AGACLYTI
1185 246 1195 265 ,
1227 215 1549 257 AGATHOCLIS

1251 301 1369 355 “’()περ
1391 292 1557 345 Ἀπελλᾶς
1578 304 1596 339 ὃ
1617 302 1785 346 Ποντικὸς
1804 302 1894 340 οὕτω
1912 299 2131 353 προφέρεται·

1335 390 1444 426 Νάξιός
1459 391 1520 431 εἰμι
1535 390 1615 430 ἐγὼ,
1631 390 1827 430 παγχρύσεός
1840 391 1902 431 εἶμι
1916 389 2067 426 κολοσσός
2081 398 2088 406 ·

1375 437 1486 475 ἐξώλης
1502 437 1550 475 εἷη
1563 437 1742 478 Κυψελιδῶν
1755 436 1856 477 γενεά.

1306 511 1448 548 Eadem
1465 512 1615 557 Suidas,
1631 512 1698 548 ubi
1711 513 1799 547 libri
1815 523 2015 560 perperam
2028 511 2074 553 ὥς
2091 508 2296 560 Ἀγακλυτὸς

1254 569 1288 606 ἐν
1305 571 1348 620 τῇ
1365 567 1401 606 π’
1417 568 1646 619 Ὀλυμπιάδι.
1663 572 1736 607 Pro
1753 571 1798 612 ὡς
1827 570 2045 616 Bernhardy
2059 570 2203 606 mavult
2215 567 2290 606 καί.

1254 649 1304 656 ——
1328 626 1386 664 τὸν
1416 628 1513 679 Κυψ.
1545 626 1730 676 εὐξάμενον
1750 629 1827 666 κτλ.
1847 625 1862 680 ]
1891 646 1906 660 «
1930 630 2050 665 Aliter
2068 641 2148 665 rem
2167 635 2297 664 narrat

1254 687 1411 722 Aristot.
1431 687 1576 723 OEcon.
1596 688 1635 722 11
1655 689 1740 724 init.
1758 688 1852 724 Vide
1870 689 2019 736 Menag.
2046 687 2095 723 ad
2111 687 2224 735 Diog.
2247 688 2292 723 L.

1254 745 1293 788 Ι,
1313 744 1377 791 96.
1408 759 1424 776 »
1447 745 1690 792 Bernhardy.
1708 767 1759 772 —
1783 743 1908 788 Νάξιός
1929 745 2000 793 εἰμι
2021 742 2110 794 ἐγὼ]
2141 742 2212 794 εἰμὶ
2227 741 2297 793 ἐγὼ

1254 803 1301 840 Ν.
1324 803 1458 839 Suidas
1477 811 1514 839 et
1531 804 1660 849 Phot.‚
1678 805 1784 852 quod
1803 818 1904 842 corr.
1925 818 1990 842 vv.
2020 805 2086 840 dd.
2115 825 2168 831 —
2192 805 2292 852 Aga-

1255 861 1377 908 clytus
1402 861 1579 909 quidam,
1611 863 1664 898 M.
1692 863 1836 898 Aurelii
1856 863 2012 898 libertus
2026 890 2036 910 ‚
2058 874 2292 898 commemo-

1253 927 1360 954 ratur
1391 919 1494 968 apud
1518 921 1662 955 Julium
1687 920 1945 969 Capitolinum
1974 922 2013 956 in
2038 922 2138 957 Vero
2158 933 2193 958 c.
2222 931 2289 965 ιο,

1253 990 1293 1025 p.
1320 977 1395 1013 238
1412 977 1472 1013 ed.
1497 977 1686 1014 Schrevel.
2088 975 2092 979 ’

1301 1216 1796 1274 AGATHOCLES
1846 1217 2252 1277 CYZICENUS

1422 1321 1521 1358 vat
1560 1307 2035 1366 ssAssYLONlus.
2076 1302 2135 1371 (Ἴ

1582 1441 1701 1478 ΠΕΡΙ
1733 1440 1972 1478 ΚΥΖΙΚΟΥ.

1560 1538 1588 1572 Ε
1628 1537 1780 1573 LIBRO
1822 1537 1979 1574 PRIMO

1764 1631 1796 1656 1.

1308 1698 1487 1746 Stephan.
1502 1699 1590 1744 Byz.
1611 1710 1619 1732 ε
1643 1695 1823 1743 Βέσὸικος,
1836 1695 1986 1743 νησίδιον
2003 1697 2082 1749 περὶ
2100 1697 2296 1743 Κύζικον...

1257 1754 1465 1804 Ἀγαθοκλῆς
1495 1753 1529 1792 δὲ
1565 1757 1599 1792 ἐν
1638 1754 1760 1807 πρώτῃ
1794 1754 1883 1807 Περὶ
1920 1755 2069 1800 Κυζίκου
2106 1756 2209 1809 φησὶν
2247 1756 2297 1794 ὅτι

1298 1855 1338 1896 (*)
1353 1858 1496 1888 Fortasse
1509 1856 1697 1896 Agathocles
1707 1857 1881 1898 Cyzicenus
1891 1858 1938 1890 est
1947 1859 2175 1898 grammaticus
2182 1883 2191 1899 ‚
2201 1863 2298 1892 Zeno-

1261 1902 1327 1934 doti
1342 1904 1511 1944 alumnus,
1536 1904 1689 1935 Hellanici
1703 1913 1748 1943 gr.
1765 1905 1914 1944 magister
1929 1905 2084 1944 (v.suid.
2106 1908 2298 1948 Πτολεμαῖος

1255 1949 1430 1990 Ἐπιθέτης)
1441 1975 1450 1990 ,
1465 1959 1560 1990 quem
1577 1949 1686 1981 laudat
1701 1951 1846 1982 Eustath.
1863 1950 1903 1982 ad
1917 1950 2031 1991 odyss.
2044 1951 2083 1992 ε’,
2095 1956 2147 1992 68,
2157 1962 2189 1994 p.
2206 1956 2296 1993 1524,

1257 1999 1309 2036 27,
1329 1997 1402 2028 coll.
1420 2006 1448 2037 p.
1474 1999 1535 2028 994
1547 2023 1555 2036 ,
1570 1999 1630 2035 41,
1644 1997 1744 2027 schol.
1757 1996 1796 2028 ad
1811 1997 1850 2029 11.
1869 1997 1917 2035 α’,
1933 2001 1987 2029 591
2003 2008 2013 2036 ς
2027 2002 2073 2036 α’,
2089 2002 2161 2031 239.
2181 2001 2298 2031 Memo-

1256 2045 1368 2074 rantur
1377 2045 1492 2084 praeter
1501 2043 1706 2082 Agathoclem
1714 2043 1907 2083 Cyzicenum
1919 2055 1926 2074 :
1941 2047 1966 2075 1.
1978 2045 2165 2084 Agathocles
2174 2046 2299 2082 Samius

1258 2090 1289 2121 ἐν
1305 2093 1343 2131 τῇ
1363 2090 1610 2122 Πεσσινουντίων
1625 2090 1766 2131 πολιτείᾳ
1782 2089 1866 2130 apud
1892 2089 2055 2122 Plutarch.
2073 2093 2119 2123 De
2139 2091 2216 2123 fluv.
2232 2101 2258 2123 (2⁴
2276 2096 2296 2124 9

1258 2137 1348 2176 (vide
1373 2138 1484 2178 fragm.
1509 2137 1674 2176 Timolai).
1693 2142 1776 2168 —2.
1800 2137 2001 2176 Aqaelzocles
2026 2139 2202 2177 Milesius,
2221 2141 2294 2180 Περὶ

1255 2187 1416 2224 ποταμῶν.
1433 2185 1514 2216 plut.
1532 2186 1578 2216 De
1591 2184 1669 2215 ssuv,
1684 2191 1712 2214 c.
1732 2186 1786 2222 18,
1802 2187 1905 2215 3-3,
1918 2186 1956 2215 Α.
1976 2184 2098 2224 Chius,
2111 2186 2156 2217 rei
2170 2186 2297 2217 rusticae

1256 2231 1403 2272 scriptor,
1426 2240 1478 2272 ap.
1493 2233 1595 2263 Varro
1612 2233 1647 2262 R.
1664 2232 1700 2262 R.
1726 2233 1736 2261 ¹
1752 2253 1760 2268 ,
1778 2234 1788 2261 1
1804 2241 1812 2270 ;
1827 2230 1953 2262 Colum.
1972 2232 2004 2270 l,
2023 2236 2056 2270 13
2081 2224 2202 2264 Pliffius
2225 2231 2294 2264 lnd.

1258 2279 1311 2311 lib.
1332 2280 1386 2310 lV.
1405 2280 1442 2310 V.
1459 2280 1514 2310 Vl.
1534 2280 1622 2309 Vlll.
1638 2279 1676 2308 X.
1693 2279 1776 2308 XlV.
1794 2279 1863 2309 XV.
1886 2279 1987 2310 xvn.
2003 2280 2125 2318 XVlIl,
2145 2280 2176 2310 et
2194 2279 2295 2318 xxn,

1260 2332 1304 2359 12.
1320 2344 1359 2350 —
1369 2327 1400 2357 4.
1413 2327 1448 2357 Α.
1460 2326 1632 2363 Asturius,
1643 2324 1834 2355 Ἆλιευτικῶν
1845 2326 1966 2356 auctor.
1979 2324 2131 2356 Suidasv.
2144 2326 2295 2362 Κικὲλιος.

1255 2391 1294 2396 -
1309 2378 1336 2405 5.
1354 2375 1390 2404 A.
1409 2372 1439 2404 ἐν
1453 2375 1498 2412 τῷ
1514 2372 1586 2412 Περὶ
1600 2371 1729 2408 διαίτης.
1746 2370 1853 2406 schol.
1871 2370 1941 2402 Nic.
1958 2371 2051 2403 Ther.
2071 2365 2142 2403 62⁸2.
2158 2389 2196 2394 —
2211 2377 2240 2404 6.
2257 2375 2294 2404 A.

1254 2419 1455 2459 Agathoclem
1473 2418 1581 2456 frater,
1598 2414 1739 2448 amasius
1761 2417 1925 2448 Ptolemaei
1949 2417 2107 2458 Philopat.
2121 2442 2130 2457 ,
2147 2418 2292 2450 minister

1257 2467 1390 2497 Ptolem.
1421 2464 1610 2504 EpiphaniS,
1637 2463 1761 2504 scripsit
1788 2463 1828 2495 de
1857 2463 1926 2503 eJ'us
1957 2463 2109 2505 tragoedia
2142 2464 2294 2497 Adonide.

1256 2513 1365 2545 Schol.
1386 2512 1514 2543 Thesm.
1539 2516 1629 2543 1059.

1256 2611 1351 2642 etiam
1367 2610 1535 2650 Dionysius
1547 2610 1703 2650 tyrannus
1724 2609 1808 2641 fecit.
1821 2611 1851 2641 Is
1865 2609 1950 2640 enim
1975 2617 2039 2641 non
2061 2609 2163 2641 solum
2179 2609 2298 2642 alienas

1254 2663 1307 2695 sed
1325 2664 1421 2695 etiam
1435 2672 1508 2695 suas
1526 2671 1602 2702 opes
1615 2662 1850 2694 consumendas
1861 2670 1929 2694 esse
1947 2661 2091 2702 putabat,
2105 2670 2146 2693 ne
2160 2661 2238 2693 alios
2255 2660 2297 2693 ad

1256 2714 1383 2746 insidias
1405 2714 1464 2745 sibi
1486 2713 1654 2745 struendas
1678 2713 1837 2745 incitaret.
1865 2713 1954 2745 Licet
1978 2716 2087 2745 autem
2110 2713 2213 2753 colligi
2229 2714 2296 2744 tam

1257 2765 1440 2805 Pyramides
1463 2765 1495 2796 iu
1523 2766 1658 2804 AEgypto
1683 2773 1781 2804 quam
1811 2763 2052 2804 cypselidarum
2080 2763 2238 2795 colossum
2264 2765 2297 2796 et

1255 2818 1363 2849 omnia
1390 2817 1572 2856 hujusmodi
1594 2825 1691 2856 opera
1712 2817 1823 2847 eodem
1842 2817 1973 2847 consilio
1995 2816 2140 2848 confecta
2156 2815 2262 2848 ruisse.
2278 2828 2295 2843 »ι

1255 2873 1368 2903 Fertur
1384 2871 1478 2901 etiam
1492 2869 1687 2909 epigramma
1702 2868 1864 2909 quoddam
1882 2869 1915 2899 in
1929 2869 2051 2900 colosso
2068 2869 2149 2900 hoc:

1327 2933 1389 2967 lpse
1401 2937 1456 2965 ego
1469 2931 1599 2958 colossus
1615 2937 1680 2957 sum
1690 2936 1799 2969 aureus
1811 2930 1840 2956 et
1854 2929 1959 2957 malleo
1972 2928 2079 2957 ductus
2094 2939 2101 2956 ε

1360 2978 1474 3006 utinam
1485 2975 1619 3005 funditus
1632 2977 1734 3012 pereat
1747 2975 1969 3012 Cypselidarum
1980 2982 2084 3010 genus,

1264 3047 1387 3088 Apollas
1401 3047 1507 3077 autem
1531 3045 1680 3076 Ponticus
1693 3045 1885 3084 epigramma
1897 3044 1958 3075 hoc
1971 3045 2014 3076 ita
2029 3044 2148 3084 profert
2161 3058 2168 3074 .-

1324 3107 1430 3136 Naxids
1443 3114 1507 3135 sum
1518 3113 1573 3141 ego
1586 3108 1615 3134 et
1628 3108 1707 3134 totus
1717 3113 1751 3133 ex
1759 3113 1850 3133 aureo
1865 3104 2026 3134 fabricatus
2039 3105 2170 3134 colossus
2181 3115 2190 3132 ι

1360 3154 1475 3182 utinam
1495 3152 1630 3181 funditus
1647 3155 1748 3188 pereat
1761 3151 1984 3188 Cypselidarum
1998 3159 2101 3187 gemis.

1635 3244 1702 3281 DE
1721 3243 1915 3282 CYZlCO.

1766 3321 1795 3351 1.

1297 3382 1484 3423 Agathocles
1503 3382 1534 3412 in
1558 3381 1661 3422 primo
1678 3383 1723 3412 De
1744 3381 1860 3421 Cyzico
1878 3381 1959 3413 libro
1976 3359 2141 3413 Besbicum
2160 3380 2295 3412 insulam

1257 3435 1300 3466 ait
1321 3443 1400 3474 opus
1418 3442 1484 3466 esse
1501 3432 1697 3472 Proserpinae
1709 3456 1718 3471 ,
1747 3433 1843 3472 atque
1872 3441 1988 3464 nomen
2009 3432 2124 3464 habere
2139 3440 2157 3463 a
2172 3431 2296 3472 gigante
