2372 3704
121 243 194 275 616

119 381 231 434 φέρων
249 381 485 426 ἐπαιωνίζετο.
507 381 646 429 Ταύτης
662 381 726 430 μὲν
747 377 804 421 οὖν
825 384 951 428 ἐκεῖνος
971 385 1073 438 ἔτυχε
1101 389 1162 432 τῆς

121 444 178 478 τοῦ
212 439 287 492 βίου
306 443 566 493 καταστροφῆς·
589 441 646 479 ἐπὶ
666 444 708 493 τῇ
725 442 901 495 τυραννίδι
920 446 1039 493 μηνῶν
1066 445 1161 496 αὐτῷ

121 498 374 549 διαγενομένων
393 501 509 550 τριῶν.
526 498 587 538 Ἐν
602 499 712 552 τούτῳ
733 499 768 538 δὲ
783 500 842 539 καὶ
857 500 1035 554 Γιζέριχος
1048 505 1081 545 ἐς
1098 502 1161 548 τὴν

119 557 265 607 Ῥώμην
281 557 439 597 ε’σέὲαλε.

595 638 683 662 202.

171 696 268 731 Ibid.
285 709 326 744 p.
351 696 399 742 76
426 709 433 731 ε
455 692 541 733 υΟτι
559 694 694 734 Ἀἕίτου
711 695 981 746 βασιλεύσαντος
991 699 1051 742 τῆς
1069 696 1159 735 Ῥώ-

121 768 187 801 μης
201 781 210 799 ,
226 753 286 790 καὶ
305 754 407 802 λιμοῦ
436 753 526 790 κατὰ
546 752 604 791 τὸν
635 753 738 792 αὐτὸν
767 754 886 806 καιρὸν
908 754 1103 805 γενομένου,
1125 757 1159 792 ἐν

119 811 214 862 αἰτίᾳ
231 811 288 849 τὸν
308 809 446 850 Ἀὅιτον
463 814 480 848 ὁ
500 812 609 860 δῆμος
619 812 866 862 ποιησάμενος,
885 812 1064 863 ἠνάγκασε
1084 812 1160 854 τοὺς

119 871 158 907 ἐκ
179 869 353 913 Γαλατίας
374 871 468 921 αὐτῷ
486 870 803 922 συνεισφρήσαντας
826 870 1035 922 συμμάχους
1065 871 1160 909 ἀπά-

119 943 188 976 γειν
221 932 283 976 τῆς
311 928 499 978 Ῥωμαίων
523 928 668 971 πόλεως.
700 928 902 979 Ἀπέπεμπε
931 929 967 967 δὲ
998 930 1058 967 καὶ
1086 929 1160 973 τοὺς

120 987 282 1034 Γότθους,
298 986 354 1030 οὒς
373 986 429 1024 ἐπὶ
446 989 488 1035 τῆ
507 986 655 1039 σφετέρα
675 986 822 1037 ἐπήγετο
837 989 993 1039 φυλακῇ,
1013 988 1158 1039 χρημά-

118 1060 186 1082 των
204 1046 318 1088 αὔτοῒς
334 1045 570 1093 ποιησάμενος
587 1045 754 1094 διανομὴν
776 1046 816 1083 ἐκ
829 1047 898 1082 τῶν
915 1045 1091 1095 δημοσίων
1108 1046 1161 1098 ἔρ-

119 1119 203 1153 γων,
219 1109 288 1146 τοῖς
309 1104 473 1155 ἐμπόροις
483 1102 614 1155 χαλκὸν
636 1104 862 1154 ἀποδόμενος·
879 1105 917 1142 οὐ
934 1103 1000 1157 γὰρ
1018 1105 1159 1157 χρυσίον

117 1163 151 1198 ἐν
167 1167 235 1205 τοῖς
253 1163 444 1214 βασιλικοῖς
471 1161 625 1211 ταμείοις
642 1161 765 1214 ἔτυχεν
780 1162 818 1200 ὄν
834 1177 843 1185 ·
867 1161 952 1215 ὅπερ
971 1162 1048 1207 τοὺς
1066 1162 1160 1202 Ῥω-

118 1219 237 1268 μαίους
261 1219 346 1272 πρὸς
367 1220 489 1258 στάσιν
513 1220 747 1267 διανέστησεν,
768 1220 1008 1273 ἀφῃρημένους
1024 1225 1084 1260 τοῦ
1101 1225 1161 1268 τῆς

116 1277 247 1321 πόλεως
266 1278 411 1327 κόσμου.

171 1337 373 1389 Περιφανῶς
394 1335 429 1374 δὲ
446 1337 504 1374 καὶ
522 1339 539 1374 δ
559 1338 768 1390 Μαιουρῖνος
786 1338 844 1376 καὶ
859 1337 1053 1391 δῬεκίμερ
1073 1342 1159 1376 ἐπα-

116 1395 294 1443 νίσταντο,
318 1399 378 1433 τοῦ
413 1397 451 1434 ἐκ
478 1399 545 1433 τῶν
578 1395 714 1435 Γότθων
746 1398 1012 1449 ἀπηλλαγμένοι
1044 1398 1158 1449 δέους,

116 1453 204 1492 ὥστε
222 1454 339 1503 αὐτὸν,
353 1457 402 1507 πῆ
425 1454 487 1504 μὲν
507 1454 566 1498 τὰς
581 1455 764 1507 ἐμφυλίους
775 1456 950 1509 ταραχὰς,
964 1459 1014 1508 πῇ
1030 1456 1065 1494 δὲ
1080 1456 1159 1500 τοὺς

116 1515 183 1550 τῶν
204 1512 395 1559 Βανδήλων
426 1513 598 1563 πολέμους
623 1514 854 1567 ὑφοραθέντα,
880 1513 1075 1558 ὑπεξελθεῖν
1098 1518 1159 1561 τῆς

116 1569 279 1620 Ῥώμης,
299 1570 358 1608 καὶ
379 1570 518 1623 ἔχεσθαι
532 1575 591 1618 τῆς
614 1573 670 1610 ἐπὶ
689 1571 866 1611 Γαλατίαν
895 1573 989 1612 ὁδοῦ.
1016 1573 1157 1611 Ἐπιθέ·

119 1644 213 1678 μενοι
231 1629 265 1666 δὲ
284 1630 379 1682 αὐτῷ
393 1629 483 1667 κατὰ
502 1628 564 1675 τὴν
581 1629 672 1676 ὁδὸν,
693 1630 902 1683 Μαιουρῖνός
917 1646 953 1668 τε
967 1631 1028 1669 καὶ
1042 1630 1159 1670 Ῥεκί-

118 1703 196 1736 μερ,
220 1688 265 1730 εἷς
284 1686 425 1736 τέμενος
441 1691 560 1739 φυγεῖν
589 1688 875 1738 κατηνάγκασαν,
898 1689 1158 1742 ἀπαγορεύοντα

116 1748 158 1796 τῇ
185 1747 278 1798 ἀρχῇ
291 1775 300 1793 ,
331 1745 389 1782 καὶ
422 1743 484 1790 τὴν
517 1744 694 1796 βασίλειον
725 1746 988 1797 ἀποδυσάμενον
1016 1748 1156 1794 στολήν.

116 1801 228 1842 Ἔνθα
239 1805 269 1841 οἱ
285 1804 364 1855 περὶ
384 1801 441 1840 τὸν
457 1805 667 1854 Μαιουρῖνον
690 1807 729 1842 οὗ
747 1804 914 1857 πρότερον
937 1808 998 1852 τῆς
1017 1807 1160 1858 πολιορ-

116 1863 193 1905 κίας
223 1861 439 1909 ἀπέστησαν,
460 1861 540 1913 πρὶν
562 1861 584 1908 ἢ
607 1864 700 1916 λιμῷ
719 1864 871 1908 πιεσθεὶς
896 1864 954 1902 τὸν
979 1864 1052 1917 βίον
1073 1865 1161 1904 ἀπέ-

117 1924 214 1967 λιπε,
242 1921 334 1959 ὀκτὼ
368 1922 424 1958 ἐπὶ
450 1923 511 1967 τῆς
533 1921 712 1972 βασιλείας
747 1922 997 1975 διαγενομένων
1022 1927 1160 1971 μηνῶν·

117 1983 147 2018 οἱ
180 1979 217 2018 δέ
235 1995 317 2032 φασι
345 1978 397 2016 ὅτι
418 1979 606 2029 ἀπεπνίγη.
631 1980 703 2019 Καὶ
723 1985 825 2020 τοῦτο
857 1982 920 2032 μὲν
949 1982 1074 2035 Ἀὅίτῳ
1100 1987 1160 2022 τοῦ

120 2039 194 2091 βίου
208 2039 304 2081 τέλος
325 2038 385 2075 καὶ
397 2040 457 2082 τῆς
480 2038 659 2089 βασιλείας
674 2039 819 2090 ἐγένετο.

591 2141 681 2178 203.

553 2218 664 2256 ΛΕΩ
674 2219 720 2256 N.

170 2299 268 2336 Ibid.
282 2312 323 2347 p.
346 2300 393 2345 76
412 2297 515 2338 :⁰01³
531 2301 760 2351 Μαιουρῖνος,
775 2303 792 2337 ὁ
806 2302 873 2338 τῶν
885 2282 1082 2354 Ἕσπερίων
1102 2305 1161 2354 βα-

116 2354 249 2405 σιλεὺς,
269 2358 314 2399 ὡς
338 2358 433 2409 αὐτῷ
463 2359 494 2395 οἳ
515 2358 549 2394 ἐν
571 2357 727 2410 Γαλατία
748 2357 870 2397 Γότθοι
891 2359 1074 2412 σύμμαχοι
1094 2376 1158 2398 κα-

115 2412 302 2461 τέστησαν,
327 2415 386 2452 καὶ
411 2413 455 2452 τὰ
480 2419 714 2466 παροικοῦντα
741 2420 783 2467 τῆ
812 2420 933 2456 ἑαυτοῦ
956 2421 1159 2472 ἐπικρατείᾳ

117 2470 195 2518 ἔθνη
212 2471 255 2509 τὰ
273 2472 334 2521 μὲν
352 2471 463 2524 λόγοις
475 2502 485 2522 ,
503 2474 545 2510 τὰ
562 2473 597 2511 δὲ
608 2473 726 2518 ὅπλοις
742 2477 1006 2527 παρεστήσατο·
1025 2478 1083 2516 καὶ
1102 2480 1159 2517 ἐπὶ

116 2529 179 2576 τὴν
199 2530 333 2578 Λιὸύην
360 2531 420 2568 σὺν
442 2533 555 2584 πολλῇ
576 2533 766 2570 διαὸαίνειν
803 2537 965 2585 ἐπειρᾶτο
995 2537 1158 2588 δυνάμει,

911 239 1125 279 JOANNlS
1154 240 1468 280 ANTIOCHENI

119 324 174 362 θὸν
195 322 251 361 τόν
271 338 308 360 τε
343 322 462 374 νεκρὸν
483 323 668 370 διέσπασε,
703 324 823 362 καὶτὰ
845 325 934 373 μέλη
965 326 1021 364 ἐπὶ
1049 326 1160 375 κόντῳ
1192 339 1196 353 ’

1224 330 1317 373 νηῶν
1337 329 1428 381 ἀμφὶ
1443 328 1506 372 τὰς
1523 329 1552 367 τ’
1575 331 1669 383 αὐτῷ
1698 332 1951 384 ἠθροισμένων·
1975 334 2035 372 καὶ
2057 337 2113 372 ἐπὶ
2141 335 2265 382 συνθή-

1223 402 1302 430 καις
1322 388 1484 439 αἰσχραῖς
1504 388 1705 432 καταλύσας
1722 390 1780 428 τὸν
1799 392 1964 442 πόλεμον,
1986 394 2266 445 ἐπανεζεύγνυεν.

1224 442 1319 492 ’nen
1343 447 1378 484 δὲ
1398 449 1432 490 ἐς
1459 446 1524 494 τὴν
1544 448 1700 487 Ἰταλίαν
1721 450 1948 498 διαὸεὸηκότι
1979 455 1997 490 ὃ
2017 452 2181 506 Ῥεκίμερ
2201 454 2267 492 θά-

1222 517 1324 541 νατον
1344 504 1606 545 ἐπεὸούλευσεν.
1624 505 1670 545 ‘O
1689 506 1751 556 μὲν
1771 507 1838 560 γὰρ
1862 509 1939 553 τοὺς
1955 510 2162 562 συμμάχους
2178 511 2268 561 μετὰ

1223 561 1284 606 τὴν
1300 561 1466 600 ἐπάνοδον
1493 563 1735 616 ἀποπέμψας,
1772 565 1832 603 σὺν
1859 572 1930 610 τοῖς
1963 567 2099 612 οἰκείοις
2125 569 2182 607 ἐπὶ
2203 568 2267 616 τὴν

1223 619 1367 670 Ῥώμην
1390 621 1620 674 ἐπανήρχετο.
1633 623 1680 662 Οἵ
1701 623 1736 660 δὲ
1753 624 1833 675 περὶ
1850 624 1908 662 τὸν
1924 624 2113 677 Ῥεκίμερα
2136 628 2267 666 συλλα-

1223 677 1341 722 ὃόντες
1362 678 1481 726 αὐτὸν,
1497 682 1558 726 τῆς
1571 679 1773 733 ἁλουργίδος
1792 681 1852 720 καὶ
1869 686 1929 720 τοῦ
1952 683 2163 734 διαδήματος
2178 686 2266 736 ἐγύ-

1224 753 1379 788 μνωσαν,
1396 737 1535 788 πληγάς
1555 754 1592 777 τε
1622 738 1852 790 ἐντείναντες,
1881 743 1942 787 τῆς
1961 744 2112 794 κεφαλῆς
2139 744 2268 782 ἀπετέ-

1226 810 1366 845 μνοντο.
1394 798 1507 835 Τοῦτο
1528 795 1589 846 μὲν
1618 800 1668 850 τῷ
1686 798 1888 851 Μαιουρίνῳ
1903 802 1966 846 τῆς
1984 804 2043 838 τοῦ
2063 801 2138 853 βίου
2156 817 2266 840 κατα·

1225 856 1375 906 στροφῆς
1393 853 1523 904 γίνεται
1543 854 1581 893 τὸ
1605 853 1713 899 τέλος.

1703 943 1790 981 ’·ο4.

1275 1005 1375 1043 Ibid.
1396 1019 1434 1054 p.
1449 1018 1496 1052 77
1517 1019 1525 1041 :
1546 1003 1631 1044 ‘'O-ct
1652 1007 1669 1042 ὁ
1682 1004 1860 1058 Γιζέριχος
1873 1006 2011 1058 ἐπόρθει
2027 1007 2089 1050 τὰς
2101 1007 2266 1059 Ἰταλίας,

1225 1061 1432 1112 βουλόμενος
1454 1063 1660 1114 βασιλεῦσαι
1678 1065 1747 1101 τῶν
1777 1062 1974 1115 Ἑσπερίων
2004 1064 2191 1118 Ὀλύὸριον
2207 1067 2263 1105 διὰ

1225 1120 1286 1166 τὴν
1308 1119 1342 1164 ἐξ
1362 1120 1551 1171 ἐπιγαμίας
1570 1121 1786 1173 συγγένειαν.
1802 1123 1880 1160 Οὐκ
1891 1124 2040 1161 ἐποιεῖτο
2057 1123 2092 1161 δὲ
2103 1128 2264 1178 προφανῆ

1221 1182 1281 1216 τοῦ
1311 1179 1466 1229 πολέμου
1493 1179 1624 1229 αἰτίαν,
1645 1180 1684 1218 τὸ
1709 1179 1757 1230 μὴ
1782 1180 1840 1219 τὸν
1866 1180 2052 1234 Ὀλύὸριον
2079 1183 2115 1226 ἐς
2141 1183 2184 1220 τὰ
2202 1186 2265 1231 τῆς

1228 1236 1420 1289 Ἑσπερίας
1441 1237 1604 1285 διαὸῆναι
1628 1238 1787 1289 βασίλεια
1799 1269 1810 1289 ,
1823 1238 1914 1278 ἀλλὰ
1934 1240 1972 1277 τὸ
1989 1239 2038 1290 μὴ
2052 1240 2114 1287 τὴν
2133 1243 2266 1280 Βαλεν-

1221 1299 1372 1333 τινιανοῧ
1385 1296 1444 1334 καὶ
1456 1296 1586 1335 Ἀετίου
1598 1297 1755 1336 δεδόσθαι
1770 1298 1865 1350 αὐτῷ
1876 1299 2096 1350 περιουσίαν,
2112 1299 2175 1346 τὴν
2191 1300 2267 1352 μὲν,

1221 1353 1365 1404 ὀνόματι
1381 1354 1570 1402 Εὐδοκίας,
1587 1355 1628 1402 ἣν
1649 1357 1667 1392 ὃ
1685 1355 1808 1393 τούτου
1834 1357 1917 1399 παῖς
1941 1350 2034 1408 εἶχε,
2054 1356 2118 1404 τὴν
2147 1358 2196 1406 δὲ,
2213 1361 2262 1402 ὡς

1221 1411 1428 1452 Γαυδεντίου
1448 1412 1571 1456 παιδὸς
1592 1413 1767 1464 διάγοντος
1781 1413 1864 1465 παρ’
1881 1415 1989 1466 αὐτῷ.

1699 1502 1790 1541 205.

1275 1574 1376 1611 Ibid.
1392 1586 1431 1621 p.
1456 1586 1501 1619 77
1525 1587 1534 1608 ε
1554 1570 1641 1610 εὈτι
1661 1571 1718 1609 ἐπὶ
1749 1571 1929 1622 Ἀνθεμίου
1950 1571 2009 1610 καὶ
2026 1572 2172 1616 Λέοντος
2196 1575 2266 1611 τῶν

1226 1629 1399 1682 βασιλέων
1433 1628 1606 1673 Οὔλλιὸος
1640 1630 1706 1668 ὑπὸ
1741 1629 1952 1682 Ἀναγάστου
1986 1631 2134 1682 ἀνῃρέθη
2169 1630 2262 1669 κατὰ

1221 1689 1283 1734 τὴν
1305 1686 1463 1741 Θρᾴκην,
1482 1685 1671 1739 ἀμφότεροι
1689 1691 1748 1726 τοῦ
1767 1690 1938 1728 Σκυθικοῦ
1961 1688 2094 1739 γένους,
2107 1688 2166 1726 καὶ
2179 1688 2266 1741 πρὸς

1220 1746 1259 1784 τὸ
1279 1745 1487 1798 νεωτερίζειν
1503 1745 1701 1792 ἐπιτήδειοι.

1699 1826 1788 1862 206.
1821 1857 1825 1860 .

1275 1896 1375 1933 Ibid.
1398 1908 1435 1942 p.
1459 1908 1505 1941 77
1524 1893 1628 1932 :⁰07n
1642 1895 1709 1931 τῶν
1721 1893 1891 1946 Ἰσαύρων
1906 1895 1941 1932 ἐν
1955 1896 1998 1945 τῇ
2015 1893 2159 1933 Ῥοδίων
2170 1894 2267 1945 νήσῳ

1223 1952 1307 2005 πρὸς
1325 1950 1487 2003 ἁρπαγὴν
1505 1951 1707 2004 τραπέντων
1734 1952 1794 1990 καὶ
1814 1951 1935 2004 φόνους
1954 1951 2215 2004 ἐργασαμένων,
2235 1954 2267 1990 οἱ

1225 2010 1586 2064 στρατιῶταιτούτους
1604 2010 1868 2062 διεχειρίσαντο.
1897 2009 1970 2050 Καὶ
1993 2012 2024 2049 οἳ
2041 2009 2104 2061 μὲν
2123 2011 2182 2048 ἐπὶ
2204 2009 2266 2053 τὰς

1221 2073 1304 2113 ναῦς
1323 2068 1486 2120 φυγόντες
1513 2068 1568 2107 ἐπὶ
1591 2067 1654 2115 τὴν
1674 2069 1941 2107 Κωνσταντίνου
1959 2067 2035 2118 ἅμα
2054 2068 2190 2116 Ζήνωνι
2213 2070 2266 2121 τῷ

1226 2127 1283 2165 ἐπὶ
1296 2127 1439 2179 θυγατρὶ
1454 2131 1513 2166 τοῦ
1537 2127 1705 2180 βασιλέως
1727 2127 1881 2181 γαμόρῷ
1895 2127 2190 2179 παραγενόμενοι,
2205 2126 2266 2166 καὶ

1223 2185 1301 2230 τοὺς
1316 2186 1378 2232 τὴν
1399 2185 1527 2239 ἀγορὰν
1539 2186 1762 2238 προτιθέντας
1775 2186 2068 2239 διαθορυὸοῦντες,
2088 2186 2146 2224 τὸν
2157 2187 2267 2236 δῆμον

1222 2246 1269 2288 εἷς
1290 2244 1485 2288 λιθοὸολίας
1501 2243 1743 2291 διανέστησαν.
1765 2244 1960 2298 Ἐμφυλίου
1981 2243 2016 2282 δὲ
2036 2247 2190 2283 ἐντεῦθεν
2208 2260 2265 2282 κι-

1222 2303 1379 2350 νηθέντος
1397 2302 1567 2354 πολέμου,
1579 2302 1637 2348 νὺξ
1652 2304 1867 2341 ἐπιλαὸοῦσα
1882 2302 1944 2349 τὴν
1960 2302 2078 2340 στάσιν
2093 2302 2263 2342 διέλυσεν.

1276 2376 1306 2401 2.
1343 2362 1414 2402 Καὶ
1437 2362 1529 2400 κατὰ
1542 2365 1662 2400 τοῦτον
1685 2362 1743 2400 τὸν
1762 2362 1885 2414 χρόνον
1900 2362 2136 2412 Ἀναγάστης,
2158 2364 2176 2398 ὃ
2196 2364 2265 2399 τῶν

1221 2421 1390 2474 Θρᾳκίων
1408 2423 1516 2459 τελῶν
1527 2420 1692 2473 ἔξαρχος,
1705 2420 1789 2473 πρὸς
1799 2420 1837 2458 τὸ
1850 2420 2060 2473 νεωτερίζειν
2076 2419 2202 2472 ἀρθεὶς,
2222 2420 2266 2457 τὰ

1221 2479 1410 2530 Ῥωμαίων
1443 2479 1606 2532 ἐπέτρεχε
1640 2478 1798 2532 φρούρια.
1865 2478 1970 2517 Αἷτία
2005 2477 2042 2515 δὲ
2071 2481 2133 2526 τῆς
2157 2479 2264 2530 aba-op

1222 2539 1386 2591 διαφορᾶς
1406 2539 1562 2589 ἐλέγετο,
1592 2541 1638 2581 ὡς
1657 2537 1832 2589 Ἰορδάνου
1856 2541 1915 2576 τοῦ
1941 2536 2101 2575 Ἰωάννου
2122 2536 2264 2587 παιδὸς,

157 2644 207 2674 Fr.
234 2647 304 2674 202.
326 2645 713 2686 συνεισφρήσαντας]
735 2646 756 2676 i.
775 2655 804 2678 e.
823 2648 1084 2684 συνεισελθὸντας.
1111 2650 1158 2681 Cf.
1180 2650 1295 2682 suidas
1312 2659 1345 2681 v.
1364 2651 1565 2691 εἰσφρήσωσι.
1586 2650 1696 2691 Steph.
1721 2651 1814 2683 Thes.
1845 2659 1876 2682 v.
1898 2651 2039 2691 εἶσφρέω.
2057 2666 2099 2673 -
2119 2651 2267 2682 ceterum

115 2698 188 2730 quae
206 2690 258 2721 mc
274 2690 313 2722 de
329 2691 424 2722 Avito
437 2692 620 2731 traduntur,
637 2693 764 2725 aliunde
777 2702 842 2725 non
859 2696 936 2726 nota
952 2697 1038 2727 sunt.

157 2739 209 2768 Fr.
232 2741 304 2768 203.
324 2739 505 2774 Quemnam
531 2741 695 2771 auctorem
711 2742 852 2773 ,Ioannes
877 2741 908 2772 in
926 2742 985 2772 hac
1002 2742 1205 2774 historiarum
1223 2745 1313 2783 parte
1334 2744 1463 2776 secutus
1484 2744 1541 2784 sit,
1564 2744 1733 2784 hucusque
1749 2753 1814 2776 non
1831 2743 1908 2775 satis
1925 2743 2019 2774 firmo
2042 2742 2164 2782 judicio
2179 2751 2264 2774 asse-

115 2792 228 2815 verare
246 2783 370 2815 licebat.
395 2786 464 2816 Prae
481 2787 594 2816 ceteris
612 2788 720 2818 tamen
738 2795 772 2818 se
790 2788 1016 2820 commendare
1034 2789 1199 2821 videbatur
1218 2790 1359 2830 Priscus,
1384 2791 1424 2822 ad
1443 2800 1540 2831 quem
1561 2791 1592 2823 in
1609 2791 1776 2823 antecedd.
1804 2790 1998 2830 saepiusjam
2015 2790 2167 2822 lectorem
2184 2789 2264 2820 rele-

114 2831 270 2869 gavimus,
293 2832 337 2861 Ac
355 2839 464 2862 revera
482 2832 626 2864 Priscum
647 2833 737 2864 illum
751 2843 769 2865 a
785 2835 900 2866 Nostro
919 2835 1053 2876 exprimi
1075 2836 1324 2868 luculentissime
1343 2838 1441 2869 hocce
1457 2837 1616 2869 indicatur
1630 2839 1700 2869 loco
1712 2862 1720 2876 ‚
1742 2837 1859 2877 quippe
1875 2836 1968 2875 cujus
1986 2836 2121 2875 primam
2142 2837 2264 2876 partem

117 2886 217 2917 usque
229 2877 269 2908 ad
286 2877 383 2908 verba
404 2878 614 2920 ἠθροισμένων
633 2881 824 2913 verbotenus
840 2882 975 2914 eandem
993 2883 1147 2915 habemus
1162 2883 1195 2914 in
1217 2883 1315 2915 Prisci
1333 2884 1444 2923 fragm.
1465 2887 1519 2924 27,
1537 2893 1606 2925 pag.
1631 2888 1698 2917 10³.
1719 2886 1785 2916 Nec
1806 2883 1942 2914 dubium
1959 2884 2005 2914 est
2021 2883 2118 2914 etiam
2134 2890 2172 2914 ea
2190 2891 2266 2921 quoe

118 2926 297 2964 sequuntur
318 2925 402 2964 apud
419 2927 577 2958 Joannem
600 2927 712 2959 eodem
729 2929 824 2960 modu
841 2938 858 2961 e
876 2930 980 2961 Prisco
997 2930 1154 2970 exscripta
1169 2939 1246 2962 esse.
1270 2949 1310 2956 —
1327 2930 1449 2971 νηῶν]
1465 2935 1559 2963 νικῶν
1577 2931 1649 2963 cod.
1664 2951 1705 2958 --
1721 2928 2089 2970 συνηθροισμένων]
2106 2930 2179 2960 l‘ost
2196 2928 2266 2960 haec

114 2972 216 3004 muita
237 2971 278 3003 ab
293 2973 479 3012 excerptore
491 2974 607 3005 omissa
625 2983 692 3006 esse
707 2979 820 3015 sponte
835 2977 1032 3017 intelligitur.
1057 2980 1180 3009 Partem
1196 2986 1308 3009 eorum
1327 2977 1470 3017 praebent
1488 2978 1583 3009 Prisci
1602 2979 1639 3009 tr.
1656 2981 1706 3009 27.
1724 2981 1762 3008 28
1777 2979 1807 3008 et
1822 2980 1873 3007 29.

155 3019 208 3050 Fr.
233 3019 304 3049 204.
325 3018 433 3050 Prima
449 3019 544 3059 hujus
561 3020 599 3051 fr.
625 3021 723 3052 verba
739 3022 912 3054 concinunt
928 3032 1002 3054 cum
1026 3023 1131 3055 verbis
1152 3024 1319 3063 postremis
1335 3025 1366 3055 in
1391 3024 1487 3055 Prisci
1506 3026 1682 3064 fragmento
1706 3029 1757 3062 29,
1783 3032 1814 3063 p.
1837 3025 1917 3054 104:
1942 3022 2019 3053 ἀλλὰ
2037 3022 2153 3062 μᾶλλον
2169 3021 2266 3058 αὐτὰς

116 3064 190 3103 (τὰς
205 3064 336 3100 Ἰταλίας
351 3066 403 3096 καὶ
419 3067 474 3104 τὴν
489 3067 650 3107 Σικελίαν)
668 3068 838 3109 ἐξεπόρθει,
861 3071 938 3110 μετὰ
954 3071 1005 3102 τὸν
1028 3071 1217 3111 Μαιοριανὸν
1233 3072 1388 3111 βουληθεὶς
1410 3071 1582 3111 βασιλεύειν
1598 3075 1659 3101 τῶν
1682 3071 1713 3101 ἐν
1732 3074 1770 3111 τῇ
1787 3070 1904 3110 ἑσπέρᾳ
1924 3069 2090 3108 Ῥωμαίων
2107 3067 2266 3109 Ὀλύὸριον

114 3110 165 3141 διὰ
180 3111 235 3148 τήν
252 3110 282 3146 ἐξ
297 3110 464 3151 ἐπιγαμίας
479 3114 669 3153 συγγένειαν.

156 3158 209 3188 Fr.
234 3161 305 3188 205.
326 3157 542 3200 Οῠλλιὸος]
566 3168 681 3190 nomen
700 3162 810 3200 procul
827 3161 924 3193 dubio
941 3164 1140 3203 corruptum.
1161 3165 1330 3204 Anagastes
1353 3164 1639 3196 interfecitAltilw
1657 3163 1757 3194 lilium
1786 3164 1930 3203 Δεγγιζὶχ
1955 3162 2004 3193 vel
2035 3162 2190 3193 Dinziric
2213 3160 2264 3192 vel

120 3205 238 3235 Dine-io
256 3204 309 3244 (v.
327 3205 446 3236 chron.
463 3206 554 3237 Alex.
571 3215 601 3245 p.
621 3210 692 3246 743,
708 3208 782 3239 coll.
803 3208 907 3239 Prisco
925 3210 963 3240 fr.
982 3213 1033 3241 38.
1047 3209 1228 3242 ΤίΙΙεηιοηῐ.
1243 3214 1285 3244 Vl
1301 3221 1332 3252 p.
1348 3215 1403 3244 391
1420 3213 1442 3251 ).
1460 3214 1495 3243 ln
1511 3211 1603 3243 codd.
1618 3212 1750 3243 Joannis
1763 3211 1839 3242 olim
1853 3211 1947 3242 fuisse
1962 3209 2088 3240 videtur
2103 3209 2261 3244 Θύννικος.

115 3271 155 3277 -
169 3251 357 3292 ἀμφότεροι]
376 3252 472 3292 {gitur
485 3252 524 3284 de
540 3252 666 3284 duobus
683 3255 874 3286 Hunnorum
891 3255 1028 3287 ducibus
1043 3257 1073 3286 in
1088 3258 1210 3288 Joanne
1226 3266 1331 3290 sermo
1348 3259 1416 3290 t'uit.
1435 3258 1534 3296 Alter,
1549 3258 1642 3296 cujus
1655 3257 1848 3288 mentionem
1864 3259 2034 3295 excerptor
2050 3254 2175 3292 omisit,
2194 3263 2263 3293 pro·

116 3299 262 3330 habiliter
275 3302 323 3331 est
337 3300 384 3330 vel
416 3302 566 3338 Hernac,
595 3300 691 3332 frater
707 3303 870 3343 Dengizic‚
897 3304 945 3335 vel
975 3304 1199 3344 Hormisdac,
1217 3314 1312 3345 quem
1328 3306 1442 3338 eodem
1467 3305 1531 3337 tere
1559 3306 1703 3345 tempore
1718 3304 1906 3336 Anthemius
1925 3302 1965 3333 ad
1991 3304 2128 3333 mortem
2159 3300 2265 3341 adegit

117 3349 178 3386 (V.
193 3346 374 3378 Tillemont.
390 3355 420 3386 p.
437 3347 527 3385 391).

160 3395 210 3425 Fr.
231 3398 300 3426 206.
320 3392 338 3433 ξ
362 3397 386 3426 1,
408 3395 483 3426 llaec
499 3394 628 3426 aliunde
648 3404 710 3426 non
728 3397 885 3428 novimus.
912 3401 1090 3430 tinnierunt
1109 3399 1191 3431 circu
1209 3409 1258 3430 an.
1283 3402 1342 3432 400
1358 3400 1407 3431 vel
1436 3402 1504 3431 470.
1527 3399 1677 3438 Numqui
1703 3399 1734 3430 iu
1753 3407 1841 3438 seqq.
1868 3399 2062 3430 memoratur
2088 3394 2264 3432 soniam,

117 3443 246 3473 Joannis
259 3441 393 3472 Vandali
409 3442 429 3473 t'.
441 3466 449 3481 ‚
465 3443 573 3473 consul
591 3442 648 3474 l'uil
666 3452 715 3473 nn.
732 3446 802 3475 1‘170.
