2372 3704
441 217 446 225 .
485 180 774 223 DIOPHANTI
805 179 1200 231 LACEDAEMONll,
1232 180 1349 220 AELll
1379 181 1453 221 Dll
1481 182 1811 223 FRAGMENTA.

339 286 588 326 HONTIKAI
616 285 855 325 ῙΣΤΟΡΙΑΙ.

576 387 610 411 ι.

125 457 252 496 Schol.
277 457 406 506 Apoll.
429 457 505 493 Rh.
527 457 608 501 III,
628 461 703 500 242
728 468 736 491 :
759 453 933 507 Διοφάνης
953 455 965 504 (
983 455 1008 491 l.
1038 451 1120 492 Διό-

72 515 223 568 φαντος)
260 514 295 551 ἐν
323 516 367 567 τῇ
387 511 420 551 α’
436 514 504 551 τῶν
529 514 710 552 Ποντικῶν
735 514 897 565 ἱστοριῶν
929 510 1115 559 Ἀντιόπην

71 572 176 627 φησὶν
210 571 343 619 Αἰήτου
375 570 525 624 μητέρα.
565 573 667 623 Προγ
675 570 852 624 ενέστερον
883 570 920 608 δέ
947 585 1032 623 φασι
1061 569 1120 609 τὸν

70 631 240 685 Ἄψυρτον
248 630 407 679 Μηδείας
416 630 575 682 γενέσθαι
587 629 621 675 ἐξ
629 630 726 669 Ἀστε
732 629 864 682 ροδείης
872 632 934 676 τῆς
944 628 1119 668 Ὠκεανοῦ

5 695 11 699 ”
71 691 132 730 καὶ
150 689 286 736 Τηθύος
319 688 499 741 θυγατρός.
518 691 662 727 Eadem
680 690 854 727 Eudocia
881 702 921 738 p.
947 689 991 726 31
1007 716 1018 735 ‚
1047 689 1120 726 nisi

71 750 175 799 quod
191 750 333 786 omittit
341 761 477 786 vocem
487 762 572 801 φασι
583 762 593 795 ;
607 749 704 785 adeo
717 756 760 785 ut
770 755 960 798 postrema
967 760 1121 797 quoque

68 809 291 858 Diophanto
311 807 536 844 vindicanda
551 807 691 846 forent.

575 888 613 912 2.

122 952 301 1002 Stephan.
330 953 421 1000 Byz.
451 965 461 988 ε
490 949 710 998 Αιὸυστῖνοι,
739 949 831 994 ἔθνος
863 949 1119 1003 παρακείμενον

71 1010 243 1063 Κόλχοις,
263 1012 309 1054 ὣς
328 1009 518 1062 Διόφαντος
542 1011 581 1050 ἐν,
601 1011 799 1053 Πολιτικοῖς
819 1010 870 1061 (l.
889 1010 1073 1054 Ποντικοῖς
1088 1010 1116 1062 ).

575 1079 613 1116 3.

122 1157 255 1194 Idem:
276 1152 403 1202 Ἄὸιοι,
424 1153 518 1198 ἔθνος
538 1153 758 1195 Σκυθικόν...
781 1152 1002 1204 Ἀλέξανδρος
1018 1155 1052 1192 ἓν
1067 1154 1118 1206 τῷ

71 1213 161 1266 Περὶ
177 1213 339 1258 Εὐξείνου
363 1213 500 1253 Πόντου
512 1245 521 1262 ,
535 1215 582 1257 ὡς
608 1212 798 1267 Διόφαντος
808 1242 819 1263 ,
840 1206 937 1251 εἶπεν
953 1211 1045 1251 οὕτω
1060 1212 1115 1250 λέ-

2 1319 7 1325 *
68 1277 191 1324 γεσθαι
210 1270 334 1316 αὐτοὺς
362 1271 419 1311 διὰ
438 1271 477 1310 τὸ
495 1272 553 1310 τὸν
573 1271 732 1310 Ἀὅιανὸν
751 1270 910 1321 ποταμὸν
925 1271 1115 1310 κατοικεῖν.

68 1334 344 1370 Westermann.
365 1344 385 1368 e
398 1331 484 1367 cod.
507 1331 671 1381 Rhedig.
708 1329 948 1380 interpunxit
965 1330 1010 1371 ὡς
1035 1328 1116 1367 Διό-

69 1404 194 1443 φαντος
212 1382 319 1428 εἶπεν.
345 1389 461 1437 Quod
476 1389 565 1425 ferri
582 1390 729 1438 nequit.
752 1387 819 1431 Ὧς
834 1389 878 1427 Δ.
899 1387 1088 1438 significat
1105 1400 1115 1426 ε

68 1450 203 1487 eodem
211 1448 328 1484 modo
343 1460 420 1496 quo
429 1449 668 1496 Diophantus
681 1446 693 1496 (
708 1449 847 1497 quippe
858 1460 972 1495 quem
985 1454 1116 1484 testem

67 1509 196 1545 citavit
223 1508 332 1543 Alex.
367 1506 584 1554 Polyhistor
598 1506 625 1556 ).
663 1507 843 1542 Similiter
874 1507 1018 1542 dictum
1052 1519 1112 1555 ap.

66 1567 243 1616 Stephan.
274 1578 312 1604 V.
343 1559 511 1603 Χαλκεῖα
535 1577 543 1600 :
567 1562 611 1602 Ὁ
643 1561 851 1616 Πολυΐστωρ
879 1564 914 1601 ἓν
950 1562 1113 1602 Αιὸυκων

64 1624 195 1699 τρίτῳ,
225 1625 271 1666 ὡς
293 1620 536 1673 Δημοσθένης,
565 1614 594 1674 ᾧ
630 1620 851 1674 μεμφόμενος
881 1620 1110 1665 Πολύὸιος...

65 1677 132 1722 ωδε
150 1681 276 1735 γράφει
291 1681 370 1720 κτλ.

306 1789 325 1809 0
500 1786 673 1800 -—-0-·—

109 1862 1066 2003 DlOPHANTngUISJACEDAEMO-

488 1973 510 2001 J.
665 1988 676 2000 .

247 2060 628 2107 ANTIQUITATUM
655 2060 791 2096 LIBRI
818 2059 922 2097 XIV.

571 2158 605 2183 1.

113 2209 327 2258 Fulgentius
345 2209 505 2257 Mythol.
524 2210 543 2245 1
555 2236 567 2258 ,
589 2222 604 2245 1
623 2219 633 2247 :
652 2209 903 2258 Diophantus,
924 2212 1110 2247 Lacedoe-

60 2281 207 2305 monum
235 2275 371 2312 auctor,
414 2268 525 2304 libros
545 2271 692 2317 scripsit
704 2270 973 2318 Antiquitatum
996 2278 1108 2318 quat-

60 2328 272 2370 tuordecim,
305 2329 342 2361 in
368 2326 497 2374 quibus
520 2329 578 2361 ait
604 2327 864 2375 Syrophanem
889 2331 1107 2377 AEgyptium

50 2384 217 2432 familia
230 2386 510 2433 substantiaque
524 2386 739 2434 locupletem
751 2414 761 2431 ‚
770 2387 899 2434 filium
911 2391 1100 2434 genuisse,

58 2456 164 2492 quem
173 2445 294 2480 voluit
302 2446 460 2479 enormis
470 2443 688 2479 substantioe
697 2457 947 2489 successorem,
967 2444 1108 2492 ineffa-

60 2503 146 2546 bili,
170 2504 270 2537 ultra
288 2515 398 2550 quam
411 2505 623 2550 paternitas
637 2504 831 2550 exigebat,
855 2502 1001 2550 affectu
1017 2516 1108 2553 erga

52 2561 178 2608 filium
194 2562 374 2596 deditum.
392 2563 505 2608 Isque
525 2562 612 2596 dum
627 2560 968 2608 adversisfortunoe
985 2565 1106 2597 incur-

57 2620 158 2655 sibus
191 2626 398 2667 raperetur,
425 2622 536 2667 patri
564 2621 713 2655 crudele
738 2624 904 2667 geminoe
943 2621 1108 2656 orbitatis

57 2678 261 2725 dereliquit
290 2678 448 2726 elogium
479 2688 489 2715 ε
522 2686 564 2713 ut
579 2686 616 2713 et
635 2682 864 2726 posteritatis
883 2681 1107 2728 perpetuale

56 2733 286 2788 suffragium
314 2737 537 2783 denegasset
559 2745 599 2772 et
608 2737 825 2773 substantioe
838 2739 1105 2788 propagandae

56 2794 215 2830 subitam
233 2797 532 2843 interceptionem
546 2796 733 2842 objiceret.
751 2797 853 2843 Quid
867 2795 1102 2844 igiturface—

308 2938 558 2996 PormcAE'
572 2957 843 2998 HISTORIAE.

564 3060 596 3092 1.

96 3123 296 3165 Diophantus
310 3125 344 3158 in
363 3127 468 3168 primo
498 3127 705 3161 Ponticarum
721 3128 928 3161 historiarum
946 3130 1103 3171 Antiopen

56 3176 155 3210 AEetae
168 3179 305 3211 matrem
321 3179 411 3212 dicit.
473 3181 482 3183 “

557 3253 593 3285 2.

54 3363 80 3396 P
95 3313 248 3397 Lithystini
263 3326 278 3356 ,-
294 3324 372 3357 gens
394 3316 522 3350 Colchis
542 3317 677 3350 finitima
689 3342 699 3359 ,
722 3319 759 3352 ut
778 3318 979 3360 Diophantus
1005 3320 1050 3352 ait
1069 3320 1101 3352 in

81 3371 122 3396 on
138 3373 203 3397 icis.

2154 196 2227 230 397

1189 277 1263 314 ret,
1308 278 1377 305 aut
1396 268 1586 316 soecunda
1610 275 1825 321 paternitas
1855 276 1891 308 in
1927 276 2118 313 sterilitate
2153 279 2229 316 da-
2261 290 2270 296 ·

1184 334 1330 371 mnata,
1351 335 1418 362 aut
1435 326 1532 367 felix
1546 329 1753 364 substantia
1772 333 1811 365 in
1831 335 2054 369 successione
2068 339 2230 373 curata?

1182 386 1324 421 Parum
1353 393 1436 422 erat
1459 399 1533 422 non
1551 387 1689 422 habere
1717 390 1818 435 quod
1842 389 1995 436 habuit,
2017 396 2088 428 nisi
2114 399 2230 432 etiam

1182 452 1294 488 esset,
1312 447 1376 492 qui
1389 442 1571 480 obtineret
1587 446 1686 493 quod
1710 447 1867 494 reliquit.
1900 449 2067 497 Denique
2093 453 2231 490 doloris

1182 506 1378 550 angustia,
1412 516 1498 552 qua·
1525 516 1673 552 semper
1700 507 1856 552 inquirit
1879 512 2108 544 necessitatis
2125 514 2230 548 sola-

1183 564 1294 607 tiam,
1322 562 1406 610 filii
1443 562 1516 598 sibi
1547 563 1788 599 simulacrum
1826 567 1864 599 in
1891 566 2035 602 cedibus
2063 571 2228 607 instituit.

1183 621 1354 668 Dumque
1387 623 1544 657 tristitioe
1565 622 1769 657 remedium
1802 626 1954 671 quoerit,
1991 629 2231 665 seminarium

1177 680 1454 727 potius,doloris
1478 682 1632 724 invenit,
1659 684 1824 716 nesciens
1843 683 1943 729 quod
1954 684 2036 719 sola
2053 688 2102 720 sit
2115 688 2231 722 medi-

1181 739 1267 772 cina
1293 741 1525 774 miseriarum
1548 739 1694 776 oblivio.
1715 740 1874 775 Fecerat
1899 744 1998 777 enim
2016 744 2095 787 ille,
2134 747 2233 782 unde

1184 796 1300 831 luctus
1314 800 1598 834 resurrectiones
1622 800 1659 832 in
1674 798 1756 833 dies
1775 802 1990 847 acquireret,
2014 814 2088 837 non
2105 805 2144 837 in
2162 816 2232 852 quo

1182 855 1298 890 luctus
1309 856 1484 891 solatium
1500 859 1693 900 inveniret,
1718 863 1793 892 etc.

1444 949 1510 986 DE
1538 950 1706 987 SACRIS
1734 950 1962 990 DEORUM.

1234 1028 1454 1079 Fulgentius
1482 1033 1578 1069 Voc.
1600 1032 1719 1079 antiq.
1752 1032 1911 1080 interpr.
1937 1045 1974 1071 v.
1995 1032 2224 1080 nefrendes:

1181 1089 1413 1137 Diophantus
1439 1091 1755 1134 Lacedoemonias,
1789 1095 1852 1139 qui
1869 1093 1925 1127 De
1948 1096 2068 1128 sacris
2079 1095 2229 1132 deorum

1178 1150 1343 1196 scripsit,
1369 1151 1443 1193 ait,
1465 1150 1570 1196 apud
1581 1147 1804 1198 Athenas(?)
1828 1150 1950 1185 Marti
1974 1153 2094 1188 solere
2106 1159 2229 1191 sacri-

1175 1205 1289 1251 ficari
1314 1218 1480 1251 sacrum,
1509 1207 1608 1254 quod
1626 1205 1886 1258 Ἑκατομφόνια
1918 1212 2158 1258 appellatur,·
2194 1217 2228 1250 si

1179 1266 1261 1311 quis
1289 1267 1390 1299 enim
1418 1272 1564 1300 centum
1594 1266 1717 1301 lzos'tes
1747 1264 2008 1312 interfecisset,
2041 1269 2167 1307 Marti
2181 1273 2229 1308 de

1177 1321 1329 1357 homine
1347 1322 1583 1368 sacrificabat
1605 1325 1710 1371 apud
1729 1325 1891 1362 insulam
1918 1328 2117 1373 Lemnum,
2157 1336 2228 1366 etc.

1181 1378 1249 1428 (v.
1271 1380 1407 1428 fragm.
1430 1393 1454 1429 9
1475 1381 1668 1418 Sosicratis
1684 1381 1712 1430 ).
1740 1382 1797 1420 Cf.
1828 1384 1985 1419 Pausan.
2015 1390 2052 1430 4,
2096 1399 2158 1436 19,
2183 1388 2226 1434 33

1176 1439 1368 1474 Plutarch.
1389 1440 1505 1477 Rom.
1524 1452 1558 1478 c.
1577 1438 1800 1486 253M0ra1.
1822 1454 1864 1491 p.
1893 1441 1982 1492 159,
2005 1445 2049 1481 E.
2073 1446 2163 1494 660,
2180 1448 2224 1484 F.

1176 1496 1344 1544 Polyaen.
1370 1498 1427 1544 ΙΙ,
1444 1498 1480 1544 3,
1500 1510 1538 1533 2.

1615 1606 1787 1619 —w-

1477 1707 1708 1765 AELIUS
1745 1709 1929 1768 DIUS.
1973 1782 1976 1784 Α

1227 1823 1383 1859 Photius
1409 1824 1509 1860 Bibl.
1533 1826 1621 1862 cod.
1649 1826 1738 1872 161,
1757 1840 1799 1876 p.
1824 1833 1918 1875 104,
1942 1842 1982 1874 α,
2012 1843 2080 1877 12,
2101 1832 2226 1882 Sopa-

1173 1888 1273 1917 trum
1287 1882 1380 1918 dicit
1390 1884 1617 1932 Eclogarum
1631 1885 1772 1921 librum
1788 1895 1933 1923 sextum
1946 1892 2227 1928 consarcinasse

1173 1947 1252 1976 tum
1269 1953 1315 1976 ex
1333 1942 1416 1976 aliis
1436 1943 1688 1991 scriptoribus
1708 1951 1789 1980 tum
1805 1945 1844 1981 ἐκ
1862 1946 1931 1982 τῶν
1950 1947 2099 1985 Αἰλίου
2122 1948 2226 1987 Δίου

1175 1997 1293 2056 Περι
1300 1997 1631 2058 Ἀλεξανδρείας
1652 2015 1711 2037 και
1729 2002 1768 2038 ἐκ
1784 2004 1852 2039 τῶν
1872 2004 2125 2054 Αἰγυπτιακῶν
2146 2006 2227 2046 Ἑλ-

1171 2042 1334 2102 λανίκου,
1354 2056 1401 2093 δι’
1420 2060 1467 2094 ὧν
1489 2057 1618 2107 μυθικὰ
1636 2059 1695 2096 καὶ
1715 2061 1949 2110 πλασματικὰ
1966 2063 2080 2102 πολλὰ
2100 2065 2226 2104 συλλέ-

1172 2115 1231 2158 ξας
1258 2114 1318 2152 ’καὶ
1347 2114 1529 2168 διάφορα
1516 2115 1617 2167 ε’τερα
1639 2118 1687 2160 εἷς
1720 2117 1758 2156 τὸ
1783 2119 1882 2163 τέλος
1909 2124 1968 2158 τοῦ
1998 2121 2098 2160 ἕκτου
2119 2123 2224 2175 λόγου

1171 2173 1413 2220 καταντήσεις.
1434 2178 1507 2211 Pro
1531 2175 1640 2226 Δίου,
1664 2178 1770 2225 quod
1787 2191 1807 2215 e
1828 2180 1962 2217 codice
1981 2184 2123 2219 Veneto
2149 2184 2223 2234 (A)
2274 2207 2278 2210 ‚

1171 2233 1277 2270 dedit
1304 2234 1516 2280 Bekkerus‚
1543 2237 1659 2284 vulgo
1681 2237 1821 2286 legitur
1840 2238 1883 2275 δι’
1914 2241 1966 2276 οὗ.
1990 2242 2225 2280 Hoeschelius

1170 2293 1323 2342 scripsit
1341 2291 1538 2333 Διονυσίου.

1415 2386 1538 2425 ΠΕΡΙ
1566 2387 1978 2430 ΑΛΕΞΑΝΔΡΕΙΑΣ.

1492 2475 1522 2511 Ε
1549 2476 1700 2513 LIBRO
1728 2478 1900 2517 PRIMO.

1681 2565 1713 2588 1.

1221 2620 1444 2668 Anonymus
1458 2622 1516 2657 De
1529 2622 1680 2670 Periplo
1693 2622 1860 2671 Scylacis
1873 2624 2062 2673 Caryand.
2078 2627 2119 2664 in
2132 2628 2219 2667 cod.

1167 2679 1285 2717 Paris.
1307 2680 1358 2715 N⁰
1378 2679 1452 2722 443
1474 2679 1695 2729 (Supplem.
1711 2681 1722 2730 )
1737 2709 1747 2726 ,
1766 2681 1832 2718 fol.
1854 2683 1902 2719 62
1922 2696 1931 2719 ε
1952 2682 2072 2727 Αἴλιος
2087 2686 2169 2728 Δῖος
2185 2687 2220 2723 ἐν

1166 2737 1217 2788 τῷ
1239 2735 1329 2788 Περὶ
1350 2734 1610 2788 Ἀλεξανδρείας
1632 2737 1757 2790 βιὸλίῳ
1777 2738 1906 2792 πρώτῳ
1927 2740 2045 2793 φησὶν,
2064 2740 2116 2780 δ’τι
2143 2746 2219 2782 Δαυ-

1169 2794 1248 2847 ρείῳ
1267 2794 1517 2847 προσεφώνησε
1539 2795 1681 2838 Σκύλαξ
1697 2797 1736 2834 τὸ
1756 2798 1966 2850 φρόντισμα,

1671 2910 1707 2943 3.

1135 2947 1140 2967 ³
1208 2962 1298 3002 Abii,
1308 2971 1385 3002 gens
1396 2962 1555 3003 scythica.
1568 2963 1748 2997 Alexander
1758 2964 1791 2996 in
1803 2965 1884 2998 libro
1898 2968 1946 2999 De
1959 2968 2062 3000 Ponto
2077 2969 2214 3010 Euxino,

1166 3014 1442 3054 quemadmodum
1461 3014 1681 3055 Diophantus,
1708 3025 1827 3048 nomen
1845 3026 1900 3050 eos
1921 3018 1995 3052 inde
2016 3021 2128 3053 nactos
2149 3029 2217 3053 esse

1164 3064 1230 3105 ait,
1242 3065 1330 3106 quod
1344 3065 1516 3097 Albianum
1532 3065 1668 3098 fluvium
1686 3066 1843 3101 habitant.

1470 3135 1536 3174 DE
1555 3136 1896 3177 ALEXANDRIA.

1671 3214 1704 3246 1.

1204 3270 1308 3302 AElius
1336 3271 1415 3303 Dius
1440 3271 1522 3303 libro
1550 3272 1655 3313 primo
1691 3276 1739 3306 De
1765 3274 1958 3307 Alexandria
1988 3275 2084 3315 dicit,
2116 3277 2210 3307 Dario

1162 3322 1182 3404 g
1191 3322 1355 3405 {ystaspis
1375 3323 1397 3355 t.
1410 3323 1420 3365 )
1435 3324 1599 3365 Scylacem
1616 3325 1699 3358 hanc
1723 3327 1979 3360 lucubrationem
2000 3327 2207 3368 (Periplum)

1185 3381 1202 3406 e
1227 3382 1335 3406 masse.
