2314 3756
99 206 145 239 12

96 285 281 338 εἰρηκότων
301 286 420 338 ὥσπερ
441 283 555 338 ρωπόν
577 300 611 323 τι
630 284 690 323 καὶ
710 283 865 322 ποικίλον
886 282 946 321 καὶ
966 282 1140 334 χρήσιμον

96 346 141 387 εἷς
155 343 190 381 ἓν
205 343 424 396 μυροπώλιον
438 342 502 390 τὴν
517 343 607 382 ἰδίαν
623 342 786 395 ἐξήγησιν
799 341 1141 390 κατακεκλεισμένην

97 401 159 440 καὶ
187 400 422 452 συνηγμένην.
456 401 582 439 Πάντα
616 399 673 448 δὲ,
702 398 768 438 ὅσα
799 400 883 452 πρός
908 414 945 436 τε
965 399 1004 436 τὸ
1033 397 1144 436 κοινὸν

96 460 261 499 ἁπάντων
281 459 471 512 ἀνθρώπων
491 458 655 510 ἀξιόλογα
684 459 744 497 καὶ
763 460 842 497 κατ’
860 458 968 508 ἄνδρα
998 458 1042 494 δι’
1063 458 1144 506 ἀρε-

95 519 158 566 τὴν
173 522 336 571 περιττοῦ
356 533 445 561 τινος
462 517 630 567 ὀνόματος
651 516 885 568 τετυχηκότα,
904 515 1045 566 λάὸρως
1069 516 1144 551 ἐπι-

97 577 241 630 δραμὼν
258 577 318 615 καὶ
339 575 536 626 διαθέμενος
556 578 605 628 τῷ
631 574 744 627 λόγῳ,
763 576 931 613 τελευτῶν
954 575 1000 615 εἰς
1021 572 1143 612 Κλαύ-

97 637 168 674 διον
202 634 370 673 καταλύει
404 634 467 681 τὴν
515 633 744 705 συγγραςξὴν,
763 633 822 671 καὶ
864 630 1041 670 Κλαυδίου
1082 634 1144 677 τῆς

99 693 277 746 βασιλείας
311 692 383 736 ἔτος
410 692 450 730 τὸ
477 695 631 744 πρῶτον,
662 693 694 734 ἐς
727 691 744 729 ὂ
782 690 843 728 καὶ
872 706 933 735 της
965 687 1146 740 βασιλείας

96 751 229 804 ἤρχετο
248 767 308 790 και
332 751 515 796 ἐτελευτα,
538 750 693 788 ἐνιαυτὸν
715 749 837 809 &pmcn
849 747 1042 795 Ῥωμαίοις
1063 747 1142 784 ἕνα·

97 811 167 847 οἱ“
149 810 184 848 οὲ
212 825 271 847 και
293 808 406 860 ἕτερον
431 810 526 846 αὐτι)
550 807 767 860 χαρίζονται.
792 800 880 846 Εἶτα
902 803 1146 855 Ὀλυμπιάδας

96 868 359 918 καταλογίζεται
374 867 476 910 τόσας
491 866 550 904 καὶ
567 866 669 909 τόσας
687 882 746 903 και
761 865 912 908 ὑπάτους
931 863 992 902 καὶ
1013 863 1143 915 ἄρχον-

96 941 159 968 τας
188 925 245 963 ἐπὶ
273 924 435 971 ταύταις,
456 923 519 969 τὴν
547 923 691 975 χιλιάδα
723 925 792 959 τῶν
825 924 910 960 ἐτῶν
928 921 1145 971 ,ὑποδαλὼη

97 982 216 1036 ὥσπερ
249 985 417 1035 ἀγωνιῶν,
451 983 479 1020 εἰ
512 981 560 1032 μὴ
591 982 729 1019 πολλῶν
762 981 839 1018 λίαν
880 982 964 1018 ἐτῶν
998 979 1144 1026 ἀποδοίη

98 1044 201 1093 λόγον
221 1044 291 1085 τοῖς
311 1041 591 1092 ἐντυγχάνουσιν.
624 1039 720 1090 Ἐγὼ
751 1038 786 1076 δὲ
816 1042 834 1076 ὃ
857 1043 959 1077 τοῦτο
987 1038 1025 1075 τὸ
1047 1038 1146 1089 ἔργον

98 1103 145 1144 εἷς
161 1105 237 1139 νοῧν
258 1100 448 1153 βαλόμενος
461 1130 470 1146 ,
491 1099 546 1136 ὑπ’
569 1101 674 1137 αὐτοῦ
705 1098 881 1143 Δεξίππου
915 1101 1027 1135 ταῦτα
1054 1096 1145 1148 ἔχων

98 1160 363 1199 ἐκδιδάσκεσθαι
402 1158 462 1197 καὶ
496 1158 774 1232 συλλαμὸάνειν,
814 1156 892 1200 ὅσος
925 1156 985 1194 καὶ
1024 1156 1144 1202 ἡλίκος

99 1222 117 1257 ὁ
134 1219 288 1262 κίνδυνος
306 1234 398 1256 κατα
414 1217 471 1255 τὸν
491 1217 644 1255 ενιαυτὸν
661 1215 806 1254 ἕκαστον
821 1215 974 1265 ἱστορίαν
988 1215 1145 1268 γράφειν,

101 1278 161 1316 καὶ
179 1277 265 1329 πρὸς
286 1276 363 1320 τους
384 1275 655 1327 ἐντυγχάνοντας
672 1274 906 1325 ὃμολογεῖν,“
887 1290 939 1311 οτι
956 1278 1065 1312 ταῦτα
1087 1275 1149 1311 οὐκ

101 1336 194 1374 ἔστιν
225 1338 338 1382 ἀληθῆ·
356 1351 447 1373 κατα
466 1334 543 1379 τοὺς
560 1334 723 1386 χρόνους,
740 1333 831 1371 ἀλλὰ
857 1335 906 1371 τῶ
936 1333 997 1383 μὲν
1018 1349 1149 1383 ουτως,

101 1398 150 1434 τῶ
169 1393 239 1433 δὲ*
226 1394 351 1447 ετέρως
366 1393 479 1442 ἔδοξε,
498 1393 558 1431 καὶ
575 1408 770 1446 περιφανῶς
786 1394 910 1430 ἑαυτοῦ
926 1393 1147 1445 κατηγορεῖν,

100 1455 220 1506 ὥσπερ
241 1457 368 1497 ἐκεῖνος
376 1452 459 1501 ,ὅτι
479 1452 644 1506 χρονικὴν
664 1451 819 1504 ἱστορίαν
844 1451 986 1504 γράφων
1008 1452 1148 1489 πλανω-

100 1513 207 1564 μένην
244 1514 321 1551 τινὰ
361 1528 420 1551 και
460 1511 590 1562 μεστὴν
631 1513 699 1549 τῶν
733 1510 997 1561 ἀντιλεγόντων,
1030 1509 1148 1562 ὥσπερ

101 1572 292 1642 ἀπρόεδρον
323 1570 526 1618 ἐκκλησίαν,
553 1570 706 1617 ἐκτίθησι
725 1569 789 1616 τὴν
814 1585 964 1643 γραφην,
981 1568 1084 1613 ὀξέως
1113 1568 1149 1607 δὲ

100 1631 163 1669 καὶ
183 1647 245 1676 της
263 1629 431 1672 Βοιωτίας
449 1628 584 1666 ἀκούων
605 1627 811 1679 παροιμίας,
835 1627 887 1666 ὅτι
907 1627 1014 1671 οὕτως
1034 1628 1150 1665 αὐλεῖν

101 1692 139 1728 οὐ
155 1689 303 1742 πρέπει,
323 1691 466 1727 κάκεῖνα
485 1687 797 1739 προσελογιζόμην,
815 1687 868 1726 ότι
882 1687 979 1731 τέλος
997 1686 1151 1738 ἱστορίας

100 1748 161 1787 καὶ
193 1747 321 1791 σκοπὸς
349 1747 486 1821 ἄριστος
519 1763 562 1785 τα
583 1747 785 1798 πραχθέντα
816 1746 868 1785 ὅτι
893 1748 1047 1796 μάλιστα
1069 1746 1151 1798 δίχα

99 1823 189 1850 τινος
210 1806 337 1850 πάθους
360 1822 406 1850 εις
429 1806 468 1844 τὸ
489 1806 610 1853 ἄληθες
631 1805 847 1858 ἀναφέροντα
877 1805 1035 1859 (ράφειν,
1064 1807 1095 1843 οἱ
1116 1805 1151 1843 δὲ

100 1864 252 1917 ἀκριὸεῖς
263 1865 424 1917 λογισμοι
436 1867 503 1902 τῶν
518 1865 664 1918 χρόνων,
675 1864 793 1917 ὥσπερ
807 1864 952 1911 ἄκλητοι
965 1863 1151 1937 μάρτυρες,

101 1924 306 1976 αὐτομάτως
338 1923 566 1974 ἐπεισιόντες,
601 1926 634 1968 ἐς
668 1928 780 1962 ταῦτα
812 1926 1004 1978 ὠφελοῦσιν
1036 1923 1150 1961 οὐδέν.

103 2042 171 2080 lpse
193 2041 301 2070 autem
316 2048 333 2070 e
347 2039 454 2070 multis
464 2039 561 2078 atque
574 2038 669 2069 οιιιιιί
663 2039 767 2078 renis,
791 2038 847 2078 qui
858 2038 896 2070 de
910 2038 959 2069 his
971 2038 1067 2070 rebus
1079 2037 1152 2070 scri·

103 2101 136 2132 p·
126 2093 246 2131 erunt,
262 2091 426 2122 historiam
452 2091 599 2131 conficit;
617 2091 749 2122 (·ἰιιιιιιιιι
767 2091 867 2123 veluti
884 2091 1008 2122 varium
1032 2093 1064 2122 et
1079 2099 1153 2130 per-

105 2143 223 2175 bonum
238 2143 278 2174 ad
295 2142 421 2174 unicam
436 2143 635 2182 pigmentarii
649 2143 823 2182 officinam,
841 2142 881 2174 ad
897 2151 988 2174 suam
1006 2142 1155 2174 videlicet

103 2195 337 2232 narrationem,
360 2203 418 2234 cog,
410 2203 474 2225 ens
507 2196 603 2234 atque
621 2195 800 2226 cumulans.
831 2194 948 2226 Omnia
964 2203 1060 2232 vero,
1081 2203 1155 2234 qnae

103 2246 170 2278 sive
193 2246 365 2287 generatim
387 2246 468 2277 inter
491 2246 635 2278 homiues
653 2246 797 2284 illustria,
815 2246 882 2277 sive
906 2246 974 2286 sing
967 2246 1090 2277 illatim
1114 2246 1155 2278 ob

103 2299 240 2338 alicujus
266 2298 419 2330 virtutem
448 2300 618 2338 praestante
647 2299 731 2329 sama
754 2298 993 2338 inclaruerunt,
1011 2299 1156 2330 celeriter

104 2360 292 2392 percurrens
310 2353 406 2390 atque
423 2351 454 2381 in
473 2359 563 2382 suam
580 2345 834 2383 lucubrationem
851 2351 1040 2391 adsumens,
1058 2351 1156 2383 tinem

107 2404 248 2436 historiae
267 2404 364 2434 l'acit
357 2413 388 2434 ιιι
406 2404 450 2435 cl
445 2404 528 2434 indii
542 2413 625 2435 anno
641 2405 762 2444 primo,
778 2413 842 2444 quo
864 2404 891 2436 is
905 2413 1035 2444 refluum
1050 2405 1082 2436 et
1095 2413 1155 2436 au-

103 2457 244 2498 spicatus
256 2457 303 2488 est
317 2458 348 2487 et
365 2455 487 2495 finivit,
499 2465 582 2487 anno
598 2466 662 2487 uno
675 2457 825 2488 Romanis
840 2457 1042 2497 imperitans;
1057 2466 1155 2497 quan·

104 2517 203 2548 quam
217 2508 362 2539 nonnulli
384 2507 464 2538 duos
477 2507 550 2538 huuc
572 2508 696 2548 imperii
710 2518 810 2540 annos
824 2509 1014 2549 largiuntur.
1037 2509 1156 2541 Deinde

108 2559 318 2600 Olympiadas
331 2561 484 2599 supputat
501 2560 657 2600 planeque
673 2561 863 2593 adnumerat
881 2571 954 2593 cum
973 2562 1157 2594 consulibus

105 2614 138 2644 et
151 2620 227 2643 cum
239 2611 467 2642 archontibus:
483 2613 580 2652 atque
593 2621 633 2643 ex
648 2612 785 2652 Olympi
780 2612 892 2644 idibus
904 2622 1063 2644 annorum
1079 2614 1155 2646 mil—

107 2664 235 2696 liarium
254 2662 400 2700 conficit;
416 2663 506 2702 quasi
519 2663 672 2695 laboriose
684 2665 835 2704 aestuans,
850 2665 907 2696 nisi
924 2666 1155 2705 permultorum

109 2724 265 2749 annorum
279 2715 453 2746 lectoribus
465 2716 531 2747 suis
547 2718 699 2748 rationem
717 2717 902 2749 reddiderit.
922 2721 983 2757 Ero
1001 2728 1088 2759 v·e¹0‚
1102 2720 1155 2760 qui

107 2770 148 2801 de
175 2769 237 2800 hoc
253 2777 349 2808 opere
370 2768 570 2800 lucubrando
594 2769 760 2801 consilium
779 2771 860 2811 cepi,
885 2771 949 2802 ab'
942 2780 1010 2811 ipso
1026 2772 1156 2811 quidem

109 2820 254 2860 Dexippo
267 2819 388 2851 discere
401 2820 490 2860 potui
501 2823 596 2860 atque
607 2830 653 2851 co
647 2830 814 2861 gnoscere,
826 2823 921 2862 quale
934 2825 1158 2864 quantumque

107 2873 285 2915 pericnlum
310 2872 351 2903 sit
375 2881 431 2912 per
449 2881 548 2904 annos
572 2874 712 2913 singulos
737 2875 902 2906 historiam
919 2875 1095 2914 deducet-‚e
1120 2885 1157 2908 ac

110 2934 205 2967 porro
216 2924 389 2956 lectoribus
402 2924 564 2964 confiteri,
578 2925 639 2956 hoc
652 2928 683 2957 et
694 2926 770 2957 illud
784 2927 960 2958 secundum
973 2929 1156 2968 temporum

110 2978 267 3010 rationem
294 2985 359 3007 non
374 2985 450 3007 vere
479 2984 547 3008 esse
573 2976 715 3016 dictum,
733 2978 788 3009 sed
816 2979 885 3010 aliis
909 2979 999 3011 aliter
1023 2980 1154 3012 visum:

109 3031 207 3069 atque
221 3028 264 3059 ita
279 3036 312 3059 se
329 3027 433 3067 ipsum
446 3027 612 3068 perspicue
631 3037 820 3069 coarguere,
835 3034 869 3061 ut
888 3039 996 3070 reapse
1013 3031 1157 3072 Dexippo

109 3080 249 3118 accidit,
277 3078 364 3118 quod
393 3078 534 3110 historiae
558 3079 718 3111 chronicae
746 3081 851 3120 quivis
876 3084 989 3113 auctor
1014 3083 1157 3115 fallacem

109 3132 271 3174 quandam
287 3132 319 3162 et
333 3130 458 3170 plenam
473 3139 571 3170 repug,
562 3131 696 3162 rnantiar
700 3141 767 3171 um,
780 3141 836 3163 ceu
852 3133 985 3164 chorum
999 3135 1158 3174 exlegem,

111 3185 176 3217 edit
188 3183 422 3224 scriptionem:
441 3183 618 3214 Boeoticum
640 3192 769 3224 quoque
788 3186 991 3224 proverbium
1011 3196 1085 3218 mox
1101 3197 1158 3219 au—

111 3237 256 3275 diturus,
272 3234 357 3275 quod
374 3234 419 3265 sic
440 3234 527 3265 tibiis
540 3243 653 3266 sonare
671 3244 735 3266 non
749 3236 850 3268 decet.
868 3238 1013 3277 Denique
1033 3240 1064 3270 et
1080 3239 1157 3271 illud

111 3291 239 3321 mecum
257 3286 420 3328 reputavi,
435 3287 530 3318 finem
543 3287 683 3318 historiae
700 3297 896 3328 scopnmque
908 3290 1064 3329 optimum
1079 3300 1158 3330 esse,

112 3344 148 3374 ut
162 3350 212 3373 res
226 3342 339 3381 gestae,
352 3339 434 3370 duce
446 3340 575 3370 omnino
587 3339 733 3379 veritate,
744 3341 864 3380 absque
878 3342 943 3372 ullo
954 3343 1071 3374 affectu
1085 3344 1159 3375 scri-

114 3394 258 3426 bantur.
277 3392 443 3423 accuratos
459 3399 534 3422 vero
549 3392 730 3431 temporum
749 3392 899 3432 calculos,
917 3393 942 3424 si
959 3394 1054 3425 veluti
1073 3396 1168 3428 testes

927 195 1143 235 EUNAPlI
1173 193 1418 234 SARDIANI

1203 280 1250 320 'lt
1275 280 1343 333 γὰρ
1364 279 1547 332 Σωκράτει
1572 277 1656 330 πρὸς
1675 277 1798 331 σοφίαν
1818 279 1878 318 καὶ
1907 281 2145 332 Θεμιστοκλεῖ
2165 283 2252 336 πρὸς

1210 339 1392 385 δεινότητα
1432 338 1647 376 συντελεῖται
1679 336 1777 390 παρὰ
1810 353 1879 376 των
1919 339 2073 392 χρόνων;
2110 344 2178 380 ποῦ
2214 341 2251 381 δὲ

1205 399 1328 435 ἐκεῖνοι
1348 396 1449 434 καλοὶ
1468 395 1617 447 κάγαθοὶ
1637 395 1693 434 διὰ
1710 396 1837 449 θέρος’
1820 391 1931 445 ἧσαν;
1950 413 2019 437 που
2039 398 2074 437 δὲ
2094 398 2156 443 τὰς
2175 402 2252 454 ἀρε·

1204 455 1266 499 τὰς
1283 455 1335 507 ἐφ’
1352 457 1496 502 ἑαυτῶν,
1513 453 1671 507 καθάπερ
1687 454 1732 492 τὰ
1748 455 1882 509 φύλλα,
1900 457 1985 509 πρὸς
2001 457 2104 504 τὴν“’
2082 473 2175 510 ωραν
2189 474 2251 497 του

1206 514 1300 557 ἔτους
1320 512 1555 563 αὐξανομένας
1574 529 1635 551 και
1655 513 1893 566 ἀπορρεουσας
1910 515 2144 568 παρείχοντο;
2157 515 2252 556 Ἀλλ’

1207 589 1286 615 ισως
1302 571 1445 615 ἕκαστος
1461 573 1574 610 αὐτῶν
1589 588 1628 610 το
1638 576 1719 622 γοῦν
1734 574 1767 616 ἐς
1780 572 1880 626 φύσιν
1894 589 1953 612 και
1967 573 2112 625 δύναμιν
2123 575 2252 627 ἀγαθὸν

1206 632 1355 683 διαρκυς
1375 630 1434 669 καὶ
1465 646 1619 682 συνεχως
1642 632 1677 668 ἐν
1696 631 1772 675 ταῖς
1798 631 1982 684 ἐνεργείαις
2003 633 2165 672 ἀπεδίδου
2191 634 2252 672 καὶ

1206 689 1380 734 διεσωζεν.
1439 689 1505 733 Ἰίς
1524 693 1582 727 οὖν
1597 689 1698 739 λόγος
1719 705 1802 741 προς
1828 691 1983 744 ιστορίας
2010 691 2107 736 τέλος
2127 693 2254 731 εἰδέναι

1205 747 1266 785 καὶ
1285 746 1479 798 γινώσκειν,
1501 747 1552 786 ὅτι
1568 747 1664 794 τὴν’
1649 765 1683 787 εν
1702 750 1882 799 Σαλαμῖνι
1903 751 2104 802 ναυμαχίαν
2127 751 2252 791 ἐνίκων

1206 808 1237 844 οἱ
1267 804 1443 853 Ἕλληνες
1460 806 1559 851 κυνὸς
1585 807 1842 858 ἐπιτέλλοντος;
1863 807 1897 846 τί
1915 808 1945 846 δ’
1967 809 2088 862 ὄφελος
2114 804 2156 857 ἦν
2183 811 2255 855 τοῖς

1206 864 1472 916 ἐντυγχάνουσιν
1489 867 1536 909 εἷς
1556 866 1726 919 ὠφέλειαν
1747 868 1924 918 ἱστορικῆς
1950 867 2088 919 χρείας,
2114 870 2145 907 εἷ
2162 869 2254 908 κατὰ

1206 923 1337 970 ταύτην
1372 923 1495 975 ἐτέχθη
1526 923 1591 970 τὴν
1621 924 1760 977 ἡμέραν
1790 927 1819 962 ὁ.
1837 926 1951 971 δεῖνα,
1978 926 2039 964 καὶ
2071 927 2255 976 μελοποιὸς

1206 981 1350 1033 ἀνέσχεν
1374 981 1396 1028 ἢ
1423 982 1602 1035 τραγῳδὸς
1622 982 1777 1035 ἄριστος,
1791 985 1836 1022 Ei.
1851 983 1918 1036 γὰρ
1933 983 2081 1036 ἔσχατος
2095 984 2172 1038 ὅρος
2186 988 2254 1024 τῶν

1206 1039 1286 1092 περὶ
1313 1039 1376 1086 τὴν
1406 1041 1562 1093 ἱστορίαν
1594 1043 1710 1080 καλῶν
1748 1041 1786 1079 τὸ
1821 1044 1959 1080 πολλῶν
1997 1043 2058 1082 καὶ
2093 1045 2254 1096 ἀπείρων

1206 1097 1426 1150 πραγμάτων
1446 1100 1482 1137 ἐν
1499 1099 1606 1151 ὀλίγῳ
1624 1098 1740 1152 χρόνῳ
1757 1099 1817 1138 καὶ
1834 1099 1891 1138 διὰ
1908 1101 2077 1153 βραχείας
2095 1103 2256 1155 ἅνάγνώ-

1207 1172 1293 1200 σεως
1326 1158 1450 1210 πεῖραν
1475 1157 1615 1207 λαὸεῖν,
1634 1159 1694 1196 καὶ
1717 1158 1876 1210 γενέσθαι
1898 1159 2062 1213 γέροντας
2085 1160 2138 1200 ἔτι
2161 1161 2256 1206 νέους

1207 1216 1309 1260 ὄντας
1337 1217 1382 1254 δι’
1413 1217 1612 1289 ἐπιστημην
1644 1220 1714 1255 τῶν
1742 1217 2061 1269 προγεγονότων,“’
2036 1233 2148 1268 ωστε,
2178 1219 2255 1259 τίνα

1210 1274 1272 1324 μὲν
1307 1275 1487 1327 φευκτέον,
1515 1276 1596 1314 τίνα
1628 1275 1663 1314 δὲ
1693 1276 1859 1329 αἱρετέον,
1888 1276 2035 1325 εἰδέναι,
2060 1278 2256 1318 τούναντίον

1209 1333 1287 1383 ἐμοί
1311 1349 1351 1383 γε
1371 1335 1511 1372 δοκοῦσι
1531 1335 1643 1372 ποιεῖν
1663 1336 1694 1372 οἱ
1714 1335 1886 1386 περιττοῖς
1913 1335 1972 1373 καὶ
1999 1335 2258 1388 ἀπηρτημένοις

1209 1391 1412 1436 ἐπεισοδίοις
1439 1392 1558 1444 ὥσπερ
1586 1392 1726 1437 ξενικοῖς
1753 1393 1934 1443 ἡδύσμασι
1958 1394 1998 1432 τὸ
2023 1410 2086 1443 της
2103 1396 2258 1448 ἱστορίας

1209 1450 1378 1501 ἐδώδιμον
1396 1451 1456 1489 καὶ
1472 1452 1647 1504 χρήσιμον
1663 1451 1913 1502 ἀνατρέποντες
1929 1451 1989 1490 καὶ
2007 1452 2258 1504 διαφθείροντες

1210 1510 1357 1562 ἁλμυρω
1376 1510 1469 1563 λόγω
1490 1511 1636 1560 πότιμον
1657 1510 1780 1557 ἀκοήν
1837 1510 1977 1549 Κωλύει
1999 1510 2060 1562 μὲν
2085 1511 2153 1564 γὰρ
2174 1511 2259 1556 ἴσως

1210 1569 1306 1607 οὐδὲν
1335 1569 1395 1607 καὶ
1424 1570 1584 1622 περιττόν
1615 1586 1647 1607 τι
1681 1573 1816 1642 μαθεῖν,
1849 1569 1965 1614 ἄλλως
1997 1585 2054 1618 τε,
2074 1570 2121 1614 ὥς
2152 1586 2258 1624 φησιν

1211 1627 1313 1672 αὐτὸς
1337 1627 1532 1675 Δέξιππος,
1553 1644 1621 1666 των
1651 1629 1714 1679 μὲν
1746 1631 1916 1681 χρονικῶν
1937 1627 2116 1675 ἢπάντων
2144 1627 2167 1675 ἢ
2190 1631 2260 1668 τῶν

1210 1687 1382 1725 πλείστων
1403 1687 1738 1740 διαπεφωνημένων,
1762 1689 1830 1724 τῶν
1852 1687 1888 1726 δὲ
1912 1687 2090 1740 ὑπερόριον
2109 1687 2168 1725 καὶ
2188 1703 2259 1741 φα·-

1210 1748 1318 1799 νερῶν
1335 1745 1493 1797 πράξεων
1514 1745 1864 1830 συμπεφωνημένων.
1921 1746 1984 1790 Τίς
2005 1746 2071 1798 γὰρ
2088 1745 2178 1784 οὕτω
2197 1762 2259 1784 πε-

1213 1804 1372 1858 ριὸόητος
1394 1804 1524 1843 ἅπασιν
1557 1805 1630 1843 ὅσοι
1662 1805 1774 1856 λόγων
1805 1806 1942 1857 ηραντο
1974 1804 2036 1842 καὶ
2070 1804 2258 1844 κατέλιπον

1211 1864 1384 1915 λόγους,“
1367 1880 1413 1907 ως
1433 1866 1631 1915 Λυκοῦργος
1652 1863 1986 1914 Λακεδαιμόνιος;’
1970 1880 2002 1907 ες
2022 1863 2059 1902 ὃν
2078 1879 2139 1902 και
2157 1866 2179 1910 ἡ
2199 1867 2261 1902 τοῧ

1213 1926 1290 1961 θεου
1308 1922 1483 1976 μαρτυρία
1504 1922 1562 1961 διὰ
1579 1923 1751 1973 στόματος
1768 1921 1881 1960 ἅπασι
1898 1922 1972 1960 θεὸν
1994 1921 2154 1974 ἄντικρυς
2171 1923 2260 1960 ἀνα-

1213 2047 1278 2070 ιιοιι
1290 2038 1430 2071 invocati
1446 2039 1562 2078 adsint,
1579 2039 1740 2080 praedictae
1760 2039 1804 2071 rei
1821 2039 1899 2070 nihil
1913 2039 2073 2080 prodesse.
2090 2040 2169 2073 Nam
2187 2039 2265 2080 quid

1215 2091 1341 2122 Socrati
1357 2090 1399 2122 ad
1415 2091 1603 2131 sapientiam
1619 2091 1669 2123 vel
1687 2090 1890 2122 Themistocli
1907 2090 1948 2122 ad
1964 2090 2080 2130 ingenii
2091 2087 2264 2122 sollertiam

1217 2142 1386 2174 conserunt
1400 2144 1565 2183 tempora?
1581 2151 1660 2174 num
1677 2142 1710 2173 hi
1724 2151 1779 2182 per
1794 2142 1914 2178 aestaus
1926 2143 2149 2183 tempestatem
2166 2142 2266 2174 bonos

1214 2203 1248 2225 se
1262 2193 1440 2234 probosque
1454 2195 1539 2226 viros
1549 2194 1755 2235 praebebant?
1769 2203 1847 2225 num
1861 2202 1935 2226 suas
1947 2195 2094 2233 virtutes,
2109 2195 2264 2235 tanquam

1216 2246 1288 2276 solia
1307 2255 1364 2286 pro
1386 2246 1460 2277 anni
1479 2247 1642 2286 tempore,
1666 2246 1844 2278 crescentes
1867 2245 2107 2285 defluentesque
2133 2245 2264 2277 exhibe·

1217 2297 1312 2329 bant?
1329 2297 1426 2338 Atqui
1444 2298 1579 2337 horum,
1605 2298 1729 2338 opinor,
1748 2299 1883 2337 uterque
1901 2296 2055 2337 quidquid
2073 2297 2122 2328 vel
2141 2299 2266 2328 natura}

1215 2349 1399 2381 conditione
1417 2349 1467 2381 vel
1495 2349 1611 2389 ingenii
1631 2349 1720 2380 cultu
1737 2347 1932 2388 exquisitum
1957 2348 2038 2387 erat,
2064 2347 2095 2379 id
2122 2356 2265 2388 perseve-

1217 2407 1323 2436 ranter
1346 2407 1444 2446 atque
1470 2407 1624 2450 perpetuo
1651 2415 1716 2446 prae
1735 2414 1769 2437 se
1795 2404 1917 2437 ferebat
1931 2404 2056 2436 actibus
2078 2403 2144 2436 suis
2168 2406 2266 2445 atque

1215 2457 1374 2489 servabat.
1421 2457 1504 2495 Quid
1521 2458 1614 2497 igitur
1633 2457 1760 2497 prodest
1782 2457 1924 2488 historiae
1948 2456 2110 2498 proposito
2127 2456 2208 2488 scire
2227 2465 2266 2488 ac

1216 2517 1424 2549 cognoscere,
1442 2510 1572 2540 Graecos
1582 2509 1686 2540 navali
1703 2509 1816 2549 proelio
1829 2508 1870 2540 ad
1883 2508 2073 2540 Salaminem
2087 2508 2199 2540 vicisse
2212 2517 2266 2540 ex-

1215 2562 1337 2595 oriente
1358 2562 1522 2594 canicula?
1539 2562 1623 2600 Quid
1650 2571 1760 2594 rursus
1775 2562 1899 2593 confert
1923 2561 2096 2593 lectoribus
2113 2560 2155 2592 ad
2171 2561 2265 2592 utili-

1216 2616 1316 2647 tatem
1335 2623 1376 2646 ex
1394 2615 1527 2646 historia
1543 2614 1750 2655 capiendam,
1775 2613 1862 2654 quod
1885 2614 1938 2645 ille
1953 2613 2008 2645 tali
2025 2613 2078 2644 die
2099 2613 2194 2644 natus
2205 2613 2264 2650 sit,

1217 2667 1270 2707 qui
1281 2667 1395 2698 deinde
1405 2666 1538 2698 melicus
1548 2667 1597 2698 vel
1608 2666 1745 2706 tragicus
1757 2667 1849 2705 poeta
1859 2665 2129 2705 evasitoptimus?
2139 2665 2265 2696 Etenim

1216 2720 1241 2751 si
1266 2729 1430 2751 summum
1445 2719 1585 2751 historiae
1609 2719 1730 2751 bonum
1748 2718 1780 2749 in
1796 2727 1834 2750 eo
1857 2717 2005 2757 vertitur,
2030 2718 2067 2748 ut
2088 2716 2267 2749 multarum

1216 2782 1253 2805 ac
1267 2782 1357 2813 paene
1378 2772 1658 2804 innumerabilium
1684 2780 1790 2803 rerum
1818 2770 1970 2811 praeclare
1994 2774 2154 2810 gestarum
2177 2769 2265 2802 brevi

1216 2828 1360 2867 tempore
1373 2826 1562 2866 modicaque
1577 2826 1710 2857 lectione
1722 2824 1869 2865 peritiam
1886 2823 2120 2863 nanciscamur,
2137 2823 2264 2854 fiamus-

1215 2887 1276 2918 que
1289 2887 1379 2910 senes
1391 2877 1488 2910 dum
1477 2879 1644 2917 juventute
1657 2877 1825 2914 floremus,
1849 2875 1891 2907 ob
1905 2875 2138 2915 praeteritarum
2156 2883 2263 2906 rerum

1215 2930 1402 2969 scientiam,
1431 2930 1476 2961 ita
1489 2932 1537 2968 ut,
1552 2928 1628 2969 quid
1647 2927 1831 2967 fugiendum
1847 2927 1888 2958 sit
1903 2925 2020 2966 quidve
2035 2925 2264 2966 appetendum,

1215 2982 1377 3014 sciamus·
1393 2981 1591 3013 contrarium
1613 2980 1690 3012 mihi
1707 2980 1810 3011 tacere
1825 2978 1975 3010 videntur
2000 2977 2055 3018 qui
2072 2985 2262 3017 supervaca-

1216 3033 1284 3065 neis
1300 3035 1332 3065 et
1348 3033 1464 3065 assutis
1484 3032 1649 3073 episodiis,
1674 3033 1827 3071 tanquam
1846 3029 2016 3070 pere‹=rinis
2032 3028 2242 3060 condimentis
2254 3052 2264 3068 ,

1216 3084 1336 3116 bonum
1348 3085 1487 3117 historiae
1498 3084 1651 3125 pabulum
1661 3082 1861 3119 adulterant,
1873 3081 2108 3120 delicatumque
2117 3078 2263 3111 auditum

1216 3144 1326 3167 amaro
1345 3145 1492 3167 sermone
1521 3135 1651 3166 violant.
1698 3133 1763 3166 Nisi
1789 3133 1870 3164 forte
1897 3131 2003 3162 inania
2028 3130 2124 3162 etiam
2141 3130 2263 3162 discere

1216 3188 1342 3219 animus
1357 3188 1427 3220 fert.
1443 3186 1623 3219 Praesertim
1637 3194 1737 3226 quum
1746 3183 1884 3216 chronici
1895 3182 2076 3223 scriptores,
2091 3183 2128 3213 ut
2141 3181 2206 3213 ait‘
2198 3190 2263 3222 ipse

1219 3241 1398 3280 Dexippus,
1413 3240 1464 3272 vel
1484 3248 1595 3272 omnes
1610 3239 1659 3270 vel
1685 3239 1771 3269 certe
1787 3236 1914 3277 plurimi
1940 3234 2075 3266 invicem
2091 3233 2263 3265 dissideant

1217 3293 1249 3323 in
1264 3293 1356 3324 rebus
1373 3292 1550 3323 illustribus
1563 3299 1600 3322 ac
1618 3289 1808 3327 manifestis,
1826 3295 1904 3327 quas
1924 3290 2024 3331 perse
2042 3285 2124 3325 ipsas
2139 3285 2170 3316 in
2183 3294 2260 3316 con-

1218 3344 1405 3375 troversiam
1427 3352 1521 3374 nemo
1547 3342 1674 3373 revocat
1690 3341 1747 3371 aut
1771 3339 1952 3376 diffitetur
1982 3339 2062 3370 Nam
2087 3338 2159 3377 quis
2175 3337 2261 3377 apud

1215 3392 1541 3434 historioeperitosvel
1560 3393 1742 3426 conditores
1776 3390 2020 3424 Lacedaemonio
2044 3392 2187 3430 Lycurgo
2207 3397 2261 3420 ce-
