2372 3704
866 108 878 126 ἱ

108 229 182 261 310

98 326 233 362 χωστον
253 309 344 362 λέγει
373 304 462 349 εἰναι
481 310 748 358 Ἀπολλωνίδης.
769 311 861 355 Τους
873 311 956 383 γόιρ
975 327 1144 365 προειρη-

101 369 223 420 μένους
237 368 415 420 ποταμους
435 369 665 422 ἀμφοτέρους,
683 369 837 421 μάλιστα
851 368 909 408 τὸν
929 371 1034 422 Ἰριν,
1053 369 1145 409 κατὰ

103 427 251 481 διάφορα
269 426 358 480 μέρη
378 443 440 475 της
463 426 582 480 χώρας
614 428 752 481 ῥέοντα,
774 427 899 467 ἄλλοτε
918 431 996 467 κατ’
1023 428 1146 472 ἄλλους

99 486 226 530 τόπους
244 486 433 534 ἐκδιδόναι,
453 486 513 525 καὶ
538 486 648 539 ταύτῃ
670 487 816 559 μακροῖς
842 486 950 534 αὐτὴν
979 487 1143 539 προσχώ·

101 561 206 594 μασιν
230 547 276 588 εἷς
296 545 400 596 μέσον
424 546 633 584 ἐπεκτείνειν
649 545 688 584 τὸ
709 546 872 597 πέλαγος.
895 546 957 585 Διὸ
986 547 1026 593 δὴ
1057 546 1147 596 σύμ-

99 619 218 642 πασαν
237 598 324 642 εἶναι
351 604 630 656 ποταμόχωστον
659 603 722 652 τὴν
745 621 823 656 γην.
848 604 968 644 Βίαιον
996 604 1064 657 γὰρ
1088 605 1148 643 καὶ

101 662 210 700 πολυν
233 662 337 700 αὐτὸν
356 663 426 701 ἀπὸ
447 666 508 710 τῆς
529 663 709 715 Ἀρμενίας
727 662 783 701 διὰ
805 663 984 716 χειμερίου
1003 663 1061 701 καὶ
1079 679 1146 713 μα-

100 727 186 773 κρᾶς
208 721 393 774 φερόμενον
411 721 624 774 παρασύρειν
649 721 712 769 τὴν
739 738 816 773 γην.
843 724 915 761 Τοῦ
941 721 976 759 δὲ
996 721 1149 771 κύματος

102 778 317 818 παλίσσυτον
336 780 536 824 ἐλαύνοντος
552 781 610 818 ἐπὶ
632 780 695 827 τὴν
711 783 776 831 γῆν
793 779 856 826 τὴν
872 778 948 817 ἰλὺν
961 809 970 827 ,
991 778 1148 829 συμὸαί-

102 852 150 875 νει
165 836 228 884 τὴν
242 837 362 890 χώραν
376 837 525 876 ἐπιπολὺ
541 837 781 889 παραύξεσθαι
791 867 801 886 ,
817 836 877 876 καὶ
892 837 954 882 τὴν
967 836 1147 874 θάλασσαν

100 895 254 946 γίνεσθαι
283 895 478 946 τεναγώδη.
510 918 554 922 -
584 898 722 936 Strabo
741 899 820 943 XI,
843 911 883 946 p.
917 896 990 933 523
1014 908 1023 934 ε
1043 892 1150 934 Ἔστι

101 953 129 990 δ’
155 954 194 991 οὐ
225 953 334 1005 μικρὰ
364 953 454 991 κατὰ
487 953 550 1000 τὴν
585 954 731 1004 δύναμιν
767 955 779 1005 <
795 969 847 991 sc.
869 956 892 1000 ’ἡ
928 953 1150 1006 Ἀτροπάτιος

102 1010 262 1062 Μηδία),
274 1012 320 1055 ὥς
333 1027 434 1064 φησιν
450 1011 545 1059 Ἀπ.,
555 1011 578 1059 ἥ
589 1028 628 1061 γε
643 1011 702 1050 καὶ
715 1012 856 1064 μυρίους
869 1012 997 1055 ἱππέας
1008 1011 1150 1050 δύναται

103 1069 329 1122 παρέχεσθαι,
343 1072 454 1114 πεζῶν
473 1069 508 1107 δὲ
528 1070 695 1123 τέτταρας
713 1070 895 1122 μυριάδας.
919 1072 1041 1110 ——Id.
1065 1073 1123 1107 XI
1138 1098 1148 1116 ,

99 1142 140 1178 p.
170 1128 266 1174 528,
290 1129 336 1165 de
363 1131 555 1167 Armenia.
582 1132 627 1168 V.
654 1131 895 1179 Theophanis
914 1130 958 1166 fr.
989 1134 1010 1172 4
1041 1130 1081 1167 C.
1099 1152 1150 1157 —

100 1187 162 1222 Id.
185 1189 257 1223 VII
272 1214 281 1232 ,
298 1201 337 1235 p.
359 1188 432 1236 309
445 1215 454 1232 ,
475 1188 521 1223 de
539 1189 771 1224 Chersoneso
791 1190 952 1224 Taurica
965 1201 987 1224 a
1002 1190 1150 1224 Mithri-

101 1245 189 1281 date
215 1246 385 1284 subacta.
411 1247 507 1283 Vide
533 1248 731 1284 Posidonii
759 1248 971 1284 Rhodii'fr.
1010 1248 1074 1292 34.
1096 1250 1152 1284 Ex

98 1304 269 1339 hocloco
284 1303 440 1353 colligas
456 1306 728 1352 Apollonidem
748 1308 847 1343 inter
864 1307 1096 1342 Mithridatis
1114 1314 1151 1343 ct

99 1362 294 1398 Strabonis
318 1371 491 1412 tempora
505 1365 637 1401 vixisse
658 1364 669 1415 (
687 1363 834 1402 100-50
851 1378 884 1402 a.
905 1366 948 1404 C.
965 1363 988 1415 ).
1009 1387 1064 1393 —-
1076 1367 1150 1401 Pli-

100 1422 184 1456 nius
201 1423 249 1456 H.
274 1423 320 1460 N.
339 1423 432 1467 VII,
456 1435 476 1458 2
500 1435 508 1458 t
530 1424 619 1459 Esse
645 1426 807 1471 ejusdem
834 1428 979 1473 generis
1003 1428 1040 1459 in
1065 1426 1150 1460 Tre-

101 1480 211 1514 hallis
228 1488 267 1515 et
287 1482 430 1527 Iliyriis
451 1482 584 1528 adjicit
606 1485 793 1530 Isigonus,
821 1487 883 1531 qui
900 1487 983 1518 visu
1009 1496 1151 1531 quoque

93 1537 302 1583 fascinent,
336 1543 622 1589 interimuntque
648 1555 738 1589 quos
764 1543 903 1577 diutius
920 1546 1145 1588 intueantur,

102 1601 205 1631 iratis
210 1601 404 1646 praecipue
416 1600 529 1634 oculis
553 1613 561 1635 :
582 1602 681 1648 quod
697 1613 820 1636 eorum
839 1603 978 1636 malum
985 1599 1149 1647 sacIlius

100 1659 236 1691 sentire
254 1657 421 1705 puberes„
443 1659 483 1693 N
481 1659 652 1694 otabilius
665 1671 743 1694 esse
756 1661 1029 1709 quodpupillas
1045 1661 1149 1695 binas

103 1717 142 1747 in
158 1715 274 1749 oculis
285 1717 445 1761 singulis
458 1714 634 1753 habeant.
648 1718 766 1763 Hujus
780 1721 925 1764 generis
938 1726 975 1753 et
979 1716 1150 1763 seminas

103 1775 138 1806 in
155 1772 326 1819 Scythia,
353 1787 438 1821 quoe
457 1783 637 1810 vocantur
653 1776 816 1822 Bfflzyoe,
839 1777 967 1824 prodit
987 1778 1148 1824 Apollo-

102 1832 220 1868 nides.
242 1831 299 1869 Cf.
321 1832 471 1867 Solinus
492 1834 625 1880 Polyh.
643 1846 682 1881 p.
713 1847 726 1869 1
742 1862 752 1879 ,
771 1848 790 1880 7
806 1836 851 1871 E.

155 1889 497 1926 APOLLONIDES
510 1892 541 1926 N
546 1892 720 1928 ICENUS
732 1919 743 1937 ‚
759 1893 900 1928 Tiberii
918 1894 1150 1942 temporibus

103 1946 244 1992 floruit,
255 1955 347 1983 teste
365 1949 537 1996 Diogene
552 1951 704 1985 Laertio
719 1951 790 1998 IX,
815 1963 888 1999 1⁰9
909 1963 918 1989 ε
937 1949 1146 1988 Ἀπολλωνί-

103 2005 162 2050 δης
182 2006 199 2041 ὁ
223 2004 391 2052 Νικαευς,
420 2007 438 2042 ὃ
459 2008 543 2057 παρ’
561 2007 695 2055 ἡμῶν’
680 2022 715 2044 εν
736 2009 786 2045 τῶ
805 2007 935 2060 πρώτῳ
952 2010 1002 2047 E’
994 2025 1026 2052 ις
1051 2008 1149 2053 τους

103 2061 291 2105 Σίλλους
320 2064 672 2113 υπομνημάτων,
696 2065 718 2103 ἃ
752 2073 950 2120 προσφωνεῖ
989 2067 1146 2121 Ἰιόερίῳ

104 2119 272 2170 Καίσαρι.
291 2122 427 2158 Idem’
413 2137 447 2159 εν
468 2122 786 2173 ’Υπομνήματι
802 2125 906 2177 περὶ
925 2141 1148 2179 παραπρε·

103 2177 259 2221 σῧείας
278 2179 590 2229 Δημοσθένους
605 2183 782 2220 laudatur
809 2197 872 2234 ap.
904 2187 1147 2221 Ammonium

103 2240 157 2273 De
178 2239 257 2276 diff.
277 2240 383 2276 verb.
400 2252 437 2275 v.
460 2236 622 2291 ”Οφλειν.
647 2243 750 2290 Opus
761 2245 817 2278 Dc
832 2245 1045 2291 provelbiis
1060 2246 1149 2280 citat

105 2297 281 2344 Stephan.
312 2299 398 2345 Byz.
418 2309 428 2334 t
459 2296 609 2348 Τέρινα,
640 2299 739 2342 πόλις
759 2299 959 2344 Ἰταλίας...
993 2303 1150 2338 ἐκαλεῖτο

103 2353 138 2390 δὲ
155 2352 214 2390 καὶ
231 2353 367 2404 μεγάλη
386 2353 517 2398 Ἑλλὰς
532 2386 540 2402 ,
557 2358 602 2399 ὡς
623 2357 698 2394 Ἀπ,
718 2360 736 2395 ὁ
753 2357 904 2402 Νικαεὺς
918 2361 951 2397 ἐν
966 2362 1015 2412 τῷ
1036 2361 1070 2398 Π
1082 2376 1095 2397 ε
1108 2359 1149 2412 ρὶ

104 2414 374 2462 παροιμιῶν.
390 2434 443 2440 -
459 2415 573 2450 Aliud
587 2428 682 2463 opus
699 2416 811 2467 Περὶ
840 2417 1148 2470 κατεψευσμέ-

106 2484 186 2506 νων
209 2477 287 2506 erat
299 2470 436 2517 ,cujus
453 2473 604 2507 tertium
625 2474 765 2510 librum
783 2477 914 2512 laudat
931 2479 1150 2513 Ammonius

104 2542 140 2565 v.
163 2527 404 2575 Κατοίκησιςε
428 2530 704 2576 Κατοίκησις
725 2532 784 2569 καὶ
802 2534 1054 2578 κατοίκισις
1073 2536 1104 2572 δι
1095 2550 1141 2572 ·-α

105 2601 146 2638 τρε
138 2585 219 2638 ’ρει
239 2584 285 2628 ὥς
302 2600 406 2636 φησιν
426 2586 707 2633 Ἀπολλωνίδης’
693 2605 726 2626 εν
747 2605 795 2640 τῳ
815 2590 920 2643 τρίτῳ
942 2592 1029 2644 Περι
1045 2608 1147 2630 κατε-

105 2643 326 2695 ψευσμένων·
344 2644 557 2695 κατοίκισις
552 2645 612 2682 υιὲν
624 2646 690 2718 γάρ
707 2648 798 2684 ἐστιν
811 2651 832 2694 ἡ
848 2651 892 2701 ὑφ
895 2649 968 2687 ’έὲτ
953 2665 1040 2701 ερων
1054 2666 1149 2701 γινο-

45 2715 47 2719 ⁴
107 2716 193 2750 μενη
207 2700 358 2753 ι’δρυσις’
372 2702 572 2750 κατοίκησις
587 2703 635 2751 δὲ,
657 2703 737 2742 όταν
757 2706 853 2743 αὐτοί
875 2722 963 2750 τινες
980 2707 1148 2754 οἰκήσωσι

105 2758 209 2797 τόπον
230 2758 252 2805 ἢ
274 2759 373 2798 πόλιν
394 2763 471 2799 τινὰ
491 2762 759 2807 καταλαὸόντες·
779 2768 868 2815 οἷον,
889 2765 1061 2812 Ἀθηναῖοι
1085 2781 1148 2803 κα-

107 2816 269 2869 τῴκησαν
291 2818 353 2866 μὲν
370 2819 431 2865 τὴν
453 2819 663 2872 ἀκρόπολιν,
684 2822 884 2873 κατώκισαν
906 2824 941 2861 δὲ
963 2826 994 2861 οἱ
1014 2823 1146 2872 Ἴωνες,

106 2876 184 2914 κτλ.
204 2878 389 2913 Octavum
404 2880 544 2915 librum
559 2882 650 2917 citat
663 2885 852 2931 Anonym.
871 2885 912 2918 in
928 2885 1010 2921 Vita
1028 2886 1145 2930 Ami,

106 2947 145 2982 p.
167 2933 214 2970 55
228 2940 282 2978 ,4
299 2936 338 2970 in
361 2937 489 2986 Biogr.
518 2941 716 2976 Westerm.
743 2939 847 2983 ;Τὰς
866 2941 895 2977 δ’
918 2940 1092 2993 Ἀράτου’
1077 2957 1148 2979 επι·

107 2990 277 3034 στολὰς...
298 2991 438 3030 πάντων
458 2996 581 3045 σχεδὸν
603 2998 879 3049 συμφωνούντων
899 2997 959 3043 τὰς
977 3001 1023 3043 εἰς
1044 2999 1149 3038 αὐτὸν

109 3048 366 3101 ἀναφερομένας
397 3053 502 3089 αὐτου
524 3056 610 3091 εἰναι
639 3070 698 3092 και
716 3056 976 3107 ὁμολογούντων
1003 3058 1147 3108 γνησίας

105 3106 233 3153 αὐτὰς,
260 3107 361 3157 μόνος
382 3109 633 3158 Ἀπολλωνίδης
652 3116 670 3151 ὁ
696 3114 835 3167 Κηφευς
857 3115 1035 3166 (Νικαευς
1061 3131 1148 3154 cor-

104 3178 184 3203 rex.
202 3167 322 3206 Bentl.
343 3176 379 3204 et
395 3171 594 3209 VVesterm.
610 3171 672 3231 )jv
688 3173 737 3223 τῷ
750 3171 783 3218 η’
807 3172 914 3225 Περὶ
934 3176 1148 3227 κατεψευ-

106 3222 269 3272 σμένης
295 3226 495 3278 ἱστορίας
526 3229 588 3266 οὐκ
611 3232 697 3266 εἰναι
717 3229 820 3273 αὐτὰς
849 3231 992 3283 Ἀράτου
1021 3232 1147 3285 φησιν,

814 223 1094 264 APOLLONII
1121 223 1540 267 APHRODISIENSIS

1209 312 1237 351 δ’
1261 314 1366 352 αὐτου
1381 313 1503 354 τούτου
1518 330 1622 368 φησιν
1640 309 1727 354 εἶναι
1743 315 2048 367 ἐπιγεγραμμένας
2063 319 2251 372 Εὐριπίδου

1209 366 1406 411 ἐπιστολάς.
1444 370 1502 405 Ex
1533 369 1667 406 eodem
1702 383 1818 419 opere
1843 369 1994 407 fluxisse
2018 379 2136 420 putu,
2168 387 2251 423 quae

1209 428 1492 475 Harpocration
1507 441 1546 466 v,
1561 425 1644 466 Ἴων
1658 429 1801 466 habet:
1819 426 1981 481 Ἔγραψε
2003 427 2035 481 (⁷
2038 429 2160 482 Ιων)..
2166 431 2252 471 ,καὶ

1210 483 1394 537 φιλόσοφόν
1419 499 1452 522 τι
1472 483 1687 537 σύγγραμμα
1699 514 1709 533 ,
1726 484 1783 523 τὸν
1798 485 1980 539 Τριαγμὸν
2010 489 2246 541 ἐπιγραφρμε-

1210 557 1265 580 νον
1277 571 1288 589 ,
1305 542 1390 594 ὅπερ
1412 542 1643 594 Καλλίμαχος
1659 542 1898 595 ἀντιλέγεσθαί
1921 559 2023 597 φησιν
2040 547 2086 589 ὡς
2105 546 2252 598 Ἐπιγέ-

1211 614 1297 642 νους.
1310 598 1373 638 Ἔν
1394 599 1493 643 ἐνίοις
1507 599 1543 637 δὲ
1565 599 1626 638 καὶ
1644 601 1881 647 πληθυντικῶς
1899 603 2125 655 ἐπιγράφεται
2141 606 2252 655 Τρια-

1211 657 1313 707 γμοὶ,
1337 657 1428 695 καθὰ
1459 658 1660 709 Δημήτριος
1691 661 1709 697 ὁ
1725 660 1879 714 Σκήψιος
1900 660 1960 699 καὶ
1995 662 2248 710 Ἀπολλωνίδης

1211 717 1228 753 ὁ
1257 714 1422 765 Νικαεὺς,
1444 717 1521 754 κτλ.
1541 717 1601 767 (v.
1629 719 1732 756 Ionis
1751 720 1884 769 fragm.
1905 728 1998 759 torn.
2018 723 2078 769 ΙΙ,
2097 735 2139 772 p.
2161 722 2247 773 49).

1211 777 1326 825 Apud
1336 776 1489 813 Suidam
1502 777 1601 813 inter
1612 790 1729 826 opera
1738 780 1933 827 Apollonii
1948 781 2119 828 Dyscoli‚
2133 783 2252 818 Hero·

1216 835 1320 871 diani
1338 836 1478 884 patris,
1494 843 1712 872 recensetur
1738 837 1836 874 liber
1861 835 1949 890 Περὶ
1970 837 2252 890 κατεψευσμένης

1211 892 1373 945 ἱστορίας.
1383 895 1455 941 Qui
1467 907 1586 943 quum
1596 896 1693 931 male
1703 896 1864 944 quadret
1876 910 1962 933 cum
1974 899 2129 946 reliquis
2140 898 2254 961 hujus

1211 967 1255 1001 gt
1258 954 1447 989 ammaum
1461 954 1628 1002 scriptis,
1646 955 1819 1002 suspicor
1845 956 2091 1002 Apollonium
2122 970 2257 1007 perpe-

1211 1025 1293 1048 ram
1311 1013 1512 1049 confusum
1536 1026 1612 1050 esse
1629 1026 1715 1049 cum
1743 1013 1986 1062 Apollonide.
2015 1016 2136 1052 Fuere
2163 1017 2255 1052 olim

1213 1072 1279 1119 qui
1308 1072 1357 1107 ad
1382 1072 1579 1120 Apollonii
1601 1073 1700 1107 Hist.
1728 1071 1942 1108 Mirabilem
1963 1073 2115 1109 titulum
2142 1075 2255 1110 istum

1211 1129 1345 1165 referri
1357 1130 1507 1167 vellent.
1525 1130 1640 1177 Quod
1658 1143 1773 1178 quam
1792 1131 1840 1166 sit
1851 1131 1931 1166 veri
1945 1130 2139 1177 absimile,
2155 1131 2255 1169 bene

1213 1189 1389 1236 exposuit
1407 1189 1715 1226 Westermannus
1733 1190 1773 1225 in
1790 1189 2051 1239 Paradoxogr.
2072 1203 2113 1239 p.
2134 1191 2250 1230 XXI.

1267 1248 1323 1282 De
1339 1248 1567 1295 Apollonide
1574 1256 1690 1296 poeta
1707 1251 2019 1296 epigrammatum
2039 1262 2076 1288 v,
2097 1250 2252 1287 Jacobs,

1210 1306 1367 1341 Anthol.
1384 1312 1477 1341 tom.
1501 1306 1620 1355 XIII,
1639 1320 1680 1355 p.
1707 1305 1797 1349 854.
1815 1326 1856 1332 -
1874 1308 1928 1342 De
1939 1309 2015 1354 Ap.
2034 1310 2174 1355 tragico
2189 1319 2252 1357 ap.

1212 1363 1327 1401 Clem.
1350 1364 1457 1400 Alex.
1481 1364 1628 1412 Paedag.
1649 1365 1726 1410 111,
1753 1377 1814 1410 12,
1833 1364 1898 1410 84,
1914 1373 1952 1401 et
1964 1366 2154 1401 stobaeum
2170 1367 2254 1402 Flo-

1211 1423 1270 1456 ril.
1303 1421 1350 1457 63
1366 1449 1376 1467 ‚
1414 1422 1451 1467 3,
1471 1429 1507 1457 et
1537 1422 1584 1468 67
1599 1450 1610 1470 ‚
1632 1422 1654 1457 6
1670 1450 1679 1468 ,
1702 1435 1740 1460 v,
1758 1424 1939 1472 Wagner.
1961 1426 2110 1473 Fragm.
2139 1426 2251 1473 Trag.

1210 1492 1250 1527 p.
1278 1478 1365 1521 145.
1388 1500 1440 1507 -
1460 1482 1534 1528 Ap.
1545 1480 1794 1529 philosophus
1805 1486 1941 1517 stoicus
1959 1495 1996 1520 v.
2010 1483 2049 1517 in
2063 1483 2253 1520 Plutarch.

1211 1539 1344 1574 Caton.
1358 1539 1448 1577 min.
1470 1551 1504 1574 c.
1525 1537 1574 1574 65
1595 1552 1652 1586 sq.
1676 1539 1741 1588 69.
1755 1543 1895 1588 —Ap.
1915 1541 2070 1589 Cyprius
2087 1540 2256 1576 medicus

1211 1597 1452 1633 methodicus
1467 1610 1504 1633 v.
1527 1609 1590 1646 ap.
1607 1598 1735 1636 Galen.
1756 1599 1924 1636 Method.
1941 1599 2042 1638 med.
2069 1601 2087 1635 I
2100 1626 2111 1644 ‚
2126 1612 2166 1648 p.
2186 1599 2251 1643 43.

1647 1704 1819 1730 -...-.1

1244 1742 1248 1746 -
1298 1789 1759 1849 APOLLONIUS
1820 1793 2167 1850 APHRODI-

1505 1883 1509 1888 ’
1585 1868 1872 1926 SIENSIS.

1265 1978 1397 2014 Suidas
1418 1990 1426 2013 :
1456 1975 1682 2019 Ἀπολλώνιος
1707 1976 1955 2029 Ἀφροδισιεὺς,
1985 1977 2164 2030 ἀρχιερεὺς
2193 1978 2254 2017 καὶ

1211 2034 1396 2086 ἱστορικός.
1431 2033 1590 2086 Γέγραφε
1633 2036 1827 2084 Καρικοί,
1863 2035 1969 2087 Περὶ
2001 2035 2254 2088 Τράλλεων,

1214 2093 1301 2144 Περὶ
1322 2091 1479 2144 Ὀρφέως
1497 2092 1557 2130 καὶ
1573 2094 1641 2130 τῶν
1662 2094 1808 2130 τελετῶν
1829 2094 1949 2133 αὐτοῦ.

1264 2154 1509 2202 Apollonium
1537 2165 1584 2189 ex
1602 2153 1833 2202 Aphrodisia
1859 2154 1983 2191 Carioe
2001 2154 2096 2191 urhe
2117 2157 2256 2192 oriun-

1212 2213 1302 2248 dum
1315 2212 1427 2248 fuisse
1438 2213 1555 2248 titulis
1566 2212 1752 2247 librorum
1764 2239 1774 2258 ‚
1798 2225 1894 2261 quos
1910 2215 2124 2262 composuit
2136 2242 2147 2260 ,
2163 2227 2255 2264 pro-

1211 2271 1335 2307 batur.
1365 2270 1425 2304 Ibi
1450 2270 1566 2318 igitur
1592 2270 1633 2304 in
1657 2270 1903 2307 celeberrimo
1931 2273 2086 2309 Veneris
2113 2273 2255 2322 templo

1211 2329 1419 2364 sacerdotis
1448 2340 1604 2363 munere
1635 2327 1784 2364 functus
1810 2329 1936 2365 fuerit.
1964 2330 2020 2366 Ne
2047 2343 2120 2379 pro
2149 2339 2254 2369 certo

1213 2387 1423 2435 quidquam
1443 2386 1626 2422 affirmem
1637 2414 1647 2431 ‚
1663 2394 1793 2422 movet
1810 2387 1917 2422 locus
1935 2388 2115 2436 Stephani
2132 2389 2220 2437 Byz.
2243 2401 2253 2427 :

1213 2447 1350 2491 Λητοῦς
1365 2443 1486 2494 πόλις,
1507 2443 1606 2486 πόλις
1623 2443 1819 2495 Αἰγύπτου·
1841 2443 1914 2482 ἔστι
1932 2444 1967 2482 δὲ
1986 2447 2091 2497 μοῖρα
2110 2444 2254 2499 Μέμφι-

1212 2503 1314 2546 δος...
1330 2502 1378 2540 Τὸ
1396 2503 1525 2540 ἐθνικὸν
1543 2502 1802 2549 Λητοπολίτης·
1818 2502 1908 2540 οὕτω
1921 2502 1989 2555 γὰρ
2007 2504 2255 2556 Πολύστρατος

1213 2561 1271 2598 καὶ
1292 2560 1572 2603 Ἀπολλώνιος
1594 2563 1611 2598 ὁ
1640 2560 1867 2613 ἀρχιερεὺς
1899 2562 2008 2612 (vgo.
2043 2561 2251 2614 ἀρχιερέως)

1212 2618 1395 2669 λεγόμενος
1417 2619 1668 2670 ἀναγράφεται.
1687 2623 1787 2657 Num
1807 2622 1901 2656 alius
1920 2622 1983 2658 hie
2009 2623 2252 2671 Apollonius,

1212 2692 1258 2714 an
1277 2679 1405 2714 idem?
1423 2680 1523 2714 Num
1550 2691 1751 2728 perperam
1788 2688 1825 2715 et
1853 2681 2000 2716 diversa
2020 2681 2255 2717 confundens

1212 2737 1345 2772 Suidas
1373 2737 1707 2784 Aphrodisienscm
1737 2735 1901 2787 ἀρχιερέα
1924 2738 2037 2774 dixit?
2065 2740 2124 2775 An
2146 2739 2255 2775 Caria

1213 2795 1395 2830 oriundus
1424 2796 1538 2830 vitam
1558 2797 1597 2829 in
1618 2795 1784 2843 AEgypto
1818 2796 1943 2844 degit?
1962 2798 2018 2832 Tu
2036 2796 2178 2832 videas.
2201 2817 2253 2824 -

1211 2853 1370 2899 Quando
1386 2854 1523 2889 vixerit
1547 2861 1682 2888 auctor
1701 2854 1921 2889 Caricorum
1945 2849 2157 2890 accuratius
2175 2854 2252 2890 dici

1211 2912 1355 2958 nequit.
1375 2911 1573 2946 Ptolemaeo
1587 2911 1836 2959 Philadelpho
1849 2910 2043 2956 juniorem
2057 2911 2166 2948 fisisse
2179 2924 2251 2960 pa-

1209 2977 1262 3005 tet
1281 2981 1326 3004 cx
1347 2974 1390 3004 fr.
1420 2969 1479 3006 13.

1627 3037 1834 3074 ΚΑΡΙΚΑ.

1606 3118 1636 3153 L
1647 3119 1664 3152 I
1675 3119 1703 3153 B
1712 3119 1740 3153 E
1748 3119 1790 3153 R.
1821 3119 1852 3153 Ι.

1714 3189 1727 3212 1
1739 3203 1749 3213 .

1263 3236 1443 3284 Stephan.
1460 3237 1547 3283 Byz.
1572 3248 1579 3270 :
1599 3233 1814 3285 Κουρόπολις
1827 3263 1836 3283 ,
1850 3233 1947 3277 πόλις
1966 3235 2115 3287 Καρίας.
2136 3235 2253 3274 Ἀπολ-

107 3280 197 3318 ἀλλὰ
215 3281 384 3335 Σαὸιρίου
406 3284 572 3334 (Ἀσινίου
593 3300 663 3325 em.
682 3289 833 3338 Bergk.)
859 3289 1049 3334 Πολίωνος.
1072 3293 1145 3330 Γ
1107 3307 1145 3330 ου
1212 3290 1331 3335 λώνιος
1352 3293 1518 3344 Καρικῶν
1538 3291 1676 3346 πρῴτῳ.
1700 3293 1757 3331 Cf.
1777 3293 1825 3333 fr.
1851 3294 1888 3330 8-

109 3359 1641 3377 Ἣ

2215 3373 2244 3380 .-

1059 3405 1258 3444 CARICA.

686 3467 710 3493 1.
737 3465 915 3504 casopolis,
936 3465 1011 3497 urbs
1028 3467 1139 3498 Cariae.
1155 3468 1341 3507 Apollonius
1355 3467 1540 3500 Carieorum
1558 3467 1670 3508 primo.
