2326 3724
985 191 1316 232 FRAGMENTA.
2142 192 2190 223 83

52 282 112 324 καὶ
119 284 187 322 τῶν
199 281 370 335 σφετέρων
379 278 585 332 στερηθέντα
599 279 727 329 γερῶν,
742 274 1019 315 ἐπικαλέσασθαι
1029 289 1086 312 τον

53 341 220 389 Ἆττήλαν
235 339 325 379 κατὰ
335 342 402 378 τῶν
419 336 757 389 συμὸασιλευόντων,
771 335 829 372 τὸν
845 334 881 372 δὲ
898 333 946 385 μὴ
963 332 1092 384 μελλή-

53 415 163 440 σαντα
174 398 306 446 πολλὴν
317 397 494 450 ἐκπέμψαι
505 395 666 445 δύναμιν,
679 394 739 433 καὶ
750 392 844 443 τους
838 392 900 431 μὲν
913 391 1092 438 ἀνελόντα,

52 459 130 503 τους
157 457 193 496 δὲ
219 455 537 510 παραστησάμενον
567 456 687 493 καλεῖν
708 469 765 491 τον
789 451 1003 505 Κουρίδαχον
1026 452 1094 488 τῶν

53 516 261 568 νικητηρίων
277 517 357 566 μεθε
344 514 475 558 εξοντα.
490 512 561 552 Τὸν
578 512 613 550 δὲ
626 509 838 557 ἐπιδουλὴνε
826 509 1095 556 υποτοπήσαντα

0 575 2 581 '
54 575 177 624 εἰπεῖν,
196 576 242 617 ὡς
257 571 411 625 χαλεπὸν
428 571 597 624 ἀνθρώπῳ
616 571 751 608 ἐλθεῐν’
737 585 768 612 ες
784 568 860 622 ὄψιν
875 571 968 606 θεοῦ·
987 570 1016 605 εἷ
1029 566 1095 619 γὰρ

53 632 132 672 οὐδὲ
150 632 210 670 τὸν
230 636 291 670 τοῦ
310 631 409 678 ἡλίου
427 631 542 668 δίσκον
564 632 693 671 ἀτενῶς
704 628 805 673 ,ἔστιν
827 629 921 674 ἰδεῖν,
941 628 1015 670 πῶς
1038 625 1095 664 τὸν

56 691 218 742 μέγιστον
247 706 314 728 των
340 692 424 728 θεῶν
450 691 592 732 ἀπαθῶς
613 703 663 731 τις
682 687 817 741 ὄψοιτο;
848 685 969 726 Ούτως
991 683 1054 734 μὲν
1080 686 1097 722 ὃ

59 747 302 801 Κουρίδαγος”
284 763 415 799 εμεινεν
430 748 563 789 ἐπιτοῑς
579 746 753 798 σφετέροις
766 745 825 784 καὶ
841 742 1020 797 διεφύλαξε
1035 741 1097 789 τὴν

57 806 182 860 ἀρχὴν,
198 822 256 845 του
273 808 394 844 λοιποῦ
410 805 538 849 παντὸς
556 821 616 843 του
636 803 818 854 Κατζίρων
833 801 1096 854 (1.Ἀκατι’ρων)

57 865 172 909 ἔθνους
187 881 236 917 τῳ
257 864 407 916 Ἀττηλα
421 862 687 917 παραστάντος·
703 866 810 914 οὗπερ
826 861 938 904 ἔθνους
954 859 1099 912 βασιλέα

57 923 116 962 τὸν
142 922 376 976 πρεσὸύτερον
399 925 468 960 τῶν
489 922 623 960 παίδων
652 924 873 966 καταστῆσαι
896 919 1100 971 βουλόμενος

58 982 269 1033 Ὀνηγήσιον
292 981 349 1019 ἐπὶ
364 980 493 1029 ταύτην
514 980 687 1030 ἐκπέμπει
717 979 780 1025 τὴν
809 978 946 1030 πρᾶξιν.
969 978 1032 1018 Διὸ
1058 977 1099 1025 δὴ

57 1040 117 1080 καὶ
136 1043 248 1090 ἡμᾶς,
275 1042 322 1083 ὡς
346 1038 505 1092 εἴρηται,
527 1038 702 1090 ἐπιμεῖναι
726 1036 1098 1090 παρακελευσάμενος,

58 1099 116 1137 τὸν
135 1098 280 1149 Βιγίλαν
311 1099 481 1151 διαφῆκεν
509 1097 586 1147 ἅμα
605 1095 727 1148 Ἤσλᾳ
755 1095 925 1149 προφάσει
953 1094 1015 1146 μὲν
1033 1097 1102 1134 τῶν

60 1157 220 1210 φυγάδων
235 1159 268 1202 ἐς
281 1155 343 1203 τὴν
358 1156 548 1207 Ῥωμαίων
564 1155 831 1206 διαὸησόμενον,
847 1157 889 1207 τῇ
905 1155 940 1192 δὲ
958 1154 1102 1206 ἀληθείᾳ

59 1219 109 1269 τῷ
126 1215 294 1255 Ἔδέκωνι
313 1214 352 1253 τὸ
368 1213 508 1267 χρυσίον
529 1217 730 1263 κομιοῦντα.

113 1277 186 1314 'lou
204 1274 236 1312 δὲ
254 1273 410 1325 Βιγίλα’
395 1271 667 1325 εξορμησαντος,
685 1271 768 1321 μίαν
787 1270 876 1322 μετὰ
890 1270 985 1317 τὴν’
970 1271 1100 1310 εκείνου

62 1333 287 1402 ἀναχώρησιν
304 1331 438 1383 ἡμέραν
459 1330 712 1381 ἐπιμείναντες,
728 1346 772 1382 τη
793 1328 957 1382 ὑστεραίᾳ
981 1329 1038 1367 ἐπὶ
1057 1329 1102 1367 τὰ

62 1390 299 1445 ἀρκτικωτερα
331 1393 391 1436 τ’ἧς
417 1404 536 1442 χωρας
572 1388 633 1426 συν
668 1388 819 1440 Ἀττήλᾳ
849 1387 1099 1440 επρρεύθημεν.

65 1450 136 1490 Και
162 1449 243 1502 ἄχρι
264 1447 353 1492 τιν’ὸς
379 1450 430 1501 τῷ
461 1447 629 1500 βαρὸάρω
661 1447 956 1499 συμπροελθόντες
981 1446 1102 1499 ἑτέραν

61 1509 140 1547 ὁδὸν
159 1507 375 1561 ε’τράπημεν,
391 1509 459 1545 τῶν
477 1505 706 1557 ξεναγούντων
728 1508 819 1554 ἡμᾶς
839 1508 982 1545 Σκυθῶν
999 1509 1100 1544 τοῦτο

63 1570 173 1606 ποιεῖν
193 1564 554 1618 παρακελευσαμένων
567 1595 576 1611 ,
597 1567 643 1608 ὡς
669 1568 732 1603 τοῦ
753 1564 901 1611 Ἀττήλα
923 1566 955 1607 ἐς
980 1564 1103 1614 κώμην

63 1629 140 1664 τινὰ
156 1625 394 1677 παρεσομένου
406 1656 416 1673 ,
433 1626 466 1662 ἐν
483 1619 506 1676 ἧ
524 1625 648 1676 γαμεῖν
663 1624 834 1675 θυγατέρα
849 1622 990 1673 Ἐσκὰμ
1006 1622 1105 1661 ἐδού-

63 1687 160 1732 λετο,
187 1683 353 1726 πλείστας
373 1682 434 1734 μὲν
465 1682 555 1735 ἔχων
583 1681 759 1734 γαμετὰς,
782 1681 949 1733 ἀγόμενος
978 1681 1015 1720 δὲ
1044 1681 1105 1720 καὶ

65 1742 194 1789 ταύτην
217 1741 308 1780 κατὰ
327 1740 430 1791 νόμον
460 1741 517 1779 τὸν
539 1741 724 1780 Σκυθικόν.
750 1740 908 1780 Ἐνθένδε
938 1740 1105 1792 ἐπορευό-

19 1834 22 1835 ⁷
65 1805 152 1852 μεθα
172 1801 247 1839 ὁδὸν
267 1799 422 1851 ὁμαλὴν,
444 1801 477 1838 ἐν
497 1799 607 1837 πεδίω
626 1798 811 1846 κειιένην,
828 1798 1051 1851 ναυσιπόροις
1066 1814 1105 1836 τε

63 1859 326 1911 προσεὸάλομεν
356 1864 525 1908 ποταμοῖς
539 1887 549 1905 ,
588 1862 636 1896 ὡν
671 1859 703 1896 οἵ
735 1857 891 1908 μέγιστοι
924 1857 1013 1908 μετὰ
1042 1857 1100 1896 τὸν

63 1917 238 1970 Ἴστρον“’
217 1934 235 1956 ο
254 1933 292 1956 τε
310 1917 458 1971 Δρήκων
477 1917 660 1968 λεγόμενος
674 1916 736 1955 καὶ
752 1920 770 1955 ὁ
787 1917 898 1968 Ἱίγας
918 1932 978 1954 και
1002 1919 1105 1956 ὁΤι-

64 2056 137 2079 mus
149 2047 291 2087 accipere
313 2046 478 2078 debuerat.
497 2046 567 2086 lile,
591 2047 748 2086 tanquam
769 2046 973 2085 contemptus
987 2045 1021 2077 et
1049 2044 1109 2077 sibi

64 2098 179 2130 debitis
205 2097 343 2139 praemiis
368 2098 538 2129 frustratus
548 2121 556 2135 ,
582 2097 715 2129 Attilam
743 2098 854 2128 contra
871 2099 995 2128 ceteros
1021 2105 1110 2136 reges

65 2150 184 2182 auxilio
200 2149 382 2181 vocaverat.
398 2151 428 2180 1s
436 2148 513 2180 nihil
525 2150 706 2188 cunctatus,
720 2157 836 2188 magno
845 2148 987 2180 exercitu
995 2148 1110 2180 emisso

65 2210 177 2234 eorum
190 2201 268 2232 alios
279 2199 427 2239 sustulit,
441 2200 521 2232 alios
541 2200 581 2232 ad
594 2200 787 2232 deditionem
806 2199 971 2240 compulit.
991 2199 1111 2232 Deinde

66 2252 282 2285 Curidachum
300 2251 341 2283 ad
353 2261 386 2284 se
401 2254 507 2292 vocat,
527 2253 680 2292 tanquam
697 2251 741 2283 illi
755 2260 827 2292 quae
840 2260 882 2283 ex
892 2251 1024 2283 victoria
1036 2260 1110 2283 con·

66 2306 193 2338 secutus
219 2304 340 2344 suerat,
364 2304 593 2345 impertiturus.
638 2304 700 2337 Sed
714 2305 784 2344 iste,
804 2304 915 2336 dolum
934 2305 967 2336 et
986 2304 1111 2337 insidias

67 2357 243 2397 suspicatus
254 2380 263 2395 ,
282 2355 410 2387 difficile
429 2357 461 2387 et
475 2365 572 2396 grave
589 2364 657 2388 esse
674 2356 796 2388 bomini
815 2356 993 2397 respondit,
1012 2357 1044 2388 in
1059 2356 1110 2388 dei

67 2409 273 2448 conspectum
290 2407 409 2439 venire.
428 2407 460 2438 Si
477 2407 561 2439 enim
574 2407 714 2440 immotis
729 2408 831 2440 oculis
848 2408 922 2440 solis
936 2408 1047 2440 orbem
1060 2408 1111 2440 in-

67 2459 149 2491 tueri
168 2468 263 2491 nemo
286 2459 412 2499 potest,
441 2459 603 2499 quomodo
618 2459 690 2500 quis
705 2460 773 2491 sine
796 2468 888 2491 sensu
904 2460 1021 2492 doloris
1037 2469 1111 2492 cum

67 2511 199 2543 deorum
211 2510 351 2542 maximo
358 2510 579 2550 congrediatur
586 2513 600 2542 ἲ
608 2512 711 2551 Atque
719 2511 764 2543 ita
773 2511 971 2544 Curidachus
978 2520 1111 2552 regnum

68 2571 191 2603 suaque
214 2561 323 2593 omnia
337 2561 424 2593 salva
441 2562 501 2593 sibi
516 2563 549 2594 et
566 2563 688 2602 integra
706 2563 922 2602 conservavit,
935 2566 968 2596 et
992 2564 1113 2604 reliqua

67 2614 171 2646 omnis
184 2613 367 2645 Acatiorum
381 2613 466 2653 regio
480 2613 574 2653 injus
587 2613 806 2656 ditionemque
826 2615 934 2647 Attilae
948 2615 1112 2648 concessit.

69 2665 105 2698 Ei
128 2665 214 2706 genti
233 2673 335 2704 quum
356 2665 511 2697 seniorem
528 2674 567 2697 ex
587 2665 659 2697 tiliis
672 2675 778 2707 regem
794 2667 906 2698 Attilas
921 2667 1114 2699 constituere

69 2716 278 2756 decrevisset,
292 2715 332 2748 ad
349 2716 431 2748 hanc
448 2724 516 2748 rem
531 2716 760 2749 conficiendam
772 2717 963 2758 Onegesium
974 2718 1113 2751 miserat.

70 2769 183 2808 ltaque
196 2776 254 2799 nos
266 2769 450 2807 exspectare
460 2791 470 2806 ,
486 2769 524 2799 ut
539 2767 662 2800 dictum
678 2770 737 2807 est,
747 2768 880 2809 jubens,
895 2769 1027 2810 Bigilam
1039 2779 1114 2802 cum

72 2819 143 2850 Esla
167 2818 208 2850 ad
225 2820 385 2850 Romanos
397 2819 594 2860 amandavit,
612 2820 716 2861 specie
734 2820 865 2861 quidem
881 2822 1114 2863 transfugarum

73 2870 316 2911 repetendorum
329 2895 339 2911 ,
361 2871 417 2903 sed
435 2880 546 2904 revera
557 2896 567 2913 ,
588 2874 625 2905 ut
637 2882 752 2905 aurum
771 2873 911 2906 Edecoui
925 2875 1115 2916 promissum

71 2922 214 2954 afferret.

112 2976 187 3006 Post
216 2974 323 3015 Bigilae
344 2974 517 3008 discessum
533 2985 634 3008 unum
658 2978 785 3010 tantum
806 2978 894 3010 diem
909 2979 943 3010 in
966 2979 1015 3011 his
1039 2979 1117 3012 locis

72 3026 278 3066 commorati,
300 3027 450 3067 postridie
478 3036 542 3059 una
558 3037 632 3060 cum
648 3029 746 3062 Attila
763 3029 802 3061 ad
816 3030 884 3062 loca
898 3031 997 3071 magis
1015 3031 1056 3063 ad
1071 3040 1116 3064 se·

73 3077 296 3117 ptemtrionem
314 3078 475 3119 vergentia
490 3080 622 3120 profecti
644 3089 765 3113 sumus.
784 3081 877 3114 Haud
903 3082 1034 3123 longum
1057 3084 1118 3115 viae

73 3128 210 3168 spatimn
235 3138 310 3161 cum
334 3130 477 3163 barbaris
505 3132 675 3172 progressi,
694 3132 757 3165 alio
773 3132 833 3165 iter
853 3134 1024 3175 vertimus,
1038 3136 1117 3175 Scy·

73 3180 154 3222 this,
170 3181 224 3222 qui
236 3182 320 3214 viam
330 3182 490 3216 ducebant
501 3208 510 3223 ,
529 3193 588 3216 nos
607 3184 639 3216 id
657 3185 966 3226 facerejubentihus.
1004 3188 1118 3220 Attilas

73 3231 193 3264 interea
206 3233 239 3265 in
254 3233 391 3274 quodam
404 3235 476 3266 vico
489 3235 650 3274 substitit,
666 3237 699 3268 in
712 3246 776 3278 quo
792 3238 891 3270 filiam
909 3241 1020 3271 Escam
1036 3248 1118 3271 uxo-

74 3292 159 3323 rem,
171 3285 228 3317 etsi
243 3286 347 3326 plures
356 3287 434 3319 alias
445 3287 577 3320 haberet
587 3313 595 3327 ‚
609 3289 799 3329 Scytharum
811 3290 930 3330 legibus
941 3291 971 3323 id
991 3292 1118 3331 permit-

74 3335 233 3375 tentibus,
255 3336 371 3369 ducere
385 3339 498 3371 voluit.
517 3339 607 3371 lllinc
623 3340 707 3372 sacili
723 3343 755 3373 et
782 3342 897 3382 aequali
912 3343 961 3374 via
979 3351 1034 3382 per
1049 3343 1117 3384 pla·

75 3386 184 3419 niuem
204 3387 264 3420 iter
286 3389 418 3422 fecimus
430 3414 438 3429 ,
458 3392 491 3422 et
509 3391 541 3422 in
557 3392 676 3424 multos
701 3392 815 3424 fluvios
832 3394 1024 3433 navigabiles
1041 3395 1115 3426 inci-

1156 272 1268 325 φησας
1287 288 1345 319 ην.
1379 270 1451 310 Και
1473 270 1613 312 τούτους
1633 269 1695 319 μὲν
1725 269 1983 320 ἐπεραιώθημεν
2003 269 2072 311 τοῖς
2093 284 2195 319 μονο·

1154 331 1263 375 ξύλοις
1290 329 1441 376 πλοίοις,
1473 332 1521 371 οἷς
1551 330 1583 366 οἱ
1612 331 1877 376 προσοικοῦντες
1903 326 1980 370 τους
2017 327 2197 376 ποταμοὺς

1155 389 1362 441 κέχρηνται·
1374 388 1452 431 τους
1464 387 1499 425 δὲ
1513 385 1651 430 λοιπους
1664 391 1739 429 ταῖς
1756 385 1909 437 σχεδίαις
1926 384 2198 435 διεπλεύσαμεν,

1157 448 1196 492 ἃς
1215 447 1275 486 ἐπὶ
1295 449 1363 485 τῶν
1384 446 1526 496 ἁμαξῶν
1543 447 1574 483 οἱ
1603 444 1774 497 βάρὸαροι
1794 442 1851 481 διὰ
1877 442 1954 487 τοὺς
1972 443 2199 493 λιμνάζοντας

1157 507 1298 560 φέρουσι
1327 504 1468 548 τόπους.
1499 504 1758 575 Ἐχορηγοῧντο
1783 501 1818 540 δὲ
1845 504 1929 575 ἡμῖν
1959 500 2050 539 κατὰ
2078 501 2199 551 κώμας

1157 563 1302 618 τροφαὶ,
1322 563 1398 601 ἀντι
1417 562 1479 613 μὲν
1500 562 1595 600 σίτου
1616 561 1782 613 κέγχρος,
1806 559 1882 598 ἀντι
1899 558 1935 598 δε
1954 559 2044 598 οἴνου
2063 562 2080 597 ὁ
2100 559 2201 610 μέδος

1158 621 1353 674 ἐπιχωρίως
1368 620 1591 671 καλούμενος.
1609 620 1836 669 Ἐκομίζοντο
1856 618 1892 657 δὲ
1913 618 1973 657 καὶ
1987 620 2018 657 οι
2035 618 2200 668 ἑπόμενοι

1159 682 1242 731 ἡμῖν
1266 679 1437 732 ὑπηρέται
1455 678 1602 731 κέγχρον
1623 679 1681 716 καὶ
1694 678 1733 716 τὸ
1751 681 1790 716 ἐκ
1808 679 1934 730 κριθῶν
1950 676 2203 729 χορηγούμενον.

1159 739 1276 813 πόμα·
1300 739 1411 789 κάμον
1432 740 1463 776 οἱ
1491 739 1661 790 βάρὸαροι
1687 738 1852 779 καλοῦσιν
1877 736 1973 775 αὐτό.
1997 734 2150 787 Μακρὰν
2168 735 2203 772 δὲ

1161 798 1347 841 ἀνύσαντες
1380 797 1458 835 ὁδὸν
1489 797 1568 849 περὶ
1601 796 1717 842 δείλην
1749 795 1852 849 ὀψίαν
1885 794 2204 844 κατεσκηνώσαμεν

1161 858 1247 911 πρὸς
1273 857 1377 908 λίμνῃ
1406 872 1492 903 τινι,
1515 855 1661 907 πότιμον
1682 855 1774 907 ύδωρ
1804 853 1952 906 εχούσῃ,
1972 854 2056 906 ὅπερ
2084 855 2115 891 οἱ
2143 855 2206 900 τ’ἧς

1161 916 1308 962 πλησίον
1330 915 1510 968 υδρεύοντο
1526 914 1659 990 κώμης.
1678 914 1866 964 Πνεῦμα“
1848 912 1883 950 οὲ
1903 928 1963 950 και
1983 910 2142 950 θύελλα
2127 910 2206 956 εξα-

1161 973 1262 1022 πίνης
1276 975 1494 1012 διαναστασα
1512 973 1599 1023 μετὰ
1620 975 1770 1026 βροντῶν
1787 988 1847 1011 και
1863 973 2001 1024 συχνῶν
2015 972 2204 1023 ἀστραπῶν

1164 1033 1224 1071 καὶ
1244 1033 1378 1085 ὄμὸρου
1399 1035 1528 1072 πολλοῦ
1546 1034 1584 1070 οὗ
1603 1033 1705 1083 μόνον
1728 1033 1828 1081 ἡμῶν
1851 1031 2015 1083 ἀνέτρεψε
2033 1030 2095 1076 τὴν
2116 1045 2207 1076 σκη-

1163 1091 1245 1142 νὴν,
1265 1092 1355 1130 ἀλλὰ
1378 1093 1437 1130 καὶ
1456 1091 1518 1139 τὴν
1544 1090 1764 1137 κατασκευὴν
1787 1090 1977 1141 σύμπασαν
2008 1090 2040 1132 ἐς
2060 1089 2097 1127 τὸ
2117 1088 2208 1140 ὕδωρ

1164 1151 1303 1190 ἐκύλισε
1321 1155 1383 1197 τῆς
1402 1151 1539 1201 λίμνης.
1560 1150 1653 1190 Ἵ“πὸ
1681 1150 1718 1188 δὲ
1738 1153 1800 1197 τῆς
1829 1148 2025 1200 κρατούσης
2043 1147 2102 1186 τὸν
2123 1147 2209 1200 ἀέρα

1164 1214 1321 1263 ταραχῆς
1341 1210 1402 1248 καὶ
1429 1214 1490 1249 τοῦ
1512 1209 1709 1260 συμὸάντος
1739 1207 2007 1259 δειματωθέντες
2023 1207 2062 1246 τὸ
2080 1207 2209 1260 χωρίον

1166 1269 1402 1320 ἀπελείπομεν
1427 1269 1486 1307 καὶ
1507 1269 1667 1314 ἀλλήλων
1688 1266 1944 1320 ἓχωριζόμεθα,
1967 1269 2012 1309 ὡς
2039 1268 2074 1304 ἐν
2094 1266 2212 1318 σκότῳ

1165 1326 1225 1364 καὶ
1251 1329 1357 1380 ὑετῷ,
1386 1326 1575 1379 τραπέντες
1604 1326 1681 1365 ὁδὸν
1709 1327 1752 1373 ἣν
1783 1327 1878 1378 αὑτῷ
1911 1324 2032 1378 ῥᾳδίαν
2067 1322 2211 1367 ἕκαστος

1165 1383 1303 1424 ἔσεσθαι
1320 1385 1421 1437 ᾤετο.
1444 1386 1503 1430 Ἐς
1523 1386 1558 1424 δὲ
1579 1385 1640 1429 τὰς
1655 1384 1812 1428 καλύὲας
1830 1388 1891 1431 τ’ῆς
1912 1382 2034 1432 κώμης
2054 1398 2211 1433 παραγε-

1166 1444 1303 1495 νόμενοι
1326 1444 1406 1496 (τὴν
1428 1444 1535 1492 αὐτὴν
1561 1444 1596 1482 δὲ
1619 1444 1746 1487 πάντες
1769 1443 1941 1495 διαφόρως
1968 1441 2210 1495 ἐτράπημεν),

1167 1505 1199 1546 ἐς
1221 1502 1345 1541 ταύτὸν
1364 1503 1548 1555 συνῄειμεν
1561 1534 1571 1552 ,
1590 1502 1650 1541 καὶ
1671 1505 1739 1540 τῶν
1757 1499 2044 1550 ἀπολειπομένων
2066 1499 2127 1538 σὺν
2148 1503 2212 1552 βοῇ

1166 1561 1229 1609 τὴν
1247 1563 1389 1608 ζήτησιν
1410 1560 1634 1612 ἐποιούμεθα.
1659 1560 1950 1607 Ἐκπηδήσαντες
1970 1558 2006 1596 δὲ
2026 1561 2056 1597 οἱ
2078 1559 2213 1597 Σκύθαι

1167 1621 1223 1658 διὰ
1243 1621 1300 1659 τὸν
1321 1621 1486 1674 θόρυὸον,
1508 1621 1585 1664 τοὺς
1605 1620 1784 1670 καλάμους
1803 1613 1851 1663 οἷς
1873 1618 1957 1672 πρὸς
1976 1621 2025 1670 τῷ
2049 1618 2130 1670 πυρὶ
2155 1617 2214 1655 κε’-

1171 1696 1322 1732 χρηνται
1352 1680 1532 1731 ἀνέκαιον,
1567 1682 1638 1732 φῶς
1667 1678 1912 1731 ἐργαζόμενοι,
1941 1677 2000 1715 καὶ
2030 1675 2217 1729 ἀνηρώτων

1171 1738 1236 1777 ὅτι
1255 1738 1459 1790 βουλόμενοι
1479 1738 1715 1792 κεκράγαμεν.
1737 1740 1818 1777 Τῶν
1836 1736 1872 1775 δὲ
1893 1735 1954 1774 σὺν
1977 1736 2061 1786 ἡμῖν
2083 1735 2218 1788 βαρὲά-

1173 1814 1239 1851 ρων
1263 1798 1569 1851 ἀποκριναμένων,
1589 1800 1634 1841 ὡς
1651 1797 1708 1835 διὰ
1731 1797 1788 1835 τὸν
1805 1798 1966 1849 χειμῶνα
1985 1794 2214 1847 διαταραττό-

1170 1861 1258 1907 μεθα
1271 1887 1280 1904 ,
1299 1856 1384 1910 πρὸς
1401 1863 1488 1910 σφᾶς
1506 1872 1543 1895 τε
1562 1855 1684 1900 αὐτοὺς
1703 1857 1889 1899 καλοῦντες
1907 1853 2138 1906 ὑπεδέχοντο,
2160 1854 2219 1891 καὶ

1170 1916 1276 1954 ἀλεὰν
1295 1923 1464 1969 παρεῖχον
1481 1915 1661 1966 καλάμους
1675 1914 1856 1958 πλείστους
1873 1913 2066 1956 ἐναύοντες.
2084 1914 2159 1959 Τῆς
2185 1912 2220 1950 δὲ

1172 2044 1290 2077 dimus.
1310 2047 1457 2082 Quorum
1474 2046 1546 2085 post
1572 2047 1689 2078 Istrum
1706 2043 1838 2075 maximi
1855 2044 1930 2074 sunt
1948 2044 2073 2074 Drecou
2099 2040 2220 2079 dictus,

1172 2098 1204 2128 et
1217 2097 1312 2136 Tigas
1333 2097 1366 2128 et
1394 2097 1558 2137 Tiphesas.
1579 2099 1618 2128 Et
1635 2097 1693 2127 hos
1708 2095 1839 2136 quidem
1859 2093 2014 2126 naviculis
2029 2092 2125 2125 unico
2140 2092 2224 2133 ligno

1171 2149 1341 2188 confectis,
1359 2157 1440 2189 quas
1468 2149 1500 2180 in
1516 2148 1703 2189 quotidiano
1720 2156 1780 2179 usu
1808 2147 1927 2178 liabent
1945 2146 1999 2186 qui
2022 2145 2062 2177 ad
2091 2145 2224 2176 flumina

1171 2199 1332 2237 habitant,
1348 2200 1488 2240 reliquos
1499 2200 1628 2238 ratibus,
1643 2208 1725 2240 quos
1736 2198 1862 2230 barbari
1876 2198 2026 2229 curribus
2039 2198 2222 2238 imponunt,

1171 2252 1204 2283 et
1222 2260 1278 2291 per
1296 2251 1367 2283 loca
1393 2252 1606 2292 restagnantia
1628 2251 1821 2291 important,
1848 2250 2043 2290 traiecimus.
2062 2251 2225 2289 Congere-

1172 2303 1290 2334 bantur
1306 2311 1382 2334 vero
1404 2303 1499 2334 nobis
1515 2312 1555 2335 ex
1571 2303 1650 2334 vicis
1669 2303 1869 2334 commeatus
1881 2326 1890 2340 ‚
1913 2310 1970 2342 pro
1987 2301 2148 2332 frumento
2164 2301 2226 2331 mi-

1171 2354 1270 2393 lium,
1291 2363 1349 2395 pro
1373 2354 1446 2386 vino
1465 2355 1596 2396 medus3
1613 2355 1659 2386 sic
1684 2354 1768 2386 enirn
1795 2355 1940 2385 locorum
1966 2353 2079 2385 incolae
2096 2354 2222 2384 vocant.

1174 2406 1264 2438 Servi
1276 2415 1405 2448 quoque
1417 2430 1425 2445 ,
1439 2406 1494 2447 qui
1509 2415 1568 2438 nos
1581 2405 1831 2444 comitabantur,
1845 2405 1970 2436 milium
1983 2403 2183 2445 accipiebant
2195 2405 2227 2434 et

1173 2458 1336 2498 potionem
1365 2467 1403 2490 ex
1427 2457 1547 2490 hordeo
1559 2482 1567 2495 ,
1597 2467 1695 2498 quam
1727 2466 1856 2488 camum
1895 2456 2021 2488 barbari
2053 2455 2223 2496 appellant.

1175 2510 1281 2550 Longa
1296 2510 1347 2542 via
1361 2511 1524 2549 confecta,
1543 2509 1594 2542 die
1612 2509 1652 2541 ad
1669 2510 1795 2541 noctem
1810 2509 2001 2547 inclinante,
2018 2507 2058 2539 ad
2078 2506 2227 2547 paludem

1173 2561 1354 2602 quandam,
1371 2562 1411 2593 ad
1439 2571 1538 2603 quam
1564 2563 1720 2602 aquatum
1736 2561 1747 2602 (
1761 2562 1830 2593 erat
1846 2560 1931 2592 enim
1945 2560 2015 2599 ejus
2037 2568 2121 2600 aqua
2138 2560 2227 2599 potui

1174 2615 1271 2656 apta)
1289 2615 1427 2656 proximi
1449 2615 1511 2647 vici
1532 2615 1644 2647 incolae
1662 2614 1767 2653 ibant,
1793 2614 1931 2646 tentoria
1956 2613 2096 2644 fiximus.
2117 2615 2229 2652 ingens

1174 2668 1289 2699 ventus
1301 2668 1332 2699 et
1346 2667 1486 2708 procella
1504 2666 1675 2707 derepente
1699 2667 1812 2698 exorta
1836 2674 1910 2696 cum
1927 2666 2046 2696 tonitru
2063 2666 2095 2696 et
2110 2663 2229 2695 crebris

1175 2717 1354 2759 fulguribus
1370 2722 1400 2751 et
1417 2719 1520 2750 multo
1535 2718 1638 2750 imbre
1660 2717 1836 2750 tentorium
1854 2718 2001 2748 nostrum
2026 2716 2171 2756 disjecit,
2197 2717 2230 2746 et

1175 2770 1283 2802 omnia
1296 2771 1406 2802 nostra
1422 2770 1571 2802 utensilia
1597 2770 1629 2801 in
1647 2769 1825 2810 proximam
1843 2768 1993 2809 paludem
2010 2768 2122 2800 volvit.
2148 2770 2229 2799 Tur·

1175 2821 1304 2853 binibus
1316 2822 1348 2853 in
1363 2831 1436 2854 aere
1461 2821 1627 2859 excitatis,
1644 2822 1675 2853 et
1700 2829 1775 2852 casu
1786 2844 1795 2860 ,
1812 2821 1868 2860 qui
1885 2820 2080 2859 contigerat,
2106 2821 2229 2860 perter-

1176 2875 1305 2914 refacti,
1321 2875 1430 2906 locum
1446 2875 1536 2906 illum
1565 2873 1783 2913 deseruimus,
1809 2876 1842 2905 et
1860 2873 2039 2910 dissociati,
2064 2873 2128 2904 huc
2154 2873 2230 2903 illuc

1177 2926 1338 2967 palantes,
1354 2926 1438 2957 viam
1454 2927 1675 2966 unusquisque
1691 2926 1837 2956 nostrum
1848 2949 1857 2963 ,
1877 2934 1976 2965 quam
1998 2924 2056 2956 sibi
2082 2932 2229 2955 commo-

1177 2979 1252 3011 dam
1263 2979 1372 3018 duxit,
1386 2979 1446 3010 sub
1453 2978 1593 3010 tenebris
1605 2980 1637 3010 et
1649 2977 1805 3009 imbribus
1818 2979 1865 3009 est
1878 2978 2074 3018 persecutus.
2086 2976 2228 3008 Tandem

1178 3032 1304 3072 tuguria
1321 3031 1382 3063 vici
1398 3031 1574 3064 subeuntes
1597 3031 1696 3071 (illuc
1712 3030 1796 3062 enim
1811 3030 1918 3062 divisis
1931 3029 2096 3061 itineribus
2118 3037 2230 3060 omues

1178 3083 1435 3122 diverteramus)
1458 3083 1685 3122 convenimus,
1699 3083 1731 3114 et
1744 3090 1794 3122 ea,
1809 3090 1880 3122 quae
1893 3081 1985 3112 nobis
1997 3081 2140 3119 deerant,
2155 3089 2229 3111 cum

1178 3136 1316 3168 clamore
1327 3135 1581 3176 perquisivimus.
1599 3135 1645 3167 Ad
1653 3144 1750 3175 quem
1763 3135 1930 3175 strepitum
1942 3134 2068 3174 Scythae
2081 3132 2229 3165 exsilien-

1178 3189 1239 3227 tes,
1255 3188 1407 3227 calamos,
1421 3187 1539 3227 quibus
1554 3187 1618 3219 ad
1610 3196 1713 3227 ignem
1723 3188 1871 3225 utuntur,
1889 3185 2115 3223 accenderunt,
2133 3186 2229 3223 atque

1180 3241 1367 3280 comparato
1383 3239 1429 3271 sic
1441 3239 1574 3278 lumine,
1592 3240 1732 3278 interrog
1733 3239 1840 3277 arunt,
1858 3237 1935 3278 quid
1949 3237 2040 3268 nobis
2055 3237 2227 3273 vellemus,

1179 3292 1236 3333 qui
1253 3293 1357 3324 tantos
1374 3292 1530 3324 clamores
1545 3292 1724 3324 ederemus
1750 3291 1901 3330 Barbari,
1927 3290 1983 3330 qui
2014 3298 2072 3321 nos
2099 3288 2228 3320 comita-

1179 3343 1316 3382 bantur,
1341 3343 1593 3384 responderunt,
1619 3351 1677 3374 nos
1695 3343 1883 3382 tempestate
1908 3340 2070 3381 perculsos
2092 3338 2228 3371 turbari.

1184 3396 1295 3436 ltaque
1308 3404 1366 3427 nos
1388 3394 1561 3426 liberaliter
1578 3395 1729 3425 invitatos
1745 3393 1883 3433 hospitio
1901 3392 2112 3432 exceperunt,
2127 3392 2159 3422 et
2175 3399 2229 3421 ca-

2053 3450 2078 3474 o.
