2372 3704
951 249 1085 287 LAETl
1115 246 1456 287 FRAGMENTA.

624 343 682 381 13.

180 420 236 457 ld.
260 433 292 457 e.
317 419 361 456 13
386 432 395 455 τ
426 417 471 457 ‘O
496 417 598 460 αὐτός
616 431 720 469 φησιν
741 417 775 454 ἐν
794 415 927 467 Ἰταλίᾳ
945 417 979 453 ἐν
998 417 1048 468 τῷ
1065 414 1174 454 Ῥεα-

126 479 208 529 τινῷ
226 479 322 529 ἀγρῷ
342 475 472 528 κρήνην
490 469 579 513 εἶναι
596 474 740 521 Μέντην
756 474 1014 525 ὀνομαζομένην
1026 503 1036 520 ,
1050 473 1173 522 ὁμοίαν

127 538 169 585 τῇ
190 534 439 587 προειρημένῃ.
463 535 579 584 Apud
601 536 764 571 Plinium
783 536 831 570 11.
858 547 885 571 s.
909 534 981 570 106
1004 535 1143 583 legitur
1162 547 1171 569 :

128 596 174 629 In
199 595 384 630 Rheatino
395 592 490 640 sons
516 595 689 630 Neminie
710 594 944 641 appellatus,
971 594 1047 627 alio
1065 600 1175 639 atque

126 654 204 689 alio
223 654 301 689 loco
318 656 491 697 exoritur,
520 665 684 687 armona>
695 654 932 687 mutationem
945 651 1173 700 significans.

620 742 680 781 14.

179 813 401 857 1d.c.14:
433 810 708 862 Ομοίωςέγγυς
728 810 846 858 Κόσης
873 811 946 849 ἐστὶ
966 809 1095 863 κρήνη,
1125 812 1174 853 εἰς

126 869 169 916 ἣν
198 869 256 907 ἐὰν
283 872 342 921 θῇς
370 869 566 930 κεράμιον
558 869 650 908 οἴνου
678 869 786 922 γέμον
805 868 896 907 ὥστε
928 868 1106 922 ὑπερέχειν
1133 867 1173 906 τὸ

124 926 258 976 στόμα,
280 926 408 970 παντὸς
424 927 517 972 ὄξους
534 931 622 965 εἶναι
649 927 851 980 δριμύτερον
869 942 1110 980 παραχρημα,
1127 929 1172 971 ὥς

123 987 254 1037 ἱστορεῖ
269 988 287 1023 ὁ
307 985 422 1029 αὐτός.

619 1051 679 1088 15.

177 1129 238 1166 Id.
259 1142 292 1167 e.
312 1142 357 1165 21
387 1141 396 1167 :
417 1127 480 1167 Ἐν
511 1129 729 1179 Συκαμίναις
746 1130 845 1167 πόλει
863 1129 971 1179 λίμνη
990 1129 1106 1177 ἐστὶν,
1130 1125 1170 1177 ἧς

122 1187 173 1238 τῷ
192 1184 294 1224 ὕδατι
314 1188 346 1224 οἳ
372 1186 581 1236 λουσάμενοι
600 1186 622 1233 ἢ
641 1186 776 1231 πιόντες
805 1189 868 1226 ἀπ’
896 1190 1002 1227 αὐτοῦ
1033 1190 1172 1239 μαδῶσι

122 1244 183 1288 τὰς
202 1244 324 1298 τρίχας
338 1275 348 1295 ,
366 1247 434 1283 τῶν
457 1244 492 1283 δὲ
510 1245 644 1296 ἀλόγων
661 1245 757 1300 ζῴων
776 1248 811 1284 αἱ
831 1246 937 1284 ὁπλαὶ
954 1247 1173 1286 ἀποπίπτου-

124 1318 196 1350 σιν,
226 1305 271 1346 ὣς
302 1305 434 1355 ἱστορεῖ
464 1303 642 1355 Ἰσίγονος.
675 1305 730 1343 Cf.
767 1307 922 1345 Aristot.
946 1308 1030 1345 Mir.
1056 1310 1170 1347 Ausc.

123 1375 158 1398 c.
185 1362 248 1409 78.

618 1428 678 1464 16.

176 1502 281 1539 Idem
303 1501 526 1550 (1.273Ἐν
551 1501 586 1540 δὲ
608 1501 781 1556 Ἀλιφάνῳ
808 1506 870 1550 τ’ἥς
896 1504 1050 1549 Ἰταλίας
1066 1505 1172 1558 φρεά-

122 1558 195 1597 τιόν
210 1561 284 1598 ἐστι
301 1558 408 1612 βαθυ,
421 1563 460 1598 οὓ
476 1559 515 1599 τὸ
532 1559 596 1611 μὲν
610 1560 701 1614 ὕδωρ
723 1561 911 1613 βλέπεται,
929 1562 1050 1609 ἡλίκον
1072 1563 1152 1602 δὲ’
1129 1580 1170 1602 αν

122 1633 172 1662 τις
188 1618 332 1672 χαλάσῃ
363 1619 534 1672 σχοινίον,
554 1621 616 1658 οὐκ
636 1620 828 1673 ἐφάπτεται
846 1625 904 1660 τοῦ
925 1621 1069 1671 υδατος,
1096 1623 1172 1662 ἀλλ’

123 1676 191 1716 ὑπό
209 1692 299 1721 τινος
318 1677 408 1717 θείου
422 1678 664 1727 κωλύεται,“’
638 1696 686 1724 ως
701 1695 806 1732 φησιν
828 1680 1008 1732 Ἰσίγονος.

618 1777 662 1813 17

177 1842 284 1881 1d.c.
303 1843 384 1882 36:
403 1842 494 1895 Περὶ
511 1841 547 1881 δὲ
567 1845 794 1896 Ταρρακίναν
810 1846 871 1890 τῆς
889 1843 1044 1888 Ἰταλίας
1067 1845 1171 1898 φησὶν

122 1901 290 1977 Ἰσίγονος
306 1901 452 1972 λίμνην
491 1906 580 1940 εἶναι
619 1902 811 1942 Μυκλαίαν
850 1903 1088 1954 καλουμένην,
1112 1905 1173 1943 καὶ

125 1961 211 2012 παρ’
239 1961 328 2013 αὐτῇ
357 1960 496 1998 πόλιν”
477 1975 626 2013 ερημον,
654 1965 695 2007 ἧς
715 1977 792 2004 τους
808 1962 1023 2006 ἐνοικοῦντας
1044 1978 1171 2015 στερη-

126 2021 228 2065 θῆναι
247 2021 309 2064 τῆς
331 2018 465 2062 πόλεως
489 2019 545 2056 διὰ
565 2018 603 2057 τὸ
628 2021 758 2067 πλῆθος
778 2022 845 2057 τῶν
869 2019 993 2073 ὕδρων.

177 2076 385 2129 Μυκλαίαν]
407 2080 585 2126 Amyclas
605 2080 703 2118 Plin.
722 2081 769 2118 H.
790 2080 839 2119 Ν.
859 2081 972 2126 VIII,
1001 2093 1063 2129 29.

618 2165 678 2202 1-8.

112 2228 122 2232 U
175 2246 235 2282 Id.
263 2259 295 2282 c.
314 2251 394 2291 40:
413 2244 465 2283 Τὸ
486 2243 521 2282 δὲ
539 2243 631 2283 κατὰ
650 2244 714 2291 τὴν
735 2245 933 2292 Σουσιανὴν
954 2245 1046 2299 υδωρ
1064 2246 1171 2299 φασὶν

124 2295 213 2341 εἶναι
227 2302 386 2349 Μηδείας
401 2303 460 2341 καὶ
473 2302 728 2356 πεφαρμάχθαι
743 2310 943 2348 καυστικοῖς
956 2305 1152 2358 φαρμάκοις
1164 2335 1173 2352 ,

2202 238 2298 286 437'

1236 333 1254 371 ὃ
1284 337 1334 386 ῥεῖ
1366 333 1428 383 μὲν
1457 335 1497 371 ἐκ
1525 336 1639 384 πηγῆς
1670 347 1782 381 τινος,
1815 332 2028 385 φυλάσσεται
2053 333 2087 371 δὲ
2116 332 2183 371 ὑπὸ
2210 335 2279 372 τῶν

1236 392 1428 444 ἐγχωρίων.
1460 391 1566 443 Ἔχει
1596 390 1632 429 δὲ
1664 390 1809 440 δύναμιν
1839 390 2019 437 τοιαύτην·
2049 391 2092 429 τὰ
2112 391 2178 443 γὰρ
2198 406 2280 443 χρι-

1236 449 1399 496 σθένταῆ
1422 449 1598 503 βραχέντα
1622 448 1656 492 ἐξ
1683 450 1788 487 αὐτοῦ
1811 451 1883 501 ζῷα
1911 448 1933 495 ἢ
1955 449 2061 496 σκεύη
2091 451 2281 501 δειχθέντος

1236 509 1407 562 μακρόθεν
1430 508 1536 560 πυρὸς
1555 506 1641 559 πρὸς
1658 506 1748 544 αὑτὰ
1768 509 1961 545 ἐπισπᾶται
1980 507 2039 545 καὶ
2058 511 2279 560 παραχρῆμα

1235 566 1385 606 καίεται.
1413 567 1583 606 Καλεῖται
1613 565 1649 603 δὲ
1674 564 1806 618 νάφθα,
1835 564 2056 616 ἐξενεχθέντα
2081 565 2197 614 μέντοι
2220 569 2281 612 τῆς

1234 625 1352 677 χώρας
1383 624 1555 664 ἀπόλλυσι
1574 624 1637 671 τὴν
1662 624 1830 673 δύναμιν,
1863 626 1909 666 ὥς
1938 625 2067 674 ἱστορεῖ
2101 623 2277 675 Ἰσίγονος.

1234 685 1290 722 Cf.
1314 686 1411 724 Plin.
1433 687 1482 723 H.
1504 686 1551 723 N.
1569 687 1626 730 ΙΙ,
1657 683 1747 721 105.

1732 785 1791 820 19.

1287 856 1435 891 Tzetzes
1462 857 1555 903 Lyc.
1585 867 1677 890 1021
1713 865 1721 891 :
1752 853 1903 904 Κρᾶθις,
1931 851 2088 901 ποταμὸς
2108 850 2283 897 Ἰταλίας,

1234 913 1301 950 τῶν
1321 910 1516 962 λουομένων
1542 910 1741 962 πυρσαίνων
1764 910 1826 954 τὰς
1846 909 1990 962 χαίτας,
2010 910 2170 961 καθάπερ
2200 909 2283 948 Ἰσί-

1234 985 1329 1021 γονος
1350 972 1367 1008 ὃ
1391 970 1563 1023 ἱστορικός
1582 985 1688 1022 φησι,
1717 969 1862 1008 Σωτίων
1882 984 1918 1006 τε
1948 969 2007 1007 καὶ
2039 967 2283 1019 Ἀγαθοσθένης

1233 1030 1264 1066 οἷ
1280 1027 1474 1080 φιλόσοφοι,
1495 1027 1555 1066 καὶ
1570 1027 1761 1080 Εὐριπίδης
1782 1031 1799 1066 ὃ
1813 1027 1976 1079 τραγικός
1993 1029 2152 1076 (Troad.
2172 1029 2279 1078 227).

1289 1086 1474 1138 Ἰσίγονος]
1501 1086 1681 1138 Ἡσίγονος
1698 1096 1735 1125 et
1751 1086 1911 1131 Ἡσίοδος
1934 1088 2050 1125 codd.

1432 1199 1552 1238 ΠΕΡΙ
1583 1200 1887 1238 ΕΛΛΗΝΙΚΩΝ
1925 1199 2081 1238 ΘΕΩΝ.

1730 1301 1790 1326 20.

1287 1375 1374 1411 Joh.
1392 1375 1520 1422 Lydus
1537 1377 1592 1411 De
1606 1375 1761 1411 mensib.
1779 1388 1820 1423 p.
1839 1379 1930 1420 274,
1944 1377 1972 1410 B
1987 1376 2044 1411 ed.
2061 1377 2172 1412 Hase.
2190 1375 2286 1412 Vide

1235 1435 1447 1470 Polemonis
1462 1434 1595 1482 fragm.
1622 1445 1708 1482 102,
1726 1441 1818 1471 tom.
1836 1434 1911 1478 ΙΙΙ,
1928 1446 1965 1482 p.
1988 1433 2073 1476 148.

1645 1557 1857 1572 -ᾱ-Νοϋ-

1592 1665 1926 1723 L-AETUS.

1611 1800 1905 1838 ΦΟΙΝΙΚΙΚΑ.

1288 1899 1466 1935 Tatianus
1483 1898 1546 1934 Or.
1569 1898 1656 1936 adv.
1677 1899 1742 1936 Gr.
1761 1911 1793 1936 e.
1815 1898 1877 1945 58,
1904 1906 1940 1935 et
1963 1911 2007 1934 ex
2023 1911 2067 1934 eo
2088 1900 2223 1936 Euseb.
2242 1901 2283 1938 P.

1235 1958 1280 1994 E.
1294 1958 1347 2002 X,
1369 1970 1383 1992 1
1396 1970 1430 2002 1,
1447 1969 1484 2005 p.
1501 1956 1593 2004 493,
1611 1958 1666 1994 B:
1687 1954 1791 1997 Μετὰ
1805 1954 1840 1994 δὲ
1860 1955 1903 1993 τὰ
1925 1956 2114 1994 Χαλδαίων
2131 1955 2174 1994 τὰ
2195 1958 2287 1995 Φοι-

1234 2013 1336 2051 νίκων
1357 2013 1465 2057 οὕτως
1484 2013 1570 2065 ἔχει.
1596 2013 1766 2064 Γεγόνασι
1785 2013 1870 2065 παρ’
1891 2016 2005 2057 αὐτοῖς
2024 2019 2114 2066 τρεῖς
2142 2014 2285 2065 ἄνδρες,

1240 2071 1430 2122 Θεόδοτος,
1452 2071 1688 2124 “Υψικράτης,
1710 2075 1856 2124 Μῶχος.
1877 2071 2022 2111 Τούτων
2051 2072 2113 2116 τὰς
2146 2073 2286 2125 βίὸλους

1236 2131 1283 2172 εἷς
1317 2129 1510 2177 Ἑλληνίδα
1545 2130 1722 2175 κατέταξε,
1747 2130 1863 2184 φωνὴν
1892 2134 2042 2182 Ααῒτος,
2071 2133 2088 2169 ὅ
2118 2131 2178 2170 καὶ
2210 2131 2288 2175 τοὺς

1237 2187 1330 2240 βίους
1348 2191 1416 2227 τῶν
1450 2189 1646 2242 φιλοσόφων
1668 2189 1725 2228 ἐπ’
1748 2189 1886 2242 ἀκριὸὲς
1907 2189 2282 2243 πραγματευσάμενος.

1236 2246 1298 2286 Ἐν
1320 2246 1361 2294 δὴ
1378 2250 1454 2292 ταῖς
1470 2250 1537 2286 τῶν
1555 2248 1814 2301 προειρημένων
1830 2249 1997 2295 δηλοῦται
2010 2248 2177 2301 ἱστορίαις
2193 2248 2286 2286 κατὰ

1236 2306 1314 2344 τίνα
1334 2309 1402 2344 τῶν
1425 2304 1596 2358 βασιλέων
1615 2307 1789 2360 Εὐρώπης
1810 2307 1972 2359 ἁρπαγὴν
1992 2309 2187 2359 γεγονέναι,
2208 2310 2288 2347 Me·-

623 2420 679 2452 13.

165 2473 254 2506 {clem
267 2473 345 2506 dicit
360 2474 392 2505 in
407 2475 498 2506 ltalia
515 2475 547 2506 in
562 2475 719 2507 Rheatino
735 2484 811 2516 agro
822 2476 942 2508 sontem
963 2485 1031 2509 esse
1045 2478 1175 2509 Menten

124 2525 265 2566 dictum,
281 2527 337 2567 qui
356 2527 493 2559 similem
507 2527 604 2559 modo
621 2529 807 2560 memoratae
818 2528 884 2559 vim
899 2528 1025 2561 habeat.

619 2594 676 2627 14.

166 2651 319 2684 Similiter
331 2660 430 2693 prope
442 2654 558 2685 Cosam
573 2653 643 2685 fons
659 2655 726 2693 est,
742 2655 774 2685 in
793 2663 889 2695 quem
906 2655 931 2686 si
948 2655 1103 2688 immittas
1119 2664 1176 2688 vas

125 2703 220 2735 fictile
233 2703 299 2735 vini
311 2703 440 2744 plenum
450 2728 458 2743 ,
476 2705 520 2736 ita
531 2706 567 2736 ut
582 2705 739 2737 orilicium
755 2707 847 2738 extra
862 2715 980 2747 aquam
996 2707 1049 2746 sit,
1063 2707 1175 2739 vinum

125 2754 204 2786 illud
218 2755 325 2787 statim
347 2755 460 2796 quovis
476 2758 567 2788 aceto
592 2756 628 2788 fit
649 2757 789 2798 acidius,
812 2759 849 2789 ut
868 2757 951 2790 idem
966 2760 1101 2791 testatur
1119 2759 1174 2792 lsi-

126 2815 238 2846 gonus.

622 2864 679 2896 15.

166 2921 344 2961 sycaminis
363 2922 452 2953 lacus
469 2923 538 2960 est,
550 2922 582 2954 in
602 2923 695 2962 cujus
716 2932 799 2964 aqua
812 2924 867 2964 qui
891 2925 1038 2956 lavantur
1055 2926 1105 2957 vel
1121 2926 1176 2966 qui

126 2972 241 3005 bibunt
252 2981 322 3004 eam
333 2997 342 3012 ,
356 2973 455 3013 glabri
472 2973 552 3006 liunt
561 2998 570 3014 ‚
584 2974 687 3006 brutis
697 2984 774 3007 vero
787 2975 979 3008 animalibus
991 2986 1112 3018 ungues
1124 2978 1176 3010 de·

126 3023 237 3056 cidunt
245 3047 255 3062 ,
267 3025 304 3056 ut
321 3028 429 3056 narrat
440 3026 594 3066 Isigonus.

509 3080 512 3083 '
621 3082 678 3114 16.

171 3135 206 3165 ln
231 3133 387 3174 Aliphano
412 3134 512 3166 ltaliae
539 3136 656 3174 puteus
675 3136 723 3167 est
751 3136 948 3176 profundus,
974 3137 1066 3176 cujus
1093 3146 1177 3178 aqua

128 3185 322 3225 conspicitur
335 3185 478 3226 quidem,
489 3194 602 3218 verum
615 3187 722 3219 funem
733 3187 759 3219 si
774 3187 958 3228 demiseris,
973 3197 1037 3220 non
1051 3189 1177 3230 attingit

128 3238 411 3278 oam,prohibente
424 3239 556 3271 numine
566 3239 705 3279 quodam
718 3264 727 3280 ,
738 3241 776 3272 ut
795 3240 939 3281 Isigonus
954 3241 1009 3272 ait.

628 3306 683 3339 17.

172 3358 267 3390 circa
282 3359 488 3392 Tarracinam
505 3359 538 3391 in
554 3360 644 3392 ltalia
659 3361 802 3400 lsigonus
816 3362 861 3393 ait
876 3361 1000 3394 sontem·
1010 3370 1089 3400 esse,
1106 3363 1176 3401 My-

130 3411 241 3443 cloeam
254 3413 383 3444 nomine
392 3437 400 3452 ‚
412 3414 444 3444 et
452 3421 550 3453 prope
559 3422 629 3445 eam
643 3414 755 3446 urbem
769 3414 927 3446 desertam
937 3438 945 3454 ‚
957 3424 1054 3455 quam
1066 3415 1178 3447 incolae

131 3461 328 3496 deseruerint
344 3463 385 3496 ob
401 3464 643 3497 multitudinem
662 3466 869 3506 serpentium.

1736 2425 1792 2456 18.

1277 2477 1367 2509 Illam
1393 2477 1425 2509 in
1443 2478 1580 2510 Susiana
1605 2487 1722 2519 aquam
1741 2478 1861 2511 Medeae
1875 2487 1943 2510 esse
1958 2478 1999 2510 ab
2021 2487 2122 2520 eaque
2146 2477 2287 2510 medica-

1235 2531 1352 2563 mentis
1364 2540 1439 2572 quae
1453 2531 1565 2564 urendi
1579 2533 1645 2564 vim
1657 2533 1796 2565 habeant
1812 2533 1973 2566 infectam.
1989 2533 2075 2565 Fluit
2088 2541 2105 2564 e
2120 2532 2220 2571 sonte,
2233 2531 2289 2564 sed

1235 2584 1350 2615 cavent
1363 2592 1434 2615 eam
1448 2584 1584 2624 regionis
1599 2584 1725 2617 incolae.
1740 2585 1815 2616 Vim
1831 2585 1928 2616 habet
1941 2584 2097 2625 ejusmodi
2115 2594 2123 2616 z
2139 2584 2290 2618 animalia

1237 2636 1285 2668 vel
1315 2645 1389 2668 vasa
1413 2645 1450 2669 ea
1473 2637 1606 2669 inuncta
1631 2637 1684 2669 vel·
1708 2638 1906 2678 madefacta,
1922 2637 1951 2669 si·
1975 2637 2056 2677 ignis
2081 2646 2099 2669 e
2117 2633 2289 2678 longinqu'o

1235 2689 1426 2730 ostenditur,
1440 2699 1515 2722 eum
1535 2691 1702 2722 attrahunt
1715 2691 1888 2731 statimque
1907 2691 2133 2722 incenduntur.
2148 2692 2289 2722 Vocatur

1236 2743 1389 2782 naphtha.
1407 2744 1560 2775 Ceterum
1576 2744 1602 2775 si
1617 2752 1635 2775 e
1661 2744 1787 2784 regione
1808 2744 1861 2776 illa
1885 2745 2087 2784 exportatur,
2111 2744 2176 2776 vim
2197 2752 2288 2776 suam

1236 2795 1372 2835 amittit,
1391 2797 1427 2828 ut
1445 2798 1555 2828 narrat
1571 2796 1727 2836 Isigonus.

1728 2862 1783 2894 19.

1278 2917 1423 2957 Crathis,
1449 2916 1567 2948 fluvius
1582 2917 1702 2956 ltaliae,
1725 2917 1829 2949 crines
1844 2917 1877 2949 in
1895 2925 1985 2950 eo-se
2009 2917 2184 2949 lavantium
2201 2916 2288 2948 rufos

1236 2968 1347 3008 efficit,
1359 2969 1396 3000 ut
1410 2968 1552 3008 Isigonus
1566 2968 1748 3008 historicus,
1761 2968 1874 3000 Sotion
1883 2969 2179 3010 etAgathosthenes
2188 2968 2288 3009 philo-

1236 3021 1324 3062 sophi
1339 3022 1372 3052 et
1387 3020 1554 3061 Euripides
1565 3021 1705 3061 tragicus
1717 3023 1858 3053 narrant.

1450 3105 1520 3143 DE
1550 3105 1714 3144 REBUS
1744 3106 2060 3172 PHOENICUM.

1747 3201 1778 3233 1.

1281 3259 1354 3290 Post
1366 3258 1593 3291 Chaldaeorum
1607 3269 1657 3293 res
1679 3261 1865 3293 Phoenicum
1886 3262 1929 3293 ita
1945 3270 1979 3293 se
1993 3260 2123 3292 habent.
2143 3258 2286 3291 Fuerunt

1237 3309 1322 3350 apud
1334 3319 1388 3346 eos
1403 3311 1468 3342 tres
1482 3311 1561 3350 viri,
1574 3312 1758 3344 Theodotus
1767 3337 1776 3351 ,
1793 3313 1996 3353 Hypsicrates
2009 3313 2041 3343 et
2055 3310 2198 3343 Moenus.
2217 3311 2282 3341 Ho-

1239 3372 1310 3394 rum
1323 3363 1420 3394 libros
1435 3363 1470 3395 in
1481 3373 1618 3404 graecam
1631 3365 1772 3405 linguam
1782 3366 1946 3397 transtulit
1960 3366 2067 3396 Laetus
2076 3387 2085 3402 ‚
2102 3362 2158 3402 qui
2170 3363 2203 3393 et
2215 3361 2281 3400 phi·

1238 3414 1444 3454 losophorum
1455 3415 1536 3447 vitas
1548 3416 1698 3447 accurate
1708 3416 1904 3456 conscripsit.
1919 3417 1954 3447 ln
1973 3413 2109 3446 historiis
2121 3420 2195 3443 vero
2206 3411 2284 3442 isto-

1239 3475 1311 3498 rum
1330 3467 1473 3499 virorum
1494 3467 1666 3509 indicatur,
1690 3468 1750 3500 sub
1772 3477 1912 3509 quonam
1928 3476 1999 3507 rege
2017 3467 2126 3507 raptus
2144 3467 2282 3504 Europae
