2372 3704
978 215 1312 258 FRAGMENTA.

71 301 176 354 ὅνπερ
193 299 438 350 Ἀνεγίσκλοςὸ
455 300 668 351 Ἀναγάστου
683 299 800 352 πατὴρ
813 299 993 352 ἀνῃρήκει,
1008 303 1040 345 ἐς
1058 302 1120 350 τὴν

72 359 203 398 ὕπατον
222 359 372 403 ἀνιέντος
385 358 504 410 τιμὴν,
533 358 596 406 τὴν
616 359 726 411 (γὰρ)
748 359 804 396 ἐπ’
822 361 918 411 αὐτῷ
934 359 1122 411 γενομένην

72 421 90 456 ὁ
114 417 326 468 Ἀναγάστης
340 419 403 456 οὐκ.
423 417 563 463 ἐδέξατο
573 419 709 471 ψῆφον,
729 420 776 461 ὡς
796 417 989 471 ἐπιληψίαν
1011 421 1122 456 νοσῶν

72 493 108 516 τε
123 478 183 516 καὶ
204 476 323 522 δεδιὼς
345 477 469 531 (φησὶ)
501 477 639 528 μήποτε
660 478 694 515 ἐν
716 479 766 530 τῷ
793 480 854 524 τῆς
867 477 1051 530 γερουσίας
1067 472 1124 516 αἷ-

73 551 156 588 σχος
191 535 416 587 ἀπενέγκοιτο
436 538 485 589 τῷ
501 537 622 583 πάθει,
645 534 685 574 ἂν
706 535 797 574 οὕτω
812 535 927 588 τύχοι.
949 532 1071 575 Ἄλλοι
1088 535 1124 574 δέ

74 609 160 648 φασι
178 594 283 633 αὐτὸν
307 593 502 647 χρημάτων
524 593 720 647 ἐφιέμενον,
744 595 777 637 ἐς
803 592 865 640 τὴν
885 593 1124 632 ἐπανάστασιν

73 653 214 706 χωρεῖν.
246 654 387 698 Πολλῆς
407 653 443 691 δὲ
460 655 521 699 τῆς
534 651 616 704 περὶ
630 653 735 690 αὐτοῦ
753 652 940 704 γενομένης
960 653 1124 707 ὑποψίας,

73 712 169 755 τέλος
186 714 225 750 ἐκ
245 714 306 758 τῆς
323 713 509 764 βασιλικῆς
528 713 636 758 αὐλῆς
652 711 837 756 σταλέντες
850 711 938 755 τινὲς
950 741 960 759 ,
982 713 1124 750 ἔπεισαν

75 770 178 809 αὐτὸν
192 770 398 809 παύσασθαι
417 773 479 818 τῆς
499 769 762 823 ἐπιχειρήσεως.
782 770 825 811 Ὁ
841 771 904 822 μὲν
919 765 977 809 οῦν
1000 771 1124 824 Ἀρδα·

76 829 226 882 δούρων,
240 828 297 866 τὸν
313 828 507 882 Ἄσπαρος,
528 827 636 867 αἴτιον
657 831 719 875 τῆς
729 828 928 881 τυραννίδος
949 829 1124 882 ἀπέφηνε,

73 888 134 925 καὶ
149 887 192 925 τὰ
212 887 335 926 τούτου
349 887 545 941 γράμματα
566 888 664 940 παρὰ
676 880 734 926 τ’ὸν
750 887 980 940 βασιλεύοντα
1001 887 1120 936 ἔπεμ-

74 962 152 984 πεν.
181 969 235 976 —
261 946 308 985 ‘O
339 945 375 984 δὲ
407 950 466 985 τοῦ
501 945 673 998 βασιλέως
697 946 856 1000 γαμὸρὸς
890 946 1029 994 Ζήνων,
1059 946 1122 994 τὴν

73 1005 209 1043 ὕπατον
227 1004 318 1056 ἔχων
331 1003 458 1057 ἀρχὴν,
474 1005 614 1043 ἔστελλε
626 1005 705 1049 τοὺς
715 1007 773 1043 τὸν
794 1005 950 1045 Ἰνδακὸν
966 1005 1124 1052 ἀποστή-

74 1079 199 1107 σοντας
235 1062 307 1101 ἀπὸ
341 1067 401 1102 τοῦ
432 1062 621 1115 λεγομένου
652 1063 830 1117 Παπιρίου
849 1065 969 1118 λόφου.
990 1067 1125 1104 Τοῦτον

72 1122 140 1175 γὰρ
169 1124 306 1175 πρῶτος
333 1122 434 1162 Νέων
466 1121 639 1175 ἐφώλευε·
678 1125 755 1173 μεθ’
794 1122 831 1162 ὃν
862 1123 1039 1176 Παπίριος
1065 1123 1124 1162 καὶ

73 1182 92 1218 ὁ
107 1181 207 1219 τοῦδε
227 1181 310 1224 παῖς
334 1179 509 1228 Ἰνδακὸς,
538 1179 617 1224 τοὺς
635 1181 842 1234 προσοίκους
860 1182 1021 1227 ἅπαντας
1042 1185 1125 1234 βια-

74 1239 233 1289 ζόμενοι,
249 1239 310 1277 καὶ
328 1239 406 1284 τοὺς
428 1238 645 1284 διοδεύοντας
664 1242 897 1293 ἀναιροῦντες.
918 1241 1126 1280 Ἐστέλλετο

73 1298 110 1337 δὲ
127 1298 187 1337 καὶ
214 1298 305 1337 κατὰ
325 1299 449 1338 Ζάνων
469 1298 612 1350 βοήθεια
625 1330 636 1347 ,
657 1298 871 1350 ληιζομένων
891 1299 936 1339 τὰ
959 1301 1039 1354 περὶ
1062 1300 1125 1347 τὴν

72 1359 324 1410 Τραπεζοῦντα
340 1357 468 1410 χωρία.
489 1356 668 1405 Διανέστη
698 1358 734 1397 δὲ
758 1358 836 1397 τότε
860 1359 946 1411 πρὸς
972 1361 1126 1410 πόλεμον

75 1416 135 1455 καὶ
151 1417 191 1454 τὸ
210 1415 352 1455 Γότθων
368 1416 477 1467 ἔθνος,
501 1417 680 1456 Γαλατίαν
701 1416 764 1464 τὴν
776 1418 861 1470 πρὸς
877 1418 1055 1470 Ἑσπέρας
1071 1433 1124 1456 νε-

76 1474 239 1526 μόμενον·
260 1473 359 1527 οἵπερ
377 1474 490 1513 πάλαι
512 1474 574 1525 μὲν
586 1475 795 1528 Ἀλλαρίχου
817 1477 1052 1527 ὠνομάζοντο·
1075 1476 1127 1515 ἔτι

73 1549 111 1586 γε
128 1532 198 1583 μὴν
218 1532 279 1572 καὶ
295 1533 334 1571 τὸ
351 1536 385 1572 ἐν
406 1533 797 1587 Παιονίαβαρὸαρικὸν
825 1536 976 1586 πλῆθος,
995 1535 1126 1588 πρότε-

76 1607 134 1644 ρον
163 1591 226 1643 μὲν
245 1591 311 1630 ὑπὸ
328 1592 522 1646 Βαλίμερι,
546 1592 636 1643 μετὰ
663 1593 699 1632 δὲ
717 1593 780 1640 τὴν
796 1593 928 1633 ἐκείνου
950 1594 1125 1647 ἀναίρεσιν

73 1650 140 1689 ὑπὸ
155 1650 353 1702 Θευδόμερι
364 1651 593 1703 ταττόμενον,
614 1654 664 1706 τῷ
682 1652 881 1711 Ιξαλίμερος
895 1654 1049 1706 ἀδελφῷ.

556 1762 646 1796 207.

128 1829 231 1866 lbid.
245 1843 284 1879 p.
305 1830 353 1877 78
372 1843 380 1866 τ
399 1828 483 1868 εὈτι
499 1831 517 1867 ὁ
532 1832 602 1868 τῶν
618 1829 818 1883 Ἑσπερίων
837 1828 998 1882 βασιλεὺς
1007 1828 1125 1868 Ἀνθέ-

73 1902 171 1938 μιος,
196 1887 288 1941 νόσῳ
307 1886 505 1940 περιπεσὼν
525 1888 591 1926 ὑπὸ
620 1889 834 1940 μαγγανείας
853 1890 1016 1941 χαλεπῇ,
1035 1890 1126 1926 πολ-

71 1945 152 1990 λοὺς
171 1945 228 1985 ἐπὶ
259 1946 371 1999 τούτῳ
390 1946 536 1990 ἁλόντας
563 1947 725 1985 ἐκόλασε·
744 1947 900 1998 μάλιστα
924 1946 1125 1996 Ῥωμανὸν,

73 2006 108 2043 ἐν
128 2007 171 2057 τῇ
187 2008 249 2043 τοῦ
267 2005 460 2058 μαγίστρου
482 2008 575 2058 ἀρχῇ
593 2005 783 2044 τελέσαντα
794 2005 854 2044 καὶ
870 2007 904 2043 ἐν
921 2010 992 2048 τοῖς
1005 2021 1129 2057 πατρι-

73 2062 158 2106 κίοις
175 2063 471 2116 ἐγγεγραμμένον,
490 2064 684 2111 ἐπιτήδειόν
709 2080 746 2102 τε
766 2066 800 2108 ἐς
817 2066 860 2102 τὰ
877 2063 1033 2115 μάλιστα
1045 2063 1127 2102 ὅντα

74 2124 124 2175 τῷ
137 2121 334 2175 Ῥεκίμερι·
352 2123 396 2160 δι’
418 2122 436 2160 ὃ
454 2123 603 2166 ἀνιαθεὶς
620 2126 682 2170 τῆς
698 2139 735 2161 τε
752 2122 894 2173 Ῥώμης
911 2122 1029 2170 ἐξῆλθε
1042 2152 1052 2168 ,
1068 2123 1127 2160 καὶ

75 2180 329 2233 ἑξακισχιλίους
355 2181 480 2233 ἄνδρας
509 2184 543 2226 ἐς
567 2183 624 2220 τὸν
646 2181 738 2220 κατὰ
757 2181 950 2229 Βανδήλων
972 2180 1127 2231 πόλεμον

76 2242 134 2277 ὑπ’
156 2239 259 2278 αὐτὸν
277 2239 509 2291 ταττομένους
522 2241 773 2280 ἀνεκαλέσατο.

2149 235 2225 267 617

1663 320 1751 358 208.

1236 386 1336 425 Ibid.
1354 400 1393 436 p.
1414 387 1463 434 78
1480 399 1488 425 :
1505 384 1591 425 t'Ort
1602 387 1659 424 ἐπὶ
1674 388 1817 431 Λέοντος
1830 393 1887 428 τοῦ
1908 392 2076 442 βασιλέως
2093 393 2226 445 Ἰορδά-

1183 458 1244 490 νης
1264 446 1282 482 ὅ
1298 447 1359 491 τῆς
1375 443 1463 496 ἑῴας
1475 445 1668 497 στρατηγὸς
1678 446 1737 484 καὶ
1752 446 1896 494 ὕπατος,
1915 451 1961 492 εἷς
1981 449 2127 502 ἔσχατον
2145 448 2226 499 ἦλθε

1183 502 1354 541 κινδύνου·
1373 502 1448 553 ἅμα
1464 502 1499 541 δὲ
1512 505 1606 557 αὐτῷ
1622 504 1768 551 Μισαὴλ
1787 506 1841 555 (Μ
1849 506 1998 558 ιχαὴλῖ)
2013 509 2071 546 καὶ
2086 511 2228 560 Κοσμὰς

1183 563 1252 598 τῶν
1282 562 1468 613 βασιλείων
1499 562 1593 606 ὄντες
1628 564 1886 613 θαλαμηπόλοι,
1910 564 1961 602 ὅτι
1992 566 2035 604 τὰ
2067 568 2226 618 βασίλεια

1185 620 1369 673 φυλάττειν
1386 620 1698 669 καταλελησμένοι,
1709 625 1768 659 τοῦ
1784 624 1952 673 βασιλέως
1966 623 2029 668 ἔξω
2046 626 2230 677 διαιτωμέ-

1186 694 1264 726 νου,
1286 679 1447 732 Ἰορδάνῃ
1471 678 1516 717 τὰ
1536 679 1630 718 ἔνδον
1647 682 1831 733 ἱστορῆσαι
1860 682 2058 732 βουληθέντι
2080 685 2226 736 ἐφῆκαν.

1671 777 1760 812 209.

1238 832 1339 869 Ibid.
1359 846 1399 882 p.
1426 833 1474 880 78
1490 847 1498 870 :
1514 830 1601 871 “Ort
1619 834 1637 869 ὁ
1651 831 1817 884 Ῥεκίμερ
1836 833 1881 875 εἷς
1901 832 2065 885 διαφορὰν
2083 834 2166 885 πρὸς
2177 834 2233 872 τὸν

1183 889 1358 941 Ἀνθέμιον
1379 889 1577 939 καταστὰς,
1595 890 1653 929 τὸν
1688 891 1834 943 βασιλέα
1853 892 1922 928 τῶν
1941 890 2148 943 Ἑσπερίων,
2175 893 2235 930 καὶ

1183 953 1295 987 ταῦτα
1310 947 1482 1000 θυγατέρα
1500 951 1605 987 αὐτοῦ
1619 949 1864 1000 κατεγγυηθεὶς
1876 948 1907 987 Ἀ
1915 949 2055 996 λυπίαν,
2071 950 2235 1000 ἐμφύλιον

1186 1006 1281 1045 ἔνδον
1299 1010 1362 1054 τῆς
1384 1006 1517 1051 πόλεως
1543 1006 1773 1059 συνεκρότησε
1798 1006 1964 1057 πόλεμον,
1988 1007 2045 1044 ἐπὶ
2074 1011 2185 1055 μῆνας
2206 1009 2235 1047 θ’

1186 1067 1196 1116 (
1211 1068 1237 1103 l.
1257 1065 1282 1103 ε’
1294 1067 1318 1116 )“
1340 1065 1400 1103 καὶ
1417 1064 1586 1118 Ἀνθεμίῳ
1602 1064 1664 1114 μὲν
1683 1065 1901 1117 συνεμάχουν
1918 1065 1999 1104 οἵτε
2016 1067 2051 1103 ἐν
2071 1065 2162 1104 τέλει
2177 1066 2236 1104 καὶ

1184 1125 1202 1161 ὁ
1228 1124 1361 1174 δῆμος,
1379 1126 1428 1176 τῷ
1449 1124 1483 1161 δὲ
1514 1123 1693 1176 Ῥεκίμερι
1720 1123 1759 1161 τὸ
1789 1126 1856 1161 τῶν
1887 1122 2020 1161 οἰκείων
2044 1124 2234 1176 βαρὸάρων

1186 1183 1327 1229 πλῆθος.
1350 1184 1466 1229 Συνῆν
1486 1180 1521 1219 δὲ
1533 1182 1592 1219 καὶ
1610 1181 1801 1234 Ὀδόακρος
1813 1212 1823 1232 ,
1844 1181 1939 1234 γένος
1954 1180 2002 1220 ὢν
2016 1185 2084 1220 τῶν
2104 1197 2238 1233 προσα-

1186 1240 1424 1293 γορευομένων
1452 1240 1610 1292 Σκίρων,
1632 1240 1762 1293 πατρὸς
1779 1241 1814 1278 δὲ
1831 1242 2024 1289 Ἰδικῶνος,
2045 1241 2104 1278 καὶ
2127 1242 2233 1279 ἀδελ-

1188 1299 1248 1352 φὸς
1267 1299 1481 1353 Ὀνοούλφου
1503 1299 1562 1337 καὶ
1585 1298 1791 1351 Ἁρματίου,
1813 1292 2112 1352 σωματοφύλακός
2127 1315 2163 1337 τε
2178 1299 2238 1337 καὶ

1185 1357 1344 1411 σφαγέως
1361 1358 1562 1410 γενομένου.
1600 1357 1672 1396 Καὶ
1690 1360 1707 1396 ὃ
1738 1357 1799 1407 μὲν
1829 1357 2002 1407 Ἀνθέμιος
2031 1357 2184 1411 κατῴκει
2203 1360 2238 1396 ἐν

1185 1418 1254 1460 τοῖς
1275 1416 1482 1468 βασιλείοις·
1500 1419 1518 1455 ὁ
1535 1415 1570 1455 δὲ
1589 1415 1758 1468 Ῥεκίμερ
1773 1416 1818 1454 τὰ
1831 1417 1912 1470 περὶ
1927 1416 1984 1455 τὸν
2006 1416 2148 1469 Τίὸεριν
2162 1418 2237 1455 δια-

1186 1474 1341 1528 φράξας,
1367 1477 1460 1528 λιμῷ
1480 1474 1558 1519 τοὺς
1591 1474 1688 1514 ἔνδον
1710 1474 1879 1519 ἐὸιάζετο.
1915 1474 2094 1514 Ἐντεῦθεν
2125 1476 2239 1518 αὐτοῖς

1187 1533 1368 1584 συμὸολῆς
1404 1533 1611 1586 γενομένης,
1647 1532 1736 1571 πολὺ
1769 1537 1830 1580 τῆς
1854 1533 2032 1583 Ἀνθεμίου
2064 1532 2239 1571 κατέπεσε

1187 1593 1330 1646 μοίρας·
1353 1593 1431 1638 τοὺς
1451 1593 1487 1631 δὲ
1511 1592 1652 1636 λοιποὺς
1673 1595 1691 1630 ὃ
1721 1592 1892 1645 Ῥεκίμερ
1921 1591 2239 1644 παραστησάμενος

1187 1651 1296 1705 δόλῳ,
1313 1652 1460 1704 βασιλέα
1477 1652 1534 1690 τὸν
1550 1652 1737 1704 Ὀλύὸριον
1754 1651 2009 1690 ἀποδείκνυσιν.
2026 1650 2139 1690 Πέντε
2156 1655 2237 1700 γοῦν

1188 1711 1301 1750 διόλου
1320 1714 1432 1762 μῆνας
1449 1711 1614 1764 ἐμφύλιος
1633 1714 1695 1758 τῆς
1711 1710 1858 1761 Ῥώμης
1872 1710 2056 1762 ἐπεκράτει
2076 1709 2237 1760 πόλεμος·

1188 1770 1287 1822 ἄχρις
1302 1765 1341 1808 οῧ
1361 1773 1429 1808 τῶν
1445 1770 1526 1822 περὶ
1542 1769 1600 1808 τὸν
1622 1769 1799 1820 Ἀνθέμιον
1829 1770 1992 1807 ἐνδόντων
2013 1774 2083 1813 τοῖς
2103 1769 2237 1822 βαρὸά-

1189 1845 1257 1881 ροις
1279 1829 1339 1867 καὶ
1354 1829 1411 1867 τὸν
1435 1828 1664 1881 βασιλεύοντα
1680 1828 1810 1880 γυμνὸν
1828 1828 2104 1875 καταλιπόντων,
2124 1828 2241 1871 αὐτοῖς

1187 1890 1257 1931 τοῖς
1267 1888 1506 1940 πτωχεύουσιν
1525 1888 1743 1939 ἀναμιχθεὶς,
1760 1889 1793 1925 ἐν
1806 1887 1874 1929 τοῖς
1888 1885 2059 1938 πρόσφυξι
2075 1890 2133 1924 τοῦ
2150 1886 2239 1937 μάρ-

1187 1963 1286 1999 τυρος
1306 1947 1529 2000 Χρυσογόνου
1549 1946 1695 1996 γίνεται.
1719 1946 1820 1985 Ἐκεῖ
1837 1961 1874 1983 τε
1891 1948 1951 1991 τῆς
1970 1946 2123 1996 κεφαλῆς
2143 1946 2238 1982 ἀπο-

1187 2005 1349 2055 τέμνεται
1378 2008 1444 2043 ὑπὸ
1469 2005 1731 2044 Γονδουὸάνδου
1753 2008 1811 2042 τοῦ
1844 2003 2046 2056 Ῥεκίμερος
2073 2004 2237 2055 ἀδελφοῦ,

1189 2063 1398 2115 βασιλεύσας
1416 2063 1475 2111 ἔτη
1493 2062 1595 2101 πέντε
1608 2093 1617 2110 ,
1638 2066 1750 2113 μῆνας
1766 2063 1811 2113 γ’,
1832 2061 1966 2114 ἡμέρας
1985 2060 2236 2100 ὀκτωκαίδεκα.

1240 2135 1271 2161 2.
1294 2122 1340 2161 ‘O
1362 2121 1398 2160 δὲ
1421 2122 1588 2175 <Ρεκίμιερ
1609 2122 1712 2159 αὐτὸν
1741 2121 1802 2170 μὲν
1821 2122 2005 2173 βασιλικῆς
2026 2119 2153 2166 ἠξίωσε
2176 2136 2238 2157 τα-

1189 2184 1267 2234 φῆς,
1287 2182 1343 2218 τὸν
1354 2180 1389 2219 δὲ
1408 2181 1595 2233 Ὀλύὸριον
1616 2181 1673 2218 ἐπὶ
1684 2180 1746 2227 τὴν
1769 2177 1949 2231 βασιλείαν
1969 2178 2140 2229 ἀνήγαγεν
2156 2179 2238 2231 (αὖ-

1189 2240 1278 2291 τόν).
1297 2239 1485 2292 Ὀλυὸρίου
1498 2239 1533 2277 δὲ
1548 2238 1638 2277 κατὰ
1655 2238 1711 2277 τὸν
1730 2239 1911 2292 εἰρημένον
1925 2237 2051 2288 τρόπον
2066 2237 2127 2283 τὴν
2146 2237 2238 2277 Ῥω-

2166 2314 2234 2321 --.

77 2351 150 2393 —-§
168 2356 197 2384 2.
217 2352 484 2393 Ἀνεγίσκλος]
499 2353 594 2384 scrib.
614 2352 679 2383 vid.
702 2352 933 2394 Ἀρνεγίσκλος;
950 2352 996 2383 sic
1018 2352 1102 2383 enim
1127 2360 1179 2392 ap.
1204 2353 1400 2383 Jornandem
1418 2352 1565 2390 vocatur,
1586 2351 1618 2382 in
1641 2349 1840 2389 eandemque
1861 2349 1996 2380 sormam
2020 2347 2240 2387 corrigendum

74 2398 306 2439 Ὀρνιγίσκλος,
330 2398 417 2439 quod
439 2398 539 2430 codex
561 2398 657 2429 habet
681 2398 713 2429 in
733 2398 830 2430 Prisci
856 2398 968 2437 fragm.
988 2402 1037 2429 33.
1065 2398 1255 2429 lnterrectus
1279 2399 1419 2430 ,Ioannes
1443 2396 1607 2428 Vandalus
1624 2405 1675 2427 an.
1695 2398 1768 2428 441.
1791 2398 1831 2428 V.
1858 2395 2043 2435 Theophan.
2063 2403 2093 2435 p.
2119 2396 2170 2432 84,
2196 2396 2239 2433 Α,

76 2445 262 2477 Tillemont.
295 2446 358 2484 Vi,
385 2453 417 2485 p.
447 2447 498 2476 89.
528 2461 569 2467 —
592 2448 693 2476 νοσῶν
718 2444 775 2485 τε]
805 2447 957 2475 νοσοῦντα
988 2443 1059 2475 cod.
1088 2461 1130 2468 —
1155 2443 1424 2485 Ἀρδαὸούριον
1454 2442 1542 2484 τὸν]
1570 2443 1779 2484 Ἀρδαὸούριος
1803 2443 1855 2474 τὸν
1884 2441 1977 2481 cod.;
2006 2450 2070 2473 em.
2096 2442 2239 2472 Cramer.

76 2512 117 2518 —
131 2491 327 2532 Παπιρίου
355 2491 492 2532 λόφον]
521 2492 674 2534 Παπίριον
689 2493 828 2533 φρούριον
843 2501 882 2524 ex
897 2491 1063 2523 Eustaihio
1077 2490 1235 2532 Epiplian.
1262 2491 1324 2531 (fr.
1347 2495 1378 2530 3,
1402 2500 1431 2532 p.
1449 2492 1528 2528 139)
1556 2491 1714 2522 memorat
1731 2489 1885 2529 Euagrius
1913 2490 1956 2520 ΙΙΙ
1970 2512 1979 2528 ,
2003 2492 2054 2528 27,
2076 2488 2130 2520 ubi
2151 2497 2183 2519 m
2203 2497 2241 2519 eo

76 2539 269 2571 custoditam
287 2547 355 2570 esse
374 2538 454 2571 dicit
475 2538 629 2570 verinam
646 2538 710 2578 (cf.
729 2537 916 2570 Theodorus
936 2542 1054 2578 Anagn.
1073 2547 1105 2578 p.
1123 2540 1182 2569 558
1203 2537 1254 2570 ed.
1271 2538 1413 2577 vales).
1438 2537 1529 2578 Apud
1549 2537 1735 2577 Theophan.
1759 2545 1789 2576 p.
1816 2532 1871 2568 197
1893 2537 1925 2566 et
1949 2544 1981 2575 p.
2008 2538 2065 2566 196
2093 2534 2242 2568 scribitur

77 2585 260 2627 Ιῐαπουρίου
288 2587 468 2617 καστέλλον.
498 2588 572 2625 Pag.
604 2590 661 2619 196
690 2586 901 2626 Theophanes
931 2585 999 2624 (uti
1028 2586 1124 2617 etiam
1147 2584 1335 2616 Theodorus
1357 2588 1418 2617 An.
1445 2593 1476 2624 p.
1503 2585 1583 2624 557)
1602 2584 1679 2616 dicit
1704 2593 1742 2616 eo
1767 2583 1964 2615 Marcianum
1985 2582 2134 2613 rebellem
2161 2582 2241 2613 rele-

76 2635 187 2673 gatum
204 2640 289 2672 csse;
304 2634 416 2664 contra
437 2641 515 2664 vero
537 2632 684 2664 Eustatli.
707 2632 746 2663 fr.
776 2635 794 2664 4
825 2631 1024 2664 Marcianum
1052 2633 1084 2663 in
1109 2633 1288 2663 caesaream
1317 2631 1527 2672 cappadociae
1549 2631 1662 2663 urbem
1690 2631 1823 2662 missum
1847 2630 1935 2661 dicit.
1966 2629 2056 2660 Unde
2072 2628 2243 2668 conjeceris

79 2679 249 2711 castellum
274 2678 358 2710 istud
380 2678 466 2710 haud
485 2678 578 2718 longe
594 2688 613 2709 a
630 2681 776 2711 Caesarea
794 2678 941 2710 dissitum
968 2678 1076 2710 fnisse.
1095 2678 1143 2709 Ad
1170 2679 1334 2719 Papirium
1361 2679 1522 2710 latronum
1540 2678 1658 2710 ducem
1676 2678 1809 2709 sortasse
1825 2677 1963 2717 pertinet
1981 2676 2084 2714 glossa
2105 2675 2211 2707 Suidae
2231 2688 2239 2706 z

78 2726 272 2766 Παπίριος
285 2750 294 2765 ,
311 2725 410 2767 ὄνομα
426 2725 545 2762 κύριον·
563 2739 578 2752 «
591 2727 638 2758 Οὐ
654 2727 712 2767 γὰρ
728 2726 798 2757 οὐδὲ
814 2726 931 2757 τούτων
946 2725 1037 2766 ἄτριψ
1053 2726 1091 2765 ἢν
1112 2725 1274 2767 Παπίριος.
1289 2739 1303 2753 »
1321 2745 1360 2751 —
1374 2724 1571 2765 Ἰνδακὸν]
1591 2727 1635 2756 De
1648 2725 1708 2756 hoc
1722 2724 1766 2755 ita
1780 2723 1893 2755 Suidas
1911 2736 1918 2755 :
1939 2722 2108 2758 Ἰνδακός
2121 2746 2129 2761 ,
2144 2722 2242 2762 ὄνομα

81 2772 200 2814 κύριον.
218 2772 359 2813 Ἤκμαζε
379 2772 411 2803 δὲ
428 2772 478 2803 ἐπὶ
495 2773 628 2808 Λέοντος
649 2776 704 2804 τοῦ
722 2773 800 2813 μετὰ
823 2773 1003 2813 Μαρκιανὸν
1026 2773 1198 2813 βασιλέως,
1216 2774 1353 2814 λαμπρὸς
1368 2773 1554 2813 τὴν·τόλμαν
1572 2773 1624 2803 καὶ
1644 2775 1707 2807 τοῖς
1722 2772 1797 2803 ποσὶ
1815 2771 1990 2812 χρήσασθαι
2008 2769 2219 2804 δυνατώτατος
2231 2793 2240 2808 ,

82 2823 144 2850 τῶν
161 2823 272 2860 χειρῶν
292 2820 346 2857 τὴν
364 2820 525 2860 ἀριστερὰν
543 2820 694 2860 ἀμείνων,
710 2824 860 2861 ταχυτῆτι
874 2823 936 2850 τῶν
952 2821 1056 2851 ποδῶν
1074 2820 1234 2861 διαφέρων.
1254 2820 1387 2860 Εὐχίδου
1401 2819 1459 2859 γὰρ
1473 2819 1525 2849 καὶ
1543 2819 1701 2850 Ἀσσάπου
1714 2819 1767 2849 καὶ
1784 2818 1989 2857 Χρυσομάζου
2007 2817 2059 2846 καὶ
2080 2815 2220 2855 Ἐχίονος
2231 2838 2239 2852 ,

87 2867 139 2898 καὶ
154 2867 181 2898 εἷ
195 2878 239 2902 τις
256 2867 355 2907 ἔτερος
372 2867 421 2898 ἐπὶ
438 2867 542 2898 ποδῶν
556 2867 691 2904 ὠκύτητι
709 2868 870 2905 διεὸοήθη,
888 2867 1024 2908 ὀξύτερος
1042 2867 1089 2905 ἦν.
1109 2867 1207 2903 Οὗτος
1220 2867 1278 2908 γὰρ
1295 2866 1464 2906 ἐξεφαίνετο
1481 2865 1595 2896 ὁδεύων
1610 2866 1662 2895 καὶ
1680 2864 1840 2904 ἠφανίζετο
1856 2863 1941 2898 αὖθις
1958 2861 2009 2893 οἷά
2021 2873 2064 2897 τις
2078 2861 2240 2902 ἀστραπὴ,

84 2912 165 2943 κατὰ
182 2916 326 2953 κρημνῶν
343 2912 379 2943 οὐ
395 2912 532 2953 τρέχοντι
554 2914 669 2953 μᾶλλον
689 2913 766 2944 ἀλλὰ
781 2914 941 2954 πετομένῳ
965 2913 1085 2949 ἐοικώς.
1104 2913 1163 2944 ’Ὴν
1179 2913 1237 2954 γὰρ
1262 2914 1403 2944 κέλευθον
1429 2913 1504 2952 ἀνὴρ
1531 2911 1568 2942 δι’
1592 2912 1696 2942 ἵππων
1716 2910 1846 2950 ἀμοιὸῆς
1864 2910 2035 2949 αύθήμερον
2054 2908 2111 2938 οὐκ
2138 2907 2239 2938 ἔσθενε

83 2959 215 2999 δρᾶσαι,
232 2963 295 2995 τοῖς
322 2959 409 2995 ἰδίοις
429 2960 522 2991 αὐτὸν
543 2961 635 2992 ποσὶν
658 2960 831 3001 ἰσχυρίζετο
859 2960 1038 3000 ἀναλγήτως
1056 2961 1236 3000 διατρέχειν.
1258 2961 1328 2992 Ἀπὸ
1347 2961 1406 3000 γὰρ
1425 2963 1481 2990 τοῦ
1506 2959 1653 2999 ἐρύματος
1680 2959 1800 2998 Χέρεως
1828 2957 1908 2996 (leg.
1925 2955 1990 2986 vid.
2010 2954 2168 2995 Χέρρεως)
2186 2954 2237 2984 διὰ

82 3011 152 3047 μιᾶς
169 3008 276 3049 ἐφοίτα
289 3009 318 3045 ἐς
332 3010 386 3046 τὴν
405 3009 580 3050 Ἀντιόχου,
599 3010 652 3041 καὶ
670 3009 762 3040 πάλιν
780 3012 818 3049 τῇ
837 3009 902 3047 ἑξῆς
918 3010 947 3045 ἐς
964 3010 999 3040 τὸ
1013 3010 1099 3050 ῥηθὲν
1117 3009 1275 3050 εὑρίσκετο
1291 3007 1430 3048 φρούριον
1444 3015 1452 3022 ·
1470 3006 1506 3037 ἐκ
1526 3007 1557 3037 δὲ
1573 3006 1684 3036 τούτου
1703 3004 1788 3040 αὖθις
1799 3027 1806 3036 .
1826 3004 1867 3044 μὴ
1885 3003 2063 3038 ἀναπαύλης
2077 3001 2217 3041 δεόμενος
2229 3024 2239 3039 ,

79 3054 129 3086 διὰ
144 3058 213 3095 μιᾶς
232 3057 346 3096 ἡμέρας
363 3057 405 3092 εἷς
422 3056 576 3088 Νεάπολιν
590 3057 707 3096 ἐγίνετο
723 3055 890 3096 Ἰσαυρίας.
907 3056 957 3088 Cf.
979 3055 1062 3088 idem
1081 3065 1109 3086 v.
1130 3057 1303 3096 Χέρρεως
1316 3079 1325 3093 ,
1343 3053 1482 3095 φρούριόν
1496 3064 1536 3084 τι.
1556 3053 1605 3084 Cf.
1624 3053 1662 3083 fr.
1684 3054 1751 3083 214.
1770 3053 1922 3083 Ceterum
1941 3048 2046 3081 Suidae
2063 3048 2153 3079 locus
2166 3056 2239 3087 pro·

81 3101 229 3133 habiliter
247 3103 340 3134 fluxit
354 3112 393 3134 ex
408 3106 569 3144 postrema
583 3106 672 3144 parte
690 3103 896 3135 historiarum
915 3103 1026 3135 Prisci.
1041 3121 1083 3126 —-
1101 3103 1200 3133 κατὰ
1221 3099 1370 3140 Ζάνων]
1388 3099 1575 3133 Καταζάνων
1598 3098 1711 3130 codex.
1736 3098 1847 3134 Τζάνοι
1868 3097 1917 3128 vel
1936 3096 2062 3132 Τζᾰννοι
2086 3094 2240 3125 dicuntur

81 3156 132 3188 ap.
149 3148 262 3193 Agassn
278 3148 325 3187 V,
348 3152 358 3180 1
380 3152 412 3181 et
429 3150 544 3190 passim
558 3175 566 3189 ‚
585 3152 719 3189 Procop.
736 3151 782 3181 De
796 3149 869 3180 beli.
887 3151 972 3180 Pers.
989 3157 1017 3179 c.
1040 3150 1086 3178 15.
1103 3148 1195 3179 Σάνοι
1209 3150 1240 3179 et
1257 3147 1365 3182 ’[ζάνοι
1380 3155 1431 3186 ap.
1459 3146 1551 3176 Phot.
1576 3145 1657 3177 Bibl.
1682 3154 1715 3185 p.
1739 3148 1776 3175 23
1788 3168 1796 3183 ,
1813 3148 1868 3184 32..
1888 3143 1996 3174 Σάννοι
2011 3151 2063 3182 ap.
2089 3140 2236 3172 strabon.

81 3195 159 3233 xn,
178 3204 207 3234 p.
231 3197 308 3235 548;
327 3197 452 3228 Ari-ian.
473 3197 589 3238 Peripl.
608 3205 636 3227 c.
656 3200 712 3236 11,
741 3199 767 3236 1,
784 3205 814 3237 p.
834 3200 893 3227 258
919 3194 969 3226 ed.
995 3193 1102 3225 Didot.
1121 3212 1160 3216 —
1178 3194 1214 3225 ἐν
1239 3191 1428 3232 Παιονίᾳ]
1454 3191 1499 3222 sic
1520 3190 1682 3223 Pannonia
1699 3191 1794 3222 etiam
1816 3189 1847 3221 in
1875 3188 1959 3221 Petri
1979 3186 2162 3228 fragmentis
2179 3194 2238 3217 no-

83 3240 232 3272 minatur.

124 3289 177 3319 Fr.
203 3292 274 3320 207.
302 3291 346 3321 Dc
363 3291 508 3321 Romano
528 3290 569 3321 cf.
590 3290 773 3321 Tiliemont.
800 3290 843 3320 Vt
857 3313 865 3327 ,
886 3298 917 3328 p.
940 3290 1018 3326 452,
1038 3286 1094 3327 qui
1115 3285 1317 3318 intersectum
1338 3284 1416 3316 dicit
1434 3293 1487 3316 an.
1514 3286 1576 3316 470
1590 3309 1598 3322 ,
1616 3283 1818 3323 eundemque
1836 3291 1903 3314 csse
1923 3281 2113 3320 suspicatur,
2140 3285 2238 3318 quem

84 3333 210 3365 Priscus
223 3335 261 3366 fr.
279 3338 296 3366 8
309 3360 317 3373 ‚
333 3344 365 3376 p.
382 3340 434 3374 89,
450 3338 692 3367 commemorat.
707 3337 858 3367 Ceterum
872 3344 944 3374 quae
961 3334 1021 3365 hoc
1039 3334 1076 3364 [ι’.
1092 3332 1265 3364 traduntur
1278 3331 1405 3363 aliunde
1418 3339 1482 3361 non
1496 3333 1580 3362 nota.
1599 3330 1685 3362 Idem
1701 3330 1790 3361 valet
1807 3329 1846 3360 dc
1862 3329 1899 3359 fr.
1917 3331 1988 3358 208.
2190 3369 2195 3375 Ι

127 3383 178 3412 Fr.
205 3385 275 3413 209.
301 3387 418 3423 μῆνας
433 3383 477 3424 0¹]
502 3384 582 3414 infru
603 3387 698 3423 μῆνας
715 3383 805 3414 πέντε
821 3380 898 3421 (ε’).
916 3381 1009 3418 Quod
1031 3381 1128 3413 ctiam
1146 3380 1208 3411 hoc
1228 3380 1298 3411 loco
1316 3377 1533 3419 reponendum
1551 3378 1620 3410 crit.
1641 3377 1785 3409 Plurima
1805 3376 1921 3408 horum
1937 3382 2019 3406 nova
2039 3373 2070 3404 et
2086 3371 2239 3403 historico

84 3428 271 3466 gratissima.
292 3432 336 3462 De
349 3433 432 3462 notis
450 3440 477 3462 v.
494 3431 681 3470 y'l‘iHcmont.
708 3431 748 3461 Vi
767 3453 773 3467 ,
796 3438 824 3469 p.
850 3432 909 3460 3„ss
928 3437 974 3467 sq.
