2372 3704
85 290 95 298 υ
118 246 194 279 488

116 335 168 364 est
181 327 299 377 (246-
306 340 320 363 1
329 326 350 363 8
359 325 408 376 1).
421 329 536 364 —De
544 329 746 376 Pythermo
758 330 846 365 Teio
853 335 970 378 poeta
977 342 1014 367 v.
1026 329 1161 365 Athen.

115 387 220 431 xlv,
241 399 283 434 p.
302 385 394 431 625,
414 387 454 424 C.
467 387 579 425 Prov.
595 387 682 424 cod.
701 387 810 423 Bodl.
832 399 908 434 700
923 395 959 423 et
973 387 1061 424 cod.
1077 389 1161 424 vat.

115 445 187 489 ΙΙΙ,
203 457 217 480 1
227 449 261 487 4.
277 443 333 482 Cf.
345 445 855 494 Schneidewin.adHippon.
870 445 915 483 fr.
931 458 952 481 2
962 458 976 481 1
986 474 994 483 .
1005 445 1166 492 Pyther-

118 515 215 538 mum
232 503 499 539 Phocoeensem
513 503 630 539 habes
650 515 711 552 ap.
733 504 918 541 Herodot.
937 505 971 549 Ι,
994 503 1081 541 152.

519 611 758 650 ΙΣΤΟΡΙΑΙ.

195 735 198 737 .
629 714 644 738 1
655 733 663 741 .

171 783 371 819 Athenaeus
391 783 429 818 II
441 810 451 828 ‚
467 786 593 831 Ῑ).”44,
612 783 639 819 C
660 795 668 818 :
692 780 875 832 Πύθερμος
889 779 925 818 δὲ
943 781 977 818 ἐν
996 784 1066 823 τοῖς
1081 780 1165 818 Πει-

121 841 225 884 ραιῶς
239 839 482 891 τυραννεύουσι
502 839 719 891 καταγράφει
739 839 798 877 καὶ
810 838 1005 878 Γλαύκωνα
1022 837 1165 890 ὑδροπό-

117 913 194 944 την.
216 896 456 950 εΗγήσσινδρος
477 896 512 935 δὲ
535 899 600 948 (fr.
619 897 688 949 24)
705 906 778 937 etc.

622 999 642 1023 2
650 1014 660 1024 .

418 1070 448 1104 Ε
475 1067 625 1103 LIBRO
654 1067 858 1104 OCTAVO.

170 1156 278 1192 Idem
301 1157 387 1200 VII,
407 1168 449 1204 p.
478 1155 568 1203 289,
596 1156 625 1191 F
654 1166 663 1192 ε
694 1153 764 1192 Καὶ
794 1152 960 1204 Θεμίσων
986 1153 1015 1191 δ’
1045 1155 1064 1191 ὃ
1092 1152 1164 1192 Κύ-

117 1227 234 1264 πριος,
253 1212 298 1250 τὰ
328 1212 504 1264 Ἀντιόχου
526 1216 587 1250 τοῦ
617 1211 786 1263 βασιλέως
805 1210 972 1258 παιδικὰ,
1007 1210 1052 1255 ὥς
1080 1227 1166 1264 φησι

119 1270 305 1323 Πύθερμος
324 1274 341 1309 ὁ
357 1271 514 1324 Ἐφέσιος
535 1273 569 1309 ἐν
587 1274 629 1322 τῇ
644 1271 746 1323 ὀγδόῃ
760 1274 828 1309 τῶν
843 1270 1032 1324 Ἱστοριῶν,
1047 1273 1086 1310 οὗ
1102 1271 1164 1320 μό-

118 1344 175 1368 νον
195 1331 230 1367 ἐν
250 1332 326 1373 ταῖς
343 1329 578 1382 πανηγύρεσιν
599 1330 868 1382 ἀνεκηρύττετο,
890 1330 1058 1380 Θεμίσων
1079 1332 1167 1369 Μα-

118 1388 242 1435 κεδὼν,
266 1388 442 1440 Ἀντιόχου
471 1387 641 1440 βασιλέως
667 1388 865 1440 Ἡρακλῆς,
894 1388 989 1426 ἔθυον
1015 1387 1051 1427 δὲ
1072 1389 1166 1442 αὐτῷ

119 1447 246 1491 πάντες
261 1449 292 1485 οἱ
313 1447 497 1499 ἐγχώριοι,
523 1446 738 1498 ἐπιλέγοντες
767 1447 940 1499 Ἡρακλεῖ
963 1447 1164 1498 Θεμίσωνι,

119 1506 179 1545 καὶ
201 1509 316 1558 παρῆν
331 1505 449 1552 αὐτὸς,
465 1505 569 1543 ὁπότε
585 1521 634 1548 τις
650 1508 718 1543 τῶν
733 1505 875 1550 ἐνδόξων
896 1505 990 1554 θύοι,
1010 1506 1071 1544 καὶ
1085 1506 1166 1544 ἀνέ-

119 1579 235 1610 κειτο,
261 1564 443 1617 στρωμνὴν
461 1565 539 1601 καθ’
561 1563 663 1602 αὑτὸν
684 1563 791 1615 ἔχων,
815 1564 1051 1615 ἠμφιεσμένος
1066 1566 1167 1603 λεον-

121 1624 203 1668 τῆν·
222 1622 336 1675 ἐφόρει
354 1621 389 1659 δὲ
411 1620 471 1659 καὶ
490 1620 571 1665 τόξα
590 1622 746 1660 Σκυθικὰ
763 1623 822 1660 καὶ
841 1623 989 1675 ῥόπαλον
1012 1622 1163 1675 ἐκράτει.

176 1679 353 1731 Ἀντιόχου
372 1680 386 1731 ]
429 1682 662 1717 Antiochum
702 1683 720 1718 I
763 1683 933 1718 Soterem
991 1683 1167 1731 intelligit

121 1739 473 1789 Schweighaeuser.;
509 1741 553 1775 A.
589 1741 626 1775 II
656 1742 779 1776 Deum
806 1741 987 1777 Niebuhr.
1025 1742 1165 1789 Opusc.

120 1811 162 1848 p.
183 1799 273 1837 268.
296 1798 353 1835 Cf.
377 1799 577 1847 Phylarch.
603 1799 650 1838 fr.
678 1812 713 1845 7.
739 1801 928 1849 Droysen.
952 1800 1168 1836 Hellenism.

123 1860 178 1905 ΙΙ,
191 1872 228 1908 p.
243 1858 333 1896 206.
354 1857 443 1896 280.

631 1916 667 1952 3.

174 1990 282 2027 Idem
294 1992 331 2026 II
342 2017 352 2035 ‚
370 2003 411 2040 p.
430 1989 494 2036 51,
510 1992 538 2028 F
555 2003 564 2029 :
579 1993 624 2029 V.
642 1991 876 2040 Hegesandri
892 1991 1030 2040 Delphi
1046 1990 1089 2028 fr.
1106 1995 1168 2034 41.

626 2077 662 2115 [ι.

177 2148 341 2183 Sotionis
357 2147 544 2186 Paradox.
566 2161 601 2184 c.
622 2148 686 2192 34,
707 2161 747 2196 p.
770 2147 841 2196 189
862 2148 921 2184 ed.
938 2149 1139 2185 Westerm.
1161 2160 1169 2183 ε

124 2204 308 2256 Πύθερμός
322 2220 424 2257 φησιν
437 2220 444 2228 ·
461 2223 476 2237 «
490 2204 576 2243 Ἐάν
594 2221 644 2248 τις
655 2205 785 2256 σκύφον
797 2207 843 2247 εἷς
856 2205 917 2248 τὰς
933 2209 992 2243 τοῦ
1011 2204 1172 2256 Στρύμο-

124 2278 179 2306 νος
194 2267 354 2312 ποταμοῦ
382 2262 474 2306 δίνας
499 2262 658 2315 ἐμὸάλῃ,
685 2266 804 2301 τοῦτον
826 2263 963 2316 εὑρήσει
978 2266 1011 2302 ἐν
1029 2266 1072 2315 τῇ
1094 2263 1173 2317 περὶ

124 2321 365 2360 Ἀπολλωνίαν
381 2322 502 2373 λίμνῃ.
530 2340 546 2355 »

960 240 1245 281 PYTHOCLIS
1274 240 1417 282 SAMu
1428 270 1439 292 ,

1364 368 1795 427 PYTHOCLES
1841 369 2123 430 SAMIUS.

1634 495 1861 534 lTAAIKA.

1529 590 1560 624 E
1587 590 1737 627 LIBRO
1765 591 1960 629 TERTIO.

1733 682 1767 708 1.

1280 741 1467 780 Plutarch.
1486 742 1570 779 Par.
1590 743 1683 779 min.
1704 756 1739 780 c.
1763 748 1808 788 14
1830 757 1838 780 :
1863 740 2077 782 Holvoev'xal
2094 745 2270 784 Σικελιω-

1225 800 1294 837 τῶν
1322 798 1385 846 τὴν
1417 798 1510 837 κατὰ
1542 799 1734 850 Ῥωμαίων
1763 801 1969 853 συμμαχίαν
1998 804 2268 856 ἑτοιμαζόντων,

1226 857 1403 901 Μέτελλος
1427 858 1621 910 στρατηγὸς
1643 859 1732 912 μόνῃ
1755 862 1798 912 τῇ
1813 859 1940 912 Ἑστίᾳ
1956 862 2018 900 οὐκ
2038 862 2174 901 ἔθυσεν·
2194 866 2216 910 ἡ
2234 864 2271 903 δὲ

1226 920 1365 967 πνεῦμα
1384 916 1593 956 ἀντέπνευσε
1606 923 1681 962 ταῖς
1694 918 1808 957 ναυσί.
1826 918 1927 963 Γάϊος
1944 919 1979 958 δὲ
1994 919 2134 966 Ἰούλιος
2149 922 2272 972 μάντις

1227 969 1301 1014 εἷπε
1315 977 1500 1029 λωφῆσαι,
1520 976 1578 1015 ἐὰν
1594 975 1751 1030 προθύσῃ
1770 975 1833 1023 τὴν
1847 978 2034 1030 θυγατέρα.
2053 978 2097 1019 Ὁ
2111 981 2142 1018 δ’
2163 982 2272 1032 ἀναγ-

1226 1034 1364 1077 κασθεὶς
1400 1034 1584 1074 Μεταλίαν
1622 1033 1684 1081 τὴν
1719 1035 1891 1087 θυγατέρα
1934 1039 2108 1089 προσῆγεν
2120 1053 2129 1064 ·
2171 1041 2194 1086 ἡ
2235 1039 2271 1077 δὲ

1227 1092 1351 1132 Ἑστία
1369 1092 1561 1143 ἐλεήσασα,
1582 1093 1731 1144 δάμαλιν
1752 1093 1926 1142 ὑπέὸαλε,
1947 1095 2007 1134 καὶ
2026 1096 2133 1143 αὐτὴν
2150 1096 2272 1148 ἐκόμι-

1228 1167 1284 1190 σεν
1304 1153 1350 1195 εἷς
1370 1153 1584 1202 Λαμούσιον,
1605 1152 1666 1190 καὶ
1686 1151 1812 1203 ἱέρειαν
1828 1156 1888 1191 τοῦ
1902 1153 2090 1204 σεὸομένου
2103 1157 2188 1208 παρ’
2205 1158 2271 1195 αὖ·

1226 1213 1297 1254 τοῖς
1317 1210 1501 1263 δράκοντος
1524 1210 1717 1265 ἀπέδειξεν·
1743 1212 1789 1255 ὥς
1805 1213 1989 1261 Πυθοκλῆς
2011 1215 2045 1252 ἐν
2060 1213 2158 1266 τρίτῃ
2175 1213 2272 1254 Ἰτα-

1225 1271 1345 1308 λικῶν.

1528 1353 1558 1389 Ε
1586 1353 1734 1390 LIBRo
1763 1353 1979 1400 QUARTO.

1731 1452 1768 1476 2.

1281 1513 1399 1551 Clem.
1419 1513 1481 1551 Al.
1503 1514 1578 1551 Str.
1604 1515 1621 1549 I
1635 1541 1644 1558 ‚
1662 1526 1700 1562 p.
1720 1518 1807 1563 144,
1828 1519 1877 1561 47
1901 1511 2139 1563 εΘεόπομπος
2157 1513 2194 1552 δὲ
2212 1513 2274 1553 καὶ

1226 1569 1376 1623 Ἔφορος
1395 1570 1455 1609 καὶ
1471 1573 1619 1621 Τιμαῖος
1642 1571 1860 1623 Ὀρθαγόραν
1881 1571 1958 1609 τινὰ
1975 1571 2097 1622 μάντιν
2117 1573 2273 1625 ἀναγρά·

1228 1645 1347 1683 φουσι,
1364 1629 1521 1681 καθάπερ
1538 1633 1556 1668 ὃ
1573 1629 1705 1679 Σάμιος
1723 1631 1908 1677 Πυθοκλῆς
1921 1631 1956 1669 ἐν
1971 1631 2128 1685 τετάρτῳ
2145 1631 2275 1671 Ἰταλι-

1228 1691 1297 1727 κῶν
1318 1688 1424 1728 Γάϊον
1438 1688 1584 1728 Ἰούλιον
1599 1688 1766 1728 Νέπωτα.

1617 1786 1884 1825 ΓΕΩΡΓΙΚΑ.

1534 1879 1564 1913 Ε
1591 1878 1744 1914 LIBRO
1772 1878 1967 1916 TERTIO.

1736 1959 1772 1998 3.

1284 2030 1473 2067 Plutarch.
1498 2030 1583 2068 Par.
1618 2029 1710 2066 min.
1739 2034 1784 2073 41
1809 2040 1818 2067 t
1846 2026 2147 2081 Ἡγησίστρατος,
2184 2029 2275 2083 ἀνὴρ

1233 2087 1410 2140 Ἐφέσιος,
1431 2085 1595 2139 ἐμφύλιον
1612 2085 1712 2139 φόνον
1733 2085 1882 2137 δράσας,
1904 2085 2026 2139 ἔφυγεν
2044 2089 2091 2131 εἷς
2105 2087 2274 2141 Δελφοὺς,

1232 2146 1292 2184 καὶ
1319 2145 1437 2199 ἠρώτα
1468 2145 1525 2183 τὸν
1552 2144 1638 2192 θεὸν,
1669 2147 1736 2183 ποῦ
1766 2144 1950 2190 οἰκήσειεν.
1977 2144 2020 2184 Ὁ
2041 2145 2071 2184 δ’
2100 2146 2277 2185 Ἀπόλλων

1235 2207 1385 2251 ἀνεῖπεν,
1424 2203 1503 2242 ἔνθα
1536 2203 1576 2242 ἂν
1606 2203 1663 2255 ἴδῃ
1695 2202 1901 2255 χορεύοντας
1929 2203 2108 2256 ἀγροίκους
2141 2206 2279 2249 θαλλοῖς

1235 2263 1353 2306 ἐλαίας
1383 2261 1697 2314 ἐστεφανωμένους.
1719 2260 1906 2311 Γενόμενος
1934 2261 1969 2299 δὲ
1990 2261 2081 2300 κατὰ
2101 2261 2159 2300 τὸν
2176 2260 2281 2300 τόπον

1235 2324 1295 2367 τῆς
1316 2320 1454 2369 Ἀσίας,
1472 2320 1532 2358 καὶ
1551 2320 1761 2370 θεασάμενος
1781 2319 1920 2372 φύλλοις
1942 2321 2060 2364 ἐλαίας
2079 2321 2279 2373 ἐστεφανω-

125 2398 2205 2410 ——————————————-———————-——-

514 2455 784 2494 HISTORIAE.

639 2567 671 2599 1.

170 2635 362 2675 Pythermus
374 2633 458 2665 inter
471 2642 524 2666 eos
544 2633 599 2674 qui
617 2633 649 2664 in
672 2634 792 2666 Piraeeo
810 2634 938 2675 tyranni
954 2635 1062 2675 erant,
1077 2634 1174 2667 etiam

127 2688 326 2720 Glauconem
339 2695 432 2727 aquae
446 2687 624 2727 potatorem
638 2687 791 2718 recenset.

629 2769 664 2801 2.

170 2834 274 2866 Etiam
299 2834 469 2866 Themison
495 2834 647 2874 Cyprius,
677 2832 825 2865 Antiochi
855 2833 936 2873 regis
963 2833 1120 2872 amasius,
1140 2834 1176 2865 nt

130 2887 239 2919 scribit
254 2887 443 2926 l’ythermus
457 2887 610 2927 Ephesius
619 2887 733 2918 octavo
750 2886 978 2925 Historiarum,
998 2895 1062 2917 non
1082 2886 1176 2917 modo

127 2938 161 2969 in
179 2937 311 2977 publicis
325 2938 491 2969 hominum
508 2938 718 2970 conventibus
731 2938 790 2969 hac
809 2937 947 2969 formula
960 2938 1177 2977 proclamatus

129 2992 178 3023 est
195 3001 204 3023 ε
227 2990 401 3022 Themison
417 2990 578 3026 Macedo,
593 2991 751 3022 Antiochi
766 2992 856 3031 reqis
871 2990 1055 3026 Hercules,
1072 2989 1126 3022 sed
1146 2991 1177 3022 et

129 3050 219 3073 sacra
229 3042 256 3073 ei
269 3041 427 3073 faciebant
437 3041 592 3081 indigenae
600 3051 710 3074 omnes
719 3066 728 3081 ‚
738 3042 950 3074 acclamantes
963 3054 970 3073 :
987 3041 1177 3074 Themisoni

130 3095 295 3127 Herculi!
324 3095 363 3125 Et
385 3094 509 3134 quoties
543 3104 583 3125 ex
605 3094 782 3126 illustribus
804 3095 919 3135 aliquis
943 3103 1033 3125 sacra
1047 3094 1176 3133 faceret,

131 3145 241 3177 aderat
266 3146 331 3186 ipse
347 3145 477 3176 seorsim
503 3146 631 3176 sublimi
658 3146 690 3176 in
715 3146 798 3177 lecto
812 3146 954 3185 cubans,
972 3146 1073 3177 leonis
1097 3146 1178 3186 pelle

131 3197 275 3233 vestitus.
305 3196 519 3236 Gestabatque
532 3196 627 3228 ctiam
644 3197 829 3236 Scythicum
851 3206 983 3238 arcum,
997 3199 1029 3229 et
1053 3197 1177 3228 clavam

131 3257 228 3280 manu
245 3248 384 3280 tenebat.

636 3310 669 3340 4.

175 3374 364 3414 l‘ythermus
376 3372 432 3411 ait,
446 3386 459 3399 α
477 3373 587 3412 Siquis
601 3373 751 3412 poculum
764 3374 794 3404 in
809 3375 987 3414 Strymonis
1001 3375 1088 3406 fluvii
1102 3384 1177 3416 gur-

131 3426 210 3466 gites
223 3424 381 3465 inJecerit,
399 3424 553 3464 receperit
569 3432 642 3456 eum
661 3424 691 3455 in
708 3425 777 3456 lacu
795 3426 834 3456 ad
852 3427 1062 3466 Apolloniam.
1081 3440 1094 3454 »

2251 2396 2274 2410 3

1644 2451 1865 2491 lTALICA.

1743 2530 1777 2562 1.

1276 2592 1385 2628 Quum
1408 2590 1497 2622 Poeni
1519 2589 1703 2622 societatem
1719 2598 1791 2621 cum
1812 2588 1928 2622 Siculis
1944 2588 2102 2621 adversus
2118 2590 2282 2622 Romanos

1234 2642 1507 2682 machinarentur,
1525 2641 1672 2673 Metellus
1686 2643 1904 2672 Romanorum
1927 2640 1996 2672 dux
2011 2640 2069 2672 soli
2089 2641 2196 2672 Vesta:
2211 2649 2282 2673 rem

1234 2701 1358 2724 sacram
1370 2702 1434 2724 non
1447 2693 1522 2724 fecit
1537 2701 1592 2725 :ea
1599 2693 1732 2724 ventum
1743 2692 1835 2724 classi
1842 2691 2014 2724 adversum
2027 2692 2168 2723 immisit.
2187 2692 2282 2724 Caius

1235 2747 1343 2777 autem
1357 2745 1462 2777 Julius
1473 2746 1631 2785 haruspex
1644 2747 1841 2788 cessaturum
1855 2744 1975 2784 edixit,
1989 2745 2015 2776 si
2031 2743 2130 2776 filiam
2143 2744 2210 2776 dux
2224 2745 2282 2776 im-

1237 2797 1396 2828 molasset.
1429 2798 1570 2828 coactus
1599 2797 1707 2836 itaque
1740 2796 1793 2827 hic
1817 2796 1915 2827 tiliam
1945 2795 2107 2827 Metaliam
2130 2795 2283 2836 produxit

1236 2851 1423 2881 mactatum.
1438 2852 1467 2881 V
1469 2851 1534 2881 esta
1548 2849 1617 2888 ejus
1629 2850 1757 2880 miserta
1769 2872 1778 2887 ,
1792 2849 1944 2880 buculam
1960 2848 1992 2879 in
2007 2848 2074 2887 ejus
2087 2848 2194 2878 locum
2204 2848 2282 2880 suh-

1237 2901 1339 2940 misit‚
1360 2901 1526 2941 ipsamque
1541 2901 1724 2932 Lamusium
1743 2900 1876 2938 detulit,
1890 2902 1923 2931 et
1936 2898 2082 2930 draconis
2100 2899 2155 2938 qui
2169 2898 2213 2930 ibi
2231 2907 2284 2931 co-

1237 2953 1313 2984 litur
1328 2952 1502 2990 antistitem
1521 2951 1606 2983 fecit.
1627 2951 1680 2984 Sic
1695 2951 1862 2992 Pythocles
1876 2950 1972 2982 tertio
1993 2949 2188 2982 italicorum.

1743 3013 1779 3044 2.

1278 3067 1503 3108 Theopompus
1513 3068 1545 3098 et
1558 3066 1702 3106 Ephorus
1712 3067 1744 3098 et
1750 3066 1889 3097 Timaeus
1901 3065 2112 3105 Orthagoram
2122 3065 2284 3105 quendam

1238 3121 1345 3151 vatem
1359 3119 1632 3157 commemorant,
1645 3117 1738 3149 sicuti
1761 3117 1931 3157 Pythocles
1943 3117 2070 3149 Samius
2087 3119 2203 3157 quarto
2216 3119 2283 3150 na·

1238 3171 1373 3203 licorum
1389 3170 1503 3203 Caium
1521 3169 1646 3201 Julium
1662 3170 1829 3209 Nepotem.

1622 3244 1900 3283 GEORGICA.

1743 3318 1777 3350 3.

1283 3373 1510 3414 {legesistratus
1531 3356 1683 3412 Ephesius
1693 3371 1776 3403 civili
1793 3380 1870 3403 nece
1883 3373 2062 3412 perpatrata
2082 3372 2220 3413 Delphos
2234 3373 2283 3403 su-

1239 3425 1301 3466 git,
1316 3425 1510 3465 scitatusque
1522 3423 1620 3456 deum
1634 3425 1700 3464 est,
1714 3423 1845 3455 ubinam
1859 3423 2003 3455 locorum
2016 3423 2124 3456 sedern
2139 3426 2281 3465 poneret.
