2326 3724
100 262 174 297 224

98 343 233 391 ἀπέὸη,
251 341 274 389 ἢ
291 341 452 394 βασιλεὺς
468 340 700 395 ἐστοχάσατο.
723 341 766 381 Ὁ
783 341 850 396 γὰρ
872 342 915 390 δὴ
934 343 1142 395 Σαρακηνὸς

98 401 251 454 ἀπρεπὲς
267 396 356 440 εἶναι
373 403 412 440 τὸ
431 401 597 454 παρεῖναί
615 403 646 440 οἱ
663 400 758 454 μόνῳ
785 403 831 445 ὡς
850 401 995 453 βασιλέα
1013 404 1141 440 ὑποτο-

97 460 232 510 πήσας,
253 461 312 499 καὶ
332 461 371 500 τὸ
391 463 570 513 κρατῆσαν
586 462 686 506 δῆθεν
705 459 891 498 καταλύειν
907 462 973 512 οὐχ
989 460 1141 512 αἱρετέον

99 520 214 571 αὑτῷ,
236 517 438 590 ἀπηνήνατο
457 518 520 565 τὴν
538 519 570 562 ἐς
588 517 734 571 βασιλέα
753 517 918 570 πάροδον.
940 518 1031 557 Τότε
1045 522 1062 558 6
1078 522 1144 571 ¹ssot-'

100 576 214 620 σιλεὺς
232 576 290 615 τὸν
311 576 373 628 μὲν
402 577 609 630 Σαρακηνὸν
637 575 835 615 τελεώτατα
863 579 1144 630 περιεφρόνησεν,

99 635 155 672 6
137 633 173 671 οὲ
201 636 234 679 ἐς
249 634 306 673 τὸν
329 635 486 683 Μεὸώδη
509 635 694 707 παρήγαγε
717 634 778 678 τὰς
807 635 932 679 αἰτίας.
957 636 999 675 Ὁ
1022 636 1057 674 δὲ
1077 639 1145 675 τῶν

101 694 249 745 Περσῶν
267 693 502 746 πρεσὸευτὴς,
521 712 536 727 «
554 695 602 733 Ὠ
617 693 785 740 δέσποτα,
805 711 820 728 n
843 693 974 742 ἔλεξεν,
992 711 1007 728 «
1022 696 1060 732 οὗ
1076 694 1145 732 πά-

101 766 195 802 ρειμι
224 753 486 804 συνεπαμύνων,
515 752 585 805 εἴγε
615 754 693 790 65'
664 751 871 804 ..αρακηνὸς
894 753 1148 804 ἐπλημμέλησέ

102 824 158 856 τι,
180 809 293 854 ἄλλως
312 810 348 848 δὲ
374 810 623 860 ἀκουσόμενος,
642 809 756 857 ὅπως,
788 813 818 847 εἰ
848 809 910 860 μὲν
931 811 1080 863 ἁρμόδια
1099 812 1149 863 τῷ

106 867 230 921 δικαίῳ
257 867 370 920 λέγοι,
401 867 450 919 μὴ
470 867 703 921 περιόψομαι,
724 869 753 905 εἷ
778 867 815 905 δέ
838 883 876 919 γε
903 870 936 912 ἐς
953 849 1149 907 τούναντίον

103 926 292 977 ὀφθήσεται
309 926 433 970 ἀδίκως
450 928 668 976 ἐπεγκαλῶν,
689 925 791 969 αὐτὸς
806 925 874 977 ἐγὼ
887 926 1150 974 καταδιαιτήσω

102 988 164 1023 τοῦ
180 986 404 1037 Σαρακηνοῧ.
419 1003 432 1019 u
443 983 490 1023 ‘O
509 983 670 1035 βασιλεὺς
684 984 917 1028 ἐπιτωθάζων·
933 983 1152 1030 ααΗκειςμῗυς

105 1043 228 1090 ἔοικεν,
248 1043 326 1094 οὐχὶ
343 1041 658 1094 πρεσὸευσόμενος,
679 1041 771 1079 ἀλλὰ
790 1041 955 1081 δικάσων.
978 1059 992 1076 »ι
1012 1041 1058 1081 Ὁ
1076 1045 1153 1081 Με-

105 1100 220 1147 ὅώδης
241 1100 365 1139 αὐτίκα
386 1103 407 1138 ὅ
430 1116 469 1150 γε
494 1103 543 1152 τῷ
569 1102 753 1152 πληκτικῷ
783 1104 841 1138 τοῦ
868 1099 972 1150 λόγου
1004 1100 1154 1153 συγχέας

104 1159 143 1196 τὸ
165 1158 350 1211 πρόσωπον
383 1158 607 1218 ἐφοινίττετο.
631 1160 826 1210 Τοιγαροῦν
853 1161 1083 1230 παραχρῆμα
1095 1159 1152 1198 τὸν

106 1215 344 1268 αὐτοκράτορα
367 1215 565 1290 προσειπὼν
585 1220 674 1267 ᾑπερ
701 1215 736 1253 Οέ
722 1231 816 1266 εμις,
841 1215 947 1259 οὕτως
976 1216 1153 1269 ἀνεχώρη-

105 1291 176 1315 σεν.
199 1275 391 1326 Ὀλίγαις
374 1275 409 1313 οὲ
427 1274 567 1327 ὕστερον
589 1275 737 1327 ἡμέραις
755 1271 880 1318 αὖθις’
866 1291 899 1319 ες
926 1275 970 1313 τὰ
993 1276 1154 1327 βασίλεια

105 1333 287 1386 παρελθὼν
302 1338 490 1384 παρῃτεῖτο
506 1335 662 1384 λιπαρως
679 1332 757 1385 περὶ
775 1335 835 1379 τῆς
849 1335 917 1370 τῶν
936 1335 1154 1386 Σαρακηνῶν

106 1391 253 1432 εἰσόδου.
299 1394 372 1431 Τοῦ
411 1392 446 1429 δὲ
485 1391 652 1443 βασιλέως
694 1392 934 1440 ἀνανεύοντος,
963 1395 1028 1444 οὐχ
1062 1392 1154 1431 ὅσιον

108 1449 259 1502 ἔφασκεν
280 1444 367 1488 εἶναι
385 1449 433 1500 μὴ
452 1449 496 1488 τὰ
515 1450 580 1488 ὅσα
602 1449 755 1487 ἐπετέλει
776 1449 843 1502 πρὸ
863 1454 921 1488 τοῦ
946 1450 1044 1502 παρὰ
1064 1450 1158 1490 ‘Pm-

108 1508 232 1558 μαίους
247 1508 524 1560 πρεσὸευόμενος
543 1511 561 1546 6
580 1508 671 1560 Ζιχ,
691 1524 750 1546 και
772 1508 834 1558 ἐμὲ
855 1502 950 1551 αὖθις
971 1511 1153 1548 ἐπιτελεῖν.

109 1586 125 1600 c<
147 1569 190 1605 Οἳ
219 1567 286 1638 γὰρ
318 1569 395 1605 καθ’
415 1570 508 1617 ἡμᾶς
525 1567 739 1639 τΣαρακηνοὶ
760 1566 836 1615 ἅμα
857 1569 950 1619 αὐτῷ
971 1568 1067 1620 παρὰ
1089 1572 1157 1620 βα-

109 1626 208 1662 σιλεα
230 1625 395 1676 ἐγίνοντο.
422 1630 483 1664 Δεῖ
507 1628 563 1662 οὐν
583 1626 643 1663 καὶ
667 1624 728 1674 ἐμὲ
748 1628 816 1663 τῶν
833 1624 916 1663 ἴσων
934 1625 1053 1678 ἐκείνῳ
1071 1627 1157 1665 ἀπο-

108 1683 242 1732 λαύειν,
264 1685 310 1727 ὡς
329 1683 369 1721 ἂν
391 1682 439 1733 μὴ
460 1683 578 1736 ὥσπερ
600 1683 846 1734 λελωὸημέναι
866 1686 950 1722 ὠσιν
973 1685 1007 1721 αἱ
1026 1684 1156 1733 μεταξὺ

109 1741 298 1792 Ῥωμαίων
318 1757 356 1780 τε
383 1741 444 1780 καὶ
478 1744 624 1794 Περσῶν
657 1745 839 1788 συνθῆκαι.
870 1761 885 1776 »
915 1741 961 1781 ‘O
999 1742 1159 1794 βασιλευς

109 1800 196 1852 πρὸς
216 1804 327 1838 ταῦτα
349 1800 494 1853 ὀργίλως
511 1801 613 1853 ἔχων·
631 1819 646 1835 «
667 1801 714 1840 Τί
734 1795 806 1851 οὖν,
829 1803 858 1839 εἷ
879 1800 939 1839 καὶ
955 1801 1160 1853 πεφώραται

110 1862 128 1896 6
144 1860 212 1911 Ζὶχ
231 1859 289 1897 ἐπὶ
311 1860 452 1912 μοιχείᾳ
477 1860 538 1898 καὶ
561 1859 667 1913 ἑτέρῳ
690 1859 758 1913 δ’τῳ
783 1859 1069 1910 πλημμελήματι
1092 1864 1159 1899 τῶν

112 1917 313 1964 ἀνηκέστων
334 1917 457 1967 ἁλοὺς,
478 1918 537 1956 καὶ
557 1918 611 1957 σοὶ
628 1920 708 1957 κατ’
725 1918 818 1971 ἴχνος
838 1918 958 1972 ἐκείνῳ
976 1919 1070 1966 ἰτέα,
1085 1918 1107 1966 ἢ
1122 1921 1159 1958 οὖ

114 1975 323 2027 ξυναισθάνῃ
346 1978 484 2028 βασιλεῖ
508 1976 697 2026 Ῥωμαίων
719 1977 780 2015 καὶ
801 1977 980 2030 Ἰουστίνῳ
1001 1978 1160 2029 διαλεγό-

114 2049 234 2084 μενος;
256 2053 272 2069 >²
294 2036 384 2074 Τότε
405 2035 675 2087 καταρρωδήσας
693 2038 710 2074 6
731 2035 922 2086 Μεὸώδης,
948 2036 1107 2089 περιδεής
1124 2052 1160 2074 τε

111 2147 178 2179 lum
195 2147 262 2179 sine
284 2148 350 2179 ullo
367 2148 522 2180 comitatu
541 2148 580 2179 ad
597 2148 824 2189 imperatorem
839 2148 1009 2188 accedere,
1024 2157 1128 2190 neque
1143 2157 1161 2180 a

111 2207 219 2239 more,
237 2199 491 2239 quijamdudum
505 2199 706 2241 obtinuerat,
724 2200 783 2232 sibi
796 2200 1009 2232 recedendum
1027 2210 1095 2233 esse
1108 2209 1159 2232 ra-

111 2252 185 2289 tus,
203 2251 401 2291 imperatoris
425 2251 549 2283 aditum
566 2252 683 2283 renuit.
700 2254 790 2284 Tunc
806 2252 980 2292 imperator
997 2253 1089 2285 valde
1103 2253 1160 2285 de-

112 2304 217 2343 spexit
235 2306 426 2335 Saracenum
436 2314 445 2343 ;
457 2304 496 2336 de
515 2313 580 2345 qua
590 2313 623 2336 re
637 2313 736 2345 quum
753 2305 838 2345 apud
850 2305 1017 2337 Mebodem
1030 2307 1163 2346 questus

113 2356 214 2393 esset,
233 2357 399 2386 Persarum
426 2356 548 2395 legatus
569 2356 753 2396 imperatori
769 2356 850 2388 dixit
868 2369 875 2388 ε
897 2369 913 2384 τι
931 2359 997 2396 Ego
1013 2357 1162 2398 quidem,

113 2406 260 2444 domine,
275 2406 408 2446 adsum,
422 2406 507 2438 haud
526 2407 743 2439 defensionem
765 2407 973 2448 suscepturus
994 2408 1161 2447 Saraceni,

114 2457 140 2489 si
157 2458 188 2488 in
202 2458 309 2497 aliquo
323 2457 510 2497 deliquerit,
531 2458 586 2490 sed
608 2467 676 2490 rem
699 2459 905 2499 cogniturus,
924 2462 980 2498 ut,
1004 2459 1030 2490 si
1049 2468 1161 2491 verum

115 2508 155 2540 ad
170 2517 222 2541 me
234 2508 404 2547 detulerit,
422 2517 550 2540 causam
565 2509 633 2548 eJus
657 2518 721 2540 non
734 2509 896 2550 deseram;
914 2511 961 2542 sin
981 2510 1096 2550 injuria
1111 2519 1161 2542 ac-

117 2570 243 2593 cusasse
253 2561 436 2601 apparebit,
453 2570 511 2601 ego
527 2561 630 2602 ipsum
644 2562 866 2595 condemnem.
880 2575 896 2591 »
911 2562 970 2595 Cui
986 2563 1163 2603 imperator

117 2613 268 2645 mordens
283 2626 291 2645 :
304 2625 319 2640 α
338 2614 459 2646 Venisti
478 2614 572 2654 igitur
587 2623 651 2646 non
668 2614 834 2654 legationis
861 2623 979 2646 munus
995 2615 1162 2655 obiturus,

118 2667 173 2699 sed
183 2666 298 2707 iudicis
311 2667 417 2699 officio
429 2667 606 2699 functurus.
626 2680 642 2696 n
662 2670 702 2699 At
714 2667 865 2699 Mebodes
886 2667 1000 2699 acerba
1019 2668 1052 2699 et
1075 2676 1162 2699 mor-

118 2718 191 2750 daci
210 2718 412 2759 imperatoris
426 2719 628 2759 responsione
641 2720 792 2751 confusus
802 2719 930 2751 erubuit
940 2719 1032 2750 vultu
1044 2743 1053 2758 ,
1069 2722 1165 2759 atque

119 2772 286 2803 confestim
302 2772 505 2811 imperatore,
527 2772 610 2804 sicut
641 2772 687 2804 fas
716 2773 808 2811 erat,
836 2772 974 2803 salutato
986 2795 996 2811 ,
1023 2772 1164 2803 recessit.

120 2823 235 2854 Paucis
250 2824 323 2862 post
341 2823 453 2855 diebus
475 2824 589 2855 iterum
605 2823 752 2855 Mebodes
768 2823 993 2863 imperatorem
1016 2822 1114 2862 adiit,
1135 2824 1167 2854 et

121 2875 306 2915 suppliciter
318 2876 507 2915 postulavit,
525 2878 718 2909 saracenum
735 2876 775 2907 ad
788 2885 862 2907 eum
877 2875 1048 2915 introduci,
1064 2877 1097 2907 et
1110 2876 1167 2907 im·

122 2928 268 2966 peratore
290 2927 468 2965 abnuente,
497 2927 627 2959 minime
650 2928 773 2967 justum
798 2936 881 2966 esse,
898 2927 979 2958 dixit
999 2927 1167 2966 Mebodes,

122 2977 181 3008 sibi
197 2986 259 3008 non
274 2978 384 3008 eadem
399 2979 550 3017 perlicere
564 2979 658 3010 licere
670 3001 679 3017 ,
696 2988 769 3019 quae
783 2979 898 3011 Ziclius
911 2981 985 3010 ante
1001 2987 1035 3010 se
1048 2979 1169 3018 legatus

123 3029 315 3070 perfecisset.
337 3043 352 3057 «
368 3033 446 3062 Nam
460 3032 569 3062 nostra
579 3034 732 3063 memoria
743 3055 751 3070 ,
765 3032 886 3072 inquit,
899 3031 1045 3063 Saraceni
1060 3031 1100 3062 ad
1113 3031 1169 3063 im-

126 3082 304 3120 peratorem
321 3090 384 3112 una
408 3091 482 3113 cum
510 3082 578 3122 ipso
600 3085 812 3115 accesserunt,
831 3084 943 3122 ltaque
967 3084 1093 3123 oportet
1119 3092 1171 3115 me

125 3131 237 3163 iisdem
264 3132 477 3172 frui,-quibus
499 3133 569 3173 ille,
598 3143 639 3166 ne
661 3134 694 3165 in
718 3135 824 3174 aliquo
852 3135 935 3166 inter
964 3136 1123 3166 Romanos
1140 3136 1171 3166 et

126 3186 238 3216 Persas
253 3184 390 3216 induciae
403 3185 465 3217 sint
479 3186 719 3225 quodammodo
735 3187 871 3218 violatae.
890 3199 906 3214 »
922 3186 968 3218 Ad
982 3195 1054 3226 quae
1069 3187 1170 3227 impe-

129 3236 216 3267 rator
242 3235 405 3267 iracundia
431 3238 572 3276 percitus
589 3249 596 3269 ε
616 3250 631 3264 «
650 3238 682 3270 Si
704 3237 800 3276 igitur
823 3238 937 3269 Ziclius
960 3237 991 3268 in
1015 3237 1172 3269 adulterio

129 3289 185 3318 aut
200 3286 308 3327 aliquo
324 3287 386 3318 alio
411 3289 498 3327 gravi
521 3289 654 3320 crimine
680 3289 895 3328 deprehensus
913 3293 1016 3328 esset,
1036 3291 1070 3320 tu
1090 3289 1174 3321 illius

129 3338 269 3378 vestigiis
292 3338 349 3370 tibi
367 3339 574 3370 insistendum
600 3341 748 3380 putares?
774 3343 888 3372 Annon
903 3341 1017 3379 sentis,
1042 3342 1075 3372 te
1099 3349 1173 3372 cum

131 3392 347 3422 Romanorum
374 3391 565 3431 imperatore
595 3394 626 3424 et
647 3393 774 3424 Justino
801 3401 981 3424 sermonem
1014 3393 1171 3425 habere?=›

131 3442 214 3476 Tum
233 3443 454 3475 consternatus
470 3443 620 3475 Mebodes
638 3452 703 3485 prae
728 3452 846 3485 pavore
862 3453 982 3485 pronus
998 3444 1029 3476 in
1054 3446 1174 3477 terram

832 254 1106 296 MENANDRI
1134 253 1482 296 PROTECTORIS

1202 343 1401 395 γενόμενος,
1429 343 1564 397 πρηνὴς
1583 343 1695 383 ἔκειτο
1720 344 1773 383 ἐπ’
1799 344 1962 398 ἐδάφους,
1991 344 2075 397 πρὸς
2100 343 2243 399 ἄρνησίν

1200 418 1238 440 τε
1277 402 1506 455 καταφεύγων
1546 402 1607 441 καὶ
1648 402 1870 454 ἀναινόμενος
1917 404 2074 454 εἰρῆσθαί
2123 405 2154 443 οἱ
2199 403 2245 442 τὰ

1202 459 1330 498 τοιάδε.
1365 461 1522 512 Ἰοιαύτῃ
1561 461 1731 512 ἀπολογίᾳ
1773 461 1956 513 χρωμένου
1969 491 1979 508 ,
2017 464 2035 500 6
2069 461 2246 514 αὐτοκρά-

1204 533 1273 578 τωρ
1295 517 1406 563 ἔδοξεν
1429 519 1623 571 ὑπάγεσθαι
1641 523 1684 572 τῇ
1712 521 1845 570 πειθοῖ,
1874 520 1968 564 ἔὶεξέ
1987 535 2046 558 τε·
2070 538 2086 554 «
2106 518 2247 560 Ἔοικεν

1204 579 1262 613 οὖν
1289 579 1307 614 6
1334 577 1502 629 ἑρμηνευς
1526 578 1611 628 ἡμῖν
1638 577 1739 630 ἕτερα
1771 579 1848 616 ἀνθ’
1873 579 1997 631 ἑτέρων
2032 577 2173 631 φράσαι.
2202 578 2249 618 Εἰ

1205 633 1316 672 τοίνυν
1346 635 1442 673 οὐδὲν
1478 635 1639 674 λέλεκταί
1672 652 1725 675 σοι
1756 636 1853 689 παρὰ
1881 636 1920 675 τὸ
1960 640 2152 689 προσῆκον,
2179 635 2250 674 ἴσθι

1205 691 1245 730 τὸ
1265 693 1446 744 ἐπίκλημα
1463 693 1729 746 ἀπονιψάμενος.
1748 713 1764 728 n
1782 693 1904 738 Οὕτως
1921 697 1938 732 6
1962 692 2123 747 βασιλεὺς
2138 693 2250 732 ἑκοντὶ

1208 752 1607 804 ἀποπροσποιησάμενος
1626 754 1669 791 τὰ
1688 753 1854 805 λεχθέντα
1871 753 1956 806 πρὸς
1975 755 2078 791 αὐτοῦ
2100 751 2226 791 εἰδέναι
2238 781 2249 800 ,

1207 812 1275 847 τῶν
1308 810 1497 863 εἰρημένων
1525 810 1588 858 τὴν
1611 811 1752 863 ἄγνοιαν
1773 811 1992 864 ὑπεκρίνετο,
2014 811 2075 849 καὶ
2095 811 2137 859 δὴ
2162 813 2196 855 ἐς
2211 811 2252 850 τὸ

1207 867 1401 920 ἠπιώτερον
1430 869 1649 921 μετηνέχθη,
1677 872 1724 914 ὡς
1751 869 1793 908 ἂν
1820 869 1868 920 μὴ
1897 868 2104 922 θρασύτερός
2133 885 2170 907 τε
2190 869 2252 908 καὶ

1209 925 1302 964 κατὰ
1329 926 1368 964 τὸ
1402 928 1535 977 μᾶλλον
1570 928 1746 981 ὓψαγόρας
1774 927 1887 966 ἔσοιτο
1913 931 1931 966 6
1960 927 2133 974 Μεὸώδης
2150 929 2201 980 τῷ
2221 929 2255 971 ἐς

1211 983 1342 1022 ἔννοιαν
1362 983 1454 1036 ἔχειν
1481 985 1670 1023 συνειδέναι
1695 985 1751 1024 τὸν
1771 985 2008 1039 αὐτοκράτορα
2027 988 2070 1036 τῇ
2095 988 2163 1024 τῶν
2193 987 2255 1038 ρη-

1213 1042 1332 1091 μάτων
1361 1042 1568 1095 τραχύτητι.
1592 1043 1698 1082 Οὕτω
1719 1044 1760 1091 δὴ
1781 1040 1837 1082 οῧν
1860 1048 1922 1082 τοῦ
1948 1043 2119 1095 βασιλέως
2136 1058 2254 1096 παρα-

1212 1100 1449 1151 κρουσαμένου
1468 1100 1529 1147 τὴν
1549 1101 1725 1149 ὑπόνοιαν,
1743 1120 1757 1134 τι
1777 1101 1994 1152 Οἷμωζέτω,
2011 1119 2026 1136 υ
2043 1097 2066 1149 ἧ
2089 1101 2126 1140 δὲ
2141 1103 2160 1139 6
2181 1103 2256 1140 Με·
2302 1122 2306 1123 ’

1214 1159 1346 1210 δώδης,
1365 1178 1379 1193 υ
1397 1159 1457 1198 καὶ
1471 1158 1514 1198 τὰ
1530 1159 1759 1211 Σαρακηνικὰ
1771 1162 1861 1213 φῦλα
1878 1159 2017 1198 ἅπαντα
2031 1160 2091 1198 καὶ
2105 1159 2257 1212 Ἀμὸρος

1214 1217 1315 1261 αὐτὸς
1341 1217 1401 1256 καὶ
1427 1221 1449 1264 ἠ
1472 1218 1643 1271 πρεσὸεία
1671 1222 1694 1265 ἡ
1725 1218 1801 1256 κατ’
1823 1218 1966 1262 αὐτούς·
1986 1217 2064 1269 ἐμοὶ
2090 1217 2157 1271 γὰρ
2176 1219 2256 1268 σιγὴ

1215 1276 1326 1315 ἔσοιτο
1343 1276 1442 1315 ἕκατί
1455 1292 1491 1314 τε
1508 1278 1634 1324 αὐτῶν,
1651 1277 1720 1314 οὐδ’
1738 1277 1871 1327 εἴποιμί
1886 1292 1919 1315 τι
1933 1277 2061 1315 λοιπόν.
2080 1295 2095 1312 n
2113 1276 2256 1316 Τούτων

1215 1334 1306 1373 οὕτω
1331 1335 1578 1386 κεκινημένων,
1595 1337 1745 1373 πλεῖστα
1771 1336 1833 1386 μὲν
1857 1351 1917 1374 και
1937 1335 2027 1374 ἄλλα
2052 1338 2070 1374 6
2100 1333 2260 1387 βασιλευς

1218 1394 1273 1432 τὸν
1294 1394 1503 1446 Σαρακηνὸν
1521 1397 1594 1432 εἰπε
1616 1397 1749 1441 κακῶς,
1767 1410 1827 1432 και
1845 1397 1891 1437 ὡς
1909 1394 2121 1445 μεταὸολεύς
2136 1410 2173 1432 τε
2200 1393 2259 1432 καὶ

1215 1452 1511 1503 παλιγκάπηλος
1498 1451 1592 1498 ήκοι.
1613 1451 1705 1503 Πρὸς
1721 1454 1791 1495 τοῖς
1810 1453 1838 1490 δ’
1858 1452 2019 1506 ἔφασκεν,
2040 1468 2087 1496 ως
2111 1453 2175 1504 οὐχ
2193 1445 2261 1495 οἷός

1216 1526 1253 1548 τε
1286 1510 1416 1563 πέφυκε
1448 1511 1580 1557 λήσειν,
1611 1510 1690 1548 ὅτου
1724 1509 1824 1548 ἕνεκα
1860 1512 1999 1563 βασιλεῖ
2028 1510 2261 1560 ἐντευξόμενος

1218 1569 1373 1623 ἀφίκετο.
1403 1588 1417 1603 «
1439 1568 1539 1615 Φησὶ
1569 1569 1654 1621 γὰρ,
1676 1571 1721 1612 ὡς
1741 1568 1849 1607 εθέλοι
1868 1569 1912 1607 τὰ
1940 1569 2069 1616 συνήθη
2092 1568 2260 1622 χρήματα

1217 1627 1430 1677 κομίσασθαι
1457 1627 1543 1680 πρὸς
1559 1629 1673 1675 ἡμων,
1702 1629 1774 1665 ἀνθ’
1795 1631 1842 1666 ὧν
1871 1631 2158 1678 οἰμαικομιεῖται
2178 1626 2261 1677 ξυμ-

1220 1686 1326 1739 φορὰς
1343 1689 1360 1725 6
1381 1686 1576 1739 κατάρατός
1592 1701 1628 1723 τε
1646 1685 1705 1723 καὶ
1723 1686 1966 1735 ἀπολούμενος,
1983 1689 2011 1726 Ι
2013 1688 2050 1724 ελ
2053 1687 2195 1730 οιῶδες
2182 1684 2262 1738 γὰρ,

1219 1747 1250 1783 εἰ
1271 1747 1491 1798 Σαρακηνῶν
1511 1743 1619 1790 ἔθνει,
1635 1744 1695 1782 καὶ
1714 1749 1824 1782 ταῦτα
1843 1745 2014 1795 νομάδων,
2033 1744 2205 1795 Ῥωμαῖοί
2222 1759 2262 1795 γε

1220 1803 1314 1846 ὄντες
1332 1802 1576 1853 τεταξόμεθα’
1563 1818 1593 1845 ες
1613 1803 1726 1855 φόρων
1745 1802 1986 1854 ἀπαγωγήν.»
2005 1802 2050 1842 Ὁ
2072 1802 2262 1850 Μεὸώδης,

1223 1864 1340 1909 «Ριεν,
1357 1879 1373 1895 κ
1391 1861 1469 1914 ἔφη,
1483 1878 1499 1895 »
1513 1863 1542 1898 ὠ
1554 1861 1726 1899 δέσποτα·
1742 1862 1772 1898 εἷ
1787 1861 1886 1899 ml*
1865 1877 2054 1914 απρακτον,
2072 1860 2198 1912 ὅμως’
2179 1862 2264 1899 από-

1221 1922 1359 1973 πεμψον
1375 1920 1490 1958 αὐτόν.
1509 1937 1525 1953 ι»
1540 1919 1585 1959 ‘O
1604 1919 1782 1971 βασιλεύς·
1805 1938 1819 1953 u
1835 1921 1908 1960 Και
1922 1921 1951 1959 εἷ
1969 1920 2019 1971 μὴ
2033 1920 2260 1992 παρεγένετο,

1222 1977 1300 2017 ὅσον
1319 1979 1357 2017 τό
1373 1994 1412 2028 (ε
1432 1978 1483 2030 ἐφ’
1500 1982 1599 2028 ἡμῖν,
1623 1979 1700 2016 ἀλλ’
1720 1981 1778 2015 οὐν
1802 1977 1969 2016 ἀπίτω.»
2000 1996 2016 2011 «
2036 1978 2142 2016 Kat’
2127 1977 2188 2027 εμὲ
2208 1977 2265 2021 ξὺν

1223 2038 1317 2074 αὐτῶ
1336 2036 1513 2088 κέλευσον,
1532 2056 1546 2071 υ
1564 2040 1586 2084 ἠ
1608 2037 1643 2075 δὲ
1661 2039 1678 2074 6
1696 2035 1883 2083 Μεὸώδης.
1910 2037 1972 2080 Εἷς
1990 2035 2084 2080 τέλος
2103 2035 2266 2081 ἐλθούσης

1221 2157 1254 2180 se
1270 2149 1311 2180 ad
1325 2149 1393 2189 ejus
1414 2149 1511 2190 pedes
1532 2150 1704 2191 prostravit
1722 2151 1755 2181 et
1772 2149 1813 2181 ad
1828 2148 1994 2181 mendacia
2010 2148 2195 2189 confugiens
2208 2145 2267 2179 n'e-

1221 2201 1324 2241 gavit,
1339 2210 1358 2232 a
1375 2210 1409 2233 se
1421 2201 1497 2233 talia
1519 2202 1640 2242 prolata
1661 2202 1764 2233 fuisse.
1783 2203 1853 2238 Qua
1865 2200 2071 2232 excusatione
2085 2208 2187 2242 quum
2200 2199 2268 2230 ute·

1222 2255 1320 2293 retur,
1337 2253 1510 2295 imperator
1525 2254 1622 2286 fidem
1640 2254 1756 2286 babere
1770 2253 1950 2293 videbatur,
1962 2254 1994 2286 et
2009 2253 2090 2285 dixit
2112 2265 2120 2285 :
2140 2265 2157 2280 «
2171 2251 2268 2284 Vide-

1220 2305 1275 2336 tur
1288 2304 1383 2344 igitur
1399 2305 1556 2346 interpres
1576 2305 1669 2336 nobis
1689 2305 1750 2336 alia
1768 2313 1826 2345 pro
1845 2303 1914 2336 aliis
1930 2304 2128 2344 suggessisse.
2156 2303 2270 2342 ltaque

1221 2358 1246 2388 si
1257 2357 1335 2389 nihil
1345 2365 1364 2388 a
1379 2358 1412 2388 te
1430 2356 1553 2388 dictum
1575 2357 1623 2388 est
1635 2356 1676 2388 ab
1691 2356 1798 2387 officio
1820 2357 1852 2387 et
1865 2355 1982 2387 decoro
2005 2354 2146 2386 alienum
2158 2377 2168 2393 ‚
2184 2353 2266 2383 scito

1221 2411 1255 2441 te
1273 2410 1396 2442 crimen
1420 2418 1578 2450 purgasse.
1600 2422 1616 2438 υ
1630 2409 1679 2441 Ad
1699 2409 1784 2440 hunc
1808 2408 1940 2440 modum
1962 2407 2134 2447 imperator
2156 2403 2269 2444 sponte

1222 2470 1259 2493 ea
1272 2470 1344 2501 quae
1359 2461 1444 2493 dieta
1454 2460 1598 2499 fuerant‘,
1612 2469 1713 2501 quum
1725 2469 1836 2492 eorum
1851 2458 2079 2500 ignorationem
2091 2454 2268 2494 simularet,

1222 2513 1473 2545 dissimulatione
1487 2512 1655 2552 transegit,
1678 2513 1710 2543 et
1726 2511 1765 2543 ad
1780 2511 1876 2542 animi
1892 2509 2077 2551 aequitatem
2093 2509 2142 2539 est
2180 2505 2269 2538 dela-

1223 2574 1315 2606 psus,
1344 2574 1385 2597 ne
1403 2566 1484 2597 forte
1513 2564 1662 2597 Mebodes
1687 2565 1719 2596 in
1744 2565 1906 2604 posterum
1932 2562 2022 2594 fieret
2046 2559 2198 2592 audacior
2213 2559 2271 2591 aut

1224 2617 1330 2649 verbis
1350 2617 1475 2655 elatior,
1492 2625 1594 2656 quum
1614 2615 1847 2654 recordaretur,
1871 2614 2097 2655 imperatorem
2115 2609 2271 2644 sermonis

1225 2669 1293 2708 ejus
1318 2669 1550 2709 impudentiam
1575 2669 1847 2700 animadvertisse.
1871 2669 1984 2707 ltaque
2010 2674 2112 2706 quum
2137 2663 2183 2696 sic
2212 2662 2272 2695 im-

1225 2721 1352 2760 perator
1368 2720 1455 2760 quod
1472 2720 1588 2758 sensit,
1619 2720 1841 2760 repressisset,
1879 2717 2031 2751 Mebodes
2048 2715 2242 2748 exclamavit
2260 2723 2270 2745 :

1228 2785 1243 2799 «
1258 2772 1379 2803 Abeant
1392 2773 1424 2802 in
1434 2771 1551 2802 malam
1566 2780 1634 2803 rem
1648 2773 1679 2802 et
1693 2770 1888 2803 Saracenicae
1901 2771 2010 2810 gentes
2025 2775 2135 2800 omnes
2147 2767 2180 2798 et
2195 2769 2272 2798 Am·

1226 2823 1301 2855 brus
1316 2823 1382 2862 ipse
1398 2824 1429 2854 et
1452 2822 1566 2861 legatio
1593 2830 1704 2853 eorum
1731 2835 1738 2853 :
1757 2821 1835 2852 mihi
1853 2829 1929 2852 vero
1950 2820 1991 2851 de
2014 2819 2090 2859 ipsis
2110 2816 2272 2849 silentium

1227 2876 1267 2907 sit
1294 2885 1398 2916 neque
1425 2875 1600 2915 quidquam
1628 2874 1660 2905 in
1679 2875 1844 2914 posterum
1864 2872 1983 2903 dicam.
2013 2883 2029 2898 u
2062 2872 2143 2907 Quae
2169 2876 2273 2909 quum

1228 2927 1374 2967 dixisset,
1389 2927 1562 2967 imperator
1584 2934 1715 2965 quoque
1728 2923 1897 2955 maledicta
1906 2923 1939 2954 in
1954 2925 2147 2954 saracenum
2164 2919 2273 2959 conje-

1229 2978 1292 3018 cit,
1318 2987 1457 3018 eumque
1473 2977 1651 3009 institorem
1668 2977 1700 3007 et
1723 2983 1904 3014 cauponem
1932 2972 2113 3013 appellavit.
2139 2970 2188 3003 Ad
2202 2971 2274 3002 haec

1229 3029 1323 3069 dixit,
1345 3038 1379 3060 se
1391 3028 1516 3061 silentio
1528 3027 1688 3068 praeterire
1701 3034 1764 3058 non
1779 3033 1871 3066 posse
1880 3049 1888 3063 ,
1904 3032 1968 3064 qua
1981 3023 2021 3055 de
2033 3030 2129 3054 causa
2141 3023 2274 3062 impera·

1230 3082 1308 3114 toris
1330 3090 1533 3122 congressum
1556 3082 1722 3120 tantopere
1738 3077 1950 3118 concupisset.
1967 3089 1983 3104 ιι
1998 3075 2123 3108 Scilicet
2147 3074 2225 3106 dicit
2241 3082 2276 3105 se

1231 3142 1250 3165 a
1268 3133 1358 3165 nobis
1374 3134 1481 3165 solitas
1496 3131 1646 3172 pecunias
1662 3131 1805 3170 accipere
1823 3128 1905 3160 velle
1916 3152 1924 3166 ,
1940 3136 1998 3168 pro
2014 3127 2131 3167 quibus
2146 3124 2275 3157 calami-

1232 3187 1331 3224 tates,
1356 3185 1482 3224 opinor,
1503 3183 1653 3214 scelestus
1669 3184 1700 3213 et
1717 3180 1881 3220 improbus
1893 3179 1981 3211 feret.
1996 3178 2175 3211 Ridiculum
2190 3177 2275 3208 enim

1233 3238 1332 3275 esset,
1347 3238 1372 3268 si
1388 3245 1446 3267 nos
1462 3235 1596 3267 Romani
1615 3233 1774 3265 tributum
1797 3230 1991 3263 saracenicis
2012 3229 2158 3270 gentibus
2177 3228 2277 3268 iisque

1233 3287 1423 3320 nomadibus
1438 3286 1659 3327 penderemus.
1674 3298 1689 3312 ι»
1708 3286 1790 3315 Tum
1808 3282 1973 3320 Mebodes,
1993 3293 2007 3308 «
2034 3282 2107 3312 Esto
2119 3303 2129 3320 ,
2155 3279 2275 3319 inquit,

1234 3350 1254 3373 o
1266 3341 1411 3379 domine;
1426 3341 1459 3371 at
1471 3341 1506 3371 tu
1525 3338 1635 3377 illum,
1651 3337 1724 3369 licet
1740 3345 1774 3367 re
1788 3335 1914 3374 infecta,
1929 3334 2065 3366 dimitte.
2085 3345 2100 3361 u
2122 3333 2162 3364 Et
2179 3332 2278 3371 impe-

1235 3393 1334 3431 rator,
1353 3404 1367 3419 «ι
1384 3390 1538 3429 Quamvis
1550 3389 1665 3421 melius
1681 3396 1746 3419 non
1763 3387 1911 3424 venisset,
1929 3386 2084 3426 quantum
2101 3384 2133 3414 in
2146 3391 2198 3414 me
2215 3383 2276 3420 est,

1237 3444 1329 3477 abeat
1343 3445 1462 3476 tamen.
1477 3455 1493 3471 »
1510 3454 1525 3470 «
1540 3443 1581 3475 Et
1593 3449 1644 3474 me
1657 3447 1784 3481 quoque
1795 3438 1883 3479 iube,
1898 3437 2003 3478 inquit
2018 3434 2185 3474 Mebodes,
2201 3440 2274 3464 cum
