2372 3704
1024 259 1354 299 FRAGMENTA.

117 352 173 397 δος
187 349 274 405 ἀνὴρ
285 350 400 405 σοφὸς,
415 349 465 398 [ὃς
480 349 524 388 τὰ
540 348 728 402 Ἀσσυρίων
742 348 936 400 γράμματα
950 349 995 392 εἷς
1005 347 1162 387 Ἑλλάδα

116 413 281 462 γλῶσσαν
298 409 528 461 μετέδαλεν]
541 408 632 448 Τότε
646 408 681 446 δὲ
698 407 758 446 καὶ
773 409 806 445 ἐν
823 410 867 459 τῇ
883 405 984 460 χώρα
1000 409 1068 445 τῶν
1087 409 1162 446 Κα-

118 472 189 522 ρῶν
207 468 342 521 ἐγένετό
355 484 406 512 τις
418 467 615 519 Ἐνδυμίων
630 467 790 518 ὀνόματι,
807 465 899 510 ὅστις
916 465 972 504 διὰ
987 467 1162 516 μυστικῶν

116 529 231 581 εὐχῶν
256 527 326 566 ἀπὸ
345 530 406 574 τῆς
435 526 580 574 σελήνης
601 526 762 565 ἐὸούλετο
784 529 906 576 μαθεῖν
925 525 964 563 τὸ
987 528 1046 562 τοῦ
1069 526 1162 564 Θεοῦ

116 586 246 639 ὄνομα,
263 586 323 625 καὶ
341 587 386 624 δι’
407 586 537 638 ὀνείρου
557 584 676 636 μαθὼν
695 583 859 637 ἀπέψυξε.
884 583 954 623 Καὶ
972 581 1075 635 μῦθός
1091 585 1164 621 ἔστι

118 646 222 699 μέχρι
241 650 300 685 τοῦ
322 650 396 696 νῦν,
417 645 456 684 τὸ
475 645 596 683 τούτου
615 644 777 697 λείψανον
798 645 968 681 δονεῖσθαι
991 641 1082 680 κατὰ
1102 640 1162 689 τὴν

120 707 249 758 Καρῶν
269 703 403 758 χώραν.
423 704 496 756 [(0
515 703 551 742 δὲ
571 702 674 754 μῦθός
689 717 792 756 φησιν
811 701 914 740 αὐτὸν
932 701 998 739 ὑπὸ
1015 703 1075 748 τῆς
1095 702 1161 740 Σε-

118 763 226 811 λήνης
243 763 447 816 φιλεῖσθαι.]

172 837 203 860 1).
235 821 367 861 Ἰακὼὸ
385 822 421 860 δὲ
446 819 613 874 ἐπορεύθη
635 821 681 864 εἷς
702 819 880 870 Αἴγυπτον
904 819 989 871 πρὸς
1013 817 1071 856 τὸν
1091 818 1163 856 υἱὸν

119 881 225 919 αὐτοῦ
243 881 302 919 τὸν
323 879 453 929 Ἰωσὴφ
480 880 590 932 μέγαν
618 879 814 930 γενόμενον.
840 876 970 931 Ἰωσὴφ
989 877 1073 930 πρὸς
1088 879 1165 921 τοὺς

120 938 150 991 ρ’
177 938 326 990 γεγονὼς
358 937 530 982 ἐνιαυτοὺς
563 937 757 989 μετήλλαξε
788 937 846 975 τὸν
888 936 973 989 βίον.
1010 936 1095 975 Λευὶ
1127 935 1162 974 δὲ

119 997 283 1048 ἐγέννησε
298 997 356 1036 τὸν
371 996 590 1050 Ἀδρακαὰδ,
604 993 623 1035 6
638 998 674 1035 δὲ
690 997 748 1035 τὸν
765 994 900 1048 Ἅμρα,
919 995 979 1034 καὶ
996 990 1092 1040 οὗτος
1106 995 1163 1034 τὸν

120 1055 255 1095 Μωσέα
275 1057 334 1094 καὶ
357 1055 415 1094 τὸν
436 1055 580 1109 Ἀαρών.
611 1055 749 1095 Γίνεται
768 1055 805 1093 δὲ
830 1054 899 1092 ἀπὸ
928 1054 1088 1108 Ἀδραὰμ
1108 1054 1165 1093 ἐπὶ

121 1114 278 1158 Μωσέως
298 1116 357 1161 ἔτη
387 1115 451 1167 φεἸ
471 1113 515 1152 τὰ
542 1115 576 1152 δὲ
604 1114 684 1152 ἀπὸ“
700 1113 811 1164 Ἀδὰμ
837 1115 900 1157 ἕως
927 1113 1084 1155 Μωσέως
1103 1112 1163 1158 ἔτη

122 1174 205 1226 ,ὃσδ’
222 1173 333 1226 (Ιδλςέ
352 1177 439 1212 Mal.
453 1176 477 1224 ).
490 1176 622 1220 Μωσῆς
633 1174 669 1212 δὲ
687 1172 892 1225 ἀναληφθεὶς
910 1171 976 1210 ὑπὸ
990 1175 1052 1219 τῆς
1066 1176 1164 1224 θυγα-

119 1233 198 1285 τρὸς
231 1230 389 1284 Φαραὼ,
420 1232 606 1279 ἐπαιδεύθη
640 1238 757 1270 πᾶσαν
787 1232 909 1284 σοφίαν
940 1230 1164 1282 Αἰγυπτίων

120 1293 158 1330 π’
180 1291 214 1330 δὲ
232 1292 396 1329 ἐνιαυτῶν
413 1291 592 1341 γενόμενος
611 1293 742 1343 ἀπῆρεν
771 1291 831 1327 ἀπ’
857 1288 1058 1341 Αἰγύπτου,
1081 1294 1165 1327 συλ-

119 1350 239 1389 λαὸὼν
256 1349 491 1402 Ἰσραηλίτας,
505 1351 542 1387 οὐ
561 1349 700 1398 μείονας
716 1349 750 1400 χ’
766 1348 932 1401 χιλιάδων
950 1348 1062 1395 ὄντας,
1077 1347 1164 1397 μετὰ

122 1408 298 1452 ἐνιαυτοὺς
315 1407 388 1456 λς’,
416 1408 476 1446 καὶ
496 1407 663 1460 ἐπορεύθη
696 1407 753 1445 διὰ
773 1410 834 1451 τῆς
854 1407 1025 1460 Ἐρυθρᾶς
1054 1406 1165 1459 φέρων

121 1466 248 1507 καὶτὰ
276 1469 363 1505 ὀστᾶ
380 1470 440 1505 τοῦ
467 1466 621 1518 Ἰωσήφ·
649 1466 685 1515 μ’
706 1465 742 1503 δὲ
771 1465 830 1512 ἔτη
859 1465 1168 1519 συρφιλοσοφήσας

121 1529 171 1579 τῷ
200 1527 276 1579 λαῷ
299 1526 445 1577 τελευτᾷ
468 1527 554 1563 ἐτῶν
584 1524 650 1576 ρκ’,
677 1524 837 1576 διάδοχον
859 1523 997 1572 Ἰησοῦν
1017 1526 1073 1563 τὸν
1106 1529 1165 1563 τοῦ

121 1586 226 1631 Ναυῆ
240 1583 443 1623 καταλιπών
454 1599 462 1608 ·
482 1582 518 1627 ὃς
531 1582 669 1627 διδάξας
682 1583 739 1621 τὸν
756 1582 840 1620 λαὸν
859 1582 918 1630 ἔτη
939 1584 990 1628 κζ’
1018 1583 1167 1622 ἀπέθανε

121 1643 256 1696 χρόνων
274 1640 356 1695 [ὢν]
374 1642 395 1680 ι’
414 1643 473 1681 καὶ
490 1642 535 1695 ρ’.
556 1641 661 1689 Ἑξῆς
681 1641 715 1680 δὲ
737 1641 853 1695 κριταὶ
882 1642 1081 1693 διηγοῦνται
1107 1646 1166 1681 τοῦ

125 1702 285 1754 Ἰσραήλ.

618 1786 678 1811 12.

176 1849 269 1886 Exc.
287 1849 441 1886 Salmas.
462 1861 500 1896 p.
521 1847 596 1897 389
611 1876 622 1894 ,
642 1847 687 1883 18
710 1861 717 1883 ;
737 1847 784 1885 Οἱ
801 1845 966 1884 δυνάσται
979 1847 1045 1883 τῶν
1065 1847 1169 1884 ἐθνῶν

123 1905 190 1944 ὑπὸ
203 1906 320 1952 Ἰησοῦ
332 1910 390 1944 τοῦ
409 1907 514 1951 Ναυῆ
530 1904 745 1955 διωκόμενοι,
761 1904 821 1942 καὶ
837 1904 885 1955 μὴ
901 1904 1169 1957 προσδεχθέντες

124 1966 210 2016 παρ’
228 1963 442 2014 Αἰγυπτίων,
459 1965 506 2007 εἷς
524 1962 587 2008 τὴν
614 1966 681 2001 τῶν
703 1962 840 2016 Ἄφρων
860 1962 979 2015 χώραν
1002 1963 1168 2013 μετοική-

124 2037 246 2066 σαντες
264 2022 478 2075 ἐπέγραψαν·
499 2040 515 2055 α
535 2021 659 2071 Ἡμεῖς
677 2023 781 2073 ἐσμὲν
798 2023 1011 2069 Χαναναῖοι,
1028 2021 1083 2066 οὓς
1100 2022 1167 2060 ἐδί-

124 2081 208 2126 ωξεν
225 2081 363 2128 Ἰησοῦς
381 2083 399 2118 6
419 2078 560 2132 λῃστής.
580 2097 595 2113 u

621 2145 680 2184 13.

180 2216 273 2253 cod.
295 2215 394 2252 1630
415 2229 423 2251 :
448 2214 510 2253 Ἔν
528 2219 598 2258 τοῖς
616 2213 749 2267 χρόνοις
769 2213 804 2251 δὲ
826 2217 884 2252 τοῦ
905 2214 1021 2261 Ἰησοῦ
1050 2214 1170 2252 ἐδασί-

2182 258 2259 301 ’511

1224 347 1324 384 λευσε
1341 349 1402 392 τῆς
1416 345 1574 392 Ἀττικῆς
1586 344 1756 396 Ὠγύγης,
1770 345 1804 389 ὃς
1821 349 2069 398 κατακλυσμοῦ
2083 348 2267 400 γενομένου

1227 404 1388 442 ἀπώλετο
1403 403 1492 453 μετὰ
1505 407 1565 450 τῆς
1577 404 1707 455 χώρας,
1723 403 1782 441 καὶ
1798 403 1929 454 ἔμεινεν
1947 405 1979 450 ἐξ
1996 406 2124 445 ἐκείνου
2141 407 2269 459 ἔρημος

1225 461 1285 500 καὶ
1305 462 1463 508 ἀοίκητος
1481 464 1502 507 ἡ
1519 460 1656 506 Ἀττικὴ
1677 460 1819 512 χρόνους
1840 462 1915 512 σεῖ’,
1932 463 2046 507 καθὼς
2066 464 2268 517 Ἀφρικανὸς

1228 519 1484 572 συνεγράψατο.
1510 520 1551 569 (3)
1572 521 1646 565 Τῆς
1665 518 1700 556 δὲ
1722 521 1913 558 Μολοσσῶν
1933 520 2050 573 χώρας
2065 522 2269 561 ε’ὅασίλευσε

1225 578 1302 616 τότε
1336 575 1468 625 Ἀίδης,
1499 577 1534 621 ὃς
1563 571 1636 629 εἶχε
1664 577 1835 628 θυγατέρα
1863 578 1982 630 κόρην,
2014 579 2091 624 ἤτοι
2119 580 2266 631 ὡραίαν,

1227 636 1462 690 Περσεφόνην.
1489 637 1659 688 Ἐρῶντος
1679 635 1714 673 δὲ
1735 635 1915 687 Πειρίθου,
1936 635 2034 687 γνοὺς
2056 637 2138 675 αὐτὸ
2158 641 2175 675 6
2200 654 2268 676 πα-

1225 695 1290 748 τὴρ
1319 696 1443 742 ἔστησε
1462 694 1530 748 πρὸ
1549 698 1610 742 τῆς
1633 693 1736 746 θύρας
1755 698 1815 732 τοῦ
1836 697 1997 738 κοιτῶνος
2022 694 2058 733 ὃν
2082 690 2153 747 εἶχε
2182 697 2269 734 κύνα

1228 755 1288 793 καὶ
1305 754 1423 792 ἐκάλει
1439 752 1659 805 τρικέρὸερον
1678 752 1734 790 διὰ
1748 754 1786 790 τὸ
1804 753 1964 803 μέγεθος·
1981 752 2041 791 καὶ
2058 753 2160 804 (w)
2178 754 2269 792 κατὰ

1227 811 1386 857 σύνταξιν
1414 811 1555 850 ἐλθόντα
1582 811 1639 849 τὸν
1662 810 1845 862 Πειρίθουν
1865 811 2092 863 διεχρήσατο,
2121 811 2205 864 πρὸς
2234 813 2269 850 δὲ

1226 870 1286 908 καὶ
1297 869 1359 918 τὴν
1373 870 1478 922 κόρην
1491 869 1694 914 ἐξελθοῦσαν
1709 871 1756 910 εἷς
1772 869 1932 921 βοήθειαν
1947 871 2067 908 αὐτοῦ.
2086 870 2155 915 Καὶ
2169 874 2270 909 τοῦτο

1227 929 1353 968 ἔστινὸ
1377 931 1564 976 ποιητικῶς
1581 928 1716 981 εἴρηται
1733 926 1819 977 ὅτιὸ
1842 926 2008 967 Πλούτων
2030 928 2186 981 ἥρπασεν
2206 931 2271 966 αὐ-

1226 987 1301 1036 τὴν,
1324 989 1370 1032 ὡς
1399 988 1639 1040 Παλαίφατος.
1699 987 1740 1037 (3)
1771 986 1816 1025 ‘H
1844 987 1880 1024 δὲ
1906 988 2081 1031 Σικυῶνος
2110 987 2269 1039 βασιλεία

1226 1047 1304 1094 ἤτοι
1323 1050 1384 1094 τῆς
1410 1045 1578 1089 Ἑλλάδος
1596 1045 1774 1099 διήρκεσεν
1795 1044 1855 1092 ἔτη
1876 1047 1987 1086 τοπὲ.
2047 1045 2089 1098 (4)
2110 1046 2171 1085 Ἐν
2187 1047 2270 1085 τού-

1229 1121 1298 1149 τοις
1312 1110 1382 1149 τοῖς
1398 1104 1533 1157 χρόνοις
1550 1104 1737 1157 ἐγνωρίσθη
1760 1104 1967 1157 Προμηθεὺς
1982 1108 2229 1157 γραμματικῆς
2238 1107 2270 1152 ⁴²,

1227 1163 1442 1214 Ἐπιμηθεὺς
1457 1165 1622 1213 μουσικῆς
1638 1162 1698 1200 καὶ
1713 1161 1838 1206 Ἄτλας
1858 1162 2101 1215 ἀστρονομίας·
2120 1163 2164 1200 δι’
2181 1162 2200 1201 ὃ
2213 1163 2269 1201 λέ-

1227 1238 1343 1273 γουσιν
1380 1221 1432 1260 ὅτι
1468 1222 1524 1259 τὸν
1563 1220 1706 1273 οὐρανὸν
1738 1221 1922 1272 βαστάζει·
1953 1221 2013 1259 καὶ
2041 1224 2060 1259 6
2089 1221 2269 1269 πανόπτης

1226 1280 1368 1334 Ἄργος,
1381 1280 1443 1327 τὴν
1457 1279 1617 1332 τεχνικὴν
1631 1280 1827 1329 ἐπιστήμην
1842 1279 2081 1332 περίὸλεπτος.
2107 1279 2148 1330 (5)
2166 1279 2271 1319 Ἐπε-

1229 1341 1309 1386 τέθη
1332 1337 1367 1376 δὲ
1395 1338 1456 1377 καὶ
1481 1342 1503 1384 ἡ
1525 1341 1586 1385 τῆς
1613 1338 1818 1389 [Ἀττικῆς]
1843 1338 2004 1389 βασιλεία
2031 1339 2078 1381 εἷς
2104 1337 2269 1386 Ἀθήνας,

1228 1398 1288 1437 καὶ
1316 1397 1459 1450 ἤρκεσεν
1490 1396 1549 1443 ἔτη
1578 1397 1671 1447 046'.
1703 1397 1936 1436 Ἐὅασίλευσε
1970 1397 2005 1434 δὲ
2038 1399 2174 1448 πρῶτος
2202 1400 2270 1436 Κέ-

1228 1458 1337 1509 κροψ,
1376 1455 1494 1507 [ὅστις
1528 1454 1663 1508 δι]φυὴς
1702 1455 1830 1502 ἐκλήθη
1866 1455 1922 1493 διὰ
1949 1455 1988 1493 τὸ
2015 1459 2074 1492 τοῦ
2111 1455 2271 1506 σώματος

1231 1514 1388 1566 μέγεθος.
1421 1513 1490 1558 (Ὃς
1517 1513 1744 1564 ἐνομοθέτησε
1763 1516 1928 1564 γυναῖκας
1957 1513 2150 1551 ἐκδίδοσθαι
2175 1515 2271 1566 ἀνδρὶ

1230 1573 1297 1622 ἑνὶ,
1319 1573 1482 1626 πρότερον
1508 1574 1684 1626 θηριωδῶς
1707 1571 1931 1623 μιγνυμένας.
1950 1574 2063 1610 Τοῦτο
2084 1571 2119 1609 δὲ
2149 1572 2272 1619 ἐποίη-

1230 1647 1287 1670 σεν
1322 1633 1367 1674 ὡς
1399 1631 1432 1676 ἐξ
1468 1631 1648 1682 Αἰγύπτου
1678 1631 1931 1681 καταγόμενος,
1966 1630 2029 1677 τὴν
2068 1631 2271 1681 νομοθεσίαν

1230 1689 1425 1742 Ἡφαίστου
1459 1691 1518 1727 οὐκ
1548 1691 1679 1739 ἀγνοῶν
1696 1705 1704 1713 ·
1742 1689 1838 1740 ἔλεγε
1875 1688 1910 1726 δὲ
1945 1689 1997 1726 ὅτι
2029 1689 2087 1727 καὶ
2120 1688 2176 1727 διὰ
2209 1688 2272 1736 τὴν

1230 1748 1392 1794 τοιαύτην
1415 1751 1478 1795 τῆς
1507 1747 1687 1799 ἀσελγείας
1716 1748 1922 1794 κακοήθειαν
1945 1751 1966 1794 ἡ
1996 1747 2135 1795 Ἀττικὴ
2166 1763 2273 1786 κατε-

1231 1806 1377 1854 κλύσθη.
1415 1809 1452 1856 (6)
1483 1806 1584 1845 Μετὰ
1606 1806 1708 1844 αὐτὸν
1735 1806 1939 1844 ἔὸασίλευσε
1967 1806 2143 1858 Κράναος,
2174 1809 2272 1858 Φορ·

1231 1864 1359 1912 [ωνεὺς]
1372 1864 1431 1902 καὶ
1448 1867 1477 1902 οἱ
1492 1864 1610 1917 ἐφεξῆς
1628 1864 1734 1916 μέχρι
1749 1865 1898 1917 Κόδρου.
1914 1865 1979 1904 Ἐκ
1991 1865 2068 1903 τότε
2084 1864 2272 1915 μετέπεσεν

1231 1927 1253 1970 ἡ
1270 1925 1338 1960 τῶν
1357 1922 1544 1970 Ἀθηναίων
1567 1923 1728 1975 βασιλεία
1749 1926 1795 1967 εἷς
1817 1923 2096 1976 ἀριστοκρατίαν,
2122 1923 2180 1962 καὶ
2199 1923 2274 1974 ἐγέ-

1231 1996 1307 2019 νετο
1331 1983 1467 2033 πρῶτος
1485 1980 1631 2033 Δράκων
1659 1984 1676 2019 6
1705 1981 1908 2031 νομοθέτης,
1932 1975 2004 2019 εἶτα
2026 1981 2161 2030 Σόλων,
2184 1981 2273 2031 μετὰ

1234 2041 1384 2091 [τοῦτον]
1404 2041 1528 2086 Θαλῆς
1542 2069 1552 2088 ,
1572 2040 1646 2086 ἑξῆς
1664 2038 1837 2091 Αἰσχύλος
1855 2039 1914 2077 καὶ
1933 2038 2052 2092 ἕτεροι.
2074 2039 2144 2079 Καὶ
2166 2039 2273 2091 ἐκρά-

1231 2114 1314 2145 τησε
1332 2099 1374 2136 τὰ
1395 2099 1509 2137 πάντα
1530 2098 1589 2145 ἔτη
1611 2098 1728 2137 ’Τεπῧᾜ
1756 2100 1795 2148 (7)
1817 2098 1907 2137 Τότε
1926 2098 1986 2135 καὶ
2006 2098 2154 2151 Ὀρφεὺς
2173 2099 2275 2149 ἔγνω·

1235 2155 1361 2208 ρίζετο,
1382 2157 1483 2210 σοφὸς
1504 2158 1640 2210 ἄριστος
1668 2156 1850 2207 γενόμενος
1875 2157 1933 2194 καὶ
1961 2157 2076 2195 πολλὰ
2098 2157 2273 2210 μυστήρια

1234 2215 1417 2267 διδαχθείς.
1438 2215 1614 2267 Φερόνται
1635 2217 1738 2253 αὐτοῦ
1759 2215 1818 2253 καὶ
1837 2214 1917 2267 περὶ
1935 2215 2139 2266 θεογνωσίας
2154 2215 2272 2266 λόγοι,

127 2335 159 2367 p.
178 2329 238 2358 389
251 2351 260 2366 ‚
273 2329 314 2358 64
333 2339 340 2356 =
355 2326 418 2358 Ἦν
441 2327 489 2357 ἐπὶ
504 2329 565 2357 τῶν
583 2326 621 2357 26¹
640 2329 839 2367 πατριαρχῶν
856 2327 872 2357 6
890 2326 1037 2362 ‘HQ-{0603
1048 2350 1056 2364 ‚
1071 2326 1195 2363 ὅστις...
1220 2328 1382 2368 μετέὸαλεν
1397 2329 1489 2367 (quae
1504 2329 1663 2367 postrema
1675 2327 1791 2358 desunt
1804 2326 1836 2357 in
1853 2326 1922 2358 cod.
1941 2330 2034 2366 1630,
2051 2336 2108 2367 ego
2123 2326 2274 2362 inserui).

126 2372 164 2405 ‘O
180 2373 350 2413 Ἐνδυμίων
368 2374 417 2404 διὰ
444 2376 602 2413 μυστικῶν
623 2375 712 2405 cic...
730 2373 891 2414 ἀπέψυξεν.
906 2374 945 2405 ‘0
968 2374 1000 2405 δὲ
1020 2374 1112 2414 μῦθός
1129 2385 1219 2414 φησιν
1242 2375 1333 2406 αὐτὸν
1349 2375 1410 2406 ὑπὸ
1433 2379 1485 2412 τῆς
1511 2375 1641 2412 Σελήνης
1664 2375 1827 2413 φιλεῖσθαι.
1847 2375 1898 2406 Cf.
1919 2373 2051 2405 Malalas
2069 2382 2099 2413 p.
2120 2377 2180 2412 59,
2203 2378 2220 2404 5
2244 2375 2277 2405 et

127 2429 160 2460 p.
185 2424 245 2458 61,
269 2423 306 2458 3,
331 2419 417 2451 1111111·-
444 2423 513 2451 haec
536 2420 716 2451 exscribere
741 2419 834 2451 liceat
928 2420 1017 2451 Ἐστι
1034 2421 1068 2452 τὸ
1085 2421 1228 2460 λείψανον
1245 2421 1339 2452 αὐτοῦ
1357 2421 1413 2457 ἕως
1429 2425 1482 2459 τῆς
1501 2425 1553 2453 νῦν
1576 2423 1618 2458 εἰς
1640 2423 1694 2459 τὴν
1720 2420 1877 2461 Καρίαν..·
1903 2422 1955 2452 καὶ
1972 2420 2040 2452 καθ’
2062 2421 2194 2452 ἕκαστον
2210 2420 2276 2456 ἔτος

128 2466 287 2506 ἀνοίγουσι
308 2467 364 2503 τὴν
387 2467 482 2497 αὐτοῦ
505 2466 596 2506 σορὸν
623 2466 653 2496 ἐν
675 2469 712 2506 τῇ
736 2467 824 2506 χώρᾳ
841 2465 960 2505 ἐκείνῃ,
979 2467 1032 2496 καὶ
1049 2467 1144 2507 ὁρῶσι
1167 2467 1202 2497 τὸ
1223 2467 1366 2509 λείψανον
1383 2469 1477 2500 αὐτοῦ
1495 2469 1694 2510 δονούμενον,
1712 2470 1755 2504 ὡς
1773 2469 1926 2509 λέγουσιν.
1952 2468 2041 2508 Ἅπερ
2058 2467 2272 2509 συνεγράψατο

97 2524 108 2534 ·
128 2513 244 2550 Αὐλέας
259 2515 276 2544 6
290 2514 470 2553 σοφώτατος
480 2521 488 2528 ·
504 2514 572 2554 περὶ
588 2513 624 2544 οὗ
634 2538 642 2553 ,
658 2515 730 2554 φησὶ
742 2538 750 2552 ,
761 2514 815 2551 τὴν
829 2514 958 2551 σελήνην
972 2515 1064 2554 φιλεῖν
1077 2515 1129 2546 τὸν
1144 2513 1335 2554 Ἐνδυμίωνα
1349 2517 1633 2556 ἱστοριογραφοῦσιν
1643 2538 1649 2545 .
1670 2515 1788 2547 Auleas
1802 2515 1897 2546 homo
1913 2514 2048 2554 ignotus.
2065 2516 2112 2546 De
2126 2514 2276 2554 AEschylo

130 2560 180 2600 (in
196 2560 327 2591 Caribus
344 2561 365 2592 f.
382 2560 392 2599 )
414 2560 564 2599 cogitavit
580 2560 742 2599 BentieJns
760 2561 839 2599 (Ep.
857 2559 897 2591 311
917 2559 991 2591 Min.
1014 2569 1045 2600 p.
1062 2562 1142 2600 69),
1158 2563 1274 2594 collato
1292 2563 1404 2595 Matala
1423 2573 1453 2603 p.
1477 2565 1551 2602 143,
1574 2567 1599 2595 1.

173 2609 224 2638 Fr.
248 2611 294 2639 13.
311 2607 330 2648 §
350 2612 376 2638 1.
395 2608 531 2648 Χρόνους
545 2608 615 2649 σς’]
630 2609 679 2639 ἐπὶ
698 2609 751 2642 ἔτη
768 2606 830 2646 σο’,
849 2608 950 2643 καθὼς
973 2608 1003 2639 ἐν
1022 2612 1085 2646 τοῖς
1103 2610 1282 2650 Ἀφρικανοῦ
1302 2611 1460 2651 ἐμφέρεται
1477 2610 1716 2651 συγγράμμασιν
1729 2633 1736 2647 ,
1754 2609 1859 2641 Μ3131.
1880 2617 1910 2648 ῃ.
1935 2612 1988 2647 12,
2011 2613 2040 2640 5.
2059 2607 2199 2639 Debebat
2212 2606 2276 2650 ρξ’,

129 2654 180 2685 vel
199 2654 284 2693 ρπθ’,
300 2655 335 2685 ut
350 2650 566 2686 accuratiores'
576 2655 700 2695 scriptt.
718 2664 758 2686 ex
771 2654 884 2686 eodem
908 2655 1056 2687 Africano
1070 2656 1213 2688 trad-int.
1239 2677 1280 2685 —
1300 2658 1318 2698 ς
1336 2663 1366 2689 2.
1385 2657 1505 2689 Eadem
1521 2658 1566 2688 sic
1587 2659 1663 2688 Exc.
1681 2657 1779 2688 531111.
1796 2665 1827 2696 p.
1844 2659 1905 2688 389
1918 2680 1926 2694 ‚
1949 2660 1980 2687 11
2010 2665 2017 2686 :
2041 2655 2078 2686 ἹΙ
2101 2655 2275 2696 Περσεφόνη

131 2702 265 2742 θυγάτηρ
277 2700 315 2740 ἦν
331 2701 430 2732 Ἀΐδου
444 2704 499 2732 τοῦ
515 2703 666 2743 βασιλέως
688 2703 856 2734 Μολοττῶν
867 2727 876 2741 ,
891 2703 1031 2735 ἐκαλεῖτο
1044 2705 1077 2736 δὲ
1092 2705 1175 2746 Κόρη
1187 2730 1197 2745 ,
1211 2706 1294 2737 οὕτω
1307 2708 1368 2736 τῶν
1382 2706 1551 2736 Μολοττῶν
1564 2705 1617 2740 τὰς
1635 2704 1802 2744 εὐμόρφους
1816 2703 2004 2734 καλούντων.
2028 2702 2227 2738 Ἐξελθοῡσαν
2244 2703 2276 2733 δὲ

130 2749 179 2779 ἐπὶ
196 2748 338 2789 βοήθειαν
355 2747 498 2788 Πειρίθου
513 2749 574 2780 ὑπὸ
586 2752 641 2780 τοῦ
658 2749 809 2790 Κερὸέρου
826 2749 1063 2790 ἀναιρουμένου,
1075 2751 1242 2793 ἀναιρεῖται
1257 2753 1310 2784 καὶ
1328 2752 1423 2790 αὐτη,
1439 2752 1491 2782 καὶ
1508 2751 1656 2791 ἐμυθεύθη
1674 2751 1719 2781 ὅτι
1734 2752 1750 2782 ὁ
1767 2750 1869 2786 Ἀίδης
1883 2750 2023 2790 ἥρπασεν
2042 2750 2148 2786 αὐτήν.
2169 2749 2279 2779 Fusius

131 2804 198 2827 rem
218 2795 326 2826 1131131
345 2794 476 2826 1113131118
493 2804 524 2835 p.
542 2799 593 2827 62.
612 2796 747 2827 Cedren.
768 2805 798 2837 p.
820 2798 877 2833 143
908 2816 946 2822 -
966 2797 1028 2838 §3.
1046 2802 1124 2837 7.,πέ
1141 2799 1148 2840 ¹:
1163 2800 1210 2832 ct.
1235 2799 1366 2831 Matalas
1380 2807 1410 2838 p.
1426 2803 1483 2837 69,
1499 2803 1515 2830 3
1530 2823 1538 2837 ,
1553 2798 1607 2838 qni
1624 2798 1709 2828 huno
1725 2805 1895 2828 numerum
1910 2805 2029 2836 ponens
2044 2795 2132 2827 addit
2148 2808 2155 2826 z
2176 2796 2277 2831 καθὼς

131 2842 302 2884 Ἀφρικανὸς
315 2842 333 2872 ὀ
346 2842 524 2882 σοφώτατος
540 2842 762 2883 συνεγράψατο.
780 2842 811 2874 111
826 2853 900 2874 vero
918 2844 1030 2875 salsum
1047 2847 1104 2877 est.
1122 2848 1162 2877 V.
1178 2848 1302 2878 Castor.
1325 2846 1434 2885 fragm.
1451 2848 1481 2880 8,
1500 2854 1528 2885 p.
1547 2848 1614 2876 169.
1634 2844 1796 2876 cedrenus
1810 2853 1840 2883 p.
1861 2846 1915 2875 144
1927 2867 1936 2881 ‚
1954 2845 1986 2882 Β,
2002 2851 2057 2882 pro
2079 2845 2138 2874 985
2155 2842 2278 2873 nonnisi

131 2891 192 2921 980
219 2889 373 2919 recenset.
390 2886 465 2927 —§
482 2890 511 2919 4.
535 2890 581 2919 De
604 2888 714 2919 iisdem
732 2889 826 2920 rebus
846 2891 922 2921 Exr.
939 2891 1039 2921 831111.
1059 2900 1088 2931 1).
1108 2895 1186 2931 389,
1205 2898 1243 2924 25
1259 2903 1268 2926 ;
1285 2893 1461 2933 Προμηθεὺς
1483 2892 1592 2930 σοφίαν
1609 2892 1784 2932 ἀνθρώπους
1806 2890 1925 2926 διδάξας
1938 2890 2070 2927 ἤκουσεν
2089 2889 2135 2920 ὅτι
2154 2888 2277 2920 πλάττει

132 2934 326 2975 ἀνθρώπους·
342 2933 450 2970 Ἄτλας
469 2934 502 2965 δὲ
526 2935 581 2973 τὴν
605 2934 811 2976 ἀστρονομίαν
832 2936 951 2972 διδάξας
962 2960 970 2975 ,
992 2937 1037 2967 ὅτι
1058 2938 1204 2978 βαστάζει
1221 2941 1273 2971 τὸν
1296 2939 1441 2980 οὐρανόν·
1460 2940 1512 2970 καὶ
1527 2940 1544 2970 ὁ
1570 2939 1674 2979 Ἄργος
1689 2937 1926 2978 πολυόμματος,
1943 2937 1989 2968 ὅτι
2006 2936 2203 2977 περίὸλεπτος
2219 2935 2255 2973 ἦν
2268 2958 2277 2973 ,

131 2981 201 3013 καθ’
219 2981 236 3012 ὃ
251 2982 306 3018 τὴν
318 2981 462 3021 τεχνικὴν
476 2982 649 3022 ἐπιστήμην
668 2982 758 3018 αὐτὸς
779 2983 927 3019 ἐπενόησε
943 2986 1073 3024 πρῶτος.
1093 2986 1193 3016 Locus
1213 2986 1283 3017 cod.
1304 2990 1380 3018 1630
1398 2994 1530 3017 mancus
1545 2987 1602 3016 est.
1619 2985 1695 3016 Post
1715 2993 1745 3016 v,
1763 2987 1977 3025 γραμματικῆς
2003 2982 2120 3014 excidit
2138 2982 2276 3022 ἔμπειρος

133 3028 182 3059 vei
202 3027 396 3065 διδάσκαλσς.
412 3029 460 3059 Cf.
477 3028 607 3060 Malalas
621 3037 650 3069 p.
668 3031 725 3068 70,
742 3029 877 3061 Cedren.
895 3039 924 3070 p.
945 3033 1014 3062 144.
1030 3049 1071 3056 -—
1086 3036 1114 3063 5.
1130 3032 1222 3075 u4g31j
1237 3036 1315 3071 492;
1337 3033 1382 3064 sic
1396 3041 1437 3064 ex
1461 3032 1571 3065 Μ31313
1589 3041 1620 3071 p.
1636 3035 1694 3071 89,
1713 3036 1731 3063 2
1747 3033 1778 3063 ot
1794 3030 1929 3062 Cedren.
1945 3038 1977 3070 p.
2002 3031 2078 3068 145,
2101 3032 2136 3061 17
2154 3028 2277 3068 reposui

133 3083 191 3115 pro
203 3073 288 3117 τζὸ,
304 3077 378 3106 392.
393 3092 435 3100 -
448 3076 604 3117 Κέκροψ
627 3077 693 3107 κτλ.
707 3075 719 3116 ]
737 3076 815 3107 Ead.
832 3077 864 3108 in
884 3080 961 3109 fixe.
981 3078 1079 3110 Salm:
1099 3088 1129 3118 p.
1148 3082 1208 3111 389
1220 3103 1228 3117 ,
1246 3082 1285 3110 29
1302 3092 1308 3110 :
1334 3079 1457 3119 Κέκροψ
1472 3079 1576 3118 διφυὴς
1591 3079 1712 3117 λέγεται
1727 3078 1777 3109 διὰ
1796 3077 1831 3108 τὸ
1845 3077 1990 3117 μέγεθος,
2004 3076 2024 3113 ἢ
2047 3075 2092 3106 ὅτι
2107 3075 2165 3116 πρὸ
2182 3074 2277 3105 αὐτοῦ

133 3125 196 3153 τῶν
216 3124 371 3158 γυναικῶν
397 3122 553 3162 θηριωδῶς
576 3123 768 3164 μιγνυμένων
789 3124 834 3160 οἷς
864 3125 1044 3164 ἐδούλοντο,
1076 3127 1127 3156 καὶ
1147 3126 1173 3165 ᾦ
1195 3126 1300 3163 ἤθελον
1319 3126 1469 3156 διδουσῶν
1497 3126 1531 3156 τὸ
1560 3125 1757 3165 τικτόμενον.
1791 3125 1881 3159 αὐτὸς
1903 3124 2123 3163 ἐνομοθέτησεν
2149 3122 2192 3152 ἑνὶ
2223 3120 2276 3150 ἐκ·

134 3168 272 3201 δίδοσθαι
286 3167 389 3209 ἀνδρί·
405 3168 489 3206 ἔλεγε
502 3169 561 3210 γὰρ
574 3170 620 3200 ὅτι
634 3171 684 3201 διὰ
697 3171 751 3208 την
771 3170 931 3210 ἀσέλγειαν
947 3173 966 3208 ἡ
983 3171 1101 3209 Ἀττικὴ
1118 3173 1321 3210 κατεκλύσθη.
1346 3173 1511 3211 Αἰγύπτιος
1529 3173 1560 3204 δὲ
1577 3173 1619 3203 ὢν
1642 3173 1703 3203 ἀπὸ
1717 3174 1770 3209 τῆς
1795 3171 1964 3211 Ἡφαίστον
1980 3172 2036 3200 τοῦ
2057 3168 2209 3209 βασιλέως
2226 3177 2277 3196 νο·
2319 3195 2323 3198 .

135 3216 280 3257 μοθεσῖας
292 3216 358 3256 ᾔδει
368 3215 423 3253 τὴν
441 3216 633 3257 μονανδρίαν.
654 3217 770 3249 Eadem
785 3218 914 3249 laudato
928 3219 1052 3249 Joanne
1069 3218 1265 3250 Antiocheno
1279 3218 1411 3250 tradunt
1425 3220 1556 3250 Tzetzes
1573 3218 1613 3249 ad
1634 3220 1708 3258 Lyc.
1732 3221 1782 3248 111
1799 3219 1832 3248 et
1848 3215 1986 3248 Eudocia
2003 3225 2034 3256 ι).
2054 3219 2126 3246 252.
2153 3233 2193 3238 -
2213 3213 2272 3247 θη-

135 3261 307 3304 ριωδῶς]
326 3263 578 3302 suprascriptum
593 3265 640 3295 est
654 3264 762 3304 χύδην.
777 3282 819 3286 -
831 3268 862 3295 6.
878 3263 1060 3304 Φορωνεὺς]
1078 3273 1188 3295 vocem
1206 3264 1349 3305 supplevi
1363 3273 1403 3296 ex
1418 3264 1530 3295 Μ3Ι313
1551 3272 1580 3304 p.
1597 3266 1635 3296 72
1647 3288 1655 3303 ,
1674 3269 1701 3296 3.
1716 3263 1849 3304 Φορνεὺς
1863 3271 1914 3303 ap.
1934 3261 2068 3294 cedi-en.
2083 3269 2114 3300 p.
2134 3262 2208 3297 145,
2228 3263 2272 3289 15.

136 3309 207 3342 Noli
232 3309 350 3340 mirari.
373 3327 414 3334 —-
432 3307 538 3350 artss']
559 3318 711 3341 numerus
733 3312 913 3350 corruptus.
937 3310 1038 3342 scribi
1054 3310 1115 3341 leni
1137 3320 1236 3342 11131111
1260 3313 1364 3351 potest
1389 3310 1469 3342 ωπ6’
1507 3312 1639 3348 (8822
1652 3309 1791 3350 14-1-63)
1804 3333 1812 3348 ,
1831 3310 1883 3348 qui
1899 3308 2049 3347 antiquus
2064 3307 2110 3338 est
2126 3311 2276 3336 numerus

136 3365 314 3396 annorum,
338 3356 394 3396 qui
413 3355 576 3388 fluxerunt
595 3365 614 3388 3
632 3356 773 3397 Cecrope
793 3366 895 3398 usque
914 3357 954 3388 ad
974 3357 1207 3388 institutionem
1222 3357 1413 3389 archontum
1438 3365 1629 3388 annuorum.
1643 3355 1705 3388 Sed
1720 3364 1820 3395 quum
1836 3355 1968 3387 Matalas
1984 3362 2013 3393 p.
2031 3355 2083 3391 72,
2108 3353 2142 3382 14
2161 3349 2275 3380 habeat

138 3403 214 3481 ἒξ,
231 3404 364 3436 sortasse
376 3403 460 3445 apud
474 3405 624 3435 Nostrum
640 3403 723 3436 idem
737 3404 815 3444 suit,
838 3404 886 3435 vei
912 3403 982 3444 7961
996 3421 1036 3426 ——
1049 3402 1099 3442 §7.
1123 3404 1249 3436 Plenius
1265 3405 1334 3436 haec
1345 3404 1457 3436 Suidas
1476 3413 1507 3435 v.
1526 3403 1650 3445 Ὀρφεύς
1668 3402 1781 3441 tradit,
1796 3411 1836 3433 ex
1854 3404 1995 3440 Joanne,
2016 3400 2062 3431 uti
2080 3399 2186 3430 nostro
2205 3396 2274 3426 11)(το

161 3458 299 3481 ocemur.
1479 3468 1481 3470 ,

2071 3505 2116 3530 36.
