2326 3724
993 192 1310 236 FRAGMENTA
1319 226 1328 235 .

77 283 202 320 πεσΟαι
228 286 321 320 σῖτον
342 281 382 320 ἐκ
399 283 461 320 τοῦ
485 279 631 334 Κόλχων
655 280 841 334 βασιλεως.
872 280 936 321 Διὸ
963 282 1124 320 δυσανα-

75 343 280 392 σχετοῦντες
295 341 370 379 οἱὋ
341 340 491 379 ουάνοι
505 343 556 393 τῶ
578 342 646 378 τῶν
670 338 927 390 νενομισμένων
954 341 1124 392 στερηθῆ-

73 413 130 437 ναι
142 399 398 448 ,κατάδηλον’
383 398 593 446 εποιήσαντο
609 399 814 452 Πέρσαις,
796 415 860 446 ως,
878 399 907 436 εἷ
923 398 1125 450 γενήσοιντο

73 458 198 506 αὐτοῦ,
224 457 397 498 Σουανίαν
428 457 679 510 ἐγχειρίσουσιν
709 459 840 501 αὐτοῖς.
871 457 934 496 Ἐν
963 456 1122 509 τοσούτῳ

74 514 252 568 Ἐξισάτῳ
278 516 339 555 καὶ
367 521 438 559 τοῖς
464 515 591 570 ἑτέροις
615 516 785 568 ἡγεμόσιν
813 516 882 554 τῶν
912 514 1124 566 Ῥωμαϊκῶν

70 575 260 627 ταγμάτων
280 576 426 628 ἔφησαν,
445 575 520 614 ὅτιιι
541 574 775 623 Πολυπληθία
790 576 937 624 Περσῶν
953 573 1123 627 ἀγγέλλε-

71 647 130 672 ται
154 637 320 686 χωροῦσα
345 633 438 672 κατὰ
467 634 648 683 Σουάνων,
668 634 754 688 πρὸς
769 634 812 682 ἣν
842 633 1035 686 ἀξιόμαχον
1061 634 1124 671 οὐκ

70 691 198 745 ἔχομεν
218 691 379 743 δύναμιν.
409 691 514 732 Ἀλλὰ
534 691 574 731 τὸ
601 699 759 732 συνοῖσον
786 690 1044 745 βουλεύσασθε,
1065 690 1122 735 ξὺν

70 755 142 795 τοῖς
169 751 319 789 ἐνταῦθα
349 750 539 802 Ῥωμαίων
568 751 776 803 καταλόγοις
802 753 1063 803 ὑποχωροῦντες
1078 753 1122 803 τῇ

70 810 216 863 Μηδικῇ
232 816 393 864 στρατιᾷ.
407 828 423 845 υ
436 810 604 864 Τοσούτῳ
617 810 836 864 χρησάμενοι
851 810 1003 850 Σουάνοι
1020 810 1122 862 δόλῳ,

70 868 131 908 καὶ
149 868 271 923 δώροις
291 869 542 914 ἀναπείσαντες
561 870 641 914 τοὺς·
666 872 734 909 τῶν
755 869 960 922 καταλόγων
977 869 1125 907 ἐπιστά··

69 943 152 976 τας,
173 927 392 967 ἄπεὸάλοντο
410 928 508 982 παρὰ
527 931 622 982 σφῶν
640 927 701 976 τὴν
730 928 922 979 Ῥωμαίων
942 927 1117 982 φυλακήν.

69 988 118 1027 Οἱ
133 986 171 1025 δὲ
192 985 332 1040 Πέρσαι
350 987 407 1032 ξὺν
430 988 532 1040 τάχει
549 988 829 1040 παραγενόμενοι
850 986 1024 1027 Σουανίαν
1043 987 1123 1026 ἔλα-

70 1044 145 1085 ὅον.
164 1045 325 1093 Ληπτέον
348 1041 406 1084 οὖν
423 1048 589 1095 ἐντεῦθεν,
606 1048 653 1091 ὥς
666 1046 726 1085 καὶ
743 1046 933 1098 Ῥωμαίων
952 1045 1121 1085 ἀνέκαθεν

69 1108 240 1158 ὑπῆρχεν,
265 1105 326 1144 καὶ
346 1104 537 1156 Ῥωμαίοις
567 1105 712 1159 ἁρμόζει
732 1105 895 1158 τήμερον.
914 1107 960 1145 Εἰ
979 1106 1047 1157 γὰρ
1070 1106 1122 1143 δι·

69 1163 242 1202 καιότατα
253 1166 409 1212 Λαζικῆς
422 1164 535 1218 κύριοι
547 1164 828 1216 καθεστήκαμεν,
843 1164 935 1204 καθὰ
949 1164 1119 1212 δήπουθεν

28 1225 33 1227 ”
70 1224 169 1273 ὑμεῖς
186 1222 422 1276 ἐψηφίσασθε,
441 1223 615 1266 Σουανίας
630 1226 692 1270 τῆς
706 1224 775 1262 ὑπὸ
791 1222 947 1270 Λαζικὴν
966 1224 1029 1261 οὐκ
1051 1222 1122 1260 ἀπὸ

69 1281 200 1333 τρόπου
220 1281 449 1333 δεσπόσομεν.
467 1301 483 1317 1⁰
503 1281 548 1322 ‘O
564 1282 599 1320 δὲ
617 1281 798 1335 Σουρήνας
817 1281 901 1335 ἔφη·
922 1300 938 1318 α
954 1281 1121 1334 Ἄχθεσθε

70 1341 206 1390 μᾶλλον
236 1339 434 1391 Ῥωμαῖοι,
457 1339 510 1379 ὅτι
542 1339 637 1384 ἔθνος
656 1341 845 1393 αὐθαίρετα
873 1339 933 1379 καὶ
959 1339 1123 1384 ἑκουσίως

69 1398 333 1451 προσεπέλασεν
343 1402 440 1450 ἡμῖν.
449 1415 466 1433 υ
475 1398 520 1439 Ὁ
529 1399 599 1451 Ζὶχ
607 1398 796 1437 ὑπολαὸὼν
807 1398 885 1452 ἔφη·
899 1416 915 1432 ιι
924 1398 1121 1446 Αὐτόνομοι

69 1457 236 1509 γεγόνασι
251 1457 414 1510 Σουάνοι,
428 1458 488 1496 καὶ
502 1459 540 1496 οὖ
554 1457 695 1497 πώποτε
709 1474 752 1510 τῃ
770 1458 920 1510 Κόλχων
933 1457 1122 1505 ὓπεκλίθη-

69 1531 136 1554 σαν
155 1518 261 1569 ἀρχῇ.
278 1533 294 1551 n
313 1510 458 1561 Αὖθιςε
438 1533 485 1561 ως
502 1516 559 1555 τὸν
581 1517 650 1569 Ζὶχ
666 1516 778 1562 ἔλεξεν
797 1519 816 1555 ὁ
832 1517 984 1569 Πέτρος·
1002 1534 1019 1551 κ
1036 1515 1122 1567 Εἴγε

69 1574 120 1625 μὴ
151 1575 289 1628 βούλει,
317 1591 347 1614 ω
368 1575 491 1628 Ζὶχ,’
475 1590 510 1614 εν
539 1581 610 1619 τοῖς
628 1591 688 1623 της
714 1575 852 1628 εἰρήνης
874 1574 1124 1626 συμὸουλαίοις

68 1633 180 1685 ὄνομα
197 1633 235 1673 τὸ
252 1634 426 1680 Σουανίας
445 1634 662 1687 ἐγχαράξαι,
683 1635 856 1685 σήμανον,
884 1637 930 1678 ὡς
950 1634 1123 1678 ἀποδίδως

69 1707 128 1742 μοι
159 1693 316 1740 Λαζικὴν
337 1692 395 1738 ξὺν
420 1699 490 1738 ’τοῖς
515 1692 810 1745 ὑποτεταγμένοις
829 1693 959 1731 ἔθνεσιν
983 1694 1084 1745 αὐτῇ.
1107 1711 1122 1727 »

69 1752 116 1791 ‘O
136 1751 227 1805 Ζὶχ,
250 1769 266 1787 «
288 1753 333 1792 Εἰ
357 1756 473 1801 τοῦτο,
507 1752 592 1806 ἔφη,
623 1753 785 1801 ποιήσω,
815 1752 914 1791 ἄδειά
944 1768 998 1792 σοι
1021 1751 1123 1799 δοθή-

69 1825 169 1849 σεται
185 1812 245 1849 καὶ
261 1810 342 1864 περὶ
359 1811 516 1864 Ἰὅηρίας
532 1811 779 1865 ἄμφισὸητεῖν,
805 1827 873 1851 κατ
875 1810 1058 1856 ’ἐξουσίαν
1081 1826 1118 1850 τε

69 1869 179 1914 εἴποις
205 1870 260 1918 ἂν,
289 1873 336 1915 ὡς
355 1871 415 1910 καὶ
438 1870 528 1918 αὐτὴ
556 1869 728 1919 κατήκοος
752 1870 904 1944 ἐγεγόνει
932 1873 1072 1916 Λαζῶν.
1102 1888 1119 1906 ι)

69 1945 86 1963 α
104 1928 167 1968 Ἐν
183 1928 332 1977 δηλώσει
352 1930 410 1977 δὲ,
431 1948 447 1965 »
467 1933 485 1969 ὁ
505 1931 638 1985 Πέτρος
652 1960 662 1979 ,
683 1930 910 1983 ιιγεγένησαι,
927 1933 956 1969 ὠ
972 1931 1090 1983 Ζὶχ,ε
1072 1946 1120 1974 ως

69 2056 213 2090 drivatos
239 2067 308 2092 esse
335 2059 403 2100 his,
421 2068 493 2100 quae
518 2059 578 2092 sibi
602 2068 643 2092 ex
671 2059 886 2091 conventione
910 2058 1122 2091 debebantur.

69 2108 288 2145 Quamobrem
313 2109 531 2150 significarunt
555 2109 677 2149 Persis,
707 2118 752 2150 se,
767 2109 793 2141 si
818 2109 895 2141 illuc
911 2108 1124 2149 accederent,

68 2167 181 2192 eorum
192 2161 339 2194 manibus
348 2161 499 2194 suaniam
509 2161 629 2193 traditu
635 2170 696 2193 ros.
706 2161 827 2193 Eodem
837 2162 983 2201 tempore
993 2161 1124 2192 Exisato

68 2213 102 2244 et
123 2213 252 2254 reliquis
271 2213 424 2246 Romanis
450 2213 600 2245 ordinum
617 2213 754 2245 ducibus
779 2213 951 2252 dixerunt,
974 2221 1123 2253 magnam

68 2265 239 2301 Persarum
246 2273 379 2298 manum
390 2265 505 2298 suanis
519 2264 767 2297 belluminferre
782 2264 935 2297 nuntiari.
957 2265 1123 2303 Quamob-

69 2325 139 2349 rem
159 2325 260 2358 quum
274 2326 338 2349 non
366 2317 497 2349 idoneas
527 2317 570 2349 ad
584 2316 795 2349 resistendum
819 2317 974 2349 baberent
998 2317 1123 2358 copias,

69 2372 177 2411 petere
196 2372 234 2403 ut
258 2370 402 2411 ipsorum
428 2370 541 2403 salutis
559 2379 658 2402 causa
681 2379 756 2402 cum
779 2372 999 2403 Romanorum
1026 2371 1125 2411 copiis

69 2423 225 2455 exercitui
250 2426 422 2456 Persarum
443 2423 575 2456 obviam
602 2424 696 2456 irent.
716 2425 787 2456 Hoc
799 2423 874 2456 dolo
886 2423 985 2456 Suani
1003 2424 1071 2464 usi,
1092 2425 1125 2456 et

69 2475 162 2508 (lonis
185 2476 332 2509 demeriti
363 2477 526 2518 legionum
554 2479 739 2509 nostrarum
767 2477 881 2517 duces,
906 2479 1123 2509 Romanorum

69 2529 255 2570 praesidium
281 2530 453 2570 ejecerunt.
484 2532 588 2562 Persae
615 2531 724 2562 autem
746 2529 892 2562 celeriter
916 2529 1122 2570 accedentes,

71 2581 221 2614 Suaniam
235 2590 303 2613 suae
315 2581 482 2622 potestatis
495 2582 651 2614 recerunt.
670 2582 752 2623 Hinc
771 2581 862 2613 facile
876 2583 924 2613 est
937 2581 1122 2623 intelligere,

69 2633 146 2666 olim
160 2634 471 2675 Romanorumjuris
491 2634 587 2667 fuisse
602 2634 774 2675 suaniam,
792 2634 952 2675 hodieque
968 2634 1040 2674 jure
1061 2635 1124 2667 illis

69 2687 262 2726 competere.
287 2687 368 2718 Nam
390 2686 416 2718 si
437 2687 560 2727 optimo
580 2686 653 2726 jure
668 2686 834 2718 constituti
861 2695 973 2718 sumus
1001 2686 1123 2718 domini

69 2737 192 2770 Lazicae
221 2737 288 2778 (sic
305 2737 390 2770 enim
410 2739 444 2771 et
461 2746 520 2770 vos
538 2737 730 2779 jampridem
749 2746 880 2778 aequum
910 2737 1076 2771 censuistis
1098 2738 1122 2780 )‚

69 2798 135 2822 non
147 2789 269 2831 absque
286 2791 411 2824 ratione
423 2791 558 2830 Suania‚
572 2799 646 2832 quae
660 2791 744 2823 infra
762 2792 907 2823 Lazicam
931 2791 992 2824 sita
1007 2793 1074 2831 est,
1090 2792 1122 2823 in

70 2842 216 2875 nostrum
232 2841 286 2883 jus
300 2842 547 2884 dominiumque
559 2842 672 2876 cedere
684 2842 792 2875 debet.
808 2855 824 2871 »
838 2842 900 2876 Cui
915 2845 1054 2876 Surenas
1069 2852 1121 2876 re·

71 2893 201 2936 spondit
214 2903 224 2927 ε
241 2907 257 2923 «
268 2894 424 2936 Iniquiori
439 2895 547 2928 animo
563 2897 596 2928 et
607 2895 735 2937 gravius
745 2896 805 2929 ista
819 2895 908 2928 sertis
917 2920 926 2936 ,
940 2905 960 2928 0
971 2897 1122 2936 Romani,

69 2945 158 2987 quod
170 2955 208 2979 ea
226 2954 303 2987 gens
322 2955 383 2979 sua
399 2948 514 2988 sponte
530 2949 562 2980 et
571 2948 658 2980 ultro
670 2956 739 2980 sese
754 2948 872 2980 nostrae
885 2949 1033 2988 potestati
1048 2957 1121 2989 per-

71 2997 169 3031 misit.
184 3011 200 3027 »
212 2998 328 3031 Zichus
343 2998 413 3039 eJ'us
429 2999 527 3032 verba
542 2999 717 3041 suscipiens
732 3012 740 3031 :
766 3011 782 3027 «ι
798 2999 896 3032 Suani
913 3000 979 3032 suis
1000 3000 1124 3041 legibus

70 3051 147 3083 sunt
161 3051 223 3091 usi,
237 3051 365 3092 inquit,
375 3059 480 3093 neque
496 3060 641 3093 unquam
655 3051 850 3085 Colchorum
864 3051 997 3092 imperio
1010 3060 1123 3092 parue-

71 3103 157 3136 runt.
173 3105 284 3136 »Tum
306 3104 421 3136 Petrus
440 3113 449 3136 :
473 3116 489 3132 «
507 3104 541 3137 Si
553 3106 609 3144 tu,
629 3114 649 3137 o
668 3104 781 3144 Ziche,
798 3104 925 3138 suaniae
949 3113 1067 3137 nomen
1090 3104 1124 3137 in

72 3156 286 3188 conventione
309 3155 397 3196 pacis
411 3155 519 3189 omitti
533 3156 654 3197 mavis,
671 3156 733 3188 hoc
751 3158 862 3189 tamen
883 3164 1122 3196 commemora,

71 3206 196 3240 temihi
211 3207 358 3241 Lazicam
383 3207 518 3241 reddere
541 3217 616 3240 cum
640 3208 788 3250 gentibus
809 3217 884 3249 quoe
909 3208 985 3240 huic
1004 3208 1125 3249 regioni

71 3259 224 3301 subjectae
237 3262 324 3293 sunt.
338 3273 355 3289 ι»
370 3272 440 3290 -κ
458 3261 492 3295 Si
522 3261 585 3294 boc
606 3261 710 3302 facio,
730 3262 835 3302 inquit
856 3261 990 3301 Zichus‚
1018 3261 1125 3293 aditus

72 3309 132 3343 tibi
143 3311 304 3352 aperietur
313 3311 354 3345 de
366 3312 470 3345 Iberia
479 3321 610 3354 quoque
619 3314 871 3346 controversiam
882 3321 1025 3346 movere.
1041 3315 1123 3346 Nam

75 3361 109 3394 in
121 3363 179 3394 tuo
195 3362 328 3396 arbitrio
341 3364 403 3395 erit
417 3363 536 3405 dicere,
558 3365 660 3406 ipsam
678 3373 808 3406 quoque
831 3365 1010 3406 subjectam
1027 3365 1124 3397 fuisse

77 3413 178 3447 Lazis.
193 3426 209 3443 υ
229 3431 270 3441 -
288 3425 304 3443 «
322 3414 528 3448 Manifestum
545 3417 592 3449 est
606 3416 713 3458 igitur,
728 3425 749 3448 ο
761 3416 871 3458 Ziche,
883 3418 916 3449 te
928 3416 1014 3449 nolle
1030 3415 1123 3449 nobis

2159 207 2228 241 21¹

1187 282 1226 320 οὗ
1249 282 1365 334 βούλει
1392 286 1512 322 πᾶσαν
1531 285 1615 333 ἡμῖν
1649 284 1837 322 ἀποδοῦναι
1859 284 2027 333 Λαζικὴν,
2048 281 2140 324 ἄλλά
2158 303 2236 324 τινα

1187 341 1312 394 μοῖραν
1331 342 1453 388 αὐτῆς.
1471 341 1625 396 »Πολλὰ
1652 341 1714 392 μὲν
1744 338 1803 380 οὖν
1828 342 1888 381 καὶ
1919 343 2019 395 ἕτερα
2062 344 2238 427 ‘pfflimjffls

1185 414 1223 437 τε
1251 398 1312 437 καὶ
1339 398 1477 453 Πέρσαι
1515 400 1668 444 εἰπόντες
1693 416 1731 439 τε
1758 400 1819 438 καὶ
1849 402 2037 448 ἀκηκοότες
2064 403 2238 447 Σουανίας

1185 456 1285 510 πέρι,
1303 456 1398 508 ὅμως
1417 459 1456 496 οὗ
1476 458 1682 505 ξυνέδησαν.
1702 459 1809 498 Δοκεῖ
1821 464 2002 512 τοιγαροῦν
2019 462 2139 505 αὐτοῖς
2156 462 2237 515 περὶ

1184 514 1244 549 τοῦ
1271 511 1404 549 τοιοῦδε
1432 511 1491 550 τὸν
1521 511 1669 563 βασιλέα
1699 513 1937 559 ἐπισκοπῆσαι
1972 514 2135 587 Περσιῖιν.
2163 515 2237 554 Καὶ

1185 567 1308 622 ὅρκῳ’
1294 569 1515 608 επιστώσατο
1528 573 1545 608 ὁ
1558 570 1639 622 Ζὶχ,
1657 574 1679 622 ᾖ
1695 570 1895 621 νενόμισται
1913 570 1965 610 [Ιέ
1951 587 2066 624 ερσαις
2081 572 2236 622 ὀμνύειν,

1186 627 1479 672 ξυνεπιλαὸέσθαι
1496 628 1654 682 Πέτρωε
1637 645 1683 674 ως
1701 630 1900 682 Χοσρόην’
1881 630 2123 683 αφικνουμένῳ
2137 629 2239 670 ἕνεκα

1185 688 1374 732 Σουανίας.
1400 682 1445 727 1⁴2³
1434 704 1490 726 ιτα
1511 692 1570 726 τοῦ
1588 689 1660 741 Ζιχ
1675 687 1754 732 τους
1770 688 1852 741 περὶ
1877 687 2054 741 Ἄμὸρου
2055 693 2115 728 τοῦ
2132 689 2239 729 Ἀλα-

1185 747 1382 800 μουνδάρου
1398 750 1461 785 τοῦ
1487 750 1556 786 τῶν
1579 749 1799 799 Σαρακηνῶν
1819 748 2015 799 ἡγουμένου
2038 747 2241 795 κινήσαντος

1183 805 1322 857 λόγους,
1342 805 1534 859 φάσκοντός
1550 822 1585 845 τε
1597 836 1607 854 ,
1633 805 1685 845 δ’τι
1704 822 1744 859 γε
1767 806 1878 854 δήπου
1895 807 1955 845 καὶ
1971 806 2095 856 αὐτὸν,
2120 807 2240 862 ὥσπερ

1185 864 1245 903 καὶ
1271 864 1330 903 τὸν
1350 865 1419 919 πρὸ
1443 867 1550 905 αὐτοῦ
1575 866 1732 917 ἡγεμόνα
1758 870 1818 905 τοῦ
1848 867 2118 918 Σαρακηνικοῦ,
2140 867 2241 918 κομί-

1184 925 1304 969 ζεσθαι
1339 925 1454 977 χρεὼν
1480 924 1543 969 τὰς
1578 925 1702 964 ἑκατὸν
1729 925 1876 978 χρυσίου
1908 925 2048 978 λίτρας,
2080 927 2239 965 ἀντεῖπεν

1184 986 1202 1022 ὃ
1219 983 1371 1035 Πέτρος,
1390 982 1482 1022 ὥστε
1496 1002 1511 1018 «
1528 984 1586 1023 τὸν
1600 985 1668 1037 πρὸ
1690 983 1848 1038 ’Άμὸρου
1869 984 2027 1036 ἡγεμόνα
2044 986 2158 1038 δωρεᾷ
2173 1001 2240 1024 τινι

1183 1042 1347 1096 ἀγράφῳ,
1364 1041 1436 1096 ὅσῳ
1457 1042 1499 1082 ἂν
1517 1043 1688 1090 ἠὸούλετο
1707 1043 1842 1097 χρυσίῳ
1856 1044 1917 1082 καὶ
1931 1044 2082 1092 ὁπηνίκα
2096 1074 2107 1092 ,
2126 1047 2144 1083 ὁ
2158 1046 2236 1083 καθ’

1180 1105 1276 1152 ἡμᾶς
1313 1104 1570 1156 ἐφιλοφρονεῖτο
1617 1103 1799 1151 δεσπότης.
1825 1105 2020 1156 Τοιγαροῦν
2057 1102 2241 1143 ἐστέλλετο

1180 1164 1224 1214 τῇ
1256 1164 1428 1213 ταχυτῆτι
1459 1164 1527 1200 τῶν
1564 1162 1742 1212 δημοσίων
1776 1162 1895 1201 ἵππων
1930 1162 2120 1215 ὀχούμενος
2150 1163 2239 1216 ἀνὴρ

1183 1220 1437 1273 ἀγγελιαφόρος
1465 1223 1512 1264 ὡς
1536 1220 1592 1259 τὸν
1623 1221 1846 1275 Σαρακηνὸν,
1874 1222 2179 1269 ἀποκαταστήσων
2209 1225 2240 1262 οἱ

1181 1278 1220 1317 τὸ
1241 1277 1326 1331 ὅπερ
1354 1277 1544 1331 ἐτύγχανεν
1569 1281 1665 1333 αὐτῷ
1682 1279 1838 1333 πεμφθὲν
1866 1282 1952 1333 πρὸς
1977 1284 2034 1320 τοῦ
2057 1281 2238 1332 Ῥωμαίου

1184 1337 1370 1389 βασιλέως.
1391 1338 1497 1377 Οὕτω
1521 1354 1559 1377 τε
1587 1340 1622 1383 ἐς
1649 1339 1847 1389 τοῦμπαλιν
1877 1341 1915 1378 ἐκ
1944 1344 2004 1378 τοῦ
2026 1342 2239 1393 Σαρακηνοῦ

1181 1399 1228 1440 ὡς
1250 1396 1397 1448 βασιλέα
1417 1396 1476 1435 τὸν
1501 1398 1720 1458 ἠμεοοιπὸνω3
1705 1413 1764 1435 επε
1751 1397 1882 1448 ἔμπετο
1914 1399 2121 1452 δωροφορῶν
2152 1415 2239 1452 πρε·-

1182 1455 1344 1502 σὸευτής.
1361 1449 1450 1494 Εἰτα
1466 1455 1647 1509 ἀντιδώρῳ
1663 1459 1758 1500 αὖθις
1774 1457 2033 1510 ἐφιλοφρονεῖτο
2045 1457 2103 1495 τὸν
2119 1459 2241 1510 Σαρα-

1183 1514 1290 1562 κηνὸν
1322 1517 1341 1553 ὃ
1367 1515 1445 1553 καθ’
1472 1519 1565 1565 ημᾶς
1589 1515 1831 1569 αὐτοκράτωρ.
1869 1534 1885 1550 «
1917 1517 1961 1555 Et
1990 1516 2153 1568 βούλεται
2179 1520 2240 1555 οὖν

1183 1574 1243 1612 καὶ
1262 1572 1416 1626 Ἄμὸρος
1438 1573 1532 1612 κατὰ
1550 1578 1660 1613 ταῦτα
1689 1580 1813 1622 ποιεῖν,
1836 1576 1865 1612 εἰ
1886 1575 1980 1614 δοκει
2003 1575 2063 1614 καὶ
2083 1592 2133 1614 τω
2156 1576 2235 1614 καθ’

1184 1637 1278 1685 ἡμᾶς
1299 1634 1439 1685 βασιλεῖ
1460 1633 1497 1657 ⁴²·
1519 1635 1548 1672 εἰ
1564 1633 1601 1672 δέ
1615 1649 1653 1685 γε
1671 1635 1709 1672 οὖ
1729 1634 1914 1686 βούλεται,
1935 1639 2022 1673 κινεῖ
2042 1618 2236 1685 τηνάλλως,

1183 1692 1269 1745 πρός
1285 1707 1325 1745 γε
1341 1692 1402 1731 καὶ
1424 1692 1640 1739 ἠλιθιώτατα
1664 1696 1794 1746 φρονεῖ.
1825 1692 2025 1732 Ἀποίσεται
2051 1693 2118 1748 γὰρ
2138 1693 2237 1733 οὐδὲν

1182 1754 1307 1791 ὁτιοῦν.
1324 1769 1340 1786 »
1352 1751 1496 1792 Τούτων
1513 1751 1894 1805 διαμφισὸητηθέντων
1908 1753 1968 1791 καὶ
1980 1753 2121 1806 ἑτέρων,
2136 1753 2241 1807 ἐγρά-

1183 1827 1298 1866 φησαν
1308 1813 1344 1850 αἳ
1353 1810 1677 1859 πεντηκοντούτιδες
1686 1812 1833 1850 σπονδαὶ
1846 1814 2016 1865 Περσιστὶ
2027 1813 2088 1851 καὶ
2104 1813 2240 1860 Ἑλλη-

1184 1871 1288 1919 νιστὶ,
1310 1871 1510 1922 μετεὸλήθη
1528 1887 1565 1909 τε
1585 1870 1623 1909 τὸ
1640 1871 1849 1918 Ἑλληνικὸν
1863 1872 1909 1915 εἷς
1937 1871 2094 1923 Περσίδα
2118 1872 2236 1925 φωνὴν

1184 1930 1297 1968 καὶτὸ
1313 1929 1488 1983 Περσικὸν
1507 1932 1554 1974 εἷς
1571 1929 1779 1978 εΕλληνίδα.
1802 1932 1848 1970 Οἱ
1863 1930 1899 1969 δὲ
1916 1931 1977 1975 τὰς
1992 1931 2162 1979 ξυνθήκας
2179 1934 2239 1984 βε-

1184 2059 1341 2099 integram
1360 2059 1508 2091 Lazicam
1525 2058 1711 2096 restituere,
1730 2057 1786 2090 sed
1809 2057 1879 2098 ejus
1897 2059 2032 2099 partem.
2054 2072 2069 2087 »
2084 2076 2125 2081 —
2137 2058 2241 2090 Multa

1184 2110 1280 2142 etiam
1304 2110 1367 2142 alia
1384 2110 1467 2141 ultro
1482 2110 1628 2150 citroque
1647 2112 1750 2142 Persae
1771 2110 1803 2142 et
1822 2110 1959 2141 Romani
1983 2113 2014 2142 ct
2028 2110 2180 2142 dixerunt
2208 2111 2242 2142 et

1183 2163 1356 2196 audierunt
1374 2163 1414 2195 de
1439 2164 1570 2204 Suania‚
1594 2172 1699 2204 neque
1722 2165 1832 2195 tamen
1861 2163 2033 2196 convenire
2052 2165 2239 2204 potuerunt.

1183 2215 1245 2248 Sed
1263 2216 1366 2247 totam
1383 2224 1451 2247 rem
1470 2215 1512 2247 ad
1539 2215 1621 2256 regis
1650 2217 1820 2247 Persarum
1846 2215 2016 2248 arbitrium
2042 2216 2240 2257 rejecerunt,

1183 2267 1269 2308 apud
1285 2276 1382 2308 quem
1399 2267 1516 2300 Zichus
1535 2276 1569 2299 se
1583 2270 1678 2300 Petro
1695 2276 1800 2309 neque
1819 2267 1926 2300 studio
1945 2277 2051 2310 neque
2069 2269 2170 2309 gratia
2183 2268 2239 2301 de-

1183 2321 1344 2361 futurum,
1356 2329 1458 2361 quum
1469 2321 1609 2361 primum
1617 2320 1658 2352 ad
1667 2321 1841 2353 chosroem
1852 2321 2008 2361 rediisset,
2017 2322 2239 2362 jureJurando,

1182 2372 1270 2413 quod
1293 2372 1381 2414 apud
1408 2375 1520 2405 Persas
1541 2375 1782 2405 sacrosanctum
1800 2373 1951 2413 liabetur,
1965 2373 2061 2406 tidem
2080 2382 2171 2406 suam
2185 2374 2242 2406 ob-

1182 2424 1324 2457 strinxit.
1337 2425 1457 2458 Deinde
1465 2426 1582 2458 Zichus
1591 2419 1771 2458 sermonem
1783 2427 1885 2458 movit
1895 2427 1935 2459 de
1944 2427 2076 2467 Ambro,
2091 2427 2242 2459 Alamun-

1183 2477 1252 2509 dari
1268 2477 1598 2517 tili0‚Saracenorum
1619 2478 1720 2517 duce,
1745 2478 1892 2519 dixitque
1915 2479 1960 2510 illi
1978 2479 2086 2511 deberi
2108 2481 2239 2511 centum

1183 2529 1253 2561 auri
1267 2529 1376 2569 libras,
1392 2530 1425 2561 et
1441 2538 1574 2570 aequum
1592 2537 1661 2561 esse
1687 2530 1723 2561 ut
1748 2538 1802 2561 eas
1814 2530 1984 2570 acciperet,
2001 2530 2085 2562 sicut
2095 2530 2126 2561 et
2138 2530 2164 2562 is
2183 2530 2242 2571 qui

1183 2582 1258 2613 ante
1289 2583 1525 2614 Saracenorum
1560 2580 1628 2612 dux
1655 2581 1770 2613 fuerat.
1812 2583 1933 2614 Contra
1968 2581 2051 2613 dixit
2090 2583 2203 2614 Petrus
2230 2592 2237 2612 :

1184 2647 1201 2662 «
1219 2635 1452 2666 Saracenorum
1480 2633 1596 2666 ducem
1608 2658 1618 2674 ,
1650 2634 1707 2674 qui
1737 2634 1812 2666 ante
1829 2634 1988 2666 Ambrum
2017 2634 2123 2667 suerat
2136 2658 2145 2674 ,
2177 2634 2239 2666 im·

1183 2686 1311 2727 perator
1331 2686 1440 2718 noster
1459 2685 1560 2717 libero
1585 2685 1656 2717 auri
1684 2685 1769 2717 dono
1802 2685 1899 2717 nullis
1924 2686 2039 2719 litteris
2063 2686 2238 2726 obstricto,

1182 2737 1311 2778 quando
1332 2737 1391 2778 ipsi
1412 2737 1572 2778 placebat,
1586 2746 1702 2769 ornare
1716 2736 1851 2769 solebat.
1876 2737 2064 2769 Mittebatur
2078 2738 2176 2778 igitur
2198 2737 2237 2769 ad

1183 2792 1378 2822 saracenum
1389 2789 1535 2829 nuntius,
1547 2789 1615 2829 qui,
1634 2789 1748 2821 vectus
1770 2788 1935 2820 celeritate
1950 2797 2108 2829 equorum
2132 2789 2240 2830 publi-

1182 2850 1315 2881 corum,
1336 2841 1484 2873 redderet
1498 2841 1587 2881 quod
1604 2841 1649 2871 illi
1670 2841 1844 2881 imperator
1862 2840 2018 2872 donatum
2033 2841 2170 2873 volebat.
2185 2843 2238 2872 ln-

1183 2894 1286 2925 vicem
1300 2895 1478 2926 Saracenus
1489 2901 1544 2933 per
1555 2892 1705 2932 legatum,
1718 2901 1813 2932 quem
1828 2892 1995 2931 mittebat,
2014 2892 2239 2932 imperatorem

1182 2946 1328 2978 nostrum
1342 2945 1434 2977 donis
1449 2945 1509 2976 sibi
1525 2944 1727 2976 conciliabat.
1751 2946 1844 2976 Tunc
1860 2943 1977 2976 iterum
2003 2943 2176 2984 imperator
2190 2946 2239 2975 vi-

1183 2996 1288 3029 cissim
1303 2997 1411 3037 aliqua
1432 2996 1626 3028 liberalitate
1646 2998 1840 3028 saracenum
1867 2995 1928 3027 sibi
1950 2995 2113 3028 devincire
2133 2996 2239 3029 stude·

1183 3048 1249 3080 bat.
1268 3049 1301 3081 Si
1316 3048 1456 3081 Ambrus
1478 3048 1575 3088 igitur
1590 3048 1635 3079 ita
1652 3048 1757 3079 facere
1770 3047 1966 3087 decreverit,
1995 3049 2028 3079 et
2052 3048 2238 3087 imperatori

1182 3101 1292 3133 nostro
1310 3100 1393 3132 idem
1410 3099 1584 3140 placuerit,
1600 3099 1683 3132 bene
1695 3100 1761 3138 est;
1776 3098 1826 3131 sin
1840 3099 1958 3138 minus,
1975 3098 2092 3131 frustra
2108 3101 2238 3132 conten·

1182 3152 1249 3190 dit,
1263 3153 1296 3184 et
1317 3152 1448 3184 demens
1460 3152 1526 3191 est,
1545 3160 1651 3192 neque
1668 3151 1841 3191 quicquam
1867 3150 2063 3190 impetrabit.
2082 3163 2097 3179 »
2113 3152 2190 3183 Haec
2205 3152 2238 3183 et

1184 3206 1246 3238 alia
1261 3205 1365 3237 multa
1380 3213 1482 3246 quum
1494 3205 1577 3237 inter
1593 3213 1627 3238 se
1651 3205 1838 3245 agitassent,
1854 3203 2011 3235 foederum
2030 3203 2063 3234 in
2080 3203 2235 3243 quinqua-

1183 3258 1270 3300 ginta
1289 3266 1390 3290 annos
1406 3257 1604 3290 conditiones
1628 3258 1702 3290 sunt
1715 3256 1899 3298 perscriptae
1916 3258 2028 3288 Graece
2052 3256 2084 3287 et
2103 3255 2234 3286 Persice.

1183 3310 1306 3344 Deinde
1321 3313 1436 3344 Graeca
1457 3311 1491 3342 in
1505 3319 1686 3343 sermonem
1702 3309 1864 3342 Persicum
1875 3333 1884 3349 ,
1905 3309 1936 3340 et
1953 3307 2078 3340 Persica
2094 3307 2127 3338 in
2143 3307 2234 3338 Grae-

1184 3372 1259 3396 cum
1270 3366 1345 3396 sunt
1357 3363 1525 3396 translata.
1540 3363 1726 3395 Foederibus
1737 3362 1845 3394 autem
1856 3359 2030 3392 scribendis
2043 3359 2075 3390 et
2084 3357 2235 3390 faciendis

1183 3416 1347 3448 affuerunt
1368 3423 1386 3448 e
1404 3415 1556 3448 Romanis
1574 3415 1706 3454 Petrus,
1725 3413 1793 3460 dtix
1811 3412 1950 3444 militum
1984 3409 2039 3451 qui
2060 3409 2143 3440 circa
2169 3408 2234 3440 im-

2046 3463 2090 3490 Η.
