<?xml version="1.0" encoding="UTF-8"?>
<!DOCTYPE html PUBLIC "-//W3C//DTD XHTML 1.0 Transitional//EN"
    "http://www.w3.org/TR/xhtml1/DTD/xhtml1-transitional.dtd">
<html xmlns="http://www.w3.org/1999/xhtml" xml:lang="en" lang="en">
 <head>
  <title>
</title>
<meta http-equiv="Content-Type" content="text/html;charset=utf-8" />
  <meta name='ocr-system' content='tesseract 3.04.00' />
  <meta name='ocr-capabilities' content='ocr_page ocr_carea ocr_par ocr_line ocrx_word'/>
</head>
<body>
  <div class='ocr_page' id='page_1' title='image "./fragmentahistori04mueluoft_0050.png"; bbox 0 0 2326 3724; ppageno 0'>
   <div class='ocr_carea' id='block_1_1' title="bbox 92 216 1395 257">
    <p class='ocr_par' dir='ltr' id='par_1_1' title="bbox 92 216 1395 257">
     <span class='ocr_line' id='line_1_1' title="bbox 92 216 1395 257; baseline 0.002 -2"><span class='ocrx_word' id='word_1_1' title='bbox 92 225 139 255; x_wconf 77' lang='lat'>38</span> <span class='ocrx_word' id='word_1_2' title='bbox 914 216 1122 256; x_wconf 82' lang='lat' dir='ltr'><strong>EUNAPII</strong></span> <span class='ocrx_word' id='word_1_3' title='bbox 1153 217 1395 257; x_wconf 74' lang='lat' dir='ltr'>SARDIANI</span> 
     </span>
    </p>
   </div>
   <div class='ocr_carea' id='block_1_2' title="bbox 81 304 1126 2409">
    <p class='ocr_par' dir='ltr' id='par_1_2' title="bbox 81 304 1126 2409">
     <span class='ocr_line' id='line_1_2' title="bbox 84 304 1122 358; baseline -0.002 -14"><span class='ocrx_word' id='word_1_4' title='bbox 84 307 152 358; x_wconf 78' lang='grc' dir='ltr'>ἰδία</span> <span class='ocrx_word' id='word_1_5' title='bbox 170 305 244 349; x_wconf 75' lang='grc' dir='ltr'>τοὺς</span> <span class='ocrx_word' id='word_1_6' title='bbox 261 304 416 358; x_wconf 82' lang='grc' dir='ltr'>πρώτους</span> <span class='ocrx_word' id='word_1_7' title='bbox 436 307 548 343; x_wconf 85' lang='grc' dir='ltr'>αὐτῶν</span> <span class='ocrx_word' id='word_1_8' title='bbox 569 304 756 343; x_wconf 70' lang='grc' dir='ltr'>ἀπολαὸὼν</span> <span class='ocrx_word' id='word_1_9' title='bbox 772 304 834 351; x_wconf 87' lang='grc' dir='ltr'>τήν</span> <span class='ocrx_word' id='word_1_10' title='bbox 853 320 890 343; x_wconf 92' lang='grc' dir='ltr'>τε</span> <span class='ocrx_word' id='word_1_11' title='bbox 905 309 964 343; x_wconf 70' lang='grc' dir='ltr'>τοῦ</span> <span class='ocrx_word' id='word_1_12' title='bbox 981 320 1122 354; x_wconf 78' lang='grc' dir='ltr'>προσιο-</span> 
     </span>
     <span class='ocr_line' id='line_1_3' title="bbox 84 357 1122 417; baseline -0.004 -14"><span class='ocrx_word' id='word_1_13' title='bbox 84 365 180 403; x_wconf 88' lang='grc' dir='ltr'>πείου</span> <span class='ocrx_word' id='word_1_14' title='bbox 204 364 305 417; x_wconf 83' lang='grc' dir='ltr'>φύσιν</span> <span class='ocrx_word' id='word_1_15' title='bbox 333 363 462 402; x_wconf 82' lang='grc' dir='ltr'>ἐδείκνυ</span> <span class='ocrx_word' id='word_1_16' title='bbox 491 361 647 406; x_wconf 74' lang='grc' dir='ltr'>καὶτοὺς</span> <span class='ocrx_word' id='word_1_17' title='bbox 675 362 901 415; x_wconf 71' lang='grc' dir='ltr'>ὀκρίὸαντας,</span> <span class='ocrx_word' id='word_1_18' title='bbox 929 365 985 415; x_wconf 84' lang='grc' dir='ltr'>ὑφ’</span> <span class='ocrx_word' id='word_1_19' title='bbox 1005 357 1052 400; x_wconf 67' lang='grc' dir='ltr'>ὧν</span> <span class='ocrx_word' id='word_1_20' title='bbox 1083 361 1122 400; x_wconf 83' lang='grc' dir='ltr'>τὸ</span> 
     </span>
     <span class='ocr_line' id='line_1_4' title="bbox 84 419 1120 475; baseline -0.006 -13"><span class='ocrx_word' id='word_1_21' title='bbox 84 423 227 475; x_wconf 86' lang='grc' dir='ltr'>μέγεθος</span> <span class='ocrx_word' id='word_1_22' title='bbox 251 425 296 466; x_wconf 84' lang='grc' dir='ltr'>εἷς</span> <span class='ocrx_word' id='word_1_23' title='bbox 316 422 399 475; x_wconf 77' lang='grc' dir='ltr'>ὕψος</span> <span class='ocrx_word' id='word_1_24' title='bbox 423 421 690 474; x_wconf 88' lang='grc' dir='ltr'>παρατείνεται,</span> <span class='ocrx_word' id='word_1_25' title='bbox 719 420 779 458; x_wconf 80' lang='grc' dir='ltr'>καὶ</span> <span class='ocrx_word' id='word_1_26' title='bbox 799 420 994 458; x_wconf 78' lang='grc' dir='ltr'>συνέπειθεν</span> <span class='ocrx_word' id='word_1_27' title='bbox 1012 419 1120 463; x_wconf 79' lang='grc' dir='ltr'>οὕτως</span> 
     </span>
     <span class='ocr_line' id='line_1_5' title="bbox 83 477 1120 534; baseline -0.005 -14"><span class='ocrx_word' id='word_1_28' title='bbox 83 483 299 534; x_wconf 75' lang='grc' dir='ltr'>ἀνασχέσθαι</span> <span class='ocrx_word' id='word_1_29' title='bbox 318 481 378 519; x_wconf 73' lang='grc' dir='ltr'>καὶ</span> <span class='ocrx_word' id='word_1_30' title='bbox 408 482 532 526; x_wconf 75' lang='grc' dir='ltr'>τλῆναι</span> <span class='ocrx_word' id='word_1_31' title='bbox 551 478 617 526; x_wconf 85' lang='grc' dir='ltr'>τὴν</span> <span class='ocrx_word' id='word_1_32' title='bbox 644 478 734 532; x_wconf 80' lang='grc' dir='ltr'>ὄψιν,</span> <span class='ocrx_word' id='word_1_33' title='bbox 767 479 843 517; x_wconf 88' lang='grc' dir='ltr'>τότε</span> <span class='ocrx_word' id='word_1_34' title='bbox 871 477 1052 530; x_wconf 86' lang='grc' dir='ltr'>παρελθὼν</span> <span class='ocrx_word' id='word_1_35' title='bbox 1073 479 1120 521; x_wconf 88' lang='grc' dir='ltr'>εἷς</span> 
     </span>
     <span class='ocr_line' id='line_1_6' title="bbox 84 536 1121 593; baseline -0.004 -15"><span class='ocrx_word' id='word_1_36' title='bbox 84 540 282 593; x_wconf 72' lang='grc' dir='ltr'>ἀνθρώπους</span> <span class='ocrx_word' id='word_1_37' title='bbox 296 539 355 577; x_wconf 80' lang='grc' dir='ltr'>καὶ</span> <span class='ocrx_word' id='word_1_38' title='bbox 371 541 416 583; x_wconf 81' lang='grc' dir='ltr'>ὥς</span> <span class='ocrx_word' id='word_1_39' title='bbox 432 538 528 589; x_wconf 84' lang='grc' dir='ltr'>μόλις</span> <span class='ocrx_word' id='word_1_40' title='bbox 545 538 796 591; x_wconf 75' lang='grc' dir='ltr'>ὑφισταμένους</span> <span class='ocrx_word' id='word_1_41' title='bbox 811 537 874 583; x_wconf 74' lang='grc' dir='ltr'>τὴν</span> <span class='ocrx_word' id='word_1_42' title='bbox 894 537 985 583; x_wconf 90' lang='grc' dir='ltr'>θέαν,</span> <span class='ocrx_word' id='word_1_43' title='bbox 1000 536 1039 574; x_wconf 85' lang='grc' dir='ltr'>τὸ</span> <span class='ocrx_word' id='word_1_44' title='bbox 1059 537 1121 586; x_wconf 80' lang='grc' dir='ltr'>μὲν</span> 
     </span>
     <span class='ocr_line' id='line_1_7' title="bbox 82 593 1124 651; baseline -0.005 -14"><span class='ocrx_word' id='word_1_45' title='bbox 82 601 219 651; x_wconf 84' lang='grc' dir='ltr'>πρῶτον</span> <span class='ocrx_word' id='word_1_46' title='bbox 247 600 407 641; x_wconf 82' lang='grc' dir='ltr'>ἐπιεικῶς</span> <span class='ocrx_word' id='word_1_47' title='bbox 438 597 497 635; x_wconf 82' lang='grc' dir='ltr'>καὶ</span> <span class='ocrx_word' id='word_1_48' title='bbox 518 597 663 648; x_wconf 84' lang='grc' dir='ltr'>μετρίως</span> <span class='ocrx_word' id='word_1_49' title='bbox 682 599 741 643; x_wconf 76' lang='grc' dir='ltr'>τῆς</span> <span class='ocrx_word' id='word_1_50' title='bbox 761 598 874 648; x_wconf 76' lang='grc' dir='ltr'>φωνῆς</span> <span class='ocrx_word' id='word_1_51' title='bbox 901 593 1023 638; x_wconf 74' lang='grc' dir='ltr'>αὐτοὺς</span> <span class='ocrx_word' id='word_1_52' title='bbox 1052 594 1124 632; x_wconf 82' lang='grc' dir='ltr'>διέ-</span> 
     </span>
     <span class='ocr_line' id='line_1_8' title="bbox 82 652 1122 708; baseline -0.005 -12"><span class='ocrx_word' id='word_1_53' title='bbox 82 673 185 708; x_wconf 86' lang='grc' dir='ltr'>γευσε</span> <span class='ocrx_word' id='word_1_54' title='bbox 205 657 264 695; x_wconf 81' lang='grc' dir='ltr'>καὶ</span> <span class='ocrx_word' id='word_1_55' title='bbox 283 660 344 695; x_wconf 72' lang='grc' dir='ltr'>τοῦ</span> <span class='ocrx_word' id='word_1_56' title='bbox 370 655 493 707; x_wconf 81' lang='grc' dir='ltr'>μέλους</span> <span class='ocrx_word' id='word_1_57' title='bbox 516 654 726 707; x_wconf 82' lang='grc' dir='ltr'>(Εὐριπίδου</span> <span class='ocrx_word' id='word_1_58' title='bbox 752 655 787 692; x_wconf 85' lang='grc' dir='ltr'>δὲ</span> <span class='ocrx_word' id='word_1_59' title='bbox 816 655 878 701; x_wconf 76' lang='grc' dir='ltr'>τὴν</span> <span class='ocrx_word' id='word_1_60' title='bbox 895 652 1122 706; x_wconf 77' lang='grc' dir='ltr'>Ἀνδρομέδαν</span> 
     </span>
     <span class='ocr_line' id='line_1_9' title="bbox 83 713 1122 770; baseline -0.007 -14"><span class='ocrx_word' id='word_1_61' title='bbox 83 717 283 770; x_wconf 79' lang='grc' dir='ltr'>ὑπεκρίνετο</span> <span class='ocrx_word' id='word_1_62' title='bbox 297 719 322 768; x_wconf 85' lang='grc'>),</span> <span class='ocrx_word' id='word_1_63' title='bbox 334 715 463 769; x_wconf 78' lang='grc' dir='ltr'>προϊὼν</span> <span class='ocrx_word' id='word_1_64' title='bbox 475 714 510 753; x_wconf 80' lang='grc' dir='ltr'>δὲ</span> <span class='ocrx_word' id='word_1_65' title='bbox 528 714 753 767; x_wconf 83' lang='grc' dir='ltr'>σφοδρότερον</span> <span class='ocrx_word' id='word_1_66' title='bbox 768 713 881 765; x_wconf 83' lang='grc' dir='ltr'>ἤχησε</span> <span class='ocrx_word' id='word_1_67' title='bbox 893 744 903 761; x_wconf 90' lang='grc'>,</span> <span class='ocrx_word' id='word_1_68' title='bbox 921 713 980 750; x_wconf 86' lang='grc' dir='ltr'>καὶ</span> <span class='ocrx_word' id='word_1_69' title='bbox 993 715 1122 765; x_wconf 69' lang='grc' dir='ltr'>ὑφῆκεν</span> 
     </span>
     <span class='ocr_line' id='line_1_10' title="bbox 85 770 1122 827; baseline -0.007 -12"><span class='ocrx_word' id='word_1_70' title='bbox 85 772 199 827; x_wconf 70' lang='grc' dir='ltr'>αὖθις,</span> <span class='ocrx_word' id='word_1_71' title='bbox 215 771 288 814; x_wconf 71' lang='grc' dir='ltr'>εἶτα</span> <span class='ocrx_word' id='word_1_72' title='bbox 309 775 482 826; x_wconf 78' lang='grc' dir='ltr'>ἐπήγαγεν</span> <span class='ocrx_word' id='word_1_73' title='bbox 504 773 673 826; x_wconf 83' lang='grc' dir='ltr'>ἁρμονίαν</span> <span class='ocrx_word' id='word_1_74' title='bbox 694 773 864 819; x_wconf 83' lang='grc' dir='ltr'>σύντονον,</span> <span class='ocrx_word' id='word_1_75' title='bbox 885 770 943 808; x_wconf 85' lang='grc' dir='ltr'>ἐπὶ</span> <span class='ocrx_word' id='word_1_76' title='bbox 960 770 1069 822; x_wconf 88' lang='grc' dir='ltr'>ταύτῃ</span> <span class='ocrx_word' id='word_1_77' title='bbox 1087 770 1122 809; x_wconf 81' lang='grc' dir='ltr'>δὲ</span> 
     </span>
     <span class='ocr_line' id='line_1_11' title="bbox 83 823 1124 884; baseline -0.006 -12"><span class='ocrx_word' id='word_1_78' title='bbox 83 837 188 874; x_wconf 82' lang='grc' dir='ltr'>πάλιν</span> <span class='ocrx_word' id='word_1_79' title='bbox 206 836 252 877; x_wconf 88' lang='grc' dir='ltr'>εἷς</span> <span class='ocrx_word' id='word_1_80' title='bbox 274 834 335 880; x_wconf 86' lang='grc' dir='ltr'>τὴν</span> <span class='ocrx_word' id='word_1_81' title='bbox 353 835 515 884; x_wconf 81' lang='grc' dir='ltr'>γλυκεῖαν</span> <span class='ocrx_word' id='word_1_82' title='bbox 533 831 772 884; x_wconf 84' lang='grc' dir='ltr'>περιήνεγκεν.</span> <span class='ocrx_word' id='word_1_83' title='bbox 789 827 885 882; x_wconf 70' lang='grc' dir='ltr'>εΏρα</span> <span class='ocrx_word' id='word_1_84' title='bbox 903 829 938 867; x_wconf 80' lang='grc' dir='ltr'>δὲ</span> <span class='ocrx_word' id='word_1_85' title='bbox 953 823 994 876; x_wconf 66' lang='grc' dir='ltr'>ἦν</span> <span class='ocrx_word' id='word_1_86' title='bbox 1009 828 1124 881; x_wconf 81' lang='grc' dir='ltr'>θέρους</span> 
     </span>
     <span class='ocr_line' id='line_1_12' title="bbox 83 887 1123 945; baseline -0.008 -13"><span class='ocrx_word' id='word_1_87' title='bbox 83 897 102 932; x_wconf 83' lang='grc' dir='ltr'>ὅ</span> <span class='ocrx_word' id='word_1_88' title='bbox 125 909 156 931; x_wconf 89' lang='grc' dir='ltr'>τι</span> <span class='ocrx_word' id='word_1_89' title='bbox 175 909 241 945; x_wconf 89' lang='grc' dir='ltr'>περ</span> <span class='ocrx_word' id='word_1_90' title='bbox 265 891 511 942; x_wconf 84' lang='grc' dir='ltr'>ἀκμαιότατον,</span> <span class='ocrx_word' id='word_1_91' title='bbox 531 890 589 928; x_wconf 81' lang='grc' dir='ltr'>καὶ</span> <span class='ocrx_word' id='word_1_92' title='bbox 610 890 647 927; x_wconf 78' lang='grc' dir='ltr'>τὸ</span> <span class='ocrx_word' id='word_1_93' title='bbox 665 889 806 941; x_wconf 87' lang='grc' dir='ltr'>θέατρον</span> <span class='ocrx_word' id='word_1_94' title='bbox 830 887 1026 940; x_wconf 85' lang='grc' dir='ltr'>κατείχετο.</span> <span class='ocrx_word' id='word_1_95' title='bbox 1052 887 1123 926; x_wconf 77' lang='grc' dir='ltr'>Καὶ</span> 
     </span>
     <span class='ocr_line' id='line_1_13' title="bbox 83 946 1123 1005; baseline -0.008 -14"><span class='ocrx_word' id='word_1_96' title='bbox 83 957 100 991; x_wconf 86' lang='grc' dir='ltr'><strong>ὁ</strong></span> <span class='ocrx_word' id='word_1_97' title='bbox 114 952 288 1005; x_wconf 82' lang='grc' dir='ltr'>τραγῳδὸς</span> <span class='ocrx_word' id='word_1_98' title='bbox 307 949 625 999; x_wconf 79' lang='grc' dir='ltr'>ἀναπαυσαμένους</span> <span class='ocrx_word' id='word_1_99' title='bbox 637 948 732 995; x_wconf 80' lang='grc' dir='ltr'>ἠξίου</span> <span class='ocrx_word' id='word_1_100' title='bbox 746 953 834 1000; x_wconf 78' lang='grc' dir='ltr'>σφᾶς</span> <span class='ocrx_word' id='word_1_101' title='bbox 849 953 970 998; x_wconf 82' lang='grc' dir='ltr'>φοιτᾶν</span> <span class='ocrx_word' id='word_1_102' title='bbox 990 946 1047 985; x_wconf 79' lang='grc' dir='ltr'>ἐπὶ</span> <span class='ocrx_word' id='word_1_103' title='bbox 1060 946 1123 993; x_wconf 79' lang='grc' dir='ltr'>τὴν</span> 
     </span>
     <span class='ocr_line' id='line_1_14' title="bbox 84 1005 1123 1063; baseline -0.008 -13"><span class='ocrx_word' id='word_1_104' title='bbox 84 1012 250 1063; x_wconf 85' lang='grc' dir='ltr'>ἀκρόασιν</span> <span class='ocrx_word' id='word_1_105' title='bbox 270 1010 348 1062; x_wconf 85' lang='grc' dir='ltr'>περὶ</span> <span class='ocrx_word' id='word_1_106' title='bbox 368 1009 543 1060; x_wconf 76' lang='grc' dir='ltr'>λήγουσαν</span> <span class='ocrx_word' id='word_1_107' title='bbox 566 1007 625 1046; x_wconf 81' lang='grc' dir='ltr'>καὶ</span> <span class='ocrx_word' id='word_1_108' title='bbox 645 1006 895 1060; x_wconf 75' lang='grc' dir='ltr'>ἀποψύχουσαν</span> <span class='ocrx_word' id='word_1_109' title='bbox 914 1005 1050 1056; x_wconf 80' lang='grc' dir='ltr'>ἡμέραν</span> <span class='ocrx_word' id='word_1_110' title='bbox 1063 1020 1071 1029; x_wconf 89' lang='grc'><em>·</em></span> <span class='ocrx_word' id='word_1_111' title='bbox 1092 1007 1123 1043; x_wconf 75' lang='grc' dir='ltr'>οἳ</span> 
     </span>
     <span class='ocr_line' id='line_1_15' title="bbox 84 1063 1125 1122; baseline -0.008 -13"><span class='ocrx_word' id='word_1_112' title='bbox 84 1070 119 1109; x_wconf 79' lang='grc' dir='ltr'>δὲ</span> <span class='ocrx_word' id='word_1_113' title='bbox 147 1070 212 1122; x_wconf 83' lang='grc' dir='ltr'>πρὸ</span> <span class='ocrx_word' id='word_1_114' title='bbox 238 1072 305 1106; x_wconf 79' lang='grc' dir='ltr'>τῶν</span> <span class='ocrx_word' id='word_1_115' title='bbox 326 1069 439 1106; x_wconf 83' lang='grc' dir='ltr'>ποδῶν</span> <span class='ocrx_word' id='word_1_116' title='bbox 459 1067 622 1110; x_wconf 83' lang='grc' dir='ltr'>πεσόντες</span> <span class='ocrx_word' id='word_1_117' title='bbox 650 1065 708 1103; x_wconf 82' lang='grc' dir='ltr'>καὶ</span> <span class='ocrx_word' id='word_1_118' title='bbox 727 1063 985 1114; x_wconf 77' lang='grc' dir='ltr'>κυλινδούμενοι</span> <span class='ocrx_word' id='word_1_119' title='bbox 1009 1063 1125 1106; x_wconf 81' lang='grc' dir='ltr'>πάσας</span> 
     </span>
     <span class='ocr_line' id='line_1_16' title="bbox 85 1121 1125 1180; baseline -0.005 -15"><span class='ocrx_word' id='word_1_120' title='bbox 85 1129 230 1180; x_wconf 82' lang='grc' dir='ltr'>ἀφίεσαν</span> <span class='ocrx_word' id='word_1_121' title='bbox 253 1126 366 1179; x_wconf 82' lang='grc' dir='ltr'>φωνὰς</span> <span class='ocrx_word' id='word_1_122' title='bbox 395 1126 531 1175; x_wconf 83' lang='grc' dir='ltr'>μήποτε</span> <span class='ocrx_word' id='word_1_123' title='bbox 553 1124 675 1167; x_wconf 79' lang='grc' dir='ltr'>αὐτοὺς</span> <span class='ocrx_word' id='word_1_124' title='bbox 700 1125 938 1175; x_wconf 72' lang='grc' dir='ltr'>ἀποστερῆσαι</span> <span class='ocrx_word' id='word_1_125' title='bbox 965 1121 1125 1170; x_wconf 78' lang='grc' dir='ltr'>τοιαύτης</span> 
     </span>
     <span class='ocr_line' id='line_1_17' title="bbox 85 1180 1125 1238; baseline -0.006 -14"><span class='ocrx_word' id='word_1_126' title='bbox 85 1185 339 1238; x_wconf 82' lang='grc' dir='ltr'>μακαριότητος</span> <span class='ocrx_word' id='word_1_127' title='bbox 359 1184 419 1223; x_wconf 76' lang='grc' dir='ltr'>καὶ</span> <span class='ocrx_word' id='word_1_128' title='bbox 441 1185 574 1230; x_wconf 74' lang='grc' dir='ltr'>ἡδονῆς.</span> <span class='ocrx_word' id='word_1_129' title='bbox 601 1183 775 1221; x_wconf 73' lang='grc' dir='ltr'>Ἐνταῦθα</span> <span class='ocrx_word' id='word_1_130' title='bbox 796 1180 1008 1233; x_wconf 75' lang='grc' dir='ltr'>δ’τραγῳδὸς</span> <span class='ocrx_word' id='word_1_131' title='bbox 1028 1180 1125 1234; x_wconf 83' lang='grc' dir='ltr'>ἀφεὶς</span> 
     </span>
     <span class='ocr_line' id='line_1_18' title="bbox 83 1238 1124 1290; baseline -0.006 -7"><span class='ocrx_word' id='word_1_132' title='bbox 83 1243 204 1283; x_wconf 81' lang='grc' dir='ltr'>ἑαυτὸν</span> <span class='ocrx_word' id='word_1_133' title='bbox 225 1243 281 1281; x_wconf 81' lang='grc' dir='ltr'>ἐπὶ</span> <span class='ocrx_word' id='word_1_134' title='bbox 300 1243 362 1288; x_wconf 86' lang='grc' dir='ltr'>τὴν</span> <span class='ocrx_word' id='word_1_135' title='bbox 384 1241 512 1288; x_wconf 79' lang='grc' dir='ltr'>σκηνὴν</span> <span class='ocrx_word' id='word_1_136' title='bbox 534 1241 592 1279; x_wconf 85' lang='grc' dir='ltr'>καὶ</span> <span class='ocrx_word' id='word_1_137' title='bbox 613 1240 652 1278; x_wconf 86' lang='grc' dir='ltr'>τὸ</span> <span class='ocrx_word' id='word_1_138' title='bbox 671 1240 796 1286; x_wconf 84' lang='grc' dir='ltr'>πάθος,</span> <span class='ocrx_word' id='word_1_139' title='bbox 817 1263 868 1271; x_wconf 76' lang='lat'>—-</span> <span class='ocrx_word' id='word_1_140' title='bbox 886 1238 1001 1278; x_wconf 88' lang='grc' dir='ltr'>καίτοι</span> <span class='ocrx_word' id='word_1_141' title='bbox 1021 1255 1059 1290; x_wconf 84' lang='grc' dir='ltr'>γε</span> <span class='ocrx_word' id='word_1_142' title='bbox 1080 1239 1124 1277; x_wconf 84' lang='grc' dir='ltr'>τὰ</span> 
     </span>
     <span class='ocr_line' id='line_1_19' title="bbox 82 1297 1123 1352; baseline -0.006 -11"><span class='ocrx_word' id='word_1_143' title='bbox 82 1304 229 1341; x_wconf 84' lang='grc' dir='ltr'>πλεῖστα</span> <span class='ocrx_word' id='word_1_144' title='bbox 242 1300 432 1352; x_wconf 81' lang='grc' dir='ltr'>περιήρητο</span> <span class='ocrx_word' id='word_1_145' title='bbox 447 1302 508 1345; x_wconf 73' lang='grc' dir='ltr'>τῆς</span> <span class='ocrx_word' id='word_1_146' title='bbox 522 1298 715 1350; x_wconf 81' lang='grc' dir='ltr'>τραγῳδίας</span> <span class='ocrx_word' id='word_1_147' title='bbox 731 1297 816 1348; x_wconf 81' lang='grc' dir='ltr'>πρὸς</span> <span class='ocrx_word' id='word_1_148' title='bbox 829 1297 1028 1350; x_wconf 84' lang='grc' dir='ltr'>ἀνθρώπους</span> <span class='ocrx_word' id='word_1_149' title='bbox 1046 1297 1123 1342; x_wconf 84' lang='grc' dir='ltr'>ἀξυ·</span> 
     </span>
     <span class='ocr_line' id='line_1_20' title="bbox 82 1355 1122 1410; baseline -0.005 -12"><span class='ocrx_word' id='word_1_150' title='bbox 82 1360 208 1407; x_wconf 87' lang='grc' dir='ltr'>νέτους,</span> <span class='ocrx_word' id='word_1_151' title='bbox 224 1360 323 1410; x_wconf 86' lang='grc' dir='ltr'>ὄγκος</span> <span class='ocrx_word' id='word_1_152' title='bbox 339 1374 375 1396; x_wconf 81' lang='grc' dir='ltr'>τε</span> <span class='ocrx_word' id='word_1_153' title='bbox 387 1358 445 1396; x_wconf 79' lang='grc' dir='ltr'>καὶ</span> <span class='ocrx_word' id='word_1_154' title='bbox 464 1357 615 1410; x_wconf 83' lang='grc' dir='ltr'>βαρύτης</span> <span class='ocrx_word' id='word_1_155' title='bbox 631 1355 770 1402; x_wconf 81' lang='grc' dir='ltr'>λέξεων,</span> <span class='ocrx_word' id='word_1_156' title='bbox 791 1356 850 1394; x_wconf 87' lang='grc' dir='ltr'>καὶ</span> <span class='ocrx_word' id='word_1_157' title='bbox 867 1356 906 1394; x_wconf 84' lang='grc' dir='ltr'>τὸ</span> <span class='ocrx_word' id='word_1_158' title='bbox 920 1356 999 1409; x_wconf 75' lang='grc' dir='ltr'>περὶ</span> <span class='ocrx_word' id='word_1_159' title='bbox 1012 1359 1122 1394; x_wconf 79' lang='grc' dir='ltr'>ταῦτα</span> 
     </span>
     <span class='ocr_line' id='line_1_21' title="bbox 82 1414 1124 1472; baseline -0.005 -16"><span class='ocrx_word' id='word_1_160' title='bbox 82 1414 186 1465; x_wconf 67' lang='grc' dir='ltr'>εἶδος,</span> <span class='ocrx_word' id='word_1_161' title='bbox 210 1418 269 1455; x_wconf 83' lang='grc' dir='ltr'>καὶ</span> <span class='ocrx_word' id='word_1_162' title='bbox 294 1420 316 1463; x_wconf 83' lang='grc' dir='ltr'>ἡ</span> <span class='ocrx_word' id='word_1_163' title='bbox 335 1420 393 1455; x_wconf 78' lang='grc' dir='ltr'>τοῦ</span> <span class='ocrx_word' id='word_1_164' title='bbox 415 1415 540 1468; x_wconf 86' lang='grc' dir='ltr'>μέτρου</span> <span class='ocrx_word' id='word_1_165' title='bbox 561 1414 680 1472; x_wconf 83' lang='grc' dir='ltr'>χάρις,</span> <span class='ocrx_word' id='word_1_166' title='bbox 697 1414 736 1453; x_wconf 89' lang='grc' dir='ltr'>τό</span> <span class='ocrx_word' id='word_1_167' title='bbox 764 1430 802 1453; x_wconf 86' lang='grc' dir='ltr'>τε.</span> <span class='ocrx_word' id='word_1_168' title='bbox 821 1417 888 1452; x_wconf 80' lang='grc' dir='ltr'>τῶν</span> <span class='ocrx_word' id='word_1_169' title='bbox 909 1417 1000 1462; x_wconf 82' lang='grc' dir='ltr'>ἠθῶν</span> <span class='ocrx_word' id='word_1_170' title='bbox 1022 1416 1124 1466; x_wconf 84' lang='grc' dir='ltr'>ἐναρ-</span> 
     </span>
     <span class='ocr_line' id='line_1_22' title="bbox 81 1473 1119 1529; baseline -0.006 -14"><span class='ocrx_word' id='word_1_171' title='bbox 81 1478 155 1529; x_wconf 83' lang='grc' dir='ltr'>γὲς,</span> <span class='ocrx_word' id='word_1_172' title='bbox 177 1475 337 1521; x_wconf 82' lang='grc' dir='ltr'>ὀξύτατόν</span> <span class='ocrx_word' id='word_1_173' title='bbox 358 1490 395 1513; x_wconf 89' lang='grc' dir='ltr'>τε</span> <span class='ocrx_word' id='word_1_174' title='bbox 415 1474 474 1513; x_wconf 80' lang='grc' dir='ltr'>καὶ</span> <span class='ocrx_word' id='word_1_175' title='bbox 497 1473 754 1526; x_wconf 80' lang='grc' dir='ltr'>ἐπιφορώτατον</span> <span class='ocrx_word' id='word_1_176' title='bbox 776 1474 822 1517; x_wconf 83' lang='grc' dir='ltr'>εἷς</span> <span class='ocrx_word' id='word_1_177' title='bbox 844 1474 951 1519; x_wconf 70' lang='grc' dir='ltr'>ἀκοῆς</span> <span class='ocrx_word' id='word_1_178' title='bbox 970 1473 1119 1520; x_wconf 88' lang='grc' dir='ltr'>κίνησιν,</span> 
     </span>
     <span class='ocr_line' id='line_1_23' title="bbox 82 1530 1124 1587; baseline -0.006 -13"><span class='ocrx_word' id='word_1_179' title='bbox 82 1536 141 1574; x_wconf 80' lang='grc' dir='ltr'>καὶ</span> <span class='ocrx_word' id='word_1_180' title='bbox 173 1535 257 1587; x_wconf 83' lang='grc' dir='ltr'>πρὸς</span> <span class='ocrx_word' id='word_1_181' title='bbox 288 1533 418 1576; x_wconf 83' lang='grc' dir='ltr'>τούτοις</span> <span class='ocrx_word' id='word_1_182' title='bbox 450 1532 489 1571; x_wconf 84' lang='grc' dir='ltr'>τὸ</span> <span class='ocrx_word' id='word_1_183' title='bbox 517 1531 746 1583; x_wconf 84' lang='grc' dir='ltr'>γινώσκεσθαι</span> <span class='ocrx_word' id='word_1_184' title='bbox 777 1530 839 1577; x_wconf 85' lang='grc' dir='ltr'>τὴν</span> <span class='ocrx_word' id='word_1_185' title='bbox 867 1532 1040 1578; x_wconf 76' lang='grc' dir='ltr'>ὑπόθεσιν,</span> <span class='ocrx_word' id='word_1_186' title='bbox 1072 1554 1124 1560; x_wconf 89' lang='lat'><strong>—</strong></span> 
     </span>
     <span class='ocr_line' id='line_1_24' title="bbox 83 1590 1123 1643; baseline -0.004 -11"><span class='ocrx_word' id='word_1_187' title='bbox 83 1595 158 1633; x_wconf 84' lang='grc' dir='ltr'>ἀλλ’</span> <span class='ocrx_word' id='word_1_188' title='bbox 175 1592 268 1643; x_wconf 74' lang='grc' dir='ltr'>ὅμως</span> <span class='ocrx_word' id='word_1_189' title='bbox 283 1594 411 1631; x_wconf 83' lang='grc' dir='ltr'>τούτων</span> <span class='ocrx_word' id='word_1_190' title='bbox 428 1591 591 1631; x_wconf 79' lang='grc' dir='ltr'>ἁπάντων</span> <span class='ocrx_word' id='word_1_191' title='bbox 605 1590 868 1642; x_wconf 83' lang='grc' dir='ltr'>γεγυμνωμένος</span> <span class='ocrx_word' id='word_1_192' title='bbox 882 1593 914 1634; x_wconf 84' lang='grc' dir='ltr'>ἐς</span> <span class='ocrx_word' id='word_1_193' title='bbox 928 1591 1065 1629; x_wconf 80' lang='grc' dir='ltr'>τοσόνδε</span> <span class='ocrx_word' id='word_1_194' title='bbox 1079 1593 1123 1642; x_wconf 76' lang='grc' dir='ltr'>τῇ</span> 
     </span>
     <span class='ocr_line' id='line_1_25' title="bbox 82 1646 1123 1704; baseline -0.004 -14"><span class='ocrx_word' id='word_1_195' title='bbox 82 1668 118 1690; x_wconf 85' lang='grc' dir='ltr'>τε</span> <span class='ocrx_word' id='word_1_196' title='bbox 139 1651 289 1704; x_wconf 74' lang='grc' dir='ltr'>εὐφωνίᾳ</span> <span class='ocrx_word' id='word_1_197' title='bbox 305 1650 364 1688; x_wconf 84' lang='grc' dir='ltr'>καὶ</span> <span class='ocrx_word' id='word_1_198' title='bbox 388 1653 437 1703; x_wconf 78' lang='grc' dir='ltr'>τῷ</span> <span class='ocrx_word' id='word_1_199' title='bbox 458 1649 554 1700; x_wconf 85' lang='grc' dir='ltr'>μέλει</span> <span class='ocrx_word' id='word_1_200' title='bbox 576 1649 668 1701; x_wconf 83' lang='grc' dir='ltr'>μόνῳ</span> <span class='ocrx_word' id='word_1_201' title='bbox 689 1646 962 1699; x_wconf 80' lang='grc' dir='ltr'>κατεκράτησεν,</span> <span class='ocrx_word' id='word_1_202' title='bbox 980 1647 1072 1686; x_wconf 80' lang='grc' dir='ltr'>ὥστε</span> <span class='ocrx_word' id='word_1_203' title='bbox 1092 1650 1123 1686; x_wconf 74' lang='grc' dir='ltr'>οἳ</span> 
     </span>
     <span class='ocr_line' id='line_1_26' title="bbox 84 1705 1124 1761; baseline -0.005 -13"><span class='ocrx_word' id='word_1_204' title='bbox 84 1709 146 1760; x_wconf 79' lang='grc' dir='ltr'>μὲν</span> <span class='ocrx_word' id='word_1_205' title='bbox 165 1709 359 1761; x_wconf 82' lang='grc' dir='ltr'>ἀνεχώρουν</span> <span class='ocrx_word' id='word_1_206' title='bbox 378 1711 646 1760; x_wconf 79' lang='grc' dir='ltr'>προσκυνοῦντες</span> <span class='ocrx_word' id='word_1_207' title='bbox 663 1710 708 1751; x_wconf 84' lang='grc' dir='ltr'>ὡς</span> <span class='ocrx_word' id='word_1_208' title='bbox 721 1706 811 1756; x_wconf 86' lang='grc' dir='ltr'>θεὸν,</span> <span class='ocrx_word' id='word_1_209' title='bbox 829 1707 889 1745; x_wconf 80' lang='grc' dir='ltr'>καὶ</span> <span class='ocrx_word' id='word_1_210' title='bbox 909 1706 952 1744; x_wconf 82' lang='grc' dir='ltr'>τὰ</span> <span class='ocrx_word' id='word_1_211' title='bbox 968 1705 1124 1758; x_wconf 78' lang='grc' dir='ltr'>ἐξαίρετα</span> 
     </span>
     <span class='ocr_line' id='line_1_27' title="bbox 81 1765 1121 1820; baseline -0.004 -13"><span class='ocrx_word' id='word_1_212' title='bbox 81 1771 150 1807; x_wconf 79' lang='grc' dir='ltr'>τῶν</span> <span class='ocrx_word' id='word_1_213' title='bbox 167 1768 263 1820; x_wconf 84' lang='grc' dir='ltr'>παρά</span> <span class='ocrx_word' id='word_1_214' title='bbox 279 1783 393 1820; x_wconf 84' lang='grc' dir='ltr'>σφισιν</span> <span class='ocrx_word' id='word_1_215' title='bbox 406 1767 519 1810; x_wconf 77' lang='grc' dir='ltr'>αὐτοῖς</span> <span class='ocrx_word' id='word_1_216' title='bbox 533 1767 626 1819; x_wconf 81' lang='grc' dir='ltr'>δῶρα</span> <span class='ocrx_word' id='word_1_217' title='bbox 644 1765 815 1814; x_wconf 80' lang='grc' dir='ltr'>ἐκόμιζον,</span> <span class='ocrx_word' id='word_1_218' title='bbox 829 1765 888 1803; x_wconf 76' lang='grc' dir='ltr'>καὶ</span> <span class='ocrx_word' id='word_1_219' title='bbox 903 1765 962 1804; x_wconf 83' lang='grc' dir='ltr'>τὸν</span> <span class='ocrx_word' id='word_1_220' title='bbox 973 1768 1121 1803; x_wconf 75' lang='grc' dir='ltr'>πλοῦτον</span> 
     </span>
     <span class='ocr_line' id='line_1_28' title="bbox 81 1824 1123 1880; baseline -0.004 -14"><span class='ocrx_word' id='word_1_221' title='bbox 81 1831 99 1866; x_wconf 83' lang='grc' dir='ltr'><strong><em>ὃ</em></strong></span> <span class='ocrx_word' id='word_1_222' title='bbox 117 1826 291 1880; x_wconf 80' lang='grc' dir='ltr'>τραγῳδὸς</span> <span class='ocrx_word' id='word_1_223' title='bbox 309 1826 513 1879; x_wconf 68' lang='grc' dir='ltr'>ἐὸαρύνετο.</span> <span class='ocrx_word' id='word_1_224' title='bbox 538 1825 640 1865; x_wconf 79' lang='grc' dir='ltr'>Μετὰ</span> <span class='ocrx_word' id='word_1_225' title='bbox 662 1825 698 1863; x_wconf 81' lang='grc' dir='ltr'>δὲ</span> <span class='ocrx_word' id='word_1_226' title='bbox 717 1825 780 1872; x_wconf 78' lang='grc' dir='ltr'>τὴν</span> <span class='ocrx_word' id='word_1_227' title='bbox 800 1824 952 1875; x_wconf 72' lang='grc' dir='ltr'>ἑὸδόμην</span> <span class='ocrx_word' id='word_1_228' title='bbox 969 1827 1029 1871; x_wconf 72' lang='grc' dir='ltr'>τῆς</span> <span class='ocrx_word' id='word_1_229' title='bbox 1046 1826 1123 1862; x_wconf 80' lang='grc' dir='ltr'>ἐπι-</span> 
     </span>
     <span class='ocr_line' id='line_1_29' title="bbox 83 1882 1125 1937; baseline -0.003 -13"><span class='ocrx_word' id='word_1_230' title='bbox 83 1886 217 1931; x_wconf 82' lang='grc' dir='ltr'>δείξεως</span> <span class='ocrx_word' id='word_1_231' title='bbox 233 1885 367 1937; x_wconf 80' lang='grc' dir='ltr'>ἡμέραν</span> <span class='ocrx_word' id='word_1_232' title='bbox 388 1885 525 1934; x_wconf 90' lang='grc' dir='ltr'>νόσημα</span> <span class='ocrx_word' id='word_1_233' title='bbox 542 1884 760 1937; x_wconf 74' lang='grc' dir='ltr'>κατέσκηψεν</span> <span class='ocrx_word' id='word_1_234' title='bbox 783 1885 830 1927; x_wconf 89' lang='grc' dir='ltr'>εἷς</span> <span class='ocrx_word' id='word_1_235' title='bbox 848 1883 911 1931; x_wconf 83' lang='grc' dir='ltr'>τὴν</span> <span class='ocrx_word' id='word_1_236' title='bbox 930 1883 1046 1933; x_wconf 88' lang='grc' dir='ltr'>πόλιν,</span> <span class='ocrx_word' id='word_1_237' title='bbox 1064 1882 1125 1921; x_wconf 78' lang='grc' dir='ltr'>καὶ</span> 
     </span>
     <span class='ocr_line' id='line_1_30' title="bbox 83 1941 1125 1996; baseline -0.003 -13"><span class='ocrx_word' id='word_1_238' title='bbox 83 1945 209 1988; x_wconf 85' lang='grc' dir='ltr'>πάντες</span> <span class='ocrx_word' id='word_1_239' title='bbox 226 1946 263 1982; x_wconf 83' lang='grc' dir='ltr'>οὖ</span> <span class='ocrx_word' id='word_1_240' title='bbox 278 1943 338 1988; x_wconf 80' lang='grc' dir='ltr'>τὰς</span> <span class='ocrx_word' id='word_1_241' title='bbox 353 1943 460 1988; x_wconf 84' lang='grc' dir='ltr'>λέξεις</span> <span class='ocrx_word' id='word_1_242' title='bbox 473 1945 608 1996; x_wconf 80' lang='grc' dir='ltr'>σαφῶς,</span> <span class='ocrx_word' id='word_1_243' title='bbox 624 1943 715 1981; x_wconf 78' lang='grc' dir='ltr'>ἀλλὰ</span> <span class='ocrx_word' id='word_1_244' title='bbox 727 1943 766 1981; x_wconf 85' lang='grc' dir='ltr'>τὸ</span> <span class='ocrx_word' id='word_1_245' title='bbox 784 1942 887 1993; x_wconf 84' lang='grc' dir='ltr'>μέλος</span> <span class='ocrx_word' id='word_1_246' title='bbox 898 1973 907 1988; x_wconf 87' lang='grc'>,</span> <span class='ocrx_word' id='word_1_247' title='bbox 921 1944 967 1986; x_wconf 83' lang='grc' dir='ltr'>ὡς</span> <span class='ocrx_word' id='word_1_248' title='bbox 981 1941 1125 1986; x_wconf 81' lang='grc' dir='ltr'>ἕκαστος</span> 
     </span>
     <span class='ocr_line' id='line_1_31' title="bbox 83 1997 1126 2056; baseline -0.004 -15"><span class='ocrx_word' id='word_1_249' title='bbox 83 1997 156 2055; x_wconf 65' lang='grc' dir='ltr'>εἶχε</span> <span class='ocrx_word' id='word_1_250' title='bbox 185 2002 363 2053; x_wconf 84' lang='grc' dir='ltr'>δυνάμεως</span> <span class='ocrx_word' id='word_1_251' title='bbox 379 2003 437 2040; x_wconf 80' lang='grc' dir='ltr'>καὶ</span> <span class='ocrx_word' id='word_1_252' title='bbox 459 2002 616 2056; x_wconf 80' lang='grc' dir='ltr'>φύσεως,</span> <span class='ocrx_word' id='word_1_253' title='bbox 639 2001 848 2049; x_wconf 73' lang='grc' dir='ltr'>ἐκὸοῶντες,</span> <span class='ocrx_word' id='word_1_254' title='bbox 870 2000 931 2039; x_wconf 80' lang='grc' dir='ltr'>καὶ</span> <span class='ocrx_word' id='word_1_255' title='bbox 950 2000 1126 2052; x_wconf 86' lang='grc' dir='ltr'>διαρροίας</span> 
     </span>
     <span class='ocr_line' id='line_1_32' title="bbox 84 2060 1125 2114; baseline -0.004 -14"><span class='ocrx_word' id='word_1_256' title='bbox 84 2064 253 2114; x_wconf 81' lang='grc' dir='ltr'>ἀκρατοῦς</span> <span class='ocrx_word' id='word_1_257' title='bbox 281 2061 355 2111; x_wconf 80' lang='grc' dir='ltr'>ἅμα</span> <span class='ocrx_word' id='word_1_258' title='bbox 375 2060 628 2108; x_wconf 81' lang='grc' dir='ltr'>ἐπιπεσούσης,</span> <span class='ocrx_word' id='word_1_259' title='bbox 649 2061 683 2098; x_wconf 86' lang='grc' dir='ltr'>ἐν</span> <span class='ocrx_word' id='word_1_260' title='bbox 704 2065 773 2103; x_wconf 81' lang='grc' dir='ltr'>τοῖς</span> <span class='ocrx_word' id='word_1_261' title='bbox 795 2065 984 2103; x_wconf 85' lang='grc' dir='ltr'>στενωποῖς</span> <span class='ocrx_word' id='word_1_262' title='bbox 1012 2074 1125 2111; x_wconf 84' lang='grc' dir='ltr'>παρε-</span> 
     </span>
     <span class='ocr_line' id='line_1_33' title="bbox 83 2117 1126 2171; baseline -0.004 -13"><span class='ocrx_word' id='word_1_263' title='bbox 83 2120 194 2165; x_wconf 87' lang='grc' dir='ltr'>θέντες</span> <span class='ocrx_word' id='word_1_264' title='bbox 219 2119 368 2166; x_wconf 85' lang='grc' dir='ltr'>ἔκειντο,</span> <span class='ocrx_word' id='word_1_265' title='bbox 392 2122 507 2163; x_wconf 77' lang='grc' dir='ltr'>κακῶς</span> <span class='ocrx_word' id='word_1_266' title='bbox 531 2119 597 2156; x_wconf 75' lang='grc' dir='ltr'>ὑπὸ</span> <span class='ocrx_word' id='word_1_267' title='bbox 616 2121 677 2166; x_wconf 72' lang='grc' dir='ltr'>τῆς</span> <span class='ocrx_word' id='word_1_268' title='bbox 697 2118 924 2171; x_wconf 83' lang='grc' dir='ltr'>Ἀνδρομέδας</span> <span class='ocrx_word' id='word_1_269' title='bbox 942 2117 1126 2170; x_wconf 69' lang='grc' dir='ltr'>ἐπιτριὸό-</span> 
     </span>
     <span class='ocr_line' id='line_1_34' title="bbox 83 2176 1123 2231; baseline -0.004 -14"><span class='ocrx_word' id='word_1_270' title='bbox 83 2195 177 2229; x_wconf 89' lang='grc' dir='ltr'>μενοι</span> <span class='ocrx_word' id='word_1_271' title='bbox 220 2179 280 2217; x_wconf 79' lang='grc' dir='ltr'>καὶ</span> <span class='ocrx_word' id='word_1_272' title='bbox 301 2178 462 2231; x_wconf 80' lang='grc' dir='ltr'>ἐχηρώθη</span> <span class='ocrx_word' id='word_1_273' title='bbox 483 2194 519 2216; x_wconf 91' lang='grc' dir='ltr'>τε</span> <span class='ocrx_word' id='word_1_274' title='bbox 538 2179 670 2230; x_wconf 77' lang='grc' dir='ltr'>ἀνδρῶν</span> <span class='ocrx_word' id='word_1_275' title='bbox 687 2178 748 2216; x_wconf 77' lang='grc' dir='ltr'>καὶ</span> <span class='ocrx_word' id='word_1_276' title='bbox 765 2180 940 2230; x_wconf 76' lang='grc' dir='ltr'>γυναικῶν</span> <span class='ocrx_word' id='word_1_277' title='bbox 960 2179 982 2221; x_wconf 85' lang='grc' dir='ltr'>ἡ</span> <span class='ocrx_word' id='word_1_278' title='bbox 1003 2176 1123 2224; x_wconf 89' lang='grc' dir='ltr'>πόλις,</span> 
     </span>
     <span class='ocr_line' id='line_1_35' title="bbox 82 2234 1124 2289; baseline -0.004 -13"><span class='ocrx_word' id='word_1_279' title='bbox 82 2237 170 2277; x_wconf 74' lang='grc' dir='ltr'>ὥστε</span> <span class='ocrx_word' id='word_1_280' title='bbox 186 2239 224 2276; x_wconf 85' lang='grc' dir='ltr'>ἐκ</span> <span class='ocrx_word' id='word_1_281' title='bbox 238 2240 305 2276; x_wconf 79' lang='grc' dir='ltr'>τῶν</span> <span class='ocrx_word' id='word_1_282' title='bbox 322 2238 516 2289; x_wconf 86' lang='grc' dir='ltr'>προσοίκων</span> <span class='ocrx_word' id='word_1_283' title='bbox 535 2239 785 2284; x_wconf 79' lang='grc' dir='ltr'>ἐποικισθῆναι.</span> <span class='ocrx_word' id='word_1_284' title='bbox 805 2237 898 2276; x_wconf 83' lang='grc' dir='ltr'>Ἀλλ’</span> <span class='ocrx_word' id='word_1_285' title='bbox 915 2235 969 2274; x_wconf 85' lang='grc' dir='ltr'>ἐπ’</span> <span class='ocrx_word' id='word_1_286' title='bbox 985 2234 1124 2273; x_wconf 82' lang='grc' dir='ltr'>ἐκείνων</span> 
     </span>
     <span class='ocr_line' id='line_1_36' title="bbox 83 2291 1122 2348; baseline -0.002 -14"><span class='ocrx_word' id='word_1_287' title='bbox 83 2297 146 2347; x_wconf 85' lang='grc' dir='ltr'>μὲν</span> <span class='ocrx_word' id='word_1_288' title='bbox 166 2296 336 2348; x_wconf 80' lang='grc' dir='ltr'>εὐφωνίαν</span> <span class='ocrx_word' id='word_1_289' title='bbox 355 2312 392 2334; x_wconf 86' lang='grc' dir='ltr'>τε</span> <span class='ocrx_word' id='word_1_290' title='bbox 420 2291 463 2343; x_wconf 69' lang='grc' dir='ltr'>ἦν</span> <span class='ocrx_word' id='word_1_291' title='bbox 488 2296 712 2334; x_wconf 77' lang='grc' dir='ltr'>αἰτιάσασθαι</span> <span class='ocrx_word' id='word_1_292' title='bbox 733 2295 792 2333; x_wconf 83' lang='grc' dir='ltr'>καὶ</span> <span class='ocrx_word' id='word_1_293' title='bbox 823 2295 921 2348; x_wconf 85' lang='grc' dir='ltr'>ἀέρος</span> <span class='ocrx_word' id='word_1_294' title='bbox 941 2294 1122 2347; x_wconf 69' lang='grc' dir='ltr'>ὑπερὸάλ-</span> 
     </span>
     <span class='ocr_line' id='line_1_37' title="bbox 82 2351 1121 2409; baseline -0.003 -16"><span class='ocrx_word' id='word_1_295' title='bbox 82 2358 210 2394; x_wconf 82' lang='grc' dir='ltr'>λουσαν</span> <span class='ocrx_word' id='word_1_296' title='bbox 236 2354 451 2407; x_wconf 82' lang='grc' dir='ltr'>θερμότητα,</span> <span class='ocrx_word' id='word_1_297' title='bbox 476 2354 499 2402; x_wconf 78' lang='grc' dir='ltr'>ἢ</span> <span class='ocrx_word' id='word_1_298' title='bbox 523 2355 561 2393; x_wconf 85' lang='grc' dir='ltr'>τὸ</span> <span class='ocrx_word' id='word_1_299' title='bbox 583 2354 686 2405; x_wconf 86' lang='grc' dir='ltr'>μέλος</span> <span class='ocrx_word' id='word_1_300' title='bbox 711 2354 767 2392; x_wconf 83' lang='grc' dir='ltr'>διὰ</span> <span class='ocrx_word' id='word_1_301' title='bbox 787 2358 863 2409; x_wconf 37' lang='grc' dir='ltr'>τῆς.</span> <span class='ocrx_word' id='word_1_302' title='bbox 877 2357 982 2401; x_wconf 78' lang='grc' dir='ltr'>ἀκοῆς</span> <span class='ocrx_word' id='word_1_303' title='bbox 999 2353 1058 2392; x_wconf 83' lang='grc' dir='ltr'>ἐπὶ</span> <span class='ocrx_word' id='word_1_304' title='bbox 1076 2351 1121 2391; x_wconf 83' lang='grc' dir='ltr'>τὰ</span> 
     </span>
    </p>
   </div>
   <div class='ocr_carea' id='block_1_3' title="bbox 1183 306 2233 1293">
    <p class='ocr_par' dir='ltr' id='par_1_3' title="bbox 1183 306 2226 710">
     <span class='ocr_line' id='line_1_38' title="bbox 1183 306 2221 359; baseline 0.007 -16"><span class='ocrx_word' id='word_1_305' title='bbox 1183 306 1285 359; x_wconf 85' lang='grc' dir='ltr'>κύρια</span> <span class='ocrx_word' id='word_1_306' title='bbox 1311 309 1379 344; x_wconf 80' lang='grc' dir='ltr'>τῶν</span> <span class='ocrx_word' id='word_1_307' title='bbox 1402 308 1559 358; x_wconf 77' lang='grc' dir='ltr'>ψυχικῶν</span> <span class='ocrx_word' id='word_1_308' title='bbox 1584 306 1739 358; x_wconf 77' lang='grc' dir='ltr'>ὀργάνων</span> <span class='ocrx_word' id='word_1_309' title='bbox 1763 307 1922 355; x_wconf 83' lang='grc' dir='ltr'>συνέτηξε</span> <span class='ocrx_word' id='word_1_310' title='bbox 1940 308 1999 347; x_wconf 78' lang='grc' dir='ltr'>καὶ</span> <span class='ocrx_word' id='word_1_311' title='bbox 2022 308 2221 350; x_wconf 81' lang='grc' dir='ltr'>διέκαυσεν·</span> 
     </span>
     <span class='ocr_line' id='line_1_39' title="bbox 1184 363 2222 418; baseline 0.006 -16"><span class='ocrx_word' id='word_1_312' title='bbox 1184 365 1240 402; x_wconf 81' lang='grc' dir='ltr'>ἐπὶ</span> <span class='ocrx_word' id='word_1_313' title='bbox 1270 363 1305 403; x_wconf 83' lang='grc' dir='ltr'>δὲ</span> <span class='ocrx_word' id='word_1_314' title='bbox 1329 367 1397 402; x_wconf 79' lang='grc' dir='ltr'>τῶν</span> <span class='ocrx_word' id='word_1_315' title='bbox 1422 366 1501 402; x_wconf 90' lang='grc' dir='ltr'>καθ’</span> <span class='ocrx_word' id='word_1_316' title='bbox 1525 366 1620 414; x_wconf 81' lang='grc' dir='ltr'>ἡμᾶς</span> <span class='ocrx_word' id='word_1_317' title='bbox 1649 364 1838 417; x_wconf 84' lang='grc' dir='ltr'>ἀνθρώπων</span> <span class='ocrx_word' id='word_1_318' title='bbox 1871 368 1907 405; x_wconf 83' lang='grc' dir='ltr'>αἱ</span> <span class='ocrx_word' id='word_1_319' title='bbox 1938 366 2000 418; x_wconf 83' lang='grc' dir='ltr'>μὲν</span> <span class='ocrx_word' id='word_1_320' title='bbox 2030 368 2138 407; x_wconf 79' lang='grc' dir='ltr'>αἰτίαι</span> <span class='ocrx_word' id='word_1_321' title='bbox 2162 373 2222 408; x_wconf 74' lang='grc' dir='ltr'>τοῦ</span> 
     </span>
     <span class='ocr_line' id='line_1_40' title="bbox 1183 421 2224 477; baseline 0.006 -17"><span class='ocrx_word' id='word_1_322' title='bbox 1183 423 1312 466; x_wconf 86' lang='grc' dir='ltr'>πάθους</span> <span class='ocrx_word' id='word_1_323' title='bbox 1331 422 1537 475; x_wconf 76' lang='grc' dir='ltr'>έύθεώρητοι</span> <span class='ocrx_word' id='word_1_324' title='bbox 1562 423 1665 474; x_wconf 80' lang='grc' dir='ltr'>(περὶ</span> <span class='ocrx_word' id='word_1_325' title='bbox 1689 423 1733 461; x_wconf 82' lang='grc' dir='ltr'>τὰ</span> <span class='ocrx_word' id='word_1_326' title='bbox 1748 423 1867 475; x_wconf 86' lang='grc' dir='ltr'>ἔντερα</span> <span class='ocrx_word' id='word_1_327' title='bbox 1889 425 1956 477; x_wconf 80' lang='grc' dir='ltr'>γὰρ</span> <span class='ocrx_word' id='word_1_328' title='bbox 1976 421 2065 474; x_wconf 71' lang='grc' dir='ltr'>ἦσαν</span> <span class='ocrx_word' id='word_1_329' title='bbox 2086 427 2224 467; x_wconf 82' lang='grc' dir='ltr'>ἅπασαι</span> 
     </span>
     <span class='ocr_line' id='line_1_41' title="bbox 1183 480 2222 534; baseline 0.006 -15"><span class='ocrx_word' id='word_1_330' title='bbox 1183 481 1243 520; x_wconf 85' lang='grc' dir='ltr'>καὶ</span> <span class='ocrx_word' id='word_1_331' title='bbox 1261 481 1327 519; x_wconf 80' lang='grc' dir='ltr'>ὑπὸ</span> <span class='ocrx_word' id='word_1_332' title='bbox 1349 482 1552 534; x_wconf 81' lang='grc' dir='ltr'>γαστέρα),</span> <span class='ocrx_word' id='word_1_333' title='bbox 1581 481 1620 519; x_wconf 83' lang='grc' dir='ltr'>τὸ</span> <span class='ocrx_word' id='word_1_334' title='bbox 1641 480 1676 520; x_wconf 81' lang='grc' dir='ltr'>δὲ</span> <span class='ocrx_word' id='word_1_335' title='bbox 1703 483 1764 520; x_wconf 89' lang='grc' dir='ltr'>καί</span> <span class='ocrx_word' id='word_1_336' title='bbox 1782 498 1877 527; x_wconf 87' lang='grc' dir='ltr'>τινας</span> <span class='ocrx_word' id='word_1_337' title='bbox 1898 486 1966 522; x_wconf 87' lang='grc' dir='ltr'>τῶν</span> <span class='ocrx_word' id='word_1_338' title='bbox 1987 486 2049 523; x_wconf 83' lang='grc' dir='ltr'>οὐκ</span> <span class='ocrx_word' id='word_1_339' title='bbox 2066 486 2222 533; x_wconf 78' lang='grc' dir='ltr'>ἀνοήτων</span> 
     </span>
     <span class='ocr_line' id='line_1_42' title="bbox 1184 538 2226 594; baseline 0.006 -18"><span class='ocrx_word' id='word_1_340' title='bbox 1184 538 1267 591; x_wconf 83' lang='grc' dir='ltr'>πρὸς</span> <span class='ocrx_word' id='word_1_341' title='bbox 1289 543 1390 577; x_wconf 78' lang='grc' dir='ltr'>τοῦτο</span> <span class='ocrx_word' id='word_1_342' title='bbox 1410 538 1643 585; x_wconf 85' lang='grc' dir='ltr'>ὠλισθηκέναι</span> <span class='ocrx_word' id='word_1_343' title='bbox 1670 540 1732 578; x_wconf 79' lang='grc' dir='ltr'>οὐκ</span> <span class='ocrx_word' id='word_1_344' title='bbox 1757 542 1805 584; x_wconf 88' lang='grc' dir='ltr'>εἷς</span> <span class='ocrx_word' id='word_1_345' title='bbox 1832 541 1978 594; x_wconf 86' lang='grc' dir='ltr'>φυσικὴν</span> <span class='ocrx_word' id='word_1_346' title='bbox 2007 541 2047 580; x_wconf 80' lang='grc' dir='ltr'>ἄν</span> <span class='ocrx_word' id='word_1_347' title='bbox 2068 559 2119 587; x_wconf 90' lang='grc' dir='ltr'>τις</span> <span class='ocrx_word' id='word_1_348' title='bbox 2135 543 2226 582; x_wconf 83' lang='grc' dir='ltr'>εἰκό-</span> 
     </span>
     <span class='ocr_line' id='line_1_43' title="bbox 1185 591 2226 651; baseline 0.006 -16"><span class='ocrx_word' id='word_1_349' title='bbox 1185 614 1269 647; x_wconf 88' lang='grc' dir='ltr'>τως,</span> <span class='ocrx_word' id='word_1_350' title='bbox 1290 599 1371 635; x_wconf 87' lang='grc' dir='ltr'>ἀλλ’</span> <span class='ocrx_word' id='word_1_351' title='bbox 1387 599 1433 642; x_wconf 90' lang='grc' dir='ltr'>εἷς</span> <span class='ocrx_word' id='word_1_352' title='bbox 1449 591 1816 650; x_wconf 69' lang='grc' dir='ltr'>θειοτέρανάνενέγκοι</span> <span class='ocrx_word' id='word_1_353' title='bbox 1831 599 1982 651; x_wconf 88' lang='grc' dir='ltr'>κίνησιν,</span> <span class='ocrx_word' id='word_1_354' title='bbox 2003 603 2226 650; x_wconf 83' lang='grc' dir='ltr'>ποινηλατεῖ·</span> 
     </span>
     <span class='ocr_line' id='line_1_44' title="bbox 1186 651 2129 710; baseline 0.005 -17"><span class='ocrx_word' id='word_1_355' title='bbox 1186 659 1264 694; x_wconf 89' lang='grc' dir='ltr'>σθαι</span> <span class='ocrx_word' id='word_1_356' title='bbox 1283 658 1400 710; x_wconf 82' lang='grc' dir='ltr'>σαφῶς</span> <span class='ocrx_word' id='word_1_357' title='bbox 1420 656 1458 694; x_wconf 87' lang='grc' dir='ltr'>τὸ</span> <span class='ocrx_word' id='word_1_358' title='bbox 1472 657 1703 708; x_wconf 79' lang='grc' dir='ltr'>ἀνθρώπινον.</span> <span class='ocrx_word' id='word_1_359' title='bbox 2125 651 2129 655; x_wconf 91' lang='lat'>.</span> 
     </span>
    </p>

    <p class='ocr_par' dir='ltr' id='par_1_4' title="bbox 1185 717 2233 1293">
     <span class='ocr_line' id='line_1_45' title="bbox 1243 717 2224 768; baseline 0.008 -19"><span class='ocrx_word' id='word_1_360' title='bbox 1243 733 1258 749; x_wconf 80' lang='grc'>«</span> <span class='ocrx_word' id='word_1_361' title='bbox 1286 717 1462 765; x_wconf 85' lang='lat' dir='ltr'>Tragoedi</span> <span class='ocrx_word' id='word_1_362' title='bbox 1490 717 1648 754; x_wconf 83' lang='lat' dir='ltr'>historia</span> <span class='ocrx_word' id='word_1_363' title='bbox 1673 718 1766 766; x_wconf 86' lang='lat' dir='ltr'>quin</span> <span class='ocrx_word' id='word_1_364' title='bbox 1794 719 1839 754; x_wconf 84' lang='lat' dir='ltr'>sit</span> <span class='ocrx_word' id='word_1_365' title='bbox 1859 719 1988 755; x_wconf 88' lang='lat' dir='ltr'>eadem</span> <span class='ocrx_word' id='word_1_366' title='bbox 2010 727 2123 768; x_wconf 80' lang='lat' dir='ltr'>atque</span> <span class='ocrx_word' id='word_1_367' title='bbox 2141 721 2224 767; x_wconf 82' lang='lat' dir='ltr'>illa,</span> 
     </span>
     <span class='ocr_line' id='line_1_46' title="bbox 1186 775 2224 829; baseline 0.006 -20"><span class='ocrx_word' id='word_1_368' title='bbox 1186 787 1301 822; x_wconf 88' lang='lat' dir='ltr'>quam</span> <span class='ocrx_word' id='word_1_369' title='bbox 1316 783 1444 810; x_wconf 86' lang='lat' dir='ltr'>narrat</span> <span class='ocrx_word' id='word_1_370' title='bbox 1461 776 1650 811; x_wconf 84' lang='lat' dir='ltr'>Lucianus</span> <span class='ocrx_word' id='word_1_371' title='bbox 1674 775 1834 825; x_wconf 86' lang='lat' dir='ltr'>(Quom.</span> <span class='ocrx_word' id='word_1_372' title='bbox 1855 777 1943 815; x_wconf 84' lang='lat' dir='ltr'>hist.</span> <span class='ocrx_word' id='word_1_373' title='bbox 1973 779 2088 818; x_wconf 83' lang='lat' dir='ltr'>scrib.</span> <span class='ocrx_word' id='word_1_374' title='bbox 2120 792 2154 815; x_wconf 92' lang='lat' dir='ltr'>c.</span> <span class='ocrx_word' id='word_1_375' title='bbox 2182 779 2224 829; x_wconf 90' lang='lat'>1)</span> 
     </span>
     <span class='ocr_line' id='line_1_47' title="bbox 1186 833 2225 886; baseline 0.006 -18"><span class='ocrx_word' id='word_1_376' title='bbox 1186 833 1289 881; x_wconf 88' lang='lat' dir='ltr'>apud</span> <span class='ocrx_word' id='word_1_377' title='bbox 1319 834 1520 886; x_wconf 73' lang='lat' dir='ltr'>Abderitas</span> <span class='ocrx_word' id='word_1_378' title='bbox 1550 835 1748 877; x_wconf 78' lang='lat' dir='ltr'>accidisse,</span> <span class='ocrx_word' id='word_1_379' title='bbox 1778 836 1945 872; x_wconf 84' lang='lat' dir='ltr'>dubitari</span> <span class='ocrx_word' id='word_1_380' title='bbox 1978 849 2057 872; x_wconf 88' lang='lat' dir='ltr'>non</span> <span class='ocrx_word' id='word_1_381' title='bbox 2084 845 2225 886; x_wconf 84' lang='lat' dir='ltr'>potest.</span> 
     </span>
     <span class='ocr_line' id='line_1_48' title="bbox 1185 891 2230 941; baseline 0.006 -15"><span class='ocrx_word' id='word_1_382' title='bbox 1185 893 1281 927; x_wconf 88' lang='lat' dir='ltr'>Nam</span> <span class='ocrx_word' id='word_1_383' title='bbox 1315 898 1351 927; x_wconf 86' lang='lat' dir='ltr'>et</span> <span class='ocrx_word' id='word_1_384' title='bbox 1383 891 1436 926; x_wconf 86' lang='lat' dir='ltr'>ibi</span> <span class='ocrx_word' id='word_1_385' title='bbox 1468 899 1553 927; x_wconf 84' lang='lat' dir='ltr'>acta</span> <span class='ocrx_word' id='word_1_386' title='bbox 1587 899 1641 927; x_wconf 90' lang='lat' dir='ltr'>est</span> <span class='ocrx_word' id='word_1_387' title='bbox 1674 893 1866 941; x_wconf 83' lang='lat' dir='ltr'><strong>Euripidis</strong></span> <span class='ocrx_word' id='word_1_388' title='bbox 1898 895 2162 941; x_wconf 82' lang='lat' dir='ltr'>Andromeda,</span> <span class='ocrx_word' id='word_1_389' title='bbox 2193 903 2230 932; x_wconf 80' lang='lat' dir='ltr'>et</span> 
     </span>
     <span class='ocr_line' id='line_1_49' title="bbox 1187 949 2227 1002; baseline 0.007 -19"><span class='ocrx_word' id='word_1_390' title='bbox 1187 949 1286 984; x_wconf 89' lang='lat' dir='ltr'>idem</span> <span class='ocrx_word' id='word_1_391' title='bbox 1306 951 1463 985; x_wconf 86' lang='lat' dir='ltr'>morbus</span> <span class='ocrx_word' id='word_1_392' title='bbox 1487 950 1648 996; x_wconf 86' lang='lat' dir='ltr'>accidit,</span> <span class='ocrx_word' id='word_1_393' title='bbox 1675 958 1712 986; x_wconf 86' lang='lat' dir='ltr'>et</span> <span class='ocrx_word' id='word_1_394' title='bbox 1741 959 1866 987; x_wconf 81' lang='lat' dir='ltr'>cetera</span> <span class='ocrx_word' id='word_1_395' title='bbox 1885 954 1974 988; x_wconf 87' lang='lat' dir='ltr'>satis</span> <span class='ocrx_word' id='word_1_396' title='bbox 1994 955 2227 1002; x_wconf 88' lang='lat' dir='ltr'>conspirant.</span> 
     </span>
     <span class='ocr_line' id='line_1_50' title="bbox 1187 1008 2232 1058; baseline 0.005 -15"><span class='ocrx_word' id='word_1_397' title='bbox 1187 1008 1260 1044; x_wconf 89' lang='lat' dir='ltr'>Sed</span> <span class='ocrx_word' id='word_1_398' title='bbox 1290 1009 1383 1044; x_wconf 87' lang='lat' dir='ltr'>illud</span> <span class='ocrx_word' id='word_1_399' title='bbox 1403 1010 1564 1044; x_wconf 85' lang='lat' dir='ltr'>maxime</span> <span class='ocrx_word' id='word_1_400' title='bbox 1596 1009 1791 1045; x_wconf 84' lang='lat' dir='ltr'>dissidium</span> <span class='ocrx_word' id='word_1_401' title='bbox 1812 1017 1883 1058; x_wconf 85' lang='lat' dir='ltr'>est,</span> <span class='ocrx_word' id='word_1_402' title='bbox 1921 1012 2025 1058; x_wconf 88' lang='lat' dir='ltr'>quod</span> <span class='ocrx_word' id='word_1_403' title='bbox 2044 1012 2232 1049; x_wconf 78' lang='lat' dir='ltr'>Lucianus</span> 
     </span>
     <span class='ocr_line' id='line_1_51' title="bbox 1186 1068 2232 1118; baseline 0.005 -16"><span class='ocrx_word' id='word_1_404' title='bbox 1186 1079 1266 1102; x_wconf 85' lang='lat' dir='ltr'>rem</span> <span class='ocrx_word' id='word_1_405' title='bbox 1278 1068 1389 1116; x_wconf 85' lang='lat' dir='ltr'>ponit</span> <span class='ocrx_word' id='word_1_406' title='bbox 1405 1068 1445 1102; x_wconf 92' lang='lat' dir='ltr'>in</span> <span class='ocrx_word' id='word_1_407' title='bbox 1459 1068 1672 1115; x_wconf 77' lang='lat' dir='ltr'>Lysimachi</span> <span class='ocrx_word' id='word_1_408' title='bbox 1683 1069 1872 1116; x_wconf 82' lang='lat' dir='ltr'>regnantis</span> <span class='ocrx_word' id='word_1_409' title='bbox 1889 1070 2122 1118; x_wconf 80' lang='lat' dir='ltr'>temporibus</span> <span class='ocrx_word' id='word_1_410' title='bbox 2135 1097 2146 1115; x_wconf 96' lang='lat'>,</span> <span class='ocrx_word' id='word_1_411' title='bbox 2160 1072 2232 1107; x_wconf 86' lang='lat' dir='ltr'>Eu-</span> 
     </span>
     <span class='ocr_line' id='line_1_52' title="bbox 1186 1126 2230 1174; baseline 0.006 -14"><span class='ocrx_word' id='word_1_412' title='bbox 1186 1127 1320 1174; x_wconf 84' lang='lat' dir='ltr'>napius</span> <span class='ocrx_word' id='word_1_413' title='bbox 1333 1126 1401 1162; x_wconf 90' lang='lat' dir='ltr'>sub</span> <span class='ocrx_word' id='word_1_414' title='bbox 1411 1127 1575 1164; x_wconf 88' lang='lat' dir='ltr'>Nerone.</span> <span class='ocrx_word' id='word_1_415' title='bbox 1595 1142 1612 1157; x_wconf 66' lang='lat'>³»</span> <span class='ocrx_word' id='word_1_416' title='bbox 1623 1127 1716 1162; x_wconf 67' lang='lat' dir='ltr'>Mu.</span> <span class='ocrx_word' id='word_1_417' title='bbox 1731 1127 1897 1163; x_wconf 84' lang='lat' dir='ltr'>Ubinam</span> <span class='ocrx_word' id='word_1_418' title='bbox 1914 1129 2094 1164; x_wconf 86' lang='lat' dir='ltr'>acciderit</span> <span class='ocrx_word' id='word_1_419' title='bbox 2108 1129 2230 1166; x_wconf 86' lang='lat' dir='ltr'>Theo·</span> 
     </span>
     <span class='ocr_line' id='line_1_53' title="bbox 1187 1184 2233 1236; baseline 0.005 -17"><span class='ocrx_word' id='word_1_420' title='bbox 1187 1184 1280 1220; x_wconf 87' lang='lat' dir='ltr'>dosii</span> <span class='ocrx_word' id='word_1_421' title='bbox 1301 1184 1535 1232; x_wconf 85' lang='lat' dir='ltr'>temporibus</span> <span class='ocrx_word' id='word_1_422' title='bbox 1555 1185 1766 1230; x_wconf 83' lang='lat' dir='ltr'>calamitas,</span> <span class='ocrx_word' id='word_1_423' title='bbox 1790 1198 1873 1233; x_wconf 82' lang='lat' dir='ltr'>quae</span> <span class='ocrx_word' id='word_1_424' title='bbox 1894 1187 1963 1222; x_wconf 91' lang='lat' dir='ltr'>sub</span> <span class='ocrx_word' id='word_1_425' title='bbox 1984 1186 2098 1223; x_wconf 88' lang='lat' dir='ltr'>finem</span> <span class='ocrx_word' id='word_1_426' title='bbox 2121 1187 2233 1236; x_wconf 84' lang='lat' dir='ltr'>hujus</span> 
     </span>
     <span class='ocr_line' id='line_1_54' title="bbox 1186 1244 2094 1293; baseline 0.003 -14"><span class='ocrx_word' id='word_1_427' title='bbox 1186 1244 1386 1292; x_wconf 81' lang='lat' dir='ltr'>fragmenti</span> <span class='ocrx_word' id='word_1_428' title='bbox 1404 1251 1737 1290; x_wconf 85' lang='lat' dir='ltr'>commemoratur,</span> <span class='ocrx_word' id='word_1_429' title='bbox 1757 1257 1836 1280; x_wconf 88' lang='lat' dir='ltr'>non</span> <span class='ocrx_word' id='word_1_430' title='bbox 1852 1246 1971 1293; x_wconf 89' lang='lat' dir='ltr'>liquet</span> <span class='ocrx_word' id='word_1_431' title='bbox 1988 1246 2094 1282; x_wconf 88' lang='lat' dir='ltr'>mihi.</span> 
     </span>
    </p>
   </div>
   <div class='ocr_carea' id='block_1_4' title="bbox 1678 1330 1743 1368">
    <p class='ocr_par' dir='ltr' id='par_1_5' title="bbox 1678 1330 1743 1368">
     <span class='ocr_line' id='line_1_55' title="bbox 1678 1330 1743 1368; baseline 0.015 -1"><span class='ocrx_word' id='word_1_432' title='bbox 1678 1330 1743 1368; x_wconf 84' lang='lat'>55.</span> 
     </span>
    </p>
   </div>
   <div class='ocr_carea' id='block_1_5' title="bbox 1186 1411 2260 2405">
    <p class='ocr_par' dir='ltr' id='par_1_6' title="bbox 1186 1411 2260 2405">
     <span class='ocr_line' id='line_1_56' title="bbox 1239 1411 2231 1466; baseline 0.005 -18"><span class='ocrx_word' id='word_1_433' title='bbox 1239 1414 1329 1451; x_wconf 85' lang='lat' dir='ltr'><strong>Exc.</strong></span> <span class='ocrx_word' id='word_1_434' title='bbox 1352 1414 1409 1449; x_wconf 90' lang='lat' dir='ltr'>De</span> <span class='ocrx_word' id='word_1_435' title='bbox 1428 1420 1519 1449; x_wconf 87' lang='lat' dir='ltr'>sent.</span> <span class='ocrx_word' id='word_1_436' title='bbox 1539 1426 1578 1461; x_wconf 91' lang='lat' dir='ltr'>p.</span> <span class='ocrx_word' id='word_1_437' title='bbox 1600 1425 1691 1459; x_wconf 82' lang='lat'>277,</span> <span class='ocrx_word' id='word_1_438' title='bbox 1715 1412 1791 1459; x_wconf 81' lang='lat'>278</span> <span class='ocrx_word' id='word_1_439' title='bbox 1818 1425 1827 1451; x_wconf 91' lang='lat'>:</span> <span class='ocrx_word' id='word_1_440' title='bbox 1851 1411 1972 1451; x_wconf 81' lang='grc' dir='ltr'>Φυλαὶ</span> <span class='ocrx_word' id='word_1_441' title='bbox 1993 1412 2055 1463; x_wconf 87' lang='grc' dir='ltr'>μὲν</span> <span class='ocrx_word' id='word_1_442' title='bbox 2076 1413 2143 1466; x_wconf 87' lang='grc' dir='ltr'>γὰρ</span> <span class='ocrx_word' id='word_1_443' title='bbox 2163 1416 2231 1454; x_wconf 83' lang='grc' dir='ltr'>τῶν</span> 
     </span>
     <span class='ocr_line' id='line_1_57' title="bbox 1186 1468 2231 1522; baseline 0.003 -14"><span class='ocrx_word' id='word_1_444' title='bbox 1186 1469 1363 1520; x_wconf 87' lang='grc' dir='ltr'>πολεμίων</span> <span class='ocrx_word' id='word_1_445' title='bbox 1382 1468 1445 1515; x_wconf 85' lang='grc' dir='ltr'>τὴν</span> <span class='ocrx_word' id='word_1_446' title='bbox 1465 1469 1576 1521; x_wconf 82' lang='grc' dir='ltr'>ἀρχὴν</span> <span class='ocrx_word' id='word_1_447' title='bbox 1594 1468 1842 1516; x_wconf 70' lang='grc' dir='ltr'>διεὸεὸήκεσαν</span> <span class='ocrx_word' id='word_1_448' title='bbox 1859 1469 2006 1522; x_wconf 81' lang='grc' dir='ltr'>ἄπειροι,</span> <span class='ocrx_word' id='word_1_449' title='bbox 2021 1471 2080 1513; x_wconf 84' lang='grc' dir='ltr'>καὶ</span> <span class='ocrx_word' id='word_1_450' title='bbox 2093 1471 2231 1516; x_wconf 85' lang='grc' dir='ltr'>πλείους</span> 
     </span>
     <span class='ocr_line' id='line_1_58' title="bbox 1187 1529 2232 1577; baseline 0.003 -9"><span class='ocrx_word' id='word_1_451' title='bbox 1187 1530 1431 1577; x_wconf 75' lang='grc' dir='ltr'>ἐπιδιέὸαινον,</span> <span class='ocrx_word' id='word_1_452' title='bbox 1451 1529 1584 1573; x_wconf 79' lang='grc' dir='ltr'>οὐδενὸς</span> <span class='ocrx_word' id='word_1_453' title='bbox 1603 1529 1811 1573; x_wconf 85' lang='grc' dir='ltr'>κωλύοντος·</span> <span class='ocrx_word' id='word_1_454' title='bbox 1830 1531 1907 1568; x_wconf 83' lang='grc' dir='ltr'>ἀλλ’</span> <span class='ocrx_word' id='word_1_455' title='bbox 1928 1532 1962 1570; x_wconf 84' lang='grc' dir='ltr'>ἐν</span> <span class='ocrx_word' id='word_1_456' title='bbox 1982 1531 2155 1577; x_wconf 85' lang='grc' dir='ltr'>τοσούτοις</span> <span class='ocrx_word' id='word_1_457' title='bbox 2171 1549 2232 1571; x_wconf 84' lang='grc' dir='ltr'>κα-</span> 
     </span>
     <span class='ocr_line' id='line_1_59' title="bbox 1186 1588 2231 1644; baseline 0.003 -17"><span class='ocrx_word' id='word_1_458' title='bbox 1186 1589 1257 1633; x_wconf 82' lang='grc' dir='ltr'>κοῖς</span> <span class='ocrx_word' id='word_1_459' title='bbox 1267 1588 1385 1641; x_wconf 83' lang='grc' dir='ltr'>κέρδος</span> <span class='ocrx_word' id='word_1_460' title='bbox 1401 1590 1514 1631; x_wconf 81' lang='grc' dir='ltr'>αὖτοῖς</span> <span class='ocrx_word' id='word_1_461' title='bbox 1528 1589 1638 1627; x_wconf 77' lang='grc' dir='ltr'>ἐδόκει</span> <span class='ocrx_word' id='word_1_462' title='bbox 1649 1588 1788 1640; x_wconf 86' lang='grc' dir='ltr'>γνήσιον</span> <span class='ocrx_word' id='word_1_463' title='bbox 1799 1588 1839 1626; x_wconf 86' lang='grc' dir='ltr'>τὸ</span> <span class='ocrx_word' id='word_1_464' title='bbox 1854 1590 2120 1642; x_wconf 87' lang='grc' dir='ltr'>δωροδοκεῖσθαι</span> <span class='ocrx_word' id='word_1_465' title='bbox 2133 1591 2231 1644; x_wconf 79' lang='grc' dir='ltr'>παρὰ</span> 
     </span>
     <span class='ocr_line' id='line_1_60' title="bbox 1186 1643 2232 1702; baseline 0.004 -17"><span class='ocrx_word' id='word_1_466' title='bbox 1186 1650 1253 1685; x_wconf 87' lang='grc' dir='ltr'>τῶν</span> <span class='ocrx_word' id='word_1_467' title='bbox 1270 1647 1460 1698; x_wconf 88' lang='grc' dir='ltr'>πολεμίων.</span> <span class='ocrx_word' id='word_1_468' title='bbox 1480 1643 1567 1700; x_wconf 69' lang='grc' dir='ltr'>Εἶχε</span> <span class='ocrx_word' id='word_1_469' title='bbox 1587 1647 1622 1686; x_wconf 83' lang='grc' dir='ltr'>δὲ</span> <span class='ocrx_word' id='word_1_470' title='bbox 1639 1647 1770 1695; x_wconf 84' lang='grc' dir='ltr'>ἑκοίστη</span> <span class='ocrx_word' id='word_1_471' title='bbox 1788 1646 1877 1700; x_wconf 83' lang='grc' dir='ltr'>φυλὴ</span> <span class='ocrx_word' id='word_1_472' title='bbox 1897 1648 1972 1702; x_wconf 83' lang='grc' dir='ltr'>ἱερά</span> <span class='ocrx_word' id='word_1_473' title='bbox 1989 1665 2026 1687; x_wconf 90' lang='grc' dir='ltr'>τε</span> <span class='ocrx_word' id='word_1_474' title='bbox 2040 1649 2170 1688; x_wconf 87' lang='grc' dir='ltr'>οἴκοθεν</span> <span class='ocrx_word' id='word_1_475' title='bbox 2186 1650 2232 1689; x_wconf 78' lang='grc' dir='ltr'>τὰ</span> 
     </span>
     <span class='ocr_line' id='line_1_61' title="bbox 1187 1706 2228 1761; baseline 0.003 -17"><span class='ocrx_word' id='word_1_476' title='bbox 1187 1706 1319 1759; x_wconf 81' lang='grc' dir='ltr'>πάτρια</span> <span class='ocrx_word' id='word_1_477' title='bbox 1336 1706 1632 1759; x_wconf 86' lang='grc' dir='ltr'>συνεφελκομένη,</span> <span class='ocrx_word' id='word_1_478' title='bbox 1652 1706 1712 1744; x_wconf 81' lang='grc' dir='ltr'>καὶ</span> <span class='ocrx_word' id='word_1_479' title='bbox 1735 1707 1848 1758; x_wconf 82' lang='grc' dir='ltr'>ἱερέας</span> <span class='ocrx_word' id='word_1_480' title='bbox 1863 1708 1995 1746; x_wconf 85' lang='grc' dir='ltr'>τούτων</span> <span class='ocrx_word' id='word_1_481' title='bbox 2015 1707 2075 1748; x_wconf 76' lang='grc' dir='ltr'>καὶ</span> <span class='ocrx_word' id='word_1_482' title='bbox 2092 1708 2228 1761; x_wconf 86' lang='grc' dir='ltr'>ἱερείας·</span> 
     </span>
     <span class='ocr_line' id='line_1_62' title="bbox 1187 1760 2230 1821; baseline 0.004 -18"><span class='ocrx_word' id='word_1_483' title='bbox 1187 1765 1278 1803; x_wconf 81' lang='grc' dir='ltr'>ἀλλὰ</span> <span class='ocrx_word' id='word_1_484' title='bbox 1297 1765 1446 1816; x_wconf 85' lang='grc' dir='ltr'>στεγανή</span> <span class='ocrx_word' id='word_1_485' title='bbox 1458 1781 1508 1809; x_wconf 90' lang='grc' dir='ltr'>τις</span> <span class='ocrx_word' id='word_1_486' title='bbox 1523 1760 1564 1813; x_wconf 73' lang='grc' dir='ltr'>ἦν</span> <span class='ocrx_word' id='word_1_487' title='bbox 1578 1766 1656 1803; x_wconf 89' lang='grc' dir='ltr'>λίαν</span> <span class='ocrx_word' id='word_1_488' title='bbox 1671 1765 1730 1803; x_wconf 80' lang='grc' dir='ltr'>καὶ</span> <span class='ocrx_word' id='word_1_489' title='bbox 1745 1765 1976 1815; x_wconf 78' lang='grc' dir='ltr'>ἀδαμάντινος</span> <span class='ocrx_word' id='word_1_490' title='bbox 1989 1770 2011 1812; x_wconf 89' lang='grc' dir='ltr'>ἡ</span> <span class='ocrx_word' id='word_1_491' title='bbox 2028 1768 2108 1821; x_wconf 84' lang='grc' dir='ltr'>περὶ</span> <span class='ocrx_word' id='word_1_492' title='bbox 2121 1772 2230 1807; x_wconf 77' lang='grc' dir='ltr'>ταῦτα</span> 
     </span>
     <span class='ocr_line' id='line_1_63' title="bbox 1188 1822 2230 1879; baseline 0.003 -17"><span class='ocrx_word' id='word_1_493' title='bbox 1188 1822 1303 1871; x_wconf 85' lang='grc' dir='ltr'>σιωπὴ</span> <span class='ocrx_word' id='word_1_494' title='bbox 1324 1824 1383 1863; x_wconf 77' lang='grc' dir='ltr'>καὶ</span> <span class='ocrx_word' id='word_1_495' title='bbox 1404 1827 1471 1862; x_wconf 81' lang='grc' dir='ltr'>τῶν</span> <span class='ocrx_word' id='word_1_496' title='bbox 1493 1824 1700 1877; x_wconf 85' lang='grc' dir='ltr'>ἀπορρήτων</span> <span class='ocrx_word' id='word_1_497' title='bbox 1722 1824 1906 1876; x_wconf 86' lang='grc' dir='ltr'>ἐχεμυθία,</span> <span class='ocrx_word' id='word_1_498' title='bbox 1927 1828 1949 1872; x_wconf 80' lang='grc' dir='ltr'>ἡ</span> <span class='ocrx_word' id='word_1_499' title='bbox 1971 1825 2006 1863; x_wconf 84' lang='grc' dir='ltr'>δὲ</span> <span class='ocrx_word' id='word_1_500' title='bbox 2027 1827 2074 1870; x_wconf 91' lang='grc' dir='ltr'>εἷς</span> <span class='ocrx_word' id='word_1_501' title='bbox 2100 1826 2140 1865; x_wconf 83' lang='grc' dir='ltr'>τὸ</span> <span class='ocrx_word' id='word_1_502' title='bbox 2159 1842 2230 1879; x_wconf 85' lang='grc' dir='ltr'>φοι-</span> 
     </span>
     <span class='ocr_line' id='line_1_64' title="bbox 1186 1882 2231 1936; baseline 0.003 -16"><span class='ocrx_word' id='word_1_503' title='bbox 1186 1883 1282 1935; x_wconf 86' lang='grc' dir='ltr'>νερὸν</span> <span class='ocrx_word' id='word_1_504' title='bbox 1311 1882 1542 1936; x_wconf 88' lang='grc' dir='ltr'>προσποίησις</span> <span class='ocrx_word' id='word_1_505' title='bbox 1567 1882 1627 1921; x_wconf 88' lang='grc' dir='ltr'>καὶ</span> <span class='ocrx_word' id='word_1_506' title='bbox 1658 1883 1786 1926; x_wconf 83' lang='grc' dir='ltr'>πλάσις</span> <span class='ocrx_word' id='word_1_507' title='bbox 1811 1884 1858 1926; x_wconf 83' lang='grc' dir='ltr'>εἰς</span> <span class='ocrx_word' id='word_1_508' title='bbox 1877 1882 1939 1930; x_wconf 76' lang='grc' dir='ltr'>τὴν</span> <span class='ocrx_word' id='word_1_509' title='bbox 1957 1886 2025 1922; x_wconf 81' lang='grc' dir='ltr'>τῶν</span> <span class='ocrx_word' id='word_1_510' title='bbox 2051 1884 2231 1935; x_wconf 86' lang='grc' dir='ltr'>πολεμίων</span> 
     </span>
     <span class='ocr_line' id='line_1_65' title="bbox 1188 1940 2260 1993; baseline 0.001 -14"><span class='ocrx_word' id='word_1_511' title='bbox 1188 1942 1328 1989; x_wconf 81' lang='grc' dir='ltr'>ἀπάτην</span> <span class='ocrx_word' id='word_1_512' title='bbox 1358 1941 1584 1993; x_wconf 84' lang='grc' dir='ltr'>διηρτυμένη.</span> <span class='ocrx_word' id='word_1_513' title='bbox 1610 1940 1683 1981; x_wconf 84' lang='grc' dir='ltr'>Καί</span> <span class='ocrx_word' id='word_1_514' title='bbox 1702 1956 1798 1985; x_wconf 87' lang='grc' dir='ltr'>τινας</span> <span class='ocrx_word' id='word_1_515' title='bbox 1822 1943 1869 1985; x_wconf 83' lang='grc' dir='ltr'>ὡς</span> <span class='ocrx_word' id='word_1_516' title='bbox 1889 1941 2096 1986; x_wconf 82' lang='grc' dir='ltr'>ἐπισκόπους</span> <span class='ocrx_word' id='word_1_517' title='bbox 2116 1945 2230 1981; x_wconf 82' lang='grc' dir='ltr'>αὐτῶν</span> <span class='ocrx_word' id='word_1_518' title='bbox 2253 1978 2260 1986; x_wconf 84' lang='grc'>,</span> 
     </span>
     <span class='ocr_line' id='line_1_66' title="bbox 1189 2000 2228 2055; baseline 0.002 -17"><span class='ocrx_word' id='word_1_519' title='bbox 1189 2002 1221 2044; x_wconf 86' lang='grc' dir='ltr'>ἐς</span> <span class='ocrx_word' id='word_1_520' title='bbox 1238 2000 1276 2038; x_wconf 80' lang='grc' dir='ltr'>τὸ</span> <span class='ocrx_word' id='word_1_521' title='bbox 1296 2000 1559 2051; x_wconf 83' lang='grc' dir='ltr'>θαυμαζόμενον</span> <span class='ocrx_word' id='word_1_522' title='bbox 1580 2003 1704 2052; x_wconf 74' lang='grc' dir='ltr'>σχῆμα</span> <span class='ocrx_word' id='word_1_523' title='bbox 1721 2000 2035 2045; x_wconf 85' lang='grc' dir='ltr'>καταστολίσαντες</span> <span class='ocrx_word' id='word_1_524' title='bbox 2054 2001 2114 2040; x_wconf 83' lang='grc' dir='ltr'>καὶ</span> <span class='ocrx_word' id='word_1_525' title='bbox 2130 2017 2228 2055; x_wconf 86' lang='grc' dir='ltr'>περι-</span> 
     </span>
     <span class='ocr_line' id='line_1_67' title="bbox 1187 2058 2231 2112; baseline 0.001 -15"><span class='ocrx_word' id='word_1_526' title='bbox 1187 2058 1397 2112; x_wconf 78' lang='grc' dir='ltr'>κρύψαντες,</span> <span class='ocrx_word' id='word_1_527' title='bbox 1416 2059 1477 2097; x_wconf 76' lang='grc' dir='ltr'>καὶ</span> <span class='ocrx_word' id='word_1_528' title='bbox 1496 2060 1628 2106; x_wconf 73' lang='grc' dir='ltr'>πολλῆς</span> <span class='ocrx_word' id='word_1_529' title='bbox 1648 2060 1763 2103; x_wconf 76' lang='grc' dir='ltr'>αὐτοῖς</span> <span class='ocrx_word' id='word_1_530' title='bbox 1779 2062 1842 2106; x_wconf 72' lang='grc' dir='ltr'>τῆς</span> <span class='ocrx_word' id='word_1_531' title='bbox 1867 2058 2046 2103; x_wconf 89' lang='grc' dir='ltr'>ἀλώπεκος</span> <span class='ocrx_word' id='word_1_532' title='bbox 2059 2059 2231 2112; x_wconf 80' lang='grc' dir='ltr'>ἐπιχέαν-</span> 
     </span>
     <span class='ocr_line' id='line_1_68' title="bbox 1187 2116 2230 2172; baseline 0.002 -17"><span class='ocrx_word' id='word_1_533' title='bbox 1187 2133 1259 2164; x_wconf 91' lang='grc' dir='ltr'>τες,</span> <span class='ocrx_word' id='word_1_534' title='bbox 1286 2119 1333 2162; x_wconf 85' lang='grc' dir='ltr'>εἷς</span> <span class='ocrx_word' id='word_1_535' title='bbox 1348 2117 1386 2155; x_wconf 82' lang='grc' dir='ltr'>τὸ</span> <span class='ocrx_word' id='word_1_536' title='bbox 1407 2116 1511 2168; x_wconf 89' lang='grc' dir='ltr'>μέσον</span> <span class='ocrx_word' id='word_1_537' title='bbox 1527 2117 1754 2170; x_wconf 84' lang='grc' dir='ltr'>προεφίεσαν,</span> <span class='ocrx_word' id='word_1_538' title='bbox 1775 2121 1958 2170; x_wconf 74' lang='grc' dir='ltr'>πανταχοῦ</span> <span class='ocrx_word' id='word_1_539' title='bbox 1974 2118 2015 2156; x_wconf 84' lang='grc' dir='ltr'>τὸ</span> <span class='ocrx_word' id='word_1_540' title='bbox 2031 2117 2230 2172; x_wconf 80' lang='grc' dir='ltr'>ἀφύλακτον</span> 
     </span>
     <span class='ocr_line' id='line_1_69' title="bbox 1188 2174 2230 2229; baseline 0 -15"><span class='ocrx_word' id='word_1_541' title='bbox 1188 2176 1245 2214; x_wconf 83' lang='grc' dir='ltr'>διὰ</span> <span class='ocrx_word' id='word_1_542' title='bbox 1265 2179 1334 2214; x_wconf 81' lang='grc' dir='ltr'>τῶν</span> <span class='ocrx_word' id='word_1_543' title='bbox 1362 2176 1695 2229; x_wconf 84' lang='grc' dir='ltr'>καταφρονουμένων</span> <span class='ocrx_word' id='word_1_544' title='bbox 1716 2174 1826 2228; x_wconf 78' lang='grc' dir='ltr'>ὅρκων</span> <span class='ocrx_word' id='word_1_545' title='bbox 1850 2176 1933 2229; x_wconf 90' lang='grc' dir='ltr'>παρ’</span> <span class='ocrx_word' id='word_1_546' title='bbox 1954 2175 2112 2223; x_wconf 86' lang='grc' dir='ltr'>ἐκείνοις,</span> <span class='ocrx_word' id='word_1_547' title='bbox 2133 2175 2230 2229; x_wconf 81' lang='grc' dir='ltr'>παρὰ</span> 
     </span>
     <span class='ocr_line' id='line_1_70' title="bbox 1188 2233 2231 2287; baseline 0.001 -14"><span class='ocrx_word' id='word_1_548' title='bbox 1188 2235 1224 2273; x_wconf 79' lang='grc' dir='ltr'>δὲ</span> <span class='ocrx_word' id='word_1_549' title='bbox 1242 2240 1312 2278; x_wconf 86' lang='grc' dir='ltr'>τοῖς</span> <span class='ocrx_word' id='word_1_550' title='bbox 1329 2236 1510 2287; x_wconf 79' lang='grc' dir='ltr'>βασιλεῦσι</span> <span class='ocrx_word' id='word_1_551' title='bbox 1530 2234 1662 2286; x_wconf 86' lang='grc' dir='ltr'>σφόδρα</span> <span class='ocrx_word' id='word_1_552' title='bbox 1680 2233 1963 2287; x_wconf 83' lang='grc' dir='ltr'>φυλαττομένων,</span> <span class='ocrx_word' id='word_1_553' title='bbox 1983 2235 2231 2287; x_wconf 82' lang='grc' dir='ltr'>ὑποτρέχοντες</span> 
     </span>
     <span class='ocr_line' id='line_1_71' title="bbox 1188 2287 2230 2344; baseline 0 -13"><span class='ocrx_word' id='word_1_554' title='bbox 1188 2295 1247 2331; x_wconf 88' lang='grc' dir='ltr'>καὶ</span> <span class='ocrx_word' id='word_1_555' title='bbox 1263 2293 1593 2338; x_wconf 83' lang='grc' dir='ltr'>κατασκευάζοντες.</span> <span class='ocrx_word' id='word_1_556' title='bbox 1613 2287 1685 2332; x_wconf 47' lang='grc' dir='ltr'>ῗΗν</span> <span class='ocrx_word' id='word_1_557' title='bbox 1705 2293 1740 2330; x_wconf 82' lang='grc' dir='ltr'>δὲ</span> <span class='ocrx_word' id='word_1_558' title='bbox 1759 2292 1819 2330; x_wconf 78' lang='grc' dir='ltr'>καὶ</span> <span class='ocrx_word' id='word_1_559' title='bbox 1837 2296 1904 2331; x_wconf 85' lang='grc' dir='ltr'>τῶν</span> <span class='ocrx_word' id='word_1_560' title='bbox 1921 2293 2146 2344; x_wconf 85' lang='grc' dir='ltr'>καλουμένων</span> <span class='ocrx_word' id='word_1_561' title='bbox 2166 2309 2230 2344; x_wconf 92' lang='grc' dir='ltr'>μο-</span> 
     </span>
     <span class='ocr_line' id='line_1_72' title="bbox 1188 2350 2230 2405; baseline -0.001 -15"><span class='ocrx_word' id='word_1_562' title='bbox 1188 2354 1304 2404; x_wconf 81' lang='grc' dir='ltr'>ναχῶν</span> <span class='ocrx_word' id='word_1_563' title='bbox 1323 2354 1409 2404; x_wconf 88' lang='grc' dir='ltr'>παρ’</span> <span class='ocrx_word' id='word_1_564' title='bbox 1428 2352 1544 2395; x_wconf 81' lang='grc' dir='ltr'>αὐτοῖς</span> <span class='ocrx_word' id='word_1_565' title='bbox 1563 2351 1676 2402; x_wconf 84' lang='grc' dir='ltr'>γένος,</span> <span class='ocrx_word' id='word_1_566' title='bbox 1692 2351 1783 2389; x_wconf 84' lang='grc' dir='ltr'>κατὰ</span> <span class='ocrx_word' id='word_1_567' title='bbox 1801 2350 1949 2402; x_wconf 90' lang='grc' dir='ltr'>μίμησιν</span> <span class='ocrx_word' id='word_1_568' title='bbox 1963 2353 2031 2388; x_wconf 84' lang='grc' dir='ltr'>τῶν</span> <span class='ocrx_word' id='word_1_569' title='bbox 2045 2351 2144 2405; x_wconf 80' lang='grc' dir='ltr'>παρὰ</span> <span class='ocrx_word' id='word_1_570' title='bbox 2159 2356 2230 2395; x_wconf 86' lang='grc' dir='ltr'>τοῖς</span> 
     </span>
    </p>
   </div>
   <div class='ocr_carea' id='block_1_6' title="bbox 89 2440 2229 2453">
    <p class='ocr_par' dir='ltr' id='par_1_7' title="bbox 89 2440 2229 2453">
     <span class='ocr_line' id='line_1_73' title="bbox 89 2440 2229 2453; baseline 0 1271"><span class='ocrx_word' id='word_1_571' title='bbox 89 2440 2229 2453; x_wconf 95' lang='lat' dir='ltr'> </span> 
     </span>
    </p>
   </div>
   <div class='ocr_carea' id='block_1_7' title="bbox 80 2488 1125 3461">
    <p class='ocr_par' dir='ltr' id='par_1_8' title="bbox 80 2488 1125 3461">
     <span class='ocr_line' id='line_1_74' title="bbox 81 2488 1124 2532; baseline -0.003 -10"><span class='ocrx_word' id='word_1_572' title='bbox 81 2491 223 2532; x_wconf 87' lang='lat' dir='ltr'>gumenti</span> <span class='ocrx_word' id='word_1_573' title='bbox 250 2490 387 2531; x_wconf 82' lang='lat' dir='ltr'>cognitio</span> <span class='ocrx_word' id='word_1_574' title='bbox 417 2491 486 2522; x_wconf 88' lang='lat' dir='ltr'>erat</span> <span class='ocrx_word' id='word_1_575' title='bbox 515 2503 522 2522; x_wconf 75' lang='grc' dir='ltr'>ε</span> <span class='ocrx_word' id='word_1_576' title='bbox 551 2490 758 2522; x_wconf 85' lang='lat' dir='ltr'>nihilominus</span> <span class='ocrx_word' id='word_1_577' title='bbox 779 2491 880 2530; x_wconf 85' lang='lat' dir='ltr'>actor,</span> <span class='ocrx_word' id='word_1_578' title='bbox 907 2490 955 2521; x_wconf 84' lang='lat' dir='ltr'>his</span> <span class='ocrx_word' id='word_1_579' title='bbox 974 2488 1124 2520; x_wconf 87' lang='lat' dir='ltr'>omnihus</span> 
     </span>
     <span class='ocr_line' id='line_1_75' title="bbox 81 2542 1121 2583; baseline -0.004 -7"><span class='ocrx_word' id='word_1_580' title='bbox 81 2544 254 2576; x_wconf 83' lang='lat' dir='ltr'>destitutus</span> <span class='ocrx_word' id='word_1_581' title='bbox 263 2568 271 2583; x_wconf 93' lang='lat'>‚</span> <span class='ocrx_word' id='word_1_582' title='bbox 286 2545 413 2575; x_wconf 90' lang='lat' dir='ltr'>tantum</span> <span class='ocrx_word' id='word_1_583' title='bbox 426 2544 527 2575; x_wconf 87' lang='lat' dir='ltr'>valuit</span> <span class='ocrx_word' id='word_1_584' title='bbox 537 2544 693 2575; x_wconf 88' lang='lat' dir='ltr'>suavitate</span> <span class='ocrx_word' id='word_1_585' title='bbox 703 2544 791 2575; x_wconf 72' lang='lat' dir='ltr'>vocis</span> <span class='ocrx_word' id='word_1_586' title='bbox 801 2544 932 2583; x_wconf 83' lang='lat' dir='ltr'>solaque</span> <span class='ocrx_word' id='word_1_587' title='bbox 943 2542 1121 2582; x_wconf 85' lang='lat' dir='ltr'>harmonia,</span> 
     </span>
     <span class='ocr_line' id='line_1_76' title="bbox 82 2593 1122 2636; baseline -0.002 -10"><span class='ocrx_word' id='word_1_588' title='bbox 82 2597 119 2628; x_wconf 84' lang='lat' dir='ltr'>ut</span> <span class='ocrx_word' id='word_1_589' title='bbox 135 2597 330 2636; x_wconf 81' lang='lat' dir='ltr'>spectatores</span> <span class='ocrx_word' id='word_1_590' title='bbox 342 2595 380 2626; x_wconf 89' lang='lat' dir='ltr'>ad</span> <span class='ocrx_word' id='word_1_591' title='bbox 402 2604 476 2626; x_wconf 85' lang='lat' dir='ltr'>eum</span> <span class='ocrx_word' id='word_1_592' title='bbox 493 2596 695 2627; x_wconf 88' lang='lat' dir='ltr'>accurrerent</span> <span class='ocrx_word' id='word_1_593' title='bbox 712 2595 876 2634; x_wconf 86' lang='lat' dir='ltr'>instarque</span> <span class='ocrx_word' id='word_1_594' title='bbox 890 2594 1032 2626; x_wconf 89' lang='lat' dir='ltr'>numinis</span> <span class='ocrx_word' id='word_1_595' title='bbox 1044 2593 1122 2624; x_wconf 87' lang='lat' dir='ltr'>ado-</span> 
     </span>
     <span class='ocr_line' id='line_1_77' title="bbox 81 2645 1123 2686; baseline -0.003 -7"><span class='ocrx_word' id='word_1_596' title='bbox 81 2648 206 2686; x_wconf 83' lang='lat' dir='ltr'>rarent,</span> <span class='ocrx_word' id='word_1_597' title='bbox 221 2649 253 2679; x_wconf 91' lang='lat' dir='ltr'>et</span> <span class='ocrx_word' id='word_1_598' title='bbox 265 2655 321 2678; x_wconf 88' lang='lat' dir='ltr'>sua</span> <span class='ocrx_word' id='word_1_599' title='bbox 335 2655 471 2686; x_wconf 83' lang='lat' dir='ltr'>quaeque</span> <span class='ocrx_word' id='word_1_600' title='bbox 495 2647 632 2686; x_wconf 87' lang='lat' dir='ltr'>pretiosa</span> <span class='ocrx_word' id='word_1_601' title='bbox 654 2647 854 2686; x_wconf 76' lang='lat' dir='ltr'>censeri-ent,</span> <span class='ocrx_word' id='word_1_602' title='bbox 869 2645 912 2677; x_wconf 84' lang='lat' dir='ltr'>ita</span> <span class='ocrx_word' id='word_1_603' title='bbox 933 2647 970 2677; x_wconf 90' lang='lat' dir='ltr'>ut</span> <span class='ocrx_word' id='word_1_604' title='bbox 986 2654 1020 2677; x_wconf 88' lang='lat' dir='ltr'>re</span> <span class='ocrx_word' id='word_1_605' title='bbox 1039 2645 1123 2676; x_wconf 85' lang='lat' dir='ltr'>bona</span> 
     </span>
     <span class='ocr_line' id='line_1_78' title="bbox 80 2696 1123 2739; baseline -0.004 -8"><span class='ocrx_word' id='word_1_606' title='bbox 80 2698 241 2739; x_wconf 82' lang='lat' dir='ltr'>tragoedus</span> <span class='ocrx_word' id='word_1_607' title='bbox 250 2698 450 2730; x_wconf 81' lang='lat' dir='ltr'>obrueretur.</span> <span class='ocrx_word' id='word_1_608' title='bbox 465 2700 539 2730; x_wconf 80' lang='lat' dir='ltr'>Post</span> <span class='ocrx_word' id='word_1_609' title='bbox 551 2698 721 2738; x_wconf 84' lang='lat' dir='ltr'>septimum</span> <span class='ocrx_word' id='word_1_610' title='bbox 733 2699 842 2729; x_wconf 87' lang='lat' dir='ltr'>autem</span> <span class='ocrx_word' id='word_1_611' title='bbox 851 2697 892 2728; x_wconf 90' lang='lat' dir='ltr'>ab</span> <span class='ocrx_word' id='word_1_612' title='bbox 900 2697 1026 2728; x_wconf 88' lang='lat' dir='ltr'>actione</span> <span class='ocrx_word' id='word_1_613' title='bbox 1038 2696 1123 2728; x_wconf 84' lang='lat' dir='ltr'>diem</span> 
     </span>
     <span class='ocr_line' id='line_1_79' title="bbox 82 2745 1123 2789; baseline -0.003 -7"><span class='ocrx_word' id='word_1_614' title='bbox 82 2745 212 2782; x_wconf 82' lang='lat' dir='ltr'>morbus</span> <span class='ocrx_word' id='word_1_615' title='bbox 227 2749 340 2781; x_wconf 87' lang='lat' dir='ltr'>urbem</span> <span class='ocrx_word' id='word_1_616' title='bbox 357 2749 529 2789; x_wconf 84' lang='lat' dir='ltr'>corripuit;</span> <span class='ocrx_word' id='word_1_617' title='bbox 547 2758 611 2789; x_wconf 93' lang='lat' dir='ltr'>quo</span> <span class='ocrx_word' id='word_1_618' title='bbox 628 2750 830 2788; x_wconf 77' lang='lat' dir='ltr'>stimulante,</span> <span class='ocrx_word' id='word_1_619' title='bbox 845 2757 957 2780; x_wconf 87' lang='lat' dir='ltr'>omnes</span> <span class='ocrx_word' id='word_1_620' title='bbox 975 2749 1123 2779; x_wconf 86' lang='lat' dir='ltr'>inclama-</span> 
     </span>
     <span class='ocr_line' id='line_1_80' title="bbox 81 2800 1125 2842; baseline -0.004 -7"><span class='ocrx_word' id='word_1_621' title='bbox 81 2803 160 2835; x_wconf 87' lang='lat' dir='ltr'>bant</span> <span class='ocrx_word' id='word_1_622' title='bbox 178 2811 241 2833; x_wconf 94' lang='lat' dir='ltr'>non</span> <span class='ocrx_word' id='word_1_623' title='bbox 253 2802 319 2842; x_wconf 88' lang='lat' dir='ltr'>ipsa</span> <span class='ocrx_word' id='word_1_624' title='bbox 333 2801 463 2842; x_wconf 83' lang='lat' dir='ltr'>quidem</span> <span class='ocrx_word' id='word_1_625' title='bbox 475 2801 622 2832; x_wconf 87' lang='lat' dir='ltr'>distincte</span> <span class='ocrx_word' id='word_1_626' title='bbox 635 2801 796 2841; x_wconf 78' lang='lat' dir='ltr'>tragoediae</span> <span class='ocrx_word' id='word_1_627' title='bbox 808 2801 905 2833; x_wconf 87' lang='lat' dir='ltr'>verba</span> <span class='ocrx_word' id='word_1_628' title='bbox 915 2825 924 2841; x_wconf 91' lang='lat'>‚</span> <span class='ocrx_word' id='word_1_629' title='bbox 941 2800 997 2832; x_wconf 87' lang='lat' dir='ltr'>sed</span> <span class='ocrx_word' id='word_1_630' title='bbox 1014 2809 1125 2832; x_wconf 87' lang='lat' dir='ltr'>nume·</span> 
     </span>
     <span class='ocr_line' id='line_1_81' title="bbox 82 2852 1124 2892; baseline -0.003 -6"><span class='ocrx_word' id='word_1_631' title='bbox 82 2863 136 2886; x_wconf 83' lang='lat' dir='ltr'>ros</span> <span class='ocrx_word' id='word_1_632' title='bbox 160 2853 338 2885; x_wconf 81' lang='lat' dir='ltr'>carminum</span> <span class='ocrx_word' id='word_1_633' title='bbox 364 2861 421 2892; x_wconf 90' lang='lat' dir='ltr'>pro</span> <span class='ocrx_word' id='word_1_634' title='bbox 445 2861 503 2883; x_wconf 83' lang='lat' dir='ltr'>sua</span> <span class='ocrx_word' id='word_1_635' title='bbox 529 2852 663 2892; x_wconf 81' lang='lat' dir='ltr'>quisque</span> <span class='ocrx_word' id='word_1_636' title='bbox 686 2853 838 2884; x_wconf 83' lang='lat' dir='ltr'>facultate</span> <span class='ocrx_word' id='word_1_637' title='bbox 866 2861 904 2884; x_wconf 88' lang='lat' dir='ltr'>ac</span> <span class='ocrx_word' id='word_1_638' title='bbox 928 2854 1066 2883; x_wconf 87' lang='lat' dir='ltr'>natura:</span> <span class='ocrx_word' id='word_1_639' title='bbox 1092 2853 1124 2883; x_wconf 86' lang='lat' dir='ltr'>et</span> 
     </span>
     <span class='ocr_line' id='line_1_82' title="bbox 81 2903 1124 2943; baseline -0.003 -6"><span class='ocrx_word' id='word_1_640' title='bbox 81 2905 177 2937; x_wconf 90' lang='lat' dir='ltr'>simul</span> <span class='ocrx_word' id='word_1_641' title='bbox 203 2903 362 2935; x_wconf 85' lang='lat' dir='ltr'>diarrhoea</span> <span class='ocrx_word' id='word_1_642' title='bbox 386 2903 566 2934; x_wconf 76' lang='lat' dir='ltr'>vehementi</span> <span class='ocrx_word' id='word_1_643' title='bbox 598 2904 798 2942; x_wconf 80' lang='lat' dir='ltr'>labefactati,</span> <span class='ocrx_word' id='word_1_644' title='bbox 827 2903 976 2943; x_wconf 84' lang='lat' dir='ltr'>jacebant</span> <span class='ocrx_word' id='word_1_645' title='bbox 1004 2903 1037 2934; x_wconf 90' lang='lat' dir='ltr'>iu</span> <span class='ocrx_word' id='word_1_646' title='bbox 1065 2904 1124 2935; x_wconf 73' lang='lat' dir='ltr'>viis</span> 
     </span>
     <span class='ocr_line' id='line_1_83' title="bbox 83 2955 1124 2996; baseline -0.001 -7"><span class='ocrx_word' id='word_1_647' title='bbox 83 2956 266 2995; x_wconf 84' lang='lat' dir='ltr'>exanimes,</span> <span class='ocrx_word' id='word_1_648' title='bbox 295 2956 378 2987; x_wconf 89' lang='lat' dir='ltr'>male</span> <span class='ocrx_word' id='word_1_649' title='bbox 399 2955 573 2986; x_wconf 85' lang='lat' dir='ltr'>admodum</span> <span class='ocrx_word' id='word_1_650' title='bbox 597 2955 638 2986; x_wconf 87' lang='lat' dir='ltr'>ab</span> <span class='ocrx_word' id='word_1_651' title='bbox 655 2956 858 2987; x_wconf 80' lang='lat' dir='ltr'>Andromeda</span> <span class='ocrx_word' id='word_1_652' title='bbox 880 2956 1001 2987; x_wconf 84' lang='lat' dir='ltr'>asllicti.</span> <span class='ocrx_word' id='word_1_653' title='bbox 1021 2958 1124 2996; x_wconf 75' lang='lat' dir='ltr'>Atque</span> 
     </span>
     <span class='ocr_line' id='line_1_84' title="bbox 81 3008 1123 3048; baseline -0.002 -7"><span class='ocrx_word' id='word_1_654' title='bbox 81 3009 260 3047; x_wconf 81' lang='lat' dir='ltr'>adeoviris</span> <span class='ocrx_word' id='word_1_655' title='bbox 275 3008 462 3048; x_wconf 76' lang='lat' dir='ltr'>seminisque</span> <span class='ocrx_word' id='word_1_656' title='bbox 477 3008 608 3039; x_wconf 80' lang='lat' dir='ltr'>viduata</span> <span class='ocrx_word' id='word_1_657' title='bbox 636 3008 714 3039; x_wconf 87' lang='lat' dir='ltr'>urbs</span> <span class='ocrx_word' id='word_1_658' title='bbox 731 3009 807 3047; x_wconf 86' lang='lat' dir='ltr'>suit,</span> <span class='ocrx_word' id='word_1_659' title='bbox 839 3010 873 3040; x_wconf 90' lang='lat' dir='ltr'>ut</span> <span class='ocrx_word' id='word_1_660' title='bbox 898 3017 968 3040; x_wconf 89' lang='lat' dir='ltr'>eam</span> <span class='ocrx_word' id='word_1_661' title='bbox 997 3008 1123 3039; x_wconf 85' lang='lat' dir='ltr'>finitimi</span> 
     </span>
     <span class='ocr_line' id='line_1_85' title="bbox 82 3059 1124 3101; baseline -0.002 -8"><span class='ocrx_word' id='word_1_662' title='bbox 82 3062 284 3101; x_wconf 78' lang='lat' dir='ltr'>frequentare</span> <span class='ocrx_word' id='word_1_663' title='bbox 295 3059 471 3090; x_wconf 84' lang='lat' dir='ltr'>debuerint.</span> <span class='ocrx_word' id='word_1_664' title='bbox 489 3063 553 3099; x_wconf 78' lang='lat' dir='ltr'>Age</span> <span class='ocrx_word' id='word_1_665' title='bbox 567 3068 642 3090; x_wconf 85' lang='lat' dir='ltr'>vero</span> <span class='ocrx_word' id='word_1_666' title='bbox 657 3059 717 3090; x_wconf 90' lang='lat' dir='ltr'>illis</span> <span class='ocrx_word' id='word_1_667' title='bbox 724 3059 865 3091; x_wconf 80' lang='lat' dir='ltr'>barbaris</span> <span class='ocrx_word' id='word_1_668' title='bbox 879 3068 1008 3091; x_wconf 79' lang='lat' dir='ltr'>causam</span> <span class='ocrx_word' id='word_1_669' title='bbox 1020 3060 1124 3091; x_wconf 85' lang='lat' dir='ltr'>morbi</span> 
     </span>
     <span class='ocr_line' id='line_1_86' title="bbox 82 3110 1123 3150; baseline -0.002 -6"><span class='ocrx_word' id='word_1_670' title='bbox 82 3113 179 3144; x_wconf 82' lang='lat' dir='ltr'>fuisse</span> <span class='ocrx_word' id='word_1_671' title='bbox 191 3111 389 3143; x_wconf 81' lang='lat' dir='ltr'>harmoniam</span> <span class='ocrx_word' id='word_1_672' title='bbox 402 3112 548 3150; x_wconf 87' lang='lat' dir='ltr'>reputare</span> <span class='ocrx_word' id='word_1_673' title='bbox 564 3110 648 3149; x_wconf 85' lang='lat' dir='ltr'>licet,</span> <span class='ocrx_word' id='word_1_674' title='bbox 665 3119 724 3141; x_wconf 85' lang='lat' dir='ltr'>nec</span> <span class='ocrx_word' id='word_1_675' title='bbox 740 3119 803 3142; x_wconf 89' lang='lat' dir='ltr'>non</span> <span class='ocrx_word' id='word_1_676' title='bbox 817 3111 898 3142; x_wconf 85' lang='lat' dir='ltr'>aeris</span> <span class='ocrx_word' id='word_1_677' title='bbox 914 3111 1051 3142; x_wconf 86' lang='lat' dir='ltr'>calorem</span> <span class='ocrx_word' id='word_1_678' title='bbox 1063 3112 1123 3142; x_wconf 89' lang='lat' dir='ltr'>im-</span> 
     </span>
     <span class='ocr_line' id='line_1_87' title="bbox 83 3161 1124 3202; baseline -0.002 -7"><span class='ocrx_word' id='word_1_679' title='bbox 83 3162 263 3202; x_wconf 85' lang='lat' dir='ltr'>modicum,</span> <span class='ocrx_word' id='word_1_680' title='bbox 292 3161 347 3202; x_wconf 88' lang='lat' dir='ltr'>qui</span> <span class='ocrx_word' id='word_1_681' title='bbox 373 3164 505 3192; x_wconf 86' lang='lat' dir='ltr'>cautum</span> <span class='ocrx_word' id='word_1_682' title='bbox 534 3170 588 3201; x_wconf 85' lang='lat' dir='ltr'>per</span> <span class='ocrx_word' id='word_1_683' title='bbox 615 3170 709 3192; x_wconf 91' lang='lat' dir='ltr'>aures</span> <span class='ocrx_word' id='word_1_684' title='bbox 741 3161 772 3192; x_wconf 88' lang='lat' dir='ltr'>iu</span> <span class='ocrx_word' id='word_1_685' title='bbox 805 3162 919 3192; x_wconf 76' lang='lat' dir='ltr'>animae</span> <span class='ocrx_word' id='word_1_686' title='bbox 956 3162 1124 3193; x_wconf 75' lang='lat' dir='ltr'>facultates</span> 
     </span>
     <span class='ocr_line' id='line_1_88' title="bbox 82 3212 1123 3254; baseline -0.004 -7"><span class='ocrx_word' id='word_1_687' title='bbox 82 3214 226 3247; x_wconf 85' lang='lat' dir='ltr'>dissolvit</span> <span class='ocrx_word' id='word_1_688' title='bbox 247 3215 343 3254; x_wconf 86' lang='lat' dir='ltr'>atque</span> <span class='ocrx_word' id='word_1_689' title='bbox 365 3212 511 3253; x_wconf 87' lang='lat' dir='ltr'>perussit.</span> <span class='ocrx_word' id='word_1_690' title='bbox 539 3215 576 3243; x_wconf 90' lang='lat' dir='ltr'>lu</span> <span class='ocrx_word' id='word_1_691' title='bbox 603 3216 722 3243; x_wconf 82' lang='lat' dir='ltr'>nostrae</span> <span class='ocrx_word' id='word_1_692' title='bbox 753 3221 828 3244; x_wconf 85' lang='lat' dir='ltr'>vero</span> <span class='ocrx_word' id='word_1_693' title='bbox 854 3212 958 3244; x_wconf 79' lang='lat' dir='ltr'>aetatis</span> <span class='ocrx_word' id='word_1_694' title='bbox 984 3213 1123 3243; x_wconf 88' lang='lat' dir='ltr'>homiui-</span> 
     </span>
     <span class='ocr_line' id='line_1_89' title="bbox 82 3263 1123 3305; baseline -0.001 -8"><span class='ocrx_word' id='word_1_695' title='bbox 82 3266 143 3298; x_wconf 88' lang='lat' dir='ltr'>bus</span> <span class='ocrx_word' id='word_1_696' title='bbox 163 3273 277 3296; x_wconf 85' lang='lat' dir='ltr'>causas</span> <span class='ocrx_word' id='word_1_697' title='bbox 303 3263 457 3305; x_wconf 85' lang='lat' dir='ltr'>passionis</span> <span class='ocrx_word' id='word_1_698' title='bbox 482 3264 574 3295; x_wconf 83' lang='lat' dir='ltr'>facilc</span> <span class='ocrx_word' id='word_1_699' title='bbox 600 3273 753 3304; x_wconf 79' lang='lat' dir='ltr'>agnoscas</span> <span class='ocrx_word' id='word_1_700' title='bbox 778 3277 784 3295; x_wconf 78' lang='lat' dir='ltr'><strong><em>z</em></strong></span> <span class='ocrx_word' id='word_1_701' title='bbox 806 3265 921 3295; x_wconf 83' lang='lat' dir='ltr'>etenim</span> <span class='ocrx_word' id='word_1_702' title='bbox 945 3266 1070 3295; x_wconf 77' lang='lat' dir='ltr'>cunctae</span> <span class='ocrx_word' id='word_1_703' title='bbox 1092 3265 1123 3296; x_wconf 91' lang='lat' dir='ltr'>in</span> 
     </span>
     <span class='ocr_line' id='line_1_90' title="bbox 81 3315 1123 3356; baseline -0.001 -8"><span class='ocrx_word' id='word_1_704' title='bbox 81 3318 194 3349; x_wconf 85' lang='lat' dir='ltr'>ventre</span> <span class='ocrx_word' id='word_1_705' title='bbox 210 3316 340 3348; x_wconf 79' lang='lat' dir='ltr'>fuerunt</span> <span class='ocrx_word' id='word_1_706' title='bbox 362 3316 460 3356; x_wconf 84' lang='lat' dir='ltr'>atque</span> <span class='ocrx_word' id='word_1_707' title='bbox 483 3315 516 3346; x_wconf 92' lang='lat' dir='ltr'>in</span> <span class='ocrx_word' id='word_1_708' title='bbox 537 3315 591 3354; x_wconf 86' lang='lat' dir='ltr'>iis,</span> <span class='ocrx_word' id='word_1_709' title='bbox 615 3324 687 3355; x_wconf 80' lang='lat' dir='ltr'>quae</span> <span class='ocrx_word' id='word_1_710' title='bbox 710 3315 768 3346; x_wconf 77' lang='lat' dir='ltr'>sub</span> <span class='ocrx_word' id='word_1_711' title='bbox 790 3317 899 3346; x_wconf 80' lang='lat' dir='ltr'>ventre</span> <span class='ocrx_word' id='word_1_712' title='bbox 921 3316 1123 3351; x_wconf 65' lang='lat' dir='ltr'>sunt-Quod</span> 
     </span>
     <span class='ocr_line' id='line_1_91' title="bbox 82 3367 1123 3408; baseline -0.003 -7"><span class='ocrx_word' id='word_1_713' title='bbox 82 3371 191 3401; x_wconf 78' lang='lat' dir='ltr'>autem</span> <span class='ocrx_word' id='word_1_714' title='bbox 204 3367 348 3400; x_wconf 91' lang='lat' dir='ltr'>nonnulli</span> <span class='ocrx_word' id='word_1_715' title='bbox 361 3376 491 3408; x_wconf 87' lang='lat' dir='ltr'>quoque</span> <span class='ocrx_word' id='word_1_716' title='bbox 503 3375 520 3398; x_wconf 83' lang='lat' dir='ltr'>e</span> <span class='ocrx_word' id='word_1_717' title='bbox 534 3375 668 3398; x_wconf 86' lang='lat' dir='ltr'>numero</span> <span class='ocrx_word' id='word_1_718' title='bbox 683 3376 746 3398; x_wconf 90' lang='lat' dir='ltr'>nou</span> <span class='ocrx_word' id='word_1_719' title='bbox 764 3367 977 3406; x_wconf 85' lang='lat' dir='ltr'>insipientium</span> <span class='ocrx_word' id='word_1_720' title='bbox 1001 3367 1032 3397; x_wconf 91' lang='lat' dir='ltr'>iu</span> <span class='ocrx_word' id='word_1_721' title='bbox 1048 3376 1123 3398; x_wconf 84' lang='lat' dir='ltr'>eum</span> 
     </span>
     <span class='ocr_line' id='line_1_92' title="bbox 83 3417 1120 3461; baseline -0.005 -9"><span class='ocrx_word' id='word_1_722' title='bbox 83 3429 191 3453; x_wconf 86' lang='lat' dir='ltr'>casum</span> <span class='ocrx_word' id='word_1_723' title='bbox 208 3419 344 3461; x_wconf 82' lang='lat' dir='ltr'>prolapsi</span> <span class='ocrx_word' id='word_1_724' title='bbox 362 3418 498 3457; x_wconf 83' lang='lat' dir='ltr'>fuerint,</span> <span class='ocrx_word' id='word_1_725' title='bbox 513 3418 544 3449; x_wconf 84' lang='lat' dir='ltr'>id</span> <span class='ocrx_word' id='word_1_726' title='bbox 557 3427 621 3450; x_wconf 90' lang='lat' dir='ltr'>non</span> <span class='ocrx_word' id='word_1_727' title='bbox 637 3419 701 3449; x_wconf 88' lang='lat' dir='ltr'>tam</span> <span class='ocrx_word' id='word_1_728' title='bbox 719 3418 986 3457; x_wconf 81' lang='lat' dir='ltr'>naturali‚quam</span> <span class='ocrx_word' id='word_1_729' title='bbox 1005 3417 1120 3448; x_wconf 69' lang='lat' dir='ltr'>diviua,-</span> 
     </span>
    </p>
   </div>
   <div class='ocr_carea' id='block_1_8' title="bbox 1181 2486 2228 2532">
    <p class='ocr_par' dir='ltr' id='par_1_9' title="bbox 1181 2486 2228 2532">
     <span class='ocr_line' id='line_1_93' title="bbox 1181 2486 2228 2532; baseline -0.001 -13"><span class='ocrx_word' id='word_1_730' title='bbox 1181 2487 1288 2519; x_wconf 89' lang='lat' dir='ltr'>nescio</span> <span class='ocrx_word' id='word_1_731' title='bbox 1307 2487 1358 2518; x_wconf 86' lang='lat' dir='ltr'>cui</span> <span class='ocrx_word' id='word_1_732' title='bbox 1381 2486 1590 2518; x_wconf 88' lang='lat' dir='ltr'>commotioni</span> <span class='ocrx_word' id='word_1_733' title='bbox 1606 2486 1720 2518; x_wconf 88' lang='lat' dir='ltr'>merito</span> <span class='ocrx_word' id='word_1_734' title='bbox 1738 2486 1945 2518; x_wconf 77' lang='lat' dir='ltr'>tribuendum</span> <span class='ocrx_word' id='word_1_735' title='bbox 1966 2487 2014 2518; x_wconf 86' lang='lat' dir='ltr'>est</span> <span class='ocrx_word' id='word_1_736' title='bbox 2036 2486 2142 2532; x_wconf 26' lang='lat' dir='ltr'>:nquia</span> <span class='ocrx_word' id='word_1_737' title='bbox 2166 2487 2228 2518; x_wconf 90' lang='lat' dir='ltr'>sci-</span> 
     </span>
    </p>
   </div>
   <div class='ocr_carea' id='block_1_9' title="bbox 1149 2509 2227 2579">
    <p class='ocr_par' dir='ltr' id='par_1_10' title="bbox 1149 2509 2227 2579">
     <span class='ocr_line' id='line_1_94' title="bbox 1149 2509 2227 2579; baseline 0.001 -9"><span class='ocrx_word' id='word_1_738' title='bbox 1149 2509 1154 2564; x_wconf 75' lang='lat' dir='ltr'>i</span> <span class='ocrx_word' id='word_1_739' title='bbox 1181 2539 1256 2571; x_wconf 85' lang='lat' dir='ltr'>licet</span> <span class='ocrx_word' id='word_1_740' title='bbox 1277 2539 1367 2570; x_wconf 79' lang='lat' dir='ltr'>furiis</span> <span class='ocrx_word' id='word_1_741' title='bbox 1389 2538 1570 2578; x_wconf 64' lang='lat' dir='ltr'>poenalibus</span> <span class='ocrx_word' id='word_1_742' title='bbox 1598 2539 1737 2579; x_wconf 80' lang='lat' dir='ltr'>agitatur</span> <span class='ocrx_word' id='word_1_743' title='bbox 1769 2539 1942 2579; x_wconf 87' lang='lat' dir='ltr'>aliquando</span> <span class='ocrx_word' id='word_1_744' title='bbox 1974 2539 2116 2571; x_wconf 83' lang='lat' dir='ltr'>humana</span> <span class='ocrx_word' id='word_1_745' title='bbox 2148 2547 2227 2571; x_wconf 88' lang='lat' dir='ltr'>con-</span> 
     </span>
    </p>
   </div>
   <div class='ocr_carea' id='block_1_10' title="bbox 1180 2590 2228 3456">
    <p class='ocr_par' dir='ltr' id='par_1_11' title="bbox 1180 2590 1732 2677">
     <span class='ocr_line' id='line_1_95' title="bbox 1180 2590 1270 2623; baseline 0 -1"><span class='ocrx_word' id='word_1_746' title='bbox 1180 2590 1270 2623; x_wconf 86' lang='lat' dir='ltr'>ditio.</span> 
     </span>
     <span class='ocr_line' id='line_1_96' title="bbox 1673 2645 1732 2677; baseline -0.017 0"><span class='ocrx_word' id='word_1_747' title='bbox 1673 2645 1732 2677; x_wconf 89' lang='lat'>55.</span> 
     </span>
    </p>

    <p class='ocr_par' dir='ltr' id='par_1_12' title="bbox 1183 2693 2228 3456">
     <span class='ocr_line' id='line_1_97' title="bbox 1224 2693 2223 2734; baseline 0.001 -9"><span class='ocrx_word' id='word_1_748' title='bbox 1224 2696 1405 2726; x_wconf 83' lang='lat' dir='ltr'>Innumerae</span> <span class='ocrx_word' id='word_1_749' title='bbox 1421 2693 1560 2726; x_wconf 86' lang='lat' dir='ltr'>hostium</span> <span class='ocrx_word' id='word_1_750' title='bbox 1582 2693 1700 2724; x_wconf 80' lang='lat' dir='ltr'>turmae</span> <span class='ocrx_word' id='word_1_751' title='bbox 1723 2693 1878 2734; x_wconf 88' lang='lat' dir='ltr'>principio</span> <span class='ocrx_word' id='word_1_752' title='bbox 1894 2693 2014 2726; x_wconf 83' lang='lat' dir='ltr'>flumen</span> <span class='ocrx_word' id='word_1_753' title='bbox 2034 2694 2223 2734; x_wconf 80' lang='lat' dir='ltr'>tranarunt;</span> 
     </span>
     <span class='ocr_line' id='line_1_98' title="bbox 1184 2745 2226 2787; baseline -0.001 -9"><span class='ocrx_word' id='word_1_754' title='bbox 1184 2747 1356 2787; x_wconf 81' lang='lat' dir='ltr'>pluresque</span> <span class='ocrx_word' id='word_1_755' title='bbox 1371 2748 1490 2778; x_wconf 81' lang='lat' dir='ltr'>secutae</span> <span class='ocrx_word' id='word_1_756' title='bbox 1506 2746 1581 2777; x_wconf 86' lang='lat' dir='ltr'>sunt</span> <span class='ocrx_word' id='word_1_757' title='bbox 1591 2769 1600 2785; x_wconf 92' lang='lat'>‚</span> <span class='ocrx_word' id='word_1_758' title='bbox 1614 2745 1802 2785; x_wconf 84' lang='lat' dir='ltr'>prohibente</span> <span class='ocrx_word' id='word_1_759' title='bbox 1813 2745 1958 2785; x_wconf 80' lang='lat' dir='ltr'>nemine3</span> <span class='ocrx_word' id='word_1_760' title='bbox 1976 2755 2089 2777; x_wconf 87' lang='lat' dir='ltr'>verum</span> <span class='ocrx_word' id='word_1_761' title='bbox 2109 2745 2141 2777; x_wconf 88' lang='lat' dir='ltr'>in</span> <span class='ocrx_word' id='word_1_762' title='bbox 2154 2747 2226 2782; x_wconf 86' lang='lat' dir='ltr'>tan-</span> 
     </span>
     <span class='ocr_line' id='line_1_99' title="bbox 1183 2796 2226 2839; baseline -0.001 -9"><span class='ocrx_word' id='word_1_763' title='bbox 1183 2799 1225 2830; x_wconf 86' lang='lat' dir='ltr'>tis</span> <span class='ocrx_word' id='word_1_764' title='bbox 1240 2799 1330 2830; x_wconf 87' lang='lat' dir='ltr'>malis</span> <span class='ocrx_word' id='word_1_765' title='bbox 1344 2798 1532 2839; x_wconf 82' lang='lat' dir='ltr'>praeclarum</span> <span class='ocrx_word' id='word_1_766' title='bbox 1553 2797 1668 2828; x_wconf 82' lang='lat' dir='ltr'>nostris</span> <span class='ocrx_word' id='word_1_767' title='bbox 1682 2796 1850 2828; x_wconf 87' lang='lat' dir='ltr'>videbatur</span> <span class='ocrx_word' id='word_1_768' title='bbox 1873 2797 1998 2828; x_wconf 85' lang='lat' dir='ltr'>lucrum</span> <span class='ocrx_word' id='word_1_769' title='bbox 2008 2820 2017 2835; x_wconf 94' lang='lat'>,</span> <span class='ocrx_word' id='word_1_770' title='bbox 2031 2797 2108 2828; x_wconf 90' lang='lat' dir='ltr'>dum</span> <span class='ocrx_word' id='word_1_771' title='bbox 2119 2806 2152 2829; x_wconf 85' lang='lat' dir='ltr'>se</span> <span class='ocrx_word' id='word_1_772' title='bbox 2169 2796 2226 2829; x_wconf 89' lang='lat' dir='ltr'>do·</span> 
     </span>
     <span class='ocr_line' id='line_1_100' title="bbox 1184 2849 2228 2890; baseline -0.001 -8"><span class='ocrx_word' id='word_1_773' title='bbox 1184 2851 1233 2882; x_wconf 90' lang='lat' dir='ltr'>nis</span> <span class='ocrx_word' id='word_1_774' title='bbox 1245 2851 1286 2883; x_wconf 88' lang='lat' dir='ltr'>ab</span> <span class='ocrx_word' id='word_1_775' title='bbox 1301 2851 1392 2883; x_wconf 88' lang='lat' dir='ltr'>hoste</span> <span class='ocrx_word' id='word_1_776' title='bbox 1407 2850 1567 2890; x_wconf 78' lang='lat' dir='ltr'>cormmpi</span> <span class='ocrx_word' id='word_1_777' title='bbox 1592 2850 1786 2890; x_wconf 85' lang='lat' dir='ltr'>paterentur.</span> <span class='ocrx_word' id='word_1_778' title='bbox 1812 2849 1950 2889; x_wconf 78' lang='lat' dir='ltr'>Singulae</span> <span class='ocrx_word' id='word_1_779' title='bbox 1975 2858 2051 2881; x_wconf 82' lang='lat' dir='ltr'>vero</span> <span class='ocrx_word' id='word_1_780' title='bbox 2078 2849 2228 2882; x_wconf 82' lang='lat' dir='ltr'>barbaro-</span> 
     </span>
     <span class='ocr_line' id='line_1_101' title="bbox 1185 2900 2227 2942; baseline -0.001 -9"><span class='ocrx_word' id='word_1_781' title='bbox 1185 2911 1256 2934; x_wconf 89' lang='lat' dir='ltr'>rum</span> <span class='ocrx_word' id='word_1_782' title='bbox 1279 2903 1384 2934; x_wconf 85' lang='lat' dir='ltr'>tribus</span> <span class='ocrx_word' id='word_1_783' title='bbox 1397 2911 1487 2934; x_wconf 87' lang='lat' dir='ltr'>sacra</span> <span class='ocrx_word' id='word_1_784' title='bbox 1503 2901 1605 2942; x_wconf 85' lang='lat' dir='ltr'>patria</span> <span class='ocrx_word' id='word_1_785' title='bbox 1620 2909 1728 2933; x_wconf 87' lang='lat' dir='ltr'>secum</span> <span class='ocrx_word' id='word_1_786' title='bbox 1752 2900 1912 2932; x_wconf 82' lang='lat' dir='ltr'>vehebant</span> <span class='ocrx_word' id='word_1_787' title='bbox 1940 2910 2014 2932; x_wconf 82' lang='lat' dir='ltr'>cum</span> <span class='ocrx_word' id='word_1_788' title='bbox 2042 2900 2156 2932; x_wconf 89' lang='lat' dir='ltr'>horum</span> <span class='ocrx_word' id='word_1_789' title='bbox 2185 2909 2227 2932; x_wconf 84' lang='lat' dir='ltr'>ex</span> 
     </span>
     <span class='ocr_line' id='line_1_102' title="bbox 1184 2951 2226 2994; baseline -0.002 -9"><span class='ocrx_word' id='word_1_790' title='bbox 1184 2956 1323 2994; x_wconf 86' lang='lat' dir='ltr'>utroque</span> <span class='ocrx_word' id='word_1_791' title='bbox 1335 2963 1414 2986; x_wconf 73' lang='lat' dir='ltr'>sexu</span> <span class='ocrx_word' id='word_1_792' title='bbox 1424 2953 1584 2984; x_wconf 83' lang='lat' dir='ltr'>ministris.</span> <span class='ocrx_word' id='word_1_793' title='bbox 1595 2953 1656 2984; x_wconf 89' lang='lat' dir='ltr'>Sed</span> <span class='ocrx_word' id='word_1_794' title='bbox 1669 2952 1752 2984; x_wconf 85' lang='lat' dir='ltr'>enim</span> <span class='ocrx_word' id='word_1_795' title='bbox 1766 2953 1867 2983; x_wconf 86' lang='lat' dir='ltr'>altum</span> <span class='ocrx_word' id='word_1_796' title='bbox 1879 2953 1976 2992; x_wconf 86' lang='lat' dir='ltr'>atque</span> <span class='ocrx_word' id='word_1_797' title='bbox 1986 2951 2226 2984; x_wconf 88' lang='lat' dir='ltr'>adamantinum</span> 
     </span>
     <span class='ocr_line' id='line_1_103' title="bbox 1184 3003 2226 3045; baseline -0.003 -8"><span class='ocrx_word' id='word_1_798' title='bbox 1184 3006 1224 3037; x_wconf 87' lang='lat' dir='ltr'>de</span> <span class='ocrx_word' id='word_1_799' title='bbox 1241 3006 1288 3037; x_wconf 88' lang='lat' dir='ltr'>his</span> <span class='ocrx_word' id='word_1_800' title='bbox 1297 3007 1367 3037; x_wconf 90' lang='lat' dir='ltr'>erat</span> <span class='ocrx_word' id='word_1_801' title='bbox 1388 3005 1550 3037; x_wconf 87' lang='lat' dir='ltr'>silentium</span> <span class='ocrx_word' id='word_1_802' title='bbox 1565 3029 1573 3045; x_wconf 92' lang='lat'>‚</span> <span class='ocrx_word' id='word_1_803' title='bbox 1598 3005 1630 3036; x_wconf 86' lang='lat' dir='ltr'>et</span> <span class='ocrx_word' id='word_1_804' title='bbox 1644 3003 1870 3044; x_wconf 85' lang='lat' dir='ltr'>mysteriorum</span> <span class='ocrx_word' id='word_1_805' title='bbox 1895 3003 2118 3042; x_wconf 78' lang='lat' dir='ltr'>taciturnitas3</span> <span class='ocrx_word' id='word_1_806' title='bbox 2133 3004 2226 3044; x_wconf 87' lang='lat' dir='ltr'>quic-</span> 
     </span>
     <span class='ocr_line' id='line_1_104' title="bbox 1183 3055 2225 3098; baseline -0.003 -8"><span class='ocrx_word' id='word_1_807' title='bbox 1183 3058 1261 3098; x_wconf 88' lang='lat' dir='ltr'>quid</span> <span class='ocrx_word' id='word_1_808' title='bbox 1272 3067 1348 3090; x_wconf 87' lang='lat' dir='ltr'>vero</span> <span class='ocrx_word' id='word_1_809' title='bbox 1361 3058 1558 3090; x_wconf 83' lang='lat' dir='ltr'>extrinsecus</span> <span class='ocrx_word' id='word_1_810' title='bbox 1571 3066 1625 3097; x_wconf 85' lang='lat' dir='ltr'>per</span> <span class='ocrx_word' id='word_1_811' title='bbox 1636 3056 1896 3088; x_wconf 87' lang='lat' dir='ltr'>simulamentum</span> <span class='ocrx_word' id='word_1_812' title='bbox 1907 3055 2107 3096; x_wconf 80' lang='lat' dir='ltr'>speciemque</span> <span class='ocrx_word' id='word_1_813' title='bbox 2118 3056 2225 3095; x_wconf 77' lang='lat' dir='ltr'>tiebat,</span> 
     </span>
     <span class='ocr_line' id='line_1_105' title="bbox 1184 3108 2224 3150; baseline -0.001 -8"><span class='ocrx_word' id='word_1_814' title='bbox 1184 3111 1216 3142; x_wconf 91' lang='lat' dir='ltr'>id</span> <span class='ocrx_word' id='word_1_815' title='bbox 1231 3120 1326 3142; x_wconf 89' lang='lat' dir='ltr'>omne</span> <span class='ocrx_word' id='word_1_816' title='bbox 1342 3111 1384 3142; x_wconf 87' lang='lat' dir='ltr'>ad</span> <span class='ocrx_word' id='word_1_817' title='bbox 1395 3110 1598 3150; x_wconf 86' lang='lat' dir='ltr'>decipiendos</span> <span class='ocrx_word' id='word_1_818' title='bbox 1612 3110 1718 3141; x_wconf 87' lang='lat' dir='ltr'>hostes</span> <span class='ocrx_word' id='word_1_819' title='bbox 1731 3108 1943 3149; x_wconf 77' lang='lat' dir='ltr'>compositum</span> <span class='ocrx_word' id='word_1_820' title='bbox 1959 3109 2224 3150; x_wconf 82' lang='lat' dir='ltr'>elaboratumque</span> 
     </span>
     <span class='ocr_line' id='line_1_106' title="bbox 1185 3160 2226 3203; baseline -0.002 -8"><span class='ocrx_word' id='word_1_821' title='bbox 1185 3165 1272 3203; x_wconf 82' lang='lat' dir='ltr'>erat3</span> <span class='ocrx_word' id='word_1_822' title='bbox 1292 3171 1390 3203; x_wconf 85' lang='lat' dir='ltr'>seque</span> <span class='ocrx_word' id='word_1_823' title='bbox 1403 3161 1601 3194; x_wconf 84' lang='lat' dir='ltr'>Christianos</span> <span class='ocrx_word' id='word_1_824' title='bbox 1613 3161 1721 3192; x_wconf 78' lang='lat' dir='ltr'>cuncti</span> <span class='ocrx_word' id='word_1_825' title='bbox 1735 3160 1904 3199; x_wconf 85' lang='lat' dir='ltr'>dicebant,</span> <span class='ocrx_word' id='word_1_826' title='bbox 1919 3161 1952 3192; x_wconf 89' lang='lat' dir='ltr'>et</span> <span class='ocrx_word' id='word_1_827' title='bbox 1974 3160 2131 3200; x_wconf 89' lang='lat' dir='ltr'>quosdam</span> <span class='ocrx_word' id='word_1_828' title='bbox 2150 3169 2226 3193; x_wconf 87' lang='lat' dir='ltr'>suos</span> 
     </span>
     <span class='ocr_line' id='line_1_107' title="bbox 1184 3211 2225 3254; baseline -0.001 -9"><span class='ocrx_word' id='word_1_829' title='bbox 1184 3214 1284 3246; x_wconf 87' lang='lat' dir='ltr'>veluti</span> <span class='ocrx_word' id='word_1_830' title='bbox 1302 3213 1464 3254; x_wconf 83' lang='lat' dir='ltr'>episcopos</span> <span class='ocrx_word' id='word_1_831' title='bbox 1488 3212 1569 3244; x_wconf 88' lang='lat' dir='ltr'>miro</span> <span class='ocrx_word' id='word_1_832' title='bbox 1592 3212 1652 3244; x_wconf 88' lang='lat' dir='ltr'>isto</span> <span class='ocrx_word' id='word_1_833' title='bbox 1674 3211 1782 3243; x_wconf 87' lang='lat' dir='ltr'>habitu</span> <span class='ocrx_word' id='word_1_834' title='bbox 1806 3211 1934 3243; x_wconf 88' lang='lat' dir='ltr'>indutos</span> <span class='ocrx_word' id='word_1_835' title='bbox 1957 3212 2158 3252; x_wconf 83' lang='lat' dir='ltr'>multamque</span> <span class='ocrx_word' id='word_1_836' title='bbox 2186 3212 2225 3244; x_wconf 87' lang='lat' dir='ltr'>iis</span> 
     </span>
     <span class='ocr_line' id='line_1_108' title="bbox 1183 3260 2225 3305; baseline -0.003 -10"><span class='ocrx_word' id='word_1_837' title='bbox 1183 3264 1391 3305; x_wconf 87' lang='lat' dir='ltr'>imposturam</span> <span class='ocrx_word' id='word_1_838' title='bbox 1410 3263 1703 3303; x_wconf 85' lang='lat' dir='ltr'>circumponentes,</span> <span class='ocrx_word' id='word_1_839' title='bbox 1722 3261 1753 3292; x_wconf 91' lang='lat' dir='ltr'>in</span> <span class='ocrx_word' id='word_1_840' title='bbox 1771 3260 1910 3292; x_wconf 87' lang='lat' dir='ltr'>medium</span> <span class='ocrx_word' id='word_1_841' title='bbox 1924 3260 2154 3301; x_wconf 80' lang='lat' dir='ltr'>producebant.</span> <span class='ocrx_word' id='word_1_842' title='bbox 2173 3260 2225 3293; x_wconf 84' lang='lat' dir='ltr'>Sic</span> 
     </span>
     <span class='ocr_line' id='line_1_109' title="bbox 1183 3313 2224 3356; baseline -0.004 -8"><span class='ocrx_word' id='word_1_843' title='bbox 1183 3317 1268 3349; x_wconf 90' lang='lat' dir='ltr'>enim</span> <span class='ocrx_word' id='word_1_844' title='bbox 1277 3316 1396 3348; x_wconf 86' lang='lat' dir='ltr'>dabant</span> <span class='ocrx_word' id='word_1_845' title='bbox 1405 3325 1546 3356; x_wconf 87' lang='lat' dir='ltr'>operam,</span> <span class='ocrx_word' id='word_1_846' title='bbox 1555 3315 1784 3354; x_wconf 83' lang='lat' dir='ltr'>utimprovisos</span> <span class='ocrx_word' id='word_1_847' title='bbox 1796 3322 1852 3345; x_wconf 87' lang='lat' dir='ltr'>nos</span> <span class='ocrx_word' id='word_1_848' title='bbox 1865 3313 2080 3354; x_wconf 82' lang='lat' dir='ltr'>opprimerent</span> <span class='ocrx_word' id='word_1_849' title='bbox 2092 3315 2224 3354; x_wconf 89' lang='lat' dir='ltr'>propter</span> 
     </span>
     <span class='ocr_line' id='line_1_110' title="bbox 1183 3365 2225 3408; baseline -0.002 -9"><span class='ocrx_word' id='word_1_850' title='bbox 1183 3369 1382 3400; x_wconf 86' lang='lat' dir='ltr'>sacramenta</span> <span class='ocrx_word' id='word_1_851' title='bbox 1393 3367 1476 3408; x_wconf 89' lang='lat' dir='ltr'>apud</span> <span class='ocrx_word' id='word_1_852' title='bbox 1489 3367 1559 3398; x_wconf 88' lang='lat' dir='ltr'>illos</span> <span class='ocrx_word' id='word_1_853' title='bbox 1571 3366 1700 3406; x_wconf 88' lang='lat' dir='ltr'>quidem</span> <span class='ocrx_word' id='word_1_854' title='bbox 1713 3366 1906 3405; x_wconf 84' lang='lat' dir='ltr'>contempta.</span> <span class='ocrx_word' id='word_1_855' title='bbox 1921 3365 2005 3405; x_wconf 86' lang='lat' dir='ltr'>apud</span> <span class='ocrx_word' id='word_1_856' title='bbox 2018 3365 2225 3405; x_wconf 72' lang='lat' dir='ltr'>imperatores</span> 
     </span>
     <span class='ocr_line' id='line_1_111' title="bbox 1185 3414 2226 3456; baseline -0.004 -7"><span class='ocrx_word' id='word_1_857' title='bbox 1185 3419 1292 3449; x_wconf 77' lang='lat' dir='ltr'>autem</span> <span class='ocrx_word' id='word_1_858' title='bbox 1310 3419 1435 3449; x_wconf 76' lang='lat' dir='ltr'>nostros</span> <span class='ocrx_word' id='word_1_859' title='bbox 1450 3416 1591 3456; x_wconf 77' lang='lat' dir='ltr'>religiose</span> <span class='ocrx_word' id='word_1_860' title='bbox 1608 3416 1745 3447; x_wconf 79' lang='lat' dir='ltr'>servata.</span> <span class='ocrx_word' id='word_1_861' title='bbox 1772 3416 1846 3446; x_wconf 85' lang='lat' dir='ltr'>Erat</span> <span class='ocrx_word' id='word_1_862' title='bbox 1867 3416 2020 3454; x_wconf 70' lang='lat' dir='ltr'>pra-terea</span> <span class='ocrx_word' id='word_1_863' title='bbox 2043 3414 2126 3455; x_wconf 83' lang='lat' dir='ltr'>apud</span> <span class='ocrx_word' id='word_1_864' title='bbox 2141 3414 2226 3455; x_wconf 83' lang='lat' dir='ltr'>ipsos</span> 
     </span>
    </p>
   </div>
  </div>
 </body>
</html>
