2372 3704
125 236 199 270 516

1040 207 1326 278 meorum,

122 321 229 369 ὁρμῆς
246 320 291 361 εἷς
316 318 354 356 τὸ
377 320 524 357 Πισαῖον
551 317 626 371 ὄρος
652 318 833 372 φέρεσθαι,
855 319 994 370 μείζονα
1015 321 1173 374 μορφὴν.
1220 323 1243 359 l.
1268 323 1290 357 l.
1308 335 1347 370 p.
1376 321 1466 369 458,
1482 323 1524 367 Α,
1539 322 1789 371 Theophilum
1811 295 1896 358 eum
1914 323 2127 367 Theodoto,
2146 323 2257 358 Mna-

123 374 306 427 ἀνθρώπου
329 375 554 424 κεκτημένον.
585 377 655 415 Καὶ
679 377 785 421 οὕτως
801 378 965 424 ἠπατήθη
987 381 1005 416 ὁ
1036 378 1154 430 ὄχλος·

127 436 174 477 ὡς
202 433 371 483 Θεόφιλος
405 435 439 470 ἐν
471 433 619 486 δευτέρῳ
642 436 993 481 Πελοποννησιακῶν.

173 493 350 539 Ejusdem
360 493 501 529 librum
516 492 602 543 Περὶ
615 493 718 531 λίθων
728 495 856 531 laudat
870 496 1094 532 Plutarchus
1102 497 1158 531 De

119 550 211 590 ssuv.
231 565 265 587 c.
290 556 351 596 24,
373 564 387 586 1
412 564 420 586 ε
440 549 560 601 Τίγρις
570 550 725 600 ποταμός
741 553 812 588 ἔστι
827 553 888 597 τῆς
905 551 1083 603 Ἀρμενίας
1102 550 1158 589 τὸν

126 610 204 660 ῥοῦν
222 607 427 660 καταφέρων
447 607 494 651 εἴς
504 623 543 645 τε
562 608 619 646 τὸν
637 608 780 660 Ἀράξην
811 609 870 646 καὶ
887 609 949 655 τὴν
967 608 1153 661 Ἀρσακίδα

122 665 265 715 λίμνην·
287 667 445 704 ἐκαλεῖτο
465 664 500 703 δὲ
519 666 559 704 τὸ
579 665 742 718 πρότερον
763 666 918 714 Σόλλαξ,
935 666 1019 718 ὅπερ
1035 670 1157 718 μεθερ-

123 723 358 773 μηνευόμενόν
390 726 463 762 ἐστι
491 724 709 777 κατωφερής·
744 725 930 775 ὠνομάσθη
965 723 1001 762 δὲ
1038 725 1158 776 Τίγρις

123 781 165 818 δι’
185 781 297 820 αἰτίαν
334 781 508 828 τοιαύτην.
530 782 693 826 Διόνυσος
724 782 815 820 κατὰ
848 782 1008 835 πρόνοιαν
1042 780 1158 833 υΗρας

123 839 283 889 ἐμμανὴς
301 839 496 891 γενόμενος,
519 839 728 892 περιήρχετο
744 844 808 891 γῆν
827 856 864 878 τε
881 839 940 878 καὶ
967 839 1153 886 θάλατταν,

124 898 374 948 ἀπαλλαγῆναι
393 900 453 935 τοῦ
473 896 600 941 πάθους
628 898 747 937 θέλων.
766 897 953 947 Γενόμενος
978 898 1007 934 δ’
1033 899 1068 934 ἐν
1088 903 1157 941 τοῖς

122 956 198 992 κατ’
215 955 396 1006 Ἀρμενίαν
416 954 531 999 τόποις
543 986 552 1003 ,
572 955 633 993 καὶ
658 955 715 993 τὸν
733 954 980 1006 προειρημένον
998 955 1156 1004 ποταμὸν

124 1014 265 1050 διελθεῖν
277 1012 325 1059 μὴ
348 1012 550 1062 δυνάμενος,
565 1013 802 1051 ἐπεκαλέσατο
828 1013 884 1051 τὸν
905 1014 972 1051 Δία
985 1028 992 1037 ·
1013 1011 1158 1064 γενόμε-

125 1085 178 1114 νος
197 1072 225 1108 δ’
252 1071 399 1118 ἐπήκοος
418 1074 435 1109 ὁ
455 1071 546 1117 θεὸς,
576 1071 729 1124 ἔπεμψεν
750 1073 844 1124 αὐτῷ
875 1071 998 1124 τίγριν,
1033 1073 1085 1123 ἐφ’
1116 1067 1156 1117 ἧς

124 1128 310 1172 ἀκινδύνως
329 1129 586 1181 προσενεχθεὶς,
610 1131 657 1172 εἷς
675 1129 779 1179 τιμὴν
800 1132 868 1167 τῶν
883 1127 1155 1178 συμὸεὸηκότων

122 1186 179 1223 τὸν
199 1185 355 1236 ποταμὸν
372 1185 494 1237 Τίγριν
516 1186 757 1236 μετωνόμασε·
777 1186 889 1230 καθὼς
905 1187 1035 1238 ἱστορεῖ
1048 1185 1153 1225 Θεό-

121 1244 238 1293 φιλος
256 1245 296 1281 ἐν
317 1243 361 1281 α’
385 1243 491 1295 Περὶ
512 1243 654 1284 λίθων.

332 1343 643 1381 ΠΕΡΙΗΓΗΣΙΣ
687 1344 943 1382 ΣΙΚΕΛΙΑΣ.

380 1437 409 1471 Ε
438 1437 585 1473 LIBRO
613 1437 885 1474 UNDECIMO.

619 1523 655 1559 3.

173 1609 301 1657 steph.
324 1611 411 1657 Byz.
439 1623 446 1645 :
472 1607 633 1654 Παλική,
656 1607 755 1651 πόλις
783 1607 958 1651 Σικελίας.
987 1606 1156 1659 Θεόφιλος

123 1666 154 1701 δ’
174 1667 208 1702 ἐν
225 1666 397 1727 ἑνδεκάωτῳ
412 1667 658 1718 Περιηγήσεως
674 1666 836 1709 Σικελίας
856 1665 1051 1712 Παλικίνην
1066 1665 1152 1718 κρή-

119 1738 181 1769 νην
202 1724 304 1775 φησὶν
329 1728 430 1763 εἰναι.
462 1752 465 1754 -

408 1823 550 1873 (ΠΕΡΙ
578 1824 860 1874 ιοΥΔΑιΩΝ.)

170 1918 226 1951 De
244 1918 265 1951 J
269 1917 381 1952 udaeis
393 1944 403 1961 ‚
421 1918 547 1953 nescio
564 1931 654 1953 num
673 1919 856 1966 peculiari
876 1919 975 1953 libro
993 1930 1041 1953 an
1068 1918 1156 1953 data

120 1975 337 2019 occasione,
361 1975 612 2023 Theophilum
635 1977 824 2023 quendam
849 1977 965 2024 egisse
985 1983 1088 2024 patet
1109 1989 1154 2012 ex

121 2033 362 2080 sequentibus
380 2046 388 2068 :

615 2095 652 2133 4.

168 2171 379 2208 Alexander
397 2172 612 2219 Polyhistor
643 2171 709 2220 (fr.
735 2171 801 2221 19)
826 2185 888 2220 ap.
919 2173 1056 2208 Euseb.
1089 2174 1151 2211 Pr.

116 2225 183 2260 Ev.
207 2225 278 2268 IX,
298 2237 331 2260 c.
356 2225 419 2269 34,
436 2237 474 2272 p.
496 2223 570 2266 452
592 2237 599 2259 :
617 2222 787 2275 Θεόφιλος
806 2224 842 2261 δέ
856 2239 940 2276 φησι
959 2223 1017 2261 τὸν
1036 2239 1152 2275 περισ-

116 2278 287 2317 σεύσαντα
315 2280 443 2332 χρυσὸν
477 2281 547 2330 (sc.
575 2291 662 2331 post
688 2291 919 2319 exstructum
947 2283 1149 2333 templum)

117 2336 174 2374 τὸν
199 2339 396 2387 Σαλομῶνα
413 2340 463 2390 τῷ
479 2338 616 2390 Τυρίων
638 2341 775 2391 βασιλεῖ
794 2339 948 2391 πέμψαι·
964 2339 1021 2377 τὸν
1050 2339 1086 2377 δὲ
1103 2341 1152 2377 εἷ·-

118 2393 202 2431 κόνα
232 2397 291 2440 τῆς
311 2395 474 2448 θυγατρὸς
507 2398 591 2448 ζῷον
621 2397 847 2446 ὁλοσώματον
869 2397 1151 2445 κατασκευάσαι,

116 2451 175 2488 καὶ
195 2451 332 2504 ἔλυτρον
350 2456 398 2505 τῷ
415 2454 588 2501 ἀνδριάντι
605 2454 661 2492 τὸν
672 2459 820 2506 χρυσοῦν
835 2455 934 2493 κίονα
951 2458 1149 2507 περιθεῖναι.

169 2513 353 2560 Josephus
372 2514 508 2549 Contra
531 2515 669 2562 Apion.
691 2516 730 2560 Ι,
753 2515 800 2550 23
822 2522 858 2551 et
875 2528 921 2551 ex
947 2527 992 2550 eo
1010 2515 1147 2550 Euseb.

118 2619 259 2650 humana
284 2621 331 2651 est
346 2620 526 2660 augustiore
542 2622 581 2653 ad
600 2622 736 2653 Pisaeum
761 2624 904 2665 montem
920 2632 953 2655 se
969 2623 1153 2664 proriperet.

118 2671 231 2727 Itaque
240 2669 390 2710 deceptus
402 2672 449 2703 est
457 2673 602 2712 populus.
615 2674 808 2714 Theophilus
817 2675 958 2707 secundo
965 2675 1156 2715 Peloponne-

116 2729 286 2752 siacorum.

368 2802 460 2842 SlCI
467 2804 559 2842 LIAE
590 2806 897 2847 PERIEGESIS.

615 2890 649 2921 3.

158 2950 281 2990 Palice,
300 2951 376 2982 urbs
401 2952 525 2985 Siciliae.
553 2955 745 2996 Theophilus
769 2957 939 2990 undecimo
959 2957 1156 2998 Periegeseos

118 3002 233 3035 Siciliae
247 3003 421 3035 Palicinum
439 3005 558 3037 fontem
568 3015 634 3039 esse
647 3008 702 3040 ait.
747 3016 752 3021 ·

468 3089 556 3138 (DE
577 3091 810 3142 JUDAE18.)

616 3186 649 3217 4.

159 3244 352 3284 Theophilus
372 3245 417 3276 ait
429 3246 583 3286 quidquid
602 3249 757 3288 reliquum
773 3260 812 3283 ex
829 3260 907 3284 auro
930 3254 1026 3285 suerit
1038 3277 1046 3292 ,
1060 3255 1154 3294 Tyrio

118 3297 182 3337 regi
197 3305 215 3328 a
231 3297 399 3329 Salomone
412 3298 542 3330 missum
559 3308 625 3331 esse
641 3311 646 3331 :
663 3301 754 3333 illum
767 3312 842 3335 vero
859 3305 932 3336 silim
947 3306 1153 3338 simulacrum

119 3349 276 3388 integrum
288 3357 328 3379 ex
350 3356 388 3379 eo
413 3349 583 3389 conflasse,
602 3350 767 3392 ipsumque
784 3363 878 3386 aurea
902 3357 1048 3389 columna
1065 3358 1153 3398 quasi

119 3399 211 3432 theca
221 3400 252 3431 et
265 3399 431 3431 involucro
447 3401 587 3441 quodam
604 3402 775 3436 inclusisse.

1221 392 1298 428 sea,
1319 381 1412 425 aliis,
1429 381 1526 416 inter
1545 392 1608 416 eos
1619 387 1802 426 recenset,
1824 383 1890 429 qui
1910 394 2090 417 summam
2110 381 2260 417 Judaeo-

1220 451 1303 474 rum
1315 439 1577 486 antiquitatem
1590 439 1714 474 testati
1728 439 1815 476 sint.

1499 536 1528 570 F.
1555 535 1716 572 LIBRIS
1741 534 1977 572 INCERTIS.

1721 622 1757 659 5.

1273 698 1398 734 Schol.
1415 698 1598 733 Nicandri
1614 698 1784 735 Theriac.
1810 711 1852 734 11
1877 710 1888 734 :
1911 696 1955 735 ‘O
1977 696 2011 733 δὲ
2037 695 2261 743 Ζηνοδότειος

1221 754 1390 806 Θεόφιλος
1416 754 1563 805 ἱστορεῖ,
1584 756 1630 797 ὡς
1649 754 1718 805 ἄρα
1753 755 1786 792 ἐν
1805 757 1847 805 τῇ
1871 754 2010 806 Ἀττικῇ
2028 752 2087 792 δύο
2103 753 2260 805 ἐγένοντο

1223 811 1383 863 ἀδελφοὶ,
1404 811 1555 862 Φάλαγξ
1580 810 1641 861 μὲν
1663 811 1788 863 ἄρσην,
1811 811 1931 858 θήλεια
1952 812 1980 849 δ’
2007 810 2158 863 Ἀράχνη
2177 810 2256 850 τοῦ-

1221 885 1310 919 νομα
1323 885 1331 893 ·
1354 869 1412 907 καὶ
1440 871 1457 907 ὁ
1478 868 1539 917 μὲν
1558 869 1709 920 Φάλαγξ
1727 869 1835 919 ἔμαθε
1854 869 1950 922 παρὰ
1969 872 2030 916 τῆς
2054 869 2196 915 Ἀθηνᾶς
2213 868 2258 908 τὰ

1219 927 1299 979 περὶ
1330 926 1393 973 τὴν
1414 927 1649 979 ὁπλομαχίαν,
1671 930 1693 974 ἡ
1710 927 1746 965 δὲ
1762 927 1795 966 Ἀ
1803 927 1914 980 ράχνη
1925 926 1969 965 τὰ
1985 927 2066 979 περὶ
2083 926 2146 974 τὴν
2162 929 2258 966 ἱστο-

1219 985 1336 1023 ποιίαν
1352 1000 1360 1008 ·
1380 985 1542 1035 μιγέντας
1558 985 1593 1023 δὲ
1614 985 1776 1031 ἀλλήλοις
1796 987 2008 1036 στυγηθῆναι
2022 984 2088 1024 ὑπὸ
2105 987 2166 1032 τῆς
2182 987 2260 1023 θεοῦ

1219 1043 1281 1080 καὶ
1298 1043 1560 1093 μεταὸληθῆναι
1583 1045 1629 1086 εἷς
1646 1044 1794 1095 ἑρπετὰ,
1813 1043 1835 1081 ἃ
1851 1043 1893 1090 δὴ
1913 1042 1974 1082 καὶ
1993 1043 2177 1094 συμὸαίνει
2191 1042 2260 1081 ὑπὸ

1218 1103 1289 1138 τῶν
1311 1100 1406 1139 ἰδίων
1424 1100 1552 1139 τέκνων
1572 1101 1825 1141 κατεσθίεσθαι.

1721 1185 1758 1221 6.

1271 1258 1469 1293 Athenaeus
1485 1259 1515 1302 1,
1531 1270 1573 1306 p.
1597 1257 1643 1305 6,
1662 1258 1692 1294 Β
1714 1270 1723 1293 :
1741 1254 1911 1306 Θεόφιλος
1931 1252 1968 1292 δέ
1994 1269 2096 1308 φησιν
2109 1270 2118 1278 ·
2140 1271 2156 1289 α
2179 1255 2262 1307 Οὖχ

1219 1311 1337 1365 ὥσπερ
1358 1313 1546 1358 Φιλόξενον
1566 1313 1622 1351 τὸν
1640 1313 1833 1366 Ἐρύξιδος·
1867 1314 1994 1356 ἐκεῖνος
2013 1312 2100 1365 γὰρ,
2118 1314 2166 1356 ὣς
2191 1311 2261 1350 ἔοι-

1218 1386 1291 1421 κεν,
1315 1371 1595 1424 ἐπιμεμφόμενος
1617 1371 1679 1417 τὴν
1701 1370 1801 1423 φύσιν
1829 1374 1875 1415 εἷς
1891 1370 1953 1418 τὴν
1975 1370 2168 1408 ἀπόλαυσιν
2195 1369 2260 1416 ηὔ-

1219 1429 1301 1473 ξατό
1320 1446 1403 1468 ποτε
1428 1431 1573 1482 γεράνου
1611 1431 1672 1476 τὴν
1703 1430 1864 1482 φάρυγγα
1900 1435 2015 1481 σχεῖν·
2052 1427 2143 1467 ἀλλὰ
2171 1427 2260 1467 πολὺ

1218 1490 1349 1538 μᾶλλον
1370 1488 1477 1526 ἵππον
1500 1488 1586 1532 ὅλως
1604 1487 1627 1534 ἢ
1651 1492 1731 1540 βοῦν
1749 1487 1771 1534 ἢ
1792 1488 1950 1538 κάμηλον
1971 1486 1994 1533 ἢ
2015 1486 2187 1539 ἐλέφαντα
2208 1487 2260 1525 δεῖ

1219 1546 1423 1591 σπουδάζειν
1445 1549 1616 1597 γενέσθαι.
1650 1546 1756 1586 Οὕτω
1775 1545 1843 1597 γὰρ
1877 1547 1912 1583 αἱ
1944 1544 2123 1594 ἐπιθυμίαι
2141 1545 2202 1583 καὶ
2222 1547 2259 1583 αἱ

1220 1605 1342 1651 ἡδοναὶ
1357 1606 1476 1656 πολλῷ
1504 1604 1638 1654 μείζους
1663 1605 1723 1642 καὶ
1744 1603 1987 1657 σφοδρότεραι·
2003 1603 2086 1655 πρὸς
2105 1601 2172 1655 γὰρ
2197 1603 2260 1647 τὰς

1218 1663 1378 1712 δυνάμεις
1397 1666 1577 1700 ποιοῦνται
1605 1662 1665 1706 τὰς
1688 1661 1910 1706 ἀπολαύσεις.
1934 1679 1950 1696 1·
1984 1663 2037 1700 Cf.
2065 1663 2256 1699 Aristotel.

1217 1723 1340 1759 Ethic.
1363 1722 1410 1758 ad
1432 1723 1515 1758 Nic.
1548 1722 1625 1767 ΙΙΙ,
1654 1735 1721 1767 103
1753 1723 1942 1758 Plutarch.
1962 1723 2062 1758 Mor.
2092 1733 2133 1769 p.
2156 1720 2258 1769 668,

1217 1780 1259 1819 C.
1285 1780 1404 1826 1128,
1423 1782 1475 1826 B;
1497 1781 1630 1817 Suidas
1649 1793 1686 1818 V.
1707 1779 1904 1823 Φιλόξενος.

1718 1875 1754 1906 7.

1268 1934 1485 1982 Fulgentius
1516 1934 1674 1981 Mythol.
1706 1935 1773 1971 lib.
1797 1935 1855 1979 ΙΙ,
1877 1946 1921 1979 17
1940 1945 1949 1971 τ
1971 1935 2168 1969 Remmius
2191 1946 2262 1969 au-

1215 2004 1288 2038 gur
1297 1993 1421 2027 dicere
1432 1993 1561 2027 solitus
1576 1999 1676 2037 erat,
1701 1993 1924 2027 diversarum
1944 1992 2084 2027 urbium
2103 1991 2262 2027 honores

1216 2052 1447 2086 somnialiter
1469 2054 1606 2097 peragi
1642 2052 1826 2085 urbicarlo
1857 2051 2100 2097 mimologo...
2136 2050 2259 2086 Credo

1216 2111 1312 2143 enim
1326 2108 1425 2155 quod
1441 2107 1609 2155 Theoplu'
1612 2108 1638 2142 li
1641 2107 1856 2155 philosophi
1870 2111 2090 2143 sententiam
2103 2108 2257 2155 legerat,

1216 2166 1371 2200 dicentis
1387 2162 1490 2213 μίμος
1503 2166 1521 2201 ὁ
1543 2162 1613 2214 βίος
1624 2193 1635 2211 ,
1659 2165 1765 2200 idest
1778 2179 1790 2199 :
1815 2168 1948 2200 mimus
1964 2169 2060 2203 vita.

1267 2223 1586 2271 Chronographus
1606 2223 1833 2271 Theophilus
1844 2249 1854 2268 ,
1873 2223 1978 2269 cujus
1991 2223 2165 2262 meminit
2180 2223 2262 2259 Ma-

1212 2282 1285 2317 lala
1303 2295 1344 2330 p.
1369 2294 1440 2329 29,
1458 2286 1502 2326 4;
1521 2281 1583 2329 59,
1602 2294 1668 2327 ι7;
1688 2281 1751 2326 85,
1775 2280 1934 2329 9;157,
1970 2279 2160 2329 2ο;195,
2185 2293 2258 2326 20;

1214 2352 1315 2388 220,
1343 2353 1410 2385 ι7;
1437 2339 1533 2385 223,
1568 2339 1634 2385 183
1660 2338 1752 2387 252,
1794 2339 1862 2384 163
1897 2345 1992 2387 429,
2024 2339 2084 2376 13.
2119 2352 2161 2384 17
2199 2338 2259 2375 ed.

1212 2398 1331 2433 Bonn.
1351 2397 1401 2433 ad
1426 2410 1496 2433 nos
1512 2398 1605 2433 nihil
1623 2398 1775 2442 attinet3
1795 2409 1960 2445 namque
1978 2397 2074 2432 vixit
2089 2403 2175 2444 post
2189 2397 2260 2432 Ju-

1213 2457 1440 2501 stinianum,
1471 2457 1527 2491 uti
1558 2463 1665 2504 patet
1683 2467 1727 2492 ex
1754 2468 1793 2505 p.
1827 2461 1924 2504 429,
1949 2455 2007 2493 13.
2038 2455 2093 2492 Cf.
2121 2455 2259 2491 Chron.

1213 2515 1391 2551 Paschale
1409 2527 1450 2563 p.
1485 2518 1548 2556 41.

1720 2626 1755 2658 5.

1258 2683 1452 2724 Theophilus
1477 2683 1677 2716 Zenodoteus
1702 2684 1812 2716 narrat
1831 2683 1864 2715 in
1879 2683 1988 2716 Attica
2012 2683 2108 2716 fuisse
2123 2682 2259 2715 Phalan-

1216 2745 1286 2776 gem
1296 2736 1424 2767 fratrem
1435 2736 1468 2767 et
1477 2736 1644 2768 Arachnen
1658 2744 1797 2767 sororem
1807 2746 1816 2775 ;
1831 2736 1920 2766 illum
1932 2744 1950 2766 a
1963 2735 2106 2767 Minerva
2116 2734 2261 2767 didicisse

1217 2796 1380 2818 armorum
1391 2786 1631 2818 fabricationem
1641 2811 1650 2827 ‚
1662 2787 1745 2818 hanc
1755 2795 1830 2818 vero
1840 2786 1970 2818 texendi
1980 2788 2092 2818 artem.
2105 2787 2146 2818 At
2158 2794 2260 2827 quum

1217 2839 1312 2870 frater
1325 2846 1399 2869 cum
1412 2846 1521 2870 sorore
1535 2837 1770 2877 concubuisset,
1781 2838 1893 2869 ambos
1900 2837 1973 2869 odio
1987 2837 2134 2869 habuisse
2146 2836 2238 2869 deam
2247 2861 2258 2877 ‚

1216 2897 1333 2928 eosque
1345 2888 1378 2920 in
1388 2888 1513 2929 reptilia
1529 2889 1683 2927 mutasse,
1693 2897 1767 2928 quae
1779 2897 1798 2919 a
1810 2897 1867 2920 sua
1880 2887 2023 2928 ipsorum
2033 2887 2121 2927 prole
2133 2887 2260 2919 comedi

1216 2940 1330 2971 solent.

1717 2983 1751 3014 6.

1255 3047 1451 3087 Theophilus
1478 3048 1548 3079 ait:
1580 3060 1596 3075 «ι
1617 3047 1849 3086 Philoxenum,
1881 3046 2030 3086 Eryxidis
2052 3045 2172 3086 filium,
2191 3055 2255 3079 non

1218 3099 1371 3131 debemus
1388 3099 1505 3131 imitari
1525 3109 1533 3130 :
1549 3099 1602 3130 ille
1614 3099 1698 3131 enim
1710 3123 1719 3139 ,
1734 3101 1771 3130 ut
1789 3100 1897 3138 aiunt,
1923 3100 2071 3130 naturam
2090 3106 2255 3138 accusans,

1214 3159 1279 3191 quo
1295 3150 1414 3182 diutius
1427 3151 1585 3182 frueretur
1594 3150 1655 3181 cibi
1668 3158 1706 3181 ac
1721 3150 1859 3190 potionis
1875 3150 2051 3190 voluptate,
2069 3149 2186 3180 collum
2196 3149 2256 3181 sibi

1214 3203 1298 3243 gruis
1314 3202 1454 3243 optabat.
1473 3202 1557 3240 Quin
1573 3202 1677 3242 potius
1689 3202 1884 3242 precandum
1906 3203 1973 3241 est,
1992 3203 2028 3233 ut
2039 3210 2141 3242 equus
2155 3202 2255 3234 omni-

1213 3263 1268 3294 n0‚
1278 3255 1334 3285 aut
1344 3253 1414 3292 bos,
1428 3254 1485 3284 aut
1497 3253 1647 3291 camelus,
1658 3253 1714 3284 aut
1727 3253 1854 3293 elephas
1867 3246 1935 3285 fias.
1956 3255 2008 3286 Sic
2021 3254 2105 3284 enim
2119 3256 2150 3284 et
2161 3261 2255 3294 appe·

1213 3306 1340 3338 titiones
1361 3306 1394 3337 et
1418 3305 1597 3345 voluptates
1620 3306 1722 3337 multo
1748 3306 1883 3346 majores
1902 3307 2013 3345 erunt,
2030 3306 2254 3345 acrioresque:

1214 3360 1333 3397 quanto
1354 3356 1439 3388 enim
1452 3357 1524 3396 plus
1547 3356 1653 3388 valent
1670 3357 1783 3389 horum
1806 3365 1950 3398 corpora,
1975 3358 2065 3389 tanto
2082 3356 2254 3397 majoribus

1214 3408 1361 3440 fruuntur
1377 3407 1604 3448 voluptatibus.
1624 3420 1640 3435 ν
