2372 3704
1033 212 1375 254 FRAGMENTA.

541 335 746 377 ΛΙΒΥΚΑ.

627 428 643 451 1

166 485 296 524 Schol.
321 484 479 522 Pindari
496 485 609 533 Pyth.
630 487 693 531 lV,
720 497 765 521 10
787 498 794 520 ε
819 483 908 536 Περὶ
923 486 986 528 τῆς
1001 486 1061 521 τοῦ
1079 482 1168 522 Βάτ-

115 558 175 582 του
198 546 245 587 εἷς
263 542 303 581 τὸ
322 547 485 593 μαντεῖον
505 541 653 594 ἀφίξεως
675 543 741 594 οὐχ
758 544 985 593 ὁμολογοῦσιν
1003 541 1168 587 ἀλλήλοις

115 604 146 641 οἱ
175 607 397 655 συγγραφεῖς.
430 602 478 642 Οἱ
505 600 567 652 μὲν
587 600 655 654 γὰρ
682 600 796 639 ἕνεκεν
823 604 885 647 τῆς
919 603 1036 654 φωνῆς
1064 615 1168 654 φασιν

114 661 218 701 αὐτὸν
233 663 357 709 ἐλθεῖν,
376 661 436 700 καὶ
454 660 511 699 τὸν
525 661 687 713 χρησμὸν
703 660 775 699 ἄνω
789 659 849 698 καὶ
867 660 965 698 κάτω
982 661 1169 712 θρυλλοῦσι

113 722 172 760 τὸν
195 722 404 773 (Herodot.
424 724 489 768 lv,
514 720 627 771 155),

199 809 290 842 Βάττ’
302 809 352 842 ἐπὶ
366 810 469 851 φωνὴν
482 808 569 849 ἦλθες
579 817 587 824 ·
605 808 680 845 ἄναξ
694 808 727 840 δέ
743 818 778 839 σε
791 807 907 844 Φοῖὅος
924 806 1080 839 Ἀπόλλων

198 858 227 894 ἐς
242 858 361 896 Atticm
377 858 492 898 πέμπει
508 855 697 898 μηλοτρόφον
714 856 888 896 οἰκιστῆρα.

115 930 162 968 Οἱ
183 927 219 967 δὲ
240 928 396 972 στάσεως
423 926 679 981 περιπεσούσης
712 928 903 973 πολιτικῆς.
921 925 967 966 Ὁ
988 927 1170 972 Μενεκλῆς

114 990 196 1038 γοῦν
227 986 466 1039 πιθανωτέραν
500 987 613 1025 δοκεῖν
643 1001 728 1038 φησι
756 984 819 1032 τὴν
855 985 1010 1028 στάσεως
1040 983 1170 1031 αἰτίαν,

116 1044 358 1097 μυθικωτέραν
390 1044 425 1082 δὲ
446 1044 509 1091 τὴν
533 1044 591 1082 ἐπὶ
615 1048 676 1091 τῆς
701 1048 828 1097 φωνῆς.
851 1043 952 1091 Φησὶ
976 1043 1032 1090 δὲ,
1063 1042 1115 1081 ὅτι
1138 1043 1169 1080 οἳ

114 1105 257 1142 πολῖται
277 1105 312 1142 ἐν
335 1106 378 1155 τῇ
398 1103 504 1156 Θήρᾳ
527 1102 741 1142 ἐστασίασαν
764 1103 824 1141 καὶ
851 1103 1037 1150 διέστησαν
1058 1101 1171 1148 ἀλλή-

115 1163 198 1212 λων,
215 1163 333 1215 ἡγεῖτο
353 1163 389 1200 δὲ
407 1165 467 1209 τῆς
484 1161 603 1215 ἑτέρας
622 1164 691 1200 τῶν
712 1161 869 1200 στάσεων
889 1164 907 1200 ὃ
924 1162 1057 1204 Βάττος
1069 1174 1076 1183 ·
1095 1162 1170 1198 δια-

115 1220 364 1273 γωνισαμένων
382 1219 419 1260 δὲ
442 1223 511 1259 τῶν
525 1220 685 1259 στάσεων
704 1220 783 1265 τοὺς
805 1224 866 1260 τοῦ
887 1221 1024 1260 Βάττου
1042 1218 1170 1267 συνέὸη

116 1292 266 1321 σκοντας
283 1275 320 1314 δὲ
336 1276 400 1323 τὴν
414 1278 461 1320 εἷς
477 1278 631 1329 πατρίδα
649 1278 795 1315 κάθοδον
812 1277 892 1329 περὶ
910 1276 1073 1320 ἀποικίας
1095 1280 1172 1327 βου·

114 1337 291 1375 λεύεσθαι.
319 1335 569 1383 Ἀποδημήσας
594 1335 630 1374 δὲ
651 1339 699 1380 εἷς
722 1336 875 1389 Δελφοὺς
895 1335 1030 1380 Βάττος
1048 1335 1169 1388 ἠρώτα

115 1395 289 1434 λεῦεσθαι.
318 1395 568 1446 Ἀποδημήσας
591 1394 629 1433 δὲ
659 1398 705 1440 εἷς
726 1394 880 1449 Δελφοὺς
896 1395 1030 1438 Βάττος
1053 1397 1169 1445 ἠρωτα

115 1454 196 1506 περὶ
215 1456 276 1500 τῆς
301 1453 474 1501 στάσεως,
494 1453 640 1506 πότερον
662 1454 927 1504 διαγωνίσονται
946 1452 1026 1506 περὶ
1049 1456 1110 1500 τῆς
1126 1453 1173 1501 εἰς

114 1512 177 1559 τὴν
206 1512 360 1565 πατρίδα
387 1513 653 1565 ἐπαναστροφῆς
684 1512 706 1559 ἢ
738 1511 888 1565 ἑτέρωσέ
919 1528 978 1550 ποι
1006 1511 1172 1550 ἀποικίαν

115 1571 338 1610 στείλωνται·
357 1571 415 1610 τὸν
435 1571 471 1610 δὲ
494 1571 569 1610 θεὸν
586 1574 738 1624 χρῆσαι·

198 1659 299 1692 Birra
307 1682 317 1699 ,
333 1659 369 1691 τὸ
382 1658 498 1700 πρόσθε
512 1659 623 1699 κακὸν,
639 1659 675 1692 τὸ
690 1659 722 1692 δὲ
736 1660 875 1702 δεύτερον
891 1660 1000 1692 ἐσθλὸν
1014 1660 1149 1702 ἐρευνᾷς.

198 1707 326 1748 Ἔρχεο,
339 1706 415 1748 λεῖφ’
432 1706 522 1738 ἁλίαν
536 1707 642 1748 χώραν
653 1717 661 1726 ·
676 1707 800 1748 ἤπειρος
817 1706 963 1748 ἀμείνων·

201 1754 303 1796 Ἦῷος
318 1753 468 1796 πρότερον
479 1753 569 1785 δόλον
583 1754 708 1794 ἐκὸαλε,
721 1754 820 1788 πείθεῑ
836 1754 962 1786 πείθων.

198 1802 328 1843 Στερρὴν
345 1805 402 1842 γῆν
417 1801 523 1840 ὁσίως,
539 1801 577 1839 ἣν
591 1801 674 1842 μίσει
687 1802 804 1840 πολλὴν
820 1802 1005 1843 ἀθεμίστως.

200 1849 264 1881 Οἷά
275 1847 303 1880 τ’
317 1848 394 1889 ἀνὴρ
408 1848 496 1889 ἕρξει,
507 1852 591 1880 τοῖον
604 1848 689 1885 τέλος
704 1849 797 1880 αὐτὸν
812 1848 923 1880 ἱκάνει.

169 1921 343 1957 Priorem
370 1920 505 1956 scholii
537 1927 687 1969 partem
726 1921 915 1969 excerpsit
951 1921 1099 1956 Tzetzes
1127 1920 1175 1956 ad

115 1981 209 2029 Lyc.
229 1979 305 2016 886
317 2009 327 2026 ,
347 1980 494 2027 reliqua
510 1980 621 2015 simul
643 1992 801 2016 narrans
820 1992 904 2028 quae
919 1979 1023 2028 apud
1037 1979 1176 2015 Pinda-

116 2053 203 2076 rum
223 2047 259 2075 et
272 2039 391 2076 schol.
414 2039 592 2086 leguntur
609 2039 656 2075 de
670 2040 898 2087 Argonautis
916 2039 964 2074 ad
981 2039 1176 2074 Tritonem

116 2097 415 2147 appellentibus,
438 2097 486 2132 de
500 2098 612 2145 gleba
631 2098 686 2133 ibi
706 2098 754 2133 ab
775 2098 972 2146 Eurypylo
993 2105 1147 2146 accepta
1162 2124 1173 2143 ‚

116 2159 242 2206 deque
254 2156 393 2193 Medeae
408 2157 603 2194 vaticinio.
622 2158 858 2193 Narrationis
873 2156 986 2203 hujus
1001 2164 1176 2192 auctores

51 2220 55 2224 '
116 2217 245 2253 laudat
261 2214 468 2252 Pindarum
497 2221 535 2250 et
555 2216 765 2251 Meneclem
778 2243 788 2263 ,
803 2228 922 2263 quum
938 2223 1111 2264 apertum
1130 2216 1178 2251 sit

116 2289 205 2314 eum
223 2275 319 2312 nihil
336 2275 408 2311 nisi
426 2275 668 2311 scholiastam
686 2275 842 2311 Pindari
862 2282 950 2311 ante
962 2276 1095 2311 oculos
1106 2276 1174 2311 ha-

116 2337 256 2374 buisse.
269 2335 396 2382 Quare
410 2334 543 2369 locum
558 2335 701 2370 Tzetzae
715 2334 933 2370 adscribere
945 2333 1049 2369 nefas
1069 2333 1173 2369 duxi.

544 2446 742 2486 LlssYCA.

628 2538 659 2569 l.

159 2614 226 2644 Cur
242 2612 356 2644 Battus
370 2611 539 2643 oraculum
552 2610 708 2651 Apollinis
723 2610 856 2650 adierit,
867 2609 1083 2643 diversimode
1097 2617 1173 2641 nar·

119 2667 191 2698 rant
207 2665 362 2697 historici.
380 2664 440 2697 Alii
458 2664 546 2696 vocis
571 2664 797 2704 recuperandae
822 2673 919 2697 causa
943 2664 1084 2705 Delphos
1100 2671 1174 2704 pro-

121 2714 242 2745 fectum
255 2712 368 2752 aiunt,
381 2712 436 2743 ubi
448 2711 654 2744 decantatum
666 2712 751 2744 istud
771 2713 940 2744 oraculum
956 2713 1115 2753 acceperit
1133 2724 1139 2742 :

187 2795 288 2828 Bane,
301 2793 383 2822 vocis
392 2799 483 2826 causa
492 2792 599 2821 venisti
614 2794 662 2821 :at
676 2794 705 2821 te
717 2800 770 2821 rex
784 2793 912 2822 Phoebus
927 2793 1035 2829 Apollo

187 2842 220 2870 in
237 2841 360 2876 Libyam
370 2840 464 2868 mittit
475 2839 581 2868 ovibus
593 2839 726 2875 divitem,
740 2841 866 2869 colonia}
879 2840 1078 2870 conditorem.

117 2912 178 2945 Alii
201 2912 388 2944 seditionem
408 2909 535 2942 civilem
563 2909 675 2941 dicunt
702 2919 831 2942 causam
850 2910 964 2950 fuisse;
989 2911 1087 2950 atque
1113 2910 1174 2941 hoc

118 2965 331 3007 probabilius,
349 2965 487 2996 alterum
503 2962 582 2994 illud
598 2963 715 2996 fabulae
739 2964 875 2996 similius
896 2973 964 2996 esse
979 2965 1088 2995 censet
1104 2966 1173 2996 Me-

117 3018 234 3050 necles.
254 3030 270 3045 a
284 3017 395 3058 Cives,
410 3017 535 3058 inquit,
549 3018 582 3050 in
596 3018 701 3050 Thera
716 3017 819 3049 insula
843 3016 946 3048 turbis
958 3016 1079 3048 exortis
1091 3015 1174 3048 iuter

117 3079 151 3103 se
166 3070 373 3110 dissidebant;
391 3079 503 3103 eorum
512 3071 647 3103 alteram
664 3070 836 3102 factionem
847 3069 986 3102 ducebat
1003 3071 1125 3102 Battus.
1144 3071 1174 3101 ls

118 3131 214 3163 vero,
239 3122 294 3155 ubi
310 3122 351 3154 ad
367 3131 456 3154 arma
475 3131 525 3155 res
551 3122 746 3161 devenerat,
773 3130 848 3154 cum
871 3122 937 3153 suis
955 3121 1035 3153 urbe
1053 3121 1174 3160 ejectus

117 3177 167 3207 est
187 3175 389 3216 patriamque
401 3175 578 3216 relinquere
593 3184 628 3208 se
646 3176 796 3207 coactum
810 3174 902 3207 vidit.
917 3176 1001 3206 Tum
1012 3174 1088 3205 socii
1104 3174 1173 3214 eJus

117 3226 158 3259 de
168 3226 272 3259 reditu
280 3226 485 3267 desperantes
497 3227 654 3259 coloniam
666 3226 888 3259 deducendam
901 3235 968 3258 esse
979 3226 1168 3266 cogitarunt.

118 3280 230 3310 Battus
242 3278 337 3319 igitur
347 3279 485 3319 Delphos
494 3278 657 3319 profectus
667 3278 895 3319 interrogavit,
909 3279 1019 3310 utrum
1035 3277 1172 3310 reditum

118 3331 150 3363 in
164 3331 303 3371 patriam
313 3339 478 3362 armorum
491 3330 523 3362 vi
537 3339 649 3371 parare
662 3330 719 3362 sibi
733 3329 925 3362 tentandum
935 3331 1028 3368 esset,
1041 3337 1082 3361 an
1096 3338 1172 3361 vero

118 3383 181 3415 alio
196 3392 230 3415 se
242 3383 282 3415 ad
299 3383 458 3415 coloniam
475 3383 675 3416 condendam
692 3383 836 3415 conferre
851 3383 1014 3416 deberent.
1032 3385 1113 3415 Tum
1129 3383 1171 3415 ita

119 3436 197 3469 deus
214 3436 405 3469 vaticinatus
414 3438 463 3468 est
482 3450 489 3468 :

250 3501 439 3525 FRAGMENTA
461 3502 583 3526 ulsmn.
607 3502 660 3525 Gn.
681 3511 714 3516 -·
729 3502 799 3526 vot.
822 3502 863 3525 tv.

2141 197 2147 205 ’
2207 222 2285 256 ⁴49

1289 321 1304 336 «
1329 308 1447 342 Versu
1473 318 1487 340 1
1513 305 1643 341 addidi
1663 303 1701 341 τὸ
1723 318 1809 341 cum
1836 307 1986 353 Heynio
2001 333 2010 350 ,
2033 314 2070 342 et
2094 306 2180 342 dedi
2199 318 2286 342 cum

1230 364 1366 399 eodem
1385 363 1525 414 ἐρευνᾷς
1546 377 1619 412 pro
1642 361 1778 414 ἐρεύνα.
1799 366 1918 400 Versu
1945 364 1964 399 3
1993 365 2093 400 idern
2118 366 2287 413 Heynius

1231 421 1396 468 conjecit
1411 420 1578 472 πρότερον
1597 420 1701 471 δόμον
1717 429 1755 458 et
1770 419 1886 458 πείθεο
1904 423 2014 473 μυθῷ.
2026 425 2143 460 Versu
2159 428 2179 467 4
2198 424 2287 459 libri

1230 478 1385 530 στερρόν.
1405 481 1552 516 Deinde
1567 478 1610 526 ἣν
1628 478 1722 529 μίσει
1740 483 1961 528 corruptum
1979 487 2047 518 est.
2066 482 2130 519 Vs.
2153 480 2173 516 5
2195 481 2284 518 cod.

1229 540 1335 576 Gott.
1371 537 1488 590 ἔρξεις.
1517 540 1724 587 Pleraque,
1758 545 1799 574 ut
1819 540 1915 575 solet
1940 540 1980 574 in
2008 540 2193 587 oraculis,
2217 540 2287 575 ob·

1229 599 1444 635 scurissima
1457 606 1555 638 sunt.
1572 615 1588 631 »
1608 601 1772 636 Bosscxu.
1787 600 1868 647 Ego
1882 599 1977 634 verti
1987 600 2092 646 quasi
2106 601 2288 648 scriptum

1230 665 1324 694 esset
1338 671 1345 693 :
1367 655 1516 708 Στέρξον
1528 659 1593 708 γῆν
1605 655 1708 700 ὁσίως
1722 655 1884 708 στερρήν·
1903 658 2014 706 μισεῖς
2024 656 2228 707 ἀθεμίστως.
2238 679 2289 685 -

1230 719 1288 753 De
1305 729 1347 753 re
1367 730 1402 754 v.
1425 717 1573 753 Miiller.
1594 718 1691 754 Min.
1716 730 1758 766 p.
1783 716 1857 759 343
1877 729 1962 765 sqq.

1284 778 1477 824 Anonym.
1503 778 1559 812 De
1574 777 1722 812 mulier.
1742 776 1845 812 bello
1866 776 1976 811 claris
1996 788 2030 811 c.
2058 787 2102 811 10
2127 773 2188 826 (p.
2213 775 2287 810 216

1231 836 1268 870 in
1298 835 1559 884 Paradoxogr.
1591 835 1652 873 ed.
1682 834 1904 884 Westerm.)
1932 847 1942 871 e
1973 833 2157 885 Φερετίμη
2171 862 2182 883 ,
2202 831 2288 881 γυνὴ

1233 892 1383 932 Βάττου.
1404 891 1503 940 Αὕτη
1529 892 1800 939 τελευτήσαντος
1826 893 1934 939 αὐτῆς
1953 895 2013 930 τοῦ
2046 891 2170 935 παιδὸς
2199 892 2291 943 δόλῳ

1233 950 1320 998 αὐτὴ
1342 951 1406 998 τὴν
1430 951 1541 1003 ἀρχὴν
1562 955 1623 998 τῆς
1645 950 1808 1005 Κυρήνης
1825 950 1976 1003 κατέσχε
1990 980 2000 1000 ,
2018 949 2078 988 καὶ
2097 949 2156 988 τὸν
2173 950 2289 988 υἱδοῧν

1234 1010 1382 1062 βασιλέα
1417 1010 1674 1058 καταστήσασα
1706 1010 1785 1054 τοὺς
1819 1008 2112 1059 ἀντιταξαμένους
2143 1011 2192 1061 τῷ
2225 1010 2288 1057 υἱῷ

1233 1071 1340 1116 αὐτῆς
1357 1069 1541 1123 Ἀρκεσίλᾳ
1560 1069 1652 1108 κατὰ
1670 1069 1845 1108 θάλατταν
1867 1071 1913 1112 εἷς
1931 1067 2109 1117 Αἴγυπτον
2127 1067 2290 1106 ἀπέστει-

1231 1129 1304 1167 λεν.
1322 1128 1675 1181 Ἐπιπαραγενομένη
1692 1128 1727 1167 δὲ
1743 1127 1831 1175 αὐτὴ
1848 1127 1980 1171 πάντας
1996 1128 2122 1174 ἀνεῖλε,
2138 1125 2292 1176 συμπεί-

1233 1201 1326 1224 σασα
1346 1185 1405 1224 τὸν
1426 1186 1551 1238 ἔχοντα
1574 1186 1637 1234 τὴν
1658 1186 1838 1238 Αἰγύπτου
1857 1186 1970 1239 ἀρχὴν
1985 1185 2063 1223 τότε
2080 1185 2113 1224 Ἀ
2122 1185 2288 1237 ρυάνδην.

1233 1244 1404 1284 Λαὸοῧσα
1432 1246 1466 1284 δὲ
1494 1246 1640 1296 δύναμιν
1668 1245 1766 1299 παρὰ
1787 1249 1849 1284 τοῦ
1875 1245 2046 1297 βασιλέως
2070 1243 2147 1288 τοὺς
2167 1247 2291 1297 Κυρη-

1233 1303 1348 1347 ναίους
1365 1307 1497 1355 πικρῶς
1514 1304 1744 1357 ἐχειρώσατο,
1763 1304 1823 1342 καὶ
1840 1304 2105 1357 ἀναχωρήσασα
2122 1305 2169 1348 εἰς
2190 1302 2292 1352 Αἴγυ-

1233 1378 1320 1401 πτον
1339 1363 1561 1410 ἐτελεύτησε,
1578 1364 1691 1407 καθὼς
1709 1365 1840 1415 ἱστορεῖ
1859 1366 2039 1409 Μενεκλῆς
2058 1365 2077 1402 ὃ
2093 1362 2155 1405 τὰς
2177 1362 2292 1402 Διδυ-

1235 1421 1298 1466 κὰς
1313 1423 1465 1475 ἱστορίας
1483 1424 1636 1476 γράψας.
1659 1425 1753 1461 Vide
1770 1424 1956 1464 Herodot.
1976 1425 2040 1473 lv,
2063 1422 2134 1470 175
2155 1435 2237 1471 sqq.

1575 1524 1697 1565 ΠΕΡΙ
1729 1523 1957 1563 ΑΘΗΝΩΝ.

1745 1606 1783 1644 3.

1289 1685 1414 1721 Schol.
1435 1684 1549 1721 Arist.
1579 1684 1676 1722 Avv.
1704 1681 1779 1731 395
1806 1696 1812 1718 :
1836 1681 1883 1720 Οἱ
1908 1682 1942 1719 ἐν
1969 1681 2112 1735 πολέμῳ
2133 1680 2293 1733 ἀναιρού-

1238 1757 1336 1792 μενοι
1359 1743 1394 1780 ἐν
1414 1743 1464 1794 τῷ
1483 1742 1696 1793 Κεραμεικῷ
1717 1739 1927 1788 ἐθάπτοντο,
1958 1741 2004 1783 ὡς
2029 1741 2212 1786 Μενεκλῆς
2230 1739 2293 1777 καὶ

1240 1800 1487 1853 Καλλικράτης
1505 1802 1540 1839 ἐν
1558 1806 1627 1844 τοῖς
1644 1799 1732 1852 Περὶ
1747 1799 1897 1846 Ἀθηνῶν
1914 1798 2169 1852 συγγράμμασί
2185 1814 2291 1851 φασιν

1238 1860 1347 1900 οὕτω·
1368 1878 1384 1895 «
1409 1861 1581 1899 Καλεῖται
1599 1858 1634 1897 δὲ
1654 1859 1715 1897 καὶ
1734 1861 1752 1897 ὁ
1767 1858 1871 1903 τόπος
1886 1853 1984 1902 οὗτος
2003 1858 2096 1902 ἅπας
2116 1859 2294 1910 Κεραμει-

1240 1921 1312 1964 κός.
1331 1918 1437 1959 Ἔστι
1460 1917 1528 1971 γὰρ
1551 1921 1569 1957 ό
1591 1917 1693 1961 αὐτὸς
1706 1919 1826 1967 δῆμος.
1849 1917 2035 1962 Βαδίζουσι
2057 1916 2092 1954 δὲ
2114 1916 2207 1955 ἔνθεν
2232 1916 2292 1955 καὶ

1238 1978 1331 2017 ἔνθεν
1349 1978 1416 2017 εἶσὶ
1433 1981 1562 2024 στῆλαι
1587 1977 1644 2016 ἐπὶ
1661 1983 1731 2020 τοῖς
1754 1977 1907 2030 δημοσία
1925 1976 2167 2027 τεθαμμένοις.
2188 1976 2293 2027 [Εἰσὶ

1237 2037 1274 2076 δὲ
1290 2034 1383 2076 οὗτοι
1402 2039 1433 2076 οἱ
1453 2037 1520 2075 ὑπὸ
1539 2040 1598 2075 τοῦ
1619 2036 1733 2087 δήμου
1747 2036 1962 2088 πεμφθέντες
1978 2035 2244 2088 (ταφθέντεςῗ),
2260 2034 2294 2073 οἳ

1238 2097 1273 2134 ἐν
1295 2097 1382 2149 αὐτῇ
1409 2099 1452 2148 τῇ
1483 2095 1586 2148 χώρα
1607 2094 1694 2148 ὑπὲρ
1715 2097 1776 2140 τῆς
1799 2094 1934 2137 πόλεως
1960 2093 2292 2145 τετελευτήκασιν.]

1238 2154 1387 2207 Ἔχουσι
1402 2153 1438 2192 δὲ
1450 2157 1486 2193 αἱ
1499 2156 1625 2201 στῆλαι
1634 2153 1830 2207 ἐπιγραφὰς
1843 2156 1909 2191 ποῦ
1927 2151 2073 2196 ἕκαστος
2081 2151 2263 2190 ἀπέθανεν.
2276 2170 2291 2186 »
2327 2163 2342 2174 ‘

1292 2215 1425 2251 Suidas
1445 2228 1452 2250 ε
1484 2212 1721 2265 Κεραμεικὸς,
1742 2211 1848 2255 τόπος
1876 2210 2074 2262 Ἀθήνησιν,
2097 2209 2179 2248 ἔνθα
2205 2212 2236 2249 οἱ
2256 2212 2291 2248 ἐν

1237 2271 1384 2325 πολέμῳ
1419 2271 1663 2325 ἀναιρούμενοι
1694 2271 1903 2317 ἐθάπτοντο,
1939 2272 1985 2314 ὡς
2020 2271 2200 2315 Μενεκλῆς
2231 2269 2292 2307 καὶ

1242 2330 1490 2383 Καλλικράτης
1506 2333 1540 2369 ἐν
1557 2331 1627 2374 τοῖς
1645 2329 1734 2382 Περὶ
1755 2329 1945 2377 Ἀθηναίων
1959 2330 2005 2381 (l.
2025 2328 2191 2379 Ἀθηνῶν)
2207 2343 2293 2378 συγ-

1307 2444 1407 2476 Batte,
1423 2442 1504 2478 prius
1518 2441 1591 2469 illud
1606 2441 1697 2474 male,
1711 2441 1841 2469 alterum
1855 2447 1927 2468 vero
1939 2439 2016 2467 bene
2029 2439 2147 2475 quaeris.

1308 2488 1518 2524 Proficiscere,
1537 2489 1638 2525 linque
1650 2489 1740 2517 maris
1753 2488 1896 2520 insulam;
1908 2486 2067 2515 continens
2080 2487 2219 2522 praestat;

1307 2538 1393 2564 Mane
1404 2535 1490 2571 prius
1503 2534 1662 2564 consilium
1677 2534 1763 2569 ejice,
1775 2531 1865 2562 suada
1879 2540 1943 2563 mea
1959 2539 2125 2569 persuasus.

1307 2584 1430 2611 Terram
1443 2589 1509 2610 ama
1521 2582 1556 2610 ut
1569 2588 1622 2617 par
1640 2583 1684 2609 est
1697 2580 1831 2612 firmam;
1845 2578 1944 2608 oderis
1960 2579 2121 2607 immerito.

1307 2627 1410 2663 Qualia
1426 2627 1497 2657 facit
1513 2627 1568 2662 vir,
1584 2627 1656 2656 tales
1665 2626 1785 2655 habebit
1796 2628 1930 2655 eventus.
1955 2635 1966 2651 ι

1747 2693 1781 2725 2.

1277 2755 1475 2794 Pheretime‚
1494 2764 1577 2787 uxor
1594 2754 1676 2787 Batti
1697 2755 1785 2794 (111,
1804 2752 1972 2793 Claudi),
1988 2752 2158 2792 postquam
2174 2750 2291 2782 Arche-

1237 2807 1307 2840 laus
1319 2808 1404 2840 lilius
1424 2808 1579 2849 perierat,
1597 2808 1663 2848 ipsa
1679 2807 1754 2839 dolo
1769 2815 1901 2847 regnum
1917 2807 2115 2846 Cyrenarum
2129 2803 2288 2844 obtinuit,

1235 2862 1333 2901 atque
1347 2870 1447 2901 quum
1474 2861 1624 2901 nepotem
1641 2868 1748 2899 regem
1762 2857 1999 2897 constituisset,
2020 2866 2091 2896 eos,
2109 2856 2165 2896 qui
2193 2859 2289 2887 Arce·

1233 2913 1311 2945 silao
1336 2913 1402 2945 filio
1424 2913 1583 2945 adversati
1603 2911 1860 2950 erant,navibus
1877 2910 2041 2951 impositos
2060 2910 2094 2941 in
2116 2911 2287 2949 Aigyptum

1234 2964 1403 3005 ablegavit.
1420 2964 1542 2997 Deinde
1563 2964 1676 2995 eodem
1690 2962 1832 3003 profecta
1849 2963 1915 3003 ipsa
1930 2970 2041 2995 omnes
2054 2960 2290 2993 interficiendos

1234 3017 1371 3057 curavit,
1383 3015 1612 3057 persuaso,qui
1622 3017 1701 3046 tunc
1712 3016 1846 3055 AEgypto
1858 3014 2028 3055 praefectus
2036 3012 2116 3050 erat,
2128 3012 2286 3053 Aryande.

1234 3069 1340 3108 Atque
1352 3070 1484 3108 accepto
1500 3075 1519 3098 a
1530 3075 1602 3107 rege
1617 3066 1758 3099 exercitu
1774 3068 1948 3107 Cyrenaeos
1965 3065 2068 3097 multa
2093 3073 2168 3095 cum
2196 3072 2286 3094 seve-

1234 3121 1328 3152 ritate
1355 3119 1522 3151 mulcavit.
1561 3121 1635 3156 Quo
1666 3119 1752 3150 facto
1784 3118 1816 3149 in
1850 3119 2024 3158 AEgyptum
2053 3124 2178 3148 reversa
2203 3114 2287 3145 diem

1233 3173 1324 3213 obiit,
1339 3173 1386 3205 uti
1404 3173 1501 3205 refert
1516 3172 1686 3213 Menecles,
1703 3172 1760 3213 qui
1776 3171 1911 3212 Libycas
1926 3171 2073 3203 historias
2089 3168 2285 3208 conscripsit.

1601 3244 1667 3283 DE
1682 3242 1921 3283 ATHENIS.

1742 3323 1777 3355 3.

1276 3386 1361 3417 Bello
1382 3385 1539 3416 interfecti
1565 3384 1597 3416 in
1615 3384 1782 3416 ceramico
1797 3381 1919 3425 sepeliri
1937 3379 2096 3416 solebant,
2117 3378 2154 3407 ut
2175 3377 2283 3407 Mene-

1233 3438 1297 3469 cles
1312 3437 1360 3469 vel
1380 3437 1565 3470 Callicrates
1590 3436 1622 3468 in
1650 3435 1737 3467 libris
1753 3437 1798 3467 De
1823 3433 1902 3464 urbe
1918 3432 2114 3464 Athenarum
2138 3425 2284 3457 scribunt

2123 3488 2157 3513 29
