2314 3756
1017 205 1339 248 FRAGMENTA.
2209 219 2250 251 21

345 328 621 367 ΙΟΥΛΙΑΝΟΣ
641 329 908 368 ΒΑΣΙΛΕΥΣ.

596 454 610 476 1
621 440 657 479 5.

160 547 253 584 Exc.
271 547 328 582 De
345 546 460 594 legat.
481 558 521 594 p.
548 558 592 592 17
625 558 632 581 :
659 542 744 583 ’“Ὀτι
765 544 854 594 μετὰ
879 543 941 591 τὴν
961 544 1150 584 Ἰουλιανοῒὶ

105 605 167 651 τ’ἥς
188 601 367 655 βασιλείας
381 602 608 656 ἀναγόρευσιν
627 603 809 655 πρεσὸεῖαι
829 603 1046 655 πανταχόθεν
1065 621 1149 643 συν-

107 662 256 710 έὸαινον,
276 661 335 700 καὶ
356 660 519 714 στέφανοι
543 661 666 700 πολλοὶ
683 667 807 713 χρυσοῖ
837 662 915 714 (οἳ)
935 664 1031 716 αὐτῷ
1053 663 1151 716 παρὰ

104 723 172 760 τῶν
189 722 293 760 ἐθνῶν
321 719 574 771 ἀνεκομίζοντο.
597 719 772 759 Ἐνταῦθα
796 720 856 758 καὶ
879 723 911 759 οἱ
931 721 992 768 τὴν
1015 721 1150 761 Ἰωνίαν

104 782 275 824 οἰκοῦντες
304 779 427 832 ἔτυχον
459 777 551 817 ὅσων
581 777 784 826 ἐδεήθησαν,
808 779 868 817 καὶ
893 780 1061 818 πλειόνων
1090 781 1150 819 καὶ

106 839 316 879 ἐλασσόνων.
336 837 444 877 Λυδοὶ
460 837 571 876 δὲκαὶ
587 838 694 890 εὐχῆς
708 843 862 890 κρεῖττον
880 837 1061 892 ἔπραττον,
1082 841 1150 878 Εὖ-

103 899 229 938 ναπίου
261 897 323 948 μὲν
357 901 418 936 τοῦ
451 896 591 950 ῥήτορος
621 896 709 949 ὑπὲρ
739 897 852 935 αὐτῶν
881 897 1151 949 πρεσὸεύοντος,

106 957 389 1010 εὐημερήσαντος
406 955 442 994 δὲ
462 955 554 994 ουτω
575 954 666 993 κατὰ
685 954 747 1002 τὴν
776 956 999 1016 πρεσὸείαν“
983 955 1072 995 ὥστε
1092 955 1152 995 καὶ

105 1015 182 1067 δίκῃ
211 1014 277 1054 τινὶ
302 1013 535 1068 περιμαχήτῳ
566 1019 751 1061 συνειπεῖν,
774 1018 796 1065 ᾗ
817 1017 834 1052 ὃ
856 1014 1018 1067 βασιλευς
1049 1015 1151 1053 αυτὸν

107 1074 278 1113 ἐκέλευεν.
301 1073 347 1113 ‘O
374 1072 410 1111 δὲ
441 1072 538 1112 ἐνίκα
558 1073 619 1111 καὶ
644 1071 706 1120 τὴν
727 1072 845 1119 δίκην·
875 1073 934 1112 καὶ
955 1075 993 1112 ἐκ
1014 1075 1151 1119 Κλαζο-

106 1135 218 1184 μενῶν
234 1131 270 1170 δὲ
290 1131 428 1171 Πείσων
446 1131 620 1181 εὐδοκίμει
638 1131 763 1182 λέγων.

158 1194 352 1243 Eunapius
379 1193 419 1230 h.
448 1193 472 1229 l.
496 1199 727 1228 memoratus
749 1204 828 1227 non
857 1193 1152 1229 confundendus

108 1265 193 1289 cum
215 1259 348 1288 nostro
372 1252 554 1287 historico
570 1278 580 1296 ‚
603 1251 668 1299 qui
697 1263 797 1286 anno
818 1250 888 1288 361
918 1265 959 1300 p.
982 1252 1023 1290 C.
1055 1265 1152 1301 puer

106 1311 232 1347 adhuc
263 1318 354 1347 erat.
378 1311 435 1346 De
461 1310 596 1345 Pisone
623 1310 862 1346 Clazomenio
892 1310 1045 1346 aliunde
1073 1323 1152 1347 non

106 1376 262 1407 constat.

572 1477 682 1529 [τε]

158 1584 354 1636 [Suidasv.
373 1579 630 1624 Ἰουλιανός.
650 1579 776 1620 Ἐπὶ
745 1596 802 1618 τον
815 1580 1007 1620 Ἰουλιανὸν
1022 1582 1151 1621 πολλαὶ

104 1642 232 1682 δίκαι’
218 1658 232 1680 ε
235 1642 383 1694 χωρουν
401 1640 528 1692 χανδὸν
561 1638 828 1692 ἐμφορουμένων
857 1642 926 1678 τῶν
958 1640 1149 1694 ἀνθρώπων

102 1705 165 1749 τῆς
185 1699 402 1746 δικαιοσύνης
426 1702 487 1737 τοῦ
508 1697 698 1750 κρίνοντος·
719 1698 890 1736 ἀναὸολαί
909 1715 946 1737 τε
973 1702 1035 1738 οὐκ
1059 1704 1150 1747 ἦσαν

104 1763 160 1799 ἐπ’
180 1762 319 1807 αὐταῖς,
335 1757 414 1797 οσαι
434 1757 581 1808 νόμιμον
602 1759 642 1796 ἐκ
664 1760 732 1795 τῶν
753 1758 908 1805 συνήθων
929 1759 1149 1810 γραμμάτων

104 1819 143 1858 τὸ
167 1818 288 1857 ἄδικον
313 1817 480 1869 ἴσχουσιν·
496 1818 544 1860 εἷς
572 1816 733 1869 βοήθειαν
759 1818 827 1854 τῶν
853 1817 1062 1856 ἀδικούντων
1090 1819 1151 1857 καὶ

107 1875 386 1930 προειληφότων.
413 1875 507 1914 Ἀλλ’
527 1873 549 1921 ἢ
574 1878 795 1928 παραχρῆμα
814 1874 882 1913 ἔδει
901 1875 940 1914 τὸ
961 1875 1037 1915 ἴσον
1053 1877 1150 1929 ἐλέγ-

102 1939 226 1989 χεσθαι
241 1933 332 1973 κατὰ
349 1933 462 1996 φύσιν,
478 1932 500 1981 ἢ
515 1936 553 1972 τὸ
570 1933 696 1984 μέλλον
712 1933 772 1972 καὶ
789 1933 1016 1985 διωθούμενον
1030 1937 1079 1980 εἷς
1091 1936 1149 1975 τὸν

104 1994 227 2047 χρόνον
247 1993 400 2031 ύποπτον
420 1996 478 2040 ἠν.
500 1992 617 2045 Βαρυς
635 1992 696 2043 μὲν
718 1996 775 2030 οὖν
800 1992 860 2030 καὶ
879 1993 1065 2046 λυπηρος’
1050 1995 1148 2047 ετύγ-

103 2068 214 2105 χανε,
243 2051 302 2090 καὶ
323 2051 380 2089 ἐπι
410 2052 524 2089 τοῖσδε
551 2050 611 2088 καὶ
630 2050 668 2088 τὸ
699 2053 767 2088 τῶν
794 2054 955 2103 πονηρῶν
977 2051 1068 2096 ἔθνος
1090 2053 1150 2092 καὶ

105 2109 314 2148 ἀδικούντων
336 2108 544 2160 διηγείρετο·
559 2110 597 2147 οὗ
614 2108 681 2162 γὰρ
703 2111 834 2148 ἀδικεῖν
851 2110 941 2157 ἐξῆν,
963 2109 1040 2148 οὐδὲ
1062 2112 1148 2149 λαν-

103 2167 217 2205 θάνειν
241 2167 413 2205 ἀδικοῦσι.
437 2165 632 2219 Βαρύτερον
656 2165 692 2204 δὲ
713 2166 815 2205 αὐτὸν
848 2167 1049 2205 ἀπεδείκνυε
1082 2169 1150 2213 τοῖς

104 2231 290 2278 μοχθηροῖς
311 2225 371 2264 καὶ
393 2224 432 2262 τὸ
457 2224 677 2277 εὐπρόσοδον.
706 2219 778 2264 Οἷα
797 2225 864 2278 γὰρ
884 2226 1062 2279 προϊόντος
1087 2227 1148 2278 μὲν

102 2285 271 2328 πολλάκις
300 2283 356 2322 διὰ
381 2282 443 2327 τὰς
456 2283 671 2355 ἱερομηνίας
700 2283 760 2321 καὶ
787 2283 927 2335 θυσίας,
952 2284 1083 2337 ἡμέρου
1113 2284 1148 2323 δὲ

104 2342 203 2396 φύσει
218 2342 303 2395 πρὸς
317 2348 433 2380 πᾶσαν
452 2341 599 2386 ἔντευξιν
615 2341 862 2394 τυγχάνοντος,
878 2342 1055 2381 ἀκώλυτον
1074 2337 1150 2397 [ἠν]

102 2417 180 2445 τους
199 2398 384 2451 δεομένους
394 2401 497 2452 λόγου
514 2401 644 2452 τυχεῖν.
663 2399 709 2440 ‘O
730 2400 793 2452 μὲν
810 2405 868 2440 οὖν
885 2401 1071 2453 ελάχιστον
1087 2406 1150 2450 τῆς

594 2517 651 2549 15.

144 2571 219 2602 Post
239 2570 356 2602 Juliani
371 2569 410 2601 ad
428 2569 597 2610 imperium
619 2570 816 2603 evectionem
844 2571 986 2611 undique
1006 2571 1047 2603 ad
1075 2580 1149 2603 eum

102 2621 273 2662 legationes
289 2623 527 2661 convenerunt,
544 2622 576 2653 et
589 2630 721 2654 coronas
733 2630 847 2654 aureas
867 2631 886 2654 a
900 2623 1049 2663 gentibus
1062 2625 1150 2655 attu-

89 2674 218 2706 ·lerunt.
240 2677 333 2707 Tunc
355 2675 451 2706 etiam
476 2674 598 2706 Ioniam
616 2675 795 2707 habitantes
816 2675 857 2706 ab
876 2684 914 2707 eo
930 2677 962 2707 et
980 2684 1094 2716 magna
1119 2677 1151 2708 et

99 2734 200 2767 parva
211 2749 221 2765 ,
238 2735 312 2766 quae
331 2725 504 2766 petebant,
521 2727 594 2758 sunt
611 2726 786 2759 consecuti.
830 2727 910 2768 Lydi
928 2736 1023 2766 vero,
1041 2730 1148 2759 Euna-

101 2778 155 2818 pio
168 2778 314 2817 rhetore,
337 2786 447 2810 eorum
473 2778 593 2818 legato,
609 2787 666 2819 pro
689 2779 736 2810 his
757 2779 855 2810 verba
874 2779 1030 2818 faciente,
1048 2780 1150 2811 multo

101 2831 255 2871 ampliora
266 2855 276 2871 ,
293 2839 391 2870 quam
410 2831 558 2871 precibus
573 2831 638 2863 suis
654 2831 814 2871 complexi
841 2832 978 2871 fuerant,
1001 2832 1149 2864 obtinue-

102 2884 186 2916 runt.
207 2885 286 2920 Quae
300 2883 415 2923 legatio
425 2886 491 2915 tam
505 2892 653 2924 prospere
666 2884 770 2924 legato
783 2884 945 2922 successit,
963 2885 997 2916 ut
1007 2885 1149 2924 legatum

102 2943 230 2975 quoque
245 2934 419 2975 imperator
432 2934 560 2974 juberet
577 2943 707 2966 causam
724 2934 886 2975 quandam
908 2935 1002 2967 valde
1018 2935 1149 2968 intrica-

101 2988 169 3018 tam
185 2995 289 3026 agere.
308 2988 378 3022 Qua
394 2986 425 3017 in
445 2986 499 3017 lite
512 2986 620 3026 etipse
632 2986 776 3027 superior
791 2986 892 3018 evasit
903 3010 912 3026 ,
935 2988 968 3019 et
980 2987 1053 3020 Piso
1076 2987 1149 3028 qui-

101 3038 176 3071 dam
192 3038 414 3071 Clazomenius
430 3047 547 3079 magna
560 3047 635 3070 cum
648 3039 744 3071 laude
758 3039 855 3071 verba
868 3039 953 3072 fecit.

597 3094 654 3127 16.

141 3148 191 3180 Ad
207 3148 371 3180 Julianum
387 3149 498 3181 multae
515 3157 620 3181 causae
641 3149 878 3190 deserebantur,
895 3149 983 3190 quod
1006 3150 1151 3183 homines

101 3199 221 3232 affatim
237 3200 322 3232 illius
335 3200 451 3240 jiidicis
466 3201 618 3241 aequitate
639 3201 832 3233 fruerentur.
859 3203 987 3243 ‘Neque
1003 3203 1087 3234 enim
1103 3202 1150 3233 di-

101 3253 274 3284 lationibus
289 3253 445 3293 ejusmodi
463 3253 554 3285 locus
575 3255 662 3292 erat,
679 3262 754 3294 quae
774 3254 843 3294 lege
859 3254 1015 3285 sancitam
1032 3263 1050 3285 e
1068 3254 1148 3285 scri-

101 3305 163 3345 ptis
182 3305 349 3337 tralaticiis
372 3306 489 3338 habent
511 3306 731 3346 iniquitatem,
754 3308 786 3338 et
813 3306 997 3338 hominibus
1022 3306 1148 3346 injustis

102 3357 268 3396 alienaque
291 3356 509 3389 detinentibus
525 3357 740 3398 auxiliantur;
770 3357 826 3390 sed
841 3359 899 3389 aut
925 3357 1033 3389 statim
1050 3358 1151 3398 aequi-

100 3411 151 3441 tas
166 3410 291 3441 naturae
316 3411 528 3443 consentanea
546 3410 795 3443 demonstranda
812 3412 900 3450 erat,
918 3411 974 3443 aut
1002 3419 1091 3442 mora
1119 3412 1151 3443 et

1213 293 1278 332 ὑπὸ
1308 296 1374 332 τῶν
1406 297 1563 349 πονηρῶν
1593 295 1722 343 ταύτης
1748 298 1973 350 βλασφημίας
2003 315 2038 336 τε
2068 299 2128 337 καὶ
2155 301 2258 352 ὀργῆς

1211 352 1380 404 ᾐσθάνετο
1396 353 1455 391 καὶ
1473 354 1685 407 ἐφρόντιζε.]

1267 414 1430 461 Eunapii
1455 414 1582 450 locum
1600 427 1675 451 esse
1702 423 1829 451 censet
1853 418 2051 455 Kasterus.
2084 418 2140 454 Cf.
2162 420 2257 455 Am-

1211 471 1326 510 mian.
1356 467 1566 512 Marcellin.
1589 474 1725 518 XXII,
1757 486 1824 519 10,
1857 487 1871 510 1
1908 488 1916 510 :
1940 475 1998 510 lbi
2025 474 2103 525 (sc.
2124 480 2257 515 Antio-

1211 527 1346 579 chioe),
1372 530 1660 580 biemans(ann.
1682 531 1806 581 362p.
1824 533 1862 569 C.
1877 531 1888 582 )
1902 538 2151 580 exsentencia,
2173 539 2255 572 nul-

1214 588 1258 623 lis
1274 591 1417 624 interim
1439 591 1643 638 voluptatis
1661 592 1879 639 rapiebatur
1906 593 2102 637 illecebris,
2129 595 2259 642 quibus

1211 647 1407 683 abundant
1423 648 1544 695 Syrioe
1559 661 1703 694 omnes,
1722 662 1851 686 verum
1862 663 1935 699 per
1950 655 2108 699 speciem
2128 657 2259 701 quietis

1206 706 1456 750 suflicialibus
1492 711 1615 743 causis
1646 711 1820 754 intentus,
1869 722 1942 745 non
1981 713 2099 746 minus
2130 713 2259 748 arduis

1211 777 1321 811 quam
1345 765 1503 807 bellicis,
1531 766 1807 802 distrahebatur
1833 766 2120 814 multiformibus
2138 774 2253 814 curi5,

1212 827 1396 871 exquisita
1432 825 1623 860 docilitate
1655 825 1815 870 librans,
1845 826 1975 874 quibus
2004 828 2124 863 modis
2154 841 2259 864 suum
2291 846 2294 849 ·

1211 885 1338 930 cuique
1357 883 1527 918 tribueret
1534 895 1545 927 ,·
1555 886 1738 931 justisque
1753 888 1947 920 sententiis
1962 893 2000 921 et
2012 888 2171 934 improbi
2184 901 2260 923 mo-

1212 941 1305 975 dieis
1319 949 1573 976 coercerentur
1585 943 1794 989 suppliciis,
1822 950 1861 978 et
1869 946 2087 979 'innocentes
2094 942 2260 990 fortunis
2309 950 2311 954 ’

1212 997 1500 1045 defenderentur
1514 1003 1671 1038 intactis.
1686 1002 1718 1036 E
1719 1009 1735 1037 t
1741 1015 1955 1050 quanquam
1971 1006 2007 1038 in
2020 1004 2260 1053 disceptando

1213 1059 1411 1106 aliquoties
1426 1067 1510 1094 erat
1526 1062 1818 1108 intempestivus,
1834 1062 1928 1108 quid
1940 1065 2092 1110 quisque
2098 1066 2260 1112 jurgan-

1214 1120 1305 1151 tium
1327 1118 1481 1161 coleret,
1506 1125 1668 1166 tempore
1693 1119 1816 1154 alieno
1842 1123 2075 1167 interrogans
2095 1133 2107 1155 :
2136 1129 2259 1158 tamen

1212 1177 1318 1211 nulla
1330 1180 1410 1222 esus
1424 1177 1594 1222 definitio
1612 1178 1689 1212 litis
1698 1190 1722 1212 a
1736 1190 1827 1214 vero
1843 1179 2041 1215 dissonans
2050 1185 2233 1228 reperitur
2243 1196 2257 1225 ,-

1213 1247 1280 1270 nec
1304 1238 1412 1283 argui
1436 1248 1597 1283 unquam
1620 1239 1742 1284 potuit
1759 1237 1805 1273 ob
1823 1239 2036 1285 religionem
2058 1240 2126 1274 vel
2142 1242 2261 1287 quod-

1212 1306 1366 1342 cumque
1385 1296 1508 1338 aliud,
1537 1293 1587 1330 ab
1606 1299 1795 1343 oequitatis
1807 1305 1903 1332 recto
1918 1300 2062 1333 tramite
2078 1299 2255 1335 deviasse.

1708 1397 1768 1430 ¹7·

1266 1469 1400 1505 Suidas
1417 1482 1451 1506 v.
1476 1467 1778 1540 Σαλρύστιος.
1799 1467 1885 1508 ι’Ότι
1903 1469 2138 1517 Σαλούστιος,
2159 1473 2176 1508 ὁ
2198 1487 2258 1517 της

1215 1525 1369 1572 αὐλης”
1351 1541 1506 1578 επαρχος
1534 1526 1590 1564 ἐπὶ
1617 1526 1830 1576 Ιουλιανου,
1856 1527 1941 1580 ἀνὴρ
1962 1531 2004 1575 ἠν
2032 1529 2260 1582 διαφερόντως

1216 1599 1383 1655 περιττος
1395 1586 1442 1628 εἷς
1461 1585 1741 1638 φιλανθρωπίαν·
1759 1588 1787 1638 ᾧ
1807 1602 1846 1638 γε
1868 1590 2028 1624 τοσοῦτον
2045 1587 2260 1639 ἡμερότητος

1213 1656 1273 1679 και
1290 1643 1485 1693 πραότητος
1497 1645 1651 1695 υπηρχεν
1667 1645 1713 1686 εἷς
1731 1643 1897 1692 ἅπαντας,
1915 1643 2005 1682 ὥστε
2023 1659 2080 1685 τον
2097 1644 2260 1697 Μάρκελ·

1211 1700 1271 1738 λον
1294 1702 1436 1749 ἐκεῖνον,
1462 1701 1538 1752 τὸν,
1559 1701 1663 1748 ἡνίκα
1684 1697 1726 1741 ἦν
1750 1702 1911 1756 Καῖσαρ,
1935 1701 2144 1755 ὓὸριστικῶς
2165 1705 2257 1756 αὐτῷ

1211 1759 1447 1811 χρησάμενον,
1460 1759 1552 1798 πάνυ
1569 1761 1711 1813 περιδεᾶ
1728 1761 1811 1799 ὄντα
1829 1761 1885 1799 διὰ
1899 1760 1943 1799 τὰ
1956 1761 2257 1814 προγεγενημένα,

1211 1818 1326 1856 καίτοι
1358 1822 1419 1857 τοῦ
1451 1819 1572 1863 παιδὸς
1600 1819 1821 1871 ἐλεγχθέντος
1853 1819 2103 1858 ἐπανίστασθαι
2121 1820 2178 1858 διὰ
2196 1820 2258 1867 τὴν

1211 1876 1296 1928 πρὸς
1316 1877 1561 1916 Κωνστάντιον
1581 1877 1710 1931 φιλίαν,
1729 1880 1779 1930 τῷ
1798 1878 1968 1931 νεανίσκῳ
1982 1877 2043 1925 τὴν
2059 1877 2157 1925 δίκην
2179 1878 2259 1916 ἐπέ-

1213 1937 1316 1986 θηκε,
1336 1935 1393 1974 τὸν
1414 1935 1448 1973 δὲ
1474 1936 1683 1989 Μάρκελλον
1708 1936 1769 1974 καὶ
1790 1936 2019 1989 διαφερόντως
2041 1936 2200 1986 ἐτίμησε.

1271 2012 1286 2027 α
1305 1997 1444 2032 Totum
1459 1997 1560 2032 hunc
1574 1998 1701 2033 locum
1710 2010 1754 2032 ex
1763 1997 1936 2045 Eunapio
1948 2004 2167 2046 excerptum
2182 2010 2259 2034 esse

1210 2055 1423 2102 suspicatur
1441 2055 1606 2091 Valesius
1626 2055 1676 2090 ad
1694 2055 1881 2091 Annnian.
1898 2056 2107 2091 Marcellin.
2129 2055 2257 2103 XXII,

1214 2125 1229 2148 1
1242 2126 1255 2147 1
1272 2141 1282 2158 ,
1301 2125 1344 2157 2;
1367 2114 1433 2160 qui
1451 2121 1553 2149 recte
1573 2114 1685 2149 etiam
1706 2114 1854 2149 monuit
1874 2113 2030 2150 Suidam
2042 2114 2104 2149 hic
2133 2114 2260 2149 omnia

1211 2171 1459 2219 confundere,
1484 2179 1522 2207 et
1543 2172 1593 2208 ad
1612 2172 1814 2208 Salustium
1828 2172 1926 2207 male
1944 2172 2084 2208 referre
2110 2183 2153 2207 ea
2176 2183 2258 2219 quae

1212 2231 1364 2266 Juliano
1377 2231 1615 2269 conveniant.
1635 2248 1651 2262 n
1667 2233 1837 2267 Kus'rmx.
1854 2233 1911 2267 De
1932 2231 2112 2266 Marcello
2129 2237 2251 2279 patre,

1211 2301 1324 2336 quem
1347 2288 1586 2325 Constantius
1606 2290 1756 2325 Juliano
1784 2289 1918 2326 Caesari
1938 2289 1977 2323 in
1993 2289 2113 2325 Gallia
2130 2290 2259 2338 impe-

1209 2347 1328 2381 ratori
1347 2347 1493 2382 socium
1508 2359 1586 2383 una
1609 2360 1694 2383 eum
1719 2348 1878 2384 Salustio
1900 2346 2142 2393 adjunxerat,
2162 2347 2258 2382 vidi-

1208 2418 1291 2441 mus
1310 2419 1436 2455 supra.
1466 2408 1522 2442 De
1547 2406 1625 2442 filio
1647 2406 1726 2454 ejus
1746 2407 1964 2443 Ammianus
1980 2408 2099 2444 Marc.
2121 2406 2256 2450 XXII,

1209 2516 1450 2556 procrastinatio
1460 2517 1607 2557 suspecta
1618 2516 1806 2548 habebatur.
1821 2516 1935 2548 Gravis
1949 2515 2045 2555 igitur
2057 2517 2090 2547 et
2105 2515 2260 2546 molestus

1208 2569 1285 2608 erat¹
1306 2569 1339 2600 et
1352 2569 1392 2600 ob
1406 2569 1477 2600 haec
1493 2569 1714 2610 improborum
1733 2570 1765 2600 et
1782 2569 1973 2609 injustorum
1987 2568 2073 2600 natio
2088 2576 2258 2607 exaspera-

1207 2619 1314 2652 batur.
1329 2623 1395 2653 Nec
1407 2622 1493 2653 enim
1509 2620 1658 2661 injuriam
1676 2621 1780 2653 facere
1792 2620 1925 2659 licebat,
1947 2628 2019 2660 nec,
2033 2619 2088 2660 qui
2109 2619 2259 2658 injuriam

1208 2672 1375 2713 fecissent,
1404 2674 1503 2706 latere
1530 2675 1689 2714 poterant.
1735 2674 1953 2706 Molestiorem
1977 2673 2074 2705 etiam
2106 2671 2260 2712 improbis

1207 2723 1299 2756 illum
1321 2725 1474 2757 reddebat
1488 2725 1626 2757 adeundi
1643 2725 1787 2757 facilitas.
1804 2728 1912 2762 Quum
1925 2724 2010 2756 enim
2030 2732 2114 2764 saepe
2129 2724 2259 2764 propter

1208 2777 1287 2808 festa
1305 2779 1338 2808 et
1349 2777 1503 2809 sacrificia
1515 2777 1547 2809 in
1559 2777 1724 2818 publicum
1741 2777 1895 2818 prodiret,
1906 2776 2121 2816 omnibusque
2133 2784 2257 2809 comem

1208 2832 1240 2861 et
1256 2830 1417 2862 affabilem
1432 2839 1465 2862 se
1478 2831 1654 2871 praeberet,
1668 2831 1805 2871 quilibet
1822 2839 1898 2862 eum
1911 2829 2031 2870 alloqui
2050 2829 2187 2870 poterat.
2203 2828 2259 2860 llle

1209 2890 1284 2913 vero
1300 2882 1519 2922 improborum
1540 2882 1711 2915 maledicta
1724 2884 1756 2915 et
1771 2881 2023 2923 indignationem
2043 2880 2174 2912 minime
2186 2888 2258 2912 sen-

1207 2934 1306 2967 tiebat
1318 2935 1375 2967 aut
1388 2935 1532 2967 curabat.

1702 2990 1758 3023 17.

1251 3044 1426 3084 Salustius,
1444 3045 1528 3077 aulae
1540 3045 1713 3085 praet‘ectus
1725 3044 1785 3077 sub
1797 3046 1816 3077 J
1821 3044 1940 3084 uliano,
1959 3044 2008 3076 vir
2024 3044 2084 3076 fuit
2102 3042 2214 3083 insigni
2227 3044 2259 3074 et

1208 3096 1327 3128 eximia
1343 3097 1542 3129 humanitate
1559 3096 1730 3137 praeditus,
1747 3096 1803 3137 qui
1821 3095 1909 3136 (imo
1924 3105 1935 3127 .-
1951 3096 2123 3128 Julianus
2143 3096 2256 3134 Anqu-

1207 3149 1304 3190 stus)
1318 3149 1398 3181 adeo
1410 3151 1597 3194 mansuetus
1612 3151 1644 3181 et
1660 3149 1815 3189 benignus
1825 3157 1899 3188 erga
1911 3157 2022 3188 omnes
2035 3148 2107 3185 suit,
2123 3148 2160 3178 ut
2172 3148 2258 3178 Mar-

1209 3201 1326 3233 cellum
1340 3210 1427 3240 eum,
1444 3209 1464 3232 a
1479 3210 1544 3242 quo
1559 3201 1625 3242 ipse
1637 3201 1796 3240 Julianus,
1815 3209 1880 3240 quo
1896 3201 2041 3239 tempore
2053 3200 2160 3230 coesar
2176 3197 2256 3233 erat,

1209 3253 1318 3284 multis
1342 3252 1467 3293 injuriis
1481 3254 1552 3285 erat
1569 3252 1716 3292 affectus,
1736 3252 1778 3283 ol)
1798 3251 1868 3282 haec
1895 3252 2017 3283 terrore
2053 3249 2255 3288 correptum,

1208 3313 1310 3345 quum
1329 3304 1426 3336 etiam
1442 3304 1511 3344 eJus
1529 3303 1614 3335 filius
1629 3302 1954 3336 ob.benevolentiam
1978 3301 2009 3332 in
2030 3298 2255 3332 Constantium

1208 3365 1259 3388 res
1282 3365 1383 3387 novas
1404 3358 1537 3396 agitasse
1552 3355 1719 3387 convictus
1743 3355 1824 3386 esset
1837 3378 1846 3391 ‚
1861 3353 2011 3393 juvenem
2033 3350 2164 3390 quidem
2179 3358 2255 3388 sup-

1210 3410 1304 3451 plicio
1317 3409 1472 3449 affecerit,
1483 3409 1587 3449 ipsum
1601 3416 1676 3440 vero
1688 3406 1873 3439 Marcellum
1883 3411 2072 3445 magnopere
2079 3402 2254 3434 honorarit.
