2326 3724
1014 221 1350 272 FRAGMENTA.

611 346 653 385 Ζ.

155 444 208 473 30.
230 431 318 480 Ζήν
330 447 418 472 ωνα
434 431 491 471 τὸν
524 435 558 472 Κ
571 431 715 471 ιττιέα
734 431 928 483 ἐθαύμαζεν
956 431 1155 483 Ἀντίγονος

105 491 124 530 ὃ
136 490 311 543 βασιλεύς·
327 491 509 546 ἐρωτηθεὶς
517 491 570 543 δὲ,
582 490 639 531 διὰ
655 491 689 530 τί
705 491 876 543 θαυμάζει
892 490 1010 539 αὐτὸν,
1025 508 1041 526 «
1055 489 1154 539 ”Οτι,

103 548 192 603 ἔφη,
209 551 348 590 πολλῶν
373 549 433 590 καὶ
454 550 618 602 μεγάλων
647 550 839 602 δεδομένων
864 550 959 603 αὐτῷ
986 550 1044 588 ὑπ’
1072 551 1156 599 ἐμοῦ

102 607 273 655 οὗδέποτε,
290 608 472 663 ἐχαυνώθη
496 608 575 648 οὖδὲ
598 609 760 654 ταπεινὸς
775 607 888 661 ὤφθη.
909 626 925 643 »
943 602 1054 653 Οὗτος
1073 608 1158 660 πρὸς

106 665 166 706 τὸν
180 667 288 707 καλὸν
308 666 451 706 εἰπόντα
465 697 476 717 ,
491 666 545 707 ὅτι
561 669 599 706 οὖ
614 667 708 706 δοκεῖ
731 668 881 720 [αὐτῷ]
904 666 1158 720 ἐρασθήσεσθαι

106 727 125 764 δ
143 727 248 780 σοφὸς
261 756 271 775 ,
286 744 303 762 σι
320 725 434 767 Οὐδὲν
447 724 669 779 ἀθλιώτερον,
683 725 761 780 ἔφη,
775 728 872 777 ὑμῶν
888 725 986 764 ἔσται
1002 727 1071 764 τῶν
1089 741 1156 764 κα-

102 785 185 834 λῶν,
203 787 233 824 εἰ
251 785 301 838 μὴ
319 788 421 837 ἡμεῖς
439 784 722 839 ἐρασθησόμεθα.
743 804 760 820 »
775 785 910 825 Τούτου
920 784 1095 837 λέγοντος,
1113 787 1159 829 ὡς

102 845 142 883 οὗ
163 844 404 893 λυπηθήσεται
422 847 440 883 ὁ
462 844 592 898 σοφὸς,
617 844 803 897 διάπειραν
832 844 1010 896 βουληθεὶς
1035 843 1157 883 λαὸεῖν

103 905 122 942 ὁ
144 903 308 955 βασιλεὺς
328 903 537 955 Ἀντίγονος,
561 903 725 952 ἐποίησεν
743 905 839 957 αὐτῷ
858 904 1024 948 πλαστῶς
1043 905 1158 955 ἀγγε-

101 962 224 1010 λῆναι,
239 963 286 1007 ὡς
298 962 352 1010 εἴη
366 961 411 1000 τὰ
428 961 544 1016 χωρία
566 964 670 1002 αὐτοῦ
685 962 770 1015 πρὸς
786 965 854 1001 τῶν
871 962 1050 1013 πολεμίων
1071 964 1159 1015 ἀφῃ·

107 1020 264 1074 ρημένα,
285 1020 346 1060 καὶ
367 1023 389 1068 ἡ
414 1020 501 1072 γυνὴ
522 1021 582 1060 καὶ
598 1023 629 1060 οἱ
649 1023 782 1065 παῖδες·
808 1025 868 1060 τοῦ
896 1021 931 1060 δὲ
948 1022 1159 1073 σκυθρωπά-

103 1095 229 1124 σαντος
242 1109 253 1129 ,
273 1097 287 1115 «
305 1079 434 1134 Ὁρᾷς,
452 1080 540 1134 ἔφη,
566 1080 619 1119 ὅτι
645 1082 708 1119 οὐκ
729 1080 820 1120 ἔστιν
841 1083 858 1119 ὃ
887 1081 1036 1124 πλοῦτος
1057 1080 1158 1119 ἀδιά-

67 1145 71 1149 ’
105 1153 222 1194 φορον.
246 1156 262 1174 n

156 1211 206 1238 31.
246 1196 338 1246 Ζήν
351 1213 380 1236 ω
391 1214 409 1237 ν
443 1200 462 1237 ὃ
496 1198 594 1238 Ἔλε
607 1199 684 1248 άτη
695 1216 710 1244 ς
741 1198 838 1252 ἔλεγε
878 1199 1011 1250 κόσμον
1053 1193 1159 1247 εἶναι,

102 1256 201 1296 κενόν
213 1272 253 1296 τε
274 1256 324 1308 μὴ
343 1251 443 1297 εἶναι·
461 1262 666 1311 γεγενῆσθαι
683 1259 719 1298 δὲ
738 1258 802 1307 τὴν
821 1261 893 1297 τῶν
905 1257 1038 1297 ὑδάτων
1059 1257 1160 1311 φύσιν

101 1316 142 1354 ἐκ
161 1319 288 1369 θερμοῦ
305 1317 366 1356 καὶ
386 1319 521 1371 ψυχροῦ
541 1318 602 1357 καὶ
620 1321 726 1371 ὑγροῦ
744 1319 805 1358 καὶ
822 1317 946 1371 ξηροῦ,
962 1316 1161 1368 λαμὸανόν·

100 1389 170 1413 των
184 1376 296 1414 αὐτῶν
311 1377 357 1420 εἰς
373 1377 510 1424 ἄλληλα
526 1374 588 1424 τὴν
606 1375 819 1428 μεταὸολήν·
835 1375 968 1428 γένεσίν
981 1391 1019 1415 τε
1034 1375 1160 1428 ἀνθρώ·
1174 1428 1177 1431 ¹

101 1448 176 1471 πων
189 1435 241 1473 ἐκ
263 1437 327 1486 γῆς
346 1428 452 1485 εἶναι,
482 1434 543 1474 καὶ
562 1434 680 1488 ψυχὴν
693 1441 816 1488 κρᾶμα
832 1435 1006 1488 ὑπάρχειν
1034 1437 1073 1474 ἐκ
1089 1436 1159 1473 τῶν

100 1493 380 1546 προειρημένων,
418 1493 510 1532 κατὰ
550 1493 696 1545 μηδενὸς
739 1493 870 1533 τούτων
912 1493 1156 1547 ἐπικράτησιν.

100 1551 234 1591 Τοῦτόν
245 1567 330 1606 φασι
345 1552 609 1606 λοιδορούμενον
622 1549 867 1605 ἀγανακτῆσαι
880 1584 891 1604 ,
910 1553 1159 1604 αἰτιασαμένου

102 1610 140 1649 δέ
158 1626 247 1656 τινος
272 1611 397 1665 φάναι·
417 1628 433 1646 «
449 1613 495 1652 Εἰ
516 1610 565 1663 μὴ
595 1612 854 1666 λοιδορούμενος
874 1616 1156 1664 προσποιοῦμαι,

101 1669 179 1709 οὐδὲ
194 1669 442 1722 ἐπαινούμενος
461 1670 677 1722 ἡσθήσομαι.
698 1690 714 1705 ι»

603 1768 652 1806 H.

155 1877 205 1904 82.
233 1863 536 1918 Ἡράκλειτος
572 1865 683 1920 ὑδέρῳ
718 1866 917 1919 περιπεσὼν
946 1866 1044 1918 ἔλεγε
1086 1872 1157 1910 τοῖς

102 1924 233 1976 ἰατροῖς
245 1953 255 1972 ,
271 1922 364 1968 εἴτις
381 1923 520 1963 δύναιτο
537 1923 658 1978 ἔντερα
676 1928 911 1973 ταπεινῶσαι,
927 1925 1030 1978 ὑγρόν
1044 1926 1075 1964 τ’
1091 1925 1157 1971 ἐξε-

106 1980 223 2034 ράσαι·
244 1982 465 2021 ἀπειπόντων
484 1982 548 2034 δὲ,
574 1982 697 2030 ἔθηκεν
727 1982 848 2022 ἑαυτὸν
868 1985 915 2027 εἰς
944 1984 1002 2023 τὸν
1031 1983 1129 2032 ἥλιον
1143 2015 1154 2036 ,

104 2040 164 2079 καὶ
199 2040 363 2080 ἐκέλευσε
397 2040 477 2087 τοὺς
511 2042 641 2085 παῖδας
679 2042 851 2094 βολὸίτοις
880 2043 1156 2084 καταπλάττειν.

103 2099 210 2140 Οὕτω
229 2099 270 2148 δὴ
290 2099 598 2151 κατατεινόμενος,
627 2100 677 2151 μὴ
706 2100 862 2148 δυνηθεὶς
881 2101 1090 2141 ἀποσπάσαι
1109 2100 1154 2140 τὰ

105 2158 254 2212 βόλὸιτα
270 2189 281 2208 ,
304 2158 418 2210 ἔμεινε
435 2158 496 2198 καὶ
517 2158 574 2197 διὰ
594 2158 658 2207 τὴν
680 2159 881 2211 μεταὸολὴν
899 2161 1078 2212 ἀγνοηθεὶς
1094 2178 1156 2200 κυ-

103 2217 275 2271 νόὸρωτος
288 2217 444 2270 γέγονεν.
464 2212 576 2263 Οὗτος
591 2218 726 2263 οὐδενὸς
744 2218 892 2266 ἤκουσεν
906 2249 917 2270 ,
951 2219 1029 2259 ἀλλ’
1055 2220 1157 2266 αὐτὸς

104 2275 170 2330 ἔφη
191 2276 401 2325 διζήσασθαι
418 2276 479 2315 καὶ
495 2281 617 2329 μαθεῖν
641 2276 757 2317 πάντα
786 2281 870 2331 παρ’
890 2280 1029 2319 ἑαυτοῦ.
1049 2277 1156 2320 Ἔστι

109 2334 146 2375 δὲ
165 2336 213 2381 εἷς
235 2334 338 2375 αὐτὸν
359 2335 580 2390 ἐπίγραμμα·

189 2446 344 2485 Πολλάκις
357 2446 557 2489 Ἡράκλειτον
569 2448 751 2490 ἐθαύμασα,
767 2452 832 2486 πῶς
853 2460 929 2482 ποτε
947 2450 983 2483 τὸ
1000 2453 1052 2489 ζῆν

232 2495 294 2526 ὧδε
310 2495 493 2532 διαντλήσας
510 2495 663 2537 δύσμορος
676 2495 733 2528 εἶτ’
746 2495 845 2530 ἔθανε.

188 2543 285 2583 Σῶμα
297 2542 358 2583 γὰρ
376 2542 555 2583 ἀρδεύσασα
567 2543 650 2581 κακὴ
665 2543 754 2579 νόσος
766 2543 854 2575 ὕδατι
871 2544 981 2585 φέγγος

232 2590 358 2622 ἔσὸεσεν
372 2589 403 2621 ἐν
418 2590 578 2632 βλεφάροις
590 2591 643 2623 καὶ
659 2590 772 2623 σκότον
786 2591 933 2632 ἠγάγετο.

106 2683 222 2733 Οὗτος
238 2687 302 2735 τὴν
329 2687 442 2735 οἴησιν
469 2687 568 2740 ἱερὰν
588 2688 687 2728 νόσον
709 2688 827 2741 ἔλεγε,
853 2689 914 2728 καὶ
943 2689 1004 2737 τὴν
1034 2690 1154 2742 ὅρασιν

105 2747 314 2802 ψεύδεσθαι,
332 2750 403 2800 πῦρ
422 2740 511 2785 εἶναι
530 2750 713 2800 στοιχεῖον,
733 2749 793 2786 καὶ
812 2748 918 2801 πυρὸς
938 2748 1091 2799 ἀμοιὸὴν
1112 2749 1157 2788 τὰ

107 2807 223 2845 πάντα
241 2805 409 2859 ἀραιώσει
427 2805 487 2844 καὶ
504 2807 681 2845 πυκνώσει
700 2806 879 2858 γινόμενα.
901 2808 1030 2862 Σαφῶς
1050 2807 1086 2846 δὲ
1101 2810 1156 2847 οὐ·

108 2865 162 2905 δὲν
190 2865 378 2906 ἐκτίθεται.
413 2864 577 2905 Γίνεσθαί
599 2882 636 2904 τε
654 2866 770 2904 πάντα
798 2866 876 2904 κατ’
905 2866 1153 2918 ἐναντιότητα,

113 2924 173 2963 καὶ
192 2926 260 2978 ῥεῖν
275 2923 319 2962 τὰ
335 2923 400 2962 ὅλα
417 2927 578 2975 ποταμοῦ
595 2924 708 2972 δίκην.
729 2924 956 2977 Πεπεράνθαι
969 2941 1006 2963 τε
1017 2925 1056 2963 τὸ
1072 2932 1155 2974 πᾶν,

114 2982 175 3021 καὶ
205 2977 292 3021 εἶναι
308 2982 441 3034 κόσμον
471 2981 543 3020 ἕνα·
567 2983 754 3034 γεννᾶσθαί
772 2999 809 3021 τε
830 2983 933 3021 αὐτὸν
956 2985 996 3022 ἐκ
1023 2984 1129 3036 πυρὸς
1143 3014 1153 3032 ,

110 3040 172 3080 καὶ
198 3041 304 3079 πάλιν
322 3042 556 3092 ἐκπυροῦσθαι
575 3041 666 3080 κατά
687 3057 784 3085 τινας
806 3041 986 3095 περιόδους
1006 3041 1155 3087 ἐναλλὰξ

112 3098 171 3138 τὸν
192 3098 381 3150 σύμπαντα
401 3101 512 3137 αἰῶνα
526 3130 537 3151 ,
559 3099 620 3137 καὶ
640 3103 742 3138 τοῦτο
757 3100 913 3152 γίνεσθαι
933 3102 1010 3139 καθ’
1032 3102 1155 3153 εἱμαρ-

109 3158 229 3208 μένην·
246 3161 315 3197 τῶν
342 3157 378 3196 δὲ
399 3158 561 3196 ἐναντίων
581 3158 622 3197 τὸ
642 3158 704 3209 μὲν
735 3159 792 3197 ἐπὶ
822 3159 885 3207 τὴν
907 3159 1041 3211 γένεσιν
1072 3160 1154 3211 ἄγον

109 3219 292 3256 καλεῖσθαι
312 3217 466 3268 πόλεμον
485 3216 545 3256 καὶ
563 3216 646 3268 ἔριν·
664 3217 703 3257 τὸ
723 3218 760 3256 δὲ
783 3218 840 3256 ἐπὶ
859 3218 921 3265 τὴν
941 3218 1155 3270 ἐκπύρωσιν,

109 3275 298 3328 ὁμολογίαν
317 3274 378 3315 καὶ
398 3274 551 3328 εἰρήνην.
571 3276 644 3316 Καὶ
660 3276 724 3324 τὴν
746 3277 947 3327 μεταὸολὴν
959 3308 970 3328 ‚
989 3277 1065 3315 ὃδὸν
1084 3277 1156 3315 ἄνω

110 3332 225 3373 κάτω·
245 3333 303 3373 τόν
319 3349 356 3372 τε
373 3333 503 3385 κόσμον
521 3334 675 3386 γίνεσθαι
689 3338 766 3374 κατ’
784 3336 904 3382 αὐτήν·
919 3335 1154 3387 πυκνούμενον

111 3392 179 3444 γὰρ
197 3392 236 3431 τὸ
253 3396 323 3445 πῦρ
348 3392 631 3446 ἐξυγραίνεσθαι,
656 3394 909 3444 συνιστάμενόν
936 3411 974 3433 τε
1000 3395 1155 3446 γίνεσθαι

113 3450 216 3504 ὕδωρ,
227 3450 446 3502 πηγνύμενον
464 3450 546 3490 δὲτὸ
557 3452 648 3505 ὕδωρ
660 3455 705 3497 εἰς
717 3457 781 3505 γῆν
794 3454 993 3506 τρέπεσθαι,
1012 3453 1070 3492 καὶ
1079 3454 1153 3492 ταύ·

2189 233 2264 268 165

1722 350 1764 384 Ζ.

1262 441 1314 469 30.
1339 438 1516 468 Zenonem
1545 438 1745 470 cittiensem
1765 437 1986 471 admirabatur
2003 441 2179 481 Antigonus
2197 451 2271 481 rex,

1218 491 1288 532 qui,
1306 491 1522 532 interrogatus
1541 501 1599 524 cur
1618 493 1788 535 tantopere
1813 494 1904 526 illum
1922 495 1956 527 in
1983 496 2106 529 honore
2127 497 2273 537 haberet,

1220 562 1236 578 «
1255 549 1364 591 Quod,
1389 549 1508 591 inquit,
1522 558 1624 592 quum
1638 550 1684 583 illi
1701 560 1720 583 a
1733 560 1786 583 me
1802 551 1904 584 multa
1918 553 1950 585 et
1976 561 2093 593 magna
2109 554 2183 586 data
2198 555 2274 596 sint,

1219 615 1388 648 nunquam
1412 615 1519 648 neque
1556 607 1669 640 elatior
1697 608 1801 641 sactus
1830 609 1879 641 est
1913 617 2019 650 neque
2045 610 2176 643 humilis
2215 621 2274 653 ap-

1220 662 1325 702 paruit
1339 662 1350 703 (
1367 663 1461 702 Dioq.
1477 664 1552 703 vn,
1569 663 1640 703 15).
1657 675 1672 691 n
1685 662 1823 697 cuidam
1839 663 1980 696 formoso
1994 663 2125 705 dicenti,
2138 665 2199 697 sibi
2211 675 2276 698 non

1220 717 1320 750 videri
1347 719 1531 751 amaturum
1555 719 1751 760 sapientem,
1780 731 1795 747 «
1821 720 1925 759 Nihil,
1949 720 2007 759 ait,
2022 720 2112 753 vobis
2128 721 2277 754 formosis

1220 773 1303 806 esset
1312 772 1489 814 infelicius,
1501 773 1562 806 nisi
1580 782 1639 806 nos
1659 774 1692 805 in
1705 783 1816 807 amore
1828 782 1971 807 essemus
1987 775 2079 815 (Vll,
2097 775 2167 816 21).
2184 789 2199 804 u
2218 777 2275 808 Hic

1223 827 1330 861 dicere
1342 827 1483 869 solebat,
1497 829 1531 861 in
1547 829 1722 870 sapientem
1747 838 1813 862 non
1829 829 1943 863 eadere
1964 839 2138 863 moerorem
2161 840 2169 863 ε
2184 831 2277 872 cujus

1220 883 1299 916 dicti
1325 885 1539 918 constantiam
1568 885 1739 926 periclitari
1769 886 1879 918 volens
1910 895 1968 918 rex
1997 887 2174 928 Antigonus
2197 887 2277 919 sub-

1221 939 1350 972 ornavit
1363 941 1418 981 qui
1441 941 1522 973 salso
1535 940 1581 973 illi
1596 941 1761 974 nuntiaret
1773 949 1866 982 agros
1886 942 1985 982 ipsius
2003 942 2044 974 ab
2066 943 2212 975 hostibus
2228 944 2277 975 di-

1222 995 1340 1034 reptos,
1364 1003 1500 1028 uxorem
1517 1004 1592 1027 cum
1612 996 1720 1028 liberis
1743 996 1917 1029 abductam
1944 1010 1951 1029 z
1977 1006 2073 1038 quem
2103 1007 2204 1039 quum
2221 1008 2276 1030 rex

1222 1047 1315 1079 vultu
1333 1047 1457 1088 dejecto
1484 1051 1638 1082 moestum
1654 1049 1955 1091 animadvertisset,
1970 1063 1986 1078 «
2004 1051 2119 1083 Viden’
2130 1075 2139 1091 ‚
2157 1052 2275 1092 inquit,

1221 1098 1353 1132 divitias
1369 1109 1435 1132 non
1450 1109 1518 1133 esse
1533 1110 1574 1133 ex
1590 1102 1638 1134 bis
1654 1101 1768 1142 rebus,
1795 1102 1913 1143 quibus
1936 1104 2085 1136 neutram
2107 1103 2139 1135 in
2154 1105 2275 1145 partem

1222 1152 1344 1184 moveri
1357 1152 1532 1185 debeamus
1546 1165 1561 1181 n
1578 1153 1668 1194 (Vll,
1681 1154 1741 1195 36)
1753 1155 1760 1185 !

1265 1209 1314 1239 31.
1331 1208 1428 1239 Zeno
1450 1207 1590 1239 Eleates
1608 1207 1752 1247 dicebat,
1774 1207 1933 1240 mundum
1949 1217 2034 1249 esse,
2051 1217 2192 1240 vacuum
2211 1218 2276 1240 non

1221 1273 1307 1305 esse,
1330 1265 1472 1298 universi
1496 1267 1645 1298 naturam
1677 1266 1847 1299 connatam
1864 1276 1932 1300 esse
1958 1276 1976 1300 e
2000 1267 2122 1308 calido,
2143 1268 2256 1308 frigido
2266 1292 2274 1307 ,

1222 1323 1355 1357 humido
1374 1326 1407 1357 et
1422 1325 1526 1365 sicco,
1543 1327 1675 1358 mutuas
1690 1334 1803 1366 operas
1829 1326 1911 1359 inter
1926 1335 1961 1359 se
1974 1327 2132 1359 mutando
2142 1327 2274 1359 traden—

1221 1382 1308 1415 tibus
1323 1396 1330 1415 :
1346 1383 1492 1416 homines
1502 1393 1519 1417 e
1530 1384 1617 1417 terra
1627 1386 1736 1417 ortum
1754 1385 1871 1417 ducere
1889 1397 1896 1418 z
1912 1386 2053 1417 animam
2065 1394 2132 1418 esse
2148 1386 2277 1418 miscel-

1221 1443 1304 1483 lam,
1322 1452 1340 1476 e
1352 1443 1515 1485 praedictis
1531 1439 1756 1477 concinnatam
1767 1469 1776 1485 ,
1794 1445 1883 1477 nullo
1902 1446 2047 1477 omnium
2061 1447 2274 1487 praevalente,

1223 1504 1280 1535 aut
1294 1505 1518 1544 exsuperante.
1538 1504 1635 1536 Aiunt
1652 1504 1799 1536 convicio
1815 1504 2018 1536 verberatum
2035 1505 2082 1536 ira
2095 1505 2252 1538 exarsisse
2266 1518 2273 1536 z

1221 1561 1309 1603 quod
1322 1571 1424 1603 quum
1437 1562 1520 1595 alius
1534 1563 1578 1594 illi
1587 1562 1664 1595 vitio
1677 1563 1835 1603 vertisset,
1850 1563 2049 1604 respondisse
2064 1574 2071 1595 :
2087 1577 2101 1591 α
2114 1564 2146 1596 Si
2161 1566 2275 1596 contu-

1221 1621 1316 1662 melia
1328 1623 1464 1655 vexatus
1476 1622 1509 1654 id
1519 1621 1780 1661 dissimulavero,
1798 1623 1921 1655 netum
1935 1623 2080 1664 quidem,
2094 1632 2195 1664 quum
2206 1623 2274 1655 lau-

1220 1679 1334 1720 dabor,
1353 1681 1552 1722 voluptatem
1569 1681 1704 1723 capiam.
1717 1695 1731 1708 u

1719 1772 1766 1807 H.

1262 1873 1313 1903 32.
1327 1870 1526 1903 Heraclitus
1537 1879 1621 1912 aqua
1634 1871 1792 1904 intercute
1801 1872 1966 1913 correptus
1976 1871 2119 1904 medicos
2132 1873 2271 1913 rogavit,

1218 1938 1299 1961 num
1314 1929 1385 1970 quis
1401 1929 1551 1962 intestina
1567 1930 1778 1971 comprimere
1791 1931 1824 1963 et
1840 1930 2010 1963 humorem
2022 1931 2187 1964 exinanire
2200 1941 2274 1972 pos-

1218 1989 1267 2022 set
1287 2001 1294 2022 :
1311 1988 1373 2021 illis
1386 1989 1614 2028 intimantibus,
1631 1990 1690 2022 soli
1714 1990 1848 2023 ferventi
1862 1999 1896 2023 se
1908 1991 2075 2031 exposuit,
2087 1990 2184 2031 jussis
2200 1999 2276 2031 pue-

1221 2048 1264 2080 ris
1286 2049 1321 2080 ut
1336 2057 1370 2080 se
1387 2048 1462 2080 limo
1477 2047 1600 2080 bubulo
1620 2048 1801 2081 oblinerent
1817 2061 1824 2081 ε
1840 2057 1878 2081 eo
1896 2050 1990 2090 pacto
2004 2057 2155 2090 expassus
2169 2058 2274 2090 porre-

1219 2109 1355 2148 ctusque
1371 2116 1472 2148 quum
1488 2107 1603 2139 fimum
1621 2107 1774 2139 duratum
1799 2107 1944 2148 deripere
1969 2116 2034 2139 non
2048 2108 2185 2148 valeret,
2200 2117 2274 2149 per-

1219 2166 1352 2206 mansit,
1370 2167 1598 2208 ignoratusque
1620 2167 1663 2199 ob
1682 2167 1837 2207 insignem
1854 2166 2066 2199 mutationem
2078 2191 2088 2207 ‚
2104 2175 2123 2198 a
2139 2167 2274 2199 canibus

1220 2225 1357 2258 laniatus
1372 2227 1420 2258 est
1437 2226 1447 2265 (
1462 2227 1560 2266 Πίος.
1587 2227 1645 2264 lX,
1661 2227 1712 2266 4).
1735 2226 1859 2258 Nullius
1875 2225 2002 2258 auditor
2021 2226 2160 2265 exstitit,
2176 2234 2275 2266 seque

1218 2293 1278 2317 suo
1306 2286 1408 2318 Marte
1436 2285 1643 2326 investigasse
1667 2285 1879 2326 didicisseque
1901 2285 2008 2317 omnia
2030 2285 2188 2326 professus
2213 2287 2271 2318 est.

1222 2345 1336 2378 Exstat
1354 2345 1387 2377 in
1413 2353 1487 2377 eum
1503 2345 1567 2377 tale
1589 2344 1786 2386 epigramma
1805 2356 1814 2375 ι

1289 2451 1409 2479 Mecum
1422 2450 1608 2479 Heraclitum
1622 2449 1753 2478 mirabar
1765 2456 1842 2486 saepe
1856 2449 1936 2486 quod
1950 2449 2022 2478 olim

1325 2499 1368 2528 sie
1380 2499 1472 2527 vitam
1483 2497 1587 2526 infelix
1602 2498 1701 2526 bausit
1714 2499 1745 2526 et
1757 2497 1828 2527 inde
1847 2497 1932 2526 obiit.

1290 2548 1366 2577 Nam
1374 2546 1470 2575 malus
1480 2553 1544 2574 ossa
1558 2545 1656 2581 rigans
1670 2547 1700 2573 et
1709 2552 1837 2581 aquosus
1848 2551 1976 2581 corpora
1993 2544 2129 2581 languor,

1325 2592 1471 2622 exstincto
1479 2591 1592 2621 invexit
1605 2591 1718 2620 lumine
1732 2598 1801 2621 mox
1819 2591 1975 2625 tenebras(
1987 2591 2028 2619 D.
2041 2592 2095 2620 IX.
2113 2593 2129 2619 ⁴
2143 2592 2164 2627 ).

1219 2694 1283 2726 rste
1306 2692 1523 2733 arrogantiam
1542 2701 1670 2724 sacrum
1692 2691 1845 2724 morbum
1868 2691 2081 2725 nominabat:
2101 2693 2205 2724 visum
2230 2692 2274 2723 di·

1218 2753 1311 2785 cebat
1328 2753 1474 2785 fallacem
1491 2760 1580 2792 esse;
1596 2752 1700 2792 ignem
1722 2751 1920 2783 elementum
1935 2760 2003 2783 esse
2016 2750 2160 2792 ignisque
2183 2751 2273 2783 vicis·

1218 2811 1357 2844 situdine
1375 2812 1523 2843 constare
1536 2810 1656 2851 omnia,
1675 2812 1743 2842 tum
1762 2810 1892 2842 raritate
1904 2811 1974 2841 tum
1988 2809 2143 2842 densitate
2154 2809 2270 2850 genita.

1219 2871 1336 2911 Aperte
1353 2879 1429 2902 vero
1450 2870 1530 2902 nihil
1548 2869 1700 2910 explicat.
1726 2868 1875 2909 Fierique
1896 2868 2004 2900 omnia
2023 2877 2079 2909 per
2099 2868 2271 2900 contrarie-

1217 2929 1318 2960 tatem
1330 2929 1362 2959 et
1384 2927 1523 2958 (luminis
1537 2927 1568 2958 in
1591 2926 1724 2958 modum
1738 2925 1846 2957 omnia
1858 2925 1966 2957 fluere.
1982 2925 2188 2966 Finitumque
2205 2934 2271 2957 esse

1217 2987 1279 3018 hoc
1303 2986 1487 3018 universnm
1507 2986 1540 3018 et
1559 2993 1661 3016 unum
1684 2993 1753 3017 esse
1781 2984 1940 3015 mundum
1957 2997 1965 3016 ι
1991 2992 2132 3024 eumque
2147 2984 2272 3024 exigue

1218 3046 1305 3077 nasci
1327 3047 1360 3077 et
1384 3053 1496 3076 rursus
1519 3053 1576 3084 per
1601 3043 1762 3084 quosdam
1787 3043 1927 3074 ambitus
1951 3042 2157 3083 conflagrare,
2177 3041 2271 3082 idque

1219 3113 1275 3145 per
1295 3104 1383 3135 vices
1406 3103 1439 3134 in
1455 3103 1646 3144 perpetuum
1673 3112 1680 3133 ε
1705 3101 1735 3133 id
1765 3103 1873 3134 autem
1892 3101 1956 3133 sato
1970 3101 2047 3133 ficri.
2064 3103 2111 3132 Ex
2128 3101 2178 3132 liis
2196 3095 2281 3132 vero*

1218 3171 1292 3204 quae
1312 3162 1473 3194 contraria
1491 3162 1568 3194 sunt
1588 3161 1619 3192 id
1636 3161 1769 3202 quidem
1784 3160 1871 3201 quod
1895 3160 1934 3191 ad
1954 3160 2190 3200 generationem
2211 3159 2268 3190 ad-

1218 3222 1317 3254 ducat
1326 3221 1435 3254 vocari
1446 3221 1568 3254 bellum
1584 3221 1616 3253 et
1631 3221 1890 3260 contentionem
1907 3219 1995 3260 quod
2009 3220 2117 3250 autem
2137 3218 2176 3249 ad
2190 3226 2268 3249 con-

1218 3282 1453 3322 flagrationem,
1479 3280 1687 3313 concordiam
1710 3281 1743 3312 et
1764 3287 1888 3320 pacem.
1908 3277 2120 3310 Mutationem
2139 3285 2268 3316 quoque

1217 3341 1303 3373 viam
1316 3349 1384 3373 esse
1398 3349 1528 3373 sursum
1544 3339 1758 3379 deorsumque
1767 3338 1938 3371 ducentem
1949 3361 1958 3377 ‚
1975 3335 2151 3368 secundum
2169 3343 2268 3374 quam

1219 3399 1284 3432 fieri
1296 3399 1465 3431 mundum.
1480 3400 1653 3431 Densatum
1669 3399 1786 3439 quippe
1800 3398 1903 3437 ignem
1916 3396 2091 3435 liquescere
2098 3395 2246 3425 coactum
2255 3411 2264 3415 -

1220 3469 1281 3500 que
1292 3468 1408 3499 aquam
1425 3459 1504 3497 lieri,
1520 3459 1701 3490 concretam
1710 3465 1786 3488 vero
1801 3463 1914 3494 aquam
1930 3454 1959 3484 in
1972 3453 2106 3483 humum
2120 3452 2199 3482 verti
2216 3454 2267 3482 :ct
