2326 3724
944 173 1284 216 FRAGMENTA.

33 270 94 318 τῆς
108 266 295 322 πρεσὸείας
313 269 349 308 ἕν
365 266 498 312 τούτοις
510 297 522 318 ‚
537 266 596 306 τόν
614 282 653 305 τε
681 266 830 320 Περσῶν
860 262 1080 319 πρεσὸευτὴν

31 328 95 368 καὶ
121 327 200 372 τοὺς
230 326 461 381 Σαρακηνοὶις
487 328 506 364 ὁ
533 324 696 379 βασιλεὺς
723 324 801 377 ἅμα
823 325 956 379 ἀφῆκεν
984 324 1019 368 ἐς
1038 321 1084 362 τὰ

31 387 164 441 πάτρια
179 403 182 408 ·
198 386 266 434 ἤθη
300 384 618 433 ἀπονοστήσοντας.
657 382 766 425 Οὕτω
806 383 844 422 δὲ
885 381 1083 434 ἀπεσιγήθη

32 443 176 484 ἅπαντα
194 448 240 498 τῇ
260 448 320 484 τοῦ
338 443 592 497 αὐτοκράτορος
614 442 794 496 νουνεχείᾳ
812 441 858 482 τὰ
877 441 944 482 ὅσα
959 440 1085 482 Ἰωάν-

33 519 95 551 νης
110 503 170 543 ἐπὶ
187 506 232 557 τῇ
251 502 423 557 πρεσὸείᾳ
441 501 652 555 διεπράξατο
671 503 709 541 οὗ
728 500 822 541 κατὰ
836 501 876 540 τὸ
889 501 1081 554 προσῆκον.

32 562 101 607 ‘stc
120 562 158 602 δὲ
173 563 206 602 οἱ
226 562 431 616 Σαρακηνοὶ
447 561 542 601 ἔνδον
557 564 620 609 τῆς
635 562 768 600 ἑαυτῶν
783 559 960 614 ἐγένοντο,
974 558 1085 611 ἀπήγ-

33 621 154 674 γειλάν
173 637 212 662 τε
232 624 284 676 τῷ
302 620 450 676 Ἅμὸρῳ
467 620 532 670 τὴν
553 624 615 660 τοῦ
647 619 819 674 βασιλέως
843 619 972 673 βουλὴν
1004 617 1085 672 περὶ

33 681 111 726 τοὺς
127 680 334 734 μηδίζοντας
349 682 419 719 τῶν
438 681 673 734 Σαρακηνίὸν,
687 679 766 720 τότε
779 681 799 719 ὃ
812 678 967 732 Ἀμὸρος
982 680 1087 730 Καμ-

33 740 134 792 ὅώσῃ
156 738 339 792 (Καὸώση
357 740 472 792 mgo)
495 740 546 793 τῷ
565 739 726 793 ἀδελφῷ,
746 737 784 783 ὃς
813 737 1086 791 Ἀλαμουνδάρῳ

31 802 83 854 τῷ
102 802 170 840 τῶν
190 801 259 839 ὑπὸ
278 798 479 851 Ῥωμαίους
503 799 724 852 Σαρακηνῶν
744 796 928 850 ἡγουμένῳ
949 797 1087 835 ἀντικα·

33 859 239 911 θιστάμενος
259 853 318 908 ἦν,
344 857 510 909 σημαίνει
533 858 774 911 καταδραμεῖν
795 856 859 904 τὴν
887 856 1085 908 Ἀλαμουν-

34 918 140 972 δάρου
158 920 238 971 γῆν.
263 916 357 958 Ἥδε
377 916 414 956 δὲ
428 918 452 965 ἡ
468 919 514 969 γῆ
533 916 603 956 ὑπὸ
623 915 790 970 Ἀραὸίαν
806 916 912 956 τελεῖ.

294 1006 356 1044 18.
390 1006 507 1059 (568.
527 1006 666 1062 Jusytini
685 1018 748 1045 an.
772 1006 834 1056 l..)

88 1093 238 1130 Ibidem
262 1105 306 1143 p.
339 1090 479 1130 106—
494 1090 567 1128 108
597 1104 605 1128 ε
635 1089 719 1129 Ὅτι
736 1089 933 1143 ἀρχομένου
951 1092 1012 1128 τοῦ
1033 1105 1089 1128 τε-

35 1150 164 1203 τάρτου
192 1149 288 1194 ἔτους
311 1151 374 1197 τῆς
397 1148 586 1189 Ἰουστίνου
617 1148 797 1201 βασιλείας
821 1147 992 1200 πρεσὸεία
1020 1149 1089 1187 τῶν

37 1211 71 1249 Τ
73 1208 206 1262 ούρκων
217 1208 360 1262 ἀφίκετο
372 1208 409 1247 ἓν
420 1207 614 1261 Βυζαντίῳ.
626 1209 694 1251 (Ως
706 1207 774 1261 γὰρ
787 1206 832 1245 τὰ
842 1209 911 1246 τῶν
920 1206 1090 1260 Τούρκων

37 1268 96 1307 ἐπὶ
107 1267 199 1320 μέγα
211 1268 316 1322 ἤρθη,
326 1269 358 1306 οἱ
372 1265 566 1319 Σογδαΐται
579 1268 610 1305 οἵ
624 1266 693 1320 πρὸ
706 1270 767 1304 τοῦ
781 1265 845 1317 μὲν
856 1265 1091 1319 Ἐφθαλιτῶν,

37 1331 229 1375 τηνικαῦτα
250 1325 288 1365 δὲ
305 1325 474 1378 Τούρκων
499 1325 685 1373 κατήκοοι,
703 1328 764 1364 τοῦ
794 1326 890 1379 σφῶν
920 1324 1092 1378 βασιλέως

38 1386 173 1425 ἐδέοντο
202 1383 393 1438 πρεσὸείαν
417 1386 552 1423 στεῖλαι
571 1385 617 1427 ὡς
645 1383 804 1436 Πέρσας,
833 1385 880 1428 ὡς
907 1382 950 1422 ἂν
979 1385 1092 1423 ἐκεῖσε

39 1444 198 1488 ἀπιόντες
214 1446 246 1482 οἱ
267 1441 460 1495 Σογδαΐται
475 1441 577 1481 ὤνιον
594 1442 833 1495 παράσχοιντο
852 1441 915 1490 τὴν
938 1442 1091 1494 μέταξαν

37 1508 109 1547 τοῖς
127 1503 278 1550 Μήδοις.
305 1501 381 1542 Καὶ
399 1495 457 1541 οὖν
485 1502 643 1540 πείθεται
668 1503 686 1540 ὁ
713 1501 950 1554 Διζάὸουλος,
969 1501 1093 1556 ἀφίησί

37 1576 78 1600 τε
108 1560 425 1613 πρεσὸευσομένους
464 1557 676 1611 Σογδαίτας.
715 1559 918 1612 Ἔξηγεῖται
954 1559 991 1600 δὲ
1031 1563 1092 1608 τῆς

39 1619 228 1672 πρεσῧείας
246 1618 413 1672 Μανιάχ.
437 1618 658 1672 Ἀφικόμενοι
677 1617 719 1666 δὴ
736 1614 795 1657 οὖν
820 1618 917 1671 παρὰ
945 1620 1092 1672 βασιλέα

26 1673 188 1732 ιΠερσῶν
209 1678 343 1718 ἐδέοντο
369 1681 432 1727 τῆς
463 1678 613 1729 μετάξης
643 1677 746 1731 πέρι,
776 1677 870 1723 ὅπως
900 1675 981 1718 ἄνευ
1003 1679 1094 1725 τινὸς

40 1737 208 1789 κωλύμης
236 1738 354 1781 αὐτοῖς
381 1738 542 1791 προέλθοι
562 1736 618 1775 ἐπ’
636 1737 725 1791 αὐτῇ
753 1736 798 1776 τὰ
827 1740 890 1786 τ’ἥς
905 1739 1089 1792 ἐμπορίας.

41 1796 87 1836 Ὁ
121 1796 159 1836 δὲ
192 1798 339 1851 Περσῶν
371 1796 533 1849 βασιλεὺς
554 1797 742 1848 (οὐδαμῶς
760 1796 828 1849 γὰρ
848 1798 943 1851 αὐτῷ
965 1798 1092 1847 ἤρεσκε

40 1854 86 1894 τὰ
106 1854 246 1908 τοιάδε,
277 1858 323 1900 ὡς
353 1855 395 1894 ἂν
423 1855 473 1907 μὴ
504 1855 636 1894 ἐνθένδε
663 1854 762 1893 ἄδεια
785 1855 900 1894 ἔσοιτο
926 1855 1095 1909 Τούρκοις

40 1921 110 1959 τοῖς
125 1917 271 1969 Περσῶν
288 1914 495 1966 ἐμὸατεύειν
506 1914 634 1966 ὁρίοις)
651 1914 843 1954 ἀνεὸάλετο
860 1917 893 1959 ἐς
906 1914 946 1954 τὸ
961 1915 1091 1967 αὔριον.

44 1975 115 2014 Καὶ
132 1974 195 2026 μὲν
211 1969 270 2013 οῧν
284 1969 381 2019 αὖθις
397 1973 552 2026 ἀναὸολῇ
573 1975 701 2027 ἐχρῆτο
720 1974 828 2012 πάλιν
845 1974 960 2028 ἑτέρᾳ.
979 1974 1041 2020 Ὡς
1058 1975 1094 2015 δὲ

43 2033 170 2072 ἄλλοτε
194 2033 308 2077 ἄλλως
334 2033 374 2072 τὸ
393 2032 505 2086 παρὸν
531 2031 768 2085 ἀπεκρούετο,
795 2035 864 2072 τῶν
893 2034 1095 2085 Σογδαῖτῶν

44 2091 324 2146 ἐκλιπαρούντων
351 2106 389 2130 τε
413 2090 476 2130 καὶ
502 2090 726 2143 ἐγκειμένων,
754 2090 833 2130 τότε
859 2092 1018 2146 Χοσρόης
1038 2093 1095 2131 ἐκ·

2119 185 2193 219 225

1145 260 1342 310 κλησιάσας
1356 261 1585 315 ἀνελογίζετο.
1609 263 1682 303 Καὶ
1703 258 1762 303 οὖν
1790 267 1810 303 ὁ
1838 264 2042 319 Κάτουλφος
2071 267 2197 311 ἐκεῖνος

1146 322 1165 358 ὁ
1187 319 1420 374 Ἐφθαλίτης,
1439 320 1476 365 ὃς
1500 319 1559 359 διὰ
1577 320 1642 368 τὴν
1662 323 1701 360 ἐκ
1722 326 1784 361 τοῦ
1803 325 1883 362 κατ’
1903 325 2007 362 αὐτὸν
2028 326 2199 376 βασιλέως

1146 378 1381 431 γεγενημένην
1415 379 1535 432 βιαίαν
1570 379 1663 430 μίξιν
1693 383 1738 433 τῇ
1771 383 1910 433 γυναικὶ
1942 383 2123 435 προῦδωκε
2158 384 2201 422 τὸ

1146 437 1321 492 ὁμόφυλον
1339 443 1411 483 τοῖς
1430 437 1620 491 Τούρκοις,
1633 433 1732 484 οὗτος
1753 443 1837 491 γοῦν
1867 441 2112 491 (μετανάστης
2133 442 2203 496 γὰρ

1149 498 1184 535 ἐν
1199 498 1250 550 τῷ
1266 496 1397 549 μεταξὺ
1422 497 1574 550 ἐγεγόνει
1593 500 1653 537 τοῦ
1682 498 1809 551 χρόνου
1837 498 1898 537 καὶ
1917 499 2078 550 ἐμήδιζεν
2106 500 2198 550 ἤδη)

1147 555 1325 609 παρῄνεσε
1357 557 1499 610 βασιλεῖ
1521 558 1591 596 τῶν
1618 551 1767 611 Περσῶν
1786 555 1849 604 τὴν
1872 557 2024 609 μέταξαν
2045 560 2205 609 οὐδαμῶς

1148 614 1448 668 ἀποπέμψασθαι,
1465 614 1559 654 ἀλλὰ
1573 614 1641 669 γὰρ
1655 615 1715 655 καὶ
1730 614 1936 664 ὠνήσασθαι
1955 616 2016 655 καὶ
2041 615 2088 655 τὰ
2119 616 2204 669 ὑπὲρ

1148 674 1256 721 αὐτῆς
1281 672 1345 725 μὲν
1364 673 1578 713 καταθέσθαι
1602 673 1809 726 τιμήματα,
1827 674 2011 725 θεωμένων
2032 675 2069 714 δὲ
2090 675 2205 714 αὐτῶν

1149 734 1218 771 τῶν
1231 732 1414 787 πρέσὸεων
1431 733 1564 781 ταύτην
1586 733 1756 788 ἀφανίσαι
1774 733 1878 787 πυρὶ,
1891 735 1938 779 ὡς
1956 732 1999 773 ’ἂν
2019 734 2110 785 μήτε
2129 735 2205 772 ἀδι-

1148 797 1222 830 κεῖν
1240 792 1342 846 δόξῃ,
1362 792 1454 843 μήτε
1471 792 1541 844 μὴν
1558 793 1746 845 βούλεσθαι
1758 795 1913 845 χρῆσθαι
1928 795 1972 846 τῇ
1986 794 2024 832 ἐκ
2039 793 2208 846 Τούρκων

1150 850 1298 904 μετάξῃ.
1332 851 1404 891 Καὶ
1431 854 1453 899 ἡ
1480 851 1545 904 μὲν
1580 851 1714 903 μέταξα
1734 850 1960 905 ἐπυρπολήθη
1973 867 1983 877 ·
2003 851 2101 890 αὐτοὶ
2121 851 2156 890 δὲ
2176 855 2210 896 ἐς

1149 909 1195 949 τὰ
1225 910 1357 964 πάτρια
1385 910 1453 959 ἤθη
1484 911 1728 964 ἀνεχώρησαν,
1755 913 1806 964 τῷ
1833 911 2056 964 γεγενημένῳ
2080 909 2209 958 ἥκιστα

1151 969 1343 1023 χαίροντες.
1365 969 1512 1017 Ἐπειδὴ
1533 970 1571 1009 δὲ
1587 972 1636 1024 τῷ
1654 968 1862 1023 Διζαὸούλῳ
1878 968 1923 1008 τὰ
1943 968 2209 1023 ξυγκυρήσαντα

1151 1029 1322 1083 ἔφρασαν,
1345 1029 1473 1068 αὐτίκα
1492 1027 1512 1068 ὅ
1529 1043 1569 1082 γε
1593 1029 1654 1069 καὶ
1675 1028 1777 1085 ἑτέρα
1807 1028 1978 1082 πρεσὸείᾳ
2005 1030 2135 1083 ἐχρῆτο
2162 1032 2210 1074 ὡς

1152 1088 1318 1141 Πέρσας,
1348 1087 1646 1142 φιλο-ποιήσασθαι
1678 1086 1743 1136 τὴν
1782 1086 1876 1128 κατὰ
1906 1093 1996 1141 σφᾶς
2027 1087 2211 1127 πολιτείαν

1155 1147 1376 1200 βουλόμενος.
1391 1147 1495 1187 Ἐπεὶ
1507 1147 1543 1186 δὲ
1557 1149 1579 1195 ἡ
1591 1145 1760 1201 Τούρκων
1773 1146 1946 1201 πρεσὸεία
1959 1140 2055 1191 αὖθις
2069 1147 2209 1201 ἀφῖκτο,

1152 1210 1171 1247 ὁ
1189 1207 1352 1262 βασιλεὺς
1365 1206 1442 1260 ἅμα
1458 1208 1528 1252 τοῖς
1545 1209 1581 1247 ἐν
1598 1208 1691 1248 τέλει
1702 1210 1853 1262 Περσῶν
1869 1208 1930 1246 καὶ
1944 1209 1994 1261 τῷ
2010 1207 2212 1261 Κατούλφῳ

1154 1266 1395 1319 ἐγνωμάτευε,
1419 1266 1534 1320 πάντῃ
1557 1266 1756 1320 ἀξύμφορον
1786 1260 1877 1306 εἶναι
1906 1266 2062 1320 Πέρσαις
2095 1267 2212 1321 φιλίαν

1154 1325 1274 1365 θέσθαι
1304 1328 1351 1370 ὡς
1379 1325 1578 1379 Τούρκους·
1606 1325 1646 1364 τὸ
1676 1326 1744 1379 γὰρ
1765 1326 1937 1366 Σκυθικὸν
1965 1320 2054 1364 εἶναι
2072 1325 2213 1376 παλίμ-

1155 1385 1274 1426 ὅολον.
1293 1384 1417 1439 Ταύτῃ
1442 1400 1495 1424 τοι
1521 1385 1581 1424 καὶ
1610 1385 1872 1439 παρενεγγύησε
1894 1384 2097 1439 δηλητηρίῳ
2118 1400 2214 1438 φαρ-

1155 1443 1261 1499 μάκῳ
1287 1444 1397 1489 ἐνίους
1418 1446 1655 1498 διαφθαρῆναι
1680 1447 1749 1483 τῶν
1769 1444 1970 1497 πρέσὸεων,
1989 1443 2084 1488 ὅπως
2111 1443 2214 1483 ἀπεί-

1154 1520 1253 1544 ποιεν
1282 1505 1345 1551 τ’ἤς
1377 1505 1489 1543 ἐκεῖσε
1526 1502 1717 1554 μετέπειτα
1749 1504 1958 1556 παρουσίας.
1992 1502 2070 1542 Καὶ
2102 1503 2144 1550 δὴ
2183 1506 2214 1542 οἱ

1155 1563 1316 1602 πλεῖστοι
1338 1564 1407 1601 τῶν
1437 1562 1758 1615 πρεσὸευσαμένων
1777 1562 1948 1616 Τούρκων
1978 1565 2022 1615 τῇ
2050 1563 2131 1615 περὶ
2150 1563 2214 1610 τὴν

1156 1622 1287 1669 ἐδωδὴν
1316 1621 1407 1674 μίξει
1437 1624 1507 1661 τῶν
1539 1623 1766 1675 ἀναιρετικῶν
1795 1621 1991 1676 φαρμάκων
2021 1623 2127 1661 αὐτοῦ
2147 1638 2215 1661 που

1156 1681 1215 1721 τὸν
1250 1681 1325 1734 βίον
1355 1680 1566 1730 κατέλυσαν,
1596 1680 1688 1729 πλὴν
1710 1682 1815 1734 τριῶν
1835 1681 1858 1729 ἢ
1881 1680 2076 1734 τεσσάρων.
2100 1682 2216 1735 Θροῦς

1157 1741 1193 1780 δὲ
1223 1740 1384 1795 ἐφοίτησε
1415 1741 1590 1795 Πέρσαις,
1621 1742 1667 1786 ὡς
1687 1742 1853 1780 διώλοντο
1881 1744 1932 1795 τῷ
1959 1741 2119 1794 πνιγηρῷ
2147 1742 2214 1779 τῶν

1158 1801 1306 1853 Περσῶν
1340 1801 1471 1854 αὐχμῷ
1493 1802 1562 1855 τῶν
1595 1800 1764 1853 Τούρκων
1798 1802 1830 1839 οἳ
1861 1799 2045 1853 πρέσὸεις,
2067 1799 2129 1838 ἅτε
2153 1802 2214 1846 τῆς

1157 1860 1271 1897 αὐτῶν
1288 1857 1407 1913 χώρας
1425 1859 1523 1910 θαμὰ
1540 1861 1667 1914 νιφετῷ
1682 1858 1925 1910 παλυνομένης
1938 1887 1950 1909 ‚
1968 1858 2028 1898 καὶ
2046 1857 2215 1897 ἀδύνατον

1157 1917 1195 1956 ὂν
1226 1919 1342 1963 αὐτοῖς
1374 1918 1457 1957 ἄνευ
1489 1918 1693 1972 κρυμιίιδους
1725 1917 1999 1968 καταστήματος
2029 1917 2211 1970 βιοτεύειν.

1159 1978 1282 2030 Ταύτῃ
1308 1994 1358 2016 τοι
1385 1977 1444 2016 καὶ
1467 1977 1582 2022 ἄλλως
1602 1978 1906 2025 ὑποτοπήσαντες,
1926 1975 1961 2015 οῗ
1976 1993 2015 2028 γε
2041 1976 2104 2023 τὴν
2133 1978 2214 2014 ἐπι-

1160 2036 1291 2083 δουλὴν
1307 2036 1479 2090 διέφυγον,
1500 2036 1590 2075 οὕτω
1607 2035 1743 2088 ξυμὸὰν
1767 2039 1815 2080 εἷς
1832 2037 1895 2082 τὴν
1913 2035 2080 2088 πατρῴαν
2102 2037 2215 2073 ἐπαν-

1159 2094 1313 2139 ελθόντες
1330 2095 1374 2133 τὰ
1395 2095 1485 2148 ἅπερ
1502 2097 1534 2133 οἳ
1550 2094 1686 2148 Πέρσαι
1700 2094 1759 2133 καὶ
1774 2094 1807 2133 οἳ
1822 2093 2057 2147 διεψιθύρισαν
2085 2097 2212 2134 ταῦτα.

43 2204 112 2246 ipso
122 2203 247 2236 abire.»
260 2203 298 2235 In
312 2201 363 2234 bls
380 2201 484 2234 finivit
495 2201 622 2241 legatio.
642 2202 755 2242 ltaque
769 2203 940 2234 Persarum
955 2202 1098 2243 legatum

43 2258 78 2291 et
89 2260 265 2290 Saracenos
276 2255 318 2288 ad
329 2263 388 2288 sua
398 2254 558 2287 redituros
582 2255 758 2296 imperaffir
770 2254 902 2287 dimisit.
920 2256 1028 2297 Atque
1051 2255 1098 2288 ita

45 2308 247 2351 imperatoris
257 2306 428 2349 prudentia
439 2307 555 2348 pacata
569 2307 646 2339 sunt
655 2307 688 2339 et
699 2306 871 2339 emendata
883 2307 1006 2348 omnia,
1023 2315 1098 2348 quoe

45 2364 184 2396 Joannes
194 2361 227 2393 in
245 2368 305 2392 sua
316 2358 476 2400 legatione
490 2366 658 2400 perperam
674 2359 791 2399 egerat.
805 2359 849 2391 Ut
862 2367 938 2392 vero
949 2359 1100 2392 Saraceni

45 2413 180 2446 domum
194 2412 418 2451 reverterunt,
443 2409 614 2442 consilium
631 2409 835 2451 imperatoris
858 2410 900 2443 de
911 2411 1077 2444 Saracenis
1089 2435 1099 2452 ,

45 2465 103 2507 qui
130 2463 298 2498 Medorum
330 2462 476 2504 partibus
499 2461 727 2502 adhaerebant,
757 2462 879 2495 Ambro
909 2462 1099 2495 retulerunt.

46 2519 139 2550 Tunc
162 2515 302 2550 Ambrus
323 2513 484 2548 Camboso
500 2513 611 2554 fratri,
633 2514 690 2556 qui
708 2513 944 2554 Alamanduro‚
973 2516 1100 2548 Sarace-

47 2577 165 2601 norum
195 2567 302 2609 partes
326 2567 486 2600 Romanas
511 2565 693 2598 foventium
715 2565 803 2606 duci,
816 2567 887 2599 erat
913 2567 1099 2607 oppositus,

47 2619 225 2659 mandavit,
251 2619 289 2650 ut
315 2616 527 2650 Alamanduri
553 2617 675 2649 terram
688 2641 699 2658 ,
725 2625 800 2659 quae
827 2617 955 2651 Arabiae
971 2619 1101 2651 conter-

17 2708 21 2714 .
48 2673 136 2705 mina
147 2672 234 2712 erat,
248 2668 493 2703 excursionibus
504 2670 650 2702 vexaret.

551 2724 607 2758 18.

90 2783 185 2816 Initio
195 2781 301 2824 quarti
311 2780 387 2814 anni
401 2780 526 2823 imperii
540 2782 559 2814 J
562 2780 658 2814 ustini
666 2779 781 2822 legatio
791 2782 973 2816 Turcorum
982 2784 1102 2823 Byzan-

49 2835 131 2868 tium
146 2834 290 2867 accessit.
309 2835 350 2867 Ut
366 2833 454 2866 enim
467 2833 565 2867 Turci
580 2833 694 2874 opibus
712 2835 745 2866 et
755 2834 900 2874 potentia
913 2835 1103 2874 creverunt,

50 2887 225 2929 Sogdaitae,
256 2886 312 2929 qui
339 2885 430 2928 prius
460 2886 591 2928 quidem
620 2886 877 2927 Ephthalitarum
888 2911 897 2926 ‚
922 2888 1003 2919 tunc
1025 2893 1103 2920 vero

51 2944 232 2975 Turcorum
244 2939 364 2973 subditi
377 2940 487 2980 erant,
502 2948 521 2972 a
535 2948 608 2980 rege
620 2947 679 2971 suo
693 2939 842 2981 precibus
854 2940 1102 2981 contenderunt,

52 2995 88 3027 ut
106 2993 296 3035 legationem
307 2992 348 3025 ad
364 2994 477 3026 Persas
494 2992 656 3032 mitteret,
673 3001 739 3034 quo
752 2992 909 3032 Sogdaitis
921 3001 960 3026 eo
973 2993 1104 3034 profici·

52 3047 213 3080 mentibus
227 3046 366 3079 sericum
376 3055 495 3078 venum
509 3054 670 3087 exponere
683 3045 767 3088 apud
785 3046 896 3079 Medos
910 3046 1032 3078 liceret.
1048 3045 1104 3078 Di-

53 3099 186 3132 zabulus
198 3107 310 3131 eorum
324 3097 472 3139 precibus
488 3097 713 3139 obtemperans
726 3098 870 3139 permisit
885 3097 1043 3140 Sogdaitis
1059 3097 1104 3130 le-

54 3150 212 3191 gationem
235 3149 363 3182 mittere
373 3173 382 3190 ,
399 3149 492 3190 quus
516 3150 664 3191 princeps
692 3150 755 3182 fuit
782 3150 941 3183 Maniach.
967 3149 1105 3182 Profecti

54 3202 150 3243 igitur
160 3201 200 3234 ad
215 3203 386 3234 Persarum
399 3210 505 3242 regem
517 3202 639 3242 precati
652 3202 741 3242 sunt,
754 3202 793 3234 ut
805 3201 943 3234 liberum
952 3201 1014 3233 illis
1024 3202 1107 3234 esset

55 3253 123 3286 sine
137 3253 204 3286 ullo
228 3252 459 3294 impedimento
475 3253 562 3294 apud
582 3253 666 3294 ipsos
684 3253 776 3286 serici
805 3253 1048 3286 commercium.
1065 3254 1107 3286 At

57 3305 224 3337 Persarum
237 3313 312 3344 rex,
327 3304 380 3337 cui
389 3303 523 3337 minime
537 3304 597 3337 hoc
610 3305 737 3346 gratum
747 3306 833 3345 erat,
847 3314 888 3338 ne
904 3305 1034 3345 impune
1046 3304 1108 3336 illis

58 3356 140 3388 esset
160 3357 329 3388 Persarum
346 3355 426 3388 lines
447 3355 587 3396 ingredi,
607 3365 796 3398 responsum
809 3357 933 3389 distulit
946 3357 979 3388 in
1001 3356 1108 3389 erasti·

59 3415 151 3450 num,
163 3407 279 3442 deinde
288 3408 350 3441 alia
361 3410 459 3450 atque
471 3409 531 3441 alia
540 3409 692 3442 dilatione
704 3410 821 3442 iterum
831 3418 908 3443 usus
920 3411 980 3443 est.
998 3411 1107 3449 Quum

167 3472 359 3498 rltacnlmwl
382 3473 505 3498 nis-ron.
526 3473 581 3498 cn.
597 3482 633 3490 —
652 3473 721 3498 vor..
743 3475 785 3498 ιν.

1157 2203 1243 2237 diem
1257 2214 1298 2239 ex
1318 2205 1371 2238 die
1383 2205 1556 2247 traxisset,
1584 2206 1616 2238 et
1629 2204 1747 2238 obnixe
1776 2205 1938 2246 Sogdaitae
1954 2204 2099 2245 peterent
2113 2205 2146 2236 et
2162 2213 2216 2235 ur·

1157 2259 1280 2298 gerent,
1295 2257 1470 2298 chosroes,
1485 2257 1617 2291 consilio
1629 2257 1826 2297 convocato,
1843 2255 2044 2289 deliberavit.
2062 2256 2214 2289 catulfus

1158 2310 1271 2342 autem
1287 2309 1342 2342 ille
1357 2309 1575 2351 Ephthalites‚
1600 2310 1656 2352 qui
1676 2311 1806 2351 propter
1823 2311 1975 2350 stuprum
1993 2317 2012 2341 a
2029 2316 2101 2349 rege
2117 2308 2214 2340 uxori

1159 2370 1227 2394 suae
1244 2370 1300 2402 per
1323 2361 1389 2394 vim
1413 2362 1540 2395 illatum
1555 2363 1685 2403 gentem
1700 2360 1815 2395 Tureis
1839 2359 2023 2402 prodiderat
2044 2361 2077 2392 et
2102 2359 2219 2392 deinde

1159 2412 1199 2445 ad
1213 2412 1382 2446 Medorum
1407 2415 1515 2456 partes
1527 2413 1717 2455 transierat,
1742 2413 1889 2445 hortatus
1904 2413 1954 2445 est
1978 2414 2148 2446 Persarum
2166 2421 2217 2445 re-

1159 2475 1230 2507 gem
1240 2490 1250 2507 ,
1263 2467 1403 2501 sericum
1419 2467 1554 2501 minime
1577 2467 1855 2510 praetermitteret,
1880 2466 1938 2500 sed
1952 2467 2062 2508 empto
2075 2475 2126 2507 en,
2146 2475 2218 2508 pre-

1160 2520 1242 2553 tium
1255 2520 1416 2560 traderet3
1437 2522 1510 2554 tum
1535 2522 1646 2554 autem
1670 2520 1745 2553 ante
1761 2520 1873 2554 oculos
1890 2520 2068 2561 legatorum
2084 2519 2165 2552 illud
2187 2519 2219 2552 in

1161 2571 1267 2613 ignem
1282 2572 1445 2613 injiceret,
1467 2580 1508 2605 ne
1532 2572 1650 2614 injuste
1667 2581 1779 2613 agere,
1808 2580 1890 2605 neve
1915 2574 2097 2605 Turcorum
2118 2571 2220 2603 serico

1161 2623 1209 2655 uti
1231 2623 1316 2658 velle
1343 2624 1522 2657 videretur.
1558 2624 1600 2657 Et
1623 2625 1763 2657 sericum
1789 2623 1921 2665 quidem
1949 2623 2014 2664 igni
2037 2623 2218 2656 crematum

1162 2678 1227 2716 est,
1245 2677 1342 2719 legati
1366 2685 1444 2710 vero
1469 2678 1555 2710 haud
1577 2677 1643 2710 laeti
1670 2676 1710 2710 ad
1737 2677 1884 2718 proprias
1908 2675 2000 2708 sedes
2024 2677 2220 2708 remearunt.

1164 2729 1284 2761 Deinde
1305 2738 1407 2772 quum
1425 2729 1599 2770 Dizabulo,
1626 2738 1703 2770 quae
1718 2728 1848 2762 decreta
1865 2727 2220 2768 fuerantsrenuntias-

1162 2782 1251 2822 sent,
1277 2781 1303 2814 is
1326 2783 1495 2814 confestim
1520 2782 1582 2814 alia
1601 2781 1758 2822 legatione
1771 2780 1812 2812 ad
1831 2771 2046 2813 Persas'usus
2063 2780 2131 2819 est,
2155 2789 2221 2820 qua

1164 2834 1207 2866 rei
1230 2833 1368 2875 publicae
1382 2842 1450 2866 suae
1468 2842 1523 2866 eos
1540 2833 1712 2866 conciliare
1737 2831 1898 2865 studebat.
1919 2832 1981 2864 Ubi
1998 2840 2075 2864 vero
2100 2831 2218 2864 iterum

1163 2886 1277 2927 legatio
1292 2896 1311 2919 a
1324 2887 1437 2920 'furcis
1450 2886 1599 2926 advenit,
1626 2887 1797 2919 Persarum
1817 2894 1874 2918 rex
1891 2893 1955 2917 una
1973 2893 2048 2916 cum
2066 2884 2219 2926 primori-

1164 2937 1224 2971 bus
1248 2939 1418 2971 Persarum
1434 2940 1467 2970 et
1491 2938 1620 2971 catulro
1641 2937 1784 2977 censuit,
1805 2936 1968 2969 minimee
1993 2945 2027 2969 re
2047 2937 2218 2968 Persarum

1164 2998 1232 3023 esse
1241 3017 1249 3030 ,
1261 2991 1434 3024 amicitiam
1446 2990 1579 3031 jungere
1591 2999 1666 3022 cum
1677 2989 1802 3022 Tureis.
1817 2992 1922 3022 Omne
1931 2988 2018 3021 enim
2030 2988 2219 3029 Scythicum

1165 3052 1265 3084 genus
1283 3043 1441 3084 perfidum
1466 3044 1498 3075 ct
1518 3042 1684 3075 mutabile.
1703 3043 1789 3082 Quin
1805 3042 1902 3074 etiam
1923 3041 2037 3082 J’ussit,
2063 3041 2221 3074 veneficio

1165 3096 1233 3128 tolli
1246 3096 1418 3128 nonnullos
1432 3096 1610 3137 legatorum
1623 3119 1633 3136 ‚
1650 3096 1688 3127 ut
1705 3096 1737 3127 in
1753 3096 1917 3136 posterum
1939 3095 2165 3127 aversarentur
2180 3094 2221 3127 ad

1165 3156 1241 3180 suas
1266 3147 1410 3188 regiones
1425 3155 1601 3180 accessum.
1616 3148 1670 3181 Sic
1692 3147 1799 3180 evenit
1816 3148 1854 3179 ut
1880 3147 1945 3179 fere
1969 3153 2081 3179 omnes
2106 3145 2220 3187 legati,

1166 3199 1308 3242 exceptis
1323 3200 1427 3232 tribus
1439 3201 1496 3232 aut
1509 3201 1674 3241 quattuor,
1691 3199 1795 3232 mixto
1811 3199 1891 3232 cibis
1903 3199 1991 3232 letali
2006 3206 2141 3237 veneno,
2157 3198 2222 3230 sint

1167 3251 1336 3292 perempti.
1352 3253 1473 3284 Rumor
1487 3261 1526 3284 ex
1543 3261 1581 3284 eo
1595 3251 1677 3284 inter
1697 3252 1808 3284 Persas
1823 3250 1995 3291 dissipatus
2013 3253 2079 3289 est,
2100 3251 2220 3281 Turco·

1168 3313 1240 3336 rum
1259 3304 1380 3344 legatos
1398 3304 1492 3336 nimis
1506 3303 1609 3336 calido
1626 3303 1659 3335 et
1675 3303 1761 3335 sicco
1785 3303 1879 3335 terrae
1905 3301 2042 3334 Persidis
2064 3300 2126 3332 situ
2149 3308 2221 3340 per-

1167 3356 1256 3395 iisse,
1270 3355 1364 3396 quia,
1379 3364 1481 3396 quum
1492 3357 1672 3387 Turcorum
1687 3354 1772 3394 regio
1789 3354 1909 3386 crebris
1930 3352 2057 3385 nivibus
2072 3351 2219 3382 contecta

1167 3407 1228 3449 sit,
1245 3416 1310 3440 non
1323 3407 1381 3440 nisi
1395 3407 1427 3440 in
1442 3407 1552 3449 frigida
1568 3407 1650 3440 aeris
1674 3406 1828 3447 temperie
1844 3405 1953 3443 vivere
1977 3403 2116 3445 possent.
2132 3402 2218 3440 Quin

1881 3465 1912 3490 15
