<?xml version="1.0" encoding="UTF-8"?>
<!DOCTYPE html PUBLIC "-//W3C//DTD XHTML 1.0 Transitional//EN"
    "http://www.w3.org/TR/xhtml1/DTD/xhtml1-transitional.dtd">
<html xmlns="http://www.w3.org/1999/xhtml" xml:lang="en" lang="en">
 <head>
  <title>
</title>
<meta http-equiv="Content-Type" content="text/html;charset=utf-8" />
  <meta name='ocr-system' content='tesseract 3.04.00' />
  <meta name='ocr-capabilities' content='ocr_page ocr_carea ocr_par ocr_line ocrx_word'/>
</head>
<body>
  <div class='ocr_page' id='page_1' title='image "./fragmentahistori04mueluoft_0577.png"; bbox 0 0 2372 3704; ppageno 0'>
   <div class='ocr_carea' id='block_1_1' title="bbox 1023 212 1352 253">
    <p class='ocr_par' dir='ltr' id='par_1_1' title="bbox 1023 212 1352 253">
     <span class='ocr_line' id='line_1_1' title="bbox 1023 212 1352 253; baseline 0.003 -1"><span class='ocrx_word' id='word_1_1' title='bbox 1023 212 1352 253; x_wconf 69' lang='lat' dir='ltr'><strong>FRAGMENTA.</strong></span> 
     </span>
    </p>
   </div>
   <div class='ocr_carea' id='block_1_2' title="bbox 2191 224 2269 258">
    <p class='ocr_par' dir='ltr' id='par_1_2' title="bbox 2191 224 2269 258">
     <span class='ocr_line' id='line_1_2' title="bbox 2191 224 2269 258; baseline 0 0"><span class='ocrx_word' id='word_1_2' title='bbox 2191 224 2269 258; x_wconf 44' lang='lat'>565*</span> 
     </span>
    </p>
   </div>
   <div class='ocr_carea' id='block_1_3' title="bbox 113 290 2266 355">
    <p class='ocr_par' dir='ltr' id='par_1_3' title="bbox 113 290 2266 355">
     <span class='ocr_line' id='line_1_3' title="bbox 113 290 2266 355; baseline 0 -14"><span class='ocrx_word' id='word_1_3' title='bbox 113 301 235 355; x_wconf 70' lang='grc' dir='ltr'>μικρὸν</span> <span class='ocrx_word' id='word_1_4' title='bbox 255 300 423 353; x_wconf 84' lang='grc' dir='ltr'>ἀποσχὼν</span> <span class='ocrx_word' id='word_1_5' title='bbox 441 301 679 346; x_wconf 72' lang='grc' dir='ltr'>ἐλαττωθῆναι</span> <span class='ocrx_word' id='word_1_6' title='bbox 703 298 948 338; x_wconf 86' lang='grc' dir='ltr'>παντάπασιν·</span> <span class='ocrx_word' id='word_1_7' title='bbox 971 302 1010 339; x_wconf 82' lang='grc' dir='ltr'>οὐ</span> <span class='ocrx_word' id='word_1_8' title='bbox 1031 301 1098 354; x_wconf 72' lang='grc' dir='ltr'>γὰρ</span> <span class='ocrx_word' id='word_1_9' title='bbox 1120 302 1160 339; x_wconf 80' lang='grc' dir='ltr'>ἂν</span> <span class='ocrx_word' id='word_1_10' title='bbox 1222 299 1298 338; x_wconf 87' lang='grc' dir='ltr'>τότε</span> <span class='ocrx_word' id='word_1_11' title='bbox 1314 299 1577 343; x_wconf 82' lang='grc' dir='ltr'>δυναστεύοντος</span> <span class='ocrx_word' id='word_1_12' title='bbox 1604 301 1773 353; x_wconf 74' lang='grc' dir='ltr'>ὠφέλεια,</span> <span class='ocrx_word' id='word_1_13' title='bbox 1797 298 1903 355; x_wconf 68' lang='grc' dir='ltr'>οἷπερ</span> <span class='ocrx_word' id='word_1_14' title='bbox 1927 303 1969 351; x_wconf 81' lang='grc' dir='ltr'>δὴ</span> <span class='ocrx_word' id='word_1_15' title='bbox 1992 303 2103 342; x_wconf 86' lang='grc' dir='ltr'>πάλαι</span> <span class='ocrx_word' id='word_1_16' title='bbox 2117 306 2177 344; x_wconf 70' lang='grc' dir='ltr'>τὸν</span> <span class='ocrx_word' id='word_1_17' title='bbox 2196 290 2266 342; x_wconf 29' lang='grc' dir='ltr'>πχα-</span> 
     </span>
    </p>
   </div>
   <div class='ocr_carea' id='block_1_4' title="bbox 114 357 1174 2345">
    <p class='ocr_par' dir='ltr' id='par_1_4' title="bbox 114 357 1172 1818">
     <span class='ocr_line' id='line_1_4' title="bbox 114 357 1160 413; baseline -0.002 -13"><span class='ocrx_word' id='word_1_18' title='bbox 114 360 258 406; x_wconf 77' lang='grc' dir='ltr'>ὓπεξέδυ</span> <span class='ocrx_word' id='word_1_19' title='bbox 272 359 311 399; x_wconf 83' lang='grc' dir='ltr'>τὸ</span> <span class='ocrx_word' id='word_1_20' title='bbox 328 359 452 410; x_wconf 85' lang='grc' dir='ltr'>κακὸν,</span> <span class='ocrx_word' id='word_1_21' title='bbox 468 360 498 397; x_wconf 90' lang='grc' dir='ltr'>εἷ</span> <span class='ocrx_word' id='word_1_22' title='bbox 515 357 565 410; x_wconf 86' lang='grc' dir='ltr'>μὴ</span> <span class='ocrx_word' id='word_1_23' title='bbox 585 357 643 402; x_wconf 78' lang='grc' dir='ltr'>νὺξ</span> <span class='ocrx_word' id='word_1_24' title='bbox 660 358 887 410; x_wconf 81' lang='grc' dir='ltr'>ἐπιγενομένη</span> <span class='ocrx_word' id='word_1_25' title='bbox 908 361 958 411; x_wconf 81' lang='grc' dir='ltr'>τῷ</span> <span class='ocrx_word' id='word_1_26' title='bbox 976 359 1084 413; x_wconf 86' lang='grc' dir='ltr'><strong>ἔργῳ,</strong></span> <span class='ocrx_word' id='word_1_27' title='bbox 1104 359 1160 398; x_wconf 82' lang='grc' dir='ltr'>τὸν</span> 
     </span>
     <span class='ocr_line' id='line_1_5' title="bbox 115 417 1161 470; baseline -0.002 -12"><span class='ocrx_word' id='word_1_28' title='bbox 115 419 176 469; x_wconf 85' lang='grc' dir='ltr'>μὲν</span> <span class='ocrx_word' id='word_1_29' title='bbox 204 418 281 470; x_wconf 80' lang='grc' dir='ltr'>ἅμα</span> <span class='ocrx_word' id='word_1_30' title='bbox 311 419 382 463; x_wconf 79' lang='grc' dir='ltr'>τοῖς</span> <span class='ocrx_word' id='word_1_31' title='bbox 419 417 702 467; x_wconf 80' lang='grc' dir='ltr'>ὑπολειπομένοις</span> <span class='ocrx_word' id='word_1_32' title='bbox 729 419 797 455; x_wconf 87' lang='grc' dir='ltr'>τῶν</span> <span class='ocrx_word' id='word_1_33' title='bbox 829 417 962 456; x_wconf 80' lang='grc' dir='ltr'>οἰκείων</span> <span class='ocrx_word' id='word_1_34' title='bbox 999 418 1161 465; x_wconf 84' lang='grc' dir='ltr'>διέσωσε,</span> 
     </span>
     <span class='ocr_line' id='line_1_6' title="bbox 115 474 1162 528; baseline -0.003 -11"><span class='ocrx_word' id='word_1_35' title='bbox 115 477 304 528; x_wconf 79' lang='grc' dir='ltr'>Πομπήιον</span> <span class='ocrx_word' id='word_1_36' title='bbox 325 477 362 515; x_wconf 79' lang='grc' dir='ltr'>δὲ</span> <span class='ocrx_word' id='word_1_37' title='bbox 381 476 444 522; x_wconf 85' lang='grc' dir='ltr'>τὴν</span> <span class='ocrx_word' id='word_1_38' title='bbox 466 474 632 527; x_wconf 86' lang='grc' dir='ltr'>στρατιὰν</span> <span class='ocrx_word' id='word_1_39' title='bbox 662 475 811 527; x_wconf 89' lang='grc' dir='ltr'>ἀπάγειν</span> <span class='ocrx_word' id='word_1_40' title='bbox 833 479 956 514; x_wconf 84' lang='grc' dir='ltr'>θᾶττον</span> <span class='ocrx_word' id='word_1_41' title='bbox 983 475 1007 523; x_wconf 82' lang='grc' dir='ltr'>ἢ</span> <span class='ocrx_word' id='word_1_42' title='bbox 1027 477 1076 514; x_wconf 85' lang='grc' dir='ltr'>δεῖ</span> <span class='ocrx_word' id='word_1_43' title='bbox 1095 491 1162 514; x_wconf 90' lang='grc' dir='ltr'>πα·</span> 
     </span>
     <span class='ocr_line' id='line_1_7' title="bbox 115 533 1164 589; baseline -0.001 -15"><span class='ocrx_word' id='word_1_44' title='bbox 115 536 323 589; x_wconf 77' lang='grc' dir='ltr'>ρεσκεύασε,</span> <span class='ocrx_word' id='word_1_45' title='bbox 336 533 429 574; x_wconf 80' lang='grc' dir='ltr'>κατὰ</span> <span class='ocrx_word' id='word_1_46' title='bbox 445 535 565 578; x_wconf 81' lang='grc' dir='ltr'>σκότος</span> <span class='ocrx_word' id='word_1_47' title='bbox 584 538 757 573; x_wconf 89' lang='grc' dir='ltr'>ποιεῖσθαι</span> <span class='ocrx_word' id='word_1_48' title='bbox 783 534 847 582; x_wconf 80' lang='grc' dir='ltr'>τὴν</span> <span class='ocrx_word' id='word_1_49' title='bbox 866 534 979 579; x_wconf 79' lang='grc' dir='ltr'>δίωξιν</span> <span class='ocrx_word' id='word_1_50' title='bbox 999 536 1037 573; x_wconf 83' lang='grc' dir='ltr'>οὔ</span> <span class='ocrx_word' id='word_1_51' title='bbox 1057 550 1164 585; x_wconf 80' lang='grc' dir='ltr'>προε-</span> 
     </span>
     <span class='ocr_line' id='line_1_8' title="bbox 114 588 1163 646; baseline -0.002 -13"><span class='ocrx_word' id='word_1_52' title='bbox 114 595 277 646; x_wconf 87' lang='grc' dir='ltr'>λόμενον.</span> <span class='ocrx_word' id='word_1_53' title='bbox 335 593 437 634; x_wconf 81' lang='grc' dir='ltr'>Φασὶ</span> <span class='ocrx_word' id='word_1_54' title='bbox 463 597 544 645; x_wconf 80' lang='grc' dir='ltr'>γοῦν</span> <span class='ocrx_word' id='word_1_55' title='bbox 572 593 630 631; x_wconf 85' lang='grc' dir='ltr'>τὸν</span> <span class='ocrx_word' id='word_1_56' title='bbox 657 592 825 646; x_wconf 89' lang='grc' dir='ltr'>Καίσαρα</span> <span class='ocrx_word' id='word_1_57' title='bbox 853 593 938 646; x_wconf 84' lang='grc' dir='ltr'>παρ’</span> <span class='ocrx_word' id='word_1_58' title='bbox 967 592 1045 631; x_wconf 83' lang='grc' dir='ltr'>ὅσον</span> <span class='ocrx_word' id='word_1_59' title='bbox 1079 588 1163 641; x_wconf 68' lang='grc' dir='ltr'>’ἦλθε</span> 
     </span>
     <span class='ocr_line' id='line_1_9' title="bbox 114 651 1164 705; baseline -0.003 -13"><span class='ocrx_word' id='word_1_60' title='bbox 114 653 273 693; x_wconf 81' lang='grc' dir='ltr'>κινδύνου</span> <span class='ocrx_word' id='word_1_61' title='bbox 298 652 532 705; x_wconf 85' lang='grc' dir='ltr'>λογιζόμενον,</span> <span class='ocrx_word' id='word_1_62' title='bbox 562 651 732 695; x_wconf 83' lang='grc' dir='ltr'>πολλάκις</span> <span class='ocrx_word' id='word_1_63' title='bbox 759 653 882 702; x_wconf 86' lang='grc' dir='ltr'>εἷπεῖν,</span> <span class='ocrx_word' id='word_1_64' title='bbox 918 654 964 695; x_wconf 80' lang='grc' dir='ltr'>ὡς</span> <span class='ocrx_word' id='word_1_65' title='bbox 987 651 1164 704; x_wconf 85' lang='grc' dir='ltr'>μάχεσθαι</span> 
     </span>
     <span class='ocr_line' id='line_1_10' title="bbox 116 710 1163 764; baseline -0.003 -13"><span class='ocrx_word' id='word_1_66' title='bbox 116 712 180 764; x_wconf 82' lang='grc' dir='ltr'>μὲν</span> <span class='ocrx_word' id='word_1_67' title='bbox 201 711 328 764; x_wconf 86' lang='grc' dir='ltr'>ἀγαθὸς</span> <span class='ocrx_word' id='word_1_68' title='bbox 353 712 406 759; x_wconf 87' lang='grc' dir='ltr'>εἴη</span> <span class='ocrx_word' id='word_1_69' title='bbox 428 711 635 762; x_wconf 77' lang='grc' dir='ltr'>Πομπήιος,</span> <span class='ocrx_word' id='word_1_70' title='bbox 657 717 755 749; x_wconf 82' lang='grc' dir='ltr'>νικᾶν</span> <span class='ocrx_word' id='word_1_71' title='bbox 779 710 815 749; x_wconf 78' lang='grc' dir='ltr'>δὲ</span> <span class='ocrx_word' id='word_1_72' title='bbox 838 713 981 762; x_wconf 80' lang='grc' dir='ltr'>ἀμαθῶς</span> <span class='ocrx_word' id='word_1_73' title='bbox 1008 710 1104 763; x_wconf 83' lang='grc' dir='ltr'>ἔχοι·</span> <span class='ocrx_word' id='word_1_74' title='bbox 1125 713 1163 749; x_wconf 81' lang='grc' dir='ltr'>οὗ</span> 
     </span>
     <span class='ocr_line' id='line_1_11' title="bbox 115 769 1166 823; baseline -0.001 -14"><span class='ocrx_word' id='word_1_75' title='bbox 115 769 184 823; x_wconf 85' lang='grc' dir='ltr'>γὰρ</span> <span class='ocrx_word' id='word_1_76' title='bbox 200 773 234 810; x_wconf 83' lang='grc' dir='ltr'>ἐν</span> <span class='ocrx_word' id='word_1_77' title='bbox 255 770 362 823; x_wconf 83' lang='grc' dir='ltr'>ἑτέρῳ</span> <span class='ocrx_word' id='word_1_78' title='bbox 383 769 499 823; x_wconf 86' lang='grc' dir='ltr'>χρόνῳ</span> <span class='ocrx_word' id='word_1_79' title='bbox 519 769 541 816; x_wconf 83' lang='grc' dir='ltr'>ἢ</span> <span class='ocrx_word' id='word_1_80' title='bbox 561 771 595 807; x_wconf 83' lang='grc' dir='ltr'>ἐν</span> <span class='ocrx_word' id='word_1_81' title='bbox 612 769 725 821; x_wconf 80' lang='grc' dir='ltr'>ἐκείνῃ</span> <span class='ocrx_word' id='word_1_82' title='bbox 754 772 798 821; x_wconf 79' lang='grc' dir='ltr'>τῇ</span> <span class='ocrx_word' id='word_1_83' title='bbox 818 770 934 823; x_wconf 72' lang='grc' dir='ltr'>ἡμέρα</span> <span class='ocrx_word' id='word_1_84' title='bbox 960 772 1166 820; x_wconf 87' lang='grc' dir='ltr'>γεγενῆσθαι</span> 
     </span>
     <span class='ocr_line' id='line_1_12' title="bbox 115 827 1165 879; baseline -0.003 -10"><span class='ocrx_word' id='word_1_85' title='bbox 115 835 187 874; x_wconf 83' lang='grc' dir='ltr'>τοῖς</span> <span class='ocrx_word' id='word_1_86' title='bbox 213 829 378 873; x_wconf 80' lang='grc' dir='ltr'>ἐναντίοις</span> <span class='ocrx_word' id='word_1_87' title='bbox 407 828 599 879; x_wconf 82' lang='grc' dir='ltr'>ἁλώσιμος.</span> <span class='ocrx_word' id='word_1_88' title='bbox 672 827 775 868; x_wconf 82' lang='grc' dir='ltr'>Μετὰ</span> <span class='ocrx_word' id='word_1_89' title='bbox 799 828 837 866; x_wconf 79' lang='grc' dir='ltr'>δὲ</span> <span class='ocrx_word' id='word_1_90' title='bbox 881 833 1003 876; x_wconf 71' lang='grc' dir='ltr'>τοῦτο,</span> <span class='ocrx_word' id='word_1_91' title='bbox 1031 827 1165 873; x_wconf 87' lang='grc' dir='ltr'>πόλεως</span> 
     </span>
     <span class='ocr_line' id='line_1_13' title="bbox 117 881 1167 940; baseline -0.006 -11"><span class='ocrx_word' id='word_1_92' title='bbox 117 889 343 934; x_wconf 85' lang='grc' dir='ltr'>Θεσσαλικῆς</span> <span class='ocrx_word' id='word_1_93' title='bbox 361 886 557 940; x_wconf 82' lang='grc' dir='ltr'>Φαρσάλου</span> <span class='ocrx_word' id='word_1_94' title='bbox 576 886 739 935; x_wconf 84' lang='grc' dir='ltr'>πλησίον,</span> <span class='ocrx_word' id='word_1_95' title='bbox 764 886 920 938; x_wconf 78' lang='grc' dir='ltr'>μεγάλας</span> <span class='ocrx_word' id='word_1_96' title='bbox 939 881 1034 929; x_wconf 56' lang='lat' dir='ltr'><em>affec&lt;</em></span> <span class='ocrx_word' id='word_1_97' title='bbox 1053 886 1167 924; x_wconf 84' lang='grc' dir='ltr'>ἑκάτε-</span> 
     </span>
     <span class='ocr_line' id='line_1_14' title="bbox 115 944 1163 999; baseline -0.002 -15"><span class='ocrx_word' id='word_1_98' title='bbox 115 961 172 999; x_wconf 88' lang='grc' dir='ltr'>ροι</span> <span class='ocrx_word' id='word_1_99' title='bbox 200 946 362 996; x_wconf 86' lang='grc' dir='ltr'>δυνάμεις</span> <span class='ocrx_word' id='word_1_100' title='bbox 387 944 604 998; x_wconf 79' lang='grc' dir='ltr'>ἀγείραντες,</span> <span class='ocrx_word' id='word_1_101' title='bbox 634 944 820 996; x_wconf 80' lang='grc' dir='ltr'>συνῄεσαν.</span> <span class='ocrx_word' id='word_1_102' title='bbox 888 944 1070 997; x_wconf 85' lang='grc' dir='ltr'>Πομπηίῳ</span> <span class='ocrx_word' id='word_1_103' title='bbox 1100 944 1163 995; x_wconf 80' lang='grc' dir='ltr'>μὲν</span> 
     </span>
     <span class='ocr_line' id='line_1_15' title="bbox 116 997 1167 1058; baseline -0.003 -15"><span class='ocrx_word' id='word_1_104' title='bbox 116 999 178 1044; x_wconf 63' lang='grc' dir='ltr'>οὖν</span> <span class='ocrx_word' id='word_1_105' title='bbox 215 1006 380 1057; x_wconf 84' lang='grc' dir='ltr'>τέσσαρες</span> <span class='ocrx_word' id='word_1_106' title='bbox 418 1004 583 1058; x_wconf 82' lang='grc' dir='ltr'>μυριάδες</span> <span class='ocrx_word' id='word_1_107' title='bbox 623 1006 772 1042; x_wconf 84' lang='grc' dir='ltr'>ὁπλιτῶν</span> <span class='ocrx_word' id='word_1_108' title='bbox 810 997 911 1050; x_wconf 69' lang='grc' dir='ltr'>ἦσαν,</span> <span class='ocrx_word' id='word_1_109' title='bbox 947 1003 1008 1040; x_wconf 76' lang='grc' dir='ltr'>καὶ</span> <span class='ocrx_word' id='word_1_110' title='bbox 1050 1005 1167 1045; x_wconf 80' lang='grc' dir='ltr'>ἱππεῖς</span> 
     </span>
     <span class='ocr_line' id='line_1_16' title="bbox 119 1060 1166 1116; baseline -0.006 -13"><span class='ocrx_word' id='word_1_111' title='bbox 119 1063 258 1108; x_wconf 85' lang='grc' dir='ltr'>πλείους</span> <span class='ocrx_word' id='word_1_112' title='bbox 282 1062 305 1110; x_wconf 86' lang='grc' dir='ltr'>ἢ</span> <span class='ocrx_word' id='word_1_113' title='bbox 324 1063 618 1116; x_wconf 80' lang='grc' dir='ltr'>τετρακισχίλιοι,</span> <span class='ocrx_word' id='word_1_114' title='bbox 638 1062 716 1101; x_wconf 89' lang='grc' dir='ltr'>καθ’</span> <span class='ocrx_word' id='word_1_115' title='bbox 738 1061 902 1113; x_wconf 85' lang='grc' dir='ltr'>ἑκάτερον</span> <span class='ocrx_word' id='word_1_116' title='bbox 922 1063 990 1099; x_wconf 81' lang='grc' dir='ltr'>τῶν</span> <span class='ocrx_word' id='word_1_117' title='bbox 1011 1060 1166 1112; x_wconf 81' lang='grc' dir='ltr'>κεράτων</span> 
     </span>
     <span class='ocr_line' id='line_1_17' title="bbox 117 1119 1164 1175; baseline -0.004 -14"><span class='ocrx_word' id='word_1_118' title='bbox 117 1122 366 1173; x_wconf 86' lang='grc' dir='ltr'>νενεμημένοι·</span> <span class='ocrx_word' id='word_1_119' title='bbox 386 1122 471 1175; x_wconf 83' lang='grc' dir='ltr'>πρὸς</span> <span class='ocrx_word' id='word_1_120' title='bbox 490 1121 527 1161; x_wconf 83' lang='grc' dir='ltr'>δὲ</span> <span class='ocrx_word' id='word_1_121' title='bbox 546 1121 678 1165; x_wconf 80' lang='grc' dir='ltr'>τούτοις</span> <span class='ocrx_word' id='word_1_122' title='bbox 691 1120 730 1159; x_wconf 83' lang='grc' dir='ltr'>τὸ</span> <span class='ocrx_word' id='word_1_123' title='bbox 748 1120 781 1165; x_wconf 83' lang='grc' dir='ltr'>ἐξ</span> <span class='ocrx_word' id='word_1_124' title='bbox 800 1120 964 1159; x_wconf 83' lang='grc' dir='ltr'>ἁπάντων</span> <span class='ocrx_word' id='word_1_125' title='bbox 982 1122 1052 1158; x_wconf 85' lang='grc' dir='ltr'>τῶν</span> <span class='ocrx_word' id='word_1_126' title='bbox 1067 1119 1164 1171; x_wconf 77' lang='grc' dir='ltr'>ἑῴων</span> 
     </span>
     <span class='ocr_line' id='line_1_18' title="bbox 119 1174 1166 1233; baseline -0.005 -13"><span class='ocrx_word' id='word_1_127' title='bbox 119 1183 224 1220; x_wconf 73' lang='grc' dir='ltr'>ἐθνῶν</span> <span class='ocrx_word' id='word_1_128' title='bbox 243 1180 488 1233; x_wconf 84' lang='grc' dir='ltr'>συμμαχικὸν,</span> <span class='ocrx_word' id='word_1_129' title='bbox 511 1181 571 1219; x_wconf 82' lang='grc' dir='ltr'>καὶ</span> <span class='ocrx_word' id='word_1_130' title='bbox 592 1187 662 1219; x_wconf 83' lang='grc' dir='ltr'>πᾶν</span> <span class='ocrx_word' id='word_1_131' title='bbox 682 1179 700 1218; x_wconf 89' lang='grc' dir='ltr'>ὃ</span> <span class='ocrx_word' id='word_1_132' title='bbox 719 1174 763 1227; x_wconf 74' lang='grc' dir='ltr'>ῆν</span> <span class='ocrx_word' id='word_1_133' title='bbox 784 1179 956 1230; x_wconf 81' lang='grc' dir='ltr'>ἐπίσημον</span> <span class='ocrx_word' id='word_1_134' title='bbox 976 1178 1166 1228; x_wconf 86' lang='grc' dir='ltr'>Ῥωμαίων</span> 
     </span>
     <span class='ocr_line' id='line_1_19' title="bbox 119 1237 1168 1290; baseline -0.005 -11"><span class='ocrx_word' id='word_1_135' title='bbox 119 1239 236 1280; x_wconf 79' lang='grc' dir='ltr'>εἵπετο</span> <span class='ocrx_word' id='word_1_136' title='bbox 250 1269 260 1288; x_wconf 89' lang='grc'>,</span> <span class='ocrx_word' id='word_1_137' title='bbox 278 1239 361 1278; x_wconf 80' lang='grc' dir='ltr'>οἵτε</span> <span class='ocrx_word' id='word_1_138' title='bbox 378 1238 448 1277; x_wconf 83' lang='grc' dir='ltr'>ἀπὸ</span> <span class='ocrx_word' id='word_1_139' title='bbox 460 1242 521 1286; x_wconf 89' lang='grc' dir='ltr'>τῆς</span> <span class='ocrx_word' id='word_1_140' title='bbox 543 1240 669 1290; x_wconf 87' lang='grc' dir='ltr'>βουλῆς</span> <span class='ocrx_word' id='word_1_141' title='bbox 683 1268 694 1288; x_wconf 86' lang='grc'>,</span> <span class='ocrx_word' id='word_1_142' title='bbox 714 1240 844 1285; x_wconf 87' lang='grc' dir='ltr'>πλῆθος</span> <span class='ocrx_word' id='word_1_143' title='bbox 862 1240 924 1276; x_wconf 81' lang='grc' dir='ltr'>οὐκ</span> <span class='ocrx_word' id='word_1_144' title='bbox 939 1237 1168 1287; x_wconf 77' lang='grc' dir='ltr'>εὐαρίθμητον</span> 
     </span>
     <span class='ocr_line' id='line_1_20' title="bbox 120 1291 1168 1350; baseline -0.004 -13"><span class='ocrx_word' id='word_1_145' title='bbox 120 1298 171 1346; x_wconf 83' lang='grc' dir='ltr'>ὂν,</span> <span class='ocrx_word' id='word_1_146' title='bbox 190 1298 458 1336; x_wconf 74' lang='grc' dir='ltr'>συνετάττοντο·</span> <span class='ocrx_word' id='word_1_147' title='bbox 476 1299 510 1335; x_wconf 83' lang='grc' dir='ltr'>ἐν</span> <span class='ocrx_word' id='word_1_148' title='bbox 530 1291 611 1349; x_wconf 74' lang='grc' dir='ltr'>[οἷς]</span> <span class='ocrx_word' id='word_1_149' title='bbox 633 1296 860 1350; x_wconf 68' lang='grc' dir='ltr'>στρατηγικοί</span> <span class='ocrx_word' id='word_1_150' title='bbox 881 1311 917 1334; x_wconf 91' lang='grc' dir='ltr'>τε</span> <span class='ocrx_word' id='word_1_151' title='bbox 932 1295 991 1334; x_wconf 80' lang='grc' dir='ltr'>καὶ</span> <span class='ocrx_word' id='word_1_152' title='bbox 1006 1294 1168 1334; x_wconf 75' lang='grc' dir='ltr'>ὑπατικοὶ</span> 
     </span>
     <span class='ocr_line' id='line_1_21' title="bbox 121 1351 1168 1408; baseline -0.005 -13"><span class='ocrx_word' id='word_1_153' title='bbox 121 1356 243 1407; x_wconf 83' lang='grc' dir='ltr'>ἄνδρες</span> <span class='ocrx_word' id='word_1_154' title='bbox 258 1351 362 1404; x_wconf 72' lang='grc' dir='ltr'>ἦσαν,</span> <span class='ocrx_word' id='word_1_155' title='bbox 385 1357 524 1394; x_wconf 79' lang='grc' dir='ltr'>πολλῶν</span> <span class='ocrx_word' id='word_1_156' title='bbox 544 1356 611 1403; x_wconf 83' lang='grc' dir='ltr'>ἤδη</span> <span class='ocrx_word' id='word_1_157' title='bbox 634 1354 877 1408; x_wconf 85' lang='grc' dir='ltr'>στρατοπέδων</span> <span class='ocrx_word' id='word_1_158' title='bbox 896 1354 1168 1405; x_wconf 77' lang='grc' dir='ltr'>ἐξηγησάμενοι,</span> 
     </span>
     <span class='ocr_line' id='line_1_22' title="bbox 121 1411 1168 1467; baseline -0.004 -14"><span class='ocrx_word' id='word_1_159' title='bbox 121 1420 181 1453; x_wconf 83' lang='grc' dir='ltr'>καὶ</span> <span class='ocrx_word' id='word_1_160' title='bbox 197 1413 346 1458; x_wconf 73' lang='grc' dir='ltr'>πολλοὺς</span> <span class='ocrx_word' id='word_1_161' title='bbox 361 1413 658 1467; x_wconf 86' lang='grc' dir='ltr'>διαπεπραγμένοι</span> <span class='ocrx_word' id='word_1_162' title='bbox 674 1412 856 1463; x_wconf 81' lang='grc' dir='ltr'>πολέμους.</span> <span class='ocrx_word' id='word_1_163' title='bbox 877 1412 1033 1464; x_wconf 87' lang='grc' dir='ltr'>Καίσαρί</span> <span class='ocrx_word' id='word_1_164' title='bbox 1046 1427 1085 1462; x_wconf 88' lang='grc' dir='ltr'>γε</span> <span class='ocrx_word' id='word_1_165' title='bbox 1099 1411 1168 1462; x_wconf 80' lang='grc' dir='ltr'>μὴν</span> 
     </span>
     <span class='ocr_line' id='line_1_23' title="bbox 121 1470 1169 1524; baseline -0.003 -13"><span class='ocrx_word' id='word_1_166' title='bbox 121 1472 198 1512; x_wconf 80' lang='grc' dir='ltr'>οὐδὲ</span> <span class='ocrx_word' id='word_1_167' title='bbox 226 1472 306 1511; x_wconf 77' lang='grc' dir='ltr'>ὅλαι</span> <span class='ocrx_word' id='word_1_168' title='bbox 334 1478 425 1524; x_wconf 87' lang='grc' dir='ltr'>τρεῖς</span> <span class='ocrx_word' id='word_1_169' title='bbox 459 1472 623 1524; x_wconf 85' lang='grc' dir='ltr'>μυριάδες</span> <span class='ocrx_word' id='word_1_170' title='bbox 654 1471 878 1523; x_wconf 81' lang='grc' dir='ltr'>ἀπεπλήρουν</span> <span class='ocrx_word' id='word_1_171' title='bbox 903 1470 965 1518; x_wconf 82' lang='grc' dir='ltr'>τὴν</span> <span class='ocrx_word' id='word_1_172' title='bbox 986 1471 1169 1523; x_wconf 82' lang='grc' dir='ltr'>φάλαγγα,</span> 
     </span>
     <span class='ocr_line' id='line_1_24' title="bbox 121 1529 1167 1583; baseline -0.005 -12"><span class='ocrx_word' id='word_1_173' title='bbox 121 1532 182 1571; x_wconf 72' lang='grc' dir='ltr'>καὶ</span> <span class='ocrx_word' id='word_1_174' title='bbox 208 1533 238 1570; x_wconf 80' lang='grc' dir='ltr'>οἳ</span> <span class='ocrx_word' id='word_1_175' title='bbox 263 1533 380 1575; x_wconf 81' lang='grc' dir='ltr'>ἱππεῖς</span> <span class='ocrx_word' id='word_1_176' title='bbox 397 1531 518 1583; x_wconf 87' lang='grc' dir='ltr'>χίλιοι.</span> <span class='ocrx_word' id='word_1_177' title='bbox 542 1529 780 1570; x_wconf 87' lang='grc' dir='ltr'>Οὐδεπώποτε</span> <span class='ocrx_word' id='word_1_178' title='bbox 801 1530 836 1568; x_wconf 80' lang='grc' dir='ltr'>δὲ</span> <span class='ocrx_word' id='word_1_179' title='bbox 857 1530 993 1568; x_wconf 84' lang='grc' dir='ltr'>τοσαίδε</span> <span class='ocrx_word' id='word_1_180' title='bbox 1009 1529 1167 1579; x_wconf 81' lang='grc' dir='ltr'>Ῥωμαῖ-</span> 
     </span>
     <span class='ocr_line' id='line_1_25' title="bbox 121 1587 1169 1640; baseline -0.003 -12"><span class='ocrx_word' id='word_1_181' title='bbox 121 1590 179 1629; x_wconf 62' lang='grc' dir='ltr'>καῖ</span> <span class='ocrx_word' id='word_1_182' title='bbox 202 1592 370 1637; x_wconf 89' lang='grc' dir='ltr'>συνῆλθον</span> <span class='ocrx_word' id='word_1_183' title='bbox 391 1591 424 1633; x_wconf 82' lang='grc' dir='ltr'>ἐς</span> <span class='ocrx_word' id='word_1_184' title='bbox 439 1589 479 1628; x_wconf 88' lang='grc' dir='ltr'>τὸ</span> <span class='ocrx_word' id='word_1_185' title='bbox 504 1588 588 1627; x_wconf 79' lang='grc' dir='ltr'>αὐτὸ</span> <span class='ocrx_word' id='word_1_186' title='bbox 611 1588 795 1639; x_wconf 86' lang='grc' dir='ltr'>δυνάμεις,</span> <span class='ocrx_word' id='word_1_187' title='bbox 815 1588 892 1627; x_wconf 76' lang='grc' dir='ltr'>οὐδὲ</span> <span class='ocrx_word' id='word_1_188' title='bbox 912 1587 978 1626; x_wconf 77' lang='grc' dir='ltr'>ὑπὸ</span> <span class='ocrx_word' id='word_1_189' title='bbox 1000 1588 1169 1640; x_wconf 88' lang='grc' dir='ltr'>βελτίοσιν</span> 
     </span>
     <span class='ocr_line' id='line_1_26' title="bbox 122 1646 1171 1702; baseline -0.004 -15"><span class='ocrx_word' id='word_1_190' title='bbox 122 1649 273 1701; x_wconf 86' lang='grc' dir='ltr'>ἡγεμόσι</span> <span class='ocrx_word' id='word_1_191' title='bbox 284 1647 497 1699; x_wconf 86' lang='grc' dir='ltr'>ταττόμενα·</span> <span class='ocrx_word' id='word_1_192' title='bbox 515 1647 553 1685; x_wconf 84' lang='grc' dir='ltr'>αἳ</span> <span class='ocrx_word' id='word_1_193' title='bbox 568 1648 693 1702; x_wconf 80' lang='grc' dir='ltr'>ῥαδίως</span> <span class='ocrx_word' id='word_1_194' title='bbox 710 1646 751 1685; x_wconf 80' lang='grc' dir='ltr'>ἂν</span> <span class='ocrx_word' id='word_1_195' title='bbox 769 1647 911 1685; x_wconf 79' lang='grc' dir='ltr'>ἅπασαν</span> <span class='ocrx_word' id='word_1_196' title='bbox 926 1647 1092 1698; x_wconf 83' lang='grc' dir='ltr'>ἐσχατιὰν</span> <span class='ocrx_word' id='word_1_197' title='bbox 1111 1650 1171 1693; x_wconf 87' lang='grc' dir='ltr'>τῆς</span> 
     </span>
     <span class='ocr_line' id='line_1_27' title="bbox 121 1705 1172 1760; baseline -0.002 -15"><span class='ocrx_word' id='word_1_198' title='bbox 121 1711 184 1758; x_wconf 90' lang='grc' dir='ltr'>γῆς</span> <span class='ocrx_word' id='word_1_199' title='bbox 202 1706 378 1760; x_wconf 81' lang='grc' dir='ltr'>ὓποκύψᾰι</span> <span class='ocrx_word' id='word_1_200' title='bbox 403 1706 595 1757; x_wconf 87' lang='grc' dir='ltr'>Ῥωμαίοις</span> <span class='ocrx_word' id='word_1_201' title='bbox 625 1705 844 1758; x_wconf 80' lang='grc' dir='ltr'>ἠνάγκασαν,</span> <span class='ocrx_word' id='word_1_202' title='bbox 866 1708 901 1744; x_wconf 84' lang='grc' dir='ltr'>εἶ·</span> <span class='ocrx_word' id='word_1_203' title='bbox 915 1706 999 1758; x_wconf 80' lang='grc' dir='ltr'>πρὸς</span> <span class='ocrx_word' id='word_1_204' title='bbox 1025 1705 1172 1749; x_wconf 83' lang='grc' dir='ltr'>ὀθνείους</span> 
     </span>
     <span class='ocr_line' id='line_1_28' title="bbox 123 1764 921 1818; baseline -0.005 -13"><span class='ocrx_word' id='word_1_205' title='bbox 123 1766 214 1805; x_wconf 80' lang='grc' dir='ltr'>ἀλλὰ</span> <span class='ocrx_word' id='word_1_206' title='bbox 231 1765 279 1816; x_wconf 76' lang='grc' dir='ltr'>μὴ</span> <span class='ocrx_word' id='word_1_207' title='bbox 299 1765 385 1818; x_wconf 84' lang='grc' dir='ltr'>πρὸς</span> <span class='ocrx_word' id='word_1_208' title='bbox 399 1765 582 1818; x_wconf 74' lang='grc' dir='ltr'>ἐμφυλίους</span> <span class='ocrx_word' id='word_1_209' title='bbox 597 1767 734 1816; x_wconf 85' lang='grc' dir='ltr'>ἀγῶνας</span> <span class='ocrx_word' id='word_1_210' title='bbox 749 1764 921 1816; x_wconf 82' lang='grc' dir='ltr'>ἤχθησαν.</span> 
     </span>
    </p>

    <p class='ocr_par' dir='ltr' id='par_1_5' title="bbox 123 1820 1174 2345">
     <span class='ocr_line' id='line_1_29' title="bbox 175 1820 1172 1875; baseline -0.005 -11"><span class='ocrx_word' id='word_1_211' title='bbox 175 1838 207 1864; x_wconf 86' lang='grc'>8.</span> <span class='ocrx_word' id='word_1_212' title='bbox 228 1823 320 1863; x_wconf 87' lang='grc' dir='ltr'>Τότε</span> <span class='ocrx_word' id='word_1_213' title='bbox 340 1825 370 1861; x_wconf 89' lang='grc' dir='ltr'>δ’</span> <span class='ocrx_word' id='word_1_214' title='bbox 393 1820 450 1862; x_wconf 68' lang='grc' dir='ltr'>οὖν</span> <span class='ocrx_word' id='word_1_215' title='bbox 472 1823 690 1866; x_wconf 83' lang='grc' dir='ltr'>συνελθόντες</span> <span class='ocrx_word' id='word_1_216' title='bbox 705 1823 879 1874; x_wconf 77' lang='grc' dir='ltr'>ἐμάχοντο</span> <span class='ocrx_word' id='word_1_217' title='bbox 897 1824 1093 1875; x_wconf 84' lang='grc' dir='ltr'>καρτερῶς,</span> <span class='ocrx_word' id='word_1_218' title='bbox 1113 1823 1172 1859; x_wconf 83' lang='grc' dir='ltr'>οὖ·</span> 
     </span>
     <span class='ocr_line' id='line_1_30' title="bbox 124 1880 1173 1934; baseline -0.002 -14"><span class='ocrx_word' id='word_1_219' title='bbox 124 1882 255 1934; x_wconf 86' lang='grc' dir='ltr'>δέτεροι</span> <span class='ocrx_word' id='word_1_220' title='bbox 270 1881 326 1921; x_wconf 91' lang='grc' dir='ltr'>διά</span> <span class='ocrx_word' id='word_1_221' title='bbox 344 1898 381 1920; x_wconf 91' lang='grc' dir='ltr'>τε</span> <span class='ocrx_word' id='word_1_222' title='bbox 402 1881 528 1934; x_wconf 83' lang='grc' dir='ltr'>ἀρετὴν</span> <span class='ocrx_word' id='word_1_223' title='bbox 553 1881 612 1920; x_wconf 74' lang='grc' dir='ltr'>καὶ</span> <span class='ocrx_word' id='word_1_224' title='bbox 632 1881 695 1928; x_wconf 83' lang='grc' dir='ltr'>τὴν</span> <span class='ocrx_word' id='word_1_225' title='bbox 724 1884 770 1925; x_wconf 87' lang='grc' dir='ltr'>εἷς</span> <span class='ocrx_word' id='word_1_226' title='bbox 789 1880 866 1924; x_wconf 78' lang='grc' dir='ltr'>τοὺς</span> <span class='ocrx_word' id='word_1_227' title='bbox 885 1881 1056 1924; x_wconf 80' lang='grc' dir='ltr'>ἐναντίους</span> <span class='ocrx_word' id='word_1_228' title='bbox 1085 1881 1173 1919; x_wconf 84' lang='grc' dir='ltr'>ἀπέ-</span> 
     </span>
     <span class='ocr_line' id='line_1_31' title="bbox 124 1939 1171 1994; baseline -0.003 -15"><span class='ocrx_word' id='word_1_229' title='bbox 124 1945 246 1994; x_wconf 86' lang='grc' dir='ltr'>χθειαν</span> <span class='ocrx_word' id='word_1_230' title='bbox 264 1940 423 1985; x_wconf 84' lang='grc' dir='ltr'>εἴκοντες.</span> <span class='ocrx_word' id='word_1_231' title='bbox 444 1942 584 1987; x_wconf 90' lang='grc' dir='ltr'>Πολλῆς</span> <span class='ocrx_word' id='word_1_232' title='bbox 599 1956 636 1979; x_wconf 87' lang='grc' dir='ltr'>τε</span> <span class='ocrx_word' id='word_1_233' title='bbox 650 1942 836 1993; x_wconf 74' lang='grc' dir='ltr'>διαφθορᾶς</span> <span class='ocrx_word' id='word_1_234' title='bbox 851 1942 910 1991; x_wconf 75' lang='grc' dir='ltr'>ἀφ’</span> <span class='ocrx_word' id='word_1_235' title='bbox 926 1939 1098 1991; x_wconf 84' lang='grc' dir='ltr'>ἑκατέρων</span> <span class='ocrx_word' id='word_1_236' title='bbox 1115 1955 1171 1991; x_wconf 90' lang='grc' dir='ltr'>γε-</span> 
     </span>
     <span class='ocr_line' id='line_1_32' title="bbox 123 1995 1172 2051; baseline -0.002 -13"><span class='ocrx_word' id='word_1_237' title='bbox 123 2001 291 2051; x_wconf 78' lang='grc' dir='ltr'>νομένης,</span> <span class='ocrx_word' id='word_1_238' title='bbox 307 1998 405 2044; x_wconf 87' lang='grc' dir='ltr'>τέλος</span> <span class='ocrx_word' id='word_1_239' title='bbox 431 2001 462 2038; x_wconf 76' lang='grc' dir='ltr'>οἳ</span> <span class='ocrx_word' id='word_1_240' title='bbox 482 1995 561 2051; x_wconf 68' lang='grc' dir='ltr'>περὶ</span> <span class='ocrx_word' id='word_1_241' title='bbox 579 1998 637 2037; x_wconf 77' lang='grc' dir='ltr'>τὸν</span> <span class='ocrx_word' id='word_1_242' title='bbox 662 1998 851 2049; x_wconf 80' lang='grc' dir='ltr'>Πομπήιον</span> <span class='ocrx_word' id='word_1_243' title='bbox 872 1997 1089 2045; x_wconf 82' lang='grc' dir='ltr'>ἐκλείπουσι,</span> <span class='ocrx_word' id='word_1_244' title='bbox 1112 1998 1172 2036; x_wconf 84' lang='grc' dir='ltr'>καὶ</span> 
     </span>
     <span class='ocr_line' id='line_1_33' title="bbox 124 2056 1171 2108; baseline -0.002 -12"><span class='ocrx_word' id='word_1_245' title='bbox 124 2059 246 2097; x_wconf 87' lang='grc' dir='ltr'>πολλοὶ</span> <span class='ocrx_word' id='word_1_246' title='bbox 273 2059 335 2108; x_wconf 85' lang='grc' dir='ltr'>μὲν</span> <span class='ocrx_word' id='word_1_247' title='bbox 353 2060 459 2097; x_wconf 76' lang='grc' dir='ltr'>αὐτοῦ</span> <span class='ocrx_word' id='word_1_248' title='bbox 484 2059 671 2105; x_wconf 90' lang='grc' dir='ltr'>πίπτουσι,</span> <span class='ocrx_word' id='word_1_249' title='bbox 696 2057 819 2095; x_wconf 89' lang='grc' dir='ltr'>πολλοὶ</span> <span class='ocrx_word' id='word_1_250' title='bbox 837 2056 872 2094; x_wconf 81' lang='grc' dir='ltr'>δὲ</span> <span class='ocrx_word' id='word_1_251' title='bbox 889 2057 1059 2108; x_wconf 84' lang='grc' dir='ltr'>σποράδες</span> <span class='ocrx_word' id='word_1_252' title='bbox 1076 2059 1171 2094; x_wconf 89' lang='grc' dir='ltr'>ἀπε-</span> 
     </span>
     <span class='ocr_line' id='line_1_34' title="bbox 124 2115 1174 2170; baseline -0.002 -15"><span class='ocrx_word' id='word_1_253' title='bbox 124 2117 276 2170; x_wconf 82' lang='grc' dir='ltr'>χώρουν,</span> <span class='ocrx_word' id='word_1_254' title='bbox 286 2117 326 2155; x_wconf 82' lang='grc' dir='ltr'>τὸ</span> <span class='ocrx_word' id='word_1_255' title='bbox 338 2116 572 2168; x_wconf 90' lang='grc' dir='ltr'>στρατόπεδον</span> <span class='ocrx_word' id='word_1_256' title='bbox 585 2116 713 2166; x_wconf 87' lang='grc' dir='ltr'>ἔρημον</span> <span class='ocrx_word' id='word_1_257' title='bbox 723 2115 916 2166; x_wconf 87' lang='grc' dir='ltr'>διαρπάσαι</span> <span class='ocrx_word' id='word_1_258' title='bbox 931 2118 999 2159; x_wconf 87' lang='grc' dir='ltr'>τοῖς</span> <span class='ocrx_word' id='word_1_259' title='bbox 1009 2115 1174 2159; x_wconf 80' lang='grc' dir='ltr'>ἐναντίοις</span> 
     </span>
     <span class='ocr_line' id='line_1_35' title="bbox 125 2173 1172 2229; baseline -0.003 -15"><span class='ocrx_word' id='word_1_260' title='bbox 125 2175 353 2229; x_wconf 86' lang='grc' dir='ltr'>παραδόντες.</span> <span class='ocrx_word' id='word_1_261' title='bbox 370 2175 481 2218; x_wconf 79' lang='grc' dir='ltr'>Αὐτὸς</span> <span class='ocrx_word' id='word_1_262' title='bbox 502 2174 538 2213; x_wconf 71' lang='grc' dir='ltr'>’δὲ</span> <span class='ocrx_word' id='word_1_263' title='bbox 560 2174 747 2226; x_wconf 75' lang='grc' dir='ltr'>Πομπήιος</span> <span class='ocrx_word' id='word_1_264' title='bbox 761 2174 887 2224; x_wconf 80' lang='grc' dir='ltr'>ὀλίγοις</span> <span class='ocrx_word' id='word_1_265' title='bbox 906 2173 981 2223; x_wconf 86' lang='grc' dir='ltr'>ἅμα</span> <span class='ocrx_word' id='word_1_266' title='bbox 998 2176 1065 2211; x_wconf 84' lang='grc' dir='ltr'>τῶν</span> <span class='ocrx_word' id='word_1_267' title='bbox 1081 2174 1172 2212; x_wconf 81' lang='grc' dir='ltr'>ἑταί-</span> 
     </span>
     <span class='ocr_line' id='line_1_36' title="bbox 128 2231 1172 2287; baseline -0.003 -15"><span class='ocrx_word' id='word_1_268' title='bbox 128 2249 195 2287; x_wconf 83' lang='grc' dir='ltr'>ρων</span> <span class='ocrx_word' id='word_1_269' title='bbox 220 2234 280 2272; x_wconf 87' lang='grc' dir='ltr'>καὶ</span> <span class='ocrx_word' id='word_1_270' title='bbox 305 2238 376 2277; x_wconf 86' lang='grc' dir='ltr'>τοῖς</span> <span class='ocrx_word' id='word_1_271' title='bbox 399 2232 574 2286; x_wconf 84' lang='grc' dir='ltr'>φιλτάτοις</span> <span class='ocrx_word' id='word_1_272' title='bbox 598 2232 800 2284; x_wconf 87' lang='grc' dir='ltr'>ἀπεχώρει,</span> <span class='ocrx_word' id='word_1_273' title='bbox 822 2231 996 2283; x_wconf 86' lang='grc' dir='ltr'>Αἴγυπτον</span> <span class='ocrx_word' id='word_1_274' title='bbox 1014 2233 1172 2286; x_wconf 81' lang='grc' dir='ltr'>καταλα-</span> 
     </span>
     <span class='ocr_line' id='line_1_37' title="bbox 127 2290 1173 2345; baseline -0.004 -13"><span class='ocrx_word' id='word_1_275' title='bbox 127 2293 200 2332; x_wconf 75' lang='grc' dir='ltr'>ὅεῖν</span> <span class='ocrx_word' id='word_1_276' title='bbox 215 2294 250 2331; x_wconf 78' lang='grc' dir='ltr'>ἐν</span> <span class='ocrx_word' id='word_1_277' title='bbox 271 2294 404 2345; x_wconf 82' lang='grc' dir='ltr'>σπουδῇ</span> <span class='ocrx_word' id='word_1_278' title='bbox 430 2291 654 2343; x_wconf 83' lang='grc' dir='ltr'>ποιούμενος,</span> <span class='ocrx_word' id='word_1_279' title='bbox 679 2294 725 2334; x_wconf 84' lang='grc' dir='ltr'>ὥς</span> <span class='ocrx_word' id='word_1_280' title='bbox 757 2291 799 2329; x_wconf 82' lang='grc' dir='ltr'>ἂν</span> <span class='ocrx_word' id='word_1_281' title='bbox 818 2291 931 2338; x_wconf 88' lang='grc' dir='ltr'>δοθείη</span> <span class='ocrx_word' id='word_1_282' title='bbox 961 2293 991 2328; x_wconf 81' lang='grc' dir='ltr'>οἱ</span> <span class='ocrx_word' id='word_1_283' title='bbox 1011 2290 1096 2344; x_wconf 85' lang='grc' dir='ltr'>πρὸς</span> <span class='ocrx_word' id='word_1_284' title='bbox 1114 2294 1173 2329; x_wconf 83' lang='grc' dir='ltr'>τοῦ</span> 
     </span>
    </p>
   </div>
   <div class='ocr_carea' id='block_1_5' title="bbox 1222 357 2280 2343">
    <p class='ocr_par' dir='ltr' id='par_1_6' title="bbox 1222 357 2267 463">
     <span class='ocr_line' id='line_1_38' title="bbox 1222 357 2267 415; baseline 0.005 -19"><span class='ocrx_word' id='word_1_285' title='bbox 1222 357 1306 410; x_wconf 85' lang='grc' dir='ltr'>τέρα</span> <span class='ocrx_word' id='word_1_286' title='bbox 1324 358 1390 397; x_wconf 77' lang='grc' dir='ltr'>ὑπὸ</span> <span class='ocrx_word' id='word_1_287' title='bbox 1402 360 1471 396; x_wconf 83' lang='grc' dir='ltr'>τῶν</span> <span class='ocrx_word' id='word_1_288' title='bbox 1488 359 1639 407; x_wconf 83' lang='grc' dir='ltr'>πολιτῶν</span> <span class='ocrx_word' id='word_1_289' title='bbox 1657 360 1913 412; x_wconf 82' lang='grc' dir='ltr'>φυγαδευθέντα</span> <span class='ocrx_word' id='word_1_290' title='bbox 1928 364 1975 406; x_wconf 86' lang='grc' dir='ltr'>εἷς</span> <span class='ocrx_word' id='word_1_291' title='bbox 1998 362 2060 409; x_wconf 78' lang='grc' dir='ltr'>τὴν</span> <span class='ocrx_word' id='word_1_292' title='bbox 2087 362 2267 415; x_wconf 77' lang='grc' dir='ltr'>βασιλείαν</span> 
     </span>
     <span class='ocr_line' id='line_1_39' title="bbox 1225 415 1522 463; baseline -0.003 -8"><span class='ocrx_word' id='word_1_293' title='bbox 1225 415 1522 463; x_wconf 84' lang='grc' dir='ltr'>ἀποκατέστησεν.</span> 
     </span>
    </p>

    <p class='ocr_par' dir='ltr' id='par_1_7' title="bbox 1224 474 2274 996">
     <span class='ocr_line' id='line_1_40' title="bbox 1276 474 2267 524; baseline 0.004 -11"><span class='ocrx_word' id='word_1_294' title='bbox 1276 489 1305 514; x_wconf 79' lang='grc'>9.</span> <span class='ocrx_word' id='word_1_295' title='bbox 1323 474 1366 514; x_wconf 90' lang='grc' dir='ltr'>Ὁ</span> <span class='ocrx_word' id='word_1_296' title='bbox 1385 474 1421 512; x_wconf 86' lang='grc' dir='ltr'>δὲ</span> <span class='ocrx_word' id='word_1_297' title='bbox 1447 476 1665 524; x_wconf 88' lang='grc' dir='ltr'>Πτολεμαῖος</span> <span class='ocrx_word' id='word_1_298' title='bbox 1686 477 1902 520; x_wconf 80' lang='grc' dir='ltr'>ἀναπεισθεὶς</span> <span class='ocrx_word' id='word_1_299' title='bbox 1930 478 1996 516; x_wconf 77' lang='grc' dir='ltr'>ὑπὸ</span> <span class='ocrx_word' id='word_1_300' title='bbox 2014 479 2190 518; x_wconf 84' lang='grc' dir='ltr'>Θεοδότου</span> <span class='ocrx_word' id='word_1_301' title='bbox 2207 483 2267 518; x_wconf 80' lang='grc' dir='ltr'>τοῦ</span> 
     </span>
     <span class='ocr_line' id='line_1_41' title="bbox 1224 533 2268 588; baseline 0.004 -16"><span class='ocrx_word' id='word_1_302' title='bbox 1224 533 1314 574; x_wconf 87' lang='grc' dir='ltr'>Χίου</span> <span class='ocrx_word' id='word_1_303' title='bbox 1324 564 1333 581; x_wconf 87' lang='grc'>,</span> <span class='ocrx_word' id='word_1_304' title='bbox 1348 537 1500 586; x_wconf 81' lang='grc' dir='ltr'>πονηροῦ</span> <span class='ocrx_word' id='word_1_305' title='bbox 1518 533 1574 571; x_wconf 84' lang='grc' dir='ltr'>τὸν</span> <span class='ocrx_word' id='word_1_306' title='bbox 1588 534 1714 586; x_wconf 89' lang='grc' dir='ltr'>τρόπον</span> <span class='ocrx_word' id='word_1_307' title='bbox 1727 533 1869 587; x_wconf 77' lang='grc' dir='ltr'>ῥήτορος</span> <span class='ocrx_word' id='word_1_308' title='bbox 1879 564 1889 582; x_wconf 90' lang='grc'>,</span> <span class='ocrx_word' id='word_1_309' title='bbox 1902 539 1962 582; x_wconf 89' lang='grc' dir='ltr'>τῆς</span> <span class='ocrx_word' id='word_1_310' title='bbox 1972 539 2040 574; x_wconf 82' lang='grc' dir='ltr'>τῶν</span> <span class='ocrx_word' id='word_1_311' title='bbox 2053 537 2268 588; x_wconf 79' lang='grc' dir='ltr'>κρατούντων</span> 
     </span>
     <span class='ocr_line' id='line_1_42' title="bbox 1225 592 2269 648; baseline 0.004 -18"><span class='ocrx_word' id='word_1_312' title='bbox 1225 592 1382 645; x_wconf 86' lang='grc' dir='ltr'>γενέσθαι</span> <span class='ocrx_word' id='word_1_313' title='bbox 1397 592 1535 644; x_wconf 89' lang='grc' dir='ltr'>μοίρας,</span> <span class='ocrx_word' id='word_1_314' title='bbox 1556 594 1591 630; x_wconf 84' lang='grc' dir='ltr'>ἐν</span> <span class='ocrx_word' id='word_1_315' title='bbox 1610 593 1720 631; x_wconf 78' lang='grc' dir='ltr'>οὐδενὶ</span> <span class='ocrx_word' id='word_1_316' title='bbox 1740 592 1775 631; x_wconf 81' lang='grc' dir='ltr'>δὲ</span> <span class='ocrx_word' id='word_1_317' title='bbox 1793 593 1911 632; x_wconf 87' lang='grc' dir='ltr'>θέσθαι</span> <span class='ocrx_word' id='word_1_318' title='bbox 1926 593 1970 632; x_wconf 80' lang='grc' dir='ltr'>τὰ</span> <span class='ocrx_word' id='word_1_319' title='bbox 1981 597 2048 633; x_wconf 85' lang='grc' dir='ltr'>τῶν</span> <span class='ocrx_word' id='word_1_320' title='bbox 2062 597 2168 648; x_wconf 82' lang='grc' dir='ltr'>φίλων</span> <span class='ocrx_word' id='word_1_321' title='bbox 2189 597 2269 634; x_wconf 89' lang='grc' dir='ltr'>ἀτυ-</span> 
     </span>
     <span class='ocr_line' id='line_1_43' title="bbox 1226 650 2271 705; baseline 0.003 -16"><span class='ocrx_word' id='word_1_322' title='bbox 1226 651 1381 704; x_wconf 87' lang='grc' dir='ltr'>χούντων</span> <span class='ocrx_word' id='word_1_323' title='bbox 1391 666 1399 675; x_wconf 95' lang='grc'><em>·</em></span> <span class='ocrx_word' id='word_1_324' title='bbox 1413 650 1495 703; x_wconf 80' lang='grc' dir='ltr'>πρὶν</span> <span class='ocrx_word' id='word_1_325' title='bbox 1510 652 1754 690; x_wconf 73' lang='grc' dir='ltr'>καταπλεῦσαι</span> <span class='ocrx_word' id='word_1_326' title='bbox 1768 652 1875 701; x_wconf 75' lang='grc' dir='ltr'>μηδὲν</span> <span class='ocrx_word' id='word_1_327' title='bbox 1890 652 1996 704; x_wconf 80' lang='grc' dir='ltr'>[μήτ’</span> <span class='ocrx_word' id='word_1_328' title='bbox 2007 653 2168 705; x_wconf 82' lang='grc' dir='ltr'>εἰπόντα]</span> <span class='ocrx_word' id='word_1_329' title='bbox 2183 654 2271 704; x_wconf 75' lang='grc' dir='ltr'>μήτε</span> 
     </span>
     <span class='ocr_line' id='line_1_44' title="bbox 1225 708 2272 762; baseline 0.002 -14"><span class='ocrx_word' id='word_1_330' title='bbox 1225 709 1430 762; x_wconf 81' lang='grc' dir='ltr'>ὀδυρόμενον</span> <span class='ocrx_word' id='word_1_331' title='bbox 1455 709 1589 762; x_wconf 77' lang='grc' dir='ltr'>ἀναιρεῖ</span> <span class='ocrx_word' id='word_1_332' title='bbox 1606 708 1664 748; x_wconf 86' lang='grc' dir='ltr'>τὸν</span> <span class='ocrx_word' id='word_1_333' title='bbox 1682 709 1885 760; x_wconf 80' lang='grc' dir='ltr'>Πομπήιον.</span> <span class='ocrx_word' id='word_1_334' title='bbox 1914 710 1980 754; x_wconf 71' lang='grc' dir='ltr'>&lt;Ως</span> <span class='ocrx_word' id='word_1_335' title='bbox 1995 710 2062 762; x_wconf 81' lang='grc' dir='ltr'>γὰρ</span> <span class='ocrx_word' id='word_1_336' title='bbox 2080 710 2203 762; x_wconf 78' lang='grc' dir='ltr'>ᾔσθετο</span> <span class='ocrx_word' id='word_1_337' title='bbox 2221 710 2272 750; x_wconf 74' lang='grc' dir='ltr'>ὅτι</span> 
     </span>
     <span class='ocr_line' id='line_1_45' title="bbox 1227 767 2270 822; baseline 0 -15"><span class='ocrx_word' id='word_1_338' title='bbox 1227 768 1305 808; x_wconf 82' lang='grc' dir='ltr'>οὔτε</span> <span class='ocrx_word' id='word_1_339' title='bbox 1318 769 1436 806; x_wconf 83' lang='grc' dir='ltr'>λαθεῖν</span> <span class='ocrx_word' id='word_1_340' title='bbox 1450 767 1528 806; x_wconf 83' lang='grc' dir='ltr'>οὔτε</span> <span class='ocrx_word' id='word_1_341' title='bbox 1544 769 1722 820; x_wconf 79' lang='grc' dir='ltr'>διαφυγεῖν</span> <span class='ocrx_word' id='word_1_342' title='bbox 1738 768 1902 817; x_wconf 85' lang='grc' dir='ltr'>δύναται,</span> <span class='ocrx_word' id='word_1_343' title='bbox 1916 769 2181 822; x_wconf 83' lang='grc' dir='ltr'>συνεκαλύψατο</span> <span class='ocrx_word' id='word_1_344' title='bbox 2196 769 2270 819; x_wconf 80' lang='grc' dir='ltr'>ἅμα</span> 
     </span>
     <span class='ocr_line' id='line_1_46' title="bbox 1226 826 2274 880; baseline 0.001 -15"><span class='ocrx_word' id='word_1_345' title='bbox 1226 826 1286 865; x_wconf 83' lang='grc' dir='ltr'>καὶ</span> <span class='ocrx_word' id='word_1_346' title='bbox 1313 826 1486 866; x_wconf 83' lang='grc' dir='ltr'>ἀπώλετο.</span> <span class='ocrx_word' id='word_1_347' title='bbox 1511 826 1648 880; x_wconf 76' lang='grc' dir='ltr'>Ἀνοσίᾳ</span> <span class='ocrx_word' id='word_1_348' title='bbox 1666 842 1704 866; x_wconf 87' lang='grc' dir='ltr'>τε</span> <span class='ocrx_word' id='word_1_349' title='bbox 1723 826 1844 879; x_wconf 81' lang='grc' dir='ltr'>πράξει</span> <span class='ocrx_word' id='word_1_350' title='bbox 1869 830 1984 877; x_wconf 91' lang='grc' dir='ltr'>μεῖζον</span> <span class='ocrx_word' id='word_1_351' title='bbox 2005 827 2056 866; x_wconf 83' lang='grc' dir='ltr'>ἔτι</span> <span class='ocrx_word' id='word_1_352' title='bbox 2081 828 2274 879; x_wconf 81' lang='grc' dir='ltr'>προστιθεὶς</span> 
     </span>
     <span class='ocr_line' id='line_1_47' title="bbox 1227 885 2272 940; baseline 0 -16"><span class='ocrx_word' id='word_1_353' title='bbox 1227 888 1245 924; x_wconf 83' lang='grc' dir='ltr'>ὁ</span> <span class='ocrx_word' id='word_1_354' title='bbox 1273 887 1495 936; x_wconf 87' lang='grc' dir='ltr'>Πτολεμαῖος</span> <span class='ocrx_word' id='word_1_355' title='bbox 1516 885 1701 936; x_wconf 73' lang='grc' dir='ltr'>ἀσέὸημα,</span> <span class='ocrx_word' id='word_1_356' title='bbox 1723 889 1785 933; x_wconf 88' lang='grc' dir='ltr'>τῆς</span> <span class='ocrx_word' id='word_1_357' title='bbox 1810 887 1962 940; x_wconf 78' lang='grc' dir='ltr'>κεφαλῆς</span> <span class='ocrx_word' id='word_1_358' title='bbox 1991 887 2191 939; x_wconf 79' lang='grc' dir='ltr'>ἀφαιρεῖται</span> <span class='ocrx_word' id='word_1_359' title='bbox 2215 886 2272 924; x_wconf 83' lang='grc' dir='ltr'>τὸν</span> 
     </span>
     <span class='ocr_line' id='line_1_48' title="bbox 1228 943 1350 996; baseline -0.016 -14"><span class='ocrx_word' id='word_1_360' title='bbox 1228 943 1350 996; x_wconf 82' lang='grc' dir='ltr'>ἄνδρα.</span> 
     </span>
    </p>

    <p class='ocr_par' dir='ltr' id='par_1_8' title="bbox 1227 1001 2279 2052">
     <span class='ocr_line' id='line_1_49' title="bbox 1284 1001 2274 1056; baseline 0.001 -15"><span class='ocrx_word' id='word_1_361' title='bbox 1284 1016 1328 1042; x_wconf 85' lang='lat'>10.</span> <span class='ocrx_word' id='word_1_362' title='bbox 1350 1001 1451 1041; x_wconf 81' lang='grc' dir='ltr'>Μετὰ</span> <span class='ocrx_word' id='word_1_363' title='bbox 1478 1002 1514 1039; x_wconf 82' lang='grc' dir='ltr'>δὲ</span> <span class='ocrx_word' id='word_1_364' title='bbox 1543 1001 1582 1039; x_wconf 78' lang='grc' dir='ltr'>τὸ</span> <span class='ocrx_word' id='word_1_365' title='bbox 1605 1002 1713 1046; x_wconf 88' lang='grc' dir='ltr'>πάθος</span> <span class='ocrx_word' id='word_1_366' title='bbox 1736 1006 1794 1041; x_wconf 79' lang='grc' dir='ltr'>τοῦ</span> <span class='ocrx_word' id='word_1_367' title='bbox 1821 1002 2011 1054; x_wconf 86' lang='grc' dir='ltr'>Πομπηίου</span> <span class='ocrx_word' id='word_1_368' title='bbox 2036 1005 2151 1056; x_wconf 87' lang='grc' dir='ltr'>παρῆν</span> <span class='ocrx_word' id='word_1_369' title='bbox 2178 1003 2274 1047; x_wconf 79' lang='grc' dir='ltr'>εὐθὺς</span> 
     </span>
     <span class='ocr_line' id='line_1_50' title="bbox 1228 1059 2274 1112; baseline 0.002 -13"><span class='ocrx_word' id='word_1_370' title='bbox 1228 1061 1320 1099; x_wconf 83' lang='grc' dir='ltr'>καὶὸ</span> <span class='ocrx_word' id='word_1_371' title='bbox 1342 1062 1481 1112; x_wconf 86' lang='grc' dir='ltr'>Καῖσαρ</span> <span class='ocrx_word' id='word_1_372' title='bbox 1502 1061 1534 1103; x_wconf 83' lang='grc' dir='ltr'>ἐς</span> <span class='ocrx_word' id='word_1_373' title='bbox 1557 1059 1747 1111; x_wconf 86' lang='grc' dir='ltr'>Αἴγυπτον,</span> <span class='ocrx_word' id='word_1_374' title='bbox 1765 1060 1878 1099; x_wconf 89' lang='grc' dir='ltr'>πάλαι</span> <span class='ocrx_word' id='word_1_375' title='bbox 1898 1061 1960 1111; x_wconf 80' lang='grc' dir='ltr'>μὲν</span> <span class='ocrx_word' id='word_1_376' title='bbox 1981 1061 2114 1100; x_wconf 86' lang='grc' dir='ltr'>διώκων</span> <span class='ocrx_word' id='word_1_377' title='bbox 2135 1062 2192 1100; x_wconf 85' lang='grc' dir='ltr'>τὸν</span> <span class='ocrx_word' id='word_1_378' title='bbox 2209 1078 2274 1102; x_wconf 86' lang='grc' dir='ltr'>πο-</span> 
     </span>
     <span class='ocr_line' id='line_1_51' title="bbox 1227 1118 2274 1173; baseline 0.003 -17"><span class='ocrx_word' id='word_1_379' title='bbox 1227 1118 1361 1169; x_wconf 84' lang='grc' dir='ltr'>λέμιον,</span> <span class='ocrx_word' id='word_1_380' title='bbox 1376 1118 1453 1156; x_wconf 89' lang='grc' dir='ltr'>τότε</span> <span class='ocrx_word' id='word_1_381' title='bbox 1467 1118 1503 1156; x_wconf 86' lang='grc' dir='ltr'>δὲ</span> <span class='ocrx_word' id='word_1_382' title='bbox 1522 1121 1568 1162; x_wconf 80' lang='grc' dir='ltr'>ὡς</span> <span class='ocrx_word' id='word_1_383' title='bbox 1582 1118 1679 1170; x_wconf 87' lang='grc' dir='ltr'>παρὰ</span> <span class='ocrx_word' id='word_1_384' title='bbox 1699 1118 1796 1171; x_wconf 84' lang='grc' dir='ltr'>φίλον</span> <span class='ocrx_word' id='word_1_385' title='bbox 1807 1119 1864 1157; x_wconf 81' lang='grc' dir='ltr'>τὸν</span> <span class='ocrx_word' id='word_1_386' title='bbox 1887 1120 2108 1171; x_wconf 86' lang='grc' dir='ltr'>Πτολεμαῖον</span> <span class='ocrx_word' id='word_1_387' title='bbox 2126 1120 2274 1173; x_wconf 76' lang='grc' dir='ltr'>ἀφιγμέ-</span> 
     </span>
     <span class='ocr_line' id='line_1_52' title="bbox 1229 1177 2275 1232; baseline 0.003 -17"><span class='ocrx_word' id='word_1_388' title='bbox 1229 1193 1297 1222; x_wconf 88' lang='grc' dir='ltr'>νος.</span> <span class='ocrx_word' id='word_1_389' title='bbox 1356 1177 1400 1218; x_wconf 91' lang='grc' dir='ltr'>Ὁ</span> <span class='ocrx_word' id='word_1_390' title='bbox 1423 1177 1458 1215; x_wconf 77' lang='grc' dir='ltr'>δὲ</span> <span class='ocrx_word' id='word_1_391' title='bbox 1485 1177 1553 1230; x_wconf 78' lang='grc' dir='ltr'>ἄρα</span> <span class='ocrx_word' id='word_1_392' title='bbox 1572 1178 1806 1230; x_wconf 73' lang='grc' dir='ltr'>παραπλήσια</span> <span class='ocrx_word' id='word_1_393' title='bbox 1826 1178 1884 1216; x_wconf 81' lang='grc' dir='ltr'>καὶ</span> <span class='ocrx_word' id='word_1_394' title='bbox 1904 1178 1994 1217; x_wconf 78' lang='grc' dir='ltr'>κατὰ</span> <span class='ocrx_word' id='word_1_395' title='bbox 2017 1182 2079 1218; x_wconf 76' lang='grc' dir='ltr'>τοῦ</span> <span class='ocrx_word' id='word_1_396' title='bbox 2097 1181 2275 1232; x_wconf 90' lang='grc' dir='ltr'>Καίσαρος</span> 
     </span>
     <span class='ocr_line' id='line_1_53' title="bbox 1229 1237 2275 1290; baseline 0.001 -14"><span class='ocrx_word' id='word_1_397' title='bbox 1229 1237 1429 1277; x_wconf 74' lang='grc' dir='ltr'>ε’ὅουλεύετο</span> <span class='ocrx_word' id='word_1_398' title='bbox 1443 1268 1453 1288; x_wconf 88' lang='grc'>,</span> <span class='ocrx_word' id='word_1_399' title='bbox 1477 1239 1611 1276; x_wconf 86' lang='grc' dir='ltr'>ἀνελεῖν</span> <span class='ocrx_word' id='word_1_400' title='bbox 1629 1237 1686 1275; x_wconf 80' lang='grc' dir='ltr'>τὸν</span> <span class='ocrx_word' id='word_1_401' title='bbox 1704 1237 1812 1290; x_wconf 87' lang='grc' dir='ltr'>ἄνδρα</span> <span class='ocrx_word' id='word_1_402' title='bbox 1831 1238 1927 1290; x_wconf 85' lang='grc' dir='ltr'>λόχῳ</span> <span class='ocrx_word' id='word_1_403' title='bbox 1947 1237 2150 1289; x_wconf 87' lang='grc' dir='ltr'>διεγνωκώς.</span> <span class='ocrx_word' id='word_1_404' title='bbox 2168 1238 2275 1278; x_wconf 82' lang='grc' dir='ltr'>Ἀνοι-</span> 
     </span>
     <span class='ocr_line' id='line_1_54' title="bbox 1229 1296 2274 1349; baseline 0.002 -15"><span class='ocrx_word' id='word_1_405' title='bbox 1229 1297 1371 1349; x_wconf 87' lang='grc' dir='ltr'>χθείσης</span> <span class='ocrx_word' id='word_1_406' title='bbox 1391 1297 1426 1334; x_wconf 80' lang='grc' dir='ltr'>δὲ</span> <span class='ocrx_word' id='word_1_407' title='bbox 1441 1299 1503 1343; x_wconf 89' lang='grc' dir='ltr'>τῆς</span> <span class='ocrx_word' id='word_1_408' title='bbox 1521 1296 1725 1344; x_wconf 73' lang='grc' dir='ltr'>ἐπιὸουλῆς,</span> <span class='ocrx_word' id='word_1_409' title='bbox 1743 1297 1908 1347; x_wconf 82' lang='grc' dir='ltr'>πολέμιος</span> <span class='ocrx_word' id='word_1_410' title='bbox 1923 1299 1941 1335; x_wconf 81' lang='grc' dir='ltr'><em>ὃ</em></span> <span class='ocrx_word' id='word_1_411' title='bbox 1959 1298 2176 1348; x_wconf 80' lang='grc' dir='ltr'>Πτολεμαῖος</span> <span class='ocrx_word' id='word_1_412' title='bbox 2193 1299 2274 1336; x_wconf 83' lang='grc' dir='ltr'>ἀνα-</span> 
     </span>
     <span class='ocr_line' id='line_1_55' title="bbox 1231 1351 2275 1408; baseline 0.004 -17"><span class='ocrx_word' id='word_1_413' title='bbox 1231 1351 1407 1408; x_wconf 84' lang='grc' dir='ltr'>φαίνεται,</span> <span class='ocrx_word' id='word_1_414' title='bbox 1425 1354 1485 1392; x_wconf 89' lang='grc' dir='ltr'>καὶ</span> <span class='ocrx_word' id='word_1_415' title='bbox 1507 1354 1562 1392; x_wconf 82' lang='grc' dir='ltr'>διὰ</span> <span class='ocrx_word' id='word_1_416' title='bbox 1584 1356 1702 1407; x_wconf 86' lang='grc' dir='ltr'>μάχης</span> <span class='ocrx_word' id='word_1_417' title='bbox 1731 1355 1837 1393; x_wconf 80' lang='grc' dir='ltr'>ἐλθὼν</span> <span class='ocrx_word' id='word_1_418' title='bbox 1867 1357 1937 1400; x_wconf 86' lang='grc' dir='ltr'>τοῖς</span> <span class='ocrx_word' id='word_1_419' title='bbox 1966 1355 2176 1406; x_wconf 88' lang='grc' dir='ltr'>Ῥωμαίοις,</span> <span class='ocrx_word' id='word_1_420' title='bbox 2198 1357 2275 1396; x_wconf 83' lang='grc' dir='ltr'>κατ’</span> 
     </span>
     <span class='ocr_line' id='line_1_56' title="bbox 1231 1412 2274 1468; baseline 0.001 -17"><span class='ocrx_word' id='word_1_421' title='bbox 1231 1412 1334 1451; x_wconf 82' lang='grc' dir='ltr'>αὐτὸν</span> <span class='ocrx_word' id='word_1_422' title='bbox 1366 1412 1423 1451; x_wconf 83' lang='grc' dir='ltr'>τὸν</span> <span class='ocrx_word' id='word_1_423' title='bbox 1451 1415 1569 1463; x_wconf 79' lang='grc' dir='ltr'>ἀγῶνα</span> <span class='ocrx_word' id='word_1_424' title='bbox 1601 1413 1845 1466; x_wconf 69' lang='grc' dir='ltr'>διαφθείρεται.</span> <span class='ocrx_word' id='word_1_425' title='bbox 1870 1413 2009 1466; x_wconf 79' lang='grc' dir='ltr'>Μικρὸν</span> <span class='ocrx_word' id='word_1_426' title='bbox 2030 1419 2112 1465; x_wconf 78' lang='grc' dir='ltr'>γοῦν</span> <span class='ocrx_word' id='word_1_427' title='bbox 2132 1415 2274 1468; x_wconf 77' lang='grc' dir='ltr'>ὕστερον</span> 
     </span>
     <span class='ocr_line' id='line_1_57' title="bbox 1232 1471 2274 1525; baseline 0.002 -15"><span class='ocrx_word' id='word_1_428' title='bbox 1232 1473 1267 1510; x_wconf 81' lang='grc' dir='ltr'>ἐν</span> <span class='ocrx_word' id='word_1_429' title='bbox 1294 1474 1364 1515; x_wconf 83' lang='grc' dir='ltr'>τοῖς</span> <span class='ocrx_word' id='word_1_430' title='bbox 1388 1475 1520 1524; x_wconf 85' lang='grc' dir='ltr'>νεκροῖς</span> <span class='ocrx_word' id='word_1_431' title='bbox 1546 1472 1709 1525; x_wconf 87' lang='grc' dir='ltr'>ἀνευρέθη</span> <span class='ocrx_word' id='word_1_432' title='bbox 1749 1471 1917 1523; x_wconf 84' lang='grc' dir='ltr'>κρικωτὸν</span> <span class='ocrx_word' id='word_1_433' title='bbox 1943 1472 2086 1524; x_wconf 84' lang='grc' dir='ltr'>θώρακα</span> <span class='ocrx_word' id='word_1_434' title='bbox 2125 1478 2274 1525; x_wconf 71' lang='grc' dir='ltr'>χρυσοῦν</span> 
     </span>
     <span class='ocr_line' id='line_1_58' title="bbox 1231 1529 2277 1585; baseline 0.003 -17"><span class='ocrx_word' id='word_1_435' title='bbox 1231 1529 1484 1582; x_wconf 79' lang='grc' dir='ltr'>περικείμενος.</span> <span class='ocrx_word' id='word_1_436' title='bbox 1519 1529 1696 1581; x_wconf 84' lang='grc' dir='ltr'>Αἴγυπτον</span> <span class='ocrx_word' id='word_1_437' title='bbox 1725 1530 1761 1569; x_wconf 79' lang='grc' dir='ltr'>δὲ</span> <span class='ocrx_word' id='word_1_438' title='bbox 1779 1534 1920 1583; x_wconf 86' lang='grc' dir='ltr'>Καῖσαρ</span> <span class='ocrx_word' id='word_1_439' title='bbox 1943 1531 2046 1582; x_wconf 84' lang='grc' dir='ltr'>ἑλὼν,</span> <span class='ocrx_word' id='word_1_440' title='bbox 2065 1533 2277 1585; x_wconf 76' lang='grc' dir='ltr'>Κλεοπάτρᾳ</span> 
     </span>
     <span class='ocr_line' id='line_1_59' title="bbox 1232 1586 2277 1644; baseline 0.003 -18"><span class='ocrx_word' id='word_1_441' title='bbox 1232 1586 1295 1634; x_wconf 81' lang='grc' dir='ltr'>τὴν</span> <span class='ocrx_word' id='word_1_442' title='bbox 1315 1587 1426 1641; x_wconf 84' lang='grc' dir='ltr'>ἀρχὴν</span> <span class='ocrx_word' id='word_1_443' title='bbox 1447 1588 1701 1640; x_wconf 86' lang='grc' dir='ltr'>παραδίδωσιν,</span> <span class='ocrx_word' id='word_1_444' title='bbox 1727 1589 1857 1641; x_wconf 78' lang='grc' dir='ltr'>ἀδελφῇ</span> <span class='ocrx_word' id='word_1_445' title='bbox 1880 1588 1941 1639; x_wconf 82' lang='grc' dir='ltr'>μὲν</span> <span class='ocrx_word' id='word_1_446' title='bbox 1959 1593 2018 1627; x_wconf 78' lang='grc' dir='ltr'>τοῦ</span> <span class='ocrx_word' id='word_1_447' title='bbox 2033 1589 2197 1643; x_wconf 84' lang='grc' dir='ltr'>πρότερον</span> <span class='ocrx_word' id='word_1_448' title='bbox 2216 1594 2277 1644; x_wconf 75' lang='grc' dir='ltr'>βα·</span> 
     </span>
     <span class='ocr_line' id='line_1_60' title="bbox 1233 1644 2278 1700; baseline 0.003 -16"><span class='ocrx_word' id='word_1_449' title='bbox 1233 1645 1425 1689; x_wconf 85' lang='grc' dir='ltr'>σιλεύοντος</span> <span class='ocrx_word' id='word_1_450' title='bbox 1445 1646 1530 1698; x_wconf 85' lang='grc' dir='ltr'>οὔσῃ</span> <span class='ocrx_word' id='word_1_451' title='bbox 1546 1676 1555 1693; x_wconf 92' lang='grc'>,</span> <span class='ocrx_word' id='word_1_452' title='bbox 1581 1646 1650 1684; x_wconf 79' lang='grc' dir='ltr'>ἀπὸ</span> <span class='ocrx_word' id='word_1_453' title='bbox 1679 1644 1714 1684; x_wconf 75' lang='grc' dir='ltr'>δὲ</span> <span class='ocrx_word' id='word_1_454' title='bbox 1737 1649 1797 1693; x_wconf 88' lang='grc' dir='ltr'>τῆς</span> <span class='ocrx_word' id='word_1_455' title='bbox 1818 1646 1910 1699; x_wconf 83' lang='grc' dir='ltr'>ὥρας</span> <span class='ocrx_word' id='word_1_456' title='bbox 1929 1649 2022 1700; x_wconf 81' lang='grc' dir='ltr'>αὐτῷ</span> <span class='ocrx_word' id='word_1_457' title='bbox 2041 1652 2100 1687; x_wconf 74' lang='grc' dir='ltr'>τοῦ</span> <span class='ocrx_word' id='word_1_458' title='bbox 2119 1648 2278 1699; x_wconf 77' lang='grc' dir='ltr'>σώματος</span> 
     </span>
     <span class='ocr_line' id='line_1_61' title="bbox 1233 1705 2278 1759; baseline 0 -16"><span class='ocrx_word' id='word_1_459' title='bbox 1233 1705 1448 1756; x_wconf 82' lang='grc' dir='ltr'>ἐγνωσμένῃ.</span> <span class='ocrx_word' id='word_1_460' title='bbox 1477 1705 1577 1744; x_wconf 76' lang='grc' dir='ltr'>Φασὶ</span> <span class='ocrx_word' id='word_1_461' title='bbox 1594 1705 1660 1756; x_wconf 87' lang='grc' dir='ltr'>γὰρ</span> <span class='ocrx_word' id='word_1_462' title='bbox 1685 1705 1792 1752; x_wconf 72' lang='grc' dir='ltr'>αὐτὴν</span> <span class='ocrx_word' id='word_1_463' title='bbox 1817 1706 1906 1757; x_wconf 81' lang='grc' dir='ltr'>τῷδε</span> <span class='ocrx_word' id='word_1_464' title='bbox 1932 1707 2063 1759; x_wconf 85' lang='grc' dir='ltr'>πρώτῳ</span> <span class='ocrx_word' id='word_1_465' title='bbox 2089 1706 2278 1758; x_wconf 86' lang='grc' dir='ltr'>Ῥωμαίων</span> 
     </span>
     <span class='ocr_line' id='line_1_62' title="bbox 1233 1763 2278 1815; baseline 0.002 -13"><span class='ocrx_word' id='word_1_466' title='bbox 1233 1766 1266 1808; x_wconf 82' lang='grc' dir='ltr'>ἐς</span> <span class='ocrx_word' id='word_1_467' title='bbox 1281 1763 1462 1802; x_wconf 74' lang='grc' dir='ltr'>κοινωνίαν</span> <span class='ocrx_word' id='word_1_468' title='bbox 1486 1763 1610 1815; x_wconf 82' lang='grc' dir='ltr'>λέχους</span> <span class='ocrx_word' id='word_1_469' title='bbox 1631 1765 1753 1804; x_wconf 80' lang='grc' dir='ltr'>ἐλθεῖν.</span> <span class='ocrx_word' id='word_1_470' title='bbox 1788 1764 2046 1815; x_wconf 80' lang='grc' dir='ltr'>Ἐνδημοῧντος</span> <span class='ocrx_word' id='word_1_471' title='bbox 2064 1765 2099 1803; x_wconf 83' lang='grc' dir='ltr'>δὲ</span> <span class='ocrx_word' id='word_1_472' title='bbox 2117 1765 2172 1803; x_wconf 84' lang='grc' dir='ltr'>διὰ</span> <span class='ocrx_word' id='word_1_473' title='bbox 2192 1767 2278 1804; x_wconf 81' lang='grc' dir='ltr'>ταύ-</span> 
     </span>
     <span class='ocr_line' id='line_1_63' title="bbox 1232 1822 2279 1876; baseline 0.002 -16"><span class='ocrx_word' id='word_1_474' title='bbox 1232 1839 1295 1870; x_wconf 89' lang='grc' dir='ltr'>την</span> <span class='ocrx_word' id='word_1_475' title='bbox 1317 1827 1375 1861; x_wconf 79' lang='grc' dir='ltr'>τοῦ</span> <span class='ocrx_word' id='word_1_476' title='bbox 1395 1822 1572 1875; x_wconf 84' lang='grc' dir='ltr'>Καίσαρος</span> <span class='ocrx_word' id='word_1_477' title='bbox 1589 1824 1622 1860; x_wconf 82' lang='grc' dir='ltr'>ἐν</span> <span class='ocrx_word' id='word_1_478' title='bbox 1641 1822 1826 1875; x_wconf 84' lang='grc' dir='ltr'>Αἰγύπτῳ,</span> <span class='ocrx_word' id='word_1_479' title='bbox 1842 1823 1944 1874; x_wconf 88' lang='grc' dir='ltr'>λόγος</span> <span class='ocrx_word' id='word_1_480' title='bbox 1959 1823 2109 1876; x_wconf 79' lang='grc' dir='ltr'>κατέσχε</span> <span class='ocrx_word' id='word_1_481' title='bbox 2130 1824 2168 1862; x_wconf 83' lang='grc' dir='ltr'>τὸ</span> <span class='ocrx_word' id='word_1_482' title='bbox 2187 1827 2279 1870; x_wconf 86' lang='grc' dir='ltr'>πλῆ-</span> 
     </span>
     <span class='ocr_line' id='line_1_64' title="bbox 1234 1881 2278 1936; baseline 0.001 -16"><span class='ocrx_word' id='word_1_483' title='bbox 1234 1885 1309 1931; x_wconf 86' lang='grc' dir='ltr'>θος,</span> <span class='ocrx_word' id='word_1_484' title='bbox 1331 1884 1376 1925; x_wconf 82' lang='grc' dir='ltr'>ὡς</span> <span class='ocrx_word' id='word_1_485' title='bbox 1404 1881 1464 1919; x_wconf 83' lang='grc' dir='ltr'>καὶ</span> <span class='ocrx_word' id='word_1_486' title='bbox 1498 1882 1736 1920; x_wconf 83' lang='grc' dir='ltr'>ἐπανάστασιν</span> <span class='ocrx_word' id='word_1_487' title='bbox 1758 1883 1852 1932; x_wconf 77' lang='grc' dir='ltr'>αὐτῷ</span> <span class='ocrx_word' id='word_1_488' title='bbox 1880 1881 1977 1934; x_wconf 86' lang='grc' dir='ltr'>παρὰ</span> <span class='ocrx_word' id='word_1_489' title='bbox 2006 1885 2074 1921; x_wconf 82' lang='grc' dir='ltr'>τῶν</span> <span class='ocrx_word' id='word_1_490' title='bbox 2101 1883 2278 1936; x_wconf 83' lang='grc' dir='ltr'>ἐγχωρίων</span> 
     </span>
     <span class='ocr_line' id='line_1_65' title="bbox 1233 1940 2279 1994; baseline 0.001 -16"><span class='ocrx_word' id='word_1_491' title='bbox 1233 1940 1414 1990; x_wconf 75' lang='grc' dir='ltr'>γενέσθαι,</span> <span class='ocrx_word' id='word_1_492' title='bbox 1447 1940 1507 1978; x_wconf 83' lang='grc' dir='ltr'>καὶ</span> <span class='ocrx_word' id='word_1_493' title='bbox 1534 1940 1666 1984; x_wconf 83' lang='grc' dir='ltr'>πολλὰς</span> <span class='ocrx_word' id='word_1_494' title='bbox 1688 1940 1857 1994; x_wconf 87' lang='grc' dir='ltr'>μυριάδας</span> <span class='ocrx_word' id='word_1_495' title='bbox 1888 1941 1955 1979; x_wconf 75' lang='grc' dir='ltr'>ὑπὸ</span> <span class='ocrx_word' id='word_1_496' title='bbox 1977 1943 2045 1979; x_wconf 76' lang='grc' dir='ltr'>τῶν</span> <span class='ocrx_word' id='word_1_497' title='bbox 2067 1940 2279 1992; x_wconf 83' lang='grc' dir='ltr'>Ῥωμαϊκῶν</span> 
     </span>
     <span class='ocr_line' id='line_1_66' title="bbox 1234 2000 1783 2052; baseline 0.002 -15"><span class='ocrx_word' id='word_1_498' title='bbox 1234 2001 1349 2037; x_wconf 78' lang='grc' dir='ltr'>ὅπλων</span> <span class='ocrx_word' id='word_1_499' title='bbox 1371 2001 1522 2037; x_wconf 77' lang='grc' dir='ltr'>ἐντεῦθεν</span> <span class='ocrx_word' id='word_1_500' title='bbox 1541 2000 1783 2052; x_wconf 74' lang='grc' dir='ltr'>διαφθαρῆναι.</span> 
     </span>
    </p>

    <p class='ocr_par' dir='ltr' id='par_1_9' title="bbox 1234 2056 2280 2343">
     <span class='ocr_line' id='line_1_67' title="bbox 1288 2056 2279 2110; baseline 0 -14"><span class='ocrx_word' id='word_1_501' title='bbox 1288 2070 1332 2096; x_wconf 85' lang='lat'>11.</span> <span class='ocrx_word' id='word_1_502' title='bbox 1355 2057 1399 2096; x_wconf 77' lang='lat' dir='ltr'>‘O</span> <span class='ocrx_word' id='word_1_503' title='bbox 1435 2056 1470 2094; x_wconf 80' lang='grc' dir='ltr'>δὲ</span> <span class='ocrx_word' id='word_1_504' title='bbox 1502 2059 1639 2109; x_wconf 88' lang='grc' dir='ltr'>Καῖσαρ</span> <span class='ocrx_word' id='word_1_505' title='bbox 1671 2057 1822 2101; x_wconf 78' lang='grc' dir='ltr'>ἀκούσας</span> <span class='ocrx_word' id='word_1_506' title='bbox 1851 2057 1909 2096; x_wconf 81' lang='grc' dir='ltr'>τὸν</span> <span class='ocrx_word' id='word_1_507' title='bbox 1930 2057 2142 2110; x_wconf 86' lang='grc' dir='ltr'>Μιθριδάτου</span> <span class='ocrx_word' id='word_1_508' title='bbox 2170 2059 2279 2097; x_wconf 80' lang='grc' dir='ltr'>παῖδα</span> 
     </span>
     <span class='ocr_line' id='line_1_68' title="bbox 1235 2108 2277 2168; baseline 0.001 -16"><span class='ocrx_word' id='word_1_509' title='bbox 1235 2115 1428 2168; x_wconf 81' lang='grc' dir='ltr'>Φαρνάκην</span> <span class='ocrx_word' id='word_1_510' title='bbox 1460 2108 1554 2158; x_wconf 64' lang='grc' dir='ltr'>αὖθις</span> <span class='ocrx_word' id='word_1_511' title='bbox 1582 2115 1793 2167; x_wconf 84' lang='grc' dir='ltr'>νεωτερίζειν</span> <span class='ocrx_word' id='word_1_512' title='bbox 1825 2115 2028 2168; x_wconf 83' lang='grc' dir='ltr'>ἀρξάμενον,</span> <span class='ocrx_word' id='word_1_513' title='bbox 2063 2118 2177 2168; x_wconf 83' lang='grc' dir='ltr'>ἀπῆρε</span> <span class='ocrx_word' id='word_1_514' title='bbox 2215 2116 2277 2167; x_wconf 80' lang='grc' dir='ltr'>μὲν</span> 
     </span>
     <span class='ocr_line' id='line_1_69' title="bbox 1236 2172 2278 2226; baseline 0.002 -15"><span class='ocrx_word' id='word_1_515' title='bbox 1236 2174 1303 2212; x_wconf 82' lang='grc' dir='ltr'>ἀπὸ</span> <span class='ocrx_word' id='word_1_516' title='bbox 1316 2177 1375 2220; x_wconf 84' lang='grc' dir='ltr'>τῆς</span> <span class='ocrx_word' id='word_1_517' title='bbox 1389 2172 1568 2223; x_wconf 86' lang='grc' dir='ltr'>Αἰγύπτου</span> <span class='ocrx_word' id='word_1_518' title='bbox 1581 2189 1588 2196; x_wconf 94' lang='grc'>·</span> <span class='ocrx_word' id='word_1_519' title='bbox 1608 2174 1667 2211; x_wconf 84' lang='grc' dir='ltr'>καὶ</span> <span class='ocrx_word' id='word_1_520' title='bbox 1685 2174 2078 2226; x_wconf 88' lang='grc' dir='ltr'>καταστρατευσάμενος</span> <span class='ocrx_word' id='word_1_521' title='bbox 2090 2175 2144 2213; x_wconf 81' lang='grc' dir='ltr'>ἐπ’</span> <span class='ocrx_word' id='word_1_522' title='bbox 2160 2175 2278 2221; x_wconf 75' lang='grc' dir='ltr'>αὐτὸν,</span> 
     </span>
     <span class='ocr_line' id='line_1_70' title="bbox 1234 2231 2280 2286; baseline 0.002 -16"><span class='ocrx_word' id='word_1_523' title='bbox 1234 2232 1293 2270; x_wconf 78' lang='grc' dir='ltr'>καὶ</span> <span class='ocrx_word' id='word_1_524' title='bbox 1325 2231 1546 2283; x_wconf 84' lang='grc' dir='ltr'>περικλείσας</span> <span class='ocrx_word' id='word_1_525' title='bbox 1575 2233 1609 2269; x_wconf 80' lang='grc' dir='ltr'>ἓν</span> <span class='ocrx_word' id='word_1_526' title='bbox 1642 2231 1739 2285; x_wconf 83' lang='grc' dir='ltr'>τόπῳ</span> <span class='ocrx_word' id='word_1_527' title='bbox 1771 2231 1838 2269; x_wconf 80' lang='grc' dir='ltr'>τινὶ</span> <span class='ocrx_word' id='word_1_528' title='bbox 1867 2235 1928 2279; x_wconf 86' lang='grc' dir='ltr'>τῆς</span> <span class='ocrx_word' id='word_1_529' title='bbox 1949 2233 2165 2281; x_wconf 87' lang='grc' dir='ltr'>Θετταλίας,</span> <span class='ocrx_word' id='word_1_530' title='bbox 2195 2234 2280 2286; x_wconf 82' lang='grc' dir='ltr'>πρὸς</span> 
     </span>
     <span class='ocr_line' id='line_1_71' title="bbox 1235 2289 2280 2343; baseline 0.003 -15"><span class='ocrx_word' id='word_1_531' title='bbox 1235 2289 1422 2342; x_wconf 77' lang='grc' dir='ltr'>αὐτόχειρα</span> <span class='ocrx_word' id='word_1_532' title='bbox 1436 2290 1580 2328; x_wconf 89' lang='grc' dir='ltr'>θάνατον</span> <span class='ocrx_word' id='word_1_533' title='bbox 1602 2293 1721 2328; x_wconf 73' lang='grc' dir='ltr'>τοῦτον</span> <span class='ocrx_word' id='word_1_534' title='bbox 1744 2292 1853 2329; x_wconf 82' lang='grc' dir='ltr'>ἐλθεῖν</span> <span class='ocrx_word' id='word_1_535' title='bbox 1875 2291 2083 2343; x_wconf 85' lang='grc' dir='ltr'>ἠνάγκασεν,</span> <span class='ocrx_word' id='word_1_536' title='bbox 2101 2293 2134 2336; x_wconf 81' lang='grc' dir='ltr'>ἐς</span> <span class='ocrx_word' id='word_1_537' title='bbox 2150 2294 2280 2341; x_wconf 87' lang='grc' dir='ltr'>ταύτην</span> 
     </span>
    </p>
   </div>
   <div class='ocr_carea' id='block_1_6' title="bbox 128 2404 2317 3474">
    <p class='ocr_par' dir='ltr' id='par_1_10' title="bbox 128 2404 2317 3474">
     <span class='ocr_line' id='line_1_72' title="bbox 128 2404 2283 2447; baseline 0 -9"><span class='ocrx_word' id='word_1_538' title='bbox 128 2406 292 2447; x_wconf 59' lang='lat' dir='ltr'><em>firmatus,</em></span> <span class='ocrx_word' id='word_1_539' title='bbox 308 2407 420 2438; x_wconf 75' lang='lat' dir='ltr'><em>evasit</em></span> <span class='ocrx_word' id='word_1_540' title='bbox 440 2407 574 2442; x_wconf 88' lang='lat' dir='ltr'><em>tamen,</em></span> <span class='ocrx_word' id='word_1_541' title='bbox 601 2407 687 2447; x_wconf 85' lang='lat' dir='ltr'><em>quia</em></span> <span class='ocrx_word' id='word_1_542' title='bbox 704 2408 799 2437; x_wconf 87' lang='lat' dir='ltr'><em>nocte</em></span> <span class='ocrx_word' id='word_1_543' title='bbox 817 2407 1062 2437; x_wconf 73' lang='lat' dir='ltr'><em>interveniente</em></span> <span class='ocrx_word' id='word_1_544' title='bbox 1078 2406 1262 2445; x_wconf 71' lang='lat' dir='ltr'><em>Pompeius</em></span> <span class='ocrx_word' id='word_1_545' title='bbox 1286 2406 1383 2445; x_wconf 80' lang='lat' dir='ltr'><em>sequi</em></span> <span class='ocrx_word' id='word_1_546' title='bbox 1408 2405 1520 2436; x_wconf 80' lang='lat' dir='ltr'><em>noluit</em></span> <span class='ocrx_word' id='word_1_547' title='bbox 1541 2413 1551 2435; x_wconf 90' lang='lat'><em>:</em></span> <span class='ocrx_word' id='word_1_548' title='bbox 1571 2404 1730 2446; x_wconf 67' lang='lat' dir='ltr'><em>dixitque</em></span> <span class='ocrx_word' id='word_1_549' title='bbox 1751 2406 1879 2441; x_wconf 83' lang='lat' dir='ltr'><em>Coesar,</em></span> <span class='ocrx_word' id='word_1_550' title='bbox 1899 2413 1960 2437; x_wconf 88' lang='lat' dir='ltr'>nec</span> <span class='ocrx_word' id='word_1_551' title='bbox 1982 2407 2181 2445; x_wconf 82' lang='lat' dir='ltr'><em>Pompeium</em></span> <span class='ocrx_word' id='word_1_552' title='bbox 2197 2408 2283 2438; x_wconf 82' lang='lat' dir='ltr'><em>scire</em></span> 
     </span>
     <span class='ocr_line' id='line_1_73' title="bbox 128 2451 2282 2494; baseline 0 -9"><span class='ocrx_word' id='word_1_553' title='bbox 128 2456 281 2489; x_wconf 76' lang='lat' dir='ltr'><em>vincere,</em></span> <span class='ocrx_word' id='word_1_554' title='bbox 299 2455 331 2485; x_wconf 86' lang='lat' dir='ltr'>et</span> <span class='ocrx_word' id='word_1_555' title='bbox 348 2453 410 2485; x_wconf 80' lang='lat' dir='ltr'><em>illo</em></span> <span class='ocrx_word' id='word_1_556' title='bbox 425 2455 562 2485; x_wconf 83' lang='lat' dir='ltr'><em>tantam</em></span> <span class='ocrx_word' id='word_1_557' title='bbox 577 2452 631 2485; x_wconf 79' lang='lat' dir='ltr'>dte</span> <span class='ocrx_word' id='word_1_558' title='bbox 641 2461 675 2485; x_wconf 86' lang='lat' dir='ltr'>se</span> <span class='ocrx_word' id='word_1_559' title='bbox 687 2455 839 2493; x_wconf 66' lang='lat' dir='ltr'><em>potuisse</em></span> <span class='ocrx_word' id='word_1_560' title='bbox 852 2455 1027 2492; x_wconf 73' lang='lat' dir='ltr'><em>superari.</em></span> <span class='ocrx_word' id='word_1_561' title='bbox 1045 2452 1173 2484; x_wconf 81' lang='lat' dir='ltr'><em>Deinde</em></span> <span class='ocrx_word' id='word_1_562' title='bbox 1190 2454 1227 2484; x_wconf 85' lang='lat' dir='ltr'><em>in</em></span> <span class='ocrx_word' id='word_1_563' title='bbox 1247 2452 1423 2484; x_wconf 70' lang='lat' dir='ltr'><em>Thessalia</em></span> <span class='ocrx_word' id='word_1_564' title='bbox 1437 2451 1535 2493; x_wconf 84' lang='lat' dir='ltr'><em>apud</em></span> <span class='ocrx_word' id='word_1_565' title='bbox 1547 2452 1891 2492; x_wconf 76' lang='lat' dir='ltr'><em>Palaeopharsalum,</em></span> <span class='ocrx_word' id='word_1_566' title='bbox 1908 2452 2088 2492; x_wconf 80' lang='lat' dir='ltr'><em>productis</em></span> <span class='ocrx_word' id='word_1_567' title='bbox 2102 2454 2282 2494; x_wconf 76' lang='lat' dir='ltr'><em>utrimque</em></span> 
     </span>
     <span class='ocr_line' id='line_1_74' title="bbox 128 2498 2278 2541; baseline -0 -9"><span class='ocrx_word' id='word_1_568' title='bbox 128 2499 325 2541; x_wconf 66' lang='lat' dir='ltr'><em>inqentibus</em></span> <span class='ocrx_word' id='word_1_569' title='bbox 339 2502 464 2540; x_wconf 74' lang='lat' dir='ltr'><em>copiis,</em></span> <span class='ocrx_word' id='word_1_570' title='bbox 484 2500 752 2532; x_wconf 78' lang='lat' dir='ltr'><em>dimicaverunt.</em></span> <span class='ocrx_word' id='word_1_571' title='bbox 772 2501 924 2540; x_wconf 73' lang='lat' dir='ltr'><em>Pompeii</em></span> <span class='ocrx_word' id='word_1_572' title='bbox 946 2502 1036 2532; x_wconf 78' lang='lat' dir='ltr'><em>acles</em></span> <span class='ocrx_word' id='word_1_573' title='bbox 1054 2499 1177 2531; x_wconf 79' lang='lat' dir='ltr'><em>habuit</em></span> <span class='ocrx_word' id='word_1_574' title='bbox 1194 2501 1253 2531; x_wconf 85' lang='lat' dir='ltr'>XL</span> <span class='ocrx_word' id='word_1_575' title='bbox 1269 2499 1386 2531; x_wconf 73' lang='lat' dir='ltr'><em>millia</em></span> <span class='ocrx_word' id='word_1_576' title='bbox 1401 2498 1558 2539; x_wconf 78' lang='lat' dir='ltr'><em>peditum</em></span> <span class='ocrx_word' id='word_1_577' title='bbox 1570 2519 1579 2534; x_wconf 93' lang='lat'>‚</span> <span class='ocrx_word' id='word_1_578' title='bbox 1601 2500 1731 2539; x_wconf 77' lang='lat' dir='ltr'><strong><em>equites</em></strong></span> <span class='ocrx_word' id='word_1_579' title='bbox 1747 2499 1783 2530; x_wconf 81' lang='lat' dir='ltr'><em>in</em></span> <span class='ocrx_word' id='word_1_580' title='bbox 1805 2498 1947 2530; x_wconf 77' lang='lat' dir='ltr'><em>sinistro</em></span> <span class='ocrx_word' id='word_1_581' title='bbox 1961 2506 2069 2530; x_wconf 83' lang='lat' dir='ltr'><em>cornu</em></span> <span class='ocrx_word' id='word_1_582' title='bbox 2085 2502 2278 2536; x_wconf 77' lang='lat' dir='ltr'><em>sexcentos,</em></span> 
     </span>
     <span class='ocr_line' id='line_1_75' title="bbox 128 2545 2282 2586; baseline 0 -8"><span class='ocrx_word' id='word_1_583' title='bbox 128 2548 165 2578; x_wconf 82' lang='lat' dir='ltr'><em>in</em></span> <span class='ocrx_word' id='word_1_584' title='bbox 181 2545 304 2578; x_wconf 80' lang='lat' dir='ltr'><em>dextro</em></span> <span class='ocrx_word' id='word_1_585' title='bbox 320 2548 524 2586; x_wconf 73' lang='lat' dir='ltr'><em>quinyentos</em></span> <span class='ocrx_word' id='word_1_586' title='bbox 539 2546 653 2585; x_wconf 84' lang='lat' dir='ltr'><em>(aliter</em></span> <span class='ocrx_word' id='word_1_587' title='bbox 668 2547 829 2586; x_wconf 86' lang='lat' dir='ltr'><em>Joannes)</em></span> <span class='ocrx_word' id='word_1_588' title='bbox 839 2554 849 2581; x_wconf 89' lang='lat'>,·</span> <span class='ocrx_word' id='word_1_589' title='bbox 866 2548 1037 2586; x_wconf 80' lang='lat' dir='ltr'><em>praeterea</em></span> <span class='ocrx_word' id='word_1_590' title='bbox 1059 2548 1162 2578; x_wconf 82' lang='lat' dir='ltr'><em>totius</em></span> <span class='ocrx_word' id='word_1_591' title='bbox 1179 2548 1329 2578; x_wconf 75' lang='lat' dir='ltr'><em>Orientis</em></span> <span class='ocrx_word' id='word_1_592' title='bbox 1346 2546 1504 2581; x_wconf 69' lang='lat' dir='ltr'><em>auxilia,</em></span> <span class='ocrx_word' id='word_1_593' title='bbox 1528 2547 1703 2586; x_wconf 82' lang='lat' dir='ltr'><em>totamque</em></span> <span class='ocrx_word' id='word_1_594' title='bbox 1718 2545 1954 2582; x_wconf 79' lang='lat' dir='ltr'><em>nobilitatem,</em></span> <span class='ocrx_word' id='word_1_595' title='bbox 1970 2547 2169 2578; x_wconf 76' lang='lat' dir='ltr'><em>innumeros</em></span> <span class='ocrx_word' id='word_1_596' title='bbox 2184 2555 2282 2579; x_wconf 88' lang='lat' dir='ltr'><em>sena-</em></span> 
     </span>
     <span class='ocr_line' id='line_1_76' title="bbox 131 2592 2282 2635; baseline 0 -10"><span class='ocrx_word' id='word_1_597' title='bbox 131 2595 237 2628; x_wconf 80' lang='lat' dir='ltr'><strong><em>tores,</em></strong></span> <span class='ocrx_word' id='word_1_598' title='bbox 254 2594 452 2633; x_wconf 75' lang='lat' dir='ltr'><em>praetorz‘os,</em></span> <span class='ocrx_word' id='word_1_599' title='bbox 471 2592 685 2629; x_wconf 83' lang='lat' dir='ltr'><em>consulares,</em></span> <span class='ocrx_word' id='word_1_600' title='bbox 702 2595 735 2625; x_wconf 84' lang='lat' dir='ltr'>et</span> <span class='ocrx_word' id='word_1_601' title='bbox 754 2594 815 2634; x_wconf 78' lang='lat' dir='ltr'><em>qul</em></span> <span class='ocrx_word' id='word_1_602' title='bbox 831 2602 1038 2633; x_wconf 74' lang='lat' dir='ltr'><em>maqnorum</em></span> <span class='ocrx_word' id='word_1_603' title='bbox 1049 2593 1127 2633; x_wconf 89' lang='lat' dir='ltr'>jam</span> <span class='ocrx_word' id='word_1_604' title='bbox 1144 2594 1352 2635; x_wconf 82' lang='lat' dir='ltr'><em>populorum</em></span> <span class='ocrx_word' id='word_1_605' title='bbox 1375 2595 1520 2625; x_wconf 78' lang='lat' dir='ltr'><em>victores</em></span> <span class='ocrx_word' id='word_1_606' title='bbox 1528 2593 1697 2633; x_wconf 78' lang='lat' dir='ltr'><em>fuissent.</em></span> <span class='ocrx_word' id='word_1_607' title='bbox 1728 2595 1844 2625; x_wconf 78' lang='lat' dir='ltr'><em>Ccesar</em></span> <span class='ocrx_word' id='word_1_608' title='bbox 1863 2595 1899 2625; x_wconf 83' lang='lat' dir='ltr'><em>in</em></span> <span class='ocrx_word' id='word_1_609' title='bbox 1917 2596 1991 2625; x_wconf 79' lang='lat' dir='ltr'><em>acie</em></span> <span class='ocrx_word' id='word_1_610' title='bbox 2011 2603 2075 2626; x_wconf 87' lang='lat' dir='ltr'>sua</span> <span class='ocrx_word' id='word_1_611' title='bbox 2089 2594 2212 2626; x_wconf 76' lang='lat' dir='ltr'><em>habuit</em></span> <span class='ocrx_word' id='word_1_612' title='bbox 2224 2605 2282 2635; x_wconf 87' lang='lat' dir='ltr'>pe-</span> 
     </span>
     <span class='ocr_line' id='line_1_77' title="bbox 130 2640 2282 2684; baseline 0 -12"><span class='ocrx_word' id='word_1_613' title='bbox 130 2640 243 2672; x_wconf 77' lang='lat' dir='ltr'><em>ditum</em></span> <span class='ocrx_word' id='word_1_614' title='bbox 258 2648 325 2670; x_wconf 87' lang='lat' dir='ltr'>non</span> <span class='ocrx_word' id='word_1_615' title='bbox 340 2641 479 2679; x_wconf 73' lang='lat' dir='ltr'><em>inteyra</em></span> <span class='ocrx_word' id='word_1_616' title='bbox 496 2641 598 2672; x_wconf 81' lang='lat' dir='ltr'>XXX</span> <span class='ocrx_word' id='word_1_617' title='bbox 610 2640 738 2679; x_wconf 79' lang='lat' dir='ltr'><em>millia,</em></span> <span class='ocrx_word' id='word_1_618' title='bbox 753 2642 884 2681; x_wconf 82' lang='lat' dir='ltr'><em>equites</em></span> <span class='ocrx_word' id='word_1_619' title='bbox 898 2641 1008 2673; x_wconf 82' lang='lat' dir='ltr'><em>mille.</em></span> <span class='ocrx_word' id='word_1_620' title='bbox 1023 2643 1223 2682; x_wconf 81' lang='lat' dir='ltr'><em>Numquam</em></span> <span class='ocrx_word' id='word_1_621' title='bbox 1236 2642 1352 2674; x_wconf 83' lang='lat' dir='ltr'><em>adhuc</em></span> <span class='ocrx_word' id='word_1_622' title='bbox 1369 2643 1528 2672; x_wconf 56' lang='lat' dir='ltr'><em>Romanae</em></span> <span class='ocrx_word' id='word_1_623' title='bbox 1543 2642 1648 2680; x_wconf 76' lang='lat' dir='ltr'><em>copiae</em></span> <span class='ocrx_word' id='word_1_624' title='bbox 1664 2641 1702 2672; x_wconf 79' lang='lat' dir='ltr'><em>in</em></span> <span class='ocrx_word' id='word_1_625' title='bbox 1716 2648 1844 2676; x_wconf 81' lang='lat' dir='ltr'><em>unum,</em></span> <span class='ocrx_word' id='word_1_626' title='bbox 1863 2648 1969 2681; x_wconf 80' lang='lat' dir='ltr'><em>neque</em></span> <span class='ocrx_word' id='word_1_627' title='bbox 1985 2642 2152 2681; x_wconf 86' lang='lat' dir='ltr'><em>majores,</em></span> <span class='ocrx_word' id='word_1_628' title='bbox 2171 2651 2282 2684; x_wconf 78' lang='lat' dir='ltr'><em>neque</em></span> 
     </span>
     <span class='ocr_line' id='line_1_78' title="bbox 130 2683 2280 2727; baseline 0.001 -9"><span class='ocrx_word' id='word_1_629' title='bbox 130 2684 330 2718; x_wconf 60' lang='lat' dir='ltr'><em>melioribus</em></span> <span class='ocrx_word' id='word_1_630' title='bbox 357 2683 518 2721; x_wconf 77' lang='lat' dir='ltr'><em>ducibus,</em></span> <span class='ocrx_word' id='word_1_631' title='bbox 550 2687 800 2721; x_wconf 78' lang='lat' dir='ltr'><em>convenerant,</em></span> <span class='ocrx_word' id='word_1_632' title='bbox 835 2688 942 2718; x_wconf 81' lang='lat' dir='ltr'><em>totum</em></span> <span class='ocrx_word' id='word_1_633' title='bbox 962 2688 1140 2719; x_wconf 85' lang='lat' dir='ltr'><em>terrarum</em></span> <span class='ocrx_word' id='word_1_634' title='bbox 1164 2687 1279 2719; x_wconf 86' lang='lat' dir='ltr'><em>orbem</em></span> <span class='ocrx_word' id='word_1_635' title='bbox 1295 2687 1411 2727; x_wconf 73' lang='lat' dir='ltr'><em>facile</em></span> <span class='ocrx_word' id='word_1_636' title='bbox 1432 2688 1646 2723; x_wconf 78' lang='lat' dir='ltr'><em>subacturae,</em></span> <span class='ocrx_word' id='word_1_637' title='bbox 1665 2688 1696 2718; x_wconf 81' lang='lat' dir='ltr'><em>si</em></span> <span class='ocrx_word' id='word_1_638' title='bbox 1722 2688 1845 2719; x_wconf 86' lang='lat' dir='ltr'><em>contra</em></span> <span class='ocrx_word' id='word_1_639' title='bbox 1872 2687 2037 2719; x_wconf 82' lang='lat' dir='ltr'><em>barbaros</em></span> <span class='ocrx_word' id='word_1_640' title='bbox 2060 2687 2280 2721; x_wconf 78' lang='lat' dir='ltr'><em>ducerentur.</em></span> 
     </span>
     <span class='ocr_line' id='line_1_79' title="bbox 130 2730 2283 2775; baseline 0.002 -12"><span class='ocrx_word' id='word_1_641' title='bbox 130 2751 173 2760; x_wconf 84' lang='lat'>-</span> <span class='ocrx_word' id='word_1_642' title='bbox 192 2730 211 2771; x_wconf 83' lang='lat'>§</span> <span class='ocrx_word' id='word_1_643' title='bbox 229 2733 259 2763; x_wconf 90' lang='grc'>8.</span> <span class='ocrx_word' id='word_1_644' title='bbox 278 2733 410 2772; x_wconf 78' lang='lat' dir='ltr'><em>Eutrop.</em></span> <span class='ocrx_word' id='word_1_645' title='bbox 432 2741 439 2762; x_wconf 80' lang='grc' dir='ltr'>ι</span> <span class='ocrx_word' id='word_1_646' title='bbox 458 2733 661 2772; x_wconf 74' lang='lat' dir='ltr'><em>Puqnatum</em></span> <span class='ocrx_word' id='word_1_647' title='bbox 676 2735 790 2764; x_wconf 88' lang='lat' dir='ltr'><em>tamen</em></span> <span class='ocrx_word' id='word_1_648' title='bbox 813 2731 863 2765; x_wconf 82' lang='lat' dir='ltr'>est</span> <span class='ocrx_word' id='word_1_649' title='bbox 888 2734 1021 2773; x_wconf 69' lang='lat' dir='ltr'><em>maenti</em></span> <span class='ocrx_word' id='word_1_650' title='bbox 1046 2735 1282 2768; x_wconf 75' lang='lat' dir='ltr'><em>contentione,</em></span> <span class='ocrx_word' id='word_1_651' title='bbox 1313 2735 1489 2775; x_wconf 76' lang='lat' dir='ltr'><em>victusque</em></span> <span class='ocrx_word' id='word_1_652' title='bbox 1511 2733 1560 2765; x_wconf 88' lang='lat' dir='ltr'><em>ad</em></span> <span class='ocrx_word' id='word_1_653' title='bbox 1583 2734 1794 2773; x_wconf 80' lang='lat' dir='ltr'><em>postremum</em></span> <span class='ocrx_word' id='word_1_654' title='bbox 1816 2734 1997 2773; x_wconf 83' lang='lat' dir='ltr'><em>Pompeius</em></span> <span class='ocrx_word' id='word_1_655' title='bbox 2022 2735 2056 2765; x_wconf 87' lang='lat' dir='ltr'>et</span> <span class='ocrx_word' id='word_1_656' title='bbox 2078 2736 2194 2766; x_wconf 85' lang='lat' dir='ltr'><em>castra</em></span> <span class='ocrx_word' id='word_1_657' title='bbox 2211 2736 2283 2773; x_wconf 80' lang='lat' dir='ltr'><em>ejus</em></span> 
     </span>
     <span class='ocr_line' id='line_1_80' title="bbox 130 2779 2283 2821; baseline 0.002 -11"><span class='ocrx_word' id='word_1_658' title='bbox 130 2779 271 2818; x_wconf 74' lang='lat' dir='ltr'><em>direpta</em></span> <span class='ocrx_word' id='word_1_659' title='bbox 289 2780 385 2810; x_wconf 81' lang='lat' dir='ltr'><em>sunt.</em></span> <span class='ocrx_word' id='word_1_660' title='bbox 408 2780 483 2818; x_wconf 84' lang='lat' dir='ltr'><em>Ipse</em></span> <span class='ocrx_word' id='word_1_661' title='bbox 497 2779 649 2819; x_wconf 73' lang='lat' dir='ltr'><em>fuyatus</em></span> <span class='ocrx_word' id='word_1_662' title='bbox 671 2779 922 2813; x_wconf 76' lang='lat' dir='ltr'><em>Alexandriam</em></span> <span class='ocrx_word' id='word_1_663' title='bbox 935 2781 1052 2820; x_wconf 76' lang='lat' dir='ltr'><em>petiit,</em></span> <span class='ocrx_word' id='word_1_664' title='bbox 1069 2782 1112 2812; x_wconf 82' lang='lat' dir='ltr'>ut</span> <span class='ocrx_word' id='word_1_665' title='bbox 1125 2790 1147 2812; x_wconf 92' lang='lat' dir='ltr'><em>a</em></span> <span class='ocrx_word' id='word_1_666' title='bbox 1173 2789 1249 2820; x_wconf 73' lang='lat' dir='ltr'><em>reqe</em></span> <span class='ocrx_word' id='word_1_667' title='bbox 1271 2782 1432 2821; x_wconf 76' lang='lat' dir='ltr'><em>AEqyptt,</em></span> <span class='ocrx_word' id='word_1_668' title='bbox 1446 2782 1501 2812; x_wconf 78' lang='lat' dir='ltr'><em>cui</em></span> <span class='ocrx_word' id='word_1_669' title='bbox 1525 2782 1618 2812; x_wconf 82' lang='lat' dir='ltr'><em>tutor</em></span> <span class='ocrx_word' id='word_1_670' title='bbox 1630 2789 1652 2811; x_wconf 89' lang='lat' dir='ltr'><em>a</em></span> <span class='ocrx_word' id='word_1_671' title='bbox 1669 2781 1792 2811; x_wconf 83' lang='lat' dir='ltr'><em>senatu</em></span> <span class='ocrx_word' id='word_1_672' title='bbox 1809 2779 1915 2811; x_wconf 85' lang='lat' dir='ltr'><em>datus</em></span> <span class='ocrx_word' id='word_1_673' title='bbox 1921 2779 2050 2818; x_wconf 83' lang='lat' dir='ltr'><em>fuerat</em></span> <span class='ocrx_word' id='word_1_674' title='bbox 2074 2783 2214 2820; x_wconf 87' lang='lat' dir='ltr'><em>propter</em></span> <span class='ocrx_word' id='word_1_675' title='bbox 2222 2790 2283 2821; x_wconf 73' lang='lat' dir='ltr'>yu-</span> 
     </span>
     <span class='ocr_line' id='line_1_81' title="bbox 132 2824 2280 2867; baseline 0 -9"><span class='ocrx_word' id='word_1_676' title='bbox 132 2825 280 2860; x_wconf 75' lang='lat' dir='ltr'><em>venilem</em></span> <span class='ocrx_word' id='word_1_677' title='bbox 298 2824 372 2864; x_wconf 78' lang='lat' dir='ltr'><em>ejus</em></span> <span class='ocrx_word' id='word_1_678' title='bbox 395 2827 553 2860; x_wconf 59' lang='lat' dir='ltr'><em>aetatem,</em></span> <span class='ocrx_word' id='word_1_679' title='bbox 582 2826 752 2866; x_wconf 81' lang='lat' dir='ltr'><em>acciperet</em></span> <span class='ocrx_word' id='word_1_680' title='bbox 774 2828 912 2860; x_wconf 72' lang='lat' dir='ltr'><em>auxilia</em></span> <span class='ocrx_word' id='word_1_681' title='bbox 919 2838 933 2866; x_wconf 86' lang='lat'>,·</span> <span class='ocrx_word' id='word_1_682' title='bbox 953 2829 1013 2867; x_wconf 76' lang='lat' dir='ltr'>qui</span> <span class='ocrx_word' id='word_1_683' title='bbox 1035 2826 1224 2866; x_wconf 82' lang='lat' dir='ltr'><em>fortunam</em></span> <span class='ocrx_word' id='word_1_684' title='bbox 1249 2828 1357 2866; x_wconf 71' lang='lat' dir='ltr'><em>maqis</em></span> <span class='ocrx_word' id='word_1_685' title='bbox 1382 2835 1489 2867; x_wconf 82' lang='lat' dir='ltr'><em>quam</em></span> <span class='ocrx_word' id='word_1_686' title='bbox 1513 2827 1707 2857; x_wconf 77' lang='lat' dir='ltr'><em>amicitiam</em></span> <span class='ocrx_word' id='word_1_687' title='bbox 1734 2827 1891 2861; x_wconf 84' lang='lat' dir='ltr'><em>secutus,</em></span> <span class='ocrx_word' id='word_1_688' title='bbox 1913 2825 2037 2857; x_wconf 76' lang='lat' dir='ltr'><em>occidit</em></span> <span class='ocrx_word' id='word_1_689' title='bbox 2063 2827 2280 2866; x_wconf 82' lang='lat' dir='ltr'><em>Pompeium,</em></span> 
     </span>
     <span class='ocr_line' id='line_1_82' title="bbox 132 2867 2278 2914; baseline 0.001 -12"><span class='ocrx_word' id='word_1_690' title='bbox 132 2873 239 2913; x_wconf 79' lang='lat' dir='ltr'><em>caput</em></span> <span class='ocrx_word' id='word_1_691' title='bbox 255 2871 328 2911; x_wconf 84' lang='lat' dir='ltr'><em>ejus</em></span> <span class='ocrx_word' id='word_1_692' title='bbox 345 2874 379 2904; x_wconf 89' lang='lat' dir='ltr'>et</span> <span class='ocrx_word' id='word_1_693' title='bbox 405 2873 580 2905; x_wconf 80' lang='lat' dir='ltr'><em>annulum</em></span> <span class='ocrx_word' id='word_1_694' title='bbox 608 2874 737 2905; x_wconf 78' lang='lat' dir='ltr'><em>Coesari</em></span> <span class='ocrx_word' id='word_1_695' title='bbox 760 2875 868 2906; x_wconf 80' lang='lat' dir='ltr'><em>misit.</em></span> <span class='ocrx_word' id='word_1_696' title='bbox 891 2891 932 2895; x_wconf 97' lang='lat'><strong>—</strong></span> <span class='ocrx_word' id='word_1_697' title='bbox 951 2874 988 2904; x_wconf 88' lang='grc' dir='ltr'>οἱ</span> <span class='ocrx_word' id='word_1_698' title='bbox 1007 2873 1138 2914; x_wconf 85' lang='grc' dir='ltr'>πρὸς...</span> <span class='ocrx_word' id='word_1_699' title='bbox 1166 2872 1359 2913; x_wconf 85' lang='grc' dir='ltr'>ὠφέλεια]</span> <span class='ocrx_word' id='word_1_700' title='bbox 1387 2875 1415 2904; x_wconf 85' lang='grc' dir='ltr'>οἱ</span> <span class='ocrx_word' id='word_1_701' title='bbox 1432 2877 1469 2913; x_wconf 85' lang='grc' dir='ltr'>τῇ</span> <span class='ocrx_word' id='word_1_702' title='bbox 1495 2867 1569 2913; x_wconf 66' lang='grc' dir='ltr'>πρὸς</span> <span class='ocrx_word' id='word_1_703' title='bbox 1591 2871 1684 2903; x_wconf 82' lang='grc' dir='ltr'>τοῦτό</span> <span class='ocrx_word' id='word_1_704' title='bbox 1708 2882 1741 2903; x_wconf 89' lang='grc' dir='ltr'>τε</span> <span class='ocrx_word' id='word_1_705' title='bbox 1757 2871 1994 2907; x_wconf 83' lang='grc' dir='ltr'>δυναστεύοντος</span> <span class='ocrx_word' id='word_1_706' title='bbox 2019 2872 2150 2914; x_wconf 73' lang='grc' dir='ltr'>ὠφελείᾳ</span> <span class='ocrx_word' id='word_1_707' title='bbox 2169 2875 2278 2906; x_wconf 86' lang='lat' dir='ltr'><em>codex.</em></span> 
     </span>
     <span class='ocr_line' id='line_1_83' title="bbox 133 2917 2282 2960; baseline 0.001 -13"><span class='ocrx_word' id='word_1_708' title='bbox 133 2939 174 2947; x_wconf 86' lang='lat'>.-</span> <span class='ocrx_word' id='word_1_709' title='bbox 190 2917 209 2959; x_wconf 85' lang='lat'>§</span> <span class='ocrx_word' id='word_1_710' title='bbox 225 2921 258 2950; x_wconf 91' lang='grc'>9.</span> <span class='ocrx_word' id='word_1_711' title='bbox 275 2918 400 2951; x_wconf 81' lang='lat' dir='ltr'>Inclusa</span> <span class='ocrx_word' id='word_1_712' title='bbox 414 2920 559 2960; x_wconf 83' lang='lat' dir='ltr'>supplevi</span> <span class='ocrx_word' id='word_1_713' title='bbox 578 2929 595 2951; x_wconf 87' lang='lat' dir='ltr'>e</span> <span class='ocrx_word' id='word_1_714' title='bbox 610 2920 702 2952; x_wconf 84' lang='lat' dir='ltr'><em>Dion.</em></span> <span class='ocrx_word' id='word_1_715' title='bbox 718 2922 801 2953; x_wconf 90' lang='lat' dir='ltr'><em>XLll</em></span> <span class='ocrx_word' id='word_1_716' title='bbox 814 2945 823 2958; x_wconf 87' lang='lat'>,</span> <span class='ocrx_word' id='word_1_717' title='bbox 841 2923 858 2952; x_wconf 84' lang='lat'>4</span> <span class='ocrx_word' id='word_1_718' title='bbox 871 2943 879 2959; x_wconf 87' lang='lat'><strong><em>‚</em></strong></span> <span class='ocrx_word' id='word_1_719' title='bbox 898 2921 954 2955; x_wconf 90' lang='lat' dir='ltr'>ubi</span> <span class='ocrx_word' id='word_1_720' title='bbox 973 2921 1019 2952; x_wconf 77' lang='lat' dir='ltr'><em>sic.</em></span> <span class='ocrx_word' id='word_1_721' title='bbox 1036 2933 1043 2952; x_wconf 88' lang='lat'>:</span> <span class='ocrx_word' id='word_1_722' title='bbox 1115 2919 1293 2952; x_wconf 81' lang='grc' dir='ltr'>ἀπέκτεινον</span> <span class='ocrx_word' id='word_1_723' title='bbox 1310 2919 1403 2950; x_wconf 87' lang='grc' dir='ltr'>αὐτὸν</span> <span class='ocrx_word' id='word_1_724' title='bbox 1416 2921 1486 2959; x_wconf 86' lang='grc' dir='ltr'>πρὶν</span> <span class='ocrx_word' id='word_1_725' title='bbox 1500 2919 1736 2956; x_wconf 83' lang='grc' dir='ltr'>καταπλεῦσαι,</span> <span class='ocrx_word' id='word_1_726' title='bbox 1752 2919 1844 2959; x_wconf 80' lang='grc' dir='ltr'>μηδὲν</span> <span class='ocrx_word' id='word_1_727' title='bbox 1862 2918 1932 2959; x_wconf 84' lang='grc' dir='ltr'>μήτ’</span> <span class='ocrx_word' id='word_1_728' title='bbox 1946 2918 2073 2950; x_wconf 85' lang='grc' dir='ltr'>εἰπόντα</span> <span class='ocrx_word' id='word_1_729' title='bbox 2087 2918 2157 2959; x_wconf 89' lang='grc' dir='ltr'>μητ’</span> <span class='ocrx_word' id='word_1_730' title='bbox 2173 2918 2282 2959; x_wconf 85' lang='grc' dir='ltr'>ὀδυρά-</span> 
     </span>
     <span class='ocr_line' id='line_1_84' title="bbox 135 2965 2317 3008; baseline -0 -11"><span class='ocrx_word' id='word_1_731' title='bbox 135 2975 248 3007; x_wconf 86' lang='grc' dir='ltr'>μενον·</span> <span class='ocrx_word' id='word_1_732' title='bbox 267 2967 308 3001; x_wconf 87' lang='grc' dir='ltr'>ὡς</span> <span class='ocrx_word' id='word_1_733' title='bbox 324 2966 383 3007; x_wconf 86' lang='grc' dir='ltr'>γὰρ</span> <span class='ocrx_word' id='word_1_734' title='bbox 405 2967 539 3008; x_wconf 85' lang='grc' dir='ltr'>τάχιστα</span> <span class='ocrx_word' id='word_1_735' title='bbox 554 2971 607 3005; x_wconf 85' lang='grc' dir='ltr'>τῆς</span> <span class='ocrx_word' id='word_1_736' title='bbox 626 2978 661 3007; x_wconf 88' lang='grc' dir='ltr'>γε</span> <span class='ocrx_word' id='word_1_737' title='bbox 684 2967 848 3006; x_wconf 74' lang='grc' dir='ltr'>ἐπιὸουλής</span> <span class='ocrx_word' id='word_1_738' title='bbox 874 2967 987 3008; x_wconf 76' lang='grc' dir='ltr'>ᾔσθετο</span> <span class='ocrx_word' id='word_1_739' title='bbox 1000 2991 1010 3006; x_wconf 85' lang='grc'>,</span> <span class='ocrx_word' id='word_1_740' title='bbox 1036 2968 1089 3000; x_wconf 77' lang='grc' dir='ltr'>καὶ</span> <span class='ocrx_word' id='word_1_741' title='bbox 1116 2967 1196 3006; x_wconf 83' lang='grc' dir='ltr'>ἔγνω</span> <span class='ocrx_word' id='word_1_742' title='bbox 1214 2967 1260 2998; x_wconf 87' lang='grc' dir='ltr'>ὅτι</span> <span class='ocrx_word' id='word_1_743' title='bbox 1282 2966 1346 2997; x_wconf 77' lang='grc' dir='ltr'>οὔτ’</span> <span class='ocrx_word' id='word_1_744' title='bbox 1366 2966 1542 3007; x_wconf 83' lang='grc' dir='ltr'>ἀμύνασθαι</span> <span class='ocrx_word' id='word_1_745' title='bbox 1565 2969 1643 3005; x_wconf 70' lang='grc' dir='ltr'>σφᾶς</span> <span class='ocrx_word' id='word_1_746' title='bbox 1670 2966 1742 2996; x_wconf 75' lang='grc' dir='ltr'>οὔτε</span> <span class='ocrx_word' id='word_1_747' title='bbox 1758 2966 1914 3006; x_wconf 75' lang='grc' dir='ltr'>διαφυγεῖν</span> <span class='ocrx_word' id='word_1_748' title='bbox 1941 2965 2126 3005; x_wconf 82' lang='grc' dir='ltr'>δυνήσεται,</span> <span class='ocrx_word' id='word_1_749' title='bbox 2153 2977 2282 2998; x_wconf 70' lang='grc' dir='ltr'>συνεκα«</span> <span class='ocrx_word' id='word_1_750' title='bbox 2315 2981 2317 2983; x_wconf 88' lang='grc'><em>·</em></span> 
     </span>
     <span class='ocr_line' id='line_1_85' title="bbox 134 3011 2284 3054; baseline 0 -11"><span class='ocrx_word' id='word_1_751' title='bbox 134 3012 265 3053; x_wconf 83' lang='grc' dir='ltr'>λύψατο.</span> <span class='ocrx_word' id='word_1_752' title='bbox 280 3011 438 3044; x_wconf 86' lang='lat' dir='ltr'><em>Theodoti</em></span> <span class='ocrx_word' id='word_1_753' title='bbox 456 3014 576 3045; x_wconf 87' lang='lat' dir='ltr'><em>mentio</em></span> <span class='ocrx_word' id='word_1_754' title='bbox 596 3015 627 3045; x_wconf 92' lang='lat' dir='ltr'><em>in</em></span> <span class='ocrx_word' id='word_1_755' title='bbox 647 3016 757 3045; x_wconf 84' lang='lat' dir='ltr'><em>nostro</em></span> <span class='ocrx_word' id='word_1_756' title='bbox 778 3014 879 3046; x_wconf 86' lang='lat' dir='ltr'><em>Dione</em></span> <span class='ocrx_word' id='word_1_757' title='bbox 898 3023 961 3045; x_wconf 87' lang='lat' dir='ltr'><em>nou</em></span> <span class='ocrx_word' id='word_1_758' title='bbox 981 3015 1039 3046; x_wconf 79' lang='lat' dir='ltr'><em>est.</em></span> <span class='ocrx_word' id='word_1_759' title='bbox 1058 3032 1099 3037; x_wconf 95' lang='lat'>—-</span> <span class='ocrx_word' id='word_1_760' title='bbox 1121 3013 1140 3054; x_wconf 61' lang='grc' dir='ltr'><strong>ἓ</strong></span> <span class='ocrx_word' id='word_1_761' title='bbox 1162 3019 1208 3046; x_wconf 86' lang='grc' dir='ltr'>ιο.</span> <span class='ocrx_word' id='word_1_762' title='bbox 1238 3016 1370 3053; x_wconf 82' lang='lat' dir='ltr'><em>Eutrop.</em></span> <span class='ocrx_word' id='word_1_763' title='bbox 1398 3015 1459 3052; x_wconf 85' lang='lat' dir='ltr'>Vl,</span> <span class='ocrx_word' id='word_1_764' title='bbox 1488 3015 1522 3044; x_wconf 86' lang='lat'>17</span> <span class='ocrx_word' id='word_1_765' title='bbox 1544 3024 1552 3043; x_wconf 77' lang='lat' dir='ltr'><em>z</em></span> <span class='ocrx_word' id='word_1_766' title='bbox 1570 3014 1650 3044; x_wconf 79' lang='lat' dir='ltr'>Mox</span> <span class='ocrx_word' id='word_1_767' title='bbox 1668 3014 1785 3044; x_wconf 76' lang='lat' dir='ltr'><em>Coesar</em></span> <span class='ocrx_word' id='word_1_768' title='bbox 1801 3012 2055 3044; x_wconf 74' lang='lat' dir='ltr'><em>Alexandriam</em></span> <span class='ocrx_word' id='word_1_769' title='bbox 2079 3014 2184 3045; x_wconf 87' lang='lat' dir='ltr'><em>venit.</em></span> <span class='ocrx_word' id='word_1_770' title='bbox 2211 3014 2284 3053; x_wconf 79' lang='lat' dir='ltr'><em>Ipsi</em></span> 
     </span>
     <span class='ocr_line' id='line_1_86' title="bbox 138 3059 2281 3102; baseline -0 -11"><span class='ocrx_word' id='word_1_771' title='bbox 138 3066 273 3101; x_wconf 83' lang='lat' dir='ltr'><em>quoque</em></span> <span class='ocrx_word' id='word_1_772' title='bbox 291 3060 494 3092; x_wconf 84' lang='lat' dir='ltr'><em>Ptolemaeus</em></span> <span class='ocrx_word' id='word_1_773' title='bbox 510 3069 640 3101; x_wconf 86' lang='lat' dir='ltr'><em>parare</em></span> <span class='ocrx_word' id='word_1_774' title='bbox 656 3061 766 3093; x_wconf 75' lang='lat' dir='ltr'><em>voluit</em></span> <span class='ocrx_word' id='word_1_775' title='bbox 784 3060 954 3099; x_wconf 51' lang='lat' dir='ltr'><em>insidiam</em></span> <span class='ocrx_word' id='word_1_776' title='bbox 972 3069 1043 3102; x_wconf 81' lang='lat' dir='ltr'><em>qua</em></span> <span class='ocrx_word' id='word_1_777' title='bbox 1068 3069 1175 3093; x_wconf 84' lang='lat' dir='ltr'><em>causa</em></span> <span class='ocrx_word' id='word_1_778' title='bbox 1200 3062 1272 3099; x_wconf 70' lang='lat' dir='ltr'><em>reyz&#39;</em></span> <span class='ocrx_word' id='word_1_779' title='bbox 1302 3059 1429 3091; x_wconf 77' lang='lat' dir='ltr'><em>bellum</em></span> <span class='ocrx_word' id='word_1_780' title='bbox 1454 3059 1597 3090; x_wconf 84' lang='lat' dir='ltr'><em>illatum</em></span> <span class='ocrx_word' id='word_1_781' title='bbox 1621 3059 1680 3090; x_wconf 85' lang='lat' dir='ltr'><em>est.</em></span> <span class='ocrx_word' id='word_1_782' title='bbox 1714 3060 1826 3090; x_wconf 81' lang='lat' dir='ltr'><em>Victus</em></span> <span class='ocrx_word' id='word_1_783' title='bbox 1851 3061 1887 3090; x_wconf 85' lang='lat' dir='ltr'><em>in</em></span> <span class='ocrx_word' id='word_1_784' title='bbox 1912 3059 1992 3091; x_wconf 71' lang='lat' dir='ltr'><em>Nilo</em></span> <span class='ocrx_word' id='word_1_785' title='bbox 2015 3061 2139 3099; x_wconf 75' lang='lat' dir='ltr'><em>periit,</em></span> <span class='ocrx_word' id='word_1_786' title='bbox 2163 3061 2281 3091; x_wconf 78' lang='lat' dir='ltr'><em>inven-</em></span> 
     </span>
     <span class='ocr_line' id='line_1_87' title="bbox 139 3105 2279 3147; baseline -0 -10"><span class='ocrx_word' id='word_1_787' title='bbox 139 3107 282 3146; x_wconf 85' lang='lat' dir='ltr'><em>tumque</em></span> <span class='ocrx_word' id='word_1_788' title='bbox 298 3107 350 3137; x_wconf 89' lang='lat' dir='ltr'>est</span> <span class='ocrx_word' id='word_1_789' title='bbox 363 3114 486 3147; x_wconf 81' lang='lat' dir='ltr'><em>corpus</em></span> <span class='ocrx_word' id='word_1_790' title='bbox 501 3108 572 3147; x_wconf 82' lang='lat' dir='ltr'><em>ejus</em></span> <span class='ocrx_word' id='word_1_791' title='bbox 589 3116 665 3140; x_wconf 87' lang='lat' dir='ltr'>cum</span> <span class='ocrx_word' id='word_1_792' title='bbox 681 3108 789 3141; x_wconf 83' lang='lat' dir='ltr'><em>lorica</em></span> <span class='ocrx_word' id='word_1_793' title='bbox 803 3116 924 3140; x_wconf 83' lang='lat' dir='ltr'><em>aurea.</em></span> <span class='ocrx_word' id='word_1_794' title='bbox 942 3109 1056 3139; x_wconf 78' lang='lat' dir='ltr'><em>Caesar</em></span> <span class='ocrx_word' id='word_1_795' title='bbox 1072 3107 1288 3140; x_wconf 71' lang='lat' dir='ltr'><em>Alexandria</em></span> <span class='ocrx_word' id='word_1_796' title='bbox 1298 3109 1450 3147; x_wconf 66' lang='lat' dir='ltr'><em>potitus,</em></span> <span class='ocrx_word' id='word_1_797' title='bbox 1468 3114 1610 3145; x_wconf 63' lang='lat' dir='ltr'><em>regnum</em></span> <span class='ocrx_word' id='word_1_798' title='bbox 1629 3106 1818 3146; x_wconf 60' lang='lat' dir='ltr'><em>Cleopatrae</em></span> <span class='ocrx_word' id='word_1_799' title='bbox 1833 3105 1946 3143; x_wconf 79' lang='lat' dir='ltr'><em>dedit,</em></span> <span class='ocrx_word' id='word_1_800' title='bbox 1962 3107 2138 3138; x_wconf 58' lang='lat' dir='ltr'><em>Ptolemaei</em></span> <span class='ocrx_word' id='word_1_801' title='bbox 2150 3107 2279 3140; x_wconf 81' lang='lat' dir='ltr'><em>sorori,</em></span> 
     </span>
     <span class='ocr_line' id='line_1_88' title="bbox 137 3150 2282 3194; baseline -0 -11"><span class='ocrx_word' id='word_1_802' title='bbox 137 3160 215 3188; x_wconf 79' lang='lat' dir='ltr'>cum</span> <span class='ocrx_word' id='word_1_803' title='bbox 235 3160 306 3193; x_wconf 80' lang='lat' dir='ltr'>qua</span> <span class='ocrx_word' id='word_1_804' title='bbox 333 3154 615 3186; x_wconf 76' lang='lat' dir='ltr'><em>consuetudinem</em></span> <span class='ocrx_word' id='word_1_805' title='bbox 638 3156 754 3194; x_wconf 77' lang='lat' dir='ltr'><em>stupri</em></span> <span class='ocrx_word' id='word_1_806' title='bbox 785 3154 967 3186; x_wconf 81' lang='lat' dir='ltr'><em>habuerat.</em></span> <span class='ocrx_word' id='word_1_807' title='bbox 993 3170 1035 3177; x_wconf 86' lang='lat'>—</span> <span class='ocrx_word' id='word_1_808' title='bbox 1060 3152 1332 3194; x_wconf 88' lang='grc' dir='ltr'>παραδίδωσι]</span> <span class='ocrx_word' id='word_1_809' title='bbox 1361 3153 1539 3193; x_wconf 84' lang='grc' dir='ltr'>περιδίδωσι</span> <span class='ocrx_word' id='word_1_810' title='bbox 1565 3151 1637 3183; x_wconf 87' lang='lat' dir='ltr'><em>cod.</em></span> <span class='ocrx_word' id='word_1_811' title='bbox 1670 3171 1706 3180; x_wconf 86' lang='lat'><em>-</em></span> <span class='ocrx_word' id='word_1_812' title='bbox 1735 3150 1933 3192; x_wconf 83' lang='grc' dir='ltr'>ἐγνωσμένῃ]</span> <span class='ocrx_word' id='word_1_813' title='bbox 1957 3151 2150 3191; x_wconf 81' lang='grc' dir='ltr'>ἐγνωσμένης</span> <span class='ocrx_word' id='word_1_814' title='bbox 2172 3151 2282 3182; x_wconf 81' lang='lat' dir='ltr'><em>codex.</em></span> 
     </span>
     <span class='ocr_line' id='line_1_89' title="bbox 139 3197 2284 3242; baseline -0.001 -12"><span class='ocrx_word' id='word_1_815' title='bbox 139 3198 212 3242; x_wconf 64' lang='grc' dir='ltr'>-ς</span> <span class='ocrx_word' id='word_1_816' title='bbox 232 3203 279 3230; x_wconf 84' lang='grc' dir='ltr'>ιι.</span> <span class='ocrx_word' id='word_1_817' title='bbox 294 3199 486 3239; x_wconf 78' lang='lat' dir='ltr'>Eutropius:</span> <span class='ocrx_word' id='word_1_818' title='bbox 508 3200 649 3235; x_wconf 77' lang='lat' dir='ltr'><em>Rediens</em></span> <span class='ocrx_word' id='word_1_819' title='bbox 664 3200 746 3233; x_wconf 78' lang='lat' dir='ltr'><em>inde</em></span> <span class='ocrx_word' id='word_1_820' title='bbox 772 3202 898 3238; x_wconf 69' lang='lat' dir='ltr'><em>Caesar,</em></span> <span class='ocrx_word' id='word_1_821' title='bbox 918 3200 1156 3240; x_wconf 76' lang='lat' dir='ltr'><em>Pharnacem,</em></span> <span class='ocrx_word' id='word_1_822' title='bbox 1176 3199 1390 3233; x_wconf 77' lang='lat' dir='ltr'><em>Mlthridatis</em></span> <span class='ocrx_word' id='word_1_823' title='bbox 1408 3201 1525 3239; x_wconf 77' lang='lat' dir='ltr'><em>Maynt</em></span> <span class='ocrx_word' id='word_1_824' title='bbox 1546 3198 1677 3236; x_wconf 77' lang='lat' dir='ltr'><em>lilium,</em></span> <span class='ocrx_word' id='word_1_825' title='bbox 1698 3200 1757 3239; x_wconf 79' lang='lat' dir='ltr'>qui</span> <span class='ocrx_word' id='word_1_826' title='bbox 1776 3200 1933 3238; x_wconf 78' lang='lat' dir='ltr'><em>Pompeio</em></span> <span class='ocrx_word' id='word_1_827' title='bbox 1947 3200 1983 3229; x_wconf 84' lang='lat' dir='ltr'><em>in</em></span> <span class='ocrx_word' id='word_1_828' title='bbox 1997 3198 2173 3229; x_wconf 69' lang='lat' dir='ltr'><em>auxilium</em></span> <span class='ocrx_word' id='word_1_829' title='bbox 2186 3197 2284 3237; x_wconf 78' lang='lat' dir='ltr'><em>apud</em></span> 
     </span>
     <span class='ocr_line' id='line_1_90' title="bbox 144 3245 2283 3287; baseline -0 -11"><span class='ocrx_word' id='word_1_830' title='bbox 144 3245 355 3277; x_wconf 78' lang='lat' dir='ltr'><em>Thessaliam</em></span> <span class='ocrx_word' id='word_1_831' title='bbox 365 3245 513 3286; x_wconf 78' lang='lat' dir='ltr'><em>suerat,</em></span> <span class='ocrx_word' id='word_1_832' title='bbox 531 3246 753 3279; x_wconf 84' lang='lat' dir='ltr'><em>rebellantem</em></span> <span class='ocrx_word' id='word_1_833' title='bbox 773 3248 809 3278; x_wconf 80' lang='lat' dir='ltr'><em>in</em></span> <span class='ocrx_word' id='word_1_834' title='bbox 826 3248 950 3285; x_wconf 87' lang='lat' dir='ltr'><em>Ponto,</em></span> <span class='ocrx_word' id='word_1_835' title='bbox 973 3248 1006 3277; x_wconf 85' lang='lat' dir='ltr'>et</span> <span class='ocrx_word' id='word_1_836' title='bbox 1018 3247 1150 3278; x_wconf 84' lang='lat' dir='ltr'><em>multas</em></span> <span class='ocrx_word' id='word_1_837' title='bbox 1170 3247 1290 3287; x_wconf 64' lang='lat' dir='ltr'><em>popule</em></span> <span class='ocrx_word' id='word_1_838' title='bbox 1313 3249 1453 3279; x_wconf 74' lang='lat' dir='ltr'><em>Romani</em></span> <span class='ocrx_word' id='word_1_839' title='bbox 1471 3248 1665 3287; x_wconf 78' lang='lat' dir='ltr'><em>provincias</em></span> <span class='ocrx_word' id='word_1_840' title='bbox 1687 3247 1929 3286; x_wconf 82' lang='lat' dir='ltr'><em>occupantem,</em></span> <span class='ocrx_word' id='word_1_841' title='bbox 1952 3246 2036 3277; x_wconf 77' lang='lat' dir='ltr'><em>vicit</em></span> <span class='ocrx_word' id='word_1_842' title='bbox 2057 3246 2149 3282; x_wconf 75' lang='lat' dir='ltr'><em>acie;</em></span> <span class='ocrx_word' id='word_1_843' title='bbox 2165 3247 2283 3284; x_wconf 83' lang='lat' dir='ltr'><em>postea</em></span> 
     </span>
     <span class='ocr_line' id='line_1_91' title="bbox 139 3290 2283 3333; baseline -0.001 -11"><span class='ocrx_word' id='word_1_844' title='bbox 139 3290 188 3323; x_wconf 88' lang='lat' dir='ltr'><em>ad</em></span> <span class='ocrx_word' id='word_1_845' title='bbox 213 3293 356 3323; x_wconf 84' lang='lat' dir='ltr'><em>mortem</em></span> <span class='ocrx_word' id='word_1_846' title='bbox 371 3294 487 3332; x_wconf 71' lang='lat' dir='ltr'><em>coeyzt.</em></span> <span class='ocrx_word' id='word_1_847' title='bbox 512 3313 551 3319; x_wconf 94' lang='lat'>—</span> <span class='ocrx_word' id='word_1_848' title='bbox 569 3292 813 3333; x_wconf 81' lang='grc' dir='ltr'>Θετταλίας]</span> <span class='ocrx_word' id='word_1_849' title='bbox 840 3294 1019 3324; x_wconf 74' lang='lat' dir='ltr'><em>Pharnaces</em></span> <span class='ocrx_word' id='word_1_850' title='bbox 1042 3293 1152 3332; x_wconf 87' lang='lat' dir='ltr'><em>proelio</em></span> <span class='ocrx_word' id='word_1_851' title='bbox 1168 3294 1274 3325; x_wconf 81' lang='lat' dir='ltr'><em>vietus</em></span> <span class='ocrx_word' id='word_1_852' title='bbox 1297 3296 1345 3325; x_wconf 81' lang='lat' dir='ltr'>est</span> <span class='ocrx_word' id='word_1_853' title='bbox 1372 3293 1412 3325; x_wconf 82' lang='lat' dir='ltr'>ad</span> <span class='ocrx_word' id='word_1_854' title='bbox 1438 3294 1574 3325; x_wconf 83' lang='lat' dir='ltr'><em>Zeliam</em></span> <span class='ocrx_word' id='word_1_855' title='bbox 1602 3293 1731 3331; x_wconf 86' lang='lat' dir='ltr'><em>urbem,</em></span> <span class='ocrx_word' id='word_1_856' title='bbox 1750 3292 1796 3323; x_wconf 89' lang='lat' dir='ltr'>uti</span> <span class='ocrx_word' id='word_1_857' title='bbox 1810 3293 1949 3323; x_wconf 73' lang='lat' dir='ltr'><em>constat,</em></span> <span class='ocrx_word' id='word_1_858' title='bbox 1970 3290 2141 3323; x_wconf 73' lang='lat' dir='ltr'><em>Thessaliae</em></span> <span class='ocrx_word' id='word_1_859' title='bbox 2164 3291 2283 3321; x_wconf 80' lang='lat' dir='ltr'><em>mentio</em></span> 
     </span>
     <span class='ocr_line' id='line_1_92' title="bbox 139 3336 2282 3380; baseline -0.001 -12"><span class='ocrx_word' id='word_1_860' title='bbox 139 3337 173 3368; x_wconf 87' lang='lat' dir='ltr'><em>in</em></span> <span class='ocrx_word' id='word_1_861' title='bbox 194 3338 303 3369; x_wconf 68' lang='lat' dir='ltr'><em>nostro</em></span> <span class='ocrx_word' id='word_1_862' title='bbox 327 3338 440 3378; x_wconf 79' lang='lat' dir='ltr'><em>fragm.</em></span> <span class='ocrx_word' id='word_1_863' title='bbox 462 3340 511 3371; x_wconf 84' lang='lat' dir='ltr'>vel</span> <span class='ocrx_word' id='word_1_864' title='bbox 534 3340 675 3371; x_wconf 82' lang='lat' dir='ltr'><em>auctoris</em></span> <span class='ocrx_word' id='word_1_865' title='bbox 694 3341 743 3371; x_wconf 83' lang='lat' dir='ltr'>vel</span> <span class='ocrx_word' id='word_1_866' title='bbox 769 3340 965 3380; x_wconf 78' lang='lat' dir='ltr'><em>excerptoris</em></span> <span class='ocrx_word' id='word_1_867' title='bbox 994 3340 1190 3380; x_wconf 78' lang='lat' dir='ltr'><em>negligentiae</em></span> <span class='ocrx_word' id='word_1_868' title='bbox 1214 3341 1359 3372; x_wconf 85' lang='lat' dir='ltr'><em>debetur.</em></span> <span class='ocrx_word' id='word_1_869' title='bbox 1387 3340 1471 3376; x_wconf 87' lang='lat' dir='ltr'><em>Quid</em></span> <span class='ocrx_word' id='word_1_870' title='bbox 1497 3340 1529 3371; x_wconf 88' lang='lat' dir='ltr'><em>in</em></span> <span class='ocrx_word' id='word_1_871' title='bbox 1551 3340 1636 3370; x_wconf 79' lang='lat' dir='ltr'><em>sonte</em></span> <span class='ocrx_word' id='word_1_872' title='bbox 1658 3338 1788 3371; x_wconf 79' lang='lat' dir='ltr'><em>Joannis</em></span> <span class='ocrx_word' id='word_1_873' title='bbox 1811 3338 1924 3375; x_wconf 83' lang='lat' dir='ltr'><em>suerit,</em></span> <span class='ocrx_word' id='word_1_874' title='bbox 1950 3336 2136 3375; x_wconf 79' lang='lat' dir='ltr'><em>intelligitur</em></span> <span class='ocrx_word' id='word_1_875' title='bbox 2156 3345 2194 3367; x_wconf 83' lang='lat' dir='ltr'>ex</span> <span class='ocrx_word' id='word_1_876' title='bbox 2220 3338 2282 3367; x_wconf 60' lang='lat' dir='ltr'>Eu,-</span> 
     </span>
     <span class='ocr_line' id='line_1_93' title="bbox 139 3381 2282 3426; baseline -0.001 -11"><span class='ocrx_word' id='word_1_877' title='bbox 139 3384 256 3423; x_wconf 75' lang='lat' dir='ltr'><em>tropio.</em></span> <span class='ocrx_word' id='word_1_878' title='bbox 275 3385 481 3424; x_wconf 86' lang='lat' dir='ltr'><em>Quamquam</em></span> <span class='ocrx_word' id='word_1_879' title='bbox 507 3386 567 3416; x_wconf 86' lang='lat' dir='ltr'>hoe</span> <span class='ocrx_word' id='word_1_880' title='bbox 580 3386 685 3426; x_wconf 86' lang='lat' dir='ltr'><em>ipsum</em></span> <span class='ocrx_word' id='word_1_881' title='bbox 701 3386 842 3417; x_wconf 75' lang='lat' dir='ltr'><em>historiae</em></span> <span class='ocrx_word' id='word_1_882' title='bbox 857 3386 1054 3417; x_wconf 75' lang='lat' dir='ltr'><em>contrarium</em></span> <span class='ocrx_word' id='word_1_883' title='bbox 1072 3394 1139 3417; x_wconf 86' lang='lat' dir='ltr'><em>esse</em></span> <span class='ocrx_word' id='word_1_884' title='bbox 1152 3385 1289 3416; x_wconf 83' lang='lat' dir='ltr'><em>videtur.</em></span> <span class='ocrx_word' id='word_1_885' title='bbox 1313 3387 1391 3417; x_wconf 79' lang='lat' dir='ltr'><em>Nam</em></span> <span class='ocrx_word' id='word_1_886' title='bbox 1409 3394 1473 3416; x_wconf 85' lang='lat' dir='ltr'><em>sec.</em></span> <span class='ocrx_word' id='word_1_887' title='bbox 1497 3387 1656 3416; x_wconf 76' lang='lat' dir='ltr'><em>Caesarem</em></span> <span class='ocrx_word' id='word_1_888' title='bbox 1670 3384 1807 3418; x_wconf 73' lang='lat' dir='ltr'><em>inssello</em></span> <span class='ocrx_word' id='word_1_889' title='bbox 1823 3384 1912 3415; x_wconf 75' lang='lat' dir='ltr'><em>Alex.</em></span> <span class='ocrx_word' id='word_1_890' title='bbox 1929 3391 1956 3413; x_wconf 85' lang='lat' dir='ltr'><em>c.</em></span> <span class='ocrx_word' id='word_1_891' title='bbox 1973 3385 2012 3417; x_wconf 79' lang='grc'>69</span> <span class='ocrx_word' id='word_1_892' title='bbox 2033 3383 2063 3412; x_wconf 80' lang='lat' dir='ltr'>et</span> <span class='ocrx_word' id='word_1_893' title='bbox 2083 3381 2175 3415; x_wconf 64' lang='lat' dir='ltr'><em>Dion„</em></span> <span class='ocrx_word' id='word_1_894' title='bbox 2195 3383 2282 3414; x_wconf 75' lang='lat' dir='ltr'><em>cass.</em></span> 
     </span>
     <span class='ocr_line' id='line_1_94' title="bbox 141 3427 2284 3474; baseline -0 -13"><span class='ocrx_word' id='word_1_895' title='bbox 141 3430 228 3469; x_wconf 82' lang='lat' dir='ltr'>XLI,</span> <span class='ocrx_word' id='word_1_896' title='bbox 255 3433 313 3470; x_wconf 75' lang='lat'>633</span> <span class='ocrx_word' id='word_1_897' title='bbox 332 3433 433 3472; x_wconf 80' lang='lat' dir='ltr'><strong>XLII,</strong></span> <span class='ocrx_word' id='word_1_898' title='bbox 456 3435 507 3472; x_wconf 78' lang='lat'>47,</span> <span class='ocrx_word' id='word_1_899' title='bbox 525 3432 703 3465; x_wconf 80' lang='lat' dir='ltr'><em>Pharnaces</em></span> <span class='ocrx_word' id='word_1_900' title='bbox 718 3433 868 3474; x_wconf 78' lang='lat' dir='ltr'><em>Pompeio</em></span> <span class='ocrx_word' id='word_1_901' title='bbox 884 3432 922 3464; x_wconf 79' lang='lat' dir='ltr'>ad</span> <span class='ocrx_word' id='word_1_902' title='bbox 941 3432 1126 3464; x_wconf 80' lang='lat' dir='ltr'><em>Pharsalum</em></span> <span class='ocrx_word' id='word_1_903' title='bbox 1142 3431 1294 3472; x_wconf 80' lang='lat' dir='ltr'><em>pugnanti</em></span> <span class='ocrx_word' id='word_1_904' title='bbox 1313 3440 1376 3462; x_wconf 88' lang='lat' dir='ltr'><em>nou</em></span> <span class='ocrx_word' id='word_1_905' title='bbox 1392 3431 1509 3463; x_wconf 75' lang='lat' dir='ltr'><em>tulerat</em></span> <span class='ocrx_word' id='word_1_906' title='bbox 1530 3431 1694 3463; x_wconf 63' lang='lat' dir='ltr'><em>auxilium.</em></span> <span class='ocrx_word' id='word_1_907' title='bbox 1713 3448 1754 3458; x_wconf 64' lang='lat' dir='ltr'>m-</span> <span class='ocrx_word' id='word_1_908' title='bbox 1770 3430 1982 3471; x_wconf 72' lang='grc' dir='ltr'>αὐτόχειρα</span> <span class='ocrx_word' id='word_1_909' title='bbox 2005 3427 2047 3459; x_wconf 75' lang='grc' dir='ltr'>Οοὶ</span> <span class='ocrx_word' id='word_1_910' title='bbox 2063 3428 2196 3469; x_wconf 80' lang='grc' dir='ltr'>νατον]</span> <span class='ocrx_word' id='word_1_911' title='bbox 2218 3430 2284 3462; x_wconf 77' lang='lat' dir='ltr'><em>Uoc</em></span> 
     </span>
    </p>
   </div>
  </div>
 </body>
</html>
