2372 3704
137 238 211 270 596

135 335 256 364 σαντες
276 315 332 358 οῧν
353 321 409 372 [οἳ
430 318 492 370 μὲν
513 321 547 358 ἐν
565 322 607 371 τῇ
625 318 741 367 πόλει,
758 321 789 358 οἱ
810 319 839 358 δ’
857 321 890 358 ἐν
910 323 959 374 τῷ
979 321 1102 373 πεδίῳ]
1125 320 1181 359 ἐπὶ

134 379 195 422 τὰς
209 377 349 422 Ἄλπεις
361 379 498 428 ἤγοντο,
518 377 582 428 ὄρη
598 378 729 431 ὑψηλά.
747 379 807 423 Ὡς
822 378 857 416 δὲ
875 378 1002 423 ταύτας
1016 379 1180 426 διέὸησαν

135 437 338 484 ἀκωλύτως,
358 437 628 479 καταὸαίνοντες
653 438 698 479 εἷς
728 436 766 474 τὸ
790 437 918 484 πεδίον,
938 437 1006 484 ἤδη
1033 437 1179 488 ἀνεθάρ-

135 495 244 548 ρησάν
270 511 307 534 τε
335 495 395 534 καὶ
423 495 644 534 ἐπαιάνισαν.
670 495 780 533 ’Ένθα
802 490 844 542 ἦν
870 495 969 539 πόλις
991 495 1179 543 Ἀκυληία·

132 554 218 606 πρὸς
235 554 278 602 ἣν
295 554 482 606 καταχθεὶς
500 557 516 591 ὁ
536 553 730 600 Μαξιμῖνος
749 548 824 606 εὑρε
844 552 905 604 μὲν
926 554 986 597 τὰς
1002 553 1114 597 πύλας
1126 569 1180 591 κε-

133 613 361 663 κλεισμένας,
379 613 438 651 τὸν
458 612 493 650 δὲ
515 613 662 664 στρατὸν
682 612 751 659 ἤδη
769 612 996 664 ἀπαγορεύειν
1017 613 1076 650 καὶ
1097 614 1180 649 ἀνα-

132 672 258 723 χωρεῖν
282 671 489 723 βουλόμενον
514 674 574 718 τῆς
595 670 813 722 πολιορκίας,
838 671 1051 722 βαλλόμενον
1076 670 1179 713 λίθοις

133 746 171 768 τε
192 730 250 768 καὶ
279 730 435 782 δόρασιν.
469 729 515 768 ‘O
537 729 572 767 δὲ
605 729 798 778 Μαξιμῖνος
819 729 1068 779 ἀγανακτήσας
1096 728 1181 780 πρὸς

132 789 211 832 τοὺς
242 787 473 842 στρατηγοὺς,
500 791 545 831 ὡς
565 787 792 840 ἀμελέστερον
823 787 1057 839 μαχομένους,
1079 788 1180 830 αὐτὸς

131 850 193 894 τ”ῆς
211 847 328 899 μάχης
349 847 473 899 εἴχετο.

184 919 216 946 8.
239 907 285 945 Οἱ
303 905 372 944 δὲ’
353 905 422 943 απὸ
435 909 495 952 τῆς
507 904 698 951 Ἀκυληίας
701 903 876 953 πανδημεὶ
894 903 952 942 ἐπὶ
969 905 1037 942 τῶν
1054 906 1178 956 τειχῶν

131 964 267 1016 νύκτωρ
295 964 354 1002 και
385 967 460 1014 μεθ’
486 963 623 1015 ἡμέραν
644 962 882 1023 ἀπεμάχοντο.
916 962 1179 1014 Ἐστρατήγουν

130 1023 166 1061 δὲ
184 1024 298 1061 αὐτῶν
317 1038 376 1061 και
394 1022 509 1060 πάντα
535 1021 590 1059 διὰ
609 1020 784 1073 φροντίδος
803 1024 896 1072 εἰχον
921 1020 1039 1072 ἄνδρες
1060 1021 1091 1072 β’
1110 1021 1178 1059 ἀπὸ

132 1081 318 1129 ὑπατείας,
337 1080 574 1132 ἐπιλεχθέντες
591 1079 656 1117 δὲ
644 1078 710 1116 υπὸ
724 1095 782 1126 της
797 1078 1005 1130 συγκλητου·
1018 1082 1066 1116 ὧν
1083 1082 1101 1118 ὁ
1116 1079 1178 1129 μὲν

130 1143 338 1192 Κρισπῖνος,
358 1142 375 1178 ὁ
395 1139 431 1177 δὲ
449 1139 649 1213 Μηνόφιλος
666 1139 843 1176 ἐκαλεῖτο·
861 1153 920 1175 και
942 1137 1031 1187 μετὰ
1047 1117 1178 1184 πολλ’ἧς

128 1199 290 1252 προνοίας
306 1199 349 1237 τὰ
366 1198 546 1245 ἐπιτήδεια
568 1196 841 1247 εἰσεκομίσαντο.
862 1191 933 1235 ῗἨν
954 1196 989 1234 δὲ
1015 1197 1074 1234 καὶ
1092 1197 1178 1235 ύδα-

130 1275 187 1303 τος
206 1258 363 1312 ἀφθονία.
386 1259 447 1310 Τῶ
471 1256 507 1295 δὲ
530 1255 718 1309 Μαξιμίνω
742 1255 833 1300 ἔδοξε
852 1255 1003 1305 πέμπειν
1029 1258 1062 1293 ἕν
1084 1256 1173 1308 σχή·

130 1333 214 1368 ματι
227 1316 417 1370 πρεσὸείας
429 1314 507 1359 τοὺς
520 1315 673 1354 κάτωθεν
688 1292 963 1364 διαλεξομένους,
979 1317 1007 1352 εἷ
1021 1315 1087 1367 ἄρα
1103 1316 1178 1354 πεί-

126 1392 224 1414 σειαν
238 1375 358 1419 αὐτοὺς
369 1373 568 1419 ἀνοῖξαιτὰς
575 1373 698 1416 πύλας.
710 1373 754 1411 ‘O
764 1373 797 1411 δὲ
810 1374 999 1424 Κρισπῖνος
1011 1374 1176 1425 περιέθεε,

129 1434 286 1484 δεόμενος
311 1433 360 1480 μὴ
380 1433 557 1471 πείθεσθαι
581 1431 791 1483 ὑποσχέσεσι
811 1432 977 1483 τυράννου
995 1433 1175 1485 ἐπιόρκου,

129 1492 221 1530 ἀλλὰ
234 1491 318 1544 πρὸς
329 1491 392 1538 τὴν
409 1489 597 1541 Ῥωμαίων
610 1489 803 1540 σύγκλητον
819 1489 952 1527 εὔνοιαν
970 1491 1153 1542 φυλάττειν
1166 1507 1173 1515 ·

128 1552 267 1588 πολλῶν
297 1548 410 1587 δὲκαὶ
436 1550 607 1601 χρησμῶν
635 1549 750 1590 αὐτοῖς
771 1547 830 1584 καὶ
860 1549 1032 1597 μαντείων
1054 1549 1174 1587 αἰσίων

127 1609 334 1662 γενομένων,
352 1608 489 1646 ἔπεισεν
503 1606 628 1650 αὐτοὺς
644 1606 835 1650 ἀποδιῶξαι
849 1606 927 1650 τοὺς
943 1607 1117 1660 πρέσὲεις.

181 1683 211 1708 9.
243 1668 290 1707 ‘O
314 1667 350 1705 δὲ
371 1667 565 1716 Μαξιμῖνος
584 1668 695 1703 ταῦτα
717 1664 836 1719 μαθὼν
857 1666 989 1703 πλείονι
1010 1666 1174 1720 τῷέθυμῷ

128 1726 325 1779 ἐχρήσατο,
350 1725 411 1763 καὶ
430 1725 634 1777 γεφυρώσας
653 1722 710 1761 τὸν
739 1723 982 1775 παραρρέοντα
1002 1726 1173 1776 ποταμὸν,

127 1784 343 1836 προσήγγισε
365 1785 417 1835 τῷ
444 1782 571 1834 τείχει,
590 1781 650 1819 καὶ
670 1782 894 1832 τειχομαχεῖν
921 1782 1050 1834 ἤρξατο
1070 1785 1174 1822 παντὶ

128 1843 252 1883 σθένει.
278 1842 428 1881 Πολλῶν
455 1840 491 1878 δὲ
513 1839 636 1892 σχεδὸν
657 1839 807 1885 ἑκάστης
827 1840 959 1892 ἡμέρας
980 1842 1173 1892 γενομένων

126 1901 343 1955 προσὸολῶν,
364 1899 422 1938 καὶ
441 1898 570 1941 παντὸς
587 1901 644 1936 τοῦ
666 1900 815 1949 στρατοῦ
832 1896 950 1949 ὥσπερ
966 1901 1171 1950 σαγηνεύον-

78 1979 81 1987 ⁴
127 1975 183 2002 τος
203 1958 266 2006 τὴν
286 1958 399 2005 πόλιν,
421 1955 511 2008 μετὰ
527 1958 659 2003 πολλῆς
681 1956 758 2008 βίας
777 1956 836 1994 καὶ
857 1957 1035 2009 προθύμου
1057 1959 1174 2011 μάχης

127 2021 283 2070 ἀντεῖχον
301 2020 331 2056 οἳ
352 2016 550 2063 Ἀκυλήσιοι
570 2015 746 2066 πανδημεὶ
764 2015 838 2066 ἅμα
858 2017 991 2068 γυναιξὶ
1007 2019 1067 2056 καὶ
1086 2035 1172 2056 παι-

126 2078 192 2125 σὶν,
210 2076 286 2115 οὐδέ
303 2092 354 2120 τις
376 2071 430 2124 ἦν,
451 2074 485 2118 ὃς
503 2073 553 2125 μὴ
575 2080 715 2126 μετεῖχε
737 2076 802 2111 τῶν
821 2073 906 2126 ὑπὲρ
924 2076 1087 2127 πατρίδος
1107 2077 1173 2115 πό-

125 2151 192 2174 νων
209 2151 216 2160 ·
244 2134 321 2174 οὐδὲ
344 2134 430 2187 ᾤετο
449 2133 642 2184 Μαξιμῒνος
668 2132 781 2176 ἄλλως
802 2134 897 2186 αὐτῷ
917 2134 979 2180 τὴν
997 2134 1056 2172 ἐπὶ
1078 2135 1172 2174 Ῥώ-

126 2212 194 2246 μην
227 2194 303 2233 ὁδὸν
325 2194 463 2232 ἔσεσθαι
488 2193 663 2244 εὐπρεπῆ,
681 2193 711 2229 εἰ
732 2191 780 2241 μὴ
797 2192 963 2245 πρότερον
983 2193 1047 2240 τὴν
1075 2196 1170 2232 ἀντι-

125 2261 259 2293 στᾶσαν
276 2257 337 2300 τ’ῆς
351 2251 504 2295 Ἰταλίας
520 2251 621 2289 πόλιν
641 2251 783 2302 καθέλῃ.
804 2250 1039 2303 <Υποσχέσεσί
1059 2269 1095 2291 τε
1112 2247 1170 2291 οἶν

125 2314 183 2350 καὶ
209 2314 352 2364 δωρεαῖς
378 2311 479 2354 αὐτός
506 2325 543 2348 τε
562 2309 622 2347 καὶ
642 2312 660 2346 ὃ
679 2314 761 2353 παῖς
782 2310 885 2347 αὐτοῦ
898 2340 907 2357 ,
928 2310 964 2348 ὃν
986 2312 1170 2358 πεποιήκει

126 2371 313 2423 Καίσαρα,
332 2369 544 2422 περιθέοντες
560 2367 617 2405 τὸν
638 2367 784 2419 στρατὸν
809 2367 1001 2408 ἀνέπειθον.

180 2443 225 2468 10.
246 2431 292 2468 Οἳ
313 2428 348 2466 δὲ
369 2426 564 2472 Ἀκυλήσιοι
582 2425 688 2468 λίθοις
706 2441 743 2463 τε
767 2425 867 2477 [καὶ]
889 2430 1071 2479 κιρνῶντες
1091 2428 1170 2482 θείῳ

124 2488 185 2527 καὶ
213 2487 382 2540 ἀσφάλτῳ
412 2485 542 2522 πίσσαν
563 2483 623 2521 καὶ
654 2483 769 2521 ἔλαιον
798 2483 944 2522 ἔὸαλλον
972 2486 1030 2523 τὸν
1061 2502 1168 2538 στρα-

124 2549 202 2586 τόν·
224 2545 446 2598 πυρώσαντες
465 2543 531 2596 γὰρ
551 2546 682 2588 ταῦτα,
704 2542 837 2594 ὅμὸρου
863 2543 960 2590 δίκην
987 2545 1169 2597 κατεχών-

123 2622 215 2653 νυον,
233 2603 324 2642 ὥστε
342 2605 554 2654 γυμνοῦσθαι
575 2601 699 2643 αὐτοὺς
718 2603 786 2638 τῶν
809 2602 924 2638 ὅπλων
945 2603 1168 2654 καιομένους,

124 2680 184 2703 και
198 2662 451 2716 διαφθείρεσθαι
467 2659 511 2698 τά
527 2675 564 2698 τε
579 2659 750 2711 πρόσωπα
767 2659 826 2697 καὶ
843 2659 904 2703 τὰς
918 2666 1038 2712 χεῖρας
1057 2663 1168 2713 ἀκρω-

123 2721 408 2774 τηριαζομένους·
439 2718 530 2757 ἀλλὰ
553 2717 622 2769 μὴν
641 2717 700 2755 καὶ
721 2717 781 2761 τὰς
810 2719 1073 2792 προσριγομένας
1102 2736 1170 2769 μη-

123 2780 234 2833 χανὰς
252 2779 362 2829 ταύτῃ
379 2780 421 2829 τῇ
435 2777 538 2829 σοφία
554 2775 753 2814 κατέκαιον.
772 2779 852 2815 Τῶν
868 2775 931 2827 μὲν
947 2780 1004 2814 οὖν
1023 2776 1168 2828 πρώτων

120 2840 264 2891 ἡμερων
295 2835 481 2878 ἀντίπαλός
509 2850 583 2878 πως
602 2834 662 2872 καὶ
691 2834 871 2887 ἰσόρροπος
892 2834 1050 2885 ἔμενενὴ
1079 2835 1168 2887 τύχη

124 2902 185 2945 τ’ἦς
203 2897 319 2948 μάχης
330 2911 338 2918 ·
352 2894 478 2947 χρόνου
493 2893 528 2931 δὲ
542 2893 743 2944 γενομένου,
763 2893 784 2931 δ’
799 2909 834 2931 τε
851 2893 995 2945 στρατὸς
1015 2898 1073 2932 τοῦ
1089 2897 1169 2933 Μα-

124 2956 256 3006 ξιμίνου
270 2955 412 3005 ὀκνηρὸς
424 2953 573 3004 ἐγένετο,
587 2952 647 2990 καὶ
660 2952 794 2990 πταίων
809 2955 869 2999 τῆς
880 2952 1015 2996 ἐλπίδος
1032 2952 1169 3003 ἀθύμως

125 3015 291 3054 διέκειτο·
309 3029 340 3051 οι
361 3013 395 3050 δὲ
418 3012 645 3058 Ἀκυλήσιοι’
631 3011 821 3063 ερρώνυντό
841 3027 878 3049 τε
895 3009 954 3050 καὶ
974 3014 1040 3049 τῶν
1063 3027 1168 3063 στρα-

125 3075 256 3112 τιωτῶν
282 3070 528 3123 κατεφρόνουν,
551 3069 639 3107 ὥστε
661 3070 719 3107 καὶ
740 3069 912 3108 σκώπτειν
930 3069 987 3108 τὸν
1009 3070 1170 3118 Μαξιμῒ-

123 3150 193 3181 νον,
212 3132 268 3170 καὶ
284 3131 399 3183 ύόρεις
416 3129 562 3181 αἰσχρὰς
579 3131 656 3181 [εἷς]
676 3129 778 3166 αὐτὸν
793 3129 1029 3181 ἀπορρίπτειν·
1046 3131 1097 3181 ἐφ’
1117 3132 1170 3173 αἱς

125 3193 253 3234 ἐκεῖνος
272 3189 470 3239 κινούμενος
497 3204 574 3231 τους
605 3189 716 3231 ἰδίους
737 3188 912 3235 ἐκόλαζεν,
940 3191 984 3232 ὡς
1009 3187 1169 3240 ραθύμως

125 3251 186 3290 καὶ
203 3249 379 3301 ἀνάνδρως
395 3246 692 3300 προσφερομένους
704 3250 747 3298 τῇ
765 3247 946 3300 πολιορκίᾳ
959 3263 967 3271 ·
983 3247 1057 3284 ὅθεν
1076 3248 1169 3299 αὐτῷ

932 231 1146 271 JOANle
1175 231 1484 273 ANTIOCHENI

1240 322 1456 374 περιεγένετο
1473 323 1560 376 πρὸς
1580 323 1642 373 μὲν
1663 324 1731 361 τῶν
1755 322 1891 362 οἰκείων
1918 323 2018 374 μῖσός
2037 322 2073 362 τὲ
2101 323 2161 363 καὶ
2185 324 2290 379 ὀργὴ,

1239 380 1326 432 πρὸς
1343 381 1378 419 δὲ
1394 384 1463 420 τῶν
1481 381 1679 420 ἀντιπάλων
1695 381 1966 434 καταφρόνησις.

1295 453 1340 478 11.
1375 438 1567 478 Συνέὸαινε
1587 439 1623 478 δὲ
1639 445 1708 483 τοῖς
1725 439 1941 487 Ἀκυλησίοις
1961 439 2093 488 πολλὴν
2119 441 2290 495 ὑπάρχειν

1238 500 1306 536 τῶν
1331 499 1539 545 ἐπιτηδείων
1569 498 1745 548 ἀφθονίαν,
1766 498 1906 537 πάντων
1937 501 1971 538 ἓν
1991 502 2035 551 τῇ
2055 500 2155 539 πόλει
2175 516 2291 540 σεσω-

1217 593 1219 595 .
1241 556 1413 607 ρευμένων
1427 572 1435 580 ·
1457 559 1475 594 ὃ
1494 556 1529 594 δὲ
1556 555 1703 609 στρατὸς
1721 557 1918 596 τούναντίον
1939 559 1974 595 ἐν
1995 558 2120 598 σπάνει
2147 560 2290 598 πάντων

1239 616 1411 666 ὑπῆρχεν,
1432 614 1499 652 ὑπὸ
1519 620 1664 661 σκηναῖς
1686 630 1724 652 τε
1753 615 1988 667 αὐτοσχεδίοις
2012 617 2073 655 καὶ
2100 620 2222 670 γυμνῷ
2241 621 2292 672 τῷ

1239 672 1313 724 ἀέρι
1330 673 1529 725 διατρίὸων.
1548 674 1594 711 Οἱ
1608 672 1675 725 γὰρ
1691 673 1865 722 Ῥωμαῖοι
1878 674 1994 712 πάντα
2005 676 2288 727 προκατέλαὸον,

1240 730 1429 774 ὑπατικοὺς
1446 731 1572 783 ἄνδρας
1589 730 1896 783 προχειρισάμενοι
1921 735 1983 780 τῆς
1997 733 2090 771 κατὰ
2109 730 2170 781 τὴν
2191 735 2290 775 Ἰτα-

1237 787 1316 826 λίαν
1340 794 1504 840 φρουρᾶς.
1528 787 1719 827 Συνέὸαινε
1745 789 1780 826 δὲ
1801 789 1861 827 καὶ
1880 789 1938 828 τὸν
1957 790 2104 842 στρατὸν
2123 793 2291 831 δοκοῦντα

1237 846 1447 898 πολιορκεῖν,
1469 845 1572 883 αὐτὸν
1609 847 1868 899 πολιορκεῖσθαι
1883 863 1891 871 ·
1921 847 1995 886 ὅθεν
2027 851 2062 887 ἐν
2095 850 2291 902 ἀπογνώσει

1237 904 1414 954 γενόμενοι
1434 906 1465 942 οἱ
1487 907 1717 957 στρατιῶται,
1738 905 1784 944 τά
1805 921 1841 944 τε
1858 905 1950 944 κατὰ
1974 906 2036 953 τὴν
2058 907 2203 959 Ῥώμην
2230 909 2291 948 καὶ

1237 968 1355 1000 πᾶσαν
1376 963 1439 1009 τὴν
1470 962 1627 1002 Ἰταλίαν
1651 963 1856 1013 πυθόμενοι,
1886 965 2081 1017 αἰφνιδίως,
2112 969 2291 1005 ἀναπαυο-

1238 1019 1342 1070 μένου
1362 1024 1422 1058 τοῧ
1454 1020 1653 1071 Μαξιμίνου
1686 1023 1719 1059 ἐν
1751 1025 1795 1073 τῇ
1826 1025 1959 1074 σκηνῇ,
1981 1023 2040 1061 καὶ
2067 1026 2129 1071 τῆς
2158 1024 2292 1077 ἡμέρας

1237 1079 1368 1126 ἐκείνης
1389 1081 1424 1117 ἐν
1445 1079 1559 1117 ἀνέσει
1579 1083 1638 1118 τοῦ
1656 1080 1810 1131 πολέμου
1830 1080 1953 1127 οὔσης,
1973 1084 2041 1119 τῶν
2057 1097 2095 1120 τε
2114 1083 2290 1122 πλείστων

1237 1139 1284 1182 εἰς
1311 1138 1371 1182 τὰς
1392 1138 1521 1185 σκηνὰς
1548 1139 1885 1190 ἀνακεχωρηκότων,
1905 1138 1997 1185 ἔδοξε
2020 1145 2090 1184 τοῖς
2117 1142 2289 1194 στρατιώ-

1236 1212 1330 1244 ταις,
1352 1196 1384 1235 οἳ
1405 1197 1489 1248 πρὸς
1510 1199 1552 1249 τῇ
1574 1196 1764 1247 Ῥωμαίων
1794 1197 1892 1236 πόλει
1925 1199 2158 1250 στρατόπεδον
2192 1195 2287 1252 εἶχον

1237 1255 1302 1292 ὑπὸ
1322 1255 1360 1293 τὸ
1378 1256 1593 1306 καλούμενον
1607 1255 1788 1306 Ἀλὸανὸν,
1806 1255 1885 1294 ἔνθα
1903 1257 2030 1300 παῖδας
2045 1257 2104 1295 καὶ
2121 1260 2287 1308 γυναῖκας

1235 1314 1549 1361 καταλελοίπεσαν,
1586 1318 1752 1367 φονεῦσαι
1781 1314 1841 1353 τὸν
1873 1315 2084 1365 Μαξιμῖνον,
2120 1318 2166 1361 ὡς
2196 1317 2290 1355 παύ-

1236 1386 1355 1410 σαιντο
1373 1372 1513 1446 χρονίου
1534 1374 1758 1425 πολιορκίας,
1781 1373 1906 1424 μηκέτι
1923 1373 1991 1425 [δὲ]
2018 1377 2174 1426 πορθοῖεν
2193 1375 2287 1414 Ἰτα-

1236 1430 1346 1468 λίαν
1334 1432 1420 1483 υπὲρ
1450 1432 1619 1492 τυράννου
1640 1431 1926 1482 κατεγνωσμένου
1946 1432 2006 1469 και
2028 1432 2284 1482 μεμισημένον.

1236 1489 1486 1540 Τολμήσαντες
1501 1494 1558 1528 οὖν
1577 1490 1696 1528 ἐπίασι
1712 1506 1754 1542 τῃ
1773 1493 1884 1542 σκηνῇ
1904 1489 1985 1541 περὶ
2006 1490 2117 1540 μέσην
2137 1491 2286 1564 ἡμέραν,

1237 1548 1485 1599 συναραμένων
1505 1549 1620 1592 αὐτοῖς
1633 1548 1693 1586 καὶ
1710 1551 1776 1586 τῶν
1796 1548 2004 1600 δορυφόρων,
2021 1549 2081 1592 τάς
2100 1565 2137 1586 τε
2152 1551 2288 1594 εἰκόνας

1235 1608 1274 1644 ἐκ
1293 1609 1360 1644 τῶν
1383 1607 1538 1657 σημείων
1565 1610 1794 1653 κατασπῶσι,
1822 1606 1881 1644 καὶ
1906 1607 2007 1644 αὐτὸν
2028 1606 2089 1644 σὺν
2113 1610 2162 1659 τῷ
2186 1609 2285 1647 παιδὶ

1236 1666 1425 1718 ἀναιροῦσι.
1449 1665 1644 1705 Φονεύουσι
1662 1665 1697 1703 δὲ
1718 1665 1778 1702 καὶ
1798 1665 1855 1702 τὸν
1874 1665 2074 1716 ἐπάρχοντα
2098 1669 2158 1704 τοῦ
2179 1682 2285 1719 στρα·

1235 1727 1295 1761 τοῦ
1307 1753 1316 1771 ,
1336 1723 1469 1767 πάντας
1485 1739 1520 1761 τε
1539 1726 1719 1772 ἀναιροῦσι
1736 1722 1812 1766 τοὺς
1829 1722 1948 1775 ἐκείνῳ
1963 1723 2126 1776 θυμήρεις
2140 1741 2148 1748 ·
2165 1725 2285 1778 ῥίψαν·

1234 1782 1287 1825 τές
1314 1798 1351 1820 τε
1367 1782 1411 1819 τὰ
1428 1782 1577 1832 σώματα
1594 1781 1675 1825 'rost'
1686 1781 1907 1833 βουλομένοις
1927 1782 2128 1834 ἒνυὸρίζειν,
2147 1783 2285 1834 [εἴασαν

1234 1841 1314 1878 κυσί
1336 1856 1373 1878 τε
1397 1841 1456 1878 καὶ
1485 1841 1593 1893 ὄρνισι
1616 1840 1737 1893 βοράν]
1755 1855 1764 1864 ·
1781 1839 1911 1878 τούτων
1939 1839 1974 1878 δὲ
2000 1841 2061 1885 τὰς
2079 1841 2235 1894 κεφαλὰς
2254 1845 2286 1885 ἐς

1235 1899 1380 1948 Ῥώμην
1407 1899 1583 1952 ἔπεμψαν.
1615 1899 1774 1951 Τοιούτῳ
1803 1898 1865 1948 μὲν
1897 1898 1938 1944 δὴ
1969 1898 2059 1936 τέλει
2090 1900 2285 1950 Μἀξιμῖνος

1234 1957 1293 1996 καὶ
1312 1961 1329 1996 ὁ
1349 1963 1431 2001 παῖς
1448 1959 1554 1995 αὐτοῦ
1573 1958 1790 2010 ἐχρήσαντο,
1813 1957 2080 2008 βασιλεύσαντες
2099 1959 2158 2006 ἔτη
2174 1957 2219 2009 γ’,
2233 1958 2284 1997 δι’·

1233 2032 1297 2061 κας
1316 2023 1468 2069 πονηρᾶς
1490 2018 1600 2068 ἀρχῆς
1621 2015 1845 2067 ὑποσχόντες.

1428 2110 1667 2148 ΜΑΞΙΜΟΣ
1696 2110 1785 2149 ΚΑΙ
1814 2110 2082 2149 ΒΑΛΒΙΝΟΣ.

1287 2205 1333 2231 12.
1365 2190 1411 2231 ‘O
1433 2190 1469 2229 δὲ
1493 2190 1639 2242 στρατὸς
1673 2193 1718 2234 ὡς
1746 2190 1889 2228 ἐπύθετο
1918 2189 1962 2227 τὰ
1985 2189 2176 2240 γενόμενα,
2197 2189 2284 2242 πρὸς

1231 2249 1293 2297 τὴν
1321 2249 1511 2296 Ἀκυληίαν
1542 2249 1819 2301 παραγενόμενος
1849 2250 1882 2286 ἐν
1916 2251 2080 2301 εἷρηνικῷ
2101 2251 2281 2300 σχήματι,

1232 2309 1324 2352 ἐντὸς
1352 2309 1416 2358 μὲν
1437 2311 1508 2346 τῶν
1535 2310 1660 2359 τειχῶν
1690 2309 1754 2358 οὐχ
1773 2307 1963 2359 ὑπεδέχθη,
1983 2306 2060 2349 τοὺς
2081 2306 2117 2345 δὲ
2137 2306 2204 2344 ὑπὸ
2221 2311 2283 2355 τῆς

1233 2366 1432 2418 συγκλήτου
1455 2365 1719 2417 ἀναδειχθέντας
1735 2365 1993 2417 αὐτοκράτορας
2012 2364 2172 2417 εὐφήμει·
2191 2364 2282 2403 οὕτω

1232 2441 1269 2463 τε
1299 2425 1431 2475 ἔμεινεν
1463 2423 1560 2476 παρὰ
1590 2423 1633 2461 τὰ
1663 2422 1783 2474 τείχη,
1803 2424 2027 2472 κομιζόμενος
2056 2421 2100 2460 τὰ
2130 2422 2280 2475 χρειώδη

1231 2483 1327 2535 παρὰ
1347 2485 1415 2521 τῶν
1437 2482 1546 2522 ἔνδον.
1569 2484 1616 2522 Οἱ
1634 2481 1669 2520 δὲ
1687 2482 1803 2524 ἱππεῖς
1822 2483 1853 2520 οἱ
1871 2481 1932 2528 τὴν
1952 2480 2150 2531 Μαξιμίνου
2169 2497 2281 2534 κεφα-

1230 2543 1294 2588 λὴν
1310 2542 1523 2592 κομίζοντες,
1542 2539 1671 2592 μεταξὺ
1695 2540 1851 2579 Ἀλτίνου
1867 2555 1902 2577 τε
1920 2540 1979 2577 καὶ
2000 2539 2192 2587 Ῥαὸέννης
2212 2555 2280 2578 πε-

1232 2599 1389 2652 ριέτυχον
1418 2599 1576 2652 Μαξίμῳ
1606 2598 1858 2649 αὐτοκράτορι,
1889 2597 2100 2649 διατρίὸοντι
2131 2599 2165 2635 ἐν
2194 2597 2281 2636 Ῥα-

1231 2658 1353 2708 ὅέννῃ,
1374 2658 1453 2696 ἔνθα
1479 2658 1556 2701 τούς
1579 2672 1617 2695 τε
1635 2657 1704 2695 ἀπὸ
1724 2656 1869 2706 Ῥώμης
1895 2656 2095 2699 ἐπιλέκτους
2122 2655 2182 2694 καὶ
2202 2655 2281 2700 τοὺς

1230 2716 1299 2754 ἀπὸ
1311 2716 1464 2759 Ἰταλίας
1473 2717 1623 2767 λογάδας
1635 2715 1789 2768 ἥθροιζεν
1799 2729 1807 2737 ·
1824 2716 1947 2767 ἀφῖκτο
1958 2712 1994 2751 δὲ
2006 2715 2100 2765 αὐτῷ
2115 2713 2175 2752 καὶ
2192 2729 2281 2764 συμ-

1230 2776 1355 2827 μάχων
1375 2778 1516 2821 πλῆθος.
1541 2774 1849 2826 Παρασκευάζοντι
1870 2772 1906 2810 δὲ
1925 2773 2019 2824 αὐτῷ
2037 2771 2098 2816 τὰς
2118 2771 2280 2822 δυνάμεις

1229 2833 1412 2885 προσίασιν
1433 2835 1494 2885 [οἱ]
1507 2832 1568 2879 τὴν
1585 2831 1740 2882 κεφαλὴν
1759 2835 1794 2870 Μ
1802 2830 1957 2880 αξιμίνου
1974 2830 2130 2882 φέροντες
2143 2829 2203 2867 καὶ
2218 2833 2278 2868 τοῦ

1229 2893 1370 2936 παιδός·
1388 2893 1510 2936 εὐθέως
1526 2907 1563 2930 τε
1591 2891 1754 2941 Μάξιμος
1773 2890 1905 2940 πέμπει
1930 2888 2006 2932 τοὺς
2022 2891 2140 2932 ἱππεῖς
2165 2890 2198 2931 ἐς
2215 2888 2278 2934 τὴν

1230 2950 1388 3001 ζΡώμην,
1405 2950 1637 3001 ἀγγέλλοντας
1654 2949 1697 2987 τὰ
1713 2948 1912 3001 πραχθέντα
1929 2950 1977 2999 τῷ
1996 2947 2120 2999 δήμῳ,
2138 2946 2199 2984 καὶ
2215 2946 2277 2993 τὴν

1229 3009 1382 3062 κεφαλὴν
1404 3009 1609 3059 κομίζοντας
1635 3011 1694 3045 τοῦ
1721 3006 1890 3056 πολεμίου
1921 3004 2275 3052 ἀνεσκολοπισμένην,

1229 3071 1274 3112 ὡς
1298 3074 1386 3106 πᾶσι
1413 3067 1598 3117 περίοπτος
1627 3065 1694 3112 εἴη.
1731 3065 1801 3104 Καὶ
1827 3064 1923 3102 οὐδὲν
1941 3066 2049 3101 εἰπεῖν
2076 3063 2167 3101 ἔστιν
2184 3063 2277 3115 λόγῳ

1230 3127 1360 3172 ἐκείνης
1376 3129 1438 3172 τῆς
1454 3124 1586 3176 ἡμέρας
1606 3123 1667 3170 τὴν
1684 3123 1818 3174 ἑορτήν.
1838 3122 1930 3161 Οὐδὲ
1948 3122 2014 3174 γὰρ
2031 3122 2151 3168 ἡλικία
2170 3137 2221 3165 τις
2235 3117 2275 3167 ἦν

1228 3186 1250 3233 ἢ
1272 3185 1320 3235 μὴ
1340 3184 1426 3236 πρὸς
1444 3183 1522 3226 τοὺς
1538 3182 1674 3234 βωμούς
1691 3197 1728 3219 τε
1744 3181 1803 3220 καὶ
1823 3181 1867 3219 τὰ
1886 3182 1963 3234 ἱερὰ
1983 3181 2164 3232 ἠπείγετο·
2182 3181 2277 3232 [οὔτε

1229 3261 1278 3288 τις
1298 3243 1415 3294 ἔμενεν
1437 3241 1543 3289 οἴκοι,
1571 3241 1647 3279 ἀλλ’
1667 3241 1785 3293 ὥσπερ
1802 3242 2041 3283 ἐνθουσιῶντες
2066 3239 2274 3292 ἐφέροντο,]

134 3311 2273 3332 Μ

125 3373 164 3378 ——
179 3354 377 3391 ἐπαιώνησαν
392 3352 462 3383 cod.
477 3370 518 3374 —
530 3351 548 3392 ᾗ
561 3357 613 3383 10.
629 3353 751 3384 πίσσα
761 3364 776 3382 ν
792 3353 855 3382 καὶ
876 3353 984 3383 ἔλαιο
995 3351 1032 3392 ν]
1048 3353 1099 3382 καὶ
1113 3351 1212 3391 πίσσῃ
1226 3351 1279 3381 καὶ
1291 3349 1384 3389 ἐλαίῳ
1397 3347 1469 3380 cod.
1484 3346 1655 3379 Herodian.
1669 3348 1743 3377 Vln
1756 3370 1764 3384 ,
1777 3348 1792 3376 4
1805 3369 1813 3384 ‚
1830 3349 1869 3376 26
1885 3354 1893 3374 τ
1909 3346 1937 3375 οἱ
1953 3345 1984 3376 δὲ
1999 3344 2171 3380 Ἀκυλὴσιοι
2182 3342 2275 3377 λίθοις
2301 3385 2304 3388 ι

124 3412 158 3433 τε
176 3402 302 3432 ἓὸαλλον
321 3400 448 3439 ἄνωθεν,
463 3400 515 3430 καὶ
533 3403 693 3439 κιρνῶντες
709 3399 780 3437 θείῳ
797 3400 848 3429 καὶ
871 3399 1016 3439 ἀσφάλτῳ
1030 3399 1146 3431 πίσσαν
1164 3399 1318 3433 ἑλόντες
1339 3397 1382 3436 (1.
1399 3395 1500 3428 ἔλαιόν
1517 3394 1608 3434 τε)...

1625 3392 1911 3424 κατεσκεδάννυσαν
1918 3416 1923 3422 .
