2372 3704
472 217 917 267 ARISTONICORUM‚
948 213 1327 255 ARISTOPHANIS
1356 214 1532 254 BOEOTI
1566 215 1905 255 FRAGMENTA.

130 347 615 419 Ams'ro'NiCUS
645 357 1135 415 TARENTINUS.

615 515 648 539 1.

162 597 386 632 Ptolemaeus
414 595 605 644 Hephaest.
631 596 730 632 Nov.
761 596 858 630 Hist.
879 596 912 639 Ι,
929 607 966 643 p.
1000 591 1070 628 183
1098 593 1157 629 ed.

109 659 313 694 Westerm.
338 670 345 692 ε
380 653 543 706 Ἀχιλλέα
561 652 622 704 μὲν
651 651 880 705 Ἀριστόνικος
907 654 925 690 ὁ
945 651 1160 703 Ταραντῖνος

110 713 333 766 διατρίὸοντα
365 714 399 750 ἐν
421 717 496 756 ταῖς
513 711 694 765 παρθένοις
722 710 821 764 παρὰ
840 709 1044 761 Λυκομήδει
1066 711 1161 762 Kep-

109 772 260 825 κυσέραν
277 770 460 810 καλεῖσθαί
478 786 599 824 φησιν·
633 771 791 809 ἐκαλεῖτο
819 769 855 808 δὲ
874 769 934 808 καὶ
959 769 1078 809 Ἰσσὰν
1103 769 1162 807 καὶ

112 830 256 884 Πυρρὰν
283 830 365 882 (καὶ
377 828 502 869 Ἴσσαν
519 829 580 868 καὶ
597 828 740 882 Πύρραν
751 844 759 852 ·
775 830 932 867 ἐκαλεῖτο
953 827 988 867 δὲ
1011 827 1070 866 καὶ
1085 842 1156 867 em.

112 891 280 941 Roulez)
294 888 465 939 Ἄσπετος
485 889 544 927 καὶ
569 887 786 941 Προμηθεύς.

620 1021 657 1045 2.

166 1099 224 1137 Id.
246 1099 298 1135 ib.
318 1099 384 1134 lib.
405 1099 443 1133 II
462 1093 569 1135 :⁶012
581 1094 645 1141 τὴν
660 1094 771 1145 μέσην
789 1093 947 1145 κεφαλὴν
957 1097 1018 1156 ἱῆς
1030 1093 1165 1146 “rapam

113 1155 343 1209 Ἀριστόνικός
374 1170 478 1208 φησιν
506 1157 524 1193 ὁ
541 1156 756 1206 Ταραντῖνος
782 1156 933 1205 χρυσοῦν
955 1156 1057 1191 εἶναι.
1082 1156 1165 1202 Hy-

114 1216 222 1251 dram
242 1215 429 1263 intellige,
453 1227 566 1262 quam
586 1215 767 1251 Hercules
784 1213 939 1249 occidit,

624 1318 659 1357 3.

170 1409 342 1456 Hyginus
366 1407 469 1442 Poet.
484 1413 626 1441 astron.
643 1407 694 1449 II,
719 1404 766 1446 34
793 1418 800 1440 ε
820 1406 925 1446 Hunc
944 1403 1164 1456 (Orionem)

116 1466 296 1502 Hesiodus
318 1465 484 1512 Neptuni
497 1463 624 1509 filium
639 1464 747 1506 dicit,
778 1475 827 1498 ear
845 1464 1010 1510 Euryale
1030 1465 1168 1501 Minois

114 1526 198 1569 filia
214 1532 359 1568 natum,
389 1534 596 1558 concessum
611 1530 734 1557 autem
760 1525 808 1563 ei,
844 1530 883 1557 ut
906 1535 1017 1571 super
1039 1523 1168 1562 fluctus

116 1591 290 1627 curreret,
307 1594 374 1618 nec
388 1594 449 1618 eos
465 1579 700 1630 infringeret.
722 1583 953 1617 Aristonicus
966 1590 1089 1618 autem
1105 1585 1169 1619 cli-

115 1650 167 1683 cit
180 1645 364 1694 quendam
382 1644 507 1690 Hyrca
515 1640 640 1689 fuisse
666 1642 814 1686 Thebis,
839 1644 1026 1679 Pindarus
1046 1653 1168 1681 autem

117 1710 154 1741 in
173 1704 296 1740 insula
311 1702 419 1740 Chio.
438 1703 546 1737 Hunc
571 1710 712 1745 autem,
738 1715 848 1750 quum
868 1703 994 1738 lovem
1014 1712 1051 1738 et
1070 1705 1168 1740 Mer.

119 1767 258 1801 curium
287 1763 444 1811 hospitio
471 1765 678 1810 recepisset,
703 1764 854 1809 petiisse
878 1762 927 1796 ab
948 1765 1007 1805 iis,
1036 1771 1076 1798 ut
1096 1764 1170 1799 sibi

122 1823 267 1872 aliquid
296 1820 491 1858 liberorum
515 1829 737 1858 nasceretur.
768 1823 902 1868 Itaque
927 1834 997 1868 quo
1012 1820 1171 1867 facilius

115 1887 271 1933 petitum
305 1885 531 1930 impetraret,
571 1881 693 1916 bovem
718 1882 929 1916 immolasse
953 1889 991 1916 et
1019 1881 1076 1917 his
1100 1895 1171 1930 pro

120 1944 241 1991 epulis
257 1944 482 1990 apposuisse.
503 1941 613 1985 Quod
631 1952 740 1987 quum
751 1937 932 1984 fecisset,
962 1944 1171 1988 poposcisse

120 2005 246 2038 lovem
274 2008 311 2036 et
336 2001 558 2035 Mercurium
588 1999 686 2046 quod
703 2002 841 2034 corium
865 1999 913 2033 de
937 2000 1023 2034 bove
1031 1998 1173 2044 fuisset

121 2063 336 2102 detractum,
361 2066 399 2093 et
409 2058 507 2106 quod
507 2055 688 2103 fecerant
703 2060 837 2101 urinoe,
862 2061 899 2091 in
917 2062 1056 2093 corium
1075 2057 1171 2103 insu-

121 2121 241 2155 diSse:
267 2130 316 2154 ex
335 2129 407 2165 quo
417 2124 550 2164 postea
566 2123 694 2151 natum
705 2127 876 2163 puerum,
896 2129 1002 2163 quem
1030 2118 1172 2163 Hyreus

122 2192 142 2214 e
142 2176 254 2224 facto
274 2177 416 2214 Uriona
431 2179 582 2211 nomine
601 2175 819 2223 appellavit.

175 2233 427 2284 Aristonicus]
449 2235 489 2269 in
503 2234 584 2269 aliis
597 2233 704 2268 libris
723 2234 1013 2268 Aristomachus.
1031 2234 1170 2270 Eadem

123 2297 287 2333 varietas
307 2306 370 2343 ap.
391 2293 526 2331 Caesar.
548 2293 724 2329 German.
751 2292 799 2328 ad
816 2294 919 2328 Arat.
932 2292 1058 2327 Phaen.
1084 2292 1174 2338 327,

123 2357 190 2392 ubi
207 2354 338 2391 eadem
350 2353 523 2388 historia.
544 2351 554 2401 (
569 2351 873 2387 Aristomachum
887 2351 1093 2398 quendam,
1111 2354 1177 2399 qui

125 2415 173 2451 de
195 2414 305 2451 rebus
319 2425 402 2461 quae
420 2412 469 2447 ad
485 2411 756 2460 agriculturam
773 2411 966 2458 pertinent
980 2437 990 2454 ,
1006 2411 1174 2459 scripsit,

124 2480 311 2510 memorat
327 2472 423 2507 Plin.
447 2471 520 2516 XI,
544 2483 576 2507 c.
596 2483 633 2518 9.
658 2470 749 2513 XII,
785 2483 818 2513 1,
851 2474 908 2511 14.
932 2470 1176 2517 X111‚§47,
1213 2467 1215 2469 ’

124 2534 227 2578 XIV,
255 2545 284 2567 s.
313 2535 376 2574 24.
399 2531 517 2574 XIX,
546 2542 574 2567 s.
597 2529 703 2577 2G,§
730 2533 766 2571 4.
790 2530 876 2565 XV.
906 2531 1018 2564 Auct.
1056 2531 1102 2564 R.
1128 2531 1175 2565 R.

127 2605 167 2640 p.
183 2590 296 2639 395).
317 2600 370 2617 -·-
384 2587 535 2638 Hyrea]
548 2590 591 2625 V.
607 2588 758 2623 Miiller.
778 2589 875 2624 imin.
890 2601 927 2635 p.
951 2586 1040 2622 215.

181 2647 476 2696 Distinguendus
496 2660 516 2683 a
536 2648 742 2683 Tarentino
759 2649 986 2683 Aristonicus
1008 2649 1180 2682 Alexan-

129 2710 272 2751 drinus,
287 2707 477 2743 Ptolemaei
494 2705 591 2742 filius
603 2733 612 2750 ,
637 2706 702 2754 qui
714 2705 912 2741 Strabonis
925 2713 1033 2741 aetate
1049 2707 1180 2741 Romae

130 2774 249 2802 artem
263 2765 498 2815 grammatici
518 2765 707 2814 professus
731 2771 798 2802 est.
826 2764 1022 2800 Laudatur
1038 2776 1058 2799 a
1075 2766 1179 2800 Stra-

130 2825 232 2860 bone
249 2826 281 2869 1,
298 2837 337 2873 p.
361 2823 408 2860 38
421 2822 475 2872 (ἐν
491 2827 560 2865 τοῖς
572 2821 662 2872 Περὶ
677 2820 858 2859 Μενελάου
875 2821 1043 2871 πλάνης),
1055 2823 1181 2867 Suida,

133 2885 258 2931 Etym.
280 2884 348 2928 M„
368 2883 484 2918 schol.
504 2884 679 2926 Homer,
699 2882 888 2926 Eustath.‚
906 2883 1069 2926 Zonara,
1093 2884 1181 2918 Am-

131 2944 276 2987 monio,
296 2942 415 2978 schol.
444 2941 619 2986 Pindari,
646 2941 763 2978 schol.
788 2941 959 2984 Hesiodi,
981 2941 1181 2987 Athonem,

133 3003 174 3037 in
196 3000 364 3039 Crameri
388 3000 531 3037 Anecd.
552 3001 669 3036 Paris.
692 3001 730 3043 Ι,
750 3013 788 3047 p.
814 2999 886 3047 397
924 2997 1035 3049 (Περὶ
1066 2996 1181 3035 διαλέ-

2188 226 2261 258 :337

1222 303 1411 339 Hesiodea
1436 305 1637 353 scripserat
1669 302 1776 354 Περὶ
1796 307 1866 340 τοῦ
1896 305 1934 340 ἐν
1956 302 1997 340 ’A
2009 302 2266 356 λεξανδρεία

1221 362 1261 399 Μ
1273 375 1290 397 o
1302 360 1468 407 υσείου,
1485 362 1589 410 quod
1607 375 1701 410 opus
1717 364 1876 410 Sopater
1895 365 1932 398 in
1955 364 2054 399 libro
2065 365 2139 400 XII
2156 366 2266 400 Eclo-

1221 433 1354 469 garum
1375 421 1623 465 adhibuerat,
1647 428 1738 457 teste
1757 422 1866 456 Phot.
1886 422 1973 457 cod.
2005 423 2086 458 162.
2107 423 2162 460 Cf.
2185 425 2266 460 Vil-

1221 480 1359 515 loison.
1377 481 1548 529 Prolegg.
1569 480 1703 516 XXXI
1716 493 1725 524 3
1739 480 1888 515 Jonsius
1905 481 1974 524 III,
1992 493 2029 524 2,
2050 480 2091 525 33
2108 482 2263 518 Boeckh.

1221 538 1326 587 praes.
1350 538 1399 574 ad
1415 539 1534 575 schol.
1557 538 1709 575 Pindar.
1740 551 1780 586 p.
1809 551 1891 573 xvi.
1921 540 2060 574 Prellcr
2085 539 2132 574 ad
2158 541 2269 576 Pole÷

1222 611 1326 633 mon.
1350 610 1386 646 p.
1406 594 1502 646 ³179,
1527 605 1564 633 et
1579 610 1658 646 prae
1678 598 1817 633 caeteris
1838 597 1969 632 Lchrs.
1993 599 2046 644 De
2068 598 2165 634 stud.
2188 600 2271 634 Ari-

1223 657 1360 693 star-ch.
1380 668 1418 704 p.
1445 655 1465 691 5
1483 668 1567 703 sqq.

1277 717 1467 751 Incertum
1479 722 1533 751 est
1542 715 1590 751 ad
1604 726 1807 762 quemnam
1822 715 2079 750 Aristonicum
2087 716 2276 763 pertineat

1224 775 1329 810 locus
1346 776 1443 823 Epit.
1459 775 1627 810 Athenaei
1642 775 1675 822 1,
1689 787 1730 822 p.
1751 786 1799 808 20
1818 786 1825 807 ε
1844 773 1918 817 Τῆς
1934 770 1969 808 δὲ
1981 770 2071 809 κατὰ
2085 774 2202 809 τοῦτον
2218 774 2276 824 ὀρ-

1224 831 1362 883 χήσεως
1392 834 1453 878 τῆς
1487 834 1655 883 τραγικῆς
1685 829 1901 880 καλουμένης
1927 832 2063 882 πρῶτος
2091 830 2277 881 εἰσηγητὴς

1226 893 1345 940 γέγονε
1362 889 1536 934 Βάθυλλος
1556 888 1813 941 Ἀλεξανδρεὺς,
1830 888 1867 926 ὅν
1894 904 1979 941 φησι
1995 888 2150 939 νομίμως
2167 890 2276 942 ὀρχή-

1227 953 1355 988 σασθαι
1377 949 1558 993 Σέλευκος.
1584 951 1716 988 Τοῦτον
1735 947 1792 986 τὸν
1812 947 1992 987 Βάθυλλόν
2007 963 2111 1000 φησιν
2123 948 2278 1000 Ἀριστό-

1227 1024 1317 1052 νικος
1337 1008 1398 1046 καὶ
1415 1009 1599 1055 Πυλάδην,
1622 1003 1662 1046 οὗ
1674 1009 1747 1045 ἐστι
1761 1006 1821 1045 καὶ
1839 1005 2056 1058 σύγγραμμα
2070 1007 2150 1059 περὶ
2160 1007 2274 1059 ὀρχή-

1229 1082 1337 1115 σεως,
1352 1066 1415 1114 τὴν
1438 1066 1616 1114 Ἰταλικὴν
1634 1066 1779 1119 ὄρχησιν
1801 1065 2044 1112 συστήσασθαι
2065 1068 2103 1104 ἐκ
2129 1069 2188 1112 τ’ἧς
2208 1083 2278 1106 κω·

1229 1129 1350 1176 μικῆς,
1366 1125 1387 1173 ἣ
1401 1127 1559 1164 ἐκαλεῖτο
1576 1125 1714 1178 κόρδαξ,
1729 1125 1788 1163 καὶ
1800 1128 1861 1170 τῆς
1880 1127 2065 1176 τραγικῆς,
2080 1125 2102 1171 ἣ
2122 1127 2280 1163 ἐκαλεῖτο

1229 1184 1421 1234 ἐμμέλεια,
1445 1185 1504 1223 καὶ
1531 1187 1592 1231 τῆς
1625 1187 1832 1235 σατυρικῆς,
1854 1183 1876 1231 ἣ
1894 1183 2030 1235 ἐλέγετο
2050 1184 2191 1227 σίκιννις
2214 1185 2280 1235 (διὸ

1229 1243 1289 1281 καὶ
1308 1246 1339 1282 οἱ
1363 1243 1515 1296 Σάτυροι
1535 1243 1783 1294 σικιννισταί),
1809 1238 1850 1289 ἧς
1880 1244 2020 1295 εὑρετὴς
2047 1242 2206 1287 Σίκιννός
2231 1259 2281 1287 τις

1232 1302 1420 1355 βάρὸαρος.
1437 1305 1483 1342 Οἱ
1501 1302 1537 1341 δέ
1554 1318 1658 1355 φασιν
1679 1302 1731 1340 ὅτι
1755 1301 1850 1354 Κρὴς
1871 1296 1941 1348 ἧνὸ
1964 1302 2133 1345 Σίκιννος.
2162 1296 2233 1341 ’Ἦν
2246 1302 2282 1340 δὲ

1230 1363 1252 1406 ἡ
1276 1361 1442 1400 Πυλάδου
1463 1360 1608 1413 ὄρχησις
1628 1360 1785 1412 ὀγκώδης
1799 1391 1810 1410 ,
1829 1360 2007 1407 παθητική
2029 1377 2064 1398 τε
2092 1361 2151 1398 καὶ
2174 1361 2283 1399 πολύ·
2307 1373 2310 1376 ’

1231 1434 1337 1463 κοπος
1352 1449 1363 1470 ,
1379 1422 1400 1466 ἡ
1425 1419 1460 1457 δὲ
1476 1419 1686 1463 Βαθύλλειος
1705 1418 1912 1471 ἱλαρωτέρα·
1934 1419 2071 1471 καὶγὰρ
2091 1419 2284 1472 ὑπόρχημά

1231 1495 1263 1516 τι
1283 1483 1404 1517 τοῦτον
1423 1478 1650 1517 διατίθεσθαι.

1285 1540 1378 1575 Ante
1398 1540 1663 1575 Casaubonum
1682 1539 1877 1587 legebatur
1898 1551 1905 1572 :
1936 1537 1996 1574 καὶ
2010 1535 2190 1583 Πυλάδης.
2220 1540 2284 1574 Li·

1232 1599 1343 1634 brum
1369 1596 1457 1648 Περὶ
1471 1595 1650 1648 ὀρχήσεως
1669 1598 1915 1634 Casaubonus
1931 1610 2010 1632 non
2024 1597 2072 1632 ad
2093 1597 2284 1645 Pyladem,

1232 1657 1297 1693 sed
1322 1657 1371 1693 ad
1402 1658 1658 1693 Aristonicum
1676 1657 1868 1705 pertinere
1889 1657 2116 1705 suspicatur.
2143 1656 2288 1703 Quodsi

1234 1729 1303 1767 est,
1322 1723 1503 1770 quaeritur
1518 1734 1565 1757 an
1585 1734 1662 1756 non
1678 1723 1903 1756 Aristonicus
1919 1733 1996 1756 esse
2010 1721 2138 1768 potius
2152 1720 2289 1756 debeat

1233 1783 1442 1822 Aristocles,
1469 1793 1581 1828 quem
1604 1783 1660 1816 De
1693 1781 1817 1815 choris
1845 1780 2034 1827 scripsisse
2065 1780 2227 1823 scimus,
2250 1787 2287 1814 et

1234 1853 1347 1888 quem
1376 1840 1423 1875 dc
1455 1840 1597 1875 Sicinni
1625 1847 1661 1875 et
1690 1839 1898 1875 Sicinnistis
1928 1838 2058 1874 laudat
2090 1838 2287 1873 Athenaeus

1233 1900 1337 1943 XIV,
1353 1911 1394 1947 p.
1419 1898 1510 1942 630,
1528 1900 1569 1935 B.
1589 1899 1755 1933 Athenaei
1777 1899 1865 1933 loco
1879 1898 2003 1944 inepte
2033 1909 2118 1931 usus
2133 1904 2187 1932 est
2201 1897 2284 1932 Sui-

1235 1958 1302 1993 das
1322 1971 1355 1993 V.
1378 1955 1560 2000 Πυλάδης.

1318 2176 1683 2213 ARISTONYMUS.
1704 2175 1797 2211 Vide
1814 2173 2200 2211 AGATHONYMUS.

1652 2301 1871 2316 -Φοοον-

1278 2373 1836 2431 ARISTOPHANES
1899 2371 2251 2429 BOEOTUS.

1570 2505 1687 2544 ΟΡΟΙ
1717 2504 1962 2542 ΘΗΒΑΙΩΝ.

1759 2626 1770 2648 1
1786 2641 1792 2647 .

1296 2705 1472 2752 Stephan.
1494 2705 1581 2750 Byz.
1603 2716 1609 2737 :
1632 2700 1918 2744 Ἀντικονδυλεῖς,
1936 2700 1966 2735 οἱ
1987 2699 2022 2735 ἐν
2047 2696 2196 2749 Βοιωτίᾳ
2219 2697 2289 2735 Κο-

1242 2761 1444 2814 λοίφρυγες,
1479 2762 1525 2803 ὡς
1555 2758 1802 2811 Ἀριστοφάνης
1836 2760 1852 2794 ὃ
1880 2755 1957 2799 τοὺς
1991 2755 2172 2802 Θηὸαίους
2198 2754 2295 2804 ὅρους

1245 2819 1439 2872 γεγραφώς.

1300 2879 1534 2931 Κολοίφρυγες
1553 2880 1639 2915 dedi
1659 2885 1838 2913 monente
1867 2875 2052 2912 Berkelio.
2071 2876 2175 2911 Libri
2199 2873 2292 2910 κόλοι

1245 2938 1399 2991 Φρύγες.
1425 2942 1468 2975 V.
1499 2939 1661 2985 Hesych.
1688 2949 1695 2974 :
1716 2933 1928 2986 Κολοίφρυξ,
1961 2935 2186 2984 Ταναγραῖος
2212 2932 2294 2968 ἀλε-

1246 2996 1378 3048 κτρυὼν
1395 2996 1455 3033 καὶ
1473 2995 1549 3048 ὅρος
1570 2994 1751 3037 Βοιωτίας.
1771 2995 1894 3042 Quam
1908 3007 2042 3030 vocem
2054 2995 2091 3029 in
2113 2989 2294 3043 Κολόφρυξ

134 3058 255 3106 κτων),
273 3067 308 3096 et
323 3061 391 3103 ΙΙΙ,
410 3073 451 3109 p.
476 3057 564 3103 285,
589 3058 646 3105 18,
662 3066 736 3095 etc.
760 3059 898 3094 Praeter
927 3059 1130 3093 Homerica
1148 3065 1185 3093 et
1247 3064 1466 3104 corruptam
1492 3057 1636 3091 invenit
1655 3061 1755 3090 auct.
1776 3055 1898 3101 Etym.
1922 3054 1975 3089 M.
1992 3074 2046 3080 ——
2060 3053 2113 3088 Ut
2133 3048 2232 3100 ὅρους
2256 3050 2294 3084 in

150 3125 2286 3146 Μ

182 3176 210 3203 1.
233 3170 392 3202 Achillem
407 3170 605 3202 Aristonicus
621 3170 815 3202 Tarentinus
830 3169 917 3200 inter
936 3169 1071 3208 virgines
1094 3167 1178 3208 apud

136 3222 350 3264 Lycomedem
360 3224 565 3262 Cercyseram
588 3225 741 3254 vocatum
757 3221 850 3262 dicit,
871 3230 930 3253 nec
954 3230 1018 3252 non
1034 3222 1133 3252 issam
1152 3220 1183 3251 et

138 3276 306 3316 Pyrrham.
326 3277 483 3308 praeterea
505 3275 642 3307 Achilles
658 3275 878 3316 appellabatur
900 3275 1034 3314 Aspetus
1047 3275 1078 3305 et
1106 3276 1182 3305 Pro-

138 3328 295 3360 matheus.

180 3384 210 3412 2.
228 3380 368 3412 Medium
386 3380 496 3421 hydrae
515 3380 577 3420 (ab
596 3380 732 3412 Hercule
748 3379 923 3417 truncatae)
939 3380 1035 3418 caput
1050 3385 1183 3408 aureum

140 3433 235 3466 fuisse
247 3433 443 3465 Aristonicus
454 3433 644 3465 Tarentinus
659 3433 716 3464 ait.

313 3511 498 3535 FMGMENTA
522 3509 641 3532 nlsTou.
665 3507 717 3529 Gn.
738 3514 770 3519 -
787 3505 855 3527 vot„
878 3503 918 3525 IV.

1432 3197 1498 3234 DE
1514 3195 1722 3235 FlNlBUS
1736 3192 2106 3232 THEBANORUM.

1754 3308 1786 3339 ¹.

1288 3373 1587 3414 Anticondylenses,
1605 3375 1638 3406 in
1658 3371 1778 3404 Boeotia
1796 3369 2040 3409 Col<13phryges,
2057 3368 2090 3398 nt
2106 3363 2289 3404 Aristopha-

1247 3435 1320 3466 nes,
1335 3426 1389 3467 qui
1404 3428 1449 3458 De
1463 3425 1580 3457 finibus
1595 3424 1821 3457 'thebanorum
1847 3421 1983 3460 scripsit.

2077 3539 2110 3564 22
