2372 3704
992 205 1047 243 IN
1076 205 1351 246 VOLUMINE
1380 208 1408 246 1.

133 287 193 328 τὸν
205 287 324 340 νεκρὸν
345 286 506 333 ἐξέὸαλον
517 287 623 326 αὖτοῢ
643 286 738 331 ἐκτὸς
749 289 821 326 τῶν
837 286 940 340 ὅρων,
955 289 1017 341 [ὥς
1026 290 1056 342 Ρ]
1071 288 1174 344 φησὶν

133 345 374 396 Ἐπιτιμίδης.

190 422 206 439 «
227 406 462 445 Crediderim
489 418 576 441 cum
599 405 813 452 Scheffero‚
836 407 987 456 Fahro,
1015 409 1172 444 Kuhnio

130 465 291 513 intelligi
303 465 504 509 Timaeum,
526 464 593 512 qui
611 465 764 501 nomine
780 465 963 513 Epitimaei
982 466 1031 501 ob
1049 467 1173 501 conti-

130 534 226 558 nuas
245 523 539 558 obtrectationes
552 522 622 557 fuit
635 523 858 571 appellatus,
879 535 1003 571 eoque
1016 525 1169 560 nomine

132 581 268 617 citatus
280 582 393 616 etiam
409 580 456 616 ab
471 581 651 616 Athenaeo
665 581 729 626 VI,
747 594 808 618 2ο.
823 583 947 618 Facile
965 589 1090 618 autem
1104 583 1173 619 ἐπι·

130 642 268 688 τιμαῖος
276 640 404 687 potuit
419 640 613 686 corrumpi
630 640 669 674 in
683 638 890 687 ἐπιτιμίδης,
909 641 978 676 nisi
994 642 1078 689 quis
1097 653 1173 677 ma-

131 698 175 733 lit
191 698 361 743 credere,
390 705 431 733 ut
447 697 537 732 facit
555 697 748 743 Kuhnius,
772 700 945 734 consulto
975 699 1027 734 ita
1049 700 1176 748 appel-

130 757 248 792 latum
278 757 325 792 ab
348 763 504 792 auctore
531 768 572 791 ea
598 755 738 801 forma,
772 768 847 803 qua
874 769 987 805 supra
1017 758 1107 805 (111,
1132 756 1171 807 7)

131 811 338 863 δυσμενίδας
352 815 514 859 vocavit,
538 815 603 862 qui
625 822 730 850 erant
746 814 934 862 proclives
949 816 989 850 in
1004 816 1173 851 malevo-

130 873 284 909 lentiam
310 874 352 911 h.
377 885 411 912 e.
442 870 657 921 δυσμενείας.
685 889 701 905 υ
732 874 975 911 ΡΕιιιΖοΝῙυε.
1002 875 1174 910 Ceterum

129 930 210 967 haec
230 930 379 980 longius
394 932 511 979 petita
527 943 603 967 esse
624 931 816 967 videntur.
833 932 978 978 Quodsi
995 933 1174 968 Timaeum

131 987 299 1025 AElianus
327 990 473 1034 citavit,
494 1002 573 1034 cur,
590 1001 736 1037 quaeso,
767 990 808 1025 id
833 990 961 1026 fuisset
985 1003 1079 1026 voce
1103 991 1174 1027 ista

130 1055 260 1094 utens,
289 1061 374 1097 quae
391 1047 506 1084 fidem
527 1049 765 1084 imminueret
790 1050 865 1094 rei,
886 1061 960 1103 qua
993 1050 1173 1098 placitum

129 1119 238 1142 suum
271 1114 408 1142 auctor
438 1106 706 1142 illustrandum
742 1119 820 1143 esse
849 1106 977 1143 ducit?
1016 1109 1175 1144 Accedit

129 1165 237 1213 quod
257 1178 398 1201 nomen
413 1193 425 1213 ,
446 1165 556 1213 quale
576 1173 629 1201 est
647 1165 688 1200 in
713 1164 842 1210 codd„
870 1165 964 1201 nihil
996 1165 1170 1202 offendit.

128 1224 312 1260 Novimus
332 1230 434 1259 certe
450 1236 470 1259 e
489 1224 601 1272 Diog.
617 1224 668 1268 11,
690 1223 738 1259 86
755 1224 996 1272 Epitimidem
1007 1225 1174 1273 philoso-

128 1282 248 1330 phum
267 1283 482 1330 Cyrenaeum
499 1309 509 1327 ,
533 1283 599 1330 qui
619 1282 701 1330 ipse
721 1282 848 1319 forsan
867 1283 1006 1318 librum
1025 1284 1173 1331 scripsit

129 1342 280 1388 qualern
304 1339 394 1391 Περὶ
409 1340 564 1382 παλαιᾶς
587 1342 717 1392 τρυφῆς
733 1341 947 1389 Aristippus
976 1342 1173 1390 Cyrenaeus

127 1400 319 1448 scripsisse
338 1399 511 1438 dicitur.

180 1458 268 1506 Pag.
286 1455 375 1502 215,
395 1456 439 1492 fr.
459 1467 506 1504 91
530 1456 653 1505 a,lin.
679 1460 713 1499 4.
732 1477 785 1484 —
805 1457 898 1493 Dele
914 1457 1009 1493 illud
1032 1470 1040 1493 :
1073 1458 1169 1507 (leg.

127 1511 213 1565 σθ’);
233 1527 322 1550 nam
339 1526 534 1563 numerus,
553 1526 666 1562 quem
685 1515 775 1550 libri
790 1528 875 1553 mss.
895 1517 1080 1565 praebent,
1105 1520 1173 1554 etsi

127 1574 432 1622 corruptissimus
463 1585 540 1609 esse
571 1572 760 1618 videatur,
797 1574 1042 1610 nihilominus
1075 1575 1172 1612 bene

126 1632 256 1668 habet.
277 1634 320 1670 V.
335 1634 488 1680 Fragm.
507 1631 679 1669 chronol.
696 1644 735 1680 p.
755 1631 841 1670 125.

180 1692 271 1740 Pag.
295 1690 395 1738 223,
417 1690 463 1726 fr.
490 1702 563 1739 119
578 1703 616 1727 a.
635 1711 687 1717 —
707 1690 834 1729 Schol.
855 1691 1018 1727 AEschin.
1037 1704 1075 1740 p.
1095 1691 1166 1738 751

126 1750 185 1787 ed.
202 1749 357 1787 Reisk.:
379 1746 529 1797 Ιίμαιος
545 1747 612 1799 γὰρ
639 1763 672 1785 εν
692 1751 776 1799 τῇς
753 1748 850 1799 ς’(Ῑ.
873 1750 907 1786 ἐν
927 1752 968 1801 τῇ
992 1748 1058 1799 ις’)
1080 1750 1172 1788 ἵστο-

99 1814 102 1815 ’
128 1807 180 1859 ρεῖ
192 1805 340 1858 γυναῖκά
362 1821 461 1854 τινα,
477 1805 658 1857 Ἱμεραίαν
676 1805 715 1843 τὸ
726 1805 835 1856 γένος,
856 1807 937 1844 ἰδεῖν
953 1806 1034 1859 ὄναρ
1056 1810 1172 1846 ἀνιοῦ-

126 1880 192 1903 σαν
213 1864 320 1911 αὑτὴν
340 1865 387 1907 εἷς
406 1863 464 1901 τὸν
475 1864 620 1937 οὐρανὸν
631 1865 716 1917 πρός
734 1880 822 1909 τινος
843 1865 987 1916 ἄγεσθαι
1001 1867 1170 1917 θεασομέ-

125 1939 187 1971 νην
216 1922 278 1966 τὰς
301 1938 370 1961 των
394 1925 478 1960 θεων
497 1922 660 1970 οἰκησεις.
690 1922 802 1962 Ἔνθα
833 1924 914 1961 ιδεῖν
935 1940 995 1962 και
1023 1924 1082 1963 τὸν
1102 1925 1169 1964 Δία

126 1982 354 2032 καθεζόμενον
383 1980 440 2018 ε’πὶ
474 1981 612 2033 θρόνου,
649 1983 706 2034 υφ’
738 1985 775 2019 οὗ
805 1982 939 2020 ἐδέδετο
970 1983 1096 2035 πυρρός
1121 2000 1171 2028 τις

127 2040 306 2093 ἄνθρωπος
334 2055 394 2078 και
414 2039 524 2090 μέγας
548 2039 669 2078 ἁλύσει
696 2039 756 2078 καὶ
782 2042 903 2092 κλοιῳ.
927 2040 969 2080 Ἐ
974 2040 1089 2093 ρέσθαι
1112 2045 1168 2080 οὖν

125 2099 184 2137 τὸν
209 2098 422 2151 περιάγοντα
439 2098 561 2142 ὅστις
547 2098 659 2136 εστίν·
678 2098 781 2136 αὐτὸν
796 2099 831 2136 δὲ
843 2100 949 2136 εἰπεῖν
973 2117 988 2133 «
1007 2099 1169 2153 ἀλάστωρ

125 2157 201 2196 ἐστὶ
227 2160 287 2204 τῆς
312 2156 476 2201 Σικελίας
495 2157 555 2195 καὶ
574 2157 724 2200 Ἰταλίας
737 2173 745 2181 ·
766 2156 824 2195 καὶ
849 2156 946 2210 εἴπερ
963 2159 1092 2211 ἀφεθῇ,
1109 2159 1170 2204 τὰς

125 2215 245 2268 χώρας
262 2217 483 2268 διαφθερεῖ.»
504 2217 795 2268 Περιαναστᾶσαν
811 2215 1029 2268 δὲ’χρόνοιςε
1017 2218 1170 2270 υστέροις

125 2277 326 2321 υπαντῆσαι
342 2276 391 2326 τῷ
405 2275 575 2326 Διονυσίῳ
589 2277 637 2312 τῶ
654 2274 827 2335 τυράννω
832 2274 920 2323 μετὰ
936 2291 1004 2313 των
1020 2276 1170 2328 δορυφό-

126 2348 209 2386 ρων,
225 2332 284 2371 καὶ
302 2333 442 2371 ἰδοῦσαν
464 2336 706 2384 ἀνακραγῆναι
729 2336 773 2376 ὡς
790 2336 885 2376 οὗτος
903 2334 954 2379 εἴη
972 2337 989 2372 ὁ
1011 2334 1086 2372 τότε
1106 2337 1169 2372 δει-

124 2391 229 2443 χθείς·
245 2391 304 2429 καὶ
317 2390 391 2441 ἅμα
401 2407 509 2429 ταυτα
518 2392 568 2428 λέ
559 2406 686 2440 γουσαν
699 2397 815 2429 πεσεῖν
828 2393 874 2434 εἷς
887 2391 1053 2444 τοῦδαφος
1068 2394 1169 2430 ἐκλυ-

124 2453 261 2487 θεῖσαν·
281 2449 370 2500 μετὰ
392 2449 428 2488 δὲ
444 2449 608 2502 τρίμηνον
633 2451 695 2487 οὐκ
712 2449 762 2486 ἔτι
781 2451 928 2502 ὀφθῆναι
943 2450 1005 2498 τὴν
1022 2457 1168 2502 γυναῖκα

126 2508 271 2558 μηδενὸς
285 2512 384 2547 τοῦτο
396 2509 666 2561 ἱστορήσαντος(
685 2509 1024 2556 Ρὶστοσοστήσαντος
1036 2525 1166 2561 apogr.

124 2567 300 2619 Goens.).
320 2569 376 2606 Cf.
398 2570 565 2606 Valerius
582 2569 681 2606 Max.
702 2570 740 2614 Ι,
770 2582 805 2615 7,
830 2569 852 2605 6
879 2582 887 2606 :
915 2573 1024 2606 Intra
1042 2575 1168 2619 priva-

125 2636 200 2663 tum
214 2635 337 2662 autem
351 2627 520 2662 habitum
538 2629 718 2674 Dionysio
733 2627 970 2674 Syracusano
984 2629 1108 2664 adlzuc
1130 2643 1184 2665 se.

123 2689 347 2729 continente,
383 2687 552 2720 Himeroe
575 2686 750 2733 quaedam
778 2699 849 2721 non
864 2687 1007 2722 obscuri
1022 2692 1168 2734 generis

114 2741 268 2790 semma
286 2747 383 2778 inter
390 2747 548 2791 quietem
568 2746 741 2791 opinione
753 2756 822 2779 sua
842 2746 975 2780 coelum
992 2758 1167 2782 conscen-

123 2803 198 2848 dit,
216 2810 326 2850 atque
344 2802 502 2847 ibidem,
531 2803 683 2838 deorum
708 2806 872 2838 omniunt
892 2804 1053 2838 lustratis
1066 2806 1168 2840 sedi-

125 2861 209 2905 bus,
230 2861 763 2909 animadvertitproevalentem
781 2861 1004 2907 virumsscwi
1019 2864 1160 2907 coloris,

124 2921 335 2968 lentiginosi
358 2924 448 2964 oris,
463 2918 608 2965 ferreis
624 2924 766 2955 catenis
783 2923 964 2965 vinctum,
993 2922 1094 2957 Iovis
1111 2936 1167 2958 ³0-

125 2981 174 3014 lio
201 2980 429 3027 pedibusque
443 2979 675 3024 subjectum:
697 2982 994 3027 interrogatoque
1009 2993 1068 3026 μα
1072 2993 1164 3026 ene,

123 3050 194 3086 quo
212 3038 474 3073 considerandi
485 3039 571 3072 coeli
580 3035 814 3083 ducesuerat
828 3051 910 3083 usa,
927 3042 1097 3086 quisnam
1111 3053 1163 3075 es-
1167 3062 1170 3066 -

123 3103 197 3143 set,
228 3097 351 3131 audiit
368 3098 472 3131 illum
493 3096 639 3131 Sicilioe
666 3104 776 3144 atque
791 3099 924 3132 Italioe
946 3098 1068 3133 (lirum
1091 3111 1169 3134 esse

114 3151 261 3200 satum,
283 3155 513 3200 solutumque
538 3155 716 3198 vinculis,
741 3157 866 3189 multis
882 3153 1032 3189 urbibus
1053 3158 1168 3190 exitio

115 3209 301 3257 futurum.
321 3212 429 3257 Quod
441 3216 622 3247 somnium
646 3221 793 3259 postero
809 3214 871 3248 die
891 3225 1057 3248 sermone
1083 3215 1167 3248 vul-

123 3274 240 3316 gavit.
257 3272 457 3317 Postquam
482 3272 616 3306 deinde
634 3273 850 3317 Dionysium
880 3275 1029 3306 inimica
1052 3272 1080 3306 S
1074 3285 1167 3318 yra-

125 3341 293 3364 cusarum
330 3330 490 3364 libertati
522 3331 776 3377 capitibusque
807 3334 1001 3365 insontium·
1032 3329 1166 3375 infesta

118 3384 280 3433 fortuna
295 3389 436 3422 coeleste‘
457 3389 622 3422 custodia
643 3389 854 3431 liberatum,
893 3391 996 3424 velut
1012 3387 1165 3434 fulmen

251 3462 439 3485 FRAGMENTA
461 3462 582 3485 fflSTOR.
606 3463 658 3485 GR.
679 3472 712 3476 -
728 3463 796 3485 VOL.
818 3463 859 3486 lv.

2195 217 2265 250 6⁴1

1234 293 1405 341 aliquod,
1421 296 1494 329 otio
1509 306 1554 328 ac
1571 295 1832 342 tranquillitati
1845 298 1984 341 injecit,
2006 297 2271 332 Himeraeorum

1235 355 1376 386 moenia
1391 355 1487 387 inter
1499 350 1663 397 effusam
1683 353 1738 387 ad
1752 352 1920 400 offic-lum
1947 362 1984 389 et
2002 354 2056 389 ad
2079 363 2272 402 spectacu-

1234 411 1355 444 culum
1369 413 1448 456 ejus
1461 412 1602 445 turbam
1619 413 1813 446 intrantem
1828 420 1869 446 ut
1885 413 2058 460 adcpexit
2065 441 2075 458 ,
2087 413 2183 448 hunc
2195 425 2273 448 esse

1234 479 1340 515 quem
1356 471 1394 502 in
1413 471 1534 515 quiete
1545 469 1705 513 viderat,
1716 468 1921 514 vociferata
1935 479 2000 506 est.
2020 472 2073 506 Id
2084 475 2270 520 cognitum

1235 534 1409 573 tyranno,
1433 539 1558 562 curam
1578 528 1755 563 tollendae
1763 530 1925 563 mulieris
1936 531 2054 564 dedit.

1289 584 1422 620 Suidas
1442 583 1497 631 (et
1518 583 1648 632 Phot.)
1671 597 1679 620 :
1700 583 1885 635 Ἱερείας
1905 584 2124 626 ἐνύπνιον.
2151 585 2271 625 Ἄλλοι

1237 641 1272 679 δέ
1289 656 1372 694 φασι
1384 642 1452 679 δεῖν
1468 643 1601 691 μᾶλλον
1622 641 1799 693 Ἱμεραίας
1817 642 1972 681 ἐνύπνιον
1986 643 2159 694 λέγεσθαι.
2180 644 2272 695 Ἱμε-

1237 698 1317 750 ραία
1335 700 1370 738 δὲ
1385 703 1491 751 γραῦς
1509 715 1577 747 τις,
1598 699 1643 743 ὥς
1665 716 1781 753 φασιν,
1806 703 1888 752 ὁρᾶν
1909 700 2034 748 ἑαυτὴν
2047 702 2157 740 ἐδόκει
2185 705 2272 740 ἀνα-

1235 756 1384 808 γομένην
1417 759 1463 801 εἷς
1493 757 1672 810 οὐρανούς·
1694 759 1753 796 καὶ
1773 760 1860 805 δῆτα
1881 760 2044 797 ἐλθοῦσαν
2069 761 2114 803 εἷς
2143 760 2186 798 τὰ
2213 765 2274 799 τοῦ

1237 815 1315 858 Διὸς
1355 815 1531 865 οἰκήματα
1564 816 1755 855 θεάσασθαι
1784 817 1891 869 ἄνδρα
1921 818 2062 870 πυρρὸν,
2096 818 2274 865 δεδεμένον

1236 872 1358 912 ἁλύσει
1378 875 1503 927 σιδηρᾷ
1525 874 1592 912 ὑπὸ
1610 875 1667 912 τὸν
1690 875 1859 927 βασιλέως
1877 875 1995 927 θρόνον
2008 892 2015 900 ·
2030 875 2224 926 πυθομένην
2239 877 2275 915 δὲ

1235 931 1284 973 τίς
1312 931 1386 979 εἴη,
1406 935 1424 970 ὁ
1444 933 1618 986 ἀλάστωρ,
1650 935 1817 979 ἀκοῦσαι,
1838 937 1899 980 τῆς
1929 935 2102 978 Σικελίας.
2134 935 2186 974 Τὸ
2213 935 2275 985 μὲν

1235 988 1388 1028 ἐνύπνιον
1410 992 1444 1029 ἔν
1465 991 1592 1044 τούτῳ·
1622 990 1762 1044 ὕστερον
1784 991 1819 1030 δὲ
1848 993 1982 1044 χρόνοις
2002 995 2123 1031 ἷδουσα
2151 1008 2277 1045 τυραν-

1234 1051 1356 1085 νοῦντα
1377 1048 1434 1086 τὸν
1456 1048 1632 1087 Διονύσιον
1663 1049 1702 1087 τό
1722 1066 1758 1088 τε
1789 1050 1872 1102 ὄναρ
1894 1052 2035 1092 πολλοῖς
2058 1051 2274 1103 διηγήσατο,

1234 1120 1294 1143 και
1311 1106 1412 1144 αὐτὸν
1431 1110 1517 1145 εἰναι
1528 1107 1585 1145 τὸν
1600 1108 1803 1157 τεθεαμένον
1820 1108 2042 1159 ἀπήγγειλεν·
2056 1109 2098 1156 ἢν
2109 1110 2276 1161 ὀργισθεὶς

1235 1163 1414 1203 ἀπέκτεινε
1430 1165 1618 1208 Διονύσιος.
1635 1167 1693 1205 Cf.
1711 1168 1828 1205 Bekk.
1845 1170 1915 1205 An.
1931 1181 1968 1216 p.
1988 1167 2076 1212 266,
2091 1170 2274 1207 Proverb.

1234 1224 1387 1262 Coislin.
1412 1225 1486 1271 267
1504 1233 1555 1277 vet
1575 1226 1794 1262 Heraclides
1827 1226 1934 1263 Pont.
1966 1239 2025 1274 ap.
2055 1228 2271 1263 Tertullian.

1233 1294 1271 1330 p.
1295 1283 1369 1327 346
1387 1284 1447 1321 ed.
1469 1284 1608 1332 Rigalt.
1641 1283 1705 1335 (V.
1732 1292 1821 1320 tom.
1843 1286 1892 1330 11,
1912 1298 1949 1333 p.
1980 1297 2068 1331 2οο,
2099 1292 2181 1320 not.
2205 1287 2276 1321 Eu-

1233 1341 1344 1379 stath.
1375 1342 1416 1376 in
1444 1343 1557 1380 Hom.
1588 1342 1632 1378 11.
1662 1355 1702 1391 p.
1740 1343 1860 1390 1213,
1898 1343 1936 1379 6.
1968 1343 2099 1379 suidas
2117 1356 2152 1380 v,
2178 1341 2275 1390 Ἱμε-

1235 1396 1330 1448 ραία.
1347 1398 1358 1448 )

1287 1459 1377 1506 Pag.
1400 1462 1473 1501 224
1492 1471 1527 1503 a,
1547 1459 1611 1495 lin.
1635 1463 1670 1503 4,
1696 1458 1746 1494 ad
1765 1459 1895 1508 fragm.
1922 1459 1994 1496 123
2015 1459 2112 1495 adde
2132 1472 2214 1507 quae
2229 1461 2270 1496 in

1233 1523 1356 1553 antec.
1378 1518 1619 1553 Marcellinus
1638 1518 1690 1552 ait
1719 1530 1753 1554 c.
1778 1517 1825 1553 25
1849 1529 1858 1555 :
1885 1516 1948 1562 Μὴ
1980 1516 2178 1565 πειθώμεθα
2205 1518 2238 1555 Τ
2242 1532 2272 1553 ι-

1235 1571 1328 1624 μαίῳ
1345 1572 1479 1623 λέγοντι
1497 1575 1542 1616 ὡς
1561 1572 1678 1626 φυγὼν
1697 1573 1944 1624 (Θουκυδίδης)
1965 1573 2100 1625 ᾤκησεν
2121 1576 2155 1612 ἐν
2178 1574 2273 1612 Ἰτα-

1232 1630 1303 1682 λίᾳ.
1329 1632 1387 1671 Cf.
1408 1634 1569 1682 Kriiger.
1585 1635 1708 1669 Leben
1725 1635 1763 1669 d.
1784 1634 1947 1682 Thucycl.
1968 1647 2009 1682 p.
2037 1634 2097 1670 51.

1286 1692 1375 1740 Pag.
1392 1690 1484 1740 225,
1500 1692 1547 1727 fr.
1580 1705 1653 1740 129
1678 1705 1716 1727 a.
1746 1714 1799 1719 —
1821 1692 2046 1728 Plutarchus
2062 1694 2176 1731 Dion.
2199 1691 2246 1728 35
2262 1711 2279 1738 ‚·

1231 1756 1433 1797 postquam
1447 1750 1493 1786 de
1504 1757 1625 1786 morte
1642 1751 1784 1786 Philisti
1794 1751 2274 1786 Timonidis-narrationem

1232 1816 1507 1844 memoraverat
1529 1809 1581 1858 (v.
1603 1810 1750 1846 Timon.
1766 1809 1814 1844 fr.
1835 1821 1872 1854 2,
1896 1817 1988 1844 tom.
2017 1811 2077 1854 ΙΙ,
2096 1823 2135 1857 p.
2160 1809 2221 1854 8'3,
2236 1817 2274 1845 et

1232 1867 1374 1913 Ephori
1396 1867 1442 1904 fr.
1469 1864 1575 1916 152),
1595 1868 1720 1915 pergit
1738 1879 1747 1904 :
1763 1864 1851 1904 -Ἔτι
1872 1865 1907 1903 δὲ
1929 1867 2060 1915 μᾶλλον
2082 1865 2271 1918 ἐφυὸρίζων

1231 1924 1249 1959 ὃ
1266 1923 1414 1973 Τίμαιος
1431 1926 1470 1962 ἐκ
1489 1927 1548 1962 τοῦ
1569 1924 1708 1967 σκέλους
1727 1924 1811 1976 φησὶ
1829 1927 1887 1961 τοῦ
1908 1926 2022 1975 χωλοῦ
2040 1923 2083 1961 τὰ
2103 1924 2271 1976 παιδάρια

1230 1980 1287 2018 τὸν
1299 1981 1416 2033 νεκρὸν
1437 1980 1643 2033 ἐφαψάμενα
1661 1985 1720 2019 τοῦ
1737 1981 1907 2020 Φιλίστου
1929 1980 2042 2033 σύρειν
2064 1981 2119 2019 διὰ
2138 1985 2199 2028 τῆς
2213 1981 2272 2020 πό-

1231 2039 1335 2086 λεως,
1356 2039 1610 2091 χλευαζόμενον
1641 2041 1710 2077 ὑπὸ
1742 2042 1809 2078 τῶν
1846 2040 2093 2092 Συρακουσίων
2119 2040 2272 2088 πάντων,

1231 2097 1388 2149 ὁρώντων
1413 2101 1471 2135 τοῦ
1497 2097 1639 2140 σκέλους
1660 2097 1843 2147 ἑλκόμενον
1865 2098 1922 2135 τὸν
1941 2097 2101 2144 εἰπόντα,
2125 2097 2174 2147 μὴ
2201 2099 2270 2135 δεῖν

1231 2157 1269 2193 ἐκ
1280 2155 1480 2207 ’τυραννίδος
1501 2155 1636 2206 φεύγειν
1652 2155 1828 2194 Διονύσιον
1843 2155 1940 2209 ἵππῳ
1952 2161 2053 2207 ταχεῖ
2072 2155 2266 2207 χρώμενον,

1231 2213 1321 2251 ἀλλὰ
1340 2217 1399 2252 τοῦ
1428 2213 1569 2256 σκέλους
1590 2213 1789 2263 ἑλκόμενον.
1819 2214 1942 2252 Καίτοι
1962 2218 2062 2252 τοῦτο
2081 2214 2269 2264 Φίλιστος,

1230 2273 1276 2315 ὡς
1295 2273 1351 2323 ὑφ’
1382 2271 1498 2324 ἑτέρου
1521 2270 1654 2322 λεχθὲν,
1687 2273 1751 2323 οὐχ
1770 2271 1824 2324 ὑφ’
1844 2273 1968 2320 αὑτοῦ,
1991 2271 2074 2323 πρὸς
2093 2271 2268 2311 Διονύσιον

1231 2329 1445 2381 ἐξήγγελκεν.
1464 2331 1518 2368 Cf.
1539 2332 1712 2380 Prolegg.
1732 2344 1772 2380 p.
1795 2343 1901 2370 XLVI.

1282 2391 1372 2439 Pag.
1392 2389 1482 2435 225,
1502 2389 1546 2426 fr.
1571 2390 1658 2428 133.
1673 2411 1724 2416 —
1738 2391 1887 2426 Plenius
1909 2390 2163 2426 exhibendum
2189 2397 2271 2426 erat

1228 2449 1330 2485 hunc
1347 2450 1386 2483 in
1402 2449 1559 2484 modum
1589 2460 1598 2486 t
1622 2445 1828 2498 Διασύραςὸ
1851 2446 2021 2489 Πολύὸιος
2041 2447 2098 2484 τὸν
2119 2445 2270 2496 Τίμαιον

1231 2507 1265 2543 ἐν
1285 2507 1444 2553 πολλοῖς,
1464 2500 1559 2550 αῧθίς
1580 2521 1680 2558 φησι·
1702 2525 1716 2539 α
1740 2506 1803 2549 Τίς
1822 2506 1862 2543 ἂν
1884 2505 1934 2544 ἔτι
1964 2507 2038 2552 δοίη
2058 2505 2267 2556 συγγνώμην

1229 2565 1298 2607 τοῖς
1315 2564 1478 2608 τοιούτοις
1502 2564 1768 2616 ἁμαρτήμασιν,
1791 2564 1904 2607 ἄλλως
1919 2579 1955 2602 τε
1975 2580 2035 2602 και
2055 2563 2198 2616 Ιιμαίῳ
2218 2566 2267 2616 τῷ

1230 2622 1486 2695 προσφυομένω
1501 2628 1570 2667 τοῖς
1594 2622 1710 2666 ἄλλοις
1736 2622 1819 2675 πρὸς
1847 2622 1906 2667 τὰς
1931 2622 2092 2666 τοιαύτας
2108 2638 2270 2673 παρωνυ-

1229 2680 1331 2733 χίας,
1353 2683 1387 2719 ἐν
1407 2676 1459 2725 αἶς
1479 2684 1693 2731 Θεοπόμπου
1711 2681 1772 2730 μὲν
1790 2687 1975 2733 κατηγορεῖ
1996 2683 2072 2719 κτλ.

1283 2743 1324 2777 Ρ.
1349 2742 1424 2788 230
1453 2741 1500 2777 ad
1517 2742 1559 2776 fr.
1583 2740 1669 2784 145.
1692 2761 1745 2769 -
1761 2742 1926 2779 Cramer
1950 2744 2023 2778 An.
2054 2742 2170 2779 Paris.
2202 2742 2265 2778 IV.

1229 2812 1267 2848 p.
1288 2799 1336 2835 86
1358 2811 1366 2837 :
1389 2797 1427 2835 ’A
1441 2799 1669 2848 γαθοκλῆς.
1698 2792 1807 2841 Οῧτος
1840 2797 1973 2848 ἐγένετο
1990 2797 2173 2849 τύραννος,
2193 2797 2267 2843 καὶ,

1229 2859 1274 2900 ὡς
1299 2855 1391 2907 λέγει
1425 2855 1594 2905 Τίμαιος,
1625 2855 1715 2893 κατὰ
1745 2855 1806 2901 τὴν
1830 2856 1971 2908 πρώτην
1999 2855 2137 2902 ἡλικίαν
2160 2855 2269 2898 κοινὸς

1229 2914 1371 2967 πόρνος,
1389 2915 1522 2964 ἕτοιμος
1542 2919 1611 2957 τοῖς
1629 2914 1910 2966 ἀκρατεστάτοις,

1256 3001 1277 3014 ι.

1282 3039 1519 3075 EPHORUS.
1541 3040 1627 3087 Pag.
1647 3038 1722 3075 235
1735 3067 1744 3084 ,
1764 3040 1810 3078 fr.
1832 3039 1867 3077 8.
1882 3060 1932 3067 —
1950 3039 2136 3076 Addcnda
2162 3046 2268 3074 erant

1230 3110 1311 3144 quae
1330 3104 1538 3144 sequuntur
1561 3097 1663 3144 apud
1685 3099 1876 3134 Thoonem
1897 3111 1905 3133 :
1930 3096 1989 3134 καὶ
2007 3096 2156 3146 περὶτοῦ
2178 3095 2266 3144 Ἀρι-

1229 3154 1417 3204 στοδήμου,
1433 3155 1478 3196 ὡς
1494 3154 1694 3200 ἐτελεύτησε
1711 3154 1999 3206 κεραυνόὸλητος.
2019 3156 2123 3190 Idem
2139 3155 2264 3202 paullo

1228 3221 1314 3262 post
1347 3226 1355 3248 ε
1387 3212 1507 3250 Πλείω
1525 3212 1565 3250 δὲ4
1580 3212 1705 3263 ἔχομεν
1731 3213 1826 3265 παρὰ
1856 3216 1923 3251 τῶν
1954 3213 2066 3250 ἄλλων
2086 3213 2264 3261 ἱστορικῶν

1228 3270 1368 3308 λαόεῗν·
1401 3269 1496 3321 παρὰ
1515 3269 1576 3319 μὲν
1598 3270 1746 3324 Ἐφόρου
1769 3273 1807 3308 ἐκ
1825 3274 1884 3317 τῆς
1899 3270 2037 3322 πρώτης
2051 3271 2093 3306 τὰ
2107 3270 2185 3319 περὶ
2202 3268 2263 3312 τὴν

1229 3328 1392 3376 διαίρεσιν
1406 3331 1465 3375 τῆς
1480 3330 1746 3376 Πελοποννήσου
1759 3329 1848 3367 κατὰ
1868 3330 1928 3376 τὴν
1946 3331 2013 3366 τῶν
2027 3327 2261 3377 Ἡρακλειδῶν

1229 3389 1383 3426 κάθοδον.

2087 3456 2119 3481 41
