2372 3704
767 237 1056 279 soslan'ris
1083 236 1267 277 Rnonu
1296 237 1631 283 FRAGMENTA.
2199 244 2270 281 501

628 324 664 364 5.

413 427 445 463 E
470 426 620 464 LIBRO
647 425 886 463 SECUNDO.

175 521 301 559 Schol.
316 520 509 569 Aristoph.
524 520 595 558 Av.
626 517 723 556 521:
747 516 938 568 Λάμπων
959 517 997 556 δ’
1015 516 1168 568 ὅμνυσ’

121 578 189 617 ἔτι
214 577 287 616 καὶ
306 576 398 616 νυνὶ
426 576 498 615 τὸν
518 575 632 629 χῆν’,
666 577 768 614 ὅταν
789 576 983 629 ἐξαπατᾷ
1001 577 1065 628 τι]
1082 574 1168 616 Ὅτι

123 637 227 688 [lege
244 638 313 676 Οὔ.
332 634 516 687 Dii'bner.]
535 637 676 687 Πρῶτοι
693 637 724 673 οἳ
745 635 966 687 Σωκρατικοὶ
979 634 1167 682 ἐπετήδευ-

121 710 186 733 σαν
200 693 308 739 οὔτως
326 694 486 746 ὀμνύναι.
509 693 739 746 Σωσικράτης
749 693 816 746 γὰρ
833 695 867 732 ἐν
885 696 934 746 τῷ
952 693 1053 746 β’τῶν
1067 696 1167 748 Κρη-

120 757 226 793 τικῶν
239 754 348 798 οὕτως
360 753 468 807 φησί·
483 771 499 788 α
511 752 757 803 Ῥαδάμανθυς
768 752 803 791 δὲ
821 753 914 791 δοκεῖ
929 752 1169 803 διαδεξάμενος

119 812 183 860 τὴν
206 812 386 865 βασιλείαν
404 811 625 855 δικαιότατος
644 815 850 866 γεγενῆσθαι
869 812 1010 850 πάντων
1030 811 1168 864 ἀνθρώ-

119 887 208 911 πων.
228 871 377 922 Λέγεται
394 870 430 909 δὲ
448 870 551 909 αὐτὸν
570 872 707 922 πρῶτον
721 870 841 908 οὐδένα
857 872 915 908 ἐᾶν
928 870 1047 924 ὅρκους
1059 876 1165 909 ποιεῖ-

119 932 199 967 σθαι
218 928 310 968 κατὰ
326 932 394 967 τῶν
414 931 511 977 θεῶν,
527 929 604 967 ἀλλ’
639 927 785 979 ὀμνύναι
813 930 980 968 κελεῦσαι
995 933 1087 982 χῆνα
1107 928 1168 967 καὶ

119 986 207 1025 κύνα
228 987 287 1025 καὶ
303 986 399 1040 κριὸν
424 986 484 1025 καὶ
503 986 546 1024 τὰ
567 985 722 1038 ὅμοια.»

172 1064 188 1082 α
205 1045 436 1098 Σωσικράτης
447 1049 631 1083 Kusterus
650 1046 712 1097 [et
720 1046 936 1097 Meursius].
954 1049 1170 1103 Legebatur

119 1105 331 1158 Σωκράτης,
364 1107 432 1142 hic
460 1113 498 1142 et
524 1118 585 1154 ap.
616 1106 759 1142 Zenob
789 1108 899 1143 Prov.
923 1108 969 1152 V,
1000 1107 1046 1143 81
1081 1107 1168 1157 (ubi

117 1165 251 1201 eadem
267 1163 454 1214 brevius).
476 1180 492 1197 υ
512 1166 705 1202 Dmnonr.
725 1164 834 1200 Idem
863 1177 908 1200 ex
926 1165 1097 1201 Zenobio
1131 1165 1166 1201 ἐν

117 1223 167 1272 τῷ
180 1221 212 1272 β’
222 1223 372 1271 scripsit
388 1235 463 1270 pro
482 1223 578 1270 vulg.
606 1222 641 1258 ἐν
657 1223 707 1272 τῷ
724 1219 787 1270 ιὸ’,
808 1222 1012 1270 laudatque
1030 1223 1078 1259 de
1095 1223 1165 1261 So-

116 1282 253 1317 sicrate
269 1281 591 1317 Hemsterhusium
603 1279 644 1317 in
660 1280 804 1318 Anecd.
822 1281 899 1316 vol.
923 1281 955 1325 I,
973 1293 1013 1329 p.
1037 1294 1108 1329 197
1131 1289 1168 1317 et

116 1340 288 1376 Geelium
311 1340 353 1374 in
362 1339 461 1383 Bibl.
477 1340 559 1376 crit.
574 1339 761 1375 novavol.
779 1339 818 1384 1,
838 1351 878 1388 p.
901 1339 965 1376 62.
988 1338 1041 1375 Cf.
1062 1342 1167 1388 Apo-

116 1399 203 1434 stol.
227 1398 358 1443 XVII,
393 1411 413 1443 7
428 1411 438 1443 3
477 1397 600 1433 schol.
635 1398 784 1432 Platon.
817 1409 856 1445 p.
886 1396 956 1432 331
986 1397 1163 1444 Bekker.;

115 1456 287 1494 Eustath.
308 1455 358 1492 ad
377 1457 492 1494 Hom.
513 1468 555 1504 p.
579 1454 694 1501 1871,
711 1459 757 1500 43
780 1455 910 1491 Hoeck.
930 1455 971 1490 in
984 1456 1096 1492 Creta
1109 1458 1164 1503 ΙΙ,

114 1526 156 1562 Ρ.
183 1514 270 1563 198.

619 1565 657 1604 6.

167 1643 366 1679 Athenaeus
391 1644 462 1690 VI,
493 1655 534 1691 p.
570 1641 644 1678 263
657 1668 668 1687 ,
710 1643 738 1678 F
742 1668 751 1676 .
784 1643 1052 1690 Fragmentum
1075 1643 1163 1680 libri

114 1702 253 1751 quarti.
272 1703 317 1740 V.
334 1701 508 1738 Dosiadae
527 1701 573 1737 fr.
595 1714 633 1751 2,
650 1714 690 1751 p.
713 1701 805 1750 399.

132 1802 136 1805 ¹
622 1791 656 1823 7.

166 1848 364 1884 Athenaeus
375 1847 489 1894 XIII,
506 1859 547 1895 p.
567 1845 658 1891 561,
676 1848 705 1882 E
725 1859 733 1881 ε
756 1844 1027 1895 Λακεδαιμόνιοι
1044 1845 1079 1883 δὲ
1094 1846 1162 1898 πρὸ

113 1906 182 1942 τῶν
208 1902 437 1957 παρατάξεων
466 1901 604 1954 Ἔρωτι
634 1902 859 1955 προθύονται,
890 1904 937 1946 ὡς
966 1904 1002 1940 ἐν
1021 1906 1064 1955 τῇ
1092 1907 1159 1942 τῶν

112 1961 432 2014 παραταττομένων
461 1960 558 2013 φιλία
588 1960 748 2010 κειμένης
767 1963 828 2007 τῆς
848 1960 1020 2013 σωτηρίας
1038 1977 1075 2000 τε
1101 1962 1161 2000 καὶ

112 2021 220 2068 νίκης.
243 2020 314 2059 Καὶ
335 2022 470 2072 Κρῆτες
504 2019 533 2056 δ’
554 2020 588 2057 ἐν
609 2019 685 2062 ταῖς
711 2018 926 2073 παρατάξεσι
945 2018 1022 2063 τοὺς
1037 2021 1161 2058 καλλί-

114 2094 213 2122 στους
228 2080 296 2116 τῶν
311 2079 463 2116 πολιτῶν
482 2075 740 2126 κοσμήσαντες,
756 2076 813 2114 διὰ
831 2076 960 2115 τούτων
977 2077 1095 2117 θύουσι
1111 2081 1160 2133 τῷ

111 2135 247 2189 Ἔρωτι
259 2167 270 2188 ,
290 2138 336 2180 ὡς
355 2135 586 2188 Σωσικράτης
601 2137 743 2187 ἱστορεῖ.

623 2212 659 2251 8.

166 2284 296 2323 schol.
317 2285 408 2321 Eur.
423 2284 581 2333 Hippol.
605 2288 687 2329 47:
706 2281 844 2326 Πάσαις
859 2285 935 2326 ταῖς
955 2283 1014 2336 ἀφ’
1035 2283 1160 2323 Ἡλίου

111 2341 312 2398 γενομέναις
348 2340 511 2392 ἐμηνισεν
551 2339 729 2393 Ἀφροδίτη
765 2339 823 2378 διὰ
856 2340 919 2387 τὴν
950 2346 1159 2392 μηνυθεῖσαν

112 2401 220 2447 αι’,τῆς
225 2401 297 2470 ..ὑφ’
312 2398 439 2438 εΗλίου
460 2398 631 2451 μοιχείαν.
653 2397 729 2444 Τὴν
749 2392 807 2436 ουν
830 2400 1021 2452 Πασιφάην
1039 2402 1076 2438 οὗ
1095 2400 1160 2451 μό-

110 2473 167 2497 νον
187 2462 246 2497 τοῦ
263 2457 412 2510 ταύρου,
427 2456 518 2495 ἀλλὰ
534 2456 594 2495 καὶ
611 2472 671 2494 του
687 2456 824 2501 Μίνωος
841 2458 1029 2509 ἐρασθῆναί
1044 2474 1160 2511 φασιν,

110 2518 303 2569 ὡςιστορεῖ
320 2515 560 2567 Σωσικράτης.
580 2516 700 2553 Codd.
722 2515 936 2567 Σωκράτης,
957 2531 1028 2556 em.
1065 2521 1158 2555 Bar-

111 2578 248 2613 nesius.

622 2687 655 2719 5.

151 2746 324 2780 Sosicratoe
338 2746 420 2778 libro
447 2746 588 2779 secundo
605 2749 723 2779 Rerum
753 2748 952 2779 Creticarum
971 2748 1015 2780 ita
1033 2749 1128 2781 habet
1149 2762 1157 2782 z

110 2812 126 2827 a
144 2798 403 2839 Rhadamanthys
416 2797 448 2829 in
464 2807 560 2838 regno
572 2798 747 2830 succedens
762 2799 907 2830 omnium
924 2799 1090 2831 hominum
1103 2801 1157 2840 ju-

108 2852 282 2884 stisssimus
299 2851 394 2883 ruisse
412 2851 546 2883 videtur.
564 2853 594 2883 Is
610 2851 731 2892 primus
750 2851 850 2883 fertur
866 2854 1007 2893 vetasse,
1029 2862 1069 2885 ne
1087 2854 1158 2894 quis

110 2905 166 2943 per
180 2903 258 2935 deos
282 2903 424 2943 iuraret,
451 2902 507 2935 sed
525 2903 655 2942 jussisse
680 2912 735 2943 per
751 2912 895 2935 anserem
912 2894 1019 2944 jurare
1038 2905 1086 2937 vel
1103 2914 1158 2945 per

110 2964 236 2996 canem,
253 2956 387 2988 arietem
406 2957 438 2988 et
451 2955 514 2987 atia
529 2956 698 2996 ejusmodi.
718 2968 732 2983 n

611 3036 646 3067 7.

150 3098 382 3130 Lacedaemonii
411 3099 597 3140 priusquam
623 3099 735 3140 proelia
764 3099 894 3139 ineunt,
1067 3108 1156 3131 sacra

110 3149 247 3189 faciunt,
268 3150 301 3182 in
325 3159 438 3183 eorum
460 3151 516 3191 qui
534 3160 597 3182 una
617 3151 651 3182 in
663 3151 730 3182 acie
746 3152 832 3182 stant
851 3151 991 3182 amicitia
1019 3151 1155 3182 salutem

110 3202 341 3243 victoriamque
357 3203 493 3243 positam
523 3203 756 3235 existimantes.
787 3204 826 3235 Et
843 3193 1026 3242 Cretenses,
1054 3211 1154 3242 quum

108 3255 208 3286 aciem
220 3256 399 3295 instruunt,
412 3257 656 3289 formosissimos
669 3256 787 3287 civium
798 3256 971 3294 exornant,
986 3255 1018 3286 et
1028 3262 1084 3295 per
1097 3254 1155 3285 hos

110 3308 218 3339 Amori
234 3309 435 3349 sacrificant,
449 3312 485 3341 ut
502 3309 677 3342 Sosicrates
692 3308 800 3341 tradit.

613 3382 648 3414 8.

152 3445 310 3477 Omnibus
325 3446 407 3478 Solis
423 3447 556 3489 posteris
573 3448 682 3480 Venus
707 3444 900 3477 irascebatur
917 3442 1002 3484 quod
1029 3442 1152 3475 adulte-

926 3100 1035 3131 Amori

1736 339 1772 372 9.

1284 401 1500 450 Fulgentius
1511 400 1705 440 Planciad.
1726 403 1782 436 De
1798 402 1923 437 vocib.
1942 404 2061 451 antiq.
2087 403 2276 450 :Nesren-

1229 459 1296 494 des
1323 472 1332 495 .·
1369 458 1610 507 Diophantus
1629 460 1956 504 Lacedaemonius,
1984 465 2046 508 qui
2076 463 2132 498 De
2160 467 2277 499 sacris

1229 518 1380 554 deorum
1408 520 1572 565 scripsit,
1606 519 1675 560 ait,
1703 518 1806 565 apud
1829 517 1994 553 Athenas
2021 520 2139 555 Marti
2159 521 2277 556 solere

1229 576 1436 624 sacrificari
1459 588 1620 619 sacrum,
1646 576 1746 623 quod
1762 572 2023 626 Ἑκατομφόνια
2039 579 2253 625 appellatur
2259 592 2273 621 ;

1227 637 1260 668 si
1273 637 1353 682 quis
1372 637 1471 670 enim
1487 641 1632 669 centum
1652 633 1774 669 hostes
1799 632 2059 679 interfecisset,
2091 637 2207 671 Marti
2231 637 2277 671 de

1230 692 1378 728 homine
1403 692 1644 739 sacrificabat
1658 693 1763 740 apud
1785 693 1943 727 insulam
1963 694 2140 728 Lemnum
2149 707 2163 737 ;
2182 696 2281 741 quod

1229 751 1479 799 sacrificatum
1499 758 1556 786 est
1578 763 1603 787 a
1621 751 1780 795 duobus,
1809 751 2039 786 Aristomene
2061 752 2278 799 Gortyuensi

1229 817 1268 844 et
1283 809 1440 845 leeocle
1453 810 1485 843 E
1487 810 1560 844 loeo
1570 838 1578 852 ‚
1601 812 1695 844 sicut
1706 809 1907 845 Sosicrates
1923 810 2061 847 scribit.

1283 867 1340 906 Cf.
1361 869 1522 906 Pausan.
1538 869 1604 913 IV,
1625 881 1686 916 19,
1705 881 1742 906 2.
1763 869 1906 905 Mulier.
1922 869 2010 904 Dor.
2029 868 2062 912 I,
2085 873 2169 912 142.
2188 870 2275 905 Haec

1230 926 1470 965 Creticorum
1489 927 1635 962 auctori
1659 926 1886 962 vindicanda
1911 938 1987 962 esse
2005 927 2203 974 probabile
2224 935 2279 963 est

1228 992 1389 1034 propter
1412 986 1687 1021 Aristomenem
1715 985 2001 1032 Gortynensem.
2039 984 2277 1032 Quamquam

1228 1044 1329 1080 idem
1345 1044 1563 1092 Fulgentius
1579 1044 1616 1078 in
1632 1044 1753 1090 Myth.
1775 1045 1811 1078 II
1825 1070 1835 1087 ,
1863 1046 1906 1084 14
1927 1044 2041 1079 alium
2055 1043 2277 1078 Sosim-atem

1229 1102 1375 1147 laudat,
1396 1103 1631 1149 Cyzicenum.
1669 1102 1699 1137 C
1700 1103 1836 1137 ollecta
1858 1105 2102 1149 pecuniarum
2128 1115 2277 1137 suarum

1226 1173 1386 1203 summa>
1412 1162 1484 1204 ait,
1519 1169 1559 1195 ut
1575 1160 1777 1196 Sosicrates
1807 1160 2007 1206 Cyzicenus
2026 1162 2063 1194 in
2088 1161 2189 1195 libris
2207 1163 2278 1196 Hi-

1226 1221 1352 1255 storioe
1372 1219 1510 1263 scribit,
1534 1222 1634 1254 omni
1649 1230 1832 1254 censusuo
1845 1219 1954 1253 Mida
1969 1231 2038 1253 rea*
2051 1219 2195 1253 Pactoli
2200 1219 2278 1264 slu-

1228 1281 1338 1320 vium,
1365 1281 1429 1325 qui
1449 1280 1485 1311 in
1498 1289 1601 1312 mare
1626 1278 1818 1312 decurrere
1830 1278 1958 1312 solitus
1969 1284 2062 1320 erae,
2072 1288 2148 1324 per
2158 1279 2275 1311 innu-

1228 1335 1421 1370 merabiles
1437 1343 1579 1370 meatus
1591 1335 1645 1368 ad
1660 1334 1890 1382 irrigandam
1898 1337 2125 1382 provinciam
2137 1335 2277 1368 deriva-

1228 1396 1289 1435 vit,
1338 1405 1477 1440 suaque
1519 1404 1685 1439 expensa
1725 1396 1886 1427 avaritia
1912 1392 2068 1438 fluvium
2102 1390 2276 1438 fi’rtiIem

1229 1451 1406 1486 reddidit.
1425 1451 1536 1486 Mida
1551 1454 1647 1486 enim
1660 1463 1788 1497 groece
1798 1454 1905 1498 quasi
1918 1448 2024 1498 μηδὲν
2039 1448 2153 1498 εἴδων,
2175 1452 2279 1486 idest

1226 1508 1324 1543 nilzil
1350 1511 1481 1545 scienS.
1504 1510 1648 1543 Avarus
1681 1511 1778 1543 enim
1814 1516 1955 1543 tantum
1990 1510 2120 1544 stultus
2139 1517 2208 1552 est,
2237 1517 2277 1544 ut

1227 1567 1298 1602 sibi
1314 1568 1489 1615 prodesse
1508 1579 1581 1602 non
1603 1570 1712 1602 norit.

1647 1689 1862 1705 --οοσμ-

1339 1813 1781 1871 SOSICRATES
1821 1812 2163 1871 RHODlUS.

1621 1928 1873 1968 AIAAOXAI.

1724 2029 1780 2051 10.

1275 2100 1388 2147 Diog.
1410 2101 1452 2135 L.
1474 2101 1510 2143 1,
1535 2098 1598 2144 38,
1618 2099 1665 2134 de
1675 2100 1830 2134 Thalete
1849 2110 1857 2135 :
1887 2096 2116 2143 Ἐτελεύτησε
2139 2097 2167 2135 δ’
2188 2099 2273 2135 ἐτῶν

1223 2155 1463 2205 ἑὸδομήκοντα
1484 2155 1593 2202 ὀκτὼ,
1620 2155 1657 2202 ἢ,
1681 2158 1726 2198 ὥς
1753 2155 1981 2206 Σωσικράτης
2007 2155 2123 2208 φησὶν,
2152 2155 2273 2202 ἐνενή-

1224 2229 1345 2252 κοντα.
1377 2215 1596 2261 Τελευτῆσαι
1616 2214 1683 2266 γὰρ
1715 2213 1771 2251 ἐπὶ
1797 2217 1858 2261 τῆς
1889 2217 2125 2260 πεντηκοστῆς
2147 2214 2271 2265 ὀγδόης

1223 2271 1464 2322 Ὀλυμπιάδος
1475 2302 1484 2319 ,
1499 2272 1664 2323 γεγονότα
1681 2271 1772 2309 κατὰ
1792 2273 1954 2324 Κροῖσον,
1973 2266 2001 2323 ᾧ
2018 2270 2077 2309 καὶ
2093 2271 2155 2309 τὸν·
2166 2271 2271 2309 ἳΆλυν

1223 2330 1437 2382 ὑποσχέσθαι
1455 2329 1535 2369 ἄνευ
1549 2330 1700 2383 γεφύρας
1712 2335 1879 2382 περᾶσαι,
1891 2329 1930 2367 τὸ
1946 2330 2076 2382 ῥεῖθρον
2093 2327 2270 2381 παρατρέ-

1221 2389 1350 2441 ψαντα.

1719 2456 1733 2478 1
1746 2456 1759 2478 1
1770 2472 1778 2480 .

1274 2523 1379 2559 Idem
1395 2525 1434 2568 Ι,
1455 2528 1520 2573 49,
1543 2524 1589 2561 d'e
1606 2524 1745 2559 Solone
1763 2536 1772 2558 ε
1798 2523 1870 2560 Τοῦ
1895 2518 1936 2567 δὴ
1947 2522 2067 2558 λοιποῦ
2087 2521 2272 2572 προσεῖχον

1222 2580 1316 2632 αὐτῷ
1336 2581 1478 2630 ὃδῆμος
1497 2579 1555 2618 καὶ
1581 2579 1696 2626 ἡδέως
1726 2579 1787 2617 καὶ
1808 2582 2047 2632 τυραννεῖσθαι
2067 2578 2186 2625 ἤθελον
2211 2580 2269 2615 ὑπ’

1222 2689 1305 2721 ι·1ι1111
1322 2690 1390 2730 eJus
1415 2699 1434 2722 a
1463 2691 1537 2723 Sole
1564 2691 1759 2731 patefactum
1780 2691 1874 2721 esset.
1905 2689 2069 2729 Pasiphaae
2095 2689 2190 2728 igitur
2206 2695 2270 2718 non

1218 2742 1327 2779 tauri(
1338 2743 1507 2783 Minoisp)
1525 2743 1630 2775 solum
1644 2742 1698 2774 sed
1715 2742 1828 2774 Minois
1842 2741 1953 2781 (tauri
1964 2742 1993 2782 P)
2013 2741 2110 2773 etiam
2127 2747 2269 2772 amorem

1218 2793 1346 2834 injecit,
1362 2795 1397 2826 ut
1416 2794 1578 2826 memorioe
1589 2793 1754 2825 mandavit
1771 2792 1955 2825 Sosim-ates.

1319 2873 1760 2913 PHILOSOPHORUM
1783 2871 2162 2912 SUCCESSIONES.

1713 2963 1769 2994 10.

1261 3025 1375 3057 Thales
1391 3025 1537 3055 mortuus
1560 3023 1664 3057 aetatis
1679 3032 1765 3054 anno
1783 3022 2030 3063 septuagesimo,
2048 3021 2111 3060 vel,
2127 3021 2162 3052 ut
2181 3019 2265 3051 Sosi-

1218 3078 1320 3108 crates
1337 3075 1402 3114 ait,
1428 3075 1630 3114 nonagesimo
1648 3087 1654 3106 :
1676 3074 1939 3115 quinquagesima
1963 3075 2080 3114 quippe
2093 3073 2126 3103 et
2152 3073 2266 3102 octava

1219 3128 1409 3169 Olympiade
1423 3137 1490 3160 esse
1499 3127 1698 3159 defunctum.
1715 3127 1813 3159 Croesi
1830 3135 1904 3158 vero
1919 3126 2034 3157 vixisse
2047 3123 2262 3164 temporibus,

1217 3182 1267 3213 cui
1278 3181 1373 3213 etiam
1385 3181 1544 3221 pollicitus
1560 3183 1641 3212 esset
1655 3180 1756 3220 Halyn
1770 3179 1903 3211 nuvium
1914 3179 1981 3211 sine
1995 3180 2092 3218 ponte
2107 3175 2260 3215 trajicere,

1215 3242 1328 3266 averso
1344 3232 1484 3264 flumine.
1715 3275 1752 3307 ¹1

1258 3340 1306 3369 Ex
1325 3346 1362 3369 eo
1374 3336 1439 3376 Jam
1459 3337 1602 3376 tempore
1616 3336 1711 3367 Solon
1728 3335 1848 3374 plebis·
1840 3344 1871 3366 m
1885 3343 1918 3366 se
1930 3333 2052 3364 animos
2068 3331 2110 3361 ita
2124 3337 2257 3360 conver-

1215 3390 1318 3428 terat,
1337 3389 1374 3419 ut
1390 3387 1449 3419 sibi
1466 3387 1555 3418 illum
1578 3395 1690 3417 omnes
1715 3394 1778 3416 uno
1797 3386 1904 3415 animo
1925 3384 2077 3422 imperare
2093 3379 2255 3418 cuperent

1216 3441 1267 3473 Eis
1282 3449 1359 3473 vero
1387 3440 1439 3472 ille
1467 3440 1591 3471 tantum
1609 3438 1710 3469 abfuit
1739 3438 1774 3468 ut
1791 3434 2023 3476 acquiesceret,
2052 3433 2104 3470 ut,
2128 3431 2257 3461 auctore
