2326 3724
977 156 1315 197 FRAGMENTA.

91 248 238 285 socrat.
259 246 354 283 Hist.
379 246 484 282 Eccl.
506 245 593 289 VII,
619 243 698 293 13).
720 245 778 280 En
792 244 909 293 igitur
928 256 1045 292 quam
1063 246 1115 282 ob

71 317 224 343 causam
255 305 394 354 impius
415 304 610 351 Eunapius
643 310 720 339 tam
751 303 890 338 acriter
916 304 1117 340 Hieracem

70 363 296 414 proscindit.
316 379 332 395 »
351 363 491 399 Zosimi
502 362 670 398 narratio
687 362 725 397 in
735 362 808 398 hac
824 362 995 398 Historiae
1010 370 1118 411 parte

71 424 245 460 lacunam
258 421 386 459 habet.

560 472 626 516 84.

123 561 258 602 Suidas
272 575 281 598 ε
298 560 343 600 Ἀ
354 559 492 613 ρὸαζά
503 575 525 598 κ
537 574 594 604 ιος
608 557 782 612 Ἴσαυρος,
797 558 854 598 ἐπὶ
867 558 1045 613 Ἀρκαδίου
1058 562 1118 597 τοῦ

71 619 306 696 ἓασιλέωςζ,
274 618 312 657 ὃν
327 618 560 671 Ἁρπαζάκιον
575 618 721 656 ἐκάλουν
737 617 794 656 διὰ
807 617 846 656 τὸ
862 617 1118 658 πλεονεκτικόν.

89 682 143 719 Ην
162 694 224 730 μεν
244 677 279 723 ἐξ
297 677 500 731 Ἀρμενίας,
520 682 591 721 τοῖς
621 693 734 730 τρισιν
757 676 832 726 ἅμα
860 678 1121 730 συγκατειλημ-

18 736 19 739 '
73 738 174 789 μένος
192 737 352 786 πάθεσιν,
370 735 489 789 ὥσπερ
509 735 784 790 Ἥφαιστείοις
765 737 903 788 οεσμοῖς
920 736 1118 789 ἀρρήκτοις,

21 834 23 836 ,
74 795 134 835 καὶ
157 795 258 846 ἔμενέ
274 811 313 847 γε
329 798 365 834 ἐν
386 795 503 839 αὐτοῖς
522 794 685 845 ἔμπεδόν·
702 810 813 832 ταυτα
831 793 866 832 δὲ
886 798 928 842 ἠν
947 795 1122 846 ἐρωτομα-

72 855 130 894 νία
148 856 207 895 καὶ
227 855 315 906 μεθη
332 854 391 893 καὶ
407 854 600 899 πλεονεξία.
629 853 734 894 Οὕτω
752 853 787 892 δὲ
809 856 856 898 εἰς
877 854 1025 906 ἔσχατον
1043 853 1121 906 ὅρον

73 914 134 959 τὰς
159 916 272 968 ἑαυτῷ
295 913 460 958 δοκούσας
489 912 612 966 ἀρετὰς
634 913 854 965 ἐπετήδευεν,
874 913 964 951 ὥστε
994 914 1057 951 οὐκ
1080 912 1121 951 ἄν

71 988 124 1017 τις
151 973 332 1012 ἐπίστευσε
361 971 457 1024 [μὴ]
488 971 641 1025 πειραθε
616 988 682 1023 ις,
704 970 757 1010 ὅτι
779 972 840 1016 τὰς
871 977 961 1025 τρεῖς
990 970 1123 1016 ἐκείνας

72 1031 182 1077 οὕτως
203 1034 251 1076 εἷς
272 1032 376 1085 ἄκρον
398 1031 586 1078 ἐξησκησε·
607 1037 860 1103 μουσουργοῖς
854 1031 915 1068 μὲν
930 1029 1006 1092 γὰρ
1023 1030 1122 1068 συνέ-

74 1094 156 1139 ζησε
178 1090 379 1136 τοσαύταις,
397 1088 481 1134 ὅσας
503 1089 580 1128 οὔτε
602 1091 728 1133 ἐκεῖνος
745 1093 901 1143 ἀριθμεῖν
919 1093 1025 1142 εἶχεν,
1044 1088 1122 1128 οὔτε

72 1149 186 1203 ἕτερός
204 1166 255 1194 τις
281 1152 351 1188 τῶν
381 1148 668 1199 διακονουμενων·
689 1148 749 1187 καὶ
770 1148 862 1200 οἵγε
891 1148 1123 1201 προσήκοντες

75 1211 172 1247 αὐτῶ
185 1208 345 1260 λογισται
359 1211 426 1246 τῶν
442 1210 701 1260 στρατιωτικῶν
717 1208 825 1260 ἔργων
836 1207 893 1246 τὸν
904 1208 966 1259 μὲν
979 1207 1122 1259 ἀριθμὸν

76 1270 144 1306 τῶν
163 1270 384 1320 στρατιωτῶν
402 1266 545 1319 ᾔδεσαν,
565 1267 605 1305 τὸ
620 1254 806 1313 δὲνπλῆθος
820 1269 888 1304 τῶν
905 1269 1049 1318 ἑταιρῶν
1065 1266 1124 1304 καὶ

76 1327 134 1364 τὸν
164 1328 203 1365 ἐκ
233 1328 301 1364 τῶν
332 1328 460 1378 χειρῶν
492 1325 636 1378 ἀριθμὸν
658 1326 762 1363 αὐτοῦ
793 1325 888 1378 διέφυ
890 1341 962 1376 γεν.
985 1324 1125 1377 Ὥσπερ

74 1379 132 1423 οἶν
153 1384 322 1438 Ὀρόντην
351 1384 409 1422 τὸν
441 1383 582 1436 Πέρσην
602 1383 707 1436 φασὶν
736 1385 857 1431 εἰπεῖν,
876 1383 929 1422 ὅτι
958 1386 1028 1422 τῶν
1056 1384 1126 1421 δα-

76 1444 212 1483 κτύλων
231 1446 249 1481 6
267 1442 474 1495 μικρότατος
492 1443 550 1481 καὶ
569 1442 676 1495 μύρια
698 1442 861 1492 σημαίνει
882 1443 942 1480 καὶ
963 1442 1023 1480 ἕνα
1042 1444 1121 1494 ἀρι-

77 1502 180 1554 θμὸν,
195 1501 285 1541 οὕτω
302 1502 456 1539 κάκεῖνοι
472 1501 533 1545 τὰς
549 1501 689 1553 ἑταίρας
705 1499 796 1538 κατὰ
815 1501 968 1551 μονάδας
984 1499 1045 1539 καὶ
1062 1516 1126 1551 μυ·

77 1560 195 1614 ριάδας
214 1560 395 1613 ἠρίθμουν.

129 1623 278 1658 Partem
293 1621 431 1656 horum
449 1621 587 1669 repetit
604 1620 739 1656 Suidas
759 1633 797 1658 V.
819 1617 1054 1670 Μουσουργοί.
1071 1619 1128 1656 De

75 1681 229 1717 Orontis
249 1679 351 1715 dicto
375 1679 425 1716 cf.
449 1679 603 1715 Aristid.
621 1679 698 1717 vol.
722 1680 782 1724 II,
799 1692 839 1728 p.
864 1677 953 1724 257.
967 1679 1129 1727 Eunapii

75 1739 178 1775 hunc
200 1739 329 1774 locum
353 1739 499 1787 primus
523 1738 734 1773 vindicavit
758 1738 925 1774 Valesius
952 1737 1002 1772 ad
1022 1738 1129 1772 Mar-

78 1799 202 1835 cellin.
234 1797 324 1842 XV,
356 1794 393 1846 p.
432 1797 497 1845 93.
534 1799 591 1834 De
633 1796 860 1841 Arbazacio,
887 1797 955 1843 qui
998 1803 1130 1832 contra

80 1858 231 1893 Isauros
280 1856 545 1905 Pamphyliam
593 1863 631 1892 et
677 1855 849 1893 Ciliciam
895 1854 1130 1891 devastantes

81 1915 236 1951 emissus
267 1922 320 1951 est
345 1915 440 1962 (404
457 1913 492 1965 ),
516 1914 594 1950 vid.
618 1914 789 1950 Zosimus
806 1915 836 1950 V
873 1912 938 1951 25.

561 1992 632 2036 85.

133 2077 226 2113 Exc.
241 2077 298 2111 De
315 2083 407 2112 sent.
424 2089 464 2124 p.
484 2088 575 2124 291,
596 2088 701 2124 292:
722 2073 803 2112 Ὁ
785 2073 820 2111 οὲ
838 2073 922 2126 πρὸς
934 2089 992 2111 τον
1009 2073 1133 2112 Ἰωάν-

82 2148 144 2179 νην
162 2131 372 2185 ἐπιστρέψας
385 2131 442 2170 τὸν
457 2132 571 2184 λόγον,
582 2150 597 2166 «
609 2131 715 2170 Ἀλλὰ
734 2131 776 2170 σύ
795 2147 835 2182 γε
848 2162 860 2182 ,
877 2135 976 2179 εἰπε,
992 2133 1132 2170 πάντων

80 2195 110 2229 εἰ
138 2193 207 2228 τῶν
238 2193 356 2243 κακῶν
384 2190 512 2239 αἴτιος,
535 2190 613 2234 τούς
632 2206 669 2228 τε
694 2190 859 2242 βασιλέας
879 2161 1109 2240 διατέμνων
1094 2203 1134 2229 εκ

125 2360 318 2392 Arbazacius
356 2362 503 2399 Isanrus‚
532 2361 592 2392 sub
626 2359 762 2392 Arcadio
789 2359 1004 2400 imperatore,
1033 2368 1133 2400 quem

84 2413 215 2452 propter
227 2412 434 2453 rapacitatem
449 2412 692 2452 Harpazachnm,
708 2412 729 2444 i.
751 2420 780 2444 e.
798 2413 968 2452 Rapacem,
986 2412 1129 2452 appella·

81 2463 170 2495 hant.
190 2464 263 2496 Fuit
279 2465 363 2496 enim
378 2473 419 2496 ex
436 2464 588 2496 Armenia
601 2463 773 2504 oriundus,
791 2463 887 2495 simul
907 2464 955 2495 llis
967 2464 1072 2495 tribus
1084 2463 1131 2495 af-

82 2516 293 2556 fectionibus,
311 2519 347 2548 ut
362 2518 552 2550 firmissimis
569 2517 734 2549 Vulcaniis
759 2517 897 2548 vinculis
923 2516 1131 2557 constrictus,

82 2569 115 2600 et
131 2568 166 2600 in
184 2568 261 2609 ipsis
276 2570 462 2600 constanter
484 2569 711 2609 perseveravit.
732 2571 792 2600 Hae
816 2569 926 2600 autem
949 2568 1134 2600 affectiones

83 2620 214 2652 fuerunt
227 2619 359 2652 insanus
371 2628 462 2651 amor
474 2622 508 2652 et
523 2621 660 2652 ebrietas
679 2623 709 2652 et
725 2620 870 2652 avaritia.
896 2622 1001 2653 Tanto
1025 2622 1133 2652 autem

82 2671 188 2703 studio
210 2671 272 2703 illis
294 2680 375 2712 quas
395 2672 599 2704 existimabat
620 2672 794 2704 virtutibus
813 2681 944 2713 operam
969 2672 1083 2710 dabat,
1099 2674 1135 2704 ut

83 2725 139 2765 qni
159 2724 192 2756 id
213 2725 409 2765 experientia
429 2727 633 2765 compertum
656 2734 722 2756 non
746 2725 900 2765 haberet,
918 2724 1049 2757 credere
1070 2734 1134 2757 non

32 2821 35 2824 .
85 2778 193 2818 posset
212 2786 287 2809 eum
307 2778 415 2810 tantos
433 2778 467 2810 in
486 2778 590 2810 tribus
614 2778 676 2810 illis
693 2778 780 2810 vitiis
804 2787 990 2819 progressus
1011 2778 1133 2811 fecisse.

66 2828 68 2830 ’
85 2831 148 2862 Tot
159 2830 244 2862 enim
264 2830 409 2871 psaltrias
426 2831 459 2862 in
476 2832 628 2863 convictu
650 2840 709 2863 suo
734 2831 867 2870 habuit,
887 2832 924 2862 ut
945 2840 1050 2872 neque
1071 2831 1137 2872 ipse

86 2889 191 2921 neque
204 2882 285 2913 alius
301 2881 388 2913 ullus
400 2890 418 2913 e
434 2881 588 2914 ministris
607 2890 662 2913 eas
682 2890 855 2913 numerare
873 2883 990 2922 posset.
1007 2886 1052 2914 Ac
1074 2893 1135 2915 nu-

85 2933 214 2965 merarii
242 2942 350 2966 rerum
372 2934 583 2972 militarium,
609 2934 666 2975 qui
689 2934 735 2966 illi
759 2934 974 2975 apparebant,
997 2935 1136 2968 militum

86 2987 218 3028 quidem
244 2995 417 3018 numerum
448 2989 582 3026 norant;
615 2988 822 3019 meretricum
853 2996 931 3019 vero
959 2988 1137 3021 multitudo

87 3048 217 3072 omnem
231 3048 342 3071 eorum
361 3039 523 3071 calculum
542 3040 725 3080 superabat.
741 3039 1026 3078 Quemadmodum
1037 3042 1136 3082 igitur

88 3093 242 3124 Orontem
256 3094 384 3124 Persam
402 3091 520 3124 dixisse
535 3093 639 3124 ferunt
653 3092 823 3124 minimum
833 3093 968 3133 digitum
981 3095 1014 3126 et
1028 3094 1137 3126 decem

89 3143 189 3175 millia
205 3145 237 3176 et.
250 3153 351 3175 unum
367 3144 546 3184 significare
562 3157 570 3176 ε
585 3145 631 3176 sic
642 3145 740 3176 etiam
758 3145 803 3177 illi
827 3146 1012 3179 meretrices
1032 3148 1065 3179 et
1076 3147 1137 3179 sin-

90 3196 221 3236 gulatim
238 3198 271 3229 et
287 3206 344 3238 per
357 3196 439 3229 dena
454 3197 553 3228 millia
566 3197 791 3230 numerabant.

583 3252 642 3284 85.

134 3306 165 3336 ls
187 3306 294 3337 autem
306 3329 315 3344 ‚
341 3314 495 3337 conversa
514 3306 555 3337 ad
583 3308 740 3339 ,Ioannem
756 3308 920 3348 oratione,
942 3321 957 3335 «
975 3310 1024 3340 Tu
1043 3317 1136 3348 vero,

95 3355 219 3397 inquit,
238 3357 396 3389 malorum
409 3357 553 3390 omnium
568 3367 663 3391 causa
673 3367 707 3391 es
718 3383 728 3399 ,
741 3359 797 3400 qui
809 3359 1013 3391 concordiam
1028 3368 1137 3400 regum

2176 168 2219 201 5¹

1180 247 1242 292 τῆς
1275 245 1370 297 σφῶν
1404 244 1517 282 αὐτῶν
1540 245 1757 293 κολλησεως,
1786 245 1846 284 καὶ
1869 245 1908 284 τὸ
1933 247 2229 299 θεοπρεπέστατον

1181 303 1280 356 ἔργον
1318 302 1379 342 καὶ
1422 303 1660 355 οὐρανόμηκες
1706 303 1906 355 ὑπορύττων
1941 305 2001 343 καὶ
2035 306 2229 344 κατασείων

1181 363 1256 406 ταῖς
1273 367 1353 405 σαῖς
1373 363 1549 414 μηχαναῖς
1569 364 1600 406 ἐς
1629 362 1786 401 διάλυσιν
1815 363 1875 401 καὶ
1895 364 2038 416 φθοράν.
2066 363 2174 403 Ἔστι
2195 364 2230 403 δὲ

1181 419 1370 458 πανόλὸιόν
1386 436 1420 458 τι
1435 423 1559 473 χρῆμα
1579 420 1640 458 καὶ
1658 421 1772 474 τεῖχος
1792 421 1964 474 ἄρρηκτον
1984 422 2044 460 καὶ
2072 425 2232 474 ἀδαμάν-

1181 494 1271 518 τινον
1299 477 1375 523 τοὺς
1403 478 1569 531 βασιλέας
1597 481 1632 517 ἐν
1662 479 1732 518 δύω
1761 480 1902 531 σώμασι
1934 481 2017 531 μίαν
2050 483 2231 534 βασιλείαν

1182 536 1326 589 ἔχοντας
1348 537 1544 590 φαίνεσθαι.
1568 555 1584 572 υ
1611 538 1685 577 Καὶ
1704 539 1735 577 οἱ
1754 538 1945 590 παρόντες,
1968 539 2099 578 τούτων
2127 542 2231 593 λεγο-

1184 594 1316 647 μένων,
1335 595 1397 640 τὰς
1418 595 1480 644 μὲν
1503 596 1658 670 nequam<
1680 596 1842 636 ἀπέσειον
1866 600 1978 650 ἡσυχῇ
2000 598 2060 637 καὶ
2081 600 2232 638 δεδοικό-

1182 670 1257 698 τες·
1273 654 1407 693 ἐδόκει
1396 654 1464 708 γὰρ
1479 656 1593 699 αὐτοῖς
1608 655 1734 709 ἄριστα
1745 655 1926 707 λεγεσθαι·
1941 672 1998 695 τον
2014 657 2050 695 δὲ
2066 657 2232 705 Ἰωάννην

1183 713 1368 768 τρέμοντες
1386 730 1446 752 και
1459 714 1544 767 πρὸς
1560 714 1604 752 τὰ
1622 715 1771 777 σφέτερα
1788 715 1892 768 κέρδη
1910 715 2094 769 κεχηνότες
2115 717 2148 770 (ἡ
2165 718 2232 773 γὰρ

1184 772 1359 811 ἀκολασία
1377 772 1437 811 καὶ
1456 776 1528 818 τοῖς
1544 779 1724 827 πονηροῖς,
1741 778 1831 827 ᾑπερ
1849 773 2008 827 εἴρηται,
2023 775 2163 826 τιμὴν’
2148 793 2162 815 ε
2165 793 2233 829 Λα

1185 831 1326 884 ρίζετο),
1346 847 1407 878 της
1438 835 1554 879 κοινῆς
1587 835 1761 885 σωτηρίας
1787 833 2047 884 ἀμελήσαντες,
2067 835 2127 873 καὶ
2147 852 2234 888 προ-

1187 890 1399 941 στησάμενοι
1430 894 1524 945 σφῶν
1557 894 1671 931 αὐτῶν
1704 892 1762 931 τὸν
1796 892 1975 941 Ἰωάννην,
2004 894 2163 946 τεχνικὸν
2193 896 2235 943 δή

1183 966 1263 989 τινα
1308 952 1577 1004 ἱερακοτρόφον,
1620 950 1679 989 τὸν
1723 951 1905 1003 Φράὸιθον
1953 952 2132 1006 ἀφείλοντο
2175 958 2237 1002 τῆς

1185 1011 1314 1062 ψυχῆς.

1238 1071 1322 1116 Quo
1345 1069 1424 1105 haec
1444 1077 1637 1119 spectent,
1668 1072 1812 1110 nescio.
1847 1087 1863 1104 α
1892 1073 2088 1117 Fortasse,
2114 1074 2236 1109 Maius

1185 1129 1258 1173 ait,
1270 1141 1393 1164 sermo
1410 1136 1464 1164 est
1481 1129 1529 1165 de
1542 1130 1698 1166 Arcadii
1713 1143 1800 1166 cum
1816 1129 1987 1166 Honorio
2006 1131 2119 1167 fratre
2133 1132 2235 1167 bello

1187 1186 1391 1222 Gildonico
1412 1187 1523 1237 (397.
1550 1186 1661 1238 398).
1695 1204 1710 1220 »
1734 1190 1901 1225 Joannes
1921 1197 1987 1225 aut
2005 1190 2238 1238 Chrysosto-

1184 1258 1268 1280 mus
1282 1253 1338 1281 est
1352 1246 1554 1295 episcopus
1568 1247 1825 1293 Constantin.‚
1842 1255 1907 1283 aut
1916 1249 1937 1283 J
1940 1261 2079 1284 oannes
2094 1261 2235 1293 comes,

1185 1305 1247 1339 cui
1284 1304 1470 1340 Arcadius
1508 1318 1646 1341 arcana
1678 1319 1742 1341 sua
1780 1308 1907 1342 omnia
1950 1308 2235 1352 committebat,

1185 1375 1375 1410 quemque
1389 1364 1564 1412 plerique
1576 1372 1723 1412 patrem
1738 1377 1816 1401 csse
1833 1366 1964 1414 pueri,
1988 1379 2102 1414 quem
2117 1369 2239 1402 Arca-

1186 1421 1270 1457 dius
1289 1423 1460 1470 genuisse
1480 1423 1724 1471 opinabatur,
1752 1424 1998 1460 crediderunt
2011 1451 2021 1469 ,
2050 1432 2142 1461 teste
2165 1427 2239 1461 Zo-

1185 1481 1280 1516 simo
1297 1482 1344 1525 V,
1367 1480 1427 1518 18.

1679 1540 1742 1579 86.

1241 1609 1343 1649 Ibid.
1359 1623 1402 1660 p.
1422 1623 1497 1659 292
1521 1624 1529 1646 ε
1548 1609 1746 1663 Παμφυλία
1763 1613 1844 1661 γοῦν
1863 1610 1930 1648 ὑπὸ
1944 1613 2013 1649 τῶν
2031 1610 2239 1663 Ἰσαυρικῶν

1187 1666 1351 1718 πολέμων
1381 1669 1601 1720 πορθουμένη
1630 1668 1760 1721 χρυσὸν
1782 1668 1919 1720 ἐνόμισε
1951 1668 2015 1714 τὰς
2041 1669 2242 1723 Ἰσαυρικὰς

1188 1725 1388 1778 συμφοράς·
1409 1725 1470 1764 καὶ
1489 1727 1648 1780 καθάπερ
1669 1729 1703 1766 ἐν
1724 1730 1800 1771 ταῖς
1820 1728 2037 1778 διοσημείαις
2061 1730 2242 1780 ἀστραπῆς

1188 1786 1352 1837 κεραυνὸς
1377 1785 1614 1839 φοὸερώτερος
1639 1788 1676 1839 (ἡ
1697 1785 1761 1838 μὲν
1777 1785 1845 1840 γὰρ
1867 1786 2016 1841 ἐφόὸησε
2035 1787 2153 1838 μόνον,
2173 1791 2190 1826 6
2206 1788 2242 1826 δὲ

1190 1843 1421 1897 διέφθειρεν),
1444 1844 1535 1889 οὕτω
1555 1845 1615 1883 καὶ
1634 1845 1713 1890 τοὺς
1733 1845 1916 1898 Ἰσαυροὺς
1943 1846 2243 1899 φρικωδεστάτους

1189 1903 1291 1947 ὄντας
1311 1903 1459 1942 ἀκοῦσαί
1482 1920 1519 1942 τε
1539 1904 1599 1943 καὶ
1620 1906 1703 1943 ἷδεῖν
1727 1904 1825 1948 ἄνθος
1858 1904 2013 1950 ἀπέδειξε
2034 1906 2093 1943 καὶ
2113 1922 2243 1960 τρυφε-

1192 1961 1345 2014 ρώτατόν
1371 1978 1404 2000 τι
1430 1963 1490 2001 καὶ
1515 1964 1658 2016 χλοερὸν
1687 1963 1749 2015 ἔαρ
1771 1965 1788 2001 ὃ
1815 1963 1992 2015 βέλτιστος
2021 1964 2056 2009 ἐξ
2084 1964 2243 2009 Ἀλεξαν·

1192 2021 1306 2074 δρείας
1322 2021 1454 2074 Ἱέραξ,
1471 2022 1561 2060 οὕτω
1579 2023 1694 2061 πάντα
1712 2023 2021 2076 διερευνησάμενος
2037 2040 2096 2061 και
2115 2039 2243 2076 συναρ-

1191 2079 1307 2123 πάσας
1322 2080 1482 2132 ἀθρόως’
1469 2097 1526 2119 επι
1543 2082 1727 2147 Φραὸίθου
1743 2082 1850 2135 φόνις.)
1865 2103 1919 2111 --
1933 2082 2004 2121 Και
2019 2081 2243 2150 παραλαόιη

1193 2132 1261 2170 ὑπο
1279 2133 1430 2183 μάλης
1416 2141 1578 2195 επειρᾶτο
1593 2133 1789 2188 διαφευγειν
1804 2133 1893 2173 κατὰ
1911 2135 2024 2187 ῥύμην
2044 2135 2104 2173 καὶ
2119 2136 2241 2188 φοράν.

1194 2190 1286 2230 Ἀλλ’
1316 2193 1380 2230 οὐκ
1411 2195 1504 2244 εἶχεν
1542 2193 1782 2240 ἀλαοσκοπίην
1815 2195 1833 2231 6
1867 2192 1992 2236 Λύκιος
2026 2192 2246 2244 Ἑρεννιανὸς

1192 2303 1344 2335 dissocias
1353 2327 1362 2343 ‚
1372 2312 1505 2344 remque
1515 2304 1659 2335 omnium
1667 2304 1966 2345 praestantissimam
1976 2306 2074 2345 atque
2082 2304 2245 2336 coelestem

1193 2355 1338 2387 artificiis
1357 2356 1421 2387 tuis
1435 2354 1655 2396 perturbatam
1677 2356 1871 2396 pessumdas.
1891 2356 2016 2396 Quippe
2032 2364 2160 2387 summa
2180 2357 2246 2388 feli-

1195 2408 1276 2439 citas
1288 2409 1385 2448 atque
1397 2407 1602 2439 adamantina
1616 2407 1900 2448 insuperabilisque
1916 2407 2050 2438 firmitas
2062 2409 2129 2447 est,
2143 2416 2245 2447 quum

1195 2459 1259 2492 duo
1270 2468 1358 2501 reges
1369 2470 1470 2492 unum
1484 2470 1617 2501 regnum
1629 2460 1788 2501 possidere
1800 2461 1960 2492 videntur.
1978 2474 1993 2488 »ι
2009 2463 2091 2492 'sum
2105 2460 2160 2501 qui
2173 2461 2247 2493 huic

1194 2512 1331 2544 orationi
1345 2511 1496 2550 aderant,
1507 2513 1665 2553 capitibus
1680 2512 1768 2545 taciti
1784 2512 1955 2554 pavidique
1968 2512 2144 2552 nutabant3
2159 2513 2247 2545 visus

1194 2565 1279 2597 enim
1292 2567 1362 2597 erat
1375 2566 1548 2597 rectissime
1560 2565 1678 2597 dicere.
1692 2567 1912 2598 Veruntamen
1925 2565 2003 2596 dum
2016 2574 2035 2596 a
2047 2567 2171 2597 Joanne
2187 2565 2247 2597 sibi

1196 2618 1329 2659 timent,
1349 2620 1382 2651 et
1396 2627 1491 2650 suum
1507 2618 1643 2658 quisque
1656 2618 1782 2650 lucrum
1799 2617 1986 2657 meditatur,
2007 2617 2167 2657 (namque
2184 2618 2245 2648 im-

1195 2680 1296 2712 purus
1308 2671 1361 2704 ille
1377 2671 1530 2712 improbis
1546 2680 1676 2712 quoque
1688 2671 1872 2703 hominibus
1887 2671 2044 2707 honores,
2060 2670 2108 2702 uti
2123 2670 2247 2703 dictum

1195 2725 1263 2763 est,
1283 2723 1508 2764 largiebatur,)
1530 2723 1694 2755 communi
1722 2723 1839 2755 omissa
1867 2723 1988 2762 salute,
2006 2725 2163 2755 Joannem
2187 2722 2248 2754 sibi

1197 2777 1425 2817 praefecerunt,
1442 2776 1594 2808 callidum
1620 2776 1740 2809 scilicet
1757 2776 1899 2809 Hieracis
1917 2776 2104 2816 alumnum,
2123 2775 2246 2808 Fravit-

1196 2831 1327 2871 tamque
1341 2830 1407 2861 vita
1419 2829 1604 2870 spoliarunt.

1693 2885 1753 2918 86.

1239 2940 1429 2980 Pamphylia
1455 2940 1602 2972 isauricis
1622 2940 1715 2972 bellis
1732 2940 1876 2980 vastata,
1893 2931 2102 2971 nihilominus
2121 2939 2246 2971 beatam

1198 3002 1231 3025 se
1250 2993 1435 3034 judicabat,
1450 2993 1477 3025 si
1490 2993 1538 3025 his
1553 2994 1680 3025 tantum
1696 2993 1888 3025 afficeretur.
1910 2994 1981 3024 Jam
2002 2992 2095 3024 sicuti
2114 2991 2147 3023 in
2172 3000 2246 3032 pro-

1199 3047 1288 3078 cellis
1303 3046 1426 3086 fulgure
1442 3046 1564 3078 fulmen
1578 3045 1808 3078 formidabilius
1820 3047 1884 3085 est;
1903 3045 1979 3077 illud
1999 3045 2084 3076 enim
2101 3045 2246 3083 territat,

1197 3099 1261 3130 hoc
1277 3098 1452 3129 interimit:
1466 3098 1511 3129 sic
1527 3099 1624 3129 etiam
1639 3100 1766 3129 Isauros
1778 3097 1964 3138 ceteroquin
1980 3096 2092 3128 auditu
2112 3096 2247 3135 visuque

1198 3150 1401 3190 tremendos,
1418 3151 1503 3182 veris
1518 3151 1627 3182 tamen
1643 3150 1742 3182 instar
1756 3150 1878 3181 herbidi
1895 3149 2065 3190 ssoridique
2089 3157 2127 3180 ac
2151 3149 2245 3180 volu-

1199 3203 1292 3242 ptarii
1315 3204 1489 3244 praeclarus
1505 3203 1557 3234 hic
1572 3203 1804 3235 demonstravit
1822 3203 1957 3242 Hierax‚
1975 3202 2052 3234 dum
2072 3203 2187 3233 cuncta
2204 3201 2246 3232 ri·

1198 3257 1306 3287 matur
1321 3257 1506 3296 temereque
1521 3255 1629 3296 diripit
1649 3257 1720 3296 post
1734 3255 1884 3287 Fravittae
1900 3254 2032 3286 caedem.
2044 3271 2083 3276 -
2097 3253 2153 3285 llle
2163 3253 2245 3283 clam

1200 3308 1306 3348 fugam
1322 3308 1464 3348 rapidam
1480 3310 1512 3340 et
1525 3308 1747 3340 tumultariam
1763 3308 1894 3339 molitus
1906 3307 1955 3338 est
1972 3318 1980 3337 :
1995 3314 2108 3337 verum
2124 3306 2244 3336 Heren-

1200 3360 1313 3391 nianus
1325 3359 1464 3392 vicarius
1475 3384 1484 3400 ‚
1501 3368 1598 3400 quem
1621 3368 1686 3391 non
1708 3359 1879 3398 fefellerat,
1893 3360 2042 3390 naturam
2057 3356 2172 3396 aquilae
2194 3356 2244 3387 in·

1969 3417 1994 3441 4.
