2372 3704
115 239 189 272 536

165 321 326 368 Quando
338 323 472 357 vixerit
487 324 647 359 Joannes
659 332 832 360 accurate
844 324 989 360 definiri
1003 326 1147 373 nequit.

111 381 182 417 Sed
204 393 320 428 quum
336 380 534 428 probabile
549 383 596 417 sit
620 383 795 418 chronica
817 395 937 430 usque
962 383 1011 419 ad
1029 385 1149 431 ipsam

112 439 276 474 auctoris
304 446 449 474 aetatem
476 441 719 486 pertinuisse,
756 453 879 488 neque
909 442 1005 477 adeo
1040 443 1149 490 longe

113 508 134 531 a
153 495 228 532 fine
254 498 380 546 operis
395 497 598 533 substitisse
625 506 906 548 excerptorem,
928 502 992 548 qui
1016 501 1055 535 in
1074 513 1146 548 po-

110 555 254 590 stremis
264 557 339 591 suis
356 555 403 591 de
414 555 541 591 Phoca
552 557 644 604 imp.
663 556 742 605 (an.
766 556 961 607 602-610)
977 559 1147 605 quaedam

110 615 277 649 enotavit
298 614 423 651 :haud
443 614 601 651 absurde
620 617 794 651 statueris
809 617 942 651 vixisse
963 618 1147 651 Joannem

109 671 236 707 medio
254 672 330 708 fere
346 673 473 707 seculo
493 674 668 721 septimo.
685 675 922 721 Quamquam
950 681 1035 709 sunt
1061 686 1147 722 quae

109 731 149 765 in
172 731 350 766 citeriora
373 738 542 779 tempora
564 733 785 779 scriptorem
805 740 973 768 nostrum
995 733 1146 779 rejicere

107 788 319 824 videantur.
346 790 493 825 Etenim
513 791 543 825 si
565 792 733 826 Tzetzem
762 792 890 826 audias
915 791 981 836 (fr.
1012 805 1059 837 72
1078 792 1142 839 a),

108 847 155 883 de
174 848 298 883 Pharo
318 849 525 896 Cleopatrae
543 849 776 896 temporibus
792 857 981 885 exstructo
1003 863 1144 886 sermo-

106 917 193 941 nem
211 906 379 942 fecerunt
401 908 597 955 Virgilius,
626 909 831 953 Lucianus,
850 908 1030 954 Galenus,
1058 911 1143 944 Plu-

108 965 278 1012 tarchus,
296 965 509 1010 Diodorus,
540 963 710 1015 Γεώργιος
732 967 750 1002 ὁ
768 964 926 1016 χρονικὸς
946 964 1006 1003 σὺν
1028 965 1143 1009 ἄλλοις

106 1021 166 1058 καὶ
183 1020 383 1068 Ἰωάννης
402 1024 489 1072 μετ’
510 1022 662 1065 αὐτοὺς
683 1022 923 1075 Ἀντιοχεὺς
945 1024 1140 1076 ὑστέρως,

106 1082 242 1129 Igitur,
271 1083 301 1117 si
329 1089 502 1118 accurate
530 1085 676 1118 Tzetzes
704 1084 852 1119 locutus
878 1091 953 1129 est,
982 1086 1144 1122 Joannes

105 1140 270 1188 Georgio
283 1139 414 1186 junior
430 1140 538 1177 foret.
555 1141 629 1176 Sed
649 1154 849 1189 quemnam
865 1142 1067 1191 Georgium
1085 1145 1143 1179 in-

107 1198 291 1234 tellexerit
317 1200 464 1234 Tzetzes
490 1206 594 1234 tanto
616 1200 791 1235 incertius
812 1207 885 1244 est,
917 1213 1032 1248 quum
1054 1203 1142 1236 alibi

104 1269 289 1303 nusquam
313 1257 465 1305 Georgii
492 1257 650 1304 alicujus
673 1258 953 1308 chronographi
982 1261 1142 1295 mentio-

103 1325 189 1350 nem
207 1314 362 1361 injiciat.
383 1317 440 1351 De
463 1315 627 1364 Georgio
650 1318 871 1352 Hamartolo
886 1345 896 1364 ‚
916 1318 982 1364 qui
998 1325 1143 1354 tantum

104 1385 181 1407 non
203 1374 325 1421 attigit
344 1374 459 1421 ipsius
474 1380 646 1422 tempora
666 1375 900 1412 Constantini
921 1377 1142 1424 Porphyro—

107 1432 241 1479 geniti,
260 1439 323 1467 aut
347 1445 426 1467 non
450 1434 631 1481 cogitavit
654 1435 811 1479 Tzetzes,
830 1442 914 1479 aut,
942 1436 970 1470 si
995 1435 1141 1484 cogita-

108 1491 224 1535 verit,
252 1490 299 1526 de
323 1492 478 1526 Joannis
503 1499 610 1528 aetate
634 1493 842 1529 hariolatus
869 1501 935 1531 est.
975 1496 1143 1532 Fortasse

105 1548 221 1595 igitur
251 1549 408 1597 intelligi
433 1550 554 1585 voluit
583 1551 787 1598 Georgium
815 1552 1046 1599 Syncellum‚
1078 1556 1142 1601 qui

105 1619 164 1643 an.
186 1619 259 1654 792
274 1608 460 1643 Chronica
470 1621 534 1643 sua
551 1609 671 1645 edidit
690 1622 697 1644 :
717 1610 812 1645 adeo
826 1617 868 1645 ut
883 1611 1038 1647 Joannis
1051 1620 1138 1648 tem-

102 1665 261 1711 poribus
296 1667 573 1714 relinqueretur
604 1669 780 1704 saeculum
814 1681 970 1704 nonum.
1004 1674 1142 1708 Verum

106 1735 188 1769 quae
213 1722 408 1770 Syncellus
431 1723 491 1772 (p.
522 1737 592 1770 271
609 1753 618 1769 ‚
642 1727 692 1774 A)
724 1727 770 1761 de
790 1727 912 1762 Pharo
933 1727 1068 1772 habet,
1094 1731 1140 1765 ab

103 1781 256 1828 ineptiis
270 1781 471 1817 Tzetzianis
486 1783 597 1830 longe
612 1783 760 1819 absunt.
777 1785 899 1820 Multo
913 1787 1035 1821 minus
1051 1789 1142 1823 Dio-

105 1839 220 1874 dorus
233 1866 242 1883 ,
259 1840 479 1875 Plutarchus
492 1868 501 1885 ,
517 1842 705 1877 Luc-ianus
720 1850 812 1887 etc.‚
837 1855 881 1878 ea
897 1856 979 1891 quae
996 1846 1142 1882 Tzetzes

103 1899 184 1932 vult
221 1910 375 1934 narrare
416 1906 635 1946 potuerunt.
677 1901 818 1937 Eadem
852 1904 1061 1939 temeritate
1095 1905 1142 1942 de

87 1963 210 1991 ·aetate
227 1958 383 1992 Joannis
399 1959 518 1992 nostri
538 1959 689 1994 locutus
703 1959 838 2004 suerit3
861 1961 932 1995 nisi
955 1960 1052 1996 forte
1071 1970 1141 1997 sta-

103 2015 218 2049 tueris
249 2015 364 2050 'verba
402 2013 477 2063 μετ’
510 2014 630 2057 αὐτοὺς
659 2014 808 2066 ὑστέρως
836 2030 913 2053 11011
947 2019 995 2053 3(1
1025 2033 1142 2054 uuum

102 2073 284 2108 Joannem
297 2100 306 2117 ,
322 2072 388 2108 sed
403 2072 450 2108 ad
466 2071 653 2110 Joannem
667 2082 702 2110 et
715 2075 919 2124 Georgium
936 2078 1141 2124 pertinere,

103 2131 198 2166 adeo
222 2139 263 2166 ut
280 2132 429 2166 serioris
449 2133 516 2166 aevi
542 2133 767 2181 chronologi
785 2142 1029 2182 opponantur
1052 2137 1140 2171 scri-

102 2189 275 2236 ptoribus
291 2190 466 2236 antiquis,
480 2190 669 2235 Diodoro,
682 2191 838 2236 Galen0‚
853 2193 1053 2229 Plutarcho
1066 2203 1137 2230 etc.

103 2247 216 2282 Haud
228 2247 380 2294 majoris
392 2249 575 2283 momenti
586 2256 640 2284 est
652 2250 758 2285 locus
769 2249 905 2288 Codini
919 2251 983 2299 (fr.
1000 2265 1011 2286 1
1023 2265 1041 2297 7
1053 2266 1065 2287 1
1080 2254 1140 2302 a),

102 2305 169 2339 ubi
203 2305 355 2340 laudato
385 2307 530 2341 Joanne
550 2308 787 2343 Antiocheno
808 2309 1032 2357 Bosporium
1053 2311 1141 2348 inde

102 2375 241 2397 nomen
263 2363 401 2398 habere
433 2363 586 2408 dicitur,
611 2362 662 2400 ὅτι
692 2366 738 2407 εἷς
757 2364 795 2402 τὸ
825 2367 1062 2415 σιγματοειδὲς
1081 2372 1139 2406 τοῦ

102 2418 236 2469 τείχους
259 2413 351 2470 εἶχον
384 2419 457 2463 ἔθος
485 2423 614 2459 πωλεῖν
634 2421 710 2465 τοὺς
743 2423 824 2473 βόας
852 2423 891 2473 (ὃ
917 2424 976 2461 καὶ
1004 2427 1139 2477 ἐκράτει

105 2476 208 2528 μέχρι
229 2480 288 2514 τοῦ
317 2479 576 2528 Κοπρωνύμου,
600 2483 625 2516 i.
650 2495 682 2517 e.
706 2483 939 2519 Constantini
964 2488 1009 2533 V,
1040 2492 1138 2530 741-

107 2535 179 2581 775
191 2536 200 2582 )
213 2563 222 2581 ‚
240 2528 285 2577 εἷς
304 2534 340 2571 δέ
358 2550 439 2572 ποτε
460 2539 538 2587 βοῦς
557 2539 833 2590 οἷστρηλατήσας
849 2542 983 2586 εἰσῆλθε
1002 2545 1064 2588 τῆν
1083 2543 1139 2580 Θοί-

103 2593 258 2638 λασσαν,
287 2594 364 2632 κτλ,
387 2596 488 2630 Nihil
511 2596 583 2631 hoc
616 2598 701 2633 loco
725 2600 934 2646 probatur;
961 2614 1048 2637 nam
1078 2603 1140 2638 illa

103 2652 121 2687 ὁ
137 2650 245 2689 καὶ...
271 2652 508 2701 Κοπρωνυμου
529 2668 617 2690 1111111
640 2669 681 2691 ex
705 2658 849 2692 Joanne
875 2657 1072 2703 fluxerint,
1093 2674 1140 2696 an

103 2709 254 2744 aliunde
268 2710 397 2745 addita
411 2712 500 2755 sint,
517 2725 593 2747 non
609 2714 724 2761 liquet
738 2727 748 2758 ;
772 2727 842 2763 ego
859 2716 1008 2752 aliunde
1022 2719 1139 2766 petita

104 2779 181 2802 esse
201 2780 351 2813 cense03
367 2771 571 2815 praesertim
589 2784 704 2818 quum
720 2773 851 2808 eadem
868 2774 906 2808 in
927 2775 1060 2811 codice
1077 2778 1141 2811 Pa-

103 2826 219 2860 risino
250 2827 300 2861 ita
329 2835 542 2873 narrentur,
572 2837 614 2864 ut
633 2832 750 2879 magis
769 2833 881 2867 etiam
907 2833 1140 2882 Copronymi

102 2884 244 2919 mentio
273 2895 294 2918 a
324 2886 477 2920 Joannis
505 2889 719 2924 testimonio
746 2898 918 2938 separata
939 2893 996 2929 sit.
1018 2894 1141 2930 Verba

105 2941 157 2976 ita
182 2941 324 2976 habent
347 2955 354 2976 2
382 2941 504 2985 Καθώς
522 2959 605 2992 φησι
626 2944 788 2992 Ἰωάννης
815 2950 832 2984 ὁ
858 2947 1066 3000 Ἀντιοχεὺς,
1084 2950 1139 2988 ὅτε

104 2996 216 3041 Βύζας
237 2997 350 3036 ἔκτισε
369 2998 407 3036 τὸ
435 3001 640 3049 Βυζάντιον,
667 3006 747 3054 βοῦν
770 3005 971 3044 ἀπέᾶτειλεν
992 3008 1062 3046 ἀπὸ
1080 3012 1140 3046 τοῦ

105 3055 313 3108 προσφορίου
329 3058 337 3105 (
351 3059 569 3110 βοοσφορίουὲ
582 3075 601 3097 e
614 3063 756 3098 bovum
770 3065 873 3114 foro)
890 3078 897 3085 ·
913 3065 972 3102 καὶ
987 3067 1139 3112 ἀπῆλθεν

105 3115 154 3157 εἷς
169 3113 391 3166 Χρυσόπολιν
403 3145 412 3162 ‚
431 3118 490 3153 καὶ
510 3117 600 3155 οὕτω
615 3119 742 3166 ἐκλήθη
761 3122 969 3175 Βοσπόριον.
987 3124 1084 3163 Ἐκεῖ
1105 3125 1140 3163 δὲ

104 3173 299 3210 ἐπωλοῦντο
318 3175 348 3210 οἱ
374 3174 494 3224 βόες...
516 3175 619 3227 μέχρι
639 3181 696 3214 τοῦ
714 3181 970 3231 Κοπρωνύμου.

158 3233 280 3268 Porro
311 3234 351 3268 in
380 3247 422 3270 ea
454 3235 730 3273 Chronicorum
762 3248 871 3286 parte
899 3254 980 3288 quae
1012 3250 1065 3278 est
1095 3244 1141 3279 de

105 3292 260 3327 historia
292 3293 545 3340 antiquissima
588 3296 800 3332 Graecorum
814 3325 823 3342 ‚
858 3300 1139 3348 AEgyptiorurn,

105 3349 342 3397 Judaeonm,
361 3352 525 3387 Joannes
539 3360 666 3388 noster
689 3362 725 3389 et
748 3356 882 3392 Malala
907 3359 956 3394 ita
983 3360 1081 3395 inter
1103 3373 1140 3396 se

106 3409 340 3456 conspirant,
378 3417 419 3444 ut
448 3411 603 3446 alterum
638 3414 910 3450 Antiochenum
943 3430 986 3452 ex
1019 3419 1136 3454 altero

900 236 1114 274 JOANNlS
1145 237 1462 276 ANTIOCHENI

1209 326 1372 374 plurima
1392 328 1438 362 ad
1465 328 1621 362 verbum
1650 328 1725 364 fere
1745 329 1981 379 descripsisse
2001 345 2077 368 non
2101 334 2147 368 sit
2175 334 2247 370 du-

1210 382 1327 419 bium.
1362 387 1409 419 At
1428 397 1503 419 non
1531 387 1709 421 Nostrum
1737 399 1756 422 e
1778 389 1936 433 Malala,
1965 390 2030 425 sed
2058 403 2078 426 e
2107 393 2245 428 Nostro

1209 442 1384 477 Malalam
1404 455 1471 477 sua
1499 445 1647 490 petiisse
1678 453 1970 482 consentaneum
1992 456 2058 484 est.
2087 450 2183 485 Nam
2208 452 2247 486 in

1207 500 1350 547 majore
1359 502 1482 548 operis
1493 509 1614 549 parte,
1631 515 1713 550 quae
1726 511 1779 539 est
1793 504 1839 540 de
1849 506 1960 540 rebus
1971 508 2244 554 Romanorum,

1209 559 1341 594 Noster
1357 571 1376 594 a
1390 560 1527 594 Malala
1541 566 1622 594 toto
1642 561 1738 596 coelo
1759 562 1884 607 distat,
1902 575 1971 598 nec
1992 570 2066 599 tam
2086 566 2246 602 chrono-

1208 617 1335 664 logum
1353 629 1391 652 se
1408 618 1584 662 ostendit,
1607 630 1719 665 quam
1739 620 1921 665 historici,
1941 621 2131 659 bonorum
2147 627 2245 661 scri-

1206 681 1359 721 ptorum
1375 676 1536 723 vestigiis
1548 688 1674 723 presse
1685 677 1895 723 insistentis,
1906 679 2055 715 laudem
2065 690 2243 721 meretur.

1207 733 1295 767 Haec
1314 733 1403 767 dum
1418 733 1575 768 meliora
1593 734 1723 780 utique
1741 742 1911 783 tempora
1925 738 2097 784 sapiunt,
2113 741 2247 777 Malaia

1206 801 1320 836 quam
1350 797 1404 824 est
1427 790 1556 826 helluo
1585 799 1622 826 et
1649 804 1752 828 mere
1788 793 1992 840 barbarus,
2023 808 2093 844 per
2124 804 2246 835 totum

1207 860 1303 895 opus
1333 849 1444 883 nullis
1467 861 1544 883 non
1572 857 1715 886 scatens
1740 852 1915 888 sordibus
1933 865 1975 888 ac
2000 855 2100 890 vitiis
2128 857 2244 893 chro-

1204 907 1432 954 nologorum
1442 908 1733 954 Byzantinorum
1746 909 1754 942 1
1767 910 1787 944 J
1789 921 1850 945 am
1861 922 1950 945 vero
1959 911 2094 948 Malala
2101 915 2246 962 scripsit

1205 971 1291 999 ante
1307 966 1328 999 J
1332 977 1491 1000 oannem
1506 967 1799 1012 Damascenum,
1819 969 1884 1015 qui
1900 969 1940 1002 in
1956 977 2050 1007 orat.
2069 972 2178 1007 tertia
2189 974 2246 1009 De

1204 1022 1428 1069 imaginibus
1446 1022 1540 1070 (vol.
1560 1025 1592 1068 I,
1607 1036 1648 1071 p.
1666 1023 1740 1059 368
1758 1024 1818 1060 ed.
1838 1027 2020 1073 Lequien.
2040 1027 2095 1064 Cf.
2114 1030 2243 1068 Dindf.

1204 1079 1242 1113 in
1264 1079 1367 1126 praef.
1390 1079 1438 1114 ad
1451 1081 1541 1118 Mal.
1562 1093 1600 1128 p.
1623 1081 1686 1130 xv)
1707 1081 1955 1130 fragmentum
1974 1086 2060 1121 satis
2079 1087 2246 1135 amplum

1204 1149 1249 1172 ex
1277 1149 1323 1172 eo
1355 1138 1418 1186 (p.
1456 1138 1774 1186 236,12-239‚17
1810 1141 1871 1176 ed.
1899 1142 2040 1191 Bonn.)
2073 1144 2241 1181 adducit.

1204 1196 1458 1231 Damascenus
1488 1203 1613 1232 autem
1637 1196 1715 1232 fato
1746 1197 1944 1234 defunctus
1970 1207 2025 1235 est
2057 1201 2156 1238 circa
2181 1215 2242 1240 an.

1207 1252 1293 1299 750.
1317 1255 1437 1302 Igitur
1461 1267 1577 1302 quum
1597 1267 1642 1290 eo
1662 1256 1794 1302 junior
1815 1258 1862 1292 sit
1890 1258 2056 1305 Malalas,
2077 1261 2247 1308 sequitur

1204 1313 1402 1357 Nostrum,
1422 1320 1555 1360 utpote
1570 1314 1706 1350 Malala
1721 1314 1925 1362 juniorem,
1942 1329 2021 1353 non
2034 1318 2168 1355 'vixisse
2186 1332 2245 1355 sae-

1204 1371 1290 1406 culo
1305 1383 1425 1415 nono,
1443 1378 1485 1406 ut
1500 1383 1545 1406 ex
1557 1372 1686 1407 Tzetze
1700 1380 1736 1407 et
1756 1373 1903 1409 Codino
1920 1375 2053 1422 aliquis
2069 1377 2247 1424 colligere

1202 1430 1321 1476 possit
1349 1442 1357 1464 :
1378 1437 1511 1464 contra
1526 1441 1618 1465 vero
1634 1430 1705 1466 hac
1726 1443 1880 1478 quoque
1895 1434 1955 1468 via
1978 1434 2018 1468 in
2031 1446 2113 1470 eam
2132 1446 2244 1482 quam

1203 1489 1390 1535 Excerpta
1414 1488 1654 1523 subindicant
1678 1491 1895 1525 sententiam
1912 1491 2139 1528 reducimur.
2154 1492 2186 1531 F
2189 1494 2245 1528 10-

1203 1547 1318 1581 ruisse
1341 1547 1468 1593 itaque
1487 1547 1507 1581 J
1511 1558 1672 1582 oannem
1692 1548 1967 1583 Antiochenum
1982 1557 2152 1585 nostrum
2166 1558 2243 1587 sta-

1204 1605 1340 1639 tuimus
1357 1605 1455 1639 inter
1471 1616 1529 1640 an.
1544 1603 1740 1649 610-650;
1762 1607 1783 1640 J
1787 1618 1945 1642 oannem
1961 1620 2051 1643 vero
2068 1608 2245 1645 Malalam

1203 1662 1301 1697 circa
1320 1674 1380 1697 an.
1406 1674 1495 1707 700.

1256 1720 1371 1768 Apud
1385 1720 1540 1756 Suidam
1557 1719 1625 1769 (fr.
1646 1719 1710 1768 52)
1724 1722 1859 1757 Noster
1877 1724 2090 1771 appellatur
2103 1723 2243 1762 Ἰωάν-

1208 1791 1279 1822 νης
1298 1777 1576 1828 Ἀντιοχείας.
1600 1779 1645 1814 Id
1673 1791 1719 1815 ex
1745 1782 1935 1815 communi
1965 1782 2148 1829 loquendi
2174 1796 2245 1820 usu

1207 1835 1391 1884 significat
1408 1849 1416 1873 :
1433 1834 1639 1886 Ἀντιοχείας
1658 1835 1855 1879 ἐπίσκοπος.
1877 1839 1949 1874 Sed
1964 1841 2155 1878 interdum
2165 1842 2243 1878 haec

1205 1893 1367 1930 formula
1382 1895 1475 1929 nihil
1489 1895 1559 1930 nisi
1573 1898 1685 1930 civem
1706 1896 1845 1931 indicat
1869 1896 1931 1944 (V.
1951 1897 2077 1946 Hody.
2097 1906 2135 1934 et
2148 1900 2243 1935 Din-

1203 1951 1303 1990 dors.
1322 1953 1360 1986 in
1378 1952 1552 2000 Prolegg.
1568 1953 1614 1988 ad
1635 1954 1758 1990 Malal.
1770 1954 1795 2001 ).
1813 1950 1935 2001 Atque
1953 1967 1998 1990 eo
2019 1968 2124 1992 sensu
2142 1958 2244 2006 apud

1202 2010 1354 2045 Suidam
1369 2011 1393 2047 l.
1411 2011 1437 2045 l.
1455 2011 1576 2059 accipi
1595 2011 1719 2047 debet.
1733 2013 1829 2047 Nam
1843 2013 1869 2047 si
1885 2014 1921 2049 J.
1939 2014 2138 2063 episcopus
2154 2015 2242 2052 fuis-

1201 2075 1274 2112 set,
1297 2069 1358 2103 vix
1374 2069 1535 2116 simplici
1560 2071 1633 2104 τοῦ
1665 2083 1739 2116 μον
1749 2072 1854 2120 αχοῦ
1874 2072 2027 2108 nomine
2046 2081 2246 2122 excerptor

1202 2139 1287 2161 eum
1300 2127 1536 2174 designasset.
1548 2128 1695 2164 Deinde
1706 2140 1796 2163 vero
1811 2129 1851 2163 in
1862 2130 2040 2178 catalogis
2053 2132 2243 2180 episcopo-

1201 2197 1286 2220 rum
1306 2186 1513 2220 Antiochiae
1541 2186 1665 2221 nullus
1682 2193 1738 2221 est
1755 2187 1940 2236 Joannes,
1971 2189 2036 2235 qui
2059 2190 2099 2224 in
2116 2190 2244 2226 Nostri

1202 2245 1397 2292 scriptoris
1418 2251 1591 2293 tempora
1608 2244 1717 2280 cadat
1740 2243 1797 2293 (*).
1819 2247 1944 2292 Quare
1963 2247 2077 2282 etiam
2096 2259 2159 2296 ap.
2175 2246 2238 2284 Jo.

1201 2303 1371 2337 Malalam
1386 2315 1423 2350 p.
1443 2301 1490 2338 58
1505 2330 1515 2347 ,
1547 2315 1561 2337 1
1574 2315 1587 2338 1
1610 2303 1691 2351 (uhi
1718 2316 1724 2337 :
1750 2301 1992 2350 ἐὸασίλευσεν,
2013 2317 2063 2342 se.
2082 2306 2242 2342 Melchi-

1202 2361 1380 2405 sedecus,
1417 2358 1476 2406 ἔτη
1513 2358 1596 2410 ριγ’,
1622 2358 1734 2402 καθὼς
1767 2359 1937 2406 Ἰώσηπος
1964 2360 2154 2405 ἐξετέθετο·
2181 2362 2242 2400 καὶ

1203 2415 1408 2463 Ἰωάννης
1429 2418 1464 2454 δὲ
1485 2417 1543 2454 καὶ
1564 2417 1734 2468 Κύριλλος
1755 2419 1785 2455 οἱ
1810 2420 1992 2456 ὁσιώτατοι
2011 2419 2242 2458 ἐπίσκοποι

1201 2474 1243 2512 τὰ
1262 2475 1350 2512 αὐτὰ
1371 2469 1486 2524 εἶπον)
1501 2505 1510 2522 ,
1535 2490 1613 2513 11011
1638 2477 1685 2513 de
1704 2479 1842 2514 Nostro
1862 2480 2007 2514 Joanne
2026 2491 2149 2515 sermo
2168 2487 2240 2525 est,

1201 2537 1371 2583 quamvis
1407 2536 1562 2584 eadem,
1593 2537 1747 2572 laudato
1781 2539 1969 2587 Josepho,
1999 2538 2173 2587 legantur
2202 2541 2242 2575 in

1200 2596 1335 2629 Joann.
1361 2595 1404 2631 fr.
1432 2595 1574 2643 1151.

1255 2654 1374 2687 Porro
1409 2653 1513 2700 quod
1541 2654 1732 2700 Excerptis
1754 2651 1842 2704 Περὶ
1872 2652 2063 2691 ἐπιὸουλῶν
2087 2656 2127 2690 111
2151 2655 2237 2692 cod.

1204 2711 1330 2746 Escor.
1354 2711 1606 2758 subscriptum
1639 2719 1692 2746 est
1714 2710 1878 2748 Ἰωάννου
1896 2714 1957 2748 τοῦ
1985 2710 2128 2758 ἐπίκλην
2146 2713 2242 2750 Μα-

1201 2767 1302 2803 λέλα
1317 2797 1327 2816 ‚
1344 2769 1382 2803 id
1398 2769 1528 2803 scribae
1546 2770 1665 2804 errori
1683 2770 1945 2816 imputandum
1963 2778 2038 2819 est,
2056 2772 2122 2818 qui
2144 2771 2242 2806 duos

1202 2827 1290 2861 istos
1322 2829 1510 2871 Joannes,
1535 2840 1629 2874 quos
1661 2828 1918 2876 excerpendos
1940 2830 1958 2864 ὁ
1986 2830 2044 2864 τοῦ
2065 2827 2241 2879 πορφύρου

1202 2882 1365 2931 ἀπόγονος
1374 2893 1581 2930 curaverat,
1593 2885 1775 2922 confudit.
1786 2887 2021 2932 Quamquam
2029 2885 2108 2921 fieri
2116 2888 2241 2933 potuit

1201 2948 1242 2976 ut
1260 2943 1396 2977 Noster
1417 2955 1570 2990 quoque
1599 2943 1806 2978 monachus
1838 2943 1950 2977 fuerit
1967 2945 2131 2988 medula,
2154 2944 2180 2978 i.
2202 2956 2236 2978 e.

1201 2998 1323 3034 rltetor
1345 3001 1505 3035 ecclesiae
1533 2999 1703 3036 officialis
1732 3001 1837 3048 (vide
1866 3001 1993 3049 Hody.
2023 3003 2048 3038 1.
2074 3002 2098 3036 l.
2121 3015 2159 3050 p.
2189 3014 2240 3037 xv

1201 3057 1282 3105 sq.)
1301 3084 1311 3102 ,
1343 3059 1453 3093 sicuti
1488 3060 1640 3093 tertium
1671 3059 1860 3106 quendam
1890 3061 2075 3095 Joannem
2103 3061 2240 3095 Antio-

1203 3115 1363 3151 ebenum
1376 3117 1569 3161 novimus,
1588 3118 1649 3164 qui
1668 3118 1756 3152 item
1772 3117 2056 3153 fuitrhetorsive
2073 3119 2236 3162 malala,

1202 3174 1366 3222 itemque
1401 3175 1576 3210 historias
1614 3176 1775 3222 scripsit.
1813 3177 1985 3210 Meminit
2021 3175 2101 3222 ejus
2141 3174 2239 3211 Eua-

1202 3233 1303 3280 grius
1336 3231 1400 3282 (μ)
1413 3260 1424 3280 ,
1454 3234 1517 3280 qui
1553 3245 1795 3280 quamquam-
1810 3234 1856 3269 de
1887 3235 2007 3282 patria
2036 3235 2127 3270 nihil
2162 3247 2240 3271 mo-

1245 3335 1285 3376 (*)
1314 3337 1529 3367 Recensentur
1554 3349 1560 3367 :
1583 3336 1745 3367 Johannes
1771 3338 1844 3368 Ant.
1863 3337 1958 3376 episc.
1985 3345 2036 3368 an.
2059 3339 2136 3376 438,
2160 3337 2241 3374 alter

1201 3391 1251 3414 311.
1270 3384 1350 3422 476,
1364 3383 1477 3414 tertius
1490 3391 1542 3414 an.
1562 3386 1651 3414 1098.
1672 3385 1713 3414 V.
1734 3383 1835 3423 Hody.
1851 3383 1873 3414 Ι.
1890 3384 1910 3414 Ι.
1927 3393 1954 3422 p.
1970 3393 2070 3414 xxxii.

1243 3430 1306 3471 (Η)
1323 3430 1476 3470 Euagrius
1492 3432 1502 3462 Ι
1516 3455 1523 3469 ,
1547 3435 1582 3461 16
1603 3440 1609 3461 ;
1629 3431 1707 3462 Τότε
1726 3431 1805 3471 (sub
1819 3431 1996 3462 Theodosio
2013 3433 2039 3463 ΙΙ
2053 3435 2063 3469 )
2080 3432 2131 3461 καὶ
2145 3430 2238 3470 Ἰγνά·
