2326 3724
102 221 177 257 216

100 306 150 341 τῶ
169 303 218 356 νῶ
237 300 299 347 τὰς
319 300 447 346 ἐννοίας
463 304 481 341 6
505 303 654 356 Περσῶν
673 300 856 355 βασιλευς,
876 301 975 340 καὶ’
958 317 993 340 εν
1012 300 1146 345 τούτοις

99 341 238 421 ὃλόγος
263 359 440 399 ἐπέπαυτο
468 376 553 413 προς
582 359 698 413 βραχυ
725 359 805 413 περι
834 360 1006 404 Σουανίας
1035 360 1144 412 αὖτῶ.

99 418 174 458 Καὶ
194 412 311 466 αὖθις,
332 417 452 470 ὥσπερ
467 420 502 457 ἐν
531 418 764 471 μεταξυλογία
781 418 870 466 τινὶ,
889 418 971 470 περὶ
986 417 1144 469 Ἄμὸρου

100 479 159 514 τοῦ
180 475 459 529 Ἀλαμουνδάρου
473 480 534 515 τοῦ
549 479 758 529 Σαρακηνοῦ
777 475 1036 528 διελεγέσθην”
1013 490 1144 528 αμφω,

101 538 162 572 τοῦ
197 534 369 587 βασιλέως
399 533 491 573 οὕτω
522 550 596 580 πως
615 534 828 588 ἀρξαμένου·
858 533 930 574 »Ὁ
947 533 1024 572 καθ’
1053 536 1147 583 ἡμᾶς

99 589 254 645 Ἀμὸρος
267 595 285 631 6
301 592 507 646 Σαρακηνὸς
523 594 585 645 οὐχ
603 592 733 640 ἥκιστα
748 591 984 645 ἐπιμέμφεται
997 593 1047 644 τῷ
1063 590 1146 642 Ζὶχ,

100 649 161 688 καὶ
179 649 358 697 καταὸοὴν
386 650 576 698 πεποίηται
601 650 745 703 τάνδρὸς
763 651 827 688 οὐκ
855 649 1058 702 ἐλαχίστην,
1084 648 1145 686 ἅτε

101 708 197 746 οὐδέν
228 724 261 746 τι
281 708 467 756 ὅνήσαντός
493 724 533 759 γε
559 708 677 755 αὐτὸν,
706 707 810 755 ἡνίκα
841 707 1078 756 ἐσπενδόμεθα
1100 708 1147 749 ὡς

101 770 206 818 ὑμᾶς.
229 785 245 801 υ
273 767 346 807 Καὶ
370 770 389 806 6
409 768 559 820 Πέτρος,
583 786 599 801 «
623 767 687 807 Ἔν
711 768 821 805 οὐδενὶ
839 766 955 820 χρόνῳ
982 765 1145 812 πώποτε,

101 825 187 878 ἔφη,
227 826 329 879 ῥητόν
357 841 391 864 τι
422 826 564 879 χρυσίον
593 825 800 874 ἐκομίσαντο
832 827 872 863 ἐκ
903 823 1093 875 Ῥωμαίων
1114 825 1146 861 οἱ

101 886 179 922 καθ’
195 886 283 935 ὑμᾶς
300 885 520 936 Σαρακηνοὶ,
537 883 615 922 οὔτε
632 883 701 934 μὴν
715 882 851 935 ἀνάγκῃ
868 882 956 929 τινὶ,
973 881 1053 920 οὔτε
1067 880 1147 919 καθ’

101 942 290 995 ὁμολογίαν
316 942 415 981 τινά·
443 942 535 981 ἀλλὰ
564 944 651 990 δῆτα
671 944 690 979 6
712 941 830 993 πατὴρ
859 939 1018 991 ”Ap-&pou
1038 939 1148 978 Ἀλα-

102 1001 294 1054 μούνδαρος
322 1001 461 1040 ἔστελλε
487 1002 581 1053 δῶρα
603 1002 652 1053 τῷ
678 999 869 1051 Ῥωμαίων
898 997 1146 1050 αὐτοκράτορι,

102 1059 161 1098 καὶ
180 1060 202 1099 ὅ
223 1076 262 1113 γε
278 1060 462 1112 δεχόμενος
489 1058 714 1112 ἀντεδωρεῖτό
739 1074 778 1110 γε
808 1057 926 1097 αὐτόν.
948 1055 1065 1109 εΌπερ
1094 1055 1147 1110 ἐφ’

100 1118 240 1171 ἑκάστῳ
268 1121 414 1172 ἐνιαυτῷ
446 1118 486 1156 τὸ
514 1118 645 1157 τοιόνδε
678 1116 830 1169 ἐγίγνετο
856 1117 1038 1166 οὐδαμῶς,
1070 1114 1148 1152 ἀλλ’

101 1176 193 1215 ἔστιν
211 1175 268 1215 ὅτε
296 1177 358 1216 καὶ
374 1176 477 1215 πέντε
496 1175 765 1229 παρῳχημένων
794 1177 892 1213 ἐτῶν.
919 1175 1034 1213 Τοῦτο
1064 1175 1146 1223 γοῦν

102 1234 250 1282 διεσώθη
266 1250 304 1273 τε
324 1234 383 1273 καὶ
402 1234 615 1287 διεφυλάχθη
637 1233 906 1285 Ἀλαμουνδάρῳ
924 1247 963 1270 τε
982 1231 1042 1269 καὶ
1062 1234 1146 1280 ἡμῖν

101 1293 162 1332 ἐπὶ
175 1293 299 1347 χρόνον
312 1293 441 1341 ἥκιστα
458 1293 586 1344 ὀλίγον.
607 1292 856 1337 Ἐξεπίσταται
873 1290 909 1329 δὲ
925 1290 965 1328 τὸ
980 1295 1147 1343 κρεῖττον,

101 1350 154 1391 ὅτι
182 1353 260 1404 οὐχὶ
281 1354 369 1400 δῆτα
389 1352 568 1406 ἐρρωμένα
594 1353 727 1405 φρονῶν
752 1353 785 1395 ἐς
811 1350 951 1403 Πέρσας
969 1349 1015 1388 τὰ
1031 1349 1147 1388 τοιάδε

103 1411 277 1464 ἔπρασσεν
297 1411 588 1464 Ἀλαμούνδαρος.
608 1412 803 1462 Τοιγαροῦν
817 1408 1072 1455 διεὸεὸαιοῦτο,
1089 1409 1147 1455 ὥς,

102 1471 132 1507 εἷ
150 1470 211 1508 καὶ
243 1472 340 1520 ὑμεῖς
358 1470 510 1521 πόλεμον
532 1469 707 1516 κινήσοιτε
725 1467 802 1507 καθ’
820 1469 934 1518 ἡμῶν,
951 1467 1148 1517 Ἀλαμουν-

102 1527 197 1581 δάρῳ
213 1543 252 1579 γε
267 1528 445 1601 ἄπρακτρς
460 1544 497 1566 τε
513 1543 573 1566 και
593 1526 817 1580 ἀνενέργητος
837 1525 936 1564 ἔσται
949 1528 971 1572 ἡ
987 1524 1147 1577 μάχαιρα

102 1589 163 1633 τῆς
188 1586 378 1638 ‘Ro-[mimia
410 1586 509 1625 ἕκατι
540 1586 728 1630 πολιτείας.
761 1587 887 1624 Ἰαῦτα
919 1584 981 1635 μὲν
1001 1588 1060 1623 οὖν
1091 1583 1148 1622 ἐπί

101 1660 179 1684 τινα
198 1645 344 1696 διέμεινε
359 1645 501 1697 χρόνον·
518 1649 576 1683 νῦν
593 1646 628 1683 δὲ
645 1647 664 1682 6
686 1645 742 1688 σὸς
760 1643 822 1695 μὲν
836 1644 919 1681 ἀδελ
913 1642 1028 1703 φὸς,
1024 1642 1148 1682 δεσπό-

102 1719 164 1750 της
182 1705 217 1742 δὲ
233 1703 332 1754 εμὸς,
355 1703 482 1742 {Ost-0³
467 1719 500 1742 εν
521 1706 568 1741 νῶ
586 1703 850 1757 εμφρονέστατα
865 1706 982 1751 οἶμαι,
1002 1705 1031 1739 ὠ
1048 1705 1150 1754 βασι-

102 1763 184 1810 λεῦ,
203 1763 268 1815 ἔφη
289 1778 348 1811 τε,
372 1765 436 1811 ὡς,
454 1764 483 1800 εἷ
506 1762 690 1814 βεὸαίως”
671 1778 744 1814 εχει
768 1762 812 1800 τὰ
830 1760 1071 1810 πολιτεύματα
1087 1759 1150 1807 τὴν

103 1821 255 1874 εἰρήνην,
278 1821 313 1859 τί
339 1819 468 1866 δήποτε
497 1820 566 1874 ἄρα
594 1820 817 1867 λυσιτελήσει
847 1835 905 1870 μοι
937 1822 999 1856 τοῦ
1026 1820 1150 1856 λοιποῦ

104 1880 270 1928 ὑπηκόοις
295 1895 333 1918 τε
351 1879 412 1918 καὶ
442 1880 574 1923 δούλοις
593 1879 893 1932 προσφθέγγεσθαι
919 1879 1080 1930 Περσῶν,
1105 1878 1152 1920 ὡς

105 1939 146 1977 ἂν
161 1938 416 1991 καταπρόοιντο
434 1940 502 1976 τῶν
517 1938 739 1988 κεκτημένων
753 1937 797 1975 τὰ
813 1936 1025 1990 πράγματα,
1044 1935 1150 1987 ἤγουν

103 1997 254 2051 πορίζειν
270 2013 303 2036 τι
325 1995 475 2044 αὐτοῖς-ἢ
491 1996 691 2050 πορίζεσθαι
708 1995 806 2050 παρὰ
823 1998 937 2049 σφῶν;
960 2013 977 2029 υ
989 2016 1041 2024 --
1063 2013 1079 2030 «ι
1105 1995 1151 2034 Εἰ

102 2102 156 2135 dio
169 2102 309 2143 quodam
326 2102 485 2143 colloquio
495 2126 504 2142 ,
522 2110 632 2134 rursus
645 2102 685 2134 de
697 2101 817 2135 Ambro
833 2103 990 2133 Saraceno
1003 2101 1086 2132 inter
1099 2107 1154 2131 eos

103 2158 236 2186 exortus
248 2155 296 2186 est
311 2162 428 2187 sermo.
441 2155 512 2185 Rex
523 2153 570 2186 sic
585 2152 704 2194 incepit
719 2165 726 2184 :
743 2165 759 2180 «
773 2151 835 2191 Qui
848 2151 933 2193 apud
946 2160 1001 2183 eos
1016 2152 1063 2183 est
1076 2154 1154 2182 Am-

104 2205 200 2245 brus,
217 2204 537 2244 Alamundarifilius,
555 2206 753 2244 saracenus,
765 2212 829 2235 non
846 2211 960 2244 parum
974 2202 1070 2234 Zicho
1085 2209 1154 2233 suc·

104 2258 231 2297 censet,
246 2264 351 2298 neque
365 2264 499 2297 parvam
513 2255 678 2296 querelam
693 2255 734 2288 de
746 2264 784 2288 eo
800 2254 956 2295 instituit,
967 2253 1055 2295 quod
1071 2254 1156 2285 illius

104 2310 281 2342 rationibus
299 2309 482 2348 consulere,
497 2317 599 2349 quum
614 2309 697 2341 inter
715 2317 774 2340 nos
789 2316 901 2349 pacem
912 2307 987 2339 fecit
997 2331 1007 2347 ‚
1022 2307 1154 2347 praeter-

105 2361 203 2393 misit.
221 2373 237 2389 »
261 2362 301 2392 Et
320 2361 432 2392 Petrus
444 2384 453 2400 ,
469 2372 484 2388 «
503 2360 599 2393 Nullo
615 2368 758 2400 unquam
771 2360 935 2400 tempore,
954 2357 1078 2399 inquit,
1095 2359 1154 2390 Sa-

106 2415 211 2446 raceni
231 2413 287 2454 qui
309 2412 394 2453 apud
409 2421 466 2445 vos
481 2413 557 2444 sunt
577 2414 698 2445 certam
709 2412 780 2444 auri
797 2420 958 2445 summam
969 2420 988 2443 a
1004 2410 1157 2443 Romanis

106 2465 318 2497 abstulerunt.
353 2466 419 2496 Nec
446 2464 532 2496 enim
565 2463 597 2495 id
628 2465 811 2495 nostrarum
842 2472 951 2496 rerum
985 2462 1156 2495 necessitas

107 2525 248 2558 unquam
264 2516 457 2557 postulavit,
474 2524 578 2556 neque
591 2515 683 2547 nobis
695 2523 769 2547 cum
786 2515 834 2547 his
847 2515 1022 2555 quicquam
1037 2522 1154 2546 eonve-

107 2569 210 2602 nerat.
229 2568 291 2600 Sed
303 2568 393 2608 pater
412 2566 522 2599 Ambri
535 2591 544 2607 ,
562 2566 816 2606 Alamundarus,
836 2566 923 2598 misit
939 2566 1023 2598 dona
1038 2565 1077 2597 ad
1095 2567 1156 2597 Ro·

107 2628 277 2652 manorum
291 2619 517 2660 imperatorem
529 2619 572 2651 :is
581 2627 683 2659 quum
694 2626 731 2650 ea
739 2618 924 2658 accepisset,
934 2617 1073 2649 vicissim
1081 2624 1156 2648 eum

107 2672 200 2706 donis
215 2673 263 2705 est
285 2673 520 2712 remuneratus,
542 2670 631 2712 quod
644 2672 755 2704 tamen
779 2678 978 2711 unoquoque
993 2677 1078 2701 anno
1098 2677 1156 2700 ne·

108 2734 272 2768 quaquam
289 2726 410 2758 sactum
426 2726 486 2764 est,
502 2723 559 2757 sed
582 2723 758 2765 aliquando
773 2723 999 2764 interpositum
1022 2722 1072 2754 est
1086 2729 1157 2762 spa·

108 2779 192 2811 tium
211 2776 430 2819 quinquennii.
448 2778 517 2810 Hoc
540 2776 635 2817 igitur
650 2776 734 2808 inter
761 2774 1014 2808 Alamundarum
1040 2774 1075 2805 et
1099 2781 1158 2805 nos

111 2833 301 2871 usurpatum
315 2829 348 2861 et
361 2828 566 2861 observatum
581 2828 706 2860 estnon
719 2827 807 2860 brevi
825 2827 982 2866 tempore.
998 2826 1085 2857 Deus
1103 2832 1158 2856 au·

109 2883 176 2914 tem
190 2881 297 2920 novit,
314 2879 566 2912 Alamundarum
579 2878 641 2911 boc
655 2878 784 2918 fecisse,
797 2886 898 2919 quum
915 2876 1010 2909 rebus
1026 2875 1158 2909 Persicis

111 2932 242 2964 minime
257 2930 412 2964 studeret.
436 2931 640 2963 conventum
661 2930 748 2962 enim
770 2930 841 2968 fuit,
867 2929 894 2961 si
910 2928 1030 2960 bellum
1047 2929 1160 2960 contra

111 2991 170 3016 nos
185 2982 366 3021 moveritis,
383 2982 419 3013 ut
435 2981 639 3014 Alamundari
658 2982 741 3014 ensis
754 2980 907 3013 adversus
919 2988 986 3012 rem
999 2979 1159 3020 publicam

113 3036 293 3067 Romanam
309 3034 488 3075 quiesceret
508 3034 541 3065 et
566 3032 608 3064 ab
634 3033 722 3065 omni
747 3033 862 3065 bellico
889 3040 986 3072 opere
1008 3031 1162 3063 immunis

114 3088 207 3120 esset.
223 3088 301 3120 Haec
310 3085 405 3125 igitur
418 3085 526 3126 aliquo
540 3086 684 3126 tempore
694 3085 861 3117 durarunt.
876 3086 968 3117 Nunc
980 3092 1057 3116 vero
1066 3084 1162 3115 frater

114 3139 204 3178 tuus,
221 3145 311 3169 meus
323 3136 483 3176 domiuus,
498 3145 519 3168 o
538 3145 608 3176 rex,
624 3136 809 3177 prudenter,
827 3135 952 3177 opinor,
966 3135 998 3167 in
1017 3134 1162 3167 animum

114 3188 244 3221 induxit
256 3197 363 3228 suum,
383 3189 415 3220 et
429 3188 497 3219 ait:
517 3187 550 3220 Si
564 3195 675 3228 pacem
691 3187 751 3219 ista
769 3187 834 3219 duo
854 3196 949 3228 regna
969 3186 1161 3227 observent,

116 3239 195 3281 quid
209 3239 286 3271 milii
303 3248 398 3280 porro
412 3238 574 3280 proderit,
588 3238 732 3271 subditos
752 3240 784 3271 et
802 3247 910 3271 servos
923 3240 1090 3270 Persarum
1103 3238 1162 3270 sol-

118 3291 240 3324 licitare
251 3316 260 3331 ‚
277 3292 314 3323 ut
326 3290 472 3323 dominos
485 3298 561 3322 suos
576 3290 729 3330 prodant,
742 3291 774 3322 et
784 3290 957 3330 quicquam
974 3290 1036 3322 illis
1057 3289 1163 3330 largiri

120 3344 175 3375 aut
185 3343 225 3375 ab
235 3343 296 3375 illis
305 3343 469 3383 accipere?
482 3355 496 3370 »
510 3353 567 3369 -ιι
578 3342 609 3375 Si
625 3343 699 3373 ante
709 3350 832 3382 pacem,
842 3341 1004 3381 respondit
1014 3350 1083 3380 rex,
1093 3349 1165 3373 mu·

124 3400 177 3430 tuo
185 3395 287 3427 missae
297 3397 372 3427 sunt
384 3393 554 3434 legationes
563 3417 572 3434 ,
584 3394 617 3426 et
628 3401 685 3425 vos
697 3393 832 3425 invicem
847 3392 938 3425 donis
951 3391 1054 3425 amice
1067 3393 1163 3425 colui-

836 188 1112 255 M'ENANnm
1140 211 1491 255 Pnoraeroms

1209 300 1278 352 πρὸ
1293 316 1355 349 της
1370 300 1526 354 εἰρήνης,
1544 300 1655 347 ἔλεξεν
1670 304 1688 341 6
1703 302 1887 355 βασιλευς,
1903 302 2115 357 ἑκατέρωθεν
2133 302 2252 344 ἐστέλ-

1208 360 1310 398 λοντο
1330 359 1514 413 πρεσὸεῒαι
1533 360 1593 399 καὶ
1613 361 1811 412 ἅμοιὸαίοις
1829 363 2108 436 ἐέιλοφρονεῒσθε
2131 362 2252 416 δώροις

1209 416 1398 466 ἀλλήλους,
1416 433 1545 471 χρηναι
1559 414 1658 470 οιμαι
1674 419 1815 471 ἄτρωτοι
1832 423 1920 458 εἶναι
1939 420 1984 458 τὰ
2001 419 2068 458 ὅσα
2083 421 2252 473 ἐστέρχθη

1208 475 1277 527 πρὸ
1296 479 1372 517 τοῦ.
1395 495 1412 511 »
1432 476 1589 522 Ταύταις
1608 476 1672 528 μὲν
1687 481 1745 516 οὖν
1764 479 1887 522 αὐταῖς
1909 478 1969 517 καὶ
1992 478 2073 532 περὶ
2093 477 2253 532 Ἄμὸρου

1207 539 1284 577 ταῖς
1295 534 1542 587 δικαιολογίαις
1559 535 1820 597 ἐχρησοίσθην,ω
1809 537 1870 575 καὶ
1884 531 1980 581 αὖθις
1995 539 2254 590 ἀντελογίζοντο

1207 591 1289 645 περὶ
1306 592 1487 637 Σουανίας.
1499 592 1544 632 ‘0
1560 593 1595 632 δὲ
1613 593 1774 645 βασιλευς
1787 588 1894 633 εἶπεν·
1914 612 1930 630 «
1945 593 2162 642 Ὁπηνίκα”
2142 611 2252 648 εγωγε

1208 650 1488 702 παρεστησάμην
1505 650 1666 696 Σκένδεις
1685 667 1723 691 τε
1741 652 1802 691 καὶ
1826 652 1980 706 Σάραπα
1996 653 2058 692 καὶ
2077 653 2251 702 Λαζικὴν,

1209 709 1306 757 ὑμεῖς
1323 708 1362 746 οὔ
1391 723 1479 761 φατε
1509 709 1562 747 ὅτι
1589 713 1783 758 τηνικαῦτα
1816 711 1991 750 Σουανίαν
2020 713 2056 750 ἐν
2084 711 2252 760 ὑπηκόων

1208 764 1320 817 εἴχετε
1339 766 1454 819 μοίρα.
1475 766 1634 815 Εὔδηλον
1651 762 1710 806 ουν
1727 770 1930 817 §vri-:tows
1911 785 1958 813 ως
1978 770 2041 808 οὐκ
2059 768 2252 822 ἐτυγχανον

1207 821 1302 867 ὄντες
1318 822 1385 862 ὑπὸ
1400 823 1549 869 Ααζοῦς.
1571 818 1623 864 Ἦ
1645 824 1753 878 γὰρ
1736 842 1777 865 αν
1794 842 1855 864 και
1884 826 1982 865 αὐτοὶ
2003 825 2060 871 ξὺν
2077 832 2148 871 τοῖς
2165 842 2252 879 κρα·

1212 883 1327 920 τοῦσιν
1343 885 1428 931 ἡμῖν
1454 882 1745 936 προσεχώρησαν.
1766 901 1783 919 ιι
1801 884 1846 924 Ὁ
1870 884 2036 938 Πέτρος”
2016 899 2082 938 εφη
2100 885 2253 936 &polea-

1208 937 1282 977 δόν·
1303 956 1320 975 α
1338 942 1454 980 Ἰοῦτο
1479 942 1518 978 οὗ
1537 941 1687 991 γέγονεν,
1714 942 1788 982 ἐπει
1804 945 1822 981 6
1842 943 1994 987 Σουάνος
2012 944 2075 981 οὐκ
2094 943 2253 994 ἀπέστη,

1208 996 1300 1036 καθὰ
1325 997 1494 1045 δήπουθεν
1523 1003 1562 1037 οὑ
1582 995 1751 1045 δοῦλος
1727 1005 1769 1048 ἠν
1800 1003 1819 1039 6
1842 999 1968 1045 Λαζός.
1991 1000 2097 1052 Φημὶ
2122 1001 2182 1052 δὲ,
2206 1003 2255 1044 ὥς

1210 1059 1271 1094 τοῦ
1290 1057 1367 1095 καθ’
1384 1058 1479 1107 ἡμᾶς
1508 1056 1631 1096 δούλου
1650 1060 1668 1096 6
1686 1059 1806 1103 δοῦλος
1833 1058 2023 1112 ἀφηνίασεν
2042 1032 2254 1111 οὐδαμῶς.»

1208 1135 1259 1143 -
1275 1131 1291 1149 «
1309 1114 1486 1169 Τήμερον,
1507 1110 1602 1154 εἶπεν
1617 1119 1635 1155 6
1653 1117 1831 1168 βασιλευς,
1849 1117 1932 1156 δέκα
1949 1118 2017 1166 ἤδη
2033 1117 2256 1171 παρῳχήκα-

1209 1187 1263 1211 σιν
1285 1173 1456 1221 ἐνιαυτοὶ,
1480 1172 1514 1218 ἐξ
1534 1177 1574 1212 οὑ
1591 1174 1765 1214 Σουανίαν
1792 1177 1827 1213 ἐν
1853 1178 1990 1228 κατοχῇ
2017 1175 2256 1227 ἐποιησάμην·

1209 1230 1374 1283 πρέσὸεις
1398 1203 1567 1275 πολλάκις
1591 1232 1782 1284 ἐδεξάμεθά
1797 1249 1836 1272 τε
1860 1233 1921 1272 καὶ
1939 1232 2184 1287 ἐξεπέμψαμεν
2208 1235 2256 1278 ὥς

1211 1290 1431 1341 Ῥώμαίους·
1458 1290 1519 1329 καὶ
1542 1291 1576 1329 τί
1600 1292 1687 1338 δῆτα
1715 1291 1750 1336 ἐξ
1771 1291 1900 1331 ἐκείνου
1925 1291 1983 1330 τὸν
2013 1294 2190 1330 ὁντιναοῦν
2215 1291 2256 1330 οὖ

1211 1348 1417 1395 κεκινήκατε
1437 1349 1537 1400 λόγον
1550 1350 1650 1389 ἕνεκα
1670 1350 1855 1398 Σουανίας;
1873 1367 1976 1386 υ--ιι
1994 1348 2141 1398 Ἐπειδὴ
2157 1364 2258 1397 τηνι-

1209 1409 1344 1454 καῦτα,
1382 1406 1494 1451 ἔλεξεν
1518 1410 1536 1446 6
1554 1407 1708 1460 Πέτρος,
1738 1408 1799 1446 καὶ
1823 1409 1979 1454 Λαζικης
2001 1407 2115 1459 κύριος
2141 1405 2259 1459 ἐγεγό-

1208 1479 1288 1508 νεις.
1311 1464 1382 1504 Καὶ
1402 1465 1498 1518 εἴπερ
1524 1464 1630 1519 ἔφην·
1651 1470 1696 1511 ὡς
1715 1468 1766 1505 δεῖ
1785 1466 2046 1520 παραχωρησαί
2062 1482 2121 1517 μοι
2137 1467 2258 1506 Σουα-

1208 1523 1302 1574 νίας,
1324 1523 1545 1569 ἀντέλεξας”
1523 1540 1581 1562 αν·
1599 1524 1687 1569 τίνος
1704 1525 1830 1578 χάριν,
1849 1525 1909 1563 καὶ
1929 1523 2027 1578 ειπερ
2044 1519 2177 1569 auom*
2158 1539 2255 1578 εφην·

1210 1581 1285 1619 ἐπεὶ
1305 1584 1461 1630 Λαζικης
1489 1583 1561 1622 ἐστι
1586 1583 1773 1630 κατήκοος,
1803 1582 1995 1635 ἀπεκρίνω·
2021 1582 2099 1621 τίνα
2126 1582 2194 1635 γάρ
2216 1597 2257 1621 σε

1209 1639 1417 1693 γνωρίζομεν
1445 1643 1615 1689 Λαζικῆςς
1633 1657 1694 1680 και
1711 1640 1833 1680 λοιπὸν
1854 1642 2006 1701 ἀντερεῖν
2038 1641 2180 1693 εἴχομεν
2209 1641 2252 1679 τὸ

1209 1698 1378 1750 παράπαν
1401 1699 1508 1737 ουδέν.
1532 1718 1548 1734 ι»
1562 1723 1616 1730 --
1629 1717 1645 1734 α
1664 1701 1777 1739 Τοῦτο
1795 1697 1880 1758 φῂς,
1909 1702 2004 1737 εἶπεν
2030 1701 2049 1738 6
2072 1697 2232 1750 βασιλευς
2245 1726 2256 1745 ,

1210 1756 1264 1794 ὅτι
1291 1757 1446 1796 Σουανία
1466 1759 1594 1803 Λαζῶν
1617 1758 1813 1809 ὑποχείριος
1836 1760 1895 1803 ἠν.
1936 1755 2050 1809 Εἴπερ
2079 1758 2115 1795 ἐν
2140 1755 2259 1828 γράμ-

1213 1830 1319 1865 μασιν
1338 1810 1450 1853 ΟἶΟστΞ
1478 1811 1509 1853 δῖ
1536 1830 1778 1867 τεκμηρῑϋὶσαῑ
1796 1830 1835 1853 το
1853 1814 2000 1862 τΟῑόνδε,
2017 1814 2145 1861 ἥκιστα
2167 1816 2258 1853 ἀπθ-

1213 1872 1290 1910 τεύ
1277 1872 1315 1924 ζῃ
1336 1876 1397 1910 τοῦ
1421 1872 1566 1918 δεοντος.
1590 1890 1607 1908 »
1630 1873 1696 1913 Καὶ
1717 1874 1736 1910 6
1757 1871 1905 1926 Πέτρος·
1921 1890 1938 1908 «
1957 1872 2012 1912 Οὔ
2030 1888 2064 1911 τι
2079 1871 2258 1923 μελλήσω,

1216 1930 1446 1975 ἀναδιδάξω
1428 1931 1464 1969 οέ
1489 1948 1528 1970 σε
1555 1931 1711 1979 τάληθές.
1737 1931 1898 1983 Ἀρχαῒον
1920 1930 2010 1979 ἔθος,
2034 1933 2063 1969 ὦ
2089 1930 2258 1979 δέσποτα,

1216 1989 1295 2027 τόδε
1325 1989 1498 2042 ἐκράτησε
1531 1990 1629 2042 παρὰ
1661 1991 1803 2035 Λαζοῖς.
1844 1988 1890 2029 ‘O
1918 1989 2090 2033 Σουανίας
2116 1990 2259 2041 ἡγεμὼν

1216 2099 1286 2139 stis,
1299 2100 1446 2133 existimo
1457 2101 1609 2133 inviolata
1620 2102 1652 2133 et
1660 2101 1758 2134 illaesa
1769 2109 1954 2142 permanere
1962 2100 2089 2140 debere,
2097 2109 2171 2142 quae
2179 2100 2262 2132 inter

1214 2159 1272 2183 vos
1286 2153 1361 2184 sunt
1379 2152 1468 2193 prius
1489 2152 1675 2185 constituta.
1701 2165 1718 2181 »
1741 2153 1798 2185 His
1813 2153 1920 2193 igitur,
1935 2161 2000 2193 quo
2021 2161 2113 2184 suam
2126 2151 2263 2193 quisque

1214 2211 1346 2236 causam
1360 2204 1400 2237 de
1417 2204 1538 2237 Ambro
1561 2206 1720 2245 tueretur,
1745 2205 1940 2246 argumentis
1959 2204 2007 2237 usi
2032 2205 2131 2238 sunt:
2148 2203 2263 2236 deinde.

1215 2264 1323 2288 rursus
1332 2257 1413 2289 inter
1425 2265 1459 2289 se
1472 2257 1512 2289 de
1519 2257 1636 2290 Suania
1643 2256 1889 2298 contenderunt,
1903 2257 1935 2289 et
1946 2265 2002 2288 rex
2010 2256 2110 2288 dixit:
2124 2269 2139 2284 «ι
2152 2259 2262 2294 Quum

1214 2308 1370 2348 occupavi
1382 2308 1521 2341 Seendes
1530 2333 1538 2347 ,
1552 2310 1671 2350 Sarapa
1685 2309 1718 2341 et
1730 2309 1874 2341 Lazicam
1885 2331 1895 2348 ‚
1910 2316 1968 2340 vos
1979 2316 2044 2340 non
2058 2307 2182 2340 dixistis
2191 2309 2261 2339 tum

1216 2360 1370 2392 suaniam
1383 2361 1416 2392 in
1428 2360 1549 2394 ditione
1560 2361 1718 2394 babuisse.
1731 2363 1780 2394 Ex
1793 2369 1857 2402 quo
1869 2361 2019 2402 apparet,
2030 2368 2101 2392 eam
2114 2367 2178 2391 non
2188 2359 2262 2391 sub-

1213 2409 1333 2451 jectam
1348 2411 1444 2444 fuisse
1457 2412 1557 2444 Lazis.
1578 2412 1612 2445 Si
1626 2413 1712 2444 enim
1728 2412 1772 2444 ila
1786 2420 1820 2444 se
1835 2420 1885 2444 res
1904 2411 2088 2451 habuisset,
2106 2403 2171 2443 una
2186 2418 2263 2442 cum

1215 2461 1318 2502 Lazis,
1335 2462 1452 2503 quippe
1467 2463 1522 2504 qui
1534 2463 1704 2504 imperium
1718 2463 1786 2503 ejus
1798 2464 1963 2503 tenerent,
1987 2462 2022 2494 in
2038 2462 2183 2494 nostram
2201 2470 2262 2503 po-

1214 2514 1363 2545 testatem
1374 2514 1522 2547 venisset.
1536 2526 1554 2543 »
1575 2516 1688 2547 Petrus
1700 2515 1813 2547 eontra
1823 2514 1985 2555 respondit
2000 2526 2008 2546 ε
2024 2526 2040 2543 ιι
2056 2515 2125 2546 Hoc
2140 2514 2262 2546 sactum

1215 2573 1280 2596 non
1290 2566 1356 2604 est,
1370 2565 1445 2606 quia
1454 2566 1552 2598 suani
1567 2574 1587 2598 a
1598 2566 1691 2599 nobis
1699 2575 1764 2599 non
1774 2565 1978 2605 deiecerunt,
1988 2564 2263 2606 quemadmodum

1216 2617 1290 2649 Lazi
1300 2641 1309 2657 ,
1323 2617 1442 2658 quibus
1455 2618 1590 2658 subjecti
1606 2619 1710 2651 erant.
1731 2620 1802 2651 Hoc
1817 2618 1914 2659 igitur
1924 2617 2048 2650 affirmo
2057 2641 2067 2657 ,
2079 2625 2190 2650 servos
2201 2625 2263 2650 ser·

1216 2677 1331 2702 vorum
1352 2670 1535 2702 nostrorum
1550 2679 1718 2712 nunquam
1733 2679 1753 2702 a
1769 2670 1863 2703 nobis
1877 2669 2056 2703 descivisse.
2081 2681 2098 2699 a·
2114 2670 2157 2703 At
2180 2678 2236 2702 rex
2251 2678 2262 2701 ε

1219 2733 1235 2748 «
1247 2720 1349 2754 Hodie
1362 2722 1585 2762 praeterierunt
1597 2722 1708 2755 decem
1724 2723 1817 2763 anni,
1830 2731 1871 2755 ex
1887 2731 1951 2764 quo
1959 2721 2113 2755 suaniam
2123 2730 2264 2763 occupa·

1218 2773 1332 2806 vimus.
1346 2775 1480 2814 Legatos
1494 2774 1612 2815 saepius
1631 2783 1650 2806 a
1662 2774 1754 2807 vobis
1770 2775 1976 2816 excepimus,
1992 2775 2026 2807 et
2040 2774 2082 2806 ad
2098 2783 2156 2807 vos
2174 2773 2264 2806 misi-

1218 2833 1301 2857 mus.
1318 2826 1385 2856 Cur
1401 2824 1531 2857 tandem
1552 2825 1674 2858 nullam
1696 2834 1840 2866 unquam
1857 2825 2053 2858 mentionem
2079 2825 2120 2858 de
2144 2825 2263 2859 Suania

1218 2876 1355 2909 fecistis?
1364 2889 1379 2905 »
1389 2893 1432 2901 —
1443 2889 1460 2905 ιι
1472 2877 1567 2916 Quia,
1583 2878 1695 2909 Petrus
1704 2877 1761 2916 ait,
1773 2877 1901 2909 Lazices
1908 2876 2084 2908 dominium
2099 2885 2170 2909 eras
2184 2877 2263 2909 ade-

1219 2929 1304 2970 ptus.
1322 2928 1448 2960 Etenim
1466 2928 1493 2960 si
1505 2929 1539 2960 te
1553 2927 1701 2960 adiissem
1718 2929 1756 2959 ut
1771 2926 1850 2959 mibi
1865 2927 2016 2960 suaniam
2026 2927 2166 2967 cederes,
2183 2937 2264 2960 cau-

1219 2988 1305 3017 sam.
1322 2989 1379 3012 cur
1394 2979 1424 3012 id
1443 2980 1579 3019 faceres,
1604 2979 1849 3021 interrogasses;
1863 2988 1960 3020 quam
1975 2979 2003 3011 si
2027 2979 2235 3012 reddidissem
2253 2992 2262 3013 ε

1219 3032 1296 3073 quia
1315 3031 1406 3064 Lazis
1421 3032 1469 3064 est
1482 3030 1611 3063 subdita
1629 3043 1637 3062 ε
1656 3034 1703 3064 An
1719 3032 1822 3063 nescis
1837 3039 1890 3063 me
1907 3030 2030 3063 Lazicae
2041 3030 2207 3063 dominum
2221 3031 2263 3064 et·

1221 3085 1340 3116 tectum
1358 3084 1449 3115 esse?
1465 3082 1695 3123 respondisses,
1717 3091 1822 3124 neque
1836 3082 1929 3115 nobis
1946 3082 2123 3123 quicquam
2147 3082 2265 3124 reliqui

1221 3135 1331 3168 suisset
1342 3158 1352 3175 ,
1362 3134 1450 3176 quod
1459 3135 1544 3167 ultra
1556 3134 1662 3176 eloqui
1674 3135 1899 3176 potuissemus.
1915 3147 1932 3163 »
1943 3151 1983 3158 ——
1994 3146 2011 3163 «
2025 3134 2084 3167 Ain
2093 3135 2129 3167 tu
2140 3159 2149 3174 ‚
2160 3134 2266 3176 inquit

1221 3196 1290 3228 rex,
1304 3187 1453 3221 suaniam
1466 3187 1558 3220 Lazis
1570 3187 1665 3220 fuisse
1672 3186 1871 3227 subjectam?
1885 3188 1954 3220 Hoc
1966 3186 2037 3219 situ
2054 3186 2175 3220 tabulis
2189 3187 2265 3220 scri-

1222 3239 1284 3281 ptis
1291 3239 1425 3280 probare
1434 3237 1974 3280 poteris,'impetrabisquod,iustum
1985 3239 2043 3270 est.
2053 3251 2069 3266 n
2081 3239 2119 3270 Et
2132 3239 2241 3271 Petrus
2253 3251 2263 3270 ε

1224 3303 1239 3318 «
1256 3290 1348 3323 Haud
1361 3289 1547 3323 cunctabor.
1561 3289 1690 3322 Docebo
1702 3290 1735 3322 te
1745 3298 1869 3321 verum.
1885 3290 1985 3322 Vetus
2001 3297 2082 3328 mos,
2092 3298 2112 3322 o
2123 3289 2264 3330 domine,

1222 3341 1379 3380 obtinuit,
1405 3341 1489 3382 apud
1513 3342 1613 3374 Lazos
1627 3340 1718 3372 hicce
1735 3353 1742 3372 :
1766 3349 1866 3381 quum
1886 3340 2012 3373 Suaniae
2029 3340 2096 3373 dux
2123 3341 2267 3374 subesset

1223 3395 1326 3433 Lam,
1344 3393 1426 3426 inter
1436 3392 1511 3432 hos,
1525 3392 1581 3434 qui
1598 3391 1642 3424 illi
1655 3391 1771 3424 tributa
1787 3391 1980 3432 pendebant,
1994 3391 2171 3433 adscriptus
2183 3393 2264 3424 erat.
