2372 3704
107 236 183 269 006

105 332 190 367 ποτε
217 311 451 367 Χριστιανοὺς
479 311 651 352 ἐκώλυσεν
672 310 884 359 Ἑλληνικῆς
903 310 1062 354 παιδείας
1091 312 1154 362 με-”

105 373 355 424 ταλαμὸάνειν,
366 372 426 411 καὶ
440 371 524 424 πρὸς
539 371 602 418 τὴν
621 369 806 422 βασιλικὴν
820 369 1024 422 δορυφορίαν
1042 384 1152 422 στρα-

105 432 278 472 τεύεσθαι.
309 431 371 470 Ἐν
391 424 439 474 οἶς
469 425 511 477 ἦν
540 429 710 472 Ἰοὸιανός
730 444 768 466 τε
795 427 856 467 καὶ
890 426 1154 470 Βαλεντινιανὸς

105 490 166 528 καὶ
198 490 361 536 Οὐάλης,
382 491 413 527 οἱ
446 487 522 539 μετ’
543 488 646 526 αὐτὸν
678 486 959 539 βασιλεύσαντες.
993 485 1095 525 Ἐπεὶ
1118 484 1154 523 δὲ

106 544 179 601 εἶχε
195 552 255 595 τῆς
271 548 328 587 ἐπὶ
346 547 486 600 Πέρσας
499 548 594 594 ὁδοῦ,
611 545 668 584 διά
681 561 718 584 τε
731 548 792 592 τῆς
806 544 920 588 Ἀσίας
937 544 994 583 ἐπὶ
1023 543 1154 596 Συρίαν

106 608 167 646 καὶ
197 606 260 654 τὴν
295 606 474 659 Ἀντιόχου
495 605 638 644 διελθὼν
658 604 758 643 πόλιν
783 604 932 642 πλεῖστα
961 602 1058 655 παρὰ
1086 605 1154 640 τῶν

107 667 329 717 Χριστιανῶν
345 665 534 717 ἐπορίσατο
549 663 738 717 χρήματα,
754 661 814 701 καὶ
831 665 955 714 μικροῦ
975 663 1044 700 δεῖν
1063 661 1156 699 κατὰ

106 729 165 762 τοῦ
185 725 297 775 δήμου
311 724 493 776 διεγερθεὶς
505 753 515 771 ,
532 725 578 767 ὡς
595 725 641 766 εἰς
658 721 763 760 αὐτὸν
778 719 1070 773 ἀποσκώψαντος,
1091 718 1158 757 ὑπὸ

109 782 326 822 Σαλουστίου
346 786 406 821 τοῦ
432 784 500 820 τῶν
520 779 743 833 πραιτωρίων
760 778 916 831 ἐπάρχου
935 776 1155 830 παρεκλήθη.

594 863 679 902 180.

160 940 260 976 Ibid.
278 952 319 988 p.
342 937 418 981 842
445 934 560 975 :³¹0u
580 933 687 987 φησὶν
715 936 733 972 ὁ
755 933 919 980 Ἰωάννης
937 932 1055 970 ουτοσὶ
1080 947 1159 984 περι

107 1012 167 1034 του
190 995 407 1048 Παραὸάτου
433 995 639 1040 Ἰουλιανοῧ,
667 994 714 1036 ὡς
746 991 848 1040 μόνος
881 990 921 1028 τὸ
955 990 1160 1040 Ρωμαϊκὸν

109 1057 225 1098 καλῶς
240 1053 430 1107 διώκησεν,
451 1050 636 1104 ἀνώρθωσέ
656 1066 693 1088 τε
711 1049 815 1096 αὐτὸ,
830 1050 860 1087 εἰ
880 1047 929 1099 μὴ
945 1049 977 1092 ἐς
997 1047 1159 1086 ἐναντίω-

110 1129 163 1151 σιν
178 1113 221 1150 τὰ
236 1114 275 1150 ἐκ
289 1115 347 1150 τοῦ
364 1109 542 1160 δαιμονίου
555 1108 722 1156 κατέστη·
737 1107 854 1154 πάσης
866 1106 934 1159 γὰρ
948 1106 1106 1150 παιδείας
1117 1105 1161 1144 τά

109 1187 147 1210 τε
165 1170 375 1221 Ῥωμαίων,
392 1171 458 1222 οὐχ
472 1169 601 1214 ἥκιστα
613 1168 648 1206 δὲ
665 1183 725 1205 και
742 1166 933 1213 Ἑλληνίδα
953 1166 1143 1216 γλωτταν’
1128 1181 1161 1208 ες

112 1230 218 1282 ἄκρον
239 1228 457 1281 συνειλήφει,
477 1227 553 1272 ὀξὺς
579 1227 641 1276 μὲν
665 1223 713 1263 ὧν
735 1226 883 1264 συνιδεῖν
902 1223 940 1262 τὸ
966 1222 1160 1276 πρακτέον,

111 1287 324 1341 ἑτοιμότερος
352 1286 388 1325 δὲ
417 1290 517 1325 τοῦτο
545 1283 743 1336 ἐξαγγεῖλαί
773 1298 812 1321 τε
840 1282 900 1320 καὶ
925 1284 1158 1334 ἑρμηνεῦσαι,

112 1347 254 1398 μνήμην
270 1362 307 1384 τε
329 1346 492 1384 ἁπάντων
515 1344 660 1396 βεὸαίαν
676 1343 782 1396 ἔχων,
796 1342 898 1395 σοφὸς
918 1341 980 1393 μὲν
996 1342 1040 1380 τὰ
1057 1341 1161 1394 οὐρά·

111 1423 187 1454 νια,
217 1406 356 1459 ἔμφρων
378 1406 412 1443 δὲ
434 1404 479 1443 τὰ
500 1403 718 1457 ἀνθρώπινα.
744 1402 837 1454 Πρὸς
866 1401 903 1440 δὲ
937 1418 1014 1446 τους
1040 1402 1163 1475 φίλους

113 1465 341 1518 μεγαλόφρων
362 1480 398 1502 τε
430 1479 490 1502 και
511 1463 723 1537 ἐλευθέριος,
740 1460 863 1507 πλὴν’
850 1460 928 1499 όσον
947 1462 1010 1499 οὐκ
1035 1462 1067 1498 ἐ
1054 1460 1163 1506 ζητα-

113 1525 238 1574 σμένος
258 1523 336 1561 οὐδὲ
367 1522 513 1575 ἀκριὸὴς
535 1526 577 1569 ἠν
602 1523 636 1559 ἐν
662 1524 738 1563 ταῖς
767 1519 896 1558 τούτων
927 1519 1073 1566 κτήσεσι
1105 1518 1162 1557 τὸν

114 1583 310 1635 ἁρμόζοντα
326 1583 447 1634 τοιῳδε
467 1581 606 1633 βασιλέι
619 1579 759 1632 τρόπον.
781 1578 965 1629 Ἐγένοντο
983 1594 1064 1630 γουν
1079 1594 1165 1621 τινες

114 1641 146 1679 οἲ
177 1643 300 1692 μῶμον
320 1643 363 1692 τῇ
391 1622 452 1677 Ιτοῦ
482 1639 602 1691 ἀνδρὸς
623 1638 703 1690 δόξῃ
733 1644 803 1682 τοῖς
833 1639 965 1675 ἑαυτῶν
999 1636 1163 1674 ἀνέθεσαν

116 1699 412 1749 μειονεκτήμασι,
446 1697 560 1735 πολλὰ
599 1699 668 1735 τῶν
706 1696 896 1749 ἀλλοτρίων
929 1694 1166 1746 λαμὸάνοντες

116 1757 287 1810 προφάσει
307 1760 368 1803 τῆς
388 1756 599 1803 Ἑλληνικῆς
619 1755 811 1803 δοκήσεως,
824 1756 862 1793 οὐ
884 1752 987 1804 μόνον
1002 1755 1165 1805 ἀγνοοῦν-

115 1832 172 1859 τος
190 1820 249 1854 τοῦ
267 1814 436 1867 βασιλέως
448 1844 458 1861 ,
475 1814 565 1852 ἀλλὰ
579 1814 638 1852 καὶ
656 1813 860 1857 κωλύοντος.
872 1815 953 1856 Τοῖς
966 1828 1004 1864 γε
1018 1812 1085 1862 μὴν
1097 1815 1166 1850 τῶν

117 1876 220 1913 ἐθνῶν
237 1874 384 1916 ἐποίκοις
397 1872 441 1911 τὰ
456 1876 523 1911 τῶν
542 1874 684 1923 δασμῶν
698 1872 845 1910 καθόσον
856 1871 1008 1918 ἠδύνατο
1021 1870 1167 1922 καθῄρει

119 1932 229 1984 μέτρα
241 1932 301 1970 καὶ
318 1931 355 1969 τὸ
366 1930 550 1981 δημοτικὸν
567 1930 627 1968 καὶ
638 1930 749 1968 κοινὸν
765 1934 825 1968 τοῦ
842 1929 944 1976 ἤθους
959 1928 1042 1981 πρὸς
1055 1928 1167 1966 &ircav-

117 2007 179 2035 τας
195 1990 321 2040 ὁμοίως
336 1988 413 2033 τοὺς
427 1988 598 2036 ὑπηκόους
613 1988 760 2041 ἐξέφερε·
773 1987 966 2040 χρημάτων
981 1987 1044 2037 μὲν
1056 1987 1168 2040 ἀθροί-

118 2066 204 2094 σεως
219 2049 320 2100 ὀλίγα
335 2046 588 2101 πεφροντικὼς,
611 2047 709 2094 δόξης
733 2047 768 2085 δὲ
785 2049 1043 2096 ἐπιθυμητικῶς
1059 2062 1096 2084 τε
1110 2046 1169 2084 καὶ

898 224 920 262 J
923 222 1113 284 oANle
1141 222 1464 263 ANTIOCHENI

1213 309 1408 364 ἀκορεστως
1424 310 1535 363 ἔχων,
1557 311 1602 353 ὡς
1619 308 1785 353 πολλάκις
1805 324 1865 347 και
1885 324 1924 347 το
1945 307 2070 380 μέτρον
2092 306 2259 360 ὑπερὸαί·

1213 385 1282 408 νειν
1309 375 1384 413 ταῖς
1400 360 1632 421 ἐγχειρήσεσι.
1660 369 1705 407 Ε
1708 368 1887 406 &effluxio
1910 367 1946 405 δὲ
1974 367 2076 418 μόνον
2099 366 2181 420 περὶ
2200 366 2263 413 τὴν

1214 444 1273 467 του
1292 431 1446 481 σωτῆρος
1465 430 1620 480 Χριστοῦ
1641 427 1772 472 δόξαν’
1757 426 1916 470 εναντίως
1936 426 2026 478 ἔχων
2045 425 2139 464 καὶ’
2123 424 2264 464 ενιστά-

1216 503 1316 538 μενος
1341 489 1412 531 τοῖς
1432 486 1476 524 τὰ
1497 488 1718 538 Χριστιανῶν
1741 489 1897 536 μετιοῦσι
1919 484 2102 536 δόγματα,
2133 485 2172 522 οὔ
2193 482 2264 534 μὴν

1216 545 1306 584 ὥστε
1322 545 1419 595 ὠμὸν
1433 544 1456 592 ἢ
1471 544 1608 595 φονικόν
1622 559 1655 582 τι
1671 543 1887 595 ἐργάσασθαι
1899 543 2056 583 πώποτε.
2079 541 2266 583 Συνελόντι

1217 604 1253 643 δὲ
1275 605 1398 651 εἰπεῖν,
1418 603 1561 655 Μάρκῳ
1584 601 1756 654 Ἀντωνίῳ
1774 602 1984 654 προσόμοιος
2004 595 2069 650 ἦν,
2089 601 2125 639 ὃν
2145 599 2188 648 δὴ
2206 599 2269 639 καὶ

1217 666 1340 711 ζηλοῦν
1359 663 1408 706 ὡς
1429 661 1558 700 ἐπίπαν
1577 659 1801 706 ἐσπούδαζεν.

1612 766 1867 806 ΙΟΒΙΑΝΟΣ.

1705 857 1793 895 181.

1273 932 1375 968 Ibid.
1394 945 1435 982 p.
1461 931 1536 975 845
1556 929 1666 971 :⁶012
1681 930 1848 975 Ἰοὸιανὸς
1862 933 1881 970 ὁ
1899 930 2061 983 βασιλεὺς
2081 931 2272 983 Ῥωμαίων

1222 992 1240 1028 ὃ
1260 990 1350 1040 μετὰ
1370 989 1564 1029 Ἰουλιανὸν
1591 990 1697 1043 ἄρξας
1723 994 1767 1044 τῇ
1791 995 1850 1029 τοῦ
1871 991 2002 1043 πατρὸς
2021 993 2155 1039 μᾶλλον
2180 991 2273 1044 ἤπερ

1221 1052 1265 1100 τῇ
1286 1048 1396 1102 οἰκείᾳ
1416 1049 1497 1102 δόξῃ
1515 1051 1585 1093 τοῖς
1602 1049 1683 1102 περὶ
1702 1049 1742 1088 τὸ
1769 1049 2003 1102 στρατόπεδον
2023 1049 2191 1101 ἔγνωστο.
2205 1049 2274 1094 ⁶0<

1222 1107 1329 1154 ἡνίκα
1354 1107 1543 1150 Ἰουλιανὸς
1575 1105 1708 1158 αἵρεσιν
1729 1109 1800 1151 τοῖς
1827 1107 2114 1160 στρατευομένοις
2145 1107 2272 1158 ἐτίθει,

1225 1166 1315 1205 θύειν
1346 1165 1368 1213 ἢ
1400 1165 1743 1218 ἀποστρατεύεσθαι,
1769 1167 1903 1217 μᾶλλον
1931 1165 1992 1212 τὴν
2014 1166 2125 1214 ζώνην
2147 1166 2274 1206 ἀποθέ-

1225 1229 1306 1264 σθαι
1320 1224 1497 1264 ἐὸούλετο.
1518 1225 1653 1264 Ἐλθών
1671 1224 1706 1263 δὲ
1724 1226 1769 1269 εἷς
1786 1227 1816 1264 Ν
1822 1225 1926 1263 ισιὸιν
1937 1225 2037 1263 πόλιν
2053 1226 2275 1277 πολυάνθρω-

1225 1300 1289 1323 πον
1321 1283 1381 1322 καὶ
1406 1283 1617 1334 εὐδαίμονα,
1646 1284 1717 1322 δύω
1738 1286 1852 1335 μονῶν
1884 1286 2025 1336 ἡμερῶν
2058 1285 2278 1338 ἐνδιατρίὼας

1226 1345 1336 1396 αὐτῇ,
1354 1343 1487 1395 ὅσαπερ
1508 1347 1581 1395 εἶχε
1602 1343 1772 1395 χρήματα
1789 1343 2036 1390 κατηνάλωσε,
2048 1349 2118 1387 τοῖς
2134 1345 2170 1383 ἐν
2187 1345 2276 1397 αὖτῇ

1226 1406 1427 1441 κατοικοῦσι
1459 1401 1604 1451 μηδενὸς
1641 1401 1811 1452 μεταδους
1844 1401 1865 1448 ἢ
1898 1401 2003 1453 λόγου
2033 1402 2277 1455 φιλανθρώπου

1227 1461 1248 1508 ἢ
1269 1461 1427 1513 πράξεως
1443 1462 1587 1511 ἀγαθῆς·
1609 1460 1731 1504 νυκτός
1749 1477 1786 1498 τε
1802 1460 2010 1512 ὑπεχώρησε
2031 1461 2168 1514 χαίρειν
2189 1463 2278 1513 αὐτ-’ᾔ

1228 1519 1344 1557 πολλὰ
1363 1518 1499 1572 φράσας
1513 1548 1523 1567 ,
1542 1518 1662 1571 ὥσπερ
1684 1520 1797 1570 ἐχθρῷ
1814 1508 1875 1556 καὶ
1897 1522 2009 1572 νεκρῷ
2028 1518 2166 1570 σώματι
2187 1519 2276 1571 μηδὲ

1228 1579 1376 1630 δάκρυον
1395 1577 1630 1622 ἐπισταλάξας
1642 1608 1651 1625 ,
1679 1579 1723 1615 δι’
1741 1578 1783 1624 ἣν
1806 1577 1907 1621 αὐτός
1933 1593 1970 1615 τε
1987 1577 2100 1624 ἐσώθη
2122 1578 2183 1617 καὶ
2201 1578 2280 1623 τοὺς

1229 1637 1497 1688 ὑπολειφθέντας
1514 1638 1553 1674 ἐκ
1566 1638 1634 1674 τῶν
1655 1639 1715 1674 τοῦ
1736 1635 1890 1686 πολέμου
1910 1635 2076 1674 κινδύνων
2095 1635 2278 1675 διέσωσεν·

1230 1696 1409 1747 ἄνθρωπος
1441 1696 1480 1733 οὐ
1513 1695 1556 1733 δι’
1587 1694 1714 1747 ἀρετὴν
1742 1695 1894 1743 οἰκείαν,
1926 1694 2016 1732 ἀλλὰ
2042 1694 2098 1733 διὰ
2127 1694 2190 1742 τὴν
2220 1699 2279 1734 τοῦ

1229 1754 1360 1807 πατρὸς
1389 1753 1489 1798 δόξαν
1510 1755 1558 1797 εἷς
1579 1758 1740 1792 τοσοῦτον
1766 1753 1874 1806 τύχης
1895 1754 2086 1806 προελθών.
2111 1748 2184 1793 ’ῗΗν
2216 1754 2280 1805 μὲν

1231 1812 1300 1865 γὰρ
1321 1811 1400 1851 οὐδὲ
1425 1814 1652 1851 παντάπασιν
1671 1812 1814 1859 ἀσθενὴς
1830 1812 1869 1850 τὸ
1886 1815 2009 1863 σῶμα,
2027 1812 2107 1851 οὔτε
2130 1815 2281 1864 πολεμι-

1231 1877 1302 1915 κοῖς
1319 1872 1429 1924 ἔργοις
1447 1872 1679 1922 ἀγύμναστος
1701 1872 1945 1920 ἀμελέτητος
1926 1871 1961 1909 οὲ
1979 1869 2027 1909 ὢν
2039 1887 2100 1909 και
2117 1871 2283 1923 ἄγευστος

1234 1930 1466 1977 παιδεύσεως,
1488 1930 1547 1968 καὶ
1567 1930 1609 1976 ἢν
1633 1933 1707 2001 εἶχε
1723 1928 1823 1983 φύσιν
1839 1929 1897 1967 διὰ
1923 1931 2143 1982 ῥαθυμίανή
2120 1930 2281 1983 ημαύρου

1232 2003 1291 2026 και
1310 1987 1469 2040 ἠφάνιζε.
1493 1988 1622 2040 Διόπερ
1636 2003 1696 2025 και
1709 1987 1772 2034 τὴν
1795 1987 1995 2036 Νισιὸηνῶν
2013 1988 2114 2027 πόλιν
2135 1989 2282 2042 φεύγων,

1232 2048 1279 2100 ᾡς
1303 2048 1409 2083 εἰπεῖν
1425 2076 1435 2096 ,
1454 2045 1568 2099 ᾤχετο
1580 2076 1591 2097 ,
1607 2048 1806 2085 ἀπολαῦσαι
1823 2047 2094 2100 σπουδάζωνοτῷ
2109 2047 2283 2098 συμὸάντι

118 2178 159 2183 ——
173 2160 434 2202 Χριστιανοὺς
457 2159 656 2190 ἐκώλυσεν
675 2158 902 2196 Ἑλληνικῆς
917 2156 1102 2192 παιδείας
1120 2156 1471 2198 μεταλαμὸάνειν.]
1487 2170 1502 2185 «
1515 2157 1605 2189 Idem
1619 2157 1717 2189 tradit
1732 2159 1892 2196 Socrates,
1904 2158 2124 2190 Theodoretus
2137 2167 2175 2190 ac
2188 2161 2285 2192 Sozo-

119 2217 246 2244 menus,
258 2207 361 2247 iisque
372 2206 562 2247 posteriores
576 2208 716 2237 Zonaras
730 2214 767 2237 ac
781 2205 955 2238 cedrenus.
968 2206 1103 2236 Constat
1114 2206 1222 2236 tamen
1237 2206 1255 2236 J
1260 2204 1403 2236 ulianum
1417 2214 1481 2236 non
1495 2203 1648 2242 discendi,
1662 2205 1717 2236 sed
1731 2204 1867 2236 docendi
1881 2206 2008 2236 tantum
2022 2214 2060 2237 ac
2070 2206 2197 2247 publice
2210 2215 2285 2247 pro-

120 2254 231 2285 utendi
247 2254 431 2285 facultatem
452 2252 641 2284 Christianis
654 2252 821 2284 ademisse.
838 2252 889 2283 Sic
905 2251 1110 2283 Marcellinus
1126 2251 1149 2283 l.
1165 2253 1192 2283 V
1208 2262 1215 2282 z
1231 2253 1328 2283 Inter
1343 2259 1419 2292 quae
1435 2253 1513 2283 erat
1530 2251 1624 2284 illud
1640 2251 1827 2283 inclemens
1842 2252 1934 2292 quod
1946 2252 2068 2284 docens
2086 2254 2198 2285 vetuit
2211 2262 2285 2286 ma·

119 2302 246 2340 qistros
260 2299 444 2332 rhetoricos
455 2301 487 2330 et
503 2301 749 2339 (Jram1naticos
766 2299 982 2331 Christianos
997 2300 1031 2329 ni
1047 2299 1254 2329 transissent
1269 2297 1316 2329 ad
1330 2299 1514 2329 numinum
1536 2298 1686 2329 cultum.
1704 2297 1835 2329 Accedit
1851 2298 2015 2338 Eunapius
2030 2298 2115 2338 (vit.
2131 2300 2284 2330 Proaeres.

122 2355 152 2386 p.
172 2351 210 2379 92
227 2347 278 2377 ed.
298 2347 393 2378 Boiss.
405 2347 429 2386 )‚
445 2346 497 2385 qui
518 2345 729 2376 l‘roaeresium
744 2346 933 2386 magistrum
946 2354 1040 2376 suum
1057 2345 1234 2384 imperante
1249 2344 1380 2375 Juliano
1393 2344 1504 2375 scribit
1517 2352 1536 2374 a
1551 2343 1685 2375 docendi
1704 2352 1835 2375 munere
1851 2344 2019 2375 exclusum
2035 2344 2133 2376 tuisse
2147 2353 2185 2377 eo
2199 2345 2287 2385 quod

123 2393 328 2425 Christianus
340 2401 408 2423 esse
426 2392 601 2422 videretur.
620 2394 684 2422 Nee
697 2392 842 2423 dissentit
859 2392 1009 2430 Orosius,
1023 2391 1115 2431 cujus
1133 2390 1201 2422 liaec
1215 2391 1290 2421 sunt
1306 2390 1403 2421 verba
1417 2390 1440 2422 Ι.
1456 2392 1515 2422 Vll
1532 2399 1540 2421 :
1556 2392 1680 2430 Aperta
1695 2391 1812 2421 tamen
1828 2391 1991 2430 praecepit
2014 2389 2128 2422 edicto
2150 2399 2192 2423 ne
2209 2393 2287 2432 quis

127 2439 347 2470 Christianus
362 2437 589 2469 docendorum
607 2438 806 2470 liberalium
817 2438 1017 2470 studiorum
1033 2436 1207 2478 professor
1221 2439 1320 2468 esset.
1338 2439 1502 2468 Postremo
1516 2438 1621 2468 exstat
1635 2436 1777 2468 edictum
1792 2435 1896 2476 ipsum
1909 2436 2031 2468 Juliani
2044 2437 2127 2468 inter
2141 2437 2285 2478 eiusdem

122 2486 273 2525 epistolas
283 2508 292 2522 ‚
305 2493 371 2524 quo
385 2484 501 2515 diserte
516 2484 612 2515 edicit
626 2493 696 2515 eam
720 2485 822 2525 legem
837 2485 878 2516 ad
897 2485 981 2517 solos
997 2485 1188 2524 professores
1209 2492 1247 2515 ac
1264 2483 1431 2523 magistros
1456 2485 1627 2524 pertinere.
1647 2485 1720 2518 Τοῖς
1743 2483 1798 2523 μὲν
1811 2483 2004 2524 καθηγεμόσι
2017 2484 2070 2515 καὶ
2086 2484 2286 2520 διδασκάλοις

122 2533 240 2563 οὑτωσὶ
255 2532 356 2567 κοινὸς
371 2534 469 2562 κεῖται
492 2531 585 2571 νόμος
599 2538 605 2545 ·
622 2532 639 2562 ὁ
656 2532 841 2571 βουλόμενος
854 2532 913 2572 γὰρ
929 2535 990 2562 τῶν
1004 2531 1080 2563 νέων
1095 2533 1200 2569 φοιτᾶν
1217 2531 1275 2562 οὐκ
1291 2530 1542 2569 ἀποκέκλεισται.
1562 2530 1622 2562 Sed
1640 2529 1782 2561 edictum
1798 2529 1903 2569 ipsum
1921 2530 2163 2563 obscurioribus
2178 2531 2287 2563 verbis

124 2578 165 2610 de
189 2578 345 2610 industria
361 2579 553 2617 conceptum
570 2577 666 2608 fuisse
690 2578 769 2608 milii
794 2578 934 2616 videtur,
949 2587 987 2609 eo
1009 2580 1044 2609 ut
1061 2577 1180 2608 invidia
1196 2580 1293 2617 atque
1310 2578 1460 2609 atrocitas
1480 2577 1525 2609 rei
1550 2577 1740 2608 molliretur.
1768 2577 1864 2608 Plura
1877 2576 1951 2608 vide
1967 2577 1998 2608 in
2017 2577 2190 2610 Annalibus
2205 2579 2286 2610 Car·

125 2626 244 2658 dinalis
265 2625 392 2657 Baronii
405 2648 414 2664 ,
438 2625 530 2665 cujus
548 2625 732 2665 opinionem
750 2628 871 2657 temere
891 2625 1093 2665 reprehendit
1110 2625 1191 2656 Rob.
1214 2626 1419 2656 Montacutus
1435 2625 1467 2655 in
1486 2624 1576 2656 Notis
1591 2623 1632 2654 ad
1652 2623 1796 2663 Gregorii
1813 2623 2056 2660 Στηλιτευτικὸν.
2075 2637 2092 2652 ι»
2116 2627 2286 2657 νΑιεειυε.

167 2675 220 2705 Fr.
245 2677 313 2705 180.
340 2674 513 2713 Eutropius
526 2676 553 2705 X
567 2698 575 2714 ‚
592 2677 610 2706 8
626 2684 634 2705 :
664 2676 722 2706 Vir
735 2676 892 2714 eoi-eyius
907 2676 941 2705 et
955 2673 1159 2713 remplicam
1173 2674 1359 2712 insiqniter
1379 2669 1626 2702 moderaturus
1636 2693 1646 2708 ,
1659 2671 1689 2701 si
1707 2677 1770 2709 per
1782 2668 1870 2709 sata
1883 2668 2050 2701 licuisset.
2069 2669 2288 2704 Liberalibus

127 2719 327 2760 disciplinis
346 2721 505 2760 apprime
518 2720 680 2751 eruditus
695 2729 706 2750 :
727 2721 832 2751 Gracci
847 2719 990 2758 doctior,
1014 2721 1120 2759 atque
1144 2717 1230 2749 adeo
1246 2720 1287 2750 ut
1305 2720 1434 2750 Latina
1450 2717 1649 2749 eruditione
1670 2724 1892 2758 nequaquam
1909 2724 1989 2749 cum
2006 2718 2123 2750 Graeca
2138 2719 2289 2751 scientia

126 2767 341 2798 conveniret.
361 2765 548 2798 Facundia
565 2768 701 2806 ingenti
717 2768 751 2798 et
762 2768 945 2807 prompta,
962 2767 1135 2798 memoria>v
1153 2767 1400 2803 tenacissimae,
1419 2767 1456 2797 in
1471 2764 1682 2806 quibusdam
1698 2764 1903 2805 philosopho
1919 2767 2074 2805 propior.
2099 2767 2142 2798 In
2158 2767 2289 2798 amicos

129 2813 307 2849 liberalis,
325 2812 385 2844 sed
398 2815 512 2845 minus
531 2814 701 2855 diliqens,
719 2822 824 2855 quam
845 2815 985 2846 tantum
996 2814 1191 2854 principem
1210 2812 1338 2844 decuit.
1357 2814 1514 2844 Fuerunt
1532 2814 1625 2844 enim
1640 2813 1824 2852 nonnulli,
1840 2815 1901 2853 qui
1915 2813 2063 2845 vulnera
2079 2813 2197 2853 oloriae
2213 2813 2288 2853 ejus

127 2861 315 2900 inferrent.
331 2863 370 2892 1η
385 2862 610 2900 provinciales
625 2862 859 2901 justissimus,
879 2863 912 2893 et
929 2860 1155 2899 tributorum,
1174 2862 1344 2901 quatenus
1351 2859 1434 2898 fieri
1443 2861 1568 2900 posset,
1583 2868 1779 2900 repressor;
1801 2861 1915 2892 civilis
1934 2863 1970 2892 in
1985 2862 2126 2892 cunctos
2132 2871 2146 2899 ;
2167 2861 2288 2893 medio-

129 2915 221 2939 crem
239 2906 367 2938 habens
380 2909 503 2939 aerarii
519 2916 662 2946 curam;
675 2908 795 2949 οἱον-ιω
808 2908 934 2940 avidus
943 2931 952 2946 ,
965 2916 1007 2939 ac
1021 2915 1086 2947 per
1099 2915 1176 2938 eam
1189 2908 1302 2938 animi
1319 2907 1526 2946 plerumque
1539 2906 1711 2939 immodici
1719 2916 1732 2942 ;
1744 2909 1873 2939 nimius
1887 2908 2066 2947 reliqionis
2080 2907 2290 2940 Christianae

127 2955 327 2989 insectator,
343 2954 490 2993 perinde
505 2957 619 2986 tamen
637 2957 677 2986 ut
691 2963 814 2987 cruore
828 2955 1016 2987 abstineret
1023 2965 1036 2993 ;
1051 2956 1168 2986 Marco
1192 2955 1364 2986 Antonino
1388 2962 1454 2985 non
1477 2953 1666 2992 absimilis,
1685 2963 1785 2996 quem
1806 2956 1913 2986 etiam
1928 2955 2092 2987 aemulari
2111 2955 2288 2988 studebat.

170 3002 213 3032 Fr
249 3004 317 3032 tSl.
341 3001 413 3032 Ὅτι
431 3001 615 3038 Ἰοὸιανὸς...
635 3002 796 3042 ἔγνωστο]
821 3004 954 3043 Eutrop.
978 3003 1025 3040 X,
1043 3004 1062 3033 9
1081 3011 1089 3032 z
1109 3003 1194 3034 Post
1210 3001 1302 3033 hunc
1319 3003 1510 3039 Jovianus‚
1528 3003 1588 3042 qui
1606 3003 1688 3033 tunc
1704 3001 1911 3033 doniesticus
1926 3001 2121 3038 militabat,
2144 3002 2192 3033 ad
2203 3001 2290 3034 obli·

131 3046 285 3079 nendum
308 3049 493 3087 imperium
508 3057 670 3080 consensu
685 3051 859 3081 exercilus
873 3050 1000 3082 electus
1014 3051 1062 3080 est
1078 3058 1089 3079 .·
1103 3048 1399 3080 commendatione
1407 3049 1525 3087 patris
1535 3069 1543 3083 ,
1568 3055 1674 3088 quam
1697 3056 1781 3086 sua,
1797 3046 1969 3079 militibus
1993 3049 2118 3079 notior.
2134 3050 2218 3085 Quae
2235 3055 2290 3080 se·

130 3095 276 3134 quuntur
295 3094 423 3126 aliunde
440 3095 538 3134 petita
560 3097 653 3134 sunt,
676 3095 706 3126 in
725 3096 826 3135 iisque
843 3097 1030 3133 recurrunt,
1053 3104 1127 3136 quae
1143 3095 1240 3127 modo
1265 3103 1307 3127 ex
1322 3094 1477 3135 Eutropio
1494 3095 1671 3125 citavimus.
1696 3115 1738 3121 -
1763 3095 1804 3130 ὃς
1821 3094 1949 3131 ἡνίκα
1964 3094 2054 3136 κτλ.]
2072 3094 2150 3127 inde
2171 3095 2213 3126 ab
2240 3095 2291 3127 his

131 3140 239 3171 verbis
262 3141 373 3172 eadeni
398 3141 493 3172 habet
513 3141 627 3173 suidas
649 3150 680 3172 v.
703 3141 851 3178 Ἰοόιανός
864 3166 872 3182 ,
896 3144 928 3174 in
944 3142 1107 3174 nonnullis
1128 3142 1268 3181 brevior,
1283 3141 1317 3172 in
1339 3141 1408 3172 aliis
1424 3141 1559 3180 plenior.
1582 3159 1625 3165 —
1640 3141 1723 3172 δύω
1743 3151 1819 3181 μον
1831 3144 1883 3171 ῶν
1903 3142 1922 3178 ἡ
1934 3141 2087 3182 μερῶν]
2114 3141 2169 3173 δύο
2195 3141 2289 3183 μόνον

130 3189 254 3227 ἡμερῶν
270 3195 321 3226 ap.
339 3187 470 3218 suidam
486 3196 503 3218 e
518 3192 535 3218 2
550 3187 642 3218 codd.
661 3188 775 3219 Pariss.
794 3191 934 3229 reposuit
952 3189 1187 3229 Bernliardyus.
1204 3189 1329 3220 Priores
1343 3187 1498 3219 editiones
1511 3188 1706 3219 exhibebant
1728 3188 1783 3219 δύο
1807 3191 1903 3228 μῆνας
1918 3198 1927 3226 ;
1954 3187 1987 3218 in
2010 3196 2074 3219 uno
2087 3188 2195 3220 Suidae
2213 3189 2287 3221 cod.

131 3235 247 3274 legitur
275 3246 282 3265 :
313 3234 367 3265 δύο
383 3234 532 3274 χρόνους,
557 3235 640 3266 duos
663 3244 784 3268 annos.
811 3257 850 3266 -,
866 3238 1004 3273 νυκτός
1026 3247 1102 3268 τε...
1126 3235 1339 3277 διέσωσεν]
1357 3238 1434 3268 Haec
1460 3244 1526 3266 om.
1551 3235 1676 3268 suidas.
1705 3238 1858 3268 Ceterum
1872 3235 2078 3267 Marcellinus
2091 3235 2132 3268 de
2151 3237 2289 3269 Joviano

133 3282 172 3313 ad
202 3280 326 3312 Nisibin
354 3281 467 3312 urbem
499 3290 643 3322 aggresso
676 3282 718 3314 ita
747 3283 843 3315 habet
870 3284 925 3315 lib.
947 3285 1034 3315 XXV
1058 3296 1065 3315 :
1085 3285 1167 3315 Post
1198 3292 1274 3326 quae
1293 3285 1418 3315 itinere
1441 3282 1619 3322 festinato
1646 3283 1760 3314 Nisibi
1781 3281 1905 3322 cupide
1936 3284 2012 3314 visa
2034 3285 2138 3314 extra
2165 3283 2287 3315 urbem

132 3330 267 3361 stativa
295 3330 415 3360 castra
438 3332 555 3369 posuit
580 3332 742 3370 princeps
754 3355 762 3370 ‚
791 3335 1002 3373 roqalusque
1013 3352 1023 3367 ,
1052 3332 1155 3363 enioee
1179 3333 1344 3372 precante
1369 3329 1561 3369 multiplice
1583 3329 1682 3371 plebe
1693 3352 1702 3368 ,
1731 3331 1770 3361 ul
1792 3331 1968 3369 ingressus
1988 3329 2170 3369 palatium
2196 3335 2289 3360 more

134 3376 331 3408 succederet
353 3377 574 3416 principum,
599 3379 828 3416 pertinaciter
852 3379 1048 3410 reluctatus
1071 3380 1139 3414 est,
1165 3379 1364 3412 erubescens
1390 3379 1513 3417 ayente
1527 3385 1563 3408 se
1587 3379 1686 3409 intra
1707 3385 1824 3408 muros
1839 3375 1960 3408 urbem
1978 3376 2288 3416 inexpuqnabilem

136 3424 239 3454 iratis
264 3422 419 3457 hostibus
437 3422 544 3454 tradi.
562 3440 600 3445 —
624 3427 774 3456 τοσοῦτον
789 3424 903 3465 τύχης]
918 3436 946 3456 τ.
974 3425 1070 3466 ἀρχῆς
1086 3426 1175 3459 Suid.
1199 3445 1239 3450 —
1265 3424 1448 3466 ἠφάνιζε]
1475 3427 1556 3462 Quoe
1572 3427 1643 3464 post
1667 3425 1749 3456 lianc
1764 3433 1876 3456 vocem
1893 3426 2086 3465 sequuntur,
2103 3424 2148 3456 sic
2161 3432 2225 3455 non
2243 3423 2289 3456 le-
