2372 3704
92 240 168 272 ⁴68

93 317 169 357 σεὺς
202 313 291 364 μετὰ
320 313 358 352 τὸ
392 316 597 366 βασιλεῦσαι
628 319 689 362 τῆς
720 317 895 368 Περσικῆς
925 316 1043 368 χώρας
1076 315 1137 363 ἔτη

91 373 224 420 πολλὰ,
247 373 366 422 μαθὼν
386 371 438 410 ὅτι
458 374 492 410 ἐν
513 376 555 425 τῆ
573 373 686 425 Συρίᾳ
705 373 806 426 χώρᾳ
827 374 1002 424 διάγουσιν
1023 375 1062 412 ἐκ
1078 379 1137 412 τοῦ

90 430 233 483 Ἄργους
250 432 423 479 Ἰωνῖται,
447 426 548 478 ’ἦλθεν
564 435 609 476 εἷς
626 432 687 479 τὴν
707 432 838 484 Συρίαν
853 433 938 484 πρὸς
957 432 1078 476 αὐτοὺς
1093 435 1139 476 εἷς

89 490 128 528 τὸ
149 490 338 530 Σίλπιον”
318 506 412 543 ορος,
433 493 479 534 ὡς
499 491 583 543 πρὸς
603 491 708 535 ἰδίους
727 492 920 542 συγγενεῖς·
942 490 1064 534 οίτινες
1084 492 1136 529 δε-

91 548 230 599 ξάμενοι
251 549 352 586 αὐτὸν
373 548 463 599 μετὰ
482 550 598 597 πάσης
617 553 722 600 τιμῆς
738 549 1026 622 προσεκύνησαν·
1039 550 1139 600 γνόν-

88 623 142 651 τες
163 607 264 645 αὐτὸν
283 610 313 646 οἱ
331 607 429 646 αὐτοὶ
448 607 592 659 Ἀργεῖοι
614 607 848 646 Ἰωπολῖται
834 606 886 645 ότι
907 607 965 646 καὶ
987 611 1084 650 οὗτος
1101 609 1139 645 ἐκ

89 669 147 704 τοῦ
165 665 282 717 γένους
301 668 368 703 τῶν
386 666 547 718 Ἀργείων
565 666 769 716 κατάγεται,
787 679 950 718 χαρέντες
968 664 1138 715 ἀνύμνουν

90 725 207 763 αὐτόν.
230 727 414 773 Χειμῶνος
443 725 478 762 δὲ
505 725 708 775 γενομένου,
736 727 796 762 καὶ
816 723 1140 776 πλημμυρήσαντος

88 783 177 822 πολὺ
192 788 250 822 τοῦ
266 785 525 836 παρακειμένου
540 787 700 834 ποταμοῦ
718 787 760 834 τῆ
780 783 942 822 Ἰωνιτῶν
962 783 1062 820 πόλει
1079 786 1139 820 τοῦ

88 843 276 894 λεγομένου
306 842 518 894 Δράκοντος,
550 842 621 879 νυνὶ
654 841 690 879 δὲ
711 842 897 894 Ὀρόντου,
918 841 1029 893 ᾔτησε
1059 841 1139 884 τοὺς

88 901 245 944 Ἰωνίτας
265 901 448 946 εὔξασθαι·
470 901 528 938 καὶ
546 903 580 938 ἐν
598 903 646 952 τῷ
668 899 832 952 εὔχεσθαι
857 899 980 943 αὐτοὺς
998 899 1056 937 καὶ
1073 916 1138 950 μυ-

89 961 282 1012 σταγωγεῗν
302 959 500 1010 κατηνέχθη
521 960 650 1012 σφαῖρα
676 958 782 1011 πυρὸς
809 958 990 1010 κεραυνίου
1019 960 1057 996 ἐκ
1076 961 1136 995 τοῦ

86 1020 252 1071 οὐρανοῦ,
282 1017 357 1064 ἥτις
377 1018 518 1064 ἐποίησε
546 1021 722 1064 παυθῆναι
743 1018 800 1055 τὸν
829 1020 987 1069 χειμῶνα
1007 1017 1066 1055 καὶ
1095 1017 1140 1055 τὰ

85 1081 146 1116 τοῦ
175 1080 334 1126 ποταμοῦ
355 1078 579 1127 ἐπισχεθῆναι
603 1078 740 1128 ῥεῖθρα.
775 1076 846 1115 Και
877 1075 1062 1125 θαυμάσας
1083 1075 1140 1113 ἐπὶ

86 1139 136 1174 τῶ
164 1136 319 1187 γεγονότι
348 1138 365 1172 ὃ
393 1133 548 1195 Περσευς
568 1134 601 1179 ἐξ
635 1134 764 1172 ἐκείνου
791 1138 850 1172 τοῦ
878 1134 986 1187 πυρὸς
1015 1135 1140 1179 ευθέως

87 1197 196 1247 ἀνῆψε
216 1198 302 1246 πῦρ,
325 1209 385 1231 και
410 1197 482 1244 εἶχε
503 1193 760 1245 φυλαττόμενον
789 1196 865 1244 μεθ’
887 1196 1033 1231 ἑαυτοῦ·
1054 1193 1139 1246 ὅπερ

83 1258 153 1305 πῦρ
171 1253 360 1296 ἐδάσταζεν
385 1251 442 1289 ἐπὶ
462 1251 505 1289 τὰ
527 1252 685 1303 Περσικὰ
707 1252 796 1304 μέρη
818 1254 864 1296 εἷς
884 1251 928 1290 τὰ
943 1252 1014 1290 ἴδια
1036 1253 1139 1304 βασί-

84 1313 175 1351 λεια.
202 1311 272 1351 Καὶ
292 1310 445 1355 ἐδίδαξεν
467 1311 591 1354 αὐτοὺς
612 1317 718 1360 τιμᾶν
740 1313 850 1349 ἐκεῖνο
877 1311 916 1349 τὸ
936 1316 1024 1363 πῦρ,
1055 1311 1138 1364 ὅπερ

85 1371 200 1422 ἔλεγεν
221 1372 335 1413 αὐτοῖς
353 1370 543 1422 ἑωρακέναι
566 1372 603 1407 ἐκ
623 1374 682 1407 τοῦ
703 1371 850 1419 οὐρανοῦ
870 1371 1137 1421 κατενεχθέντα·

77 1429 169 1481 ’ὅπερ
189 1433 257 1481 πῦρ
274 1428 335 1471 ἕως
355 1432 414 1466 τοῦ
429 1428 598 1480 παρόντος
615 1431 648 1466 ἐν
669 1432 754 1480 τιμῆ
776 1428 913 1480 ἔχουσιν
932 1430 962 1466 οἱ
985 1428 1137 1481 Πέρσαι,

79 1490 130 1529 »ὡς
150 1490 250 1525 θεῖον.
272 1487 316 1526 ‘O
347 1487 382 1524 δὲ
417 1487 518 1529 αὐτὸς
546 1485 703 1538 Περσεὺς
729 1486 843 1524 ἔκτισε
875 1492 945 1530 τοῖς
970 1487 1139 1530 Ἰωνίταις

81 1544 188 1597 ἱερὸν,
215 1544 232 1582 ὃ
259 1544 463 1594 ἐπωνόμασε
484 1544 589 1596 πυρὸς
616 1544 805 1582 ἀθανάτου.
835 1544 990 1595 “Ομοίως
1018 1544 1053 1582 δὲ
1080 1545 1139 1583 καὶ

85 1605 133 1646 εἷς
151 1602 194 1640 τὰ
215 1603 374 1655 Περσικὰ
403 1602 536 1640 ἔκτισεν
556 1602 646 1654 ἱερὸν
666 1602 772 1654 πυρὸς
785 1633 794 1651 ,
817 1603 1043 1650 καταστήσας
1069 1605 1142 1641 ἐκεῖ

80 1664 254 1700 Ιδιακονεῖν
273 1663 367 1713 αὐτῷ
388 1662 546 1705 εὐλαίῗεῖς
565 1661 709 1714 ἄνδρας,
726 1661 884 1706 οὕστινας
907 1662 1050 1701 ἐκάλεσε
1070 1663 1139 1712 μά-

84 1736 178 1771 γους.
202 1723 327 1759 Ταῦτα
354 1720 389 1758 δὲ
422 1719 625 1764 Παυσανίας
649 1723 666 1758 ὁ
687 1719 886 1772 σοφώτατος
905 1721 1139 1774 χρονογράφος

79 1779 341 1832 >συνεγράψαντο.

596 1866 630 1904 ίι,

137 1956 290 1991 Malalas
305 1968 344 2003 p.
364 1954 435 2004 198
453 1955 514 1993 ed.
534 1957 654 1990 Bonn.
674 1967 681 1992 :
701 1952 747 1992 Ὁ
767 1953 802 1990 δὲ
823 1953 990 2005 Νικάτωρ
1009 1952 1139 1991 Σέλευ-

87 2028 146 2055 κος
165 2011 287 2056 εὐθέως
303 2012 395 2050 κατὰ
413 2011 474 2058 τὴν
498 2011 596 2059 νίκην
612 2011 805 2063 Ἀντιγόνου
822 2015 880 2050 τοῦ
901 2013 1140 2064 Πολιορκητοῦ

85 2071 293 2121 βουλόμενος
321 2071 438 2109 κτίσαι
469 2070 586 2114 πόλεις
618 2070 819 2123 διαφόρους,
849 2069 979 2122 ἤρξατο
1015 2070 1140 2115 κτίζειν

83 2189 148 2227 set,
166 2187 283 2219 certior
305 2188 410 2220 sactus
426 2187 565 2227 lonitas,
590 2196 631 2219 ex
657 2187 779 2227 Argivis
799 2186 969 2227 oriundos,
989 2187 1022 2218 in
1045 2187 1138 2227 Syria

81 2242 172 2273 sedes
186 2250 260 2273 suas
281 2241 438 2282 posuisse,
457 2250 496 2272 eo
518 2240 664 2273 concedit
681 2240 721 2272 ad
748 2240 884 2281 Silpium
900 2242 1044 2272 montem
1058 2265 1067 2279 ‚
1085 2249 1139 2272 eos

82 2296 236 2333 tanquam
248 2293 398 2332 sanguine
417 2292 475 2324 sibi
491 2292 678 2331 conjunctos
692 2292 888 2324 visitaturus.
906 2292 954 2324 Ab
967 2292 1016 2323 his
1029 2294 1138 2324 autem

79 2345 257 2377 honorilice
270 2347 422 2385 exceptus
439 2347 503 2383 est,
526 2346 630 2385 utqui
647 2345 765 2376 scirent
778 2354 852 2376 eum
866 2354 964 2384 genus
980 2354 1074 2376 suum
1097 2345 1138 2376 ab

82 2398 207 2439 Argivis
226 2397 368 2438 Iopolitis
381 2397 510 2428 duxisse
526 2407 534 2428 ε
549 2406 677 2429 summa
691 2397 800 2437 itaque
814 2398 923 2429 laetitia
936 2398 1043 2429 affecti
1060 2399 1136 2429 Per-

79 2459 172 2482 seum
182 2459 278 2482 suum
295 2450 509 2481 celebrabant.
524 2451 726 2489 Tempestate
745 2459 820 2481 vero
834 2451 1020 2490 ingruente,
1037 2459 1137 2490 quum

84 2507 190 2536 Draco
203 2503 338 2541 fluvius,
355 2502 409 2542 qui
427 2511 512 2533 nunc
526 2504 573 2533 est
584 2504 738 2541 Orontes,
756 2503 888 2542 lopolim
904 2503 1134 2542 prasterssuens,

82 2564 178 2596 supra
197 2555 330 2586 modum
347 2553 503 2585 imbribus
522 2555 636 2584 auctus
666 2556 765 2593 esset,
793 2556 926 2585 Perseus
945 2554 1081 2593 lonitas,
1097 2556 1133 2585 ut

77 2617 191 2651 preces
200 2607 369 2640 funderent
378 2631 387 2647 ,
400 2607 546 2638 hortatus
559 2609 616 2638 est.
633 2606 756 2643 Quibus
769 2606 972 2646 precantibus
983 2615 1138 2646 sacraque

80 2661 320 2704 peragentibus,
342 2660 454 2701 globus
473 2659 552 2700 ignis
564 2659 741 2691 .sulminalis
754 2668 772 2690 e
787 2660 868 2690 coelo
884 2659 1031 2699 delapsus
1052 2662 1136 2691 tem·

81 2716 236 2756 pestatem
254 2713 396 2751 sedavit,
414 2711 618 2752 {luminisque
632 2712 789 2751 impetum
803 2710 955 2741 coercuit.
972 2709 1136 2741 Mirabun-

81 2767 142 2798 dus
153 2766 194 2798 ad
208 2766 271 2797 hoc
289 2767 420 2796 Perseus
432 2763 538 2803 stetit,
556 2765 642 2794 etex
668 2763 686 2793 i«
678 2772 738 2802 »ne
754 2763 810 2793 illo
825 2761 932 2793 statim
954 2762 1058 2801 iguem
1080 2771 1135 2793 ac-

81 2818 238 2858 cendens,
256 2817 340 2857 apud
355 2826 390 2848 se
412 2816 489 2856 relig,
480 2816 555 2847 iose
571 2815 768 2847 asservavit:
788 2823 884 2854 quem
901 2814 933 2844 in
955 2814 1134 2853 Persidem,

82 2879 216 2910 regnum
240 2878 355 2908 suum,
372 2877 479 2899 secum
504 2867 721 2899 tulit.1‘ersas
737 2868 844 2897 autem
862 2865 991 2897 edocuit
1013 2865 1137 2896 divinos

82 2925 219 2956 honores
234 2922 338 2954 eidem
351 2921 519 2958 exhibere,
542 2921 654 2960 utpote
665 2928 761 2959 quem
780 2919 819 2950 de
829 2918 910 2950 coeio
924 2918 1089 2958 delapsum
1103 2927 1136 2949 se

82 2975 198 3007 vidisse
213 2973 384 3005 asserebat.
410 2974 514 3004 Persae
542 2972 651 3012 itaque
674 2971 778 3011 ignem
808 2971 992 3002 etiamnunc
1015 2970 1136 3009 colunt,

83 3036 140 3068 pro
153 3026 284 3058 numine
310 3024 564 3063 habentes.1pse
593 3025 702 3054 autem
731 3025 861 3054 Perseus
884 3021 995 3053 lonitis
1022 3021 1130 3052 fanum

83 3077 226 3110 condidit
239 3078 311 3116 tyni
324 3077 452 3107 oecerno
462 3084 599 3106 sacrum.
616 3074 710 3106 Aliud
730 3075 826 3106 etiam
839 3074 997 3114 templum
1011 3073 1044 3104 in
1063 3075 1132 3104 Per·

83 3131 151 3164 side
163 3131 226 3171 igni
242 3129 418 3167 exstruxit,
435 3128 490 3159 ubi
508 3128 591 3159 illius
604 3128 764 3159 ministros
781 3127 886 3166 posuit
902 3127 1031 3157 sanctos
1041 3134 1134 3165 quos-

83 3184 159 3215 dam
177 3182 279 3220 viros,
300 3189 380 3221 quos
393 3188 509 3220 maqos
524 3179 710 3210 nominavit.
728 3181 806 3210 Haec
819 3178 996 3210 Pausanias
1009 3177 1132 3217 sapien-

83 3235 225 3268 tissimus
239 3232 502 3272 chronographus
517 3230 715 3271 conscripsit.

590 3287 626 3318 4.

125 3345 277 3377 seleucus
291 3342 418 3374 Nicator
433 3341 542 3373 statim
562 3342 632 3381 post
648 3340 770 3371 victum
796 3339 992 3378 Antigonum
1011 3338 1133 3370 Polior-

85 3398 176 3428 ceten
198 3396 294 3427 urbes
311 3394 479 3426 nonnullas
503 3392 641 3424 condere
659 3392 692 3423 in
714 3392 820 3423 animo
846 3391 966 3422 habens
980 3415 989 3430 ,
1009 3391 1134 3422 initium

86 3447 243 3481 condendi
267 3446 404 3487 sumpsit
417 3445 460 3478 ab
474 3444 572 3486 Syriae
591 3444 654 3476 oris
665 3443 843 3476 maritimis.
860 3445 971 3483 ltaque
991 3442 1030 3474 ad
1048 3450 1135 3474 mare

857 233 1131 274 PAUSANIAE
1162 233 1464 274 DAMASCENI

1200 331 1336 368 πρωτον
1359 318 1405 360 εἷς
1434 316 1495 363 τὴν
1517 316 1674 369 πάραλον
1704 321 1765 365 τῆς
1795 318 1937 372 Συρίας.
1968 319 2039 359 Και
2073 319 2249 359 κατελθων

1200 374 1298 427 παρὰ
1317 374 1380 422 τὴν
1409 375 1588 414 θάλασσαν
1617 370 1703 414 εἶδεν
1732 379 1766 414 ἕν
1786 380 1835 428 τῷ
1865 377 1936 430 ὄρει
1956 378 2118 428 κειμένην
2147 378 2248 416 πόλιν

1200 433 1340 486 μικρὰν,
1367 433 1488 480 ἥντινα
1509 433 1620 472 ἔκτισε
1642 435 1790 485 Σύρος’
1777 450 1794 472 ο
1825 435 1895 479 υἱὸς
1921 435 2122 508 Ἀγηνορρς·
2147 439 2190 488 τῆ
2212 435 2248 474 δὲ

1200 491 1253 541 κγ’
1283 495 1341 529 τοῦ
1365 494 1540 531 Ξανθικοῦ
1567 492 1673 542 μηνὸς
1695 487 1778 539 ἦλθε
1798 493 1960 532 θυσιάσαι
1981 495 2027 536 εἰς
2046 493 2085 531 τὸ
2109 494 2186 546 ὄρος
2209 494 2249 532 τὸ

1204 549 1335 587 Κάσιον
1355 550 1413 588 Διι
1437 550 1581 603 Κασίῳ·
1602 566 1661 588 και
1680 551 1870 603 πληρώσας
1889 551 1950 598 τὴν
1968 552 2088 590 θυσίαν
2108 567 2167 590 και
2187 552 2250 590 κό-

1200 609 1267 659 ψας
1293 607 1336 645 τὰ
1367 607 1452 659 κρέα
1471 607 1600 653 ηὔξατο
1619 612 1685 646 ποῦ
1705 609 1774 661 χρὴ
1794 608 1911 647 κτίσαι
1931 610 2046 650 πόλιν.
2071 610 2142 650 Καὶ
2158 609 2250 654 ἐξαί-

1201 681 1286 718 φνης
1301 665 1458 717 ἥρπασεν
1479 666 1577 710 ἀετὸς
1598 667 1667 703 ἀπὸ
1686 670 1748 714 τῆς
1762 666 1880 711 θυσίας
1898 668 1957 706 καὶ
1977 668 2175 718 κατήγαγεν
2193 669 2249 707 ἐπὶ

1200 723 1263 769 τὴν
1284 723 1439 761 παλαιὰν
1460 724 1582 762 πόλιν·
1613 724 1674 762 καὶ
1702 724 1906 769 κατεδίωξεν
1936 726 2050 764 ὀπίσω
2081 726 2251 769 Σέλευκος

1201 781 1260 819 καὶ
1275 784 1305 819 οἱ
1325 782 1399 831 μετ’
1419 783 1524 820 αὐτοῦ
1539 782 1783 834 ὀρνεοσκόποι,
1801 784 1862 822 καὶ
1881 778 1958 837 εῧρε
1974 785 2013 823 τὸ
2033 784 2137 837 κρέας
2156 784 2250 839 ῥιφὲν

1202 840 1299 892 παρὰ
1317 840 1497 879 θάλασσαν
1513 841 1610 879 κάτω
1626 845 1687 888 τῆς
1703 844 1857 886 παλαιᾶς
1870 843 2004 887 πόλεως
2024 845 2060 882 ἓν
2078 845 2128 895 τῷ
2141 845 2253 895 ἐμπο-

1202 898 1264 951 ρίῳ
1284 902 1344 946 τῆς
1360 899 1549 950 λεγομένης
1570 900 1727 953 Πιερίας.
1748 901 1821 940 Καὶ
1839 901 2076 954 περιχαράξας
2090 902 2134 941 τὰ
2150 902 2250 955 τείχη

1203 957 1324 1001 εὐθέως
1355 957 1462 996 ἔὸαλε
1492 959 1687 1010 θεμελίους,
1717 959 1871 1004 καλέσας
1901 961 2009 1008 αὐτὴν
2042 961 2252 1000 Σελεύκειαν

1200 1016 1301 1054 πόλιν
1322 1017 1368 1060 εἷς
1391 1016 1429 1054 τὸ
1449 1016 1536 1055 ἴδιον
1554 1017 1678 1068 ὄνομα.
1703 1019 1775 1057 Καὶ
1796 1020 2012 1071 εὐχαριστῶν
2036 1021 2183 1066 ἀνῆλθεν
2203 1021 2252 1063 εἷς

1202 1074 1363 1113 Ἰώπολιν
1382 1075 1442 1113 καὶ
1461 1075 1549 1125 μετὰ
1569 1079 1657 1128 τρεῖς
1676 1075 1808 1129 ἡμέρας
1826 1077 2027 1116 ἐπετέλεσεν
2044 1077 2164 1130 ἑορτὴν
2180 1079 2252 1116 ἐκεῖ

1200 1135 1249 1184 τῷ
1273 1133 1454 1185 Κεραυνίῳ
1467 1134 1526 1172 Διὶ
1545 1136 1579 1172 ἐν
1596 1137 1645 1187 τῷ
1659 1136 1741 1186 ἱερῷ
1757 1137 1806 1187 τῷ
1820 1135 1992 1174 κτισθέντι
2009 1135 2075 1180 ὑπὸ
2091 1136 2253 1188 Περσέως

1199 1195 1260 1229 τοῦ
1293 1194 1366 1229 υἱοῦ
1402 1192 1514 1231 Πίκου
1537 1193 1597 1230 καὶ
1617 1193 1776 1241 Δανάης,
1796 1196 1844 1245 τῷ
1866 1193 1939 1232 ὄντι
1969 1196 2015 1238 εἷς
2033 1194 2073 1233 τὸ
2103 1195 2251 1234 Σίλπιον

1201 1249 1295 1301 ὅρος,
1317 1250 1396 1288 ἔνθα
1423 1257 1536 1289 κεῖται
1563 1255 1584 1298 ἧ
1607 1252 1787 1299 Ἰώπολις,
1810 1252 1958 1299 ποιήσας
1979 1252 2041 1300 τὴν
2061 1253 2182 1291 θυσίαν
2209 1256 2253 1304 τῇ

1201 1308 1323 1360 πρώτῃ
1345 1313 1405 1347 τοῦ
1427 1310 1645 1362 Ἀρτεμισίου
1667 1310 1786 1360 μηνός.
1812 1311 1884 1349 Καὶ
1911 1313 1944 1349 ἐν
1965 1315 2008 1364 τῆ
2029 1311 2128 1350 πόλει
2146 1310 2253 1350 ἐλθὼν

1202 1370 1243 1417 τῆ
1262 1367 1452 1420 Ἀντιγονίᾳ
1469 1372 1511 1420 τῇ
1530 1369 1707 1421 κτισθείσῃ
1727 1369 1792 1407 ὑπὸ
1808 1369 2001 1420 Ἀντιγόνου
2022 1374 2081 1409 τοῦ
2103 1372 2255 1422 Πολιορ·

1202 1430 1310 1471 κητοῦ
1337 1429 1425 1477 (ἀπὸ
1444 1426 1510 1478 γὰρ
1537 1431 1598 1475 τῆς
1616 1429 1741 1479 λίμνης
1767 1426 2001 1480 ἐξερχομένου-
2015 1429 2124 1468 ἄλλου
2142 1445 2251 1468 ποτα-

1204 1489 1269 1533 μοῦ
1291 1484 1472 1537 Ἀρκεύθου
1493 1490 1554 1524 τοῦ
1580 1487 1639 1524 καὶ
1659 1486 1783 1539 Ἰάφθα
1804 1488 1992 1536 ε’μεσάζετο
2011 1491 2033 1534 ἡ
2053 1487 2152 1532 πόλις
2173 1488 2252 1528 Ἀν-

1201 1543 1333 1593 τιγονία
1354 1544 1413 1582 καὶ
1433 1546 1468 1582 ἐν
1490 1545 1663 1597 ἀσφαλεία
1691 1545 1917 1596 εκαθέζετο),
1935 1562 1995 1583 και
2014 1562 2163 1593 ποιησας
2181 1548 2253 1585 ἐκεῖ

1202 1596 1322 1634 θυσίαν
1354 1599 1403 1648 τῷ
1432 1597 1489 1636 Διὶ
1520 1599 1567 1640 εἷς
1587 1613 1663 1641 τους
1694 1597 1832 1649 βωμους
1859 1614 1936 1641 τους
1967 1599 2036 1637 ἀπὸ
2058 1599 2253 1650 Ἀ’ντιγόνου

1202 1654 1400 1698 κτισθέντας
1426 1655 1530 1708 ἔκοψε
1555 1655 1597 1694 τὰ
1625 1672 1731 1708 κρεα·
1761 1657 1821 1694 καὶ
1849 1656 2012 1703 ηὔξατο
1999 1658 2074 1708 άμα
2099 1661 2149 1710 τῷ
2169 1661 2253 1711 ἱερεῖ

1205 1718 1361 1771 Ἀμφίονι
1381 1723 1501 1769 μαθεῖν
1528 1719 1584 1757 διὰ
1610 1719 1787 1771 διδομένου
1815 1720 1980 1771 σημείου,
2008 1722 2037 1758 εἰ
2056 1722 2119 1768 τὴν
2141 1720 2251 1767 αὐτὴν

1203 1777 1331 1830 ὀφείλει
1351 1780 1492 1824 οἰκῆσαι
1522 1779 1622 1816 πόλιν
1644 1778 1852 1830 Ἀντιγονίαν
1875 1779 2119 1829 μετονομάζων
2143 1779 2250 1826 αὐτὴν

1202 1834 1224 1881 ἢ
1243 1837 1304 1874 οὐκ
1325 1836 1453 1888 ὀφείλει
1474 1836 1582 1884 αὐτὴν
1599 1839 1755 1885 οἰκῆσαι,
1773 1837 1863 1876 ἀλλὰ
1884 1837 2001 1876 κτίσαι
2018 1838 2118 1876 πόλιν
2139 1838 2250 1885 ἄλλην

1203 1897 1237 1933 ἐν
1269 1895 1366 1945 ἄλλῳ
1394 1895 1506 1947 τόπῳ.
1534 1895 1604 1934 Καὶ
1627 1895 1786 1948 ἐξαίφνης
1806 1899 1845 1935 ἐκ
1863 1900 1923 1935 τοῦ
1955 1896 2054 1949 ἀέρος
2079 1899 2252 1944 κατῆλθεν

1204 1954 1300 1997 ἀετὸς
1322 1969 1429 2005 μεγας
1449 1954 1508 1992 καὶ
1540 1955 1670 2006 ἐπῆρεν
1695 1956 1734 1992 ἐκ
1764 1958 1824 1992 τοῦ
1847 1957 1967 2029 βωμρῦ
1987 1958 2046 1993 τοῦ
2067 1954 2174 2008 πυρὸς
2192 1958 2253 2001 τῆς

1207 2012 1474 2056 ὁλοκαυτώσεως
1491 2012 1596 2064 κρέα,
1614 2012 1673 2050 καὶ
1694 2014 1829 2059 ἀπῆλθε
1850 2013 1946 2065 παρὰ
1964 2012 2004 2051 τὸ
2019 2012 2095 2064 ὅρος
2111 2014 2152 2052 τὸ
2171 2013 2254 2053 Σίλ-

1203 2086 1292 2110 πιον.
1311 2070 1384 2110 Και
1405 2070 1662 2116 καταδιώξας’
1641 2087 1715 2120 αμα
1738 2077 1806 2112 τοῖς
1826 2073 1932 2109 αὐτοῦ
1946 2076 2020 2119 εὗρε
2038 2072 2077 2110 τὸ
2096 2071 2199 2125 κρέας
2213 2071 2253 2110 τὸ

1198 2187 1394 2220 descendens
1405 2189 1519 2221 urbem
1546 2189 1712 2230 conspexit
1730 2190 1879 2230 exiguam
1892 2214 1901 2230 ,
1923 2189 1956 2222 in
1972 2191 2082 2222 monte
2105 2191 2216 2231 sitam,
2233 2200 2252 2223 a

1200 2241 1280 2281 Syro
1303 2242 1455 2281 Agenoris
1471 2242 1536 2273 filio
1550 2242 1627 2274 olim
1644 2242 1818 2276 conditam.
1839 2243 1958 2288 Xanthi
1978 2243 2086 2284 itaque
2099 2243 2252 2276 vicesima

1198 2293 1292 2324 tertia
1307 2293 1358 2325 die
1370 2293 1499 2326 Casium
1520 2296 1664 2326 montem
1680 2294 1880 2333 conscendit,
1896 2295 1968 2326 Jovi
1983 2295 2077 2327 Casio
2091 2303 2179 2327 sacra
2199 2295 2250 2327 fa-

1198 2346 1319 2376 cturus.
1337 2345 1463 2382 Quibus
1476 2346 1536 2377 rite
1549 2347 1684 2386 peractis
1697 2347 1730 2377 et
1744 2346 1894 2378 carnibus
1912 2346 1944 2377 in
1960 2346 2092 2378 frustula
2105 2347 2250 2387 concisis,

1198 2396 1347 2436 precibus
1364 2398 1507 2437 rogavit,
1530 2397 1662 2428 ubinam
1679 2398 1739 2428 loci
1759 2397 1927 2429 condenda
1949 2399 2031 2430 esset
2046 2399 2133 2431 urbs.
2152 2401 2250 2431 Dere-

1200 2450 1293 2487 pente
1311 2458 1386 2480 vero
1399 2449 1506 2489 aquila
1521 2458 1561 2480 ex
1577 2449 1855 2480 sacrificio-carnis
1867 2450 2001 2480 offulam
2015 2450 2188 2490 surripiens
2199 2450 2251 2483 de·

1197 2501 1271 2531 tulit
1287 2510 1358 2532 eam
1371 2501 1574 2541 Palaeopolim
1591 2511 1598 2532 :
1614 2510 1712 2541 quam
1728 2501 1860 2532 insecuti
1877 2501 2029 2533 Seleucus
2046 2501 2167 2542 quique
2177 2511 2250 2534 cum

1198 2562 1235 2584 eo
1245 2555 1336 2585 erant
1360 2554 1507 2594 auspices
1531 2554 1706 2595 projectam
1730 2554 1920 2586 invenerunt
1938 2554 2070 2586 ossulam
2083 2554 2123 2586 ad
2141 2563 2251 2595 empo-

1198 2605 1280 2636 rium
1294 2605 1427 2636 Pieriam
1438 2629 1446 2644 ,
1458 2614 1557 2646 quarn
1570 2607 1703 2644 vocant,
1712 2614 1810 2646 prope
1821 2614 1910 2637 mare
1919 2631 1928 2646 ,
1939 2605 2020 2637 infra
2030 2606 2248 2646 Palaeopolim.

1198 2658 1482 2698 Designatoitaque
1494 2667 1585 2690 muro
1595 2683 1603 2698 ,
1616 2658 1704 2690 urbis
1713 2658 1821 2689 statim
1829 2658 1906 2698 jecit
1917 2658 2141 2697 fundamenta3
2153 2667 2250 2699 quam

1196 2717 1213 2739 c
1226 2710 1355 2740 nomine
1371 2718 1428 2740 suo
1442 2710 1618 2742 Seleuciam
1635 2710 1773 2741 vocavit.
1789 2709 1867 2742 Inde
1885 2709 1946 2742 deo
1964 2711 2070 2750 gratiis
2083 2711 2182 2753 actis,
2197 2714 2249 2743 lo-

1197 2762 1294 2801 polim
1312 2763 1496 2803 contendit,
1514 2763 1627 2794 urbem
1648 2763 1679 2794 in
1696 2764 1806 2794 monte
1827 2763 1926 2804 Silpio
1940 2764 2054 2803 sitam,
2067 2764 2122 2796 ubi
2138 2764 2249 2796 sanum

1196 2816 1263 2845 erat
1274 2823 1290 2845 a
1306 2818 1418 2847 Perseo
1437 2815 1499 2846 Pici
1517 2824 1558 2846 ex
1575 2817 1682 2847 Danae
1707 2815 1772 2846 filio
1793 2816 2004 2847 exstructum.
2027 2817 2087 2847 llic
2102 2818 2172 2855 post
2184 2817 2250 2848 tres

1196 2868 1262 2899 dics
1284 2869 1400 2900 festum
1424 2868 1497 2901 Jovi
1525 2867 1685 2899 ceraunio
1704 2867 1896 2907 celebravit,
1920 2868 2111 2899 sacrificium
2133 2867 2249 2900 faciens

1196 2921 1353 2952 Artemisii
1368 2921 1485 2952 mensis
1497 2920 1549 2951 die
1568 2920 1683 2959 primo.
1711 2919 1914 2959 Antigoniam
1937 2919 2051 2951 deinde
2069 2919 2245 2959 profectus,

1196 2973 1307 3004 urbem
1330 2973 1371 3004 ab
1387 2973 1545 3013 Antigono
1562 2973 1738 3004 Poliorcete
1754 2972 1917 3003 conditam
1935 2972 1945 3011 (
1959 2980 2032 3012 quae
2049 2972 2132 3002 inter
2153 2972 2247 3012 palu-

1195 3025 1268 3057 dem
1289 3026 1545 3064 Arceuthamque
1568 3024 1721 3062 fluvium,
1736 3023 1792 3063 qui
1808 3027 1840 3054 et
1852 3022 2123 3064 Japhthadictus‚
2146 3032 2187 3055 ex
2209 3032 2247 3055 ea

1193 3079 1396 3109 emanantem
1422 3076 1528 3107 media
1552 3075 1743 3114 interjacens
1767 3075 1829 3106 situ
1859 3074 2020 3114 gaudebat
2047 3075 2246 3114 tutissimo).

1193 3137 1283 3160 sacra
1305 3129 1371 3160 illic
1387 3128 1459 3160 Jovi
1478 3127 1552 3158 fecit
1565 3135 1659 3166 super
1678 3126 1849 3165 altaribus,
1867 3134 1941 3166 quae
1957 3127 2101 3158 erexerat
2123 3125 2166 3157 ibi
2183 3130 2246 3159 An-

1193 3181 1321 3221 tigonus
1339 3190 1346 3211 :
1367 3182 1399 3211 et
1415 3179 1530 3211 excisis
1547 3178 1674 3216 offulis,
1700 3180 1764 3208 una
1784 3186 1859 3208 cum
1880 3176 2045 3209 sacerdote
2073 3177 2247 3217 Amphione

1193 3240 1314 3263 numen
1327 3231 1490 3269 exoravit,
1506 3231 1542 3260 ut
1552 3229 1639 3268 signo
1652 3228 1759 3268 aliquo
1770 3227 1942 3267 edisceret,
1956 3229 2064 3259 utrum
2079 3228 2122 3259 ibi
2138 3228 2171 3259 in
2182 3231 2246 3260 An·

1194 3284 1331 3323 tigonia,
1343 3283 1469 3313 mutato
1483 3280 1545 3312 loci
1564 3279 1711 3319 nomine„
1725 3279 1832 3310 sedem
1847 3280 1998 3318 poneret,
2013 3287 2054 3310 an
2067 3279 2172 3319 potius
2183 3279 2246 3311 alio

1195 3337 1227 3367 in
1241 3337 1311 3368 loco
1336 3343 1427 3366 novae
1444 3333 1532 3365 urhis
1554 3332 1762 3364 fundamenta
1784 3331 1916 3370 iaceret.
1934 3332 2075 3371 Repente
2089 3331 2185 3371 igitur
2200 3340 2240 3362 ex

1194 3396 1267 3420 aere
1279 3385 1473 3418 descendens
1498 3383 1606 3424 aquila
1621 3382 1748 3423 ingens,
1774 3383 1908 3422 arreptis
1926 3391 1966 3413 ex
1982 3390 2037 3413 ara
2056 3381 2245 3421 ignescenti-

1196 3440 1255 3472 bus
1270 3438 1410 3471 victimae
1423 3436 1581 3476 carnibus,
1593 3444 1648 3476 per
1661 3443 1767 3467 aerem
1780 3434 1879 3467 fertur
1898 3433 1930 3466 in
1943 3435 2085 3466 montem
2097 3433 2243 3474 Silpium.
