2326 3724
125 212 174 246 90
1010 205 1170 244 PBlSCl
1203 204 1403 243 PANlTAE

120 290 309 342 πεμφθείη.
330 290 664 342 Ἀποθαυμαζόντων
683 291 755 339 δὲὴ
734 308 834 343 ημων
854 294 914 338 τῆς
931 291 1094 335 ἀπονοίας
1107 291 1164 329 τὸν

123 349 263 404 βάρὸαρ
265 367 313 398 ον,
346 350 532 390 ὑπολαὸὼν
555 354 573 389 6
599 350 808 424 LPmpanoq,
836 350 1050 403 πρεσὸευτὴς
1079 350 1166 402 ἀνὴρ

121 424 182 448 και
198 411 337 449 πολλῶν
355 409 574 462 πραγμάτων
595 410 778 462 ἔμπειρος,
791 409 889 460 ἔλεγε
903 409 964 455 τὴν
981 411 1087 448 αὐτοῦ
1104 425 1164 459 με-

120 468 242 520 γίστην
273 468 383 522 τύχην
404 469 464 507 καὶ
483 468 545 515 τὴν
567 470 604 507 ἐκ
632 471 692 515 τῆς
717 467 827 520 τύχης
849 468 993 518 δύναμιν
1025 467 1168 520 ἐξαίρειν

122 528 242 575 αὐτὸν,
258 527 350 567 ὥστε
370 527 419 578 μὴ
441 527 626 580 ἀνέχεσθαι
647 528 789 566 δικαίων
807 526 935 577 λόγων,
957 529 986 565 εἷ
1008 526 1057 577 μὴ
1084 527 1168 579 πρὸς

122 587 228 624 αὐτοῦ
244 587 369 639 νομίσῃ
385 587 554 638 ὑπάρχειν
570 585 707 629 αὐτούς.
723 585 849 625 Οὐδενὶ
862 584 929 638 γὰρ
943 587 1010 622 τῶν
1026 584 1165 622 πώποτε

121 647 182 691 τῆς
202 647 374 692 Σκυθικῆς
401 643 422 691 ἢ
443 645 502 682 καὶ
522 644 641 696 ἑτέρας
667 644 842 695 ἀρξάντων
863 647 926 694 γῆς
955 647 1108 682 τοσαῦτα
1132 644 1166 680 ἐν

122 703 230 758 ὀλίγῳ
246 707 541 756 καταπεπρᾶχθαι
555 735 566 754 ,
586 703 675 742 ὥστε
705 704 764 742 καὶ
793 706 861 741 τῶν
880 705 913 740 ἐν
933 705 983 755 τῷ
1004 702 1167 755 Ὠκεανῷ

122 763 236 810 νήσων
269 763 402 816 ἄρχειν,
422 763 482 801 καὶ
507 763 591 816 πρὸς
613 762 711 814 πάσῃ
741 765 784 814 τῇ
805 764 960 814 Σκυθικῆ
981 761 1040 799 καὶ
1071 762 1167 800 Ῥω·-

125 822 248 873 μαίους
267 822 358 874 ἔχειν
378 823 411 865 ἐς
431 821 535 874 φόρου
557 821 763 872 ἀπαγωγήν.
794 820 997 873 Ἐφιέμενον
1027 819 1061 858 δὲ
1082 819 1168 872 πρὸς

124 887 195 924 τοῖς
226 884 378 933 παροῦσι
407 881 574 918 πλειόνων
604 881 663 918 καὶ·
695 879 754 918 ἐπὶ
784 881 897 930 μεῖζον
930 878 1076 923 αὔξοντα
1103 878 1166 925 τὴν

125 939 252 991 ἀρχὴν,
274 938 333 977 καὶ
359 940 392 982 ἐς
412 938 552 992 Πέρσας
578 941 717 977 ἀπιέναι
739 938 937 991 βούλεσθαι.
959 940 1041 976 Τῶν
1068 937 1104 975 δὲ
1132 940 1166 975 ἐν

124 1000 207 1047 ἡμῖν
227 1013 316 1041 τινος
342 998 535 1048 πυθομένου
559 997 661 1035 ποίαν
686 997 762 1035 ὁδὸν
795 996 938 1049 τραπεὶς
968 998 999 1040 ἐς
1029 995 1168 1048 Πέρσας

125 1059 233 1095 ἐλθεῖν
251 1058 456 1104 δυνήσεται,
475 1055 589 1106 ἔλεγεν
610 1059 628 1094 6
648 1054 850 1104 “Ρωμύλος,
870 1054 918 1104 μὴ
946 1055 1067 1108 πολλῶ
1093 1055 1166 1092 δια-

125 1116 279 1166 στήματι
306 1115 369 1162 τὴν
399 1115 530 1161 Μήδων
556 1114 748 1167 ἀφεστάναι
769 1117 829 1161 τῆς
862 1116 1057 1162 Σκυθικῆς,
1091 1113 1167 1152 οὐδὲ

123 1174 278 1217 Οὔννους
298 1173 458 1224 ἀπείρους
478 1177 539 1220 τῆς
559 1174 636 1211 ὁδοῦ
660 1172 789 1220 ταύτης
808 1176 911 1220 εἰναι,
939 1171 1029 1210 ἀλλὰ
1056 1172 1167 1210 πάλαι

124 1235 157 1271 ἐς
183 1232 289 1278 αὐτὴν
310 1231 590 1282 ἐμὸεῧληκέναι,
623 1233 727 1282 λιμοῦ
747 1248 784 1270 τε
808 1230 871 1278 τὴν
893 1230 1012 1283 χώραν
1033 1231 1166 1284 κρατή·

124 1286 270 1342 σαντος,
288 1292 348 1329 καὶ
366 1291 556 1341 Ῥωμαίων
578 1290 634 1329 διὰ
659 1290 717 1329 τὸν
735 1291 813 1329 τότε
830 1290 1080 1339 συνιστάμενον
1106 1291 1168 1328 πό-

124 1352 228 1399 λεμον
258 1349 306 1400 μὴ
338 1349 627 1399 συμὸαλλόντων.
664 1349 951 1401 Παρεληλυθέναι
978 1348 1014 1386 δὲ
1046 1350 1078 1392 ἐς
1106 1347 1168 1395 τὴν

124 1408 258 1454 Μήδων
279 1408 335 1446 τόν
355 1424 392 1446 τε
411 1408 529 1460 Βασὶχ
545 1408 602 1446 καὶ
622 1408 782 1460 Κουρσὶχ
802 1407 879 1450 τοὺς
895 1407 1035 1460 ὕστερον
1054 1409 1086 1451 ἐς
1107 1408 1168 1453 τὴν

123 1466 270 1516 (Ῥώμην
296 1466 504 1513 ἐληλυθότας
525 1470 571 1511 εἷς
596 1467 808 1519 ὁμαιχμίαν,
832 1466 957 1518 ἄνδρας
977 1469 1045 1504 τῶν
1067 1469 1167 1518 βασι-

123 1526 224 1564 λείων
248 1528 390 1565 Σκυθῶν
408 1526 467 1563 καὶ
486 1527 616 1564 πολλοῦ
636 1526 787 1571 πλήθους
803 1524 984 1577 ἄρχοντας,
1004 1525 1076 1564 Καὶ
1092 1525 1169 1569 τοὺς

126 1584 379 1631 διαὸεοηκότας
397 1583 522 1634 λέγειν,
542 1587 587 1628 ὡς
605 1583 734 1636 ἔρημον
755 1583 953 1626 ἐπελθόντες
972 1584 1092 1635 χώραν
1109 1599 1169 1621 και

124 1643 249 1704 λίμνην
264 1643 340 1681 τινὰ
356 1643 622 1694 περαιωθέντες,
635 1643 677 1690 ἢν
693 1646 710 1680 6
728 1642 911 1691 Ρωμύλος
927 1641 990 1689 τὴν
974 1644 1169 1681 νΜαιῶτιν

125 1706 213 1739 εἰναι
234 1701 340 1755 ᾤετο,
359 1701 462 1739 πέντε
482 1702 542 1739 καὶ
567 1702 650 1739 δέκα
677 1699 926 1751 διαγενομένων
948 1703 1087 1752 ἡμερων
1107 1701 1168 1752 ὄρη

125 1760 202 1798 τινὰ
216 1761 454 1813 ὑπερῧάντες
441 1777 473 1803 ες
487 1760 550 1807 τὴν
569 1759 729 1807 Μηδικήν
747 1759 874 1797 ,osas
877 1775 927 1798 ον
945 1759 1171 1809 Ληίζομένοις

127 1820 163 1857 δὲ
180 1819 240 1857 καὶ
257 1819 319 1866 τὴν
336 1823 400 1868 γῆν
420 1819 677 1871 κατατρέχουσι
695 1819 824 1865 πλῆθος
840 1818 1011 1870 Περσικὸν
1030 1819 1170 1856 ἐπελθὸν

123 1878 182 1916 τὸν
203 1881 299 1928 σφῶν
317 1877 562 1929 ὑπερκείμενον
584 1877 670 1930 ἀέρα
685 1878 820 1923 πλῆσαι
839 1878 963 1928 βελῶν,
979 1875 1068 1914 ὥστε
1083 1882 1172 1928 σφᾶς

125 1935 194 1974 δέει
207 1939 268 1974 τοῦ
283 1934 521 1987 κατασχόντος
534 1935 690 1973 κινδύνου
709 1937 940 1986 ἀναχωρῆσαι
956 1936 1003 1977 εἷς
1017 1935 1171 1972 τούπίσω

125 2064 250 2096 barbari
261 2065 452 2096 miraremur
463 2063 561 2095 animi
572 2064 806 2103 impotentiam,
822 2063 990 2100 Romulus,
1002 2063 1050 2093 vir
1060 2062 1170 2093 multis

126 2115 451 2147 honorificentissimis
478 2115 690 2155 legationibus
712 2115 841 2147 functus
866 2116 898 2147 et
928 2115 1031 2146 multo
1060 2123 1169 2145 rerum

125 2176 184 2199 usu
199 2167 362 2208 praeditus,
377 2168 433 2207 ait,
450 2167 590 2199 secunda
605 2168 732 2199 fortuna
745 2169 776 2200 et
793 2168 935 2208 potentia
950 2167 1024 2199 inde
1037 2167 1171 2198 collecta

125 2219 204 2250 adeo
218 2219 306 2250 illum
322 2219 439 2258 efferri,
457 2220 494 2251 ut
505 2219 598 2259 justis
610 2220 811 2251 sermonibus
829 2220 955 2252 nullum
973 2218 1059 2259 apud
1075 2227 1108 2250 se
1122 2219 1171 2249 lo-

127 2279 201 2301 cum
228 2270 440 2310 relinqueret,
459 2271 518 2302 nisi
538 2279 591 2302 eos
616 2280 657 2302 ex
680 2280 713 2303 re
731 2280 787 2302 sua
804 2280 871 2303 esse
897 2272 1050 2303 censeret.
1070 2272 1171 2302 Nemo

126 2330 271 2361 unquam
287 2330 411 2360 eorum,
426 2322 481 2362 qui
495 2322 526 2353 in
542 2323 682 2363 Scythia,
700 2323 750 2354 vel
763 2322 838 2354 alibi
856 2323 1048 2362 regnarunt,
1066 2323 1171 2353 tantas

126 2383 177 2405 res
195 2375 261 2405 tam
282 2374 372 2406 brevi
394 2376 538 2415 tempore
556 2376 660 2414 gessit.
683 2376 796 2408 Totius
814 2376 952 2416 Scythiae
969 2375 1171 2407 dominatum

126 2425 184 2456 sibi
201 2426 408 2466 comparavit,
420 2428 452 2458 et
465 2426 505 2457 ad
520 2427 638 2458 Oceani
655 2427 773 2459 insulas
785 2436 887 2467 usque
899 2427 1066 2467 imperium
1077 2435 1170 2458 suum

126 2476 282 2515 extendit,
299 2479 336 2508 ut
353 2477 448 2508 etiam
464 2487 483 2508 a
506 2479 656 2510 Romanis
672 2479 793 2510 tributa
808 2479 924 2519 exigat.
948 2481 1012 2510 Nec
1030 2478 1079 2510 his
1091 2487 1170 2509 con-

126 2530 253 2568 tentus,
268 2528 308 2559 ad
325 2529 417 2569 longe
436 2529 556 2569 majora
578 2530 720 2561 animum
736 2530 869 2570 adjecit,
890 2531 922 2562 et
939 2529 1034 2561 latius
1048 2529 1172 2570 imperii

127 2579 177 2611 sui
189 2579 267 2610 sines
279 2579 470 2619 protendere
484 2582 516 2612 et
532 2583 641 2613 Persas
654 2581 738 2612 bello
753 2581 880 2622 aggredi
893 2581 1021 2622 cogitat.
1043 2583 1114 2613 Uno
1132 2590 1172 2612 ex

127 2631 220 2662 nobis
232 2632 408 2672 quaerente,
423 2641 487 2672 qua
502 2633 551 2664 via
565 2642 582 2664 e
595 2633 726 2674 Scythia
742 2633 774 2664 in
790 2635 898 2665 Persas
911 2633 1041 2665 tendere
1054 2634 1170 2673 posset,

127 2682 284 2714 Romulus
296 2682 389 2722 dixit,
405 2692 467 2714 non
478 2684 571 2724 longo
585 2684 732 2716 locorum
749 2685 917 2716 intervallo
930 2684 1039 2716 Medos
1048 2684 1173 2716 dissitos

128 2742 197 2765 esse
210 2742 226 2764 a
241 2734 379 2774 Scythis,
394 2743 499 2775 neque
514 2737 648 2767 Hunnos
664 2736 749 2768 hanc
762 2737 847 2768 viam
864 2737 997 2776 nescire,
1013 2736 1067 2768 sed
1081 2736 1171 2775 olim,

132 2785 215 2816 tame
228 2793 284 2825 per
297 2794 408 2817 eorum
421 2787 581 2826 regionem
596 2790 769 2827 grassante,
783 2797 886 2828 quum
899 2788 1034 2820 Romani
1045 2790 1172 2828 propter

130 2836 270 2874 bellum,
290 2837 378 2877 quod
402 2839 481 2869 tunc
504 2839 657 2879 temporis
681 2840 848 2880 gerebant,
866 2839 997 2871 minime
1020 2840 1173 2871 cumillis

130 2887 244 2927 proelio
257 2887 470 2929 decertarent,
488 2889 548 2920 hac
569 2890 716 2931 irrupisse
730 2892 762 2923 et
775 2899 877 2932 usque
892 2891 932 2922 ad
953 2891 1062 2923 Medos
1083 2891 1172 2923 Basi-

129 2939 226 2970 chum
235 2940 266 2970 et
275 2939 475 2979 cursionum,
484 2940 582 2972 duces
590 2942 743 2982 ipsorum,
752 2951 769 2974 e
776 2943 868 2983 regiis
876 2943 1001 2983 Scythis
1007 2942 1172 2982 oriundos,

129 2991 323 3030 penetrasse,
348 2991 402 3031 qui
420 2993 528 3031 postea
545 3001 619 3024 cum
647 3003 761 3034 magna
781 2994 947 3026 hominum
964 2994 1173 3026 multitudine

129 3043 263 3074 Romam
285 3041 326 3073 ad
342 3043 592 3075 contrahendam
617 3054 780 3077 armorum
798 3046 982 3078 societatem
1001 3047 1170 3078 venissent.

132 3095 198 3125 Hos
221 3102 385 3133 narrasse,
404 3103 457 3134 per
477 3096 638 3135 quandam
663 3097 821 3129 desertam
849 3098 1011 3138 regionem
1028 3099 1089 3130 illis
1113 3098 1173 3130 iter

134 3145 249 3184 fuisse,
268 3146 301 3177 et
318 3145 466 3185 paludem
482 3147 643 3186 trajecisse
654 3171 663 3187 ,
686 3158 783 3188 quam
800 3150 956 3181 Romulus
971 3150 1174 3183 existimabat

130 3205 199 3228 esse
213 3196 392 3228 Maeotidem
409 3197 552 3238 :deinde‚
567 3199 748 3238 quindecim
760 3200 872 3232 diebus
882 3202 1005 3241 elapsis,
1021 3211 1074 3242 per
1085 3211 1174 3234 mon-

130 3251 179 3280 tes
192 3247 359 3287 quosdam,
376 3257 458 3288 quos
472 3253 683 3295 superassent,
701 3251 734 3282 in
752 3252 891 3284 Mediam
905 3253 1110 3286 descendisse.
1125 3254 1172 3286 lbi

131 3298 254 3341 praedas
267 3299 433 3338 agentibus
449 3302 481 3332 et
495 3302 737 3334 excursionibus
753 3313 844 3344 agros
856 3305 1056 3336 vastantibus
1069 3306 1172 3337 Persi-

133 3359 207 3382 cum
222 3359 334 3390 agmen
345 3352 569 3391 superveniens
581 3353 652 3385 telis
662 3363 735 3385 aera
752 3355 929 3395 replevisse.
945 3358 1057 3398 ltaque
1070 3358 1172 3390 immi-

133 3401 237 3435 nentis
258 3401 391 3443 periculi
409 3404 497 3436 metu
515 3405 599 3436 retro
613 3404 817 3447 abscessisse,
841 3402 873 3439 et
897 3417 953 3449 per
978 3411 1103 3442 montes
1121 3420 1170 3443 re-

1229 290 1287 328 καὶ
1313 289 1355 327 τὰ
1377 288 1438 341 ὅρη
1471 287 1678 337 ὑπεξελθεῖν,
1711 287 1830 339 ὀλίγην
1856 288 2002 340 ἄγοντας
2031 290 2138 328 λείαν·
2159 295 2180 338 ἠ
2202 291 2267 343 γὰρ

1229 348 1374 395 πλείστη
1391 347 1457 385 ὑπὸ
1477 350 1544 384 τῶν
1571 347 1703 392 Μήδων
1723 346 1895 400 ἀφῄρητο.
1917 348 2205 399 Εὖλαὸουμένους
2231 350 2268 388 δὲ

1229 407 1292 452 τὴν
1321 409 1388 444 τῶν
1420 405 1600 456 πολεμίων
1621 404 1733 450 δίωξιν
1753 406 1872 458 ἑτέραν
1891 410 2066 458 τραπῆναι
2090 408 2183 458 ὁδὸν,
2209 408 2269 448 καὶ

1233 465 1322 516 μετὰ
1343 463 1406 511 τὴν
1429 466 1467 502 ἐκ
1490 467 1550 510 τῆς
1579 464 1711 516 ὑφάλου
1731 463 1860 517 πέτρας
1879 466 2137 517 ἀναφερομένην
2159 467 2269 520 φλόγα

1230 525 1357 563 ἐκεῖθεν
1387 523 1614 576 πορευθέντας
1635 554 1644 562 .
1664 553 1674 563 .
1696 550 1704 559 .
1724 551 1732 559 .
1764 525 1904 576 ἡμερῶν
1925 523 2002 561 ὁδὸν
2030 525 2063 568 ἐς
2088 526 2132 563 τὰ
2156 527 2270 564 οἰκεῖα

1231 581 1433 634 ἀφικέσθαι,
1462 580 1522 619 καὶ
1554 583 1706 632 γνῶναι,
1739 582 1777 618 οὐ
1811 583 1930 634 πολλῷ
1963 581 2176 632 διαστήματι
2207 584 2271 632 τὴν

1231 641 1366 687 Μήδων
1401 639 1595 693 ἀφεστάναι
1617 643 1678 686 τῆς
1699 641 1884 687 Σκυθικῆς.
1920 639 1990 679 Τὸν
2022 635 2080 679 οῦν
2102 642 2271 690 Ἀττήλαν

1232 701 1286 737 ἐπ’
1309 698 1417 744 αὐτὴν
1439 698 1526 736 ἰέναι
1555 699 1761 749 βουλόμενον
1785 700 1822 737 οὐ
1843 698 2008 746 πονήσειν
2033 699 2169 751 πολλὰ,
2195 700 2271 740 οὔτε

1232 758 1370 810 μακρὰν
1395 757 1531 796 ἀνύσειν
1554 757 1643 806 ὁδὸν,
1664 757 1754 796 ὥστε
1777 758 1836 797 καὶ
1865 758 2008 806 Μήδους
2032 759 2092 798 καὶ
2114 760 2274 813 Πάρθους

1230 818 1290 855 καὶ
1313 817 1453 868 Πέρσας
1471 819 1764 869 παραστήσεσθαι
1782 817 1842 856 καὶ
1872 818 2081 869 ἀναγκάσειν
2109 820 2218 858 ἐλθεῖν
2240 822 2274 864 ἒς

1230 876 1336 929 φόρου
1354 877 1561 928 ἀπαγωγήν·
1573 883 1736 929 παρεῖναι
1749 876 1815 929 γὰρ
1832 878 1925 929 αὐτῷ
1943 877 2099 928 μάχιμον
2114 878 2273 930 δύναμιν,

1229 935 1272 982 ἣν
1295 934 1392 972 οὐδὲν
1419 934 1511 979 ἔθνος
1536 935 1784 982 ὑποστήσεται.
1809 935 1932 986 Ἥμῶν
1961 936 1996 974 δὲ
2016 936 2108 975 κατὰ
2126 939 2274 990 Περσῶν

1231 994 1341 1031 ἐλθεῖν
1364 993 1468 1032 αὐτὸν
1497 993 1739 1045 ἐπευξαμένων
1756 993 1816 1032 καὶ
1836 994 1890 1032 ἐπ’
1907 994 2055 1039 ἐκείνους
2072 995 2197 1048 τρέψαι
2215 997 2274 1035 τὸν

1230 1053 1397 1103 πόλεμον,
1420 1055 1437 1090 6
1460 1052 1746 1096 Κωνσταντίολος
1763 1051 1860 1103 ἔλεγε
1877 1052 2023 1091 δεδιέναι
2041 1053 2091 1104 μή
2113 1070 2196 1093 ποτε
2215 1056 2275 1094 καὶ

1234 1113 1374 1163 Πέρσας
1395 1112 1520 1165 ῥᾳδίως
1537 1112 1855 1164 παραστησάμενος
1879 1111 1955 1150 ἀντὶ
1975 1112 2075 1162 φίλου
2105 1113 2275 1162 δεσπότης

1232 1170 1409 1217 ἐπανήξει.
1434 1173 1511 1210 Νῦν
1530 1169 1591 1221 μὲν
1608 1169 1674 1223 γὰρ
1690 1170 1729 1208 τὸ
1745 1170 1887 1222 χρυσίον
1901 1170 2102 1220 κομίζεσθαι
2115 1174 2199 1224 παρ’
2215 1175 2273 1212 αὖ·

1231 1232 1299 1267 τῶν
1321 1233 1381 1276 τῆς
1412 1228 1510 1273 ἀξίας
1530 1227 1650 1267 ἕνεκα·
1675 1230 1704 1266 εἷ
1726 1228 1761 1267 δὲ
1782 1228 1842 1267 καὶ
1868 1228 2029 1281 Πάρθους
2045 1229 2105 1268 καὶ
2132 1231 2276 1278 Μήδους

1230 1288 1290 1326 καὶ
1308 1288 1449 1341 Πέρσας
1463 1287 1724 1340 παραστήσοιτο
1735 1318 1745 1337 ,
1761 1287 1875 1325 οὐκέτι
1890 1287 2080 1338 Ῥωμαίων
2096 1289 2276 1334 ἀνέξεσθαι

1230 1346 1292 1394 τὴν
1310 1349 1415 1385 αὐτοῦ
1435 1346 1725 1400 νοσφιζομένων’
1706 1346 1833 1399 αρχὴν,
1858 1346 1948 1384 ἀλλὰ
1975 1347 2188 1399 θεράποντας
2210 1364 2274 1387 πει

1232 1408 1394 1479 ριφανῶς,
1411 1406 1639 1477 ἡγησάμενον
1665 1407 1898 1465 χαλεπώτερα
1924 1405 2096 1450 ἐπιτάξειν
2125 1406 2186 1444 καὶ
2214 1409 2276 1446 οὔκ

1799 1457 1912 1502 enm
1895 1464 1930 1502 οὲ
1951 1463 2054 1514 ἀξία,
2075 1468 2116 1511 ἧς
2138 1468 2156 1502 ὁ
2177 1467 2276 1504 Κων-

1232 1523 1432 1565 σταντίολος
1446 1521 1646 1572 ἐπεμνήσθη
1660 1552 1670 1570 ,
1685 1526 1882 1574 στρατηγοῦ
1897 1521 2102 1572 Ρωμαίων,
2118 1526 2159 1570 ἧς
2172 1523 2274 1575 χάριν

1231 1584 1248 1619 6
1265 1581 1430 1627 Ἀττήλας
1446 1581 1544 1633 παρὰ
1560 1580 1729 1633 βασιλέως
1743 1579 1900 1618 ἐδέδεκτο
1913 1584 1974 1618 τοῦ
1989 1596 2057 1624 τοις
2071 1596 2276 1634 στρατηγοις

1231 1639 1491 1692 χορηγουμένου
1508 1639 1570 1683 τὰς
1586 1638 1762 1683 συντάξεις
1778 1640 2031 1689 ἐκπέμπεσθαι
2050 1638 2200 1690 Ελεγεν
2218 1635 2275 1678 οὖν

1234 1715 1322 1749 μετα
1340 1699 1480 1744 Μήοους
1497 1697 1557 1736 καὶ
1579 1697 1741 1750 Πάρθους
1755 1698 1814 1735 καὶ
1834 1698 1973 1750 Πέρσας
1985 1702 2085 1737 τοῦτο
2098 1698 2136 1736 τὸ
2149 1698 2273 1749 ὄνομα,

1232 1758 1316 1809 ὅπερ
1341 1756 1443 1794 αὐτὸν
1469 1757 1652 1808 βούλονται
1667 1756 1843 1806 Ῥωμαῖοι
1857 1759 1988 1804 καλεῖν,
2003 1757 2062 1794 καὶ
2082 1757 2144 1803 τὴν
2161 1731 2275 1808 ἀξίαν,

1233 1821 1254 1868 ᾑ
1275 1815 1378 1853 αὐτὸν
1399 1814 1625 1865 τετιμηκέναι
1642 1814 1887 1864 νομίζουσιν,
1869 1815 2146 1866 αποσεισάμενον
2165 1817 2276 1868 ἀναγ-

1233 1874 1352 1913 κάσειν
1374 1879 1463 1926 σφᾶς
1490 1873 1568 1911 ἀντι
1593 1877 1789 1925 στρατηγοῦ
1818 1874 1965 1925 βασιλέα
1993 1874 2274 1927 προσαγορεύειν.

1233 1930 1328 1980 Ἤδη
1349 1931 1416 1984 γὰρ
1436 1931 1496 1970 καὶ
1517 1931 1778 1983 χαλεπαίνοντα
1806 1933 1927 1980 εἰπεῖν,
1952 1934 1999 1976 ὡς
2023 1932 2143 1985 ἐκείνῳ
2163 1933 2225 1984 μὲν
2245 1935 2275 1972 οἱ

1232 1466 1271 1502 ἂν
1277 1465 1360 1502 ent&
1379 1464 1518 1507 ἐκείνοις
1536 1463 1776 1514 ἑπιταγματα.

1231 2070 1364 2101 grossos,
1378 2061 1555 2101 pauxillum
1568 2060 1685 2101 praedae
1697 2060 1849 2101 abegisse.
1893 2063 2041 2102 Magnam
2053 2062 2139 2094 enirn
2152 2063 2276 2103 partem

1232 2112 1343 2144 Medos
1359 2113 1530 2144 extorsisse
1545 2120 1552 2140 ε
1575 2112 1660 2152 ipsos
1670 2114 1792 2153 autem,
1808 2113 1844 2144 ut
1864 2114 2123 2153 persequentium
2137 2113 2275 2146 hostium

1233 2166 1388 2206 impetum
1406 2166 1582 2204 evitarent,
1595 2165 1635 2196 ad
1648 2165 1743 2197 aliam
1760 2167 1846 2197 viam
1866 2165 2050 2206 deflexisse,
2067 2167 2100 2199 et
2114 2175 2170 2208 per
2185 2167 2272 2206 loca,

1232 2217 1288 2248 ubi
1303 2226 1342 2249 ex
1356 2219 1446 2258 petra
1465 2217 1627 2248 maritima
1643 2216 1772 2249 flamma
1787 2217 1895 2256 ardet,
1912 2217 1998 2249 illinc
2014 2219 2190 2259 protectos,
2208 2243 2215 2250 .
2237 2244 2244 2250 .
2267 2243 2273 2250 .

1234 2269 1358 2300 dicrum
1376 2269 1489 2301 itinere
1506 2269 1539 2300 in
1561 2268 1651 2300 sedes
1672 2277 1747 2300 suas
1765 2270 1944 2301 revertisse.
1965 2270 2067 2310 Atque
2085 2279 2126 2302 ex
2143 2279 2182 2302 eo
2198 2270 2273 2303 satis

1232 2321 1370 2361 vidisse,
1390 2330 1455 2353 non
1481 2330 1596 2362 magno
1619 2321 1787 2353 intervallo
1809 2322 1972 2362 Scythiam
1991 2331 2010 2354 a
2029 2323 2128 2355 Medis
2146 2323 2275 2356 distare.

1233 2373 1452 2410 Quamobrem
1464 2373 1489 2405 si
1503 2373 1634 2406 Attilam
1644 2373 1759 2414 cupido
1768 2374 1887 2414 ceperit
1900 2373 2008 2406 Medos
2017 2373 2198 2414 invadendi,
2213 2384 2276 2408 non

1233 2425 1370 2456 multum
1384 2433 1489 2465 operae
1500 2426 1531 2456 et
1544 2425 1662 2456 laboris
1672 2425 1702 2456 iu
1711 2433 1780 2456 eam
1792 2425 1989 2457 invasionem
1999 2427 2276 2467 consumpturum,

1234 2486 1340 2517 neque
1353 2477 1477 2517 magnis
1493 2477 1660 2510 itineribus
1672 2478 1877 2518 defatigatum
1891 2478 1941 2517 iri,
1958 2480 1996 2511 ut
2008 2478 2128 2519 Medos,
2143 2480 2277 2512 Parthos

1232 2532 1264 2562 et
1282 2533 1390 2562 Persas
1407 2530 1583 2570 adoriatur,
1597 2532 1631 2563 et
1646 2533 1738 2571 cogat
1749 2531 1862 2563 tributi
1885 2531 2018 2564 illationi
2029 2541 2063 2564 se
2077 2532 2276 2566 submittere.

1234 2583 1350 2615 Adesse
1366 2583 1451 2614 enim
1468 2583 1513 2614 illi
1534 2593 1666 2623 magnas
1685 2586 1804 2624 copias,
1822 2594 1902 2625 quas
1918 2585 2006 2617 nulla
2021 2594 2098 2625 gens
2119 2586 2276 2618 sustinere

1233 2635 1342 2675 possit.
1359 2634 1456 2666 Nobis
1472 2644 1549 2666 vero
1563 2635 1760 2675 optantibus,
1775 2637 1811 2667 ut
1828 2636 1930 2668 Persis
1946 2645 2034 2668 arma
2050 2636 2193 2677 inferret,
2207 2639 2239 2669 et
2255 2647 2274 2669 a

1234 2686 1326 2718 nobis
1336 2685 1368 2717 in
1380 2686 1452 2718 illos
1465 2686 1538 2718 belli
1551 2687 1667 2718 molem
1683 2690 1860 2719 averteret:
1875 2701 1890 2715 «
1904 2687 2087 2722 Verendum
2101 2689 2161 2728 est,
2172 2688 2277 2730 inquit

1233 2730 1490 2776 constantiosus‚
1507 2746 1560 2777 ne,
1578 2738 1680 2769 Persis
1696 2739 1787 2770 facile
1804 2739 1956 2779 devictis,
1971 2747 2035 2770 nou
2053 2738 2120 2779 ‚iam
2139 2740 2276 2781 amplius

1232 2789 1365 2828 amicus,
1381 2789 1435 2820 sed
1449 2789 1597 2820 dominus
1610 2789 1641 2820 in
1659 2798 1717 2821 nos
1736 2791 1926 2822 revertatur.
1946 2803 1962 2818 »
1984 2792 2076 2822 Nunc
2090 2793 2175 2823 enim
2195 2800 2276 2824 auro

1232 2843 1363 2882 accepto
1379 2851 1437 2882 pro
1450 2842 1605 2882 dignitate
1623 2851 1698 2874 eum
1716 2843 1902 2874 contentum
1922 2851 2000 2874 esse.
2015 2843 2135 2879 Quodsi
2154 2845 2275 2884 Medos,

1235 2892 1368 2924 Parthos
1390 2893 1422 2923 et
1443 2893 1554 2924 Persas
1569 2892 1748 2931 domuerit,
1768 2892 1899 2924 minime
1926 2901 2001 2924 eum
2018 2895 2236 2928 Romanorum
2255 2903 2275 2927 a

1233 2953 1291 2975 suo
1311 2944 1492 2984 sejunctum
1509 2954 1641 2985 regnum
1659 2953 1838 2985 passurum,
1853 2945 1906 2977 sed
1920 2954 1975 2978 eos
1986 2947 2156 2979 manifesto
2168 2957 2276 2981 servos

1234 3005 1309 3029 suos
1323 2998 1543 3038 reputantem,
1567 2997 1675 3037 gravia
1690 2998 1752 3029 illis
1768 2999 1800 3029 et
1814 2998 2024 3030 intolerabilia
2044 2999 2274 3040 imperaturum

1233 3057 1313 3080 esse.
1358 3048 1501 3089 Dignitas
1515 3050 1642 3089 autem,
1657 3049 1748 3089 cujus
1763 3049 1959 3081 mentionem
1973 3051 2211 3084 Constantiolus
2226 3053 2274 3085 se-

1233 3101 1294 3140 cit‚
1309 3101 1375 3132 erat
1391 3102 1609 3132 Romanorum
1634 3101 1834 3132 exercituum
1855 3100 1946 3132 ducis
1957 3125 1967 3142 ‚
1984 3110 2082 3142 quam
2105 3103 2218 3136 Attilas
2233 3103 2274 3136 ab

1233 3153 1426 3193 imperatore
1441 3153 1626 3191 acceperat,
1645 3153 1676 3183 et
1688 3152 1845 3192 stipendia
1861 3152 1928 3192 ejus
1939 3177 1949 3192 ‚
1966 3153 2022 3193 qui
2041 3155 2202 3186 exercitus
2221 3164 2274 3188 ro-

1233 3204 1346 3243 gebat,
1361 3203 1453 3234 missa
1467 3202 1527 3234 sibi
1541 3212 1605 3234 non
1625 3203 1802 3235 recusabat.
1822 3203 1978 3235 lnnuebat
1994 3204 2100 3244 igitur,
2117 3206 2248 3238 Attilam
2262 3228 2272 3246 ,

1233 3255 1353 3294 Medis,
1372 3254 1495 3286 Parthis
1507 3256 1539 3286 et
1557 3255 1658 3286 Persis
1674 3255 1830 3293 subactis,
1845 3254 1904 3286 hoc
1917 3264 2051 3295 nomen,
2070 3266 2135 3297 quo
2154 3259 2272 3290 Roma-

1234 3307 1283 3340 nis
1296 3307 1387 3339 illum
1403 3316 1519 3339 vocare
1534 3307 1642 3347 lubet,
1657 3309 1689 3339 et
1705 3307 1889 3347 dignitatem
1901 3331 1910 3347 ,
1926 3317 2023 3348 quam
2036 3309 2081 3340 illi
2093 3311 2272 3342 ornamenti

1234 3361 1304 3392 loco
1326 3367 1393 3391 esse
1413 3359 1630 3398 exsistimant,
1647 3359 1905 3400 repudiaturum,
1920 3362 1951 3393 et
1966 3370 2023 3401 pro
2044 3362 2125 3394 duce
2141 3364 2270 3395 coactu-

1235 3421 1306 3443 rum
1318 3418 1372 3444 eos
1384 3419 1417 3444 se
1428 3419 1533 3451 regem
1547 3410 1713 3452 appellare.
1757 3413 1828 3443 Jain
1844 3413 1913 3443 tum
1930 3413 2015 3444 enim
2031 3412 2211 3454 indignatus
2224 3413 2269 3446 di-
