2326 3724
930 226 1256 267 FRAGMENTA.
2119 234 2166 266 65

27 321 58 360 δ’
83 319 137 359 ὅτι
155 321 256 367 νῆσος
276 316 313 355 τὸ
333 315 481 355 παλαιὸν
510 309 566 364 ἦν,
586 314 645 353 καὶ
662 313 911 368 ἀπεχερσώθη,
930 313 991 352 καὶ
1014 313 1065 352 ὅτι

27 380 156 427 ταύτην
176 378 278 416 καλει
296 375 480 426 Ἡρόδοτος
504 373 672 427 μακάρων
699 373 845 421 νήσους·
866 372 1066 425 Ἡρόδωρος

26 437 86 489 δὲ,
105 440 123 476 ὁ
138 436 202 484 τὴν
224 434 378 488 Ὀρφέως
394 434 454 472 καὶ
471 434 655 473 Μουσαίου
675 432 880 484 συγγράψας
898 431 1066 483 ἱστορίαν,

27 497 211 537 Φαιακίδα
239 493 369 540 ταύτην
396 493 508 532 καλεῖ.
534 495 566 532 Γ
569 507 730 543 εκαηριοι
762 490 797 529 δὲ
827 494 931 537 νῆσον
959 488 1068 537 αὐτὴν

26 554 202 608 γεγονέναι
233 553 272 592 ἔκ
302 568 339 591 τε
365 568 424 591 του
457 551 614 604 ὄστρακα
647 549 822 588 θαλάσσια
854 548 914 587 καὶ
942 548 1068 600 ὄστρεα

26 613 131 658 λίθοις
145 616 203 652 τοῦ
221 612 319 666 ὅρους
335 608 661 664 προσπεπλασμένα
685 608 904 662 εὑρίσκεσθαι
927 611 986 646 τοῦ
1011 606 1069 645 ε’πι

27 671 90 719 τὴν
121 670 249 711 Ὄασιν
271 669 340 708 ἀπὸ
359 673 421 716 τῆς
443 666 623 716 Θηὸαιδος
644 666 822 721 φέροντος,
844 666 1003 720 δεύτερον
1017 666 1070 705 ὅτι

9 749 11 752 ·
27 730 187 784 ψάμαθος
201 727 351 775 πολλὴ’
336 728 536 779 επεκχεῖται
553 725 628 778 ἀεὶ,
642 725 702 764 καὶ
721 726 783 769 τὰς
801 727 891 778 τρεῖς
910 726 1069 773 ἀναπλη-

28 795 81 844 ροῖ
96 788 248 832 Ὀάσεις.
266 790 368 840 Τρεῖς
384 788 451 840 γάρ
471 802 574 839 φησιν
596 785 737 829 Οάσεις
758 801 820 823 και
840 784 942 829 αὐτὸς
964 778 1070 833 ειναι,

28 847 90 887 δύο
109 847 282 900 μεγάλας,
299 845 362 894 τὴν
390 843 451 896 μὲν
477 844 652 897 ἐξωτέρω,
674 843 736 891 τὴν
753 843 820 882 δὲ
806 843 988 896 ἐσωτέρω,
1006 859 1069 881 κα-

28 903 191 958 ταντικρυ
223 903 384 955 κειμένας
414 902 604 953 ἀλλήλαις,
626 902 856 945 συντείνοντος
877 902 923 945 εἷς
949 900 1070 939 ἑκατὸν

28 970 158 1016 σημεῖα
171 966 231 1002 τοῦ
243 962 370 1015 μεταξὺ
379 962 627 1013 διαστήματος.
636 960 741 1001 Ἔστι
754 960 789 1000 δὲ
802 960 862 999 καὶ
871 961 962 1008 άλλη
971 959 1070 1013 τρίτη

28 1022 149 1076 μικρὰ,
166 1024 285 1076 πολλῷ
301 1020 515 1072 διαστήματι
531 1023 598 1059 τῶν
614 1020 673 1059 δύο
687 1019 944 1073 κεχωρισμένη.
965 1018 1070 1070 Λέγει

29 1082 66 1121 δὲ
86 1083 133 1125 εἷς
159 1081 276 1120 πίστιν
303 1083 363 1119 τοῦ
390 1083 492 1127 νῆσον
512 1079 693 1130 γενέσθαι,
712 1077 763 1117 ὅτι
784 1078 844 1118 καὶ
862 1078 929 1116 ὑπὸ
947 1077 1071 1131 ὀρνέων

28 1144 176 1193 δρᾶσθαι
218 1140 404 1191 συμὸαίνει
442 1138 609 1183 πολλάκις
646 1141 744 1191 ἰχθῦς
776 1137 981 1192 φερομένους
1014 1139 1073 1176 καὶ

30 1199 160 1252 ἰχθύων
181 1199 305 1238 ἄλλοτε
333 1198 482 1251 λείψανα
497 1228 508 1248 ,
533 1201 580 1241 ὡς
603 1199 756 1236 ἐντεῦθεν
781 1197 998 1248 εἰκάζεσθαι,
1023 1195 1072 1247 μὴ

29 1258 120 1296 πολὺ
139 1257 258 1310 πόρρω
273 1252 361 1296 εἶναι
377 1257 441 1304 τὴν
456 1257 648 1295 θάλασσαν.
667 1254 768 1302 Φησὶ
783 1254 818 1293 δὲ
837 1254 897 1293 καὶ
910 1253 1074 1307 υΟμηρον

29 1318 70 1356 ἐκ
88 1319 150 1364 τῆς
154 1315 254 1390 ε’πρὸς
272 1315 384 1368 ταῦτῃ
401 1314 582 1363 Θηὸαίδος
600 1314 712 1354 ἕλκειν
729 1313 768 1352 τὸ
782 1313 889 1365 γένος.

154 1374 243 1414 εὈτι
271 1374 404 1418 ὕπατος
423 1377 441 1413 ὁ
459 1373 620 1426 βασιλευς
647 1371 815 1426 εΟνώριος
834 1371 1010 1426 προελθὼν
1036 1372 1075 1410 τὸ

29 1434 228 1486 ἑνδέκατον,
246 1433 307 1473 καὶ
326 1433 388 1473 συν
407 1435 500 1472 αὐτῶ
520 1432 761 1476 Κωνστάντιος
774 1431 813 1470 τὸ
831 1431 1001 1485 δευτερον,
1017 1431 1074 1470 τὸν

30 1493 227 1538 Πλακιδίας
245 1493 358 1545 γάμον
387 1493 616 1538 ἐπιτελουσιν,
646 1491 698 1544 ἐφ’
716 1494 744 1544 ᾡ
761 1490 876 1530 πολλὰ
894 1490 956 1541 μὲν
983 1490 1072 1538 αὐτὴ

29 1552 245 1592 ἀνανεύουσα
257 1581 267 1600 ,
308 1551 554 1591 Κωνστάντιον
599 1549 842 1603 παρεσκεύασε
877 1549 970 1588 κατὰ
1007 1552 1076 1588 τῶν

31 1614 139 1659 αὐτῆς
158 1611 354 1663 ὀργίζεσθαι
383 1610 621 1663 θεραπόντων.
651 1609 760 1653 Τέλος
777 1610 811 1647 ἐν
840 1611 884 1661 τῇ
905 1611 966 1656 τῆς
983 1609 1075 1646 ὑπα-

31 1669 124 1715 τείας
142 1669 256 1722 ἡμέρα
274 1669 343 1708 ἀπὸ
359 1668 473 1722 χειρὸς
491 1668 620 1716 ταύτην
639 1669 658 1705 ὁ
675 1666 836 1720 βασιλεὺς
854 1666 913 1705 καὶ
931 1666 1076 1719 ἀδελφὸς

31 1728 199 1782 Ὁνώριος
218 1728 371 1768 ἄκουσαν
392 1727 526 1776 λαὸὼν,
547 1727 730 1780 ἐγχειρίζει
746 1725 958 1781 παραδιδοὺς
977 1728 1074 1766 Κων-

31 1787 199 1839 σταντίῳ,
219 1787 292 1828 Καὶ
309 1789 520 1826 ἐπιτελεῖται
535 1789 583 1830 εἷς
598 1786 637 1824 τὸ
650 1786 897 1839 λαμπρότατον
913 1788 931 1824 ὃ
949 1785 1073 1836 γάμος.

28 1840 123 1888 (Εἶτα
138 1847 198 1886 καὶ
207 1847 288 1891 παῖς
301 1846 416 1890 αὐτοῖς
425 1845 588 1894 τίκτεται,
596 1845 639 1893 ἢν
650 1845 874 1897 ὀνομάζουσιν
886 1843 1076 1897 Ὁνωρίαν,

31 1905 92 1945 καὶ
111 1905 225 1959 ἕτερος
249 1906 369 1953 πάλιν,
388 1900 417 1959 ᾧ
433 1908 557 1953 κλῆσιν
578 1904 693 1943 ἔθεντο
714 1897 1022 1947 Οὗαλεντινιανός·
1041 1903 1078 1947 ὃς

32 1967 156 2011 ζῶντος
171 1965 232 2016 μὲν
246 1964 416 2016 Ὁνωρίου
432 1963 682 2015 νωὸελίσσιμος
697 1964 843 2016 γίνεται,
861 1962 1076 2016 βιασαμένης

31 2025 95 2071 τῆς
110 2022 307 2067 Πλακιδίας
323 2023 381 2061 τὸν
398 2022 558 2076 ἀδελφόν·
577 2022 666 2073 μετὰ
683 2022 719 2061 δὲ
735 2021 878 2061 θάνατον
893 2025 953 2060 τοῦ
973 2024 1076 2074 βασι-

32 2134 111 2167 doto
126 2134 235 2167 vocari
251 2136 422 2167 Beatorum
434 2134 570 2167 insulam
583 2158 592 2174 ‚
607 2134 647 2166 ab
659 2134 824 2166 llerodoro
838 2135 944 2165 autem
958 2141 996 2164 eo
1005 2156 1014 2172 ,
1027 2132 1082 2172 qui

35 2188 157 2230 Orphei
181 2197 221 2220 ac
236 2188 349 2220 Musaei
369 2188 556 2229 conscripsit
567 2187 751 2225 historiam,
765 2185 923 2218 nominari
938 2185 1082 2217 Phaeaci-

33 2239 119 2272 dem.
164 2240 307 2273 Insulam
322 2240 398 2272 ante
419 2239 515 2272 fuisse
529 2247 571 2271 ex
592 2248 631 2271 eo
653 2237 854 2278 conjecturas
875 2236 976 2276 ducit,
996 2236 1082 2277 qnod

33 2294 126 2325 testae
149 2292 281 2325 marinae
297 2293 329 2324 et
352 2292 456 2323 ostrea
478 2290 637 2331 lapidibus
650 2290 847 2322 adhaerentia
865 2289 899 2321 in
921 2298 959 2320 eo
975 2289 1085 2320 monte

33 2343 249 2383 inveniantur,
264 2344 319 2384 qui
332 2352 374 2375 ex
385 2343 547 2376 Thebaide
559 2343 591 2374 in
606 2342 715 2374 oasim
728 2341 827 2373 ducit.
840 2340 961 2373 Deinde
973 2340 1082 2380 etiam,

34 2397 122 2438 quod
139 2399 291 2439 perpetuo
310 2396 438 2438 copiosa
458 2397 501 2428 ibi
524 2405 621 2428 arena
636 2396 748 2436 scatet,
768 2397 897 2435 tresque
919 2396 1016 2426 Oases
1033 2403 1083 2426 re-

35 2449 114 2490 plet.
157 2451 237 2483 Nam
248 2449 345 2481 etiam
362 2449 428 2489 ipse
440 2450 505 2481 tres
521 2451 621 2481 Oases
638 2457 706 2480 esse
719 2447 828 2487 tradit,
843 2447 922 2479 duas
935 2455 1064 2487 magnas
1074 2471 1083 2486 ,

35 2500 227 2533 exteriorem
240 2509 350 2540 unam,
359 2500 493 2533 alteram
504 2499 726 2540 interiorem,e
739 2499 865 2539 regione
876 2498 936 2531 sibi
948 2499 1083 2530 invicem

36 2552 215 2594 oppositas,
233 2555 363 2584 centnm
380 2552 555 2584 miliarium
568 2551 671 2592 spatio
690 2551 876 2591 interiecto,
891 2560 965 2583 cum
988 2550 1084 2583 tertia

37 2611 134 2645 parva
146 2628 156 2644 ,
170 2604 265 2644 longo
278 2604 449 2636 interstitio
462 2604 504 2635 ab
523 2604 632 2635 alteris
643 2603 769 2636 duabus
781 2605 937 2644 separata.
953 2605 1085 2643 insuper

2 2696 5 2699 ι
26 2654 99 2693 >hoc
113 2655 211 2687 etiam
227 2656 418 2695 argumento
431 2655 569 2687 insulam
591 2655 688 2687 fuisse
703 2655 814 2694 tradit,
829 2655 916 2696 quod
937 2664 1084 2696 saepenu-

30 2714 127 2741 mero
145 2706 273 2746 accidit,
288 2708 325 2738 ut
348 2707 448 2748 pisces
473 2706 514 2739 ab
531 2706 644 2739 avibus
667 2715 707 2739 eo
730 2706 828 2739 delati
853 2707 1010 2747 visantur,
1028 2709 1086 2739 aut

0 2762 9 2798 ἱ,
30 2760 124 2794 :certe
132 2767 315 2791 arrosorum
328 2758 462 2799 piscium
475 2759 638 2799 reliquiae:
656 2760 693 2791 ut
702 2759 776 2791 inde
786 2758 966 2797 conjectare
979 2759 1083 2799 liceat,

36 2818 102 2842 non
114 2810 288 2842 admodum
301 2810 395 2850 longe
411 2810 521 2843 abesse
536 2819 636 2843 mare.
679 2811 731 2843 Ait
744 2820 840 2852 porro
853 2813 1029 2844 Homerum
1044 2821 1085 2844 ex

4 2872 11 2902 g,
36 2862 141 2895 vicina
157 2862 232 2894 huic
245 2862 407 2894 Thebaide
419 2871 518 2903 genus
529 2862 659 2895 ducere.

3 2911 11 2918 ⁴⁴
37 2943 43 2950 .
80 2916 132 2947 34.
150 2912 226 2955 [An.
237 2913 322 2955 417.]
336 2914 495 2946 Honorius
507 2916 668 2954 Augustus
678 2913 922 2946 undecimumet
933 2916 1085 2947 Constan-

11 2982 13 2984 ν
38 2963 104 2998 tius
116 2965 231 2997 iterum
241 2965 388 2997 consules
400 2966 514 3005 creati,
527 2966 677 2998 Placidiae
688 2966 815 3006 nuptias
826 2967 1007 2999 conciliant.
1024 2967 1085 2999 Sed

6 3021 13 3046 ἢ
35 3016 98 3058 lias
115 3017 182 3059 ipsa
203 3018 332 3058 nuptias
350 3027 452 3058 quum
466 3018 674 3050 vehementer
692 3018 902 3058 detrectaret,
917 3019 1025 3052 effecit
1050 3023 1084 3052 ut

7 3096 15 3115 .÷
32 3066 137 3112 fjpsius
151 3069 279 3103 famulis
298 3069 516 3110 indignaretur
530 3070 749 3102 Constantius.
764 3070 906 3103 Tandem
923 3071 1085 3103 nihilomi-

10 3125 15 3155 ἒ
34 3115 103 3155 ἷπιιε
119 3122 187 3163 ipso
205 3131 270 3163 quo
289 3122 492 3154 consulatum
510 3122 581 3154 iniit
596 3122 647 3155 die
659 3147 668 3163 ,
686 3132 783 3155 manu
800 3124 902 3164 ipsam
925 3127 1085 3166 arreptam

41 3174 206 3213 Honorius
227 3174 414 3214 imperator,
441 3174 539 3206 frater
564 3175 652 3214 ejus,
678 3175 815 3207 invitam
841 3177 1028 3208 Constantio
1053 3177 1086 3208 in

41 3233 175 3263 manum
188 3225 301 3266 tradit,
315 3226 501 3266 nuptiaeque
510 3226 674 3267 splendide
691 3226 894 3259 celebrantur
909 3227 992 3268 (417
1004 3230 1083 3261 Jan.

34 3280 61 3309 21
78 3276 102 3318 ).
120 3277 202 3309 Hinc
220 3278 296 3309 nata
323 3277 405 3318 fllia,
430 3286 530 3318 quam
554 3279 725 3310 Honoriam
743 3279 952 3311 nominarunt
975 3289 983 3311 t
1003 3280 1087 3312 tilius

43 3327 122 3363 item
139 3330 218 3370 (419
234 3330 306 3363 Jul.
332 3330 394 3371 3),
412 3330 464 3361 cui
489 3330 712 3363 Valentiniano
737 3340 854 3363 nomen
881 3332 1012 3372 datum,
1030 3333 1085 3373 qni

44 3382 213 3423 superstite
228 3383 404 3414 etiamnum
426 3383 569 3414 Honorio
589 3384 812 3416 Nobilissimus
834 3384 957 3424 dictus,
974 3385 1087 3425 impel-

44 3431 131 3466 lente
144 3433 271 3467 fratrem
289 3434 438 3466 Placidia.
482 3436 567 3474 Quin
579 3437 611 3467 et
628 3438 754 3467 mortuo
770 3437 927 3477 Honorio,
939 3437 1085 3478 disjecta-

171 3499 359 3523 raacuaara
381 3500 502 3523 msroa.
525 3500 577 3523 cn.
598 3509 632 3514 —
647 3501 716 3525 vor..
738 3501 781 3524 iv.

1129 313 1215 357 λε’ως
1228 343 1239 363 ,
1261 313 1319 352 καὶ
1339 312 1389 351 ἔτι
1411 312 1499 362 μετὰ
1516 312 1577 359 τὴν
1599 312 1790 351 κατάλυσιν
1820 317 1879 351 τοῦ
1897 314 2171 366 τυραννήσαντος

1128 372 1315 423 Ἰωάννου,
1337 372 1396 410 καὶ
1427 371 1572 421 Ῥώμης
1594 371 1758 422 βασιλεὺς
1787 372 2045 410 ἀποδείκνυται.
2070 372 2115 411 ‘0
2135 373 2170 410 δὲ

1130 430 1372 474 Κωνστάντιος
1399 430 1650 480 συμὸασιλεύει
1674 431 1725 482 τῷ
1755 428 1939 483 εΟνωρίῳ,
1973 432 2079 468 αὐτοῦ
2110 431 2172 477 μὲν

1131 491 1427 541 χειροτονοῦντος,
1443 488 1533 526 ἀλλὰ
1551 487 1674 541 σχεδόν
1691 504 1725 526 τι
1744 487 1896 532 ἄκοντος.
1915 491 2174 540 Χειροτονεῖται

1130 547 1166 585 δὲ
1186 563 1246 586 και
1276 550 1298 594 ἢ
1319 547 1498 586 Πλακιδία
1523 547 1730 598 Αὐγούστα,
1761 551 1820 585 τοῦ
1851 563 1888 585 τε
1915 547 2002 586 ἰδίου
2026 549 2174 601 ἀδελφου

1130 621 1190 644 και
1209 621 1268 644 του
1290 605 1376 645 ἰδίου
1397 606 1517 659 ἀνδρὸς
1529 605 1863 659 χειροτονησάντων.
1889 600 1978 645 Εἶτα
1995 606 2175 655 πέμπεται

1130 663 1214 716 πρὸς
1233 664 1434 715 Θεοδόσιον,
1452 664 1488 709 ὃς
1505 663 1746 718 ἀδελφιδὺυς
1725 680 1772 702 ων
1793 664 1986 718 “Ονωρίου,
2008 667 2077 703 τῶν
2092 681 2177 718 προς

1131 722 1177 761 ἔω
1205 725 1320 777 μερῶν
1347 723 1586 774 ἐὸασίλευσεν,
1615 726 1637 770 ἠ
1657 723 1861 776 ’ἀνάρρησις
1885 723 2085 774 μηνυομένη
2117 727 2178 770 τῆς

1133 781 1381 821 Κωνσταντίου
1405 782 1584 834 βασιλείας
1603 781 1663 820 καὶ
1687 781 1782 833 μένει
1801 782 2053 834 ἀπαράδεκτος.
2073 782 2180 835 Ἐφί-

1132 856 1257 880 σταται
1276 840 1374 885 νόσος
1390 841 1648 894 Κωνσταντίῳ,
1672 841 1732 879 καὶ
1751 840 1939 891 μετέμελεν
1958 842 2054 894 αὐτῷ
2072 844 2093 888 ἡ
2113 845 2180 894 βα-

1134 899 1246 939 σιλεία
1259 930 1268 947 ,
1286 900 1338 938 ὅτι
1361 900 1478 938 οὐκέτι
1495 895 1536 947 ἦν
1563 901 1658 953 αὐτῷ
1678 901 1736 938 ἐπ’
1755 899 1888 947 ἀδείας,
1912 898 2031 953 ὥσπερ
2056 900 2182 952 πρότε-

1136 974 1205 1012 ρον,
1228 958 1353 1004 ἐξιέναι
1369 974 1407 997 τε
1425 958 1485 997 καὶ
1507 957 1646 996 ἀπιέναι
1661 957 1730 1006 ὅπη
1742 958 1802 996 καὶ
1815 957 1907 1002 ὅπως
1927 958 2103 1011 βούλοιτο,
2121 959 2182 997 καὶ

1135 1017 1187 1057 ὅτι
1207 1019 1269 1056 οὐκ
1290 1017 1367 1064 ἐξῆν
1383 1018 1479 1070 αὐτῷ
1504 1019 1658 1070 χρῆσθαι
1687 1018 1906 1069 βασιλεύοντι
1931 1012 1980 1062 οἷς
2007 1018 2078 1062 ἔθος
2108 1012 2180 1070 εἶχε

1135 1078 1287 1128 χρῆσθαι
1317 1075 1501 1126 παιγνίοις.
1540 1074 1648 1119 Τέλος
1679 1075 1768 1114 ἑπτὰ
1802 1076 2014 1128 βασιλεύσας
2049 1079 2182 1126 μῆνας,

1134 1133 1253 1187 ὥσπερ
1275 1135 1372 1187 αὐτῷ
1389 1134 1450 1172 καὶ
1469 1136 1487 1172 ὃ
1515 1134 1643 1187 ὄνειρος
1667 1129 1779 1173 εἶπεν·
1798 1154 1813 1169 ει
1834 1134 1869 1180 ἓξ
1884 1135 1952 1182 ἤδη
1974 1135 2185 1186 πεπλήρων-

1135 1209 1215 1243 ται,
1238 1193 1298 1231 καὶ
1318 1193 1486 1246 ἄρχονται
1517 1193 1625 1242 ἑπτὰ,
1641 1211 1658 1228 ν
1675 1195 1880 1248 πλευριτικῇ
1902 1194 1992 1248 νόσῳ
2020 1196 2186 1247 τελευτᾷ,

1136 1252 1458 1299 συντελευτησάσης
1492 1253 1587 1305 αὐτῷ
1618 1252 1678 1291 καὶ
1706 1256 1768 1300 τῆς
1799 1253 1890 1293 κατὰ
1919 1253 1982 1300 τὴν
2013 1253 2187 1299 ἀνατολὴν

1135 1312 1239 1362 ὄργῆς
1261 1310 1321 1348 καὶ
1340 1313 1469 1362 ὁρμῆς,
1499 1310 1542 1357 ἣν
1562 1310 1682 1349 ὤδινεν
1703 1311 1755 1350 ὅτι
1782 1312 1845 1360 τὴν
1875 1313 2102 1366 ἀναγόρευσιν
2128 1315 2188 1359 τῆς

1139 1369 1317 1421 βασιλείας
1338 1371 1442 1408 αὐτοῦ
1463 1371 1501 1408 οὖ
1523 1370 1758 1423 προσήκαντο.

1192 1441 1241 1468 35.
1260 1427 1347 1468 Ὅτι
1362 1428 1517 1468 Οὐαλίου
1533 1433 1592 1468 τοῦ
1609 1430 1789 1483 φυλάρχου
1800 1430 2083 1479 τελευτήσαντος,
2095 1432 2188 1470 Θευ-

1137 1487 1271 1541 δέριχος
1290 1488 1353 1535 τὴν
1372 1487 1520 1541 ἀρχὴν
1502 1488 1718 1541 οιαδέχεται.

1193 1560 1243 1586 36.
1261 1546 1345 1586 e‘Ort
1362 1547 1455 1586 κατὰ
1474 1548 1656 1586 θάλασσαν
1672 1548 1787 1587 πολλὰ
1801 1548 1922 1587 παθὼν
1939 1551 1956 1586 ὁ
1971 1548 2187 1602 συγγραφεὺς

1140 1604 1238 1656 μόλις
1258 1605 1478 1651 διασώζεται.
1499 1606 1562 1646 Ἐν
1582 1610 1610 1659 ᾡ
1631 1623 1690 1645 και
1711 1607 1790 1660 περι
1810 1608 1953 1660 ἀστέρος
1980 1607 2069 1651 τινὸς
2088 1624 2190 1660 τερα-

1137 1666 1277 1716 τολογεῖ
1303 1665 1547 1718 ἕπιὸρίσαντος
1578 1668 1628 1704 τῶ
1660 1666 1760 1720 ἱστίῳ
1788 1671 1847 1705 τοῦ
1877 1667 2023 1716 πλοίου,
2051 1667 2190 1714 μέλλειν

1142 1726 1288 1777 (μέλλον
1315 1727 1417 1774 conj.
1443 1726 1579 1776 Nieb.)
1609 1725 1734 1771 αὖτοὺς
1769 1726 1978 1779 βυθίζεσθαι.
2012 1727 2190 1779 Οὐρανίαν

1140 1784 1174 1823 δὲ
1207 1784 1246 1823 τὸ
1277 1783 1382 1838 φανὲν
1414 1783 1512 1836 παρὰ
1541 1787 1609 1823 τῶν
1637 1788 1771 1823 ναυτῶν
1800 1787 1996 1825 καλεῖσθαι,
2028 1785 2131 1836 Λέγει
2155 1784 2191 1822 δὲ

1141 1844 1221 1896 περὶ
1240 1846 1411 1898 ψιττακοῧ
1425 1874 1436 1895 ,
1454 1839 1482 1898 ᾧ
1500 1844 1628 1883 εἴκοσιν
1655 1845 1746 1884 ἔτεσι
1778 1847 1970 1898 συνδιῆγεν,
2001 1848 2047 1890 ὡς
2068 1845 2192 1898 σχεδόν

1140 1919 1174 1941 τι
1206 1902 1303 1941 οὐδὲν
1334 1906 1402 1941 τῶν
1439 1903 1610 1957 ἀνθρώπῳ
1647 1904 1897 1957 πραττομένων
1923 1904 2098 1956 ἀμίμητον
2134 1919 2194 1941 κα-

1140 1961 1366 2012 τελίμπανεν.
1403 1962 1571 2035 Ὠρχεῖτό
1599 1979 1636 2001 τε
1662 1963 1751 2016 γὰρ,
1785 1979 1844 2002 και
1873 1965 1954 2015 ᾖδε,
1984 1979 2043 2002 και
2076 1962 2193 2001 ἐκάὶει

1141 2020 1212 2065 ἐξ’
1196 2021 1387 2071 ονόματος,
1406 2036 1467 2059 και
1487 2015 1641 2059 τάλλα”
1623 2037 1805 2071 επραττεν.

1143 2140 1206 2172 que
1217 2133 1348 2164 Joannis
1364 2132 1533 2173 tyrannide
1543 2157 1552 2173 ,
1567 2135 1784 2165 Romanorum
1799 2134 1883 2165 idem
1897 2134 2058 2174 Augustus
2071 2135 2196 2165 creatus

1143 2185 1201 2217 est.
1217 2185 1422 2217 Constantius
1437 2194 1514 2217 vero
1538 2185 1666 2217 Honor-ii
1684 2186 1715 2217 in
1740 2187 1897 2226 augustali
1916 2185 2050 2227 imperio
2073 2186 2194 2226 collega

1144 2237 1192 2276 tit,
1207 2235 1248 2267 ab
1261 2236 1315 2268 illo
1329 2236 1461 2277 quidem
1477 2237 1563 2278 ipso,
1578 2237 1633 2270 sed
1648 2247 1738 2278 paene
1754 2239 1967 2279 repugnante,
1985 2238 2192 2270 constitutus.

1147 2288 1288 2321 placidia
1318 2298 1448 2330 quoque
1479 2292 1621 2330 Augusta
1647 2299 1666 2322 a
1701 2291 1798 2323 fratre
1823 2293 1855 2323 et
1883 2292 2001 2323 marito
2030 2291 2117 2322 dicta
2147 2292 2196 2322 est

1146 2339 1229 2380 (421
1255 2341 1332 2373 Feb.
1360 2342 1412 2382 8).
1433 2342 1513 2374 Dein
1542 2342 1581 2373 ad
1605 2342 1841 2382 Theodosium,
1867 2343 1922 2383 qui
1948 2343 2045 2374 fratre
2065 2342 2196 2374 Honorii

1144 2393 1268 2435 genitus
1283 2393 1423 2425 Orientis
1435 2394 1579 2434 partibus
1594 2396 1753 2434 Augustus
1771 2394 1962 2435 imperabat,
1979 2394 2019 2426 de
2037 2396 2195 2426 constan-

1146 2444 1182 2475 tii
1209 2444 1408 2485 imperatoris
1430 2446 1586 2478 electione
1607 2447 1740 2478 nuntius
1767 2447 1917 2485 mittitur,
1935 2447 2129 2487 minimeque
2147 2456 2195 2478 re-

1144 2498 1256 2537 ceptus
1272 2499 1329 2530 est.
1376 2499 1458 2531 Hinc
1471 2499 1621 2531 morbum
1638 2500 1845 2532 Constantius
1867 2500 2039 2539 contraxit,
2059 2502 2197 2541 suscepti

1146 2549 1303 2589 poenitens
1319 2550 1460 2590 imperii,
1482 2551 1567 2591 quod
1584 2560 1647 2583 non
1660 2552 1739 2591 jam,
1760 2554 1796 2584 ut
1813 2554 1926 2592 antea,
1943 2552 2040 2584 eundi
2060 2552 2196 2584 redeun-

1145 2601 1242 2642 dique
1252 2626 1262 2641 ,
1279 2612 1343 2642 quo
1357 2604 1388 2634 et
1401 2603 1530 2643 quando
1539 2604 1648 2643 vellet,
1667 2604 1798 2636 libertas
1812 2606 1894 2636 esset
1909 2614 1917 2636 :
1935 2614 2040 2644 neque
2055 2605 2196 2645 ludicris,

1145 2657 1182 2686 ut
1198 2655 1296 2687 moris
1310 2656 1379 2695 eJ’ns
1399 2658 1481 2696 erat,
1499 2666 1629 2697 operam
1647 2658 1723 2689 dare
1737 2659 1802 2698 Jam
1831 2658 2015 2698 imperatori
2033 2659 2197 2699 permitte—

1146 2708 1244 2738 retur.
1290 2707 1389 2748 lgitur
1410 2709 1546 2748 septimo
1564 2709 1686 2750 imperii
1713 2718 1821 2742 mense
1834 2734 1843 2749 ,
1868 2710 2143 2750 quemadmodum
2161 2712 2193 2742 et

1146 2758 1339 2791 insomnium
1357 2760 1402 2791 sic
1429 2760 1626 2793 indicaverat
1644 2771 1652 2792 ε
1674 2774 1688 2788 «
1707 2763 1824 2793 Sextus
1846 2761 1948 2793 abiit:
1969 2762 2123 2802 septimus
2142 2763 2192 2793 in-

1145 2812 1293 2851 choatur,
1310 2826 1325 2840 n
1345 2813 1514 2853 pleuritide
1533 2814 1711 2846 exstinctus
1732 2815 1780 2846 est
1803 2815 1876 2855 (421
1897 2817 1987 2855 Sept.
2000 2815 2024 2854 ),
2040 2815 2197 2846 exstincta

1147 2865 1177 2896 in
1194 2865 1400 2898 Occidentem
1414 2866 1460 2898 ira
1476 2868 1573 2907 atque
1586 2867 1799 2908 expeditione,
1814 2877 1924 2909 quam,
1941 2868 2026 2908 quod
2043 2868 2083 2900 ad
2096 2869 2196 2910 impe-

1146 2917 1182 2948 rii
1196 2918 1380 2950 societatem
1397 2918 1554 2950 admissus
1569 2928 1634 2950 non
1647 2921 1740 2959 esset,
1755 2919 1863 2951 animo
1875 2920 2027 2960 agitabat.

1188 2973 1239 3001 35.
1265 2969 1374 3008 Vatia,
1398 2970 1539 3010 principe
1556 2972 1757 3011 Gothorum,
1773 2973 1877 3003 morte
1893 2971 2066 3013 absumpto
2089 2972 2195 3013 (418),

1146 3021 1315 3062 imperium
1332 3023 1573 3055 Tbeudericbus
1587 3024 1734 3064 suscepit.

1189 3078 1237 3105 36.
1263 3075 1406 3115 scriptor
1428 3075 1517 3107 varia
1539 3076 1700 3107 maritimo
1724 3076 1838 3108 itinere
1861 3084 1989 3116 passus,
2007 3077 2062 3108 vix
2090 3077 2198 3108 salvus

1146 3126 1257 3157 evasit.
1302 3126 1363 3158 Ubi
1378 3130 1410 3158 et
1426 3127 1603 3168 prodigiosa
1617 3127 1765 3168 quaedam
1780 3127 1820 3160 de
1829 3127 1932 3160 sidere
1949 3131 2195 3166 commemorat,

1147 3177 1180 3208 in
1194 3177 1297 3218 ipsum
1314 3178 1431 3219 navigii
1451 3179 1571 3211 malum
1588 3188 1702 3219 magno
1716 3188 1791 3211 cnm
1807 3179 1946 3220 pondere
1962 3179 2146 3219 ingruente,
2162 3183 2198 3210 ut

1143 3229 1212 3269 Jam
1228 3230 1390 3270 mergendi
1410 3230 1608 3263 viderentur.
1653 3233 1804 3263 Uraniam
1824 3240 1900 3263 vero
1923 3233 2100 3263 meteorum
2119 3231 2196 3262 illud

1146 3290 1165 3312 a
1181 3282 1286 3314 nautis
1307 3282 1470 3322 appellari.
1489 3283 1597 3314 Refert
1619 3282 1658 3315 de
1681 3283 1815 3323 psittaco
1827 3308 1835 3323 ,
1851 3292 1991 3324 quocum
2014 3291 2113 3314 annos
2130 3282 2196 3322 ipse

1147 3333 1256 3373 viginti
1270 3333 1398 3373 vixerit,
1411 3335 1449 3366 ut
1462 3334 1582 3366 nullam
1596 3335 1661 3366 sere
1672 3335 1886 3366 humanarum
1902 3335 2066 3366 actionum
2076 3357 2085 3372 ‚
2096 3341 2195 3373 quam

1147 3394 1211 3417 non
1228 3386 1418 3425 imitaretur,
1432 3387 1584 3419 omiserit.
1601 3387 1743 3419 saltabat
1762 3387 1846 3418 enim
1861 3412 1869 3425 ,
1885 3387 1916 3418 et
1929 3386 2075 3425 canebat,
2096 3387 2127 3417 et
2138 3394 2195 3416 suo

1147 3447 1308 3479 quemque
1322 3439 1451 3471 nomine
1465 3438 1696 3480 compellabat,
1710 3440 1879 3479 ceteraque
1897 3438 2042 3470 faciebat.

2032 3501 2047 3523 5
