2326 3724
158 207 231 242 1⁷4

153 288 215 335 τὴν
230 278 324 327 ἰδέαν
340 291 402 327 τοῦ
417 287 532 336 πάντη
547 288 728 332 διεστῶτος
742 286 952 339 πνεύματος,
967 286 1189 336 αὐτοκίνητόν

154 363 191 385 τε
212 340 317 387 εἶναι.

207 418 255 445 54.
280 404 464 458 Πύρρων
494 407 512 443 ὃ
532 405 668 449 Ηλεῒος
695 403 896 456 Ἀναξάρχῳ
919 405 1193 451 συνακολουθῶν,

155 462 216 501 καὶ
243 465 312 507 τοῖς
341 464 631 517 γυμνοσοφισταῖς
658 479 718 502 και
750 465 819 506 τοῖς
831 461 970 533 μάγοις
998 461 1189 512 συνέμιξεν.

156 516 267 565 Ουτος
281 521 320 559 τὸ
333 538 394 568 της
411 521 654 574 ἀκαταληψίας
668 521 756 560 καῖ’
743 537 871 573 εποχης
887 515 973 565 εἶδος
987 521 1192 572 εἰσήγαγεν·

155 578 251 617 οὐδὲν
268 578 335 632 γὰρ
363 579 511 632 ἔφασκεν
531 580 608 618 οὔτε
629 580 734 618 καλὸν
762 579 838 618 οὔτε
868 579 1011 632 αἰσχρὸν
1042 579 1120 618 οὔτε
1142 579 1195 617 δί-

155 654 253 676 καιον
286 638 363 676 οὔτε
399 638 530 676 ἄδικον.
562 638 635 678 Καὶ
663 638 789 689 ὁμοίως
818 638 875 676 ἐπὶ
903 637 1054 685 πάντων,
1088 637 1194 688 μηδὲν

156 701 245 735 εἰναι
261 700 303 749 τῇ
322 697 441 743 αληθεί
444 713 483 749 α,
502 697 599 750 νόμῳ
616 697 652 735 δὲ
669 713 728 735 και
745 698 812 735 ἔθει
831 697 946 734 πάντα
966 696 1044 739 τους
1060 696 1194 748 ἀνθρώ-

155 768 240 799 πους
259 755 443 806 πράττειν·
464 755 502 792 οὐ
522 755 589 807 γὰρ
607 756 738 805 μᾶλλον
764 755 842 794 τόδε
863 754 886 801 ἢ
906 754 983 792 τόδε
1004 748 1121 792 εἶναι
1109 753 1195 792 ε’κα-

156 829 252 853 στον.
273 813 373 852 Φασὶ
389 812 424 851 δὲ
445 813 548 851 αὐτὸν
568 815 730 851 ἐκπατεῖν
747 813 806 851 καὶ
820 813 1022 865 ἐρημάζειν,
1043 811 1193 855 σπανίως

158 872 422 925 ἐπιφαινόμενον
449 878 518 916 τοῖς
538 872 637 911 οἴκοι.
663 875 776 911 Τοῦτο
797 871 832 910 δὲ
862 873 970 918 ποιεῖν
997 870 1193 909 ἀκούσαντα

156 930 267 969 Ἰνδοῦ
288 930 376 974 τινὸς
391 932 611 975 ὀνειδίζοντος
632 930 854 982 Ἀναξάρχῳ,
873 931 920 972 ὡς
939 931 1002 968 οὐκ
1021 929 1063 966 ἂν
1081 928 1195 981 ἕτερόν

156 1003 233 1027 τινα
257 989 390 1033 διδάξαι
407 983 503 1031 οἶτος
521 989 660 1039 ἀγαθὸν,
687 989 788 1032 αὐτὸς
812 987 919 1032 αὐλὰς
942 987 1123 1038 βασιλικὰς
1143 992 1196 1026 θε-

159 1047 331 1098 ραπεύων.
350 1047 418 1086 ’Aet
432 1062 468 1084 τε
486 1041 573 1084 εἶναι
587 1049 621 1084 ἐν
635 1049 684 1099 τῷ
697 1048 791 1099 αὐτῷ
808 1048 1076 1096 καταστήματι·
1091 1045 1196 1093 ὥστε,

157 1107 187 1143 εἰ
206 1105 266 1143 καί
279 1122 329 1149 τις
350 1104 452 1143 αὐτὸν
472 1105 660 1143 καταλίποι
681 1104 808 1155 μεταξὺ
825 1104 989 1155 λέγοντα,
1006 1106 1101 1156 αὑτῷ
1118 1105 1196 1141 δια-

157 1162 332 1214 περαίνειν
349 1162 409 1200 τὸν
427 1162 542 1214 λόγον.
563 1163 740 1206 Πολλάκις
754 1178 790 1200 τε
808 1162 868 1200 καὶ
884 1161 1056 1212 ἀπεδήμει
1076 1162 1198 1212 μηδενὶ

159 1219 353 1271 προειπὼν,
380 1219 440 1258 καὶ
469 1219 700 1273 συνερέμὸετο
728 1215 871 1258 οἷστισιν
892 1220 1007 1268 ἤθελε.
1029 1222 1198 1267 Καταλη-

157 1278 250 1330 φθεὶς
266 1278 303 1316 δέ
322 1294 405 1316 ποτε
423 1281 516 1332 αὑτῷ
534 1279 663 1326 λαλῶν,
686 1278 745 1317 καὶ
771 1278 953 1331 ἐρωτηθεὶς
977 1277 1039 1325 τὴν
1067 1280 1195 1327 αἰτίαν,

159 1336 223 1388 ἔφη
238 1366 248 1384 ,
269 1338 418 1387 μελετᾶν
440 1337 592 1390 χρηστὸς
618 1332 721 1378 εἶναι.
744 1337 806 1376 Ἔν
830 1340 905 1381 ταῖς
931 1337 1115 1384 ζητήσεσιν
1140 1337 1198 1376 ὑπ’

158 1395 292 1438 οὐδενὸς
311 1397 571 1448 κατεφρονεῖτο,
590 1395 647 1433 διὰ
676 1396 715 1434 τὸ
744 1396 972 1447 [δι]εξοδικῶς
990 1396 1117 1448 λέγειν,
1138 1396 1198 1434 καὶ

157 1454 241 1506 πρὸς
272 1453 452 1506 ἐρώτησιν.
484 1453 588 1493 Οὕτω
609 1455 638 1492 δ’
666 1454 814 1501 ὑπὸτῆς
842 1456 1006 1505 πατρίδος
1030 1454 1198 1505 ἐτιμήθη,

158 1511 251 1550 ὥστε
269 1513 327 1550 καὶ
348 1513 526 1565 ἀρχιερεὺς
546 1512 718 1564 κατέστη,
736 1513 796 1551 καὶ
816 1514 858 1551 δι’
879 1515 1008 1551 ἐκεῖνον
1028 1519 1114 1551 πᾶσι
1130 1514 1199 1557 τοῖς

160 1570 359 1623 φιλοσόφοις
381 1571 520 1609 ἀτέλεια
535 1571 721 1624 ἐψηφίσθη.
746 1571 909 1615 Εὗσεὸῶς
930 1572 989 1610 καὶ
1004 1575 1047 1623 τῇ
1068 1573 1199 1625 ἀδελφῇ

160 1629 309 1667 συνεὸίω
335 1629 541 1680 μαιευούσῃ.
567 1629 638 1669 Καὶ
661 1629 771 1682 φέρων
790 1631 835 1674 εἷς
863 1629 925 1676 τὴν
951 1630 1096 1683 ἀγορὰν,
1120 1630 1199 1668 ἐπί-

159 1703 313 1740 πρασκεν
327 1688 472 1740 ὀρνίθια,
489 1689 518 1726 εἰ
532 1687 643 1739 τύχοι,
669 1690 727 1726 καὶ
743 1688 907 1740 χοιρίδια.
925 1689 995 1727 Καὶ
1011 1688 1056 1727 τὰ
1068 1688 1125 1726 ἐπὶ
1139 1691 1200 1735 τῆς

161 1746 272 1788 οἰκίας
293 1747 472 1798 ἐκάθαιρεν
494 1745 700 1798 ἀδιαφόρως.
723 1747 794 1785 Και
816 1746 972 1798 χολήσας
989 1763 1024 1785 τι
1040 1746 1120 1797 περι
1139 1763 1201 1795 της

161 1805 311 1856 ἀδελφῆς
334 1803 510 1855 (Φιλίστα
537 1803 731 1853 ἐκαλεῖτο),
751 1804 835 1857 πρὸς
857 1804 896 1851 δὴ
929 1805 986 1842 τὸν
1008 1805 1199 1858 λαὸόμενον

162 1866 276 1913 εἶπεν,
294 1865 338 1905 ὡς
357 1864 419 1900 οὐκ
436 1863 470 1900 ἐν
489 1862 619 1914 γυναίῳ
641 1862 799 1907 ἐπίδειξις
816 1880 876 1909 της
893 1863 1110 1916 ἀδιαφορίας.
1130 1864 1202 1903 Καὶ

163 1921 264 1964 κυνός
291 1936 377 1959 ποτε
413 1920 651 1973 ἐπενεχθέντος
679 1922 823 1960 διασοὸ.
803 1922 895 1968 ηθεὶς
928 1926 1002 1960 εἰπε
1032 1923 1118 1975 πρὸς
1145 1923 1202 1961 τὸν

163 1979 420 2029 αἰτιασάμενον,
446 1981 492 2022 ὡς
516 1979 671 2030 χαλεπὸν
709 1980 762 2027 εἴη
790 1981 1030 2033 [ὃλοσχερως]
1063 1982 1203 2018 ἐκδυναι

162 2038 220 2076 τὸν
238 2038 434 2091 ἄνθρωπον·
454 2038 751 2088 διαγωνιζεσθαι
733 2039 769 2077 οὲ
785 2042 921 2091 πρῶτον
941 2039 1002 2090 μὲν
1017 2042 1063 2082 ὡς
1079 2033 1150 2078 οἷόν
1167 2056 1203 2077 τε

162 2105 232 2142 τοῖς
249 2097 359 2150 ἔργοις
380 2097 465 2149 πρὸς
487 2096 532 2134 τὰ
553 2097 765 2149 πράγματα,
787 2098 818 2136 εἴ
833 2113 871 2148 γε
893 2097 956 2148 μὴ,
973 2101 1023 2151 τῷ
1039 2113 1078 2148 γε
1094 2098 1202 2150 λόγῳ.

216 2170 265 2195 55.
300 2156 555 2204 Ποτάμωνα
583 2156 642 2194 τὸν
664 2157 901 2202 Ε’Ῑιτυληναῖον
924 2156 1053 2209 ῥήτορα
1075 2158 1122 2200 εἷς
1143 2156 1206 2203 τὴν

164 2215 315 2267 πατρίδα
345 2215 528 2253 ἐπανιόντα
549 2214 633 2253 ποτὲ
660 2217 677 2252 ὁ
700 2215 840 2267 Καῖσαρ
863 2214 1026 2267 Τιὸέριος
1044 2214 1208 2259 τοιούτοις

165 2274 332 2324 ἐφωδίαζε
347 2273 551 2326 γράμμασι·
573 2291 590 2307 «
614 2273 818 2322 Ποτάμωνα
835 2272 894 2310 τὸν
906 2273 1157 2316 Λεσὸώνακτος
1177 2272 1209 2310 εἴ

165 2348 215 2375 τις
248 2333 377 2369 ἀδικεῖν
421 2330 612 2382 τολμήσει,
641 2330 847 2384 σκεψάσθω,
876 2330 908 2369 εἴ
933 2346 992 2382 μοι
1020 2330 1205 2378 δυνήσεται

165 2394 345 2440 πολεμεῖν.
366 2407 380 2423 υ

663 2462 708 2500 Σ.

221 2562 270 2587 56.
292 2550 342 2586 Σι
335 2546 493 2585 Ἐυλλα
513 2546 698 2597 Ρωμαῖκὴ
720 2547 758 2584 λέ
745 2545 837 2590 ε’ξις
823 2547 928 2592 εστὶν,
951 2546 1209 2598 ἓρμηνευομένη

172 2609 350 2658 προφῆτις.
369 2606 479 2644 εΌθεν
494 2621 529 2643 αι
543 2605 677 2652 θήλειαι
696 2605 882 2677 μάντιδεςε
869 2620 916 2642 ενι
930 2605 1073 2654 ὀνόματι
1089 2603 1212 2642 σίὸυλ-

171 2667 230 2702 λαι
241 2665 473 2714 ὠνομάζοντο.
489 2666 518 2703 l
520 2663 658 2714 εγόνασι
674 2662 710 2700 δὲ
726 2662 897 2702 Σίὸυλλαι
912 2661 1007 2709 δέκα,
1025 2666 1073 2701 ὧν
1089 2661 1211 2713 πρώτη

171 2727 191 2769 ἡ
218 2723 384 2762 Χαλδαία
407 2726 430 2769 ἡ
453 2722 532 2774 περὶ
551 2723 706 2774 Χριστου
731 2736 1016 2775 προφητευσασα.
1048 2723 1093 2760 Εἰ
1122 2720 1157 2759 δὲ
1182 2723 1211 2758 οἱ

172 2782 283 2834 στίχοι
301 2783 407 2828 αὐτῆς
426 2783 557 2823 ἀτελεῖς
575 2780 803 2832 εὑρίσκονται,
820 2779 878 2818 καὶ
897 2779 1054 2832 ἄμετροι,
1069 2781 1131 2817 οὐκ
1150 2781 1212 2816 αὖ-

173 2844 231 2887 τῆς
255 2844 277 2886 ἡ
299 2840 413 2888 αἶτία,
435 2834 526 2878 ἀλλὰ
551 2842 619 2878 τῶν
639 2840 884 2892 ταχυγρᾶφων,
913 2837 1212 2890 ἀσυμφθασάντων

175 2903 213 2950 τῇ
239 2897 330 2951 ῥύμῃ
355 2903 415 2937 τοῦ
442 2899 565 2950 λόγου·
587 2898 664 2949 ἅμα
691 2898 758 2952 γὰρ
783 2901 826 2949 τῇ
851 2897 1013 2948 ἐπιπνοίᾳ
1038 2896 1214 2935 ἐπέπαυτο

174 2959 194 3002 ἡ
212 2959 278 2993 τῶν
298 2956 492 3005 λεγομένων
515 2955 650 3006 μνήμη.

226 3027 271 3052 57.
291 3015 378 3060 Στη
392 3030 412 3051 σ
424 3013 544 3067 ίχορο
556 3031 570 3058 ς
592 3017 609 3052 ὁ
627 3013 765 3066 λυρικὸς
783 3013 920 3067 γράψας
940 3013 1045 3067 ψόγον
1065 3012 1211 3060 Ἑλένης

174 3070 371 3122 ἐτυφλώθη·
399 3071 503 3109 πάλιν
529 3071 564 3109 δὲ
587 3072 724 3125 γράψας
746 3071 892 3118 Ἑλένης
920 3070 1103 3124 ἐγκώμιον,
1132 3070 1214 3109 ἀνέ-

176 3129 314 3181 ῧλεψεν.
336 3129 490 3177 Ἐκλήθη
508 3130 542 3168 δὲ
562 3131 794 3183 Στησίχορος,
809 3133 855 3174 ὡς
867 3132 1001 3182 πρῶτος
1018 3132 1052 3168 ἐν
1068 3133 1215 3183 κιθαρῳ-

177 3187 232 3239 δίᾳ
249 3187 379 3234 στήσας
397 3188 517 3240 χορόν·
538 3189 702 3240 πρότερον
723 3188 790 3242 γὰρ
810 3189 935 3233 Τισίας
955 3187 1104 3240 ἐλέγετο.

999 201 1162 242 HESYC
1168 202 1240 241 ΗΠ
1269 204 1460 243 MlLESIl

1253 303 1330 327 vero
1349 295 1555 336 geometriam
1564 306 1574 336 ;
1588 294 1823 336 definiebatque
1838 295 1978 328 animam
1993 303 2060 328 esse
2075 296 2210 328 formam
2225 297 2290 337 spi·

1253 353 1332 386 ritus
1344 363 1474 394 quoquo
1486 363 1614 387 versum
1630 354 1793 394 distracti,
1807 355 1840 386 et
1863 363 1897 386 se
1912 355 2024 395 suapte
2039 355 2072 387 vi
2096 356 2292 388 moventem.

1295 413 1346 444 54.
1373 412 1517 453 Pyrrho·
1544 412 1640 445 Eleus
1670 412 1850 445 Anaxarchi
1879 421 1986 444 comes
2016 421 2091 444 cum
2118 414 2293 454 Gymnoso-

1253 469 1364 510 phistis
1380 469 1467 502 Indis
1490 471 1522 502 et
1547 471 1645 511 Magis
1663 454 1925 503 consueffidinem
1951 470 2074 503 habuit.
2104 471 2164 503 Hic
2192 470 2293 512 legem

1253 526 1415 568 quandam
1437 528 1469 559 et
1485 527 1656 559 formulam
1678 527 1800 560 invexit
1818 527 2202 568 incomprehensibilitatis
2215 528 2296 560 etin

1254 580 1456 620 dijudicando
1480 581 1705 622 suspensionis.
1732 582 1872 622 Negabat
1897 582 2072 622 quidquam
2094 590 2204 614 revera
2229 590 2297 615 esse
2323 582 2326 595 ²

1257 634 1424 666 honestum
1436 635 1487 667 vel
1501 635 1690 676 flagitiosum
1699 659 1708 675 ‚
1720 636 1840 676 justum
1851 637 1902 669 vel
1913 637 2067 676 injustum
2081 649 2088 669 ι
2101 637 2133 668 et
2145 636 2296 669 consimi-

1256 687 1326 719 liter
1339 687 1379 719 de
1392 688 1504 720 ceteris
1519 698 1526 719 :
1542 689 1686 721 homines
1701 689 1927 722 tantummodo
1941 692 2057 721 cuncta
2072 698 2166 730 agere
2183 690 2239 722 aut
2255 698 2299 722 ex

1255 741 1330 782 legis
1345 743 1489 774 instituto
1504 744 1559 775 aut
1574 753 1614 776 ex
1627 744 1874 784 consuetudine,
1889 744 2063 776 disserebat
2077 755 2086 776 ε
2100 744 2200 776 nihilo
2212 744 2298 776 enim

1256 795 1355 835 magis
1367 795 1429 826 hoc
1441 804 1539 836 quam
1552 796 1631 827 illud
1644 805 1723 830 esse.
1739 797 1918 829 praedicant
1931 797 2022 829 illurn
2036 797 2137 830 solere
2148 796 2298 830 solitudi-

1256 857 1311 880 nes
1323 850 1354 881 et
1369 857 1510 881 secessus
1525 851 1670 890 captare,
1684 859 1756 882 raro
1771 851 1952 884 domesticis
1971 851 2146 884 videndum
2158 861 2196 884 se
2214 860 2299 893 prae·

1256 902 1377 942 bendo,
1401 903 1496 944 idque
1514 903 1621 936 fecisse
1635 905 1675 936 ab
1700 914 1737 937 eo
1749 906 1893 946 tempore
1905 930 1914 946 ,
1931 915 1997 947 quo
2013 906 2130 940 Indum
2155 906 2300 939 audierat

1258 956 1446 988 Anaxarcho
1461 957 1707 997 exprobrantem
1719 958 2003 1000 objicientemqne,
2023 960 2110 1000 quod
2123 960 2221 992 alium
2241 968 2300 992 ne·

1258 1009 1376 1041 minem
1388 1010 1542 1042 virtutem
1555 1013 1587 1042 et
1600 1011 1718 1042 bonum
1731 1011 1878 1050 doceret,
1894 1012 1958 1052 ipse
1968 1013 2057 1045 aulas
2070 1022 2179 1053 regum
2193 1013 2301 1045 colens

1257 1067 1353 1104 atque
1366 1064 1582 1104 frequentans.
1601 1067 1759 1098 Praeterea
1772 1065 1884 1098 eodem
1897 1066 1929 1098 in
1941 1068 2027 1099 statu
2040 1067 2215 1109 habituque
2226 1076 2300 1108 per-

1257 1116 1367 1148 sistere
1379 1117 1509 1148 solitum
1520 1119 1709 1157 memorant,
1720 1119 1757 1149 ut
1767 1142 1777 1157 ,
1791 1118 1915 1150 etiamsi
1928 1118 2087 1152 dicentem
2096 1119 2168 1160 quis
2179 1119 2302 1153 desere·

1259 1172 1318 1210 ret,
1330 1180 1437 1203 secum
1452 1171 1658 1204 nihilominus
1670 1173 1832 1212 inceptum
1846 1181 2028 1206 sermonem
2041 1175 2218 1215 perageret.
2230 1176 2302 1207 Non

1259 1234 1330 1256 raro
1344 1226 1626 1265 peregrinationem
1641 1226 1850 1266 suscipiebat,
1867 1226 1987 1258 nemini
2008 1227 2059 1259 sui
2072 1228 2208 1261 instituti
2224 1227 2304 1260 indi-

1259 1278 1343 1309 cium
1358 1278 1475 1310 faciens
1484 1303 1493 1317 ,
1505 1279 1537 1310 et
1546 1278 1739 1318 quibuscum
1750 1279 1844 1311 vellet
1854 1288 1919 1311 una
1930 1280 2112 1321 vagabatur.
2123 1281 2304 1325 Deprehen-

1259 1339 1312 1363 sns
1327 1331 1519 1372 quandoque
1532 1340 1641 1363 secum
1660 1331 1768 1372 loqui,
1789 1341 1984 1374 causamque
2005 1333 2236 1376 interrogatus,
2251 1343 2304 1368 re-

1259 1386 1386 1425 spondit
1404 1386 1548 1418 meditari
1563 1395 1669 1418 secum
1681 1411 1690 1426 ,
1707 1395 1770 1427 qua
1793 1387 1916 1419 ratione
1934 1388 1982 1419 vir
1998 1388 2102 1421 bonus
2115 1389 2172 1421 fiat
2190 1391 2222 1422 et
2234 1389 2305 1422 aliis
2319 1396 2323 1398 ’

1260 1438 1356 1470 utilis.
1369 1442 1403 1470 ln
1413 1439 1644 1480 quaestionibus
1654 1449 1748 1471 nemo
1758 1440 1919 1480 despectui
1933 1441 2024 1472 illum
2036 1441 2160 1482 habuit,
2169 1450 2208 1474 eo
2218 1441 2304 1483 quod

1259 1492 1401 1523 oratione
1411 1501 1527 1532 pressa,
1539 1494 1570 1524 et
1580 1492 1619 1523 ad
1630 1493 1908 1533 interrogationem
1923 1494 2164 1526 accommodata
2177 1503 2304 1535 respon-

1260 1545 1359 1576 deret.
1372 1547 1408 1576 In
1419 1545 1519 1585 patria
1532 1546 1610 1576 tanti
1621 1547 1669 1577 est
1684 1546 1822 1586 habitus,
1837 1547 1874 1578 ut
1888 1547 2031 1586 pontifex
2045 1547 2208 1579 maximus
2220 1547 2306 1580 desi·

1260 1600 1372 1638 gnatus
1394 1599 1488 1630 suerit
1503 1611 1511 1630 :
1528 1600 1624 1639 atque
1639 1599 1671 1630 in
1687 1599 1757 1638 ejus
1777 1599 1911 1639 gratiam
1938 1599 2087 1632 omnibus
2110 1600 2307 1641 philosophis

1261 1651 1445 1683 immunitas
1457 1660 1476 1683 a
1485 1652 1692 1691 vectigalibus
1703 1652 1865 1692 plebiscito
1878 1653 2078 1693 promulgata
2086 1655 2146 1686 est.
2161 1653 2216 1685 Pie
2226 1653 2307 1686 vixit

1261 1706 1375 1736 etcum
1389 1714 1496 1736 sorore
1506 1705 1743 1737 obstetricante.
1755 1705 1844 1737 Idem
1861 1705 1893 1736 in
1911 1706 2016 1737 forum
2026 1705 2190 1739 deferebat
2200 1706 2305 1739 avicu-

1262 1757 1318 1795 las,
1330 1756 1355 1787 si
1366 1756 1409 1787 ita
1419 1765 1468 1787 res
1477 1756 1608 1795 ferebat,
1619 1758 1650 1788 et
1661 1757 1826 1796 porcellos.
1840 1757 1992 1789 Utensilia
1999 1757 2116 1790 domus
2127 1758 2308 1798 promiscue

1262 1808 1404 1848 tergebat
1416 1809 1448 1839 et
1468 1808 1654 1839 mundabat.
1669 1808 1867 1840 commotior
1880 1809 1911 1839 in
1931 1817 2086 1850 sororem,
2100 1809 2151 1840 cui
2167 1809 2308 1842 Philistae

1263 1869 1379 1891 nomen
1392 1860 1460 1891 erat
1469 1884 1478 1898 ‚
1493 1860 1525 1891 et
1538 1859 1579 1890 ob
1592 1859 1623 1890 id
1635 1860 1843 1899 reprehensus
1860 1859 1900 1891 ab
1913 1860 1975 1891 alio
1988 1859 2071 1892 dixit
2086 1872 2093 1892 ε
2106 1863 2170 1892 «ln
2181 1861 2310 1893 mulier·

1264 1912 1336 1943 cula
1344 1920 1407 1942 non
1417 1911 1575 1942 edendum
1583 1911 1742 1951 specimen
1755 1910 1988 1943 indifferentiae.
2002 1923 2018 1938 ιι
2034 1913 2177 1944 irruente
2187 1912 2263 1944 olim
2277 1912 2310 1944 in

1264 1973 1338 1995 eum
1354 1972 1431 1994 cane
1444 1964 1632 2002 exterritus,
1660 1962 1701 1994 ad
1723 1963 1907 2003 culpantem
1934 1962 2056 1995 dixisse
2077 1965 2276 1995 memoratur
2299 1976 2308 1996 =

1267 2028 1281 2042 «
1294 2017 1397 2052 Quam
1407 2014 1535 2046 difficile
1548 2016 1596 2046 est
1605 2014 1766 2046 hominem
1775 2015 1901 2054 penitus
1908 2022 2026 2046 exuere
2036 2023 2044 2045 ε
2054 2014 2310 2047 contendendum

1265 2067 1373 2097 tamen
1391 2067 1438 2097 est
1452 2066 1588 2105 primum
1598 2089 1608 2105 ,
1625 2074 1721 2105 quam
1735 2065 1805 2097 fieri
1818 2066 1940 2106 potest,
1956 2066 2094 2098 maxime
2102 2065 2270 2106 operibus.
2284 2065 2310 2099 si

1266 2117 1297 2148 id
1311 2117 1377 2149 fieri
1389 2118 1537 2157 nequeat.
1549 2117 1662 2148 saltem
1672 2116 1805 2148 ratione.
1816 2128 1832 2144 »
1845 2117 1962 2156 (Dioq.
1975 2118 2077 2156 lX,61
2093 2126 2168 2158 sqq.
2181 2117 2206 2158 ).

1309 2173 1362 2201 55.
1384 2170 1605 2201 Potamonem
1618 2168 1838 2208 Mytilenaeum
1854 2168 2014 2200 rhetorem
2024 2191 2034 2208 ‚
2047 2169 2186 2209 patrium
2203 2168 2310 2201 solum

1268 2228 1473 2268 repetentem,
1487 2226 1632 2258 Tiberius
1645 2229 1752 2258 Caesar
1765 2226 1946 2266 hujusmodi
1957 2226 2058 2259 literis
2066 2226 2173 2259 viatici
2184 2227 2255 2259 loco
2265 2226 2322 2266 in·⁶

1269 2287 1426 2317 structum
1443 2285 1563 2316 dimisit
1577 2295 1584 2316 :
1604 2298 1620 2312 a
1632 2287 1840 2317 Potamonem
1852 2284 2056 2317 Lesbonactis
2068 2284 2170 2316 filium
2191 2284 2218 2317 si
2238 2285 2312 2326 quis

1269 2338 1430 2371 offendere
1452 2338 1600 2379 audebit,
1618 2338 1795 2370 consideret
1809 2346 1919 2370 secum
1931 2338 2002 2378 ille,
2018 2346 2060 2371 an
2071 2346 2200 2371 mecum
2212 2339 2311 2372 susci·

1271 2402 1344 2434 pere
1360 2393 1481 2425 bellum
1497 2392 1612 2425 valeat.
1632 2405 1648 2421 n

1776 2460 1814 2500 S.

1315 2559 1365 2586 56.
1381 2554 1515 2595 Sibylla
1539 2562 1671 2585 romana
1685 2562 1749 2585 vox
1759 2553 1824 2594 est,
1840 2552 2001 2585 fatidicam
2015 2552 2182 2586 mulierem
2193 2553 2326 2594 signifi·-

1272 2621 1365 2652 cans,
1379 2612 1464 2644 unde
1478 2612 1625 2644 vaticinae
1637 2612 1763 2644 feminae
1778 2621 1841 2643 uno
1854 2611 1984 2644 nomine
1996 2611 2125 2652 Sibyllae
2139 2613 2308 2644 vocantur.

1274 2673 1388 2702 Decem
1414 2672 1520 2703 autem
1537 2680 1672 2703 numero
1698 2671 1804 2710 fuere,
1823 2679 1960 2711 quarum
1985 2670 2087 2711 prima
2103 2670 2254 2703 Chaldaea
2271 2669 2312 2703 de

1273 2729 1398 2761 Christo
1411 2729 1583 2760 vaticinata
1594 2730 1640 2760 est
1653 2741 1662 2769 ;
1679 2729 1771 2768 cujus
1783 2729 1810 2761 si
1832 2738 1943 2761 versus
1956 2729 2078 2769 aliquot
2090 2728 2266 2770 imperfecti
2279 2729 2326 2767 etr

1274 2787 1412 2819 metricis
1419 2787 1538 2827 legibus
1548 2796 1661 2827 parum
1674 2788 1854 2819 constantes
1866 2787 2084 2827 inveniuntur,
2094 2796 2161 2819 non
2171 2787 2272 2828 ipsius
2280 2785 2326 2819 idn.

1273 2845 1386 2886 culpa,
1404 2845 1459 2876 sed
1472 2846 1649 2877 scribarum
1660 2870 1669 2885 ‚
1693 2846 1747 2885 qui
1763 2845 1915 2877 orationis
1933 2845 2128 2877 celeritatem
2143 2845 2326 2888 scribendo}

1272 2904 1396 2944 assequi
1408 2904 1639 2944 nequiverunt,
1656 2903 1742 2943 quod
1755 2904 1851 2935 simul
1868 2912 1942 2934 cum
1957 2905 2099 2935 cessante
2110 2903 2326 2944 inspiratione·³

1273 2962 1433 2994 dIctorum
1446 2962 1600 2993 memoria
1610 2961 1824 2993 intercideret.

1316 3022 1365 3050 57.
1384 3017 1595 3050 stesichorus
1618 3018 1757 3058 lyricus,
1773 3027 1872 3057 quum
1891 3017 2064 3058 scripsisset
2079 3018 2208 3050 Helenae
2225 3019 2326 3062 vitu-3

1275 3061 1416 3101 perium,
1441 3060 1612 3091 luminibus
1636 3061 1766 3091 orbatus
1781 3061 1862 3099 tuit,
1890 3063 2017 3100 recepto
2033 3060 2121 3098 visu,
2146 3063 2326 3110 postquam,

1276 3105 1479 3142 recantasset,
1492 3103 1576 3134 edito
1587 3104 1715 3135 Helenae
1725 3103 1879 3134 encomio.
1893 3105 2014 3135 Nomen
2024 3105 2131 3135 autem
2143 3101 2326 3136 stesichori:

1274 3147 1414 3186 accepit,
1429 3145 1514 3186 quod
1526 3146 1647 3185 primus
1660 3146 1794 3177 chorum
1816 3146 1984 3178 statuerit*
1977 3155 2008 3177 in
2021 3147 2118 3178 cantu
2130 3146 2171 3177 ad
2183 3145 2294 3178 tibiam
2303 3167 2326 3187 „2

1276 3192 1379 3223 dictus
1393 3194 1486 3223 antea
1502 3191 1611 3223 Tisias.

219 3299 238 3340 §
254 3303 304 3331 55.
323 3299 441 3331 Eadem
456 3300 579 3340 plenius
591 3300 715 3332 suidas.
730 3302 770 3333 V.
787 3302 897 3341 fragm.
914 3303 1038 3333 Potam.
1053 3302 1132 3333 tom.
1153 3303 1198 3332 lll
1213 3325 1222 3340 ,
1240 3309 1270 3340 p.
1288 3304 1360 3332 505.

220 3346 239 3387 §
254 3350 304 3378 56.
320 3345 439 3377 Eadem
454 3347 516 3377 alio
533 3347 644 3379 ordine
659 3347 773 3380 suidas
786 3357 811 3380 s.
830 3357 862 3380 v.
878 3348 928 3380 Cf.
943 3348 1086 3381 Crameri
1103 3347 1221 3380 Anecd.
1244 3349 1341 3380 Paris.
1355 3350 1382 3388 1,
1401 3357 1431 3388 p.
1449 3349 1507 3379 332
1525 3354 1574 3386 sq.

224 3393 243 3434 ὃ
262 3396 312 3426 57.
327 3392 447 3425 Eadem
465 3392 578 3425 suidas
588 3402 614 3425 s.
635 3402 664 3425 v.
