2326 3724
93 225 161 257 ¹04

84 303 243 357 χρόνους,
263 303 323 348 τὰς
339 305 504 356 γυναῖκας
523 307 560 343 οὐ
580 305 744 358 πρότερον
761 307 907 358 διαφῆκε
923 306 1003 359 πρὶν
1020 306 1042 353 ἢ
1062 306 1123 353 τὴν

84 361 322 415 πρεσῧυτέραν
335 366 403 401 τῶν
429 364 692 402 Βαλεντινιανοῧ
722 365 1120 416 θυγατέρων’(Εὔδοκία

85 420 120 458 δὲ
138 415 179 467 ἦν
204 420 313 471 ὄνομα
334 422 446 474 αὐτῇ)
468 421 641 474 Ὁνορίχῳ
661 423 710 474 τῷ
730 424 852 461 ἑαυτοῦ
868 423 968 461 παιδὶ
984 438 1123 462 κατενε-

84 479 207 530 γύησε.
229 479 320 519 Τότε
338 479 404 532 γὰρ
424 479 484 518 καὶ
499 479 562 526 τὴν
583 481 748 525 Εὔδοξίαν
765 481 826 527 τὴν
850 479 1037 520 Θεοδοσίου
1062 485 1124 519 θυ-

84 536 216 590 γατέρα
235 537 422 589 ἀπέπεμπε
440 537 502 576 σὺν
518 540 696 590 Πλακιδίᾳ
716 542 759 591 τῇ
780 538 880 591 ἑτέρα
897 541 1003 585 αὐτῆς
1019 543 1123 590 θυγα-

86 595 164 646 τρὶ,
181 596 224 646 ἣν
243 596 456 647 ἐγεγαμήκει
473 596 668 648 Ὀλύὸριος.
685 599 756 636 Τοῦ
774 596 808 634 δὲ
825 597 885 640 τὰς
898 597 1051 639 Ἰταλίας
1066 595 1126 634 καὶ

87 654 252 693 Σικελίαν
273 656 374 706 δῃοῦν
395 658 412 693 ὁ
435 656 463 694 Γ
466 655 616 707 εζέριχος
632 657 693 693 οὐκ
711 655 842 702 ἀπέστη
855 685 864 702 ,
880 654 970 693 ἀλλὰ
994 656 1125 705 μᾶλλον

88 711 196 756 αὐτὰς
213 712 406 766 ἐξεπόρθει,
421 713 510 763 μετὰ
523 715 580 751 τὸν
598 713 814 766 Μαϊοριανὸν
833 713 1008 765 βουληθεὶς
1026 716 1126 764 βασι-

86 771 195 808 λεύειν
210 774 276 809 τῶν
295 774 329 809 ἐν
351 774 393 824 τῇ
411 771 546 824 ἑσπέρῳ
567 771 756 821 Ῥωμαίων
773 771 959 823 Ὀλύὸριον
982 771 1039 809 διὰ
1063 770 1126 818 τὴν

87 828 122 873 ἐξ
138 830 326 880 ἐπιγαμίας
342 830 556 881 συγγένειαν.
577 834 622 868 V.
645 833 858 869 Tillemont.
876 833 947 876 VI,
968 844 1008 879 p.
1029 830 1101 871 331

313 918 373 954 30.
407 917 467 969 (e.
491 919 580 962 463.
607 921 727 956 Leon.
751 931 811 955 an.
837 918 902 966 7.)

140 1007 231 1042 Exc.
254 1008 310 1043 De
329 1007 401 1055 leg.
433 1014 535 1055 gent.
558 1019 596 1054 p.
621 1012 684 1050 42.
707 1007 754 1049 43
779 1019 787 1043 :
811 1003 898 1043 ‘'Ou
916 1006 946 1043 οἱ
969 1005 1126 1056 ἑσπέριοι

87 1061 262 1112 Ῥωμαῖοι
283 1065 315 1106 ἐς
343 1062 414 1106 δέος
439 1062 589 1106 ἐλθόντες
611 1062 690 1114 περὶ
712 1062 975 1114 Μαρκελλίνου,
993 1061 1128 1112 μήποτε

90 1119 324 1169 αὐξανομένης
340 1123 433 1173 αὐτῷ
449 1123 510 1167 τῆς
525 1121 702 1170 δυνάμεως
718 1121 777 1158 καὶ
794 1120 852 1158 ἐπ’
869 1120 990 1164 αὐτοὺς
1005 1120 1129 1171 ἀγάγοι

88 1178 145 1216 τὸν
178 1179 346 1228 πόλεμον,
388 1178 559 1231 διαφόρως
600 1179 866 1232 ταραττομένων
907 1180 1021 1222 αὐτοῖς
1060 1182 1128 1217 τῶν

90 1236 320 1287 πραγμάτων,
336 1239 436 1274 τοῦτο
457 1237 519 1286 μὲν
536 1239 574 1275 ἐκ
593 1236 796 1284 Βανδήλων,
812 1240 912 1274 τοῦτο
929 1236 965 1274 δὲ
984 1236 1044 1275 καὶ
1066 1239 1130 1276 Αἰ-

88 1294 215 1343 γιδίου,
237 1294 358 1345 ἀνδρὸς
381 1297 419 1332 ἐκ
444 1296 613 1334 Γαλατῶν
642 1294 703 1344 μὲν
731 1298 799 1332 τῶν
825 1294 909 1347 πρὸς
928 1297 970 1347 τῇ
999 1296 1129 1348 ἑσπέρᾳ

89 1351 314 1403 ὁρμωμένου,
334 1354 383 1405 τῷ
404 1352 439 1390 δὲ
461 1354 667 1405 Μαϊοριανῷ
694 1352 1042 1404 συστρατευσαμένου
1070 1353 1129 1391 καὶ

90 1410 255 1456 πλείστην
269 1412 355 1462 ἀμφ’
365 1412 407 1448 αὖ
414 1410 467 1448 τὸν
479 1410 615 1462 ἔχοντος
627 1410 784 1460 δύναμιν,
793 1413 852 1448 καὶ
862 1410 1131 1461 χαλεπαίνοντος

90 1468 146 1506 διὰ
164 1468 225 1515 τὴν
243 1473 300 1507 τοῦ
321 1469 490 1521 βασιλέως
506 1469 692 1520 ἀναίρεσιν·
705 1469 740 1507 ὃν
756 1471 816 1507 τοῦ
831 1470 915 1521 πρὸς
929 1466 1131 1512 Ἰταλιώτας

90 1529 173 1571 τέως
187 1527 349 1578 ἀπήγαγε
363 1527 517 1578 πολέμου
538 1531 555 1574 ἧ
572 1528 655 1579 πρὸς
670 1527 816 1571 Γότθους
829 1526 906 1570 τοὺς
921 1529 954 1565 ἐν
971 1527 1129 1580 Γαλατίᾳ

92 1585 250 1639 διαφορά.
270 1585 359 1637 Περὶ
375 1584 440 1637 γὰρ
457 1589 515 1631 τῆς
533 1585 659 1638 ὁμόρου
686 1585 771 1637 πρὸς
796 1585 942 1628 ἐκείνους
967 1586 1127 1637 διαφιλο-

91 1647 211 1682 νεικῶν
225 1647 288 1694 γ’ἧς
302 1646 474 1696 καρτερῶς
491 1643 661 1696 ἐμάχετο,
673 1643 733 1681 καὶ
749 1643 867 1695 ἀνδρὸς
884 1643 966 1696 ἔργα
983 1643 1130 1694 μέγιστα

93 1705 127 1741 ἐν
143 1702 262 1754 ἐκείνῳ
285 1702 479 1746 ἐπεδείξατο
505 1705 554 1754 τῷ
583 1701 740 1754 πολέμῳ.
759 1702 899 1741 Τούτων
922 1701 963 1748 δὴ
982 1701 1082 1739 ἕνεκα
1101 1703 1131 1740 οἱ

92 1761 247 1813 ἑσπέριοι
262 1761 434 1811 Ῥωμαῖοι
450 1760 548 1812 παρὰ
563 1760 642 1803 τοὺς
658 1759 760 1813 ἑῴους
778 1759 941 1811 πρέσὸεις
958 1758 1130 1810 ἔστειλαν,

92 1819 182 1858 ὥστε
198 1820 312 1862 αὐτοῖς
330 1819 389 1857 καὶ
413 1819 470 1857 τὸν
491 1819 732 1871 Μαρκελλῖνον
761 1818 822 1856 καὶ
838 1817 915 1861 τοὺς
933 1818 1132 1864 Βανδήλους

94 1877 289 1923 διαλλάξαι.
310 1878 401 1930 Πρὸς
418 1877 480 1928 μὲν
496 1878 553 1916 τὸν
576 1877 816 1930 Μαρκελλῖνον
838 1875 1030 1928 Φύλαρχος
1047 1891 1131 1914 στα-

91 1937 162 1980 λεὶς
194 1935 311 1974 ἔπεισε
340 1935 431 1974 κατὰ
463 1935 652 1986 Ῥωμαίων
680 1934 772 1974 ὅπλα
799 1933 848 1984 μὴ
870 1939 989 1972 κινεῖν.
1024 1933 1068 1973 Ὁ
1096 1933 1132 1972 δὲ

93 1993 190 2047 παρὰ
211 1993 287 2037 τοὺς
305 1993 502 2040 Βανδήλους
518 1993 641 2037 διαὸὰς
661 1993 836 2046 ἄπρακτος
859 1991 1050 2044 ἀνεχώρει,
1071 1995 1132 2030 τοῦ

93 2051 279 2104 Γεζερίχου
303 2051 352 2102 μὴ
374 2051 488 2095 ἄλλως
517 2052 574 2089 τὸν
605 2050 759 2102 πόλεμον
785 2050 994 2097 καταθήσειν
1027 2051 1131 2087 ἀπει-

93 2165 246 2204 majorem
255 2164 477 2196 natutiliarum
492 2163 719 2201 Valentiniani,
729 2162 902 2194 Eudociam
913 2163 1054 2201 nomine,
1068 2163 1133 2193 Ho-

93 2218 226 2250 noricho
244 2217 308 2248 tilio
322 2216 544 2256 desponderet.
560 2218 653 2248 Tunc
673 2215 757 2246 enim
776 2214 950 2246 Eudoxiam
963 2238 972 2254 ,
988 2213 1134 2246 Theodo-

94 2270 133 2301 sii
153 2269 270 2309 ffliam,
286 2268 406 2300 remisit
430 2277 503 2298 cum
522 2266 679 2305 Placidia‚
697 2266 766 2306 ejus
781 2274 906 2305 sorore,
929 2274 1026 2305 quam
1043 2265 1136 2297 duxit

95 2321 255 2361 Olybrius.
275 2321 384 2359 Neque
406 2323 444 2350 eo
467 2318 569 2350 secius
590 2317 716 2349 ltaliam
731 2318 764 2348 et
783 2316 923 2348 Siciliam
946 2316 1136 2348 Gensericus

94 2375 221 2404 vastare
247 2370 390 2410 destitit,
416 2369 468 2402 sed
496 2370 599 2401 multo
624 2369 724 2409 magis
744 2367 914 2408 saeviebat,
944 2376 1044 2408 quum
1065 2371 1136 2408 post

95 2427 231 2458 mortem
248 2423 412 2463 Maioriani
426 2425 494 2462 (461
513 2431 543 2463 [ι.
558 2423 611 2462 G.)
627 2421 795 2462 olybrium
811 2421 849 2452 ad
862 2421 1031 2461 imperium
1046 2420 1138 2453 Occi-

95 2478 200 2510 dentis
213 2476 388 2518 provebere
402 2475 530 2515 propter
542 2474 731 2505 affinitatem
745 2482 786 2505 ex
800 2472 919 2512 nuptiis
929 2472 1093 2513 cogitaret.

586 2529 645 2561 30.

137 2585 288 2619 Romanis
304 2583 562 2617 occidentalibus
578 2583 609 2613 in
634 2581 846 2622 suspicionem
869 2581 956 2613 venit
978 2580 1136 2613 Marcelli·

97 2648 176 2677 nus,
192 2646 249 2676 ne,
276 2637 302 2668 si
325 2635 424 2676 copiis
449 2636 630 2674 angeretur,
657 2633 689 2664 in
717 2642 770 2664 eos
794 2633 915 2664 bellum
939 2633 1134 2663 transferret.

98 2693 196 2724 Erant
220 2690 305 2722 enim
327 2691 406 2720 tunc
431 2687 584 2727 temporis
608 2688 823 2718 Romanorum
845 2693 894 2716 res
918 2685 1014 2716 variis
1036 2684 1138 2716 modis

96 2744 224 2776 afflictae
240 2743 272 2773 et
288 2739 501 2781 perturbatae,
516 2738 589 2769 hinc
604 2737 773 2775 Vandalis,
789 2736 876 2767 illinc
891 2736 1014 2776 AEgidio
1031 2735 1136 2767 imini-

97 2797 205 2828 nente.
222 2793 282 2825 Hic
299 2792 347 2823 vir
364 2793 402 2822 ex
420 2790 525 2822 Gallia
548 2788 737 2820 occidentali
759 2787 932 2826 oriundus,
955 2788 1009 2828 qui
1031 2787 1061 2818 in
1078 2787 1136 2819 Hi-

96 2846 206 2888 spania
223 2853 298 2876 cuin
314 2842 490 2882 Majoriano
508 2841 713 2878 militaverat,
734 2841 764 2870 et
787 2848 938 2878 magnum
959 2838 1136 2870 exercitum

98 2899 255 2937 habebat,
282 2896 324 2927 ol)
341 2895 462 2926 caedem
480 2893 679 2933 imperatoris
694 2893 762 2923 erat
785 2892 846 2922 illis
865 2891 1015 2923 infensus.
1037 2891 1098 2923 Sed
1119 2899 1138 2922 a

97 2951 181 2984 hello
197 2946 383 2990 appetendis
405 2946 492 2978 ltalis
508 2944 655 2975 avocavit
672 2952 745 2974 eum
759 2945 866 2974 ortum
888 2952 962 2974 cum
978 2943 1092 2974 Gothis
1105 2942 1136 2974 in

98 3003 200 3037 Gallia
224 2999 401 3033 dissidium.
429 3001 474 3029 De
500 2996 697 3028 contermina
721 2996 806 3027 enim
833 2997 957 3035 regione
977 3005 1050 3026 cuin
1076 2996 1137 3027 illis

98 3057 241 3092 certans,
258 3051 380 3083 sortiter
393 3050 512 3080 bellum
527 3047 673 3086 gerebat,
690 3047 721 3077 in
743 3056 808 3086 quo
830 3048 931 3079 inulta
945 3047 1003 3078 viri
1017 3048 1138 3079 strenui

98 3108 131 3139 et
146 3102 337 3144 magnanimi
354 3109 450 3141 opera
466 3099 574 3131 edidit.
598 3100 673 3130 Haec
695 3098 727 3128 in
743 3106 837 3129 causa
853 3099 995 3137 fuerunt,
1021 3100 1057 3130 ut
1072 3101 1136 3130 Ro-

98 3156 186 3191 mani
203 3152 425 3188 occidentales
442 3151 559 3191 legatos
574 3149 614 3181 ad
627 3148 801 3180 orientales
814 3149 993 3188 mitterent,
1010 3151 1041 3181 et
1053 3152 1137 3181 Mar-

99 3209 250 3242 cellinum
264 3207 296 3238 et
312 3204 472 3236 Vandalos
491 3211 598 3233 secum
618 3201 799 3240 ingratiam
816 3201 1013 3232 reducerent.
1038 3204 1078 3233 Et
1097 3196 1138 3234 ad

99 3259 319 3294 Marcellinum
345 3254 473 3295 quidem
498 3253 693 3292 Phylarchus
719 3252 833 3283 missus
858 3253 885 3283 ei
915 3253 1070 3292 persuasit
1098 3263 1138 3285 ne

99 3314 131 3344 in
152 3313 312 3344 Romanos
335 3308 478 3338 moveret
496 3313 596 3335 arina.
616 3305 698 3335 Hinc
714 3303 754 3334 ad
773 3303 934 3334 vandalos
949 3303 1137 3344 deflectens,

99 3364 176 3397 nihil
194 3362 366 3403 quicquam
382 3358 513 3399 profecit
523 3381 531 3395 ‚
544 3359 574 3388 et
589 3356 691 3387 rediit.
708 3355 919 3387 Gcnserichus
932 3356 1016 3387 enim
1030 3365 1137 3387 senon

100 3416 178 3448 alias
194 3414 312 3446 bellum
333 3411 512 3452 positurum
528 3409 667 3439 minatus
689 3410 755 3446 est,
778 3407 835 3438 nisi
851 3407 909 3438 sibi
929 3407 1138 3438 Valentiniani

957 222 1120 262 PRISCI
1150 222 1358 261 PANITAE

1183 308 1339 355 λοῦντος,
1355 309 1383 345 εἷ
1398 306 1448 357 μή
1462 321 1499 357 γε
1515 308 1608 360 αὐτῷ
1621 310 1643 353 ἡ
1661 310 1719 345 τοῦ
1738 308 2001 348 Βαλεντινιανοῢ
2018 310 2078 348 καὶ
2091 311 2220 350 Ἀετίου

1183 365 1363 417 περιουσία
1395 367 1491 417 δοθῇ.
1529 365 1602 403 Καὶ
1621 363 1687 418 γὰρ
1718 366 1778 404 καὶ
1801 366 1898 418 παρὰ
1917 369 1984 405 τῶν
2005 367 2100 421 ἑῴων
2121 369 2221 409 Ῥω-

1185 424 1296 473 μαίων
1313 423 1517 473 ἐκεκόμιστο
1534 424 1657 475 μοῖραν
1670 427 1731 470 τ’ῆς
1745 425 2011 464 Βαλεντινιανοῧ
2025 427 2222 479 περιουσίας

1185 481 1328 532 ὀνόματι
1359 480 1531 524 Εὐδοκίας
1561 485 1624 528 τῆς
1662 484 1712 535 τῷ
1742 482 1927 535 Ὀνωρίχῳ
1960 485 2218 535 γεγαμημένης.

1185 537 1247 576 Διὸ
1276 539 1319 576 δι’
1339 537 1435 582 ἔτους
1463 538 1610 576 ἑκάστου
1629 540 1758 586 ταύτην
1778 544 1838 578 τοῦ
1868 541 2022 591 πολέμου
2050 542 2223 596 πρόφασιν

1185 595 1407 646 ποιούμενος,
1439 595 1536 639 εὐθὺς
1566 591 1646 648 ἦρος
1682 597 1878 650 ἀρχομένου
1914 598 1974 636 σὺν
2012 595 2127 653 στόλῳ
2159 600 2222 647 τὴν

1186 654 1410 706 ἐκστρατείαν
1425 656 1573 693 ἐποιεῖτο
1593 655 1650 693 ἐπί
1663 671 1700 694 τε
1721 657 1884 696 Σικελίαν
1900 657 1960 695 καὶ
1972 657 2032 701 τὰς
2048 658 2220 702 Ἰταλίας·

1186 711 1246 749 καὶ
1262 713 1337 756 ταῖς
1354 711 1415 762 μὲν
1428 713 1582 761 πόλεσιν,
1597 714 1630 751 ἐν
1648 708 1701 758 αἶς
1717 715 1873 766 μάχιμον
1891 715 2036 766 δύναμιν
2052 719 2120 755 τῶν
2134 716 2224 756 Ἰτα·

1186 771 1321 808 λιωτῶν
1349 764 1436 808 εἶναι
1456 771 1669 820 συνέὸαινεν,
1688 774 1726 810 οὗ
1749 773 1873 825 ῥαδίως
1890 774 2139 835 προσεέέρετο·
2157 790 2223 812 κα·

1187 828 1425 878 ταλαμὸάνων
1446 829 1481 866 δὲ
1498 829 1631 882 χωρία,
1651 832 1684 868 ἐν
1702 825 1750 874 οἷς
1770 830 1818 881 μὴ
1835 831 1956 883 ἔτυχεν
1975 836 2060 871 οὖσα
2078 833 2223 871 ἀντίπα-

1187 888 1244 929 λος
1263 885 1426 937 δύναμις,
1447 887 1547 939 ἐδῄου
1565 903 1601 925 τε
1618 888 1678 926 καὶ
1690 889 1972 941 ἠνδραποδίζετο.
1989 892 2043 929 Οὔ
2059 890 2126 944 γὰρ
2141 890 2225 944 πρὸς

1189 945 1304 983 πάντα
1331 945 1376 983 τὰ
1405 945 1634 997 προσὸάσιμα
1654 948 1723 991 τοῖς
1753 948 1942 995 Βανδήλοις
1963 949 2052 1001 μέρη
2074 952 2105 988 οἱ
2129 949 2224 989 'Iret-

1187 1005 1311 1042 λιῶται
1330 1006 1447 1056 ἀρκεῖν
1465 1004 1627 1043 ἐδύναντο
1639 1034 1648 1052 ,
1666 1005 1791 1052 πλήθει
1811 1009 1878 1044 τῶν
1901 1007 2076 1058 πολεμίων
2105 1007 2223 1060 staffi-

1190 1077 1286 1112 μενοι
1304 1061 1364 1100 καὶ
1383 1065 1432 1114 τῷ
1457 1061 1506 1112 μὴ
1528 1063 1689 1114 παρεῖναί
1709 1079 1804 1117 σφισι
1819 1064 1983 1111 ναυτικὴν
2000 1065 2160 1115 δύναμιν,
2179 1065 2224 1112 ἣν

1189 1119 1286 1172 παρὰ
1303 1123 1370 1158 τῶν
1391 1119 1486 1172 ἑῴων
1509 1122 1682 1164 αἰτοῦντες
1698 1123 1760 1160 οὐκ
1779 1121 1968 1174 ἐτύγχανον
1986 1123 2043 1161 διὰ
2059 1122 2119 1168 τὰς
2141 1123 2227 1175 πρὸς

1189 1177 1371 1230 Γεζέριχον
1388 1178 1528 1221 ἐκείνοις
1547 1178 1701 1222 τεθείσας
1718 1179 1879 1223 σπονδάς·
1896 1179 1980 1233 ὅπερ
2000 1180 2051 1219 ἔτι
2073 1180 2226 1231 μάλιστα

1190 1237 1345 1274 ἐκάκωσε
1362 1235 1406 1274 τὰ
1425 1238 1458 1274 ἐν
1479 1240 1521 1289 τῇ
1539 1236 1671 1290 ἑσπέρᾳ
1689 1237 1877 1288 Ῥωμαίων
1899 1239 2094 1292 πράγματα
2113 1239 2170 1278 διὰ
2186 1239 2227 1278 τὸ

1191 1296 1374 1346 διῃρῆσθαι
1390 1293 1452 1340 τὴν
1471 1296 1667 1346 βασιλείαν.

1243 1352 1548 1404 Ἐπρεσὸεύσαντο
1579 1353 1614 1391 δὲ
1646 1357 1723 1391 κατ’
1742 1356 1868 1393 ἐκεῖνον
1896 1355 1954 1393 τὸν
1985 1354 2107 1407 χρόνον
2135 1354 2227 1399 κατὰ

1189 1411 1267 1454 τοὺς
1289 1410 1391 1464 ἑῴους
1411 1410 1611 1462 Ῥωμαίους
1644 1413 1863 1465 Σαράγουροι
1893 1413 1952 1451 καὶ
1980 1414 2140 1466 θῦρωγοι
2169 1414 2226 1451 καὶ

1190 1469 1390 1521 Ὀνόγουροι
1403 1498 1414 1518 ,
1435 1469 1514 1516 ἔθνη
1537 1470 1771 1514 ἐξαναστάντα
1791 1475 1857 1509 τῶν
1877 1472 2010 1509 οἰκείων
2027 1475 2132 1519 ἠθῶν,
2153 1474 2226 1511 Σα-

1191 1527 1297 1579 δίρων
1321 1527 1561 1580 (Σαὸινώρων
1583 1530 1712 1579 Suid.)
1734 1530 1766 1572 ἐς
1785 1529 1904 1581 μάχην
1924 1530 2038 1582 σφισὶν
2058 1530 2226 1576 ἐληλυθό-

1191 1601 1275 1635 των,
1309 1585 1365 1629 οὒς
1395 1586 1567 1631 ἐξήλασαν
1597 1585 1773 1638 Ἆὸάρεις,
1803 1587 2015 1637 μετανάσται
2051 1588 2227 1638 γενόμενοι

1192 1641 1260 1680 ὑπὸ
1288 1644 1393 1681 ἐθνῶν
1424 1643 1605 1682 οἰκούντων
1638 1643 1700 1694 μὲν
1729 1645 1790 1691 τὴν
1813 1647 2067 1698 παρωκεανῖτιν
2102 1646 2225 1695 ἀκτὴν,

1194 1700 1270 1753 [τὴν
1290 1700 1326 1738 δὲ
1341 1701 1460 1754 χώραν
1485 1702 1724 1741 ἀπολιπόντων
1753 1703 1810 1741 διὰ
1828 1705 1867 1741 τὸ
1896 1704 1930 1748 ἐξ
1949 1704 2149 1756 ἀναχύσεως
2170 1708 2228 1743 τοῦ

1194 1760 1347 1797 ὠκεανοῦ
1375 1761 1567 1812 ὁμιχλῶδες
1585 1760 1773 1812 γινόμενον,
1798 1761 1857 1799 καὶ
1877 1765 2016 1814 γρυπῶν
2037 1760 2073 1800 δὲ
2101 1764 2230 1810 πλῆθος

1194 1817 1378 1869 ἀναφανέν·
1396 1818 1479 1869 ὅπερ
1495 1812 1538 1864 ἦν
1555 1818 1653 1869 λόγος
1669 1819 1718 1869 μὴ
1735 1819 1899 1871 πρότερον
1914 1820 2135 1868 παύσασθαι,
2149 1821 2230 1872 πρὶν

1193 1875 1214 1922 ἢ
1239 1874 1343 1927 βορὰν
1361 1875 1576 1922 ποιήσασθαι·
1596 1876 1636 1914 τὸ
1662 1879 1729 1914 τῶν
1764 1877 1953 1930 ἀνθρώπων
1971 1877 2082 1929 γένος·
2110 1879 2160 1916 διὸ
2185 1877 2228 1925 δὴ

1194 1933 1260 1972 ὑπὸ
1281 1935 1388 1972 τῶνδε
1411 1933 1633 1985 ἐλαυνόμενοι
1658 1937 1725 1973 τῶν
1745 1936 1862 1974 δεινῶν
1883 1936 1952 1979 τοῖς
1976 1935 2231 1988 πλησιοχώροις

1192 1991 1368 2039 ἐνέὲαλον,
1389 1993 1448 2031 καὶ
1463 1995 1530 2031 τῶν
1552 1992 1715 2032 ἐπιόντων
1730 1994 1972 2047 δυνατωτέρων
1992 1994 2098 2034 ὄντων
2116 1997 2147 2034 οἳ
2165 1995 2230 2042 τὴν

1193 2049 1312 2102 ἔφοδον
1333 2051 1431 2103 [οὐχ]
1457 2051 1680 2104 ὑφιστάμενοι
1711 2052 2000 2104 μετανίσταντο·]
2021 2052 2140 2106 ὥσπερ
2170 2053 2231 2092 καὶ

1194 2163 1226 2194 et
1241 2162 1320 2194 Aetii
1347 2162 1429 2193 bona
1444 2162 1656 2195 traderentur.
1676 2163 1801 2194 Etenim
1823 2163 1866 2194 ab
1879 2163 2090 2195 Orientalibus
2103 2172 2232 2204 quoque

1194 2214 1317 2254 partem
1331 2213 1490 2245 bonorum
1502 2214 1712 2246 Valentiniani
1726 2214 1908 2246 obtinuerat
1922 2214 2071 2247 Eudociae
2085 2212 2230 2254 nomine,

1195 2274 1267 2306 quae
1289 2266 1490 2305 Honoricho,
1514 2266 1582 2306 eJus
1597 2267 1680 2305 filio,
1696 2268 1857 2306 nupserat.
1879 2267 1983 2306 Atque
1997 2266 2079 2298 hanc
2095 2267 2167 2299 belli
2184 2275 2231 2298 re-

1194 2318 1336 2350 novandi
1352 2319 1552 2350 occasionem
1574 2319 1705 2359 singulis
1719 2319 1810 2350 annis
1826 2318 2011 2359 usurpabat.
2030 2320 2142 2359 ltaque
2162 2319 2231 2350 sta-

1193 2371 1256 2402 tim
1273 2370 1359 2414 veris
1371 2371 1462 2402 initio
1479 2371 1592 2402 infesto
1605 2371 1746 2403 exercitu
1764 2371 1903 2402 Siciliain
1921 2372 1955 2403 et
1974 2370 2080 2403 {talias
2095 2371 2230 2410 invasit,

1195 2425 1227 2455 et
1239 2423 1333 2456 urbes
1342 2423 1472 2464 quidem
1484 2424 1636 2455 italorum
1647 2422 1799 2463 praesidiis
1809 2423 1950 2455 firmatas
1959 2431 2023 2455 non
2033 2423 2124 2455 facile
2133 2432 2231 2464 expu-

1194 2475 1319 2515 gnavit,
1348 2475 1401 2506 sed
1428 2475 1543 2515 oppida
1571 2475 1746 2512 militibus,
1772 2475 1826 2514 qui
1853 2475 2052 2514 resisterent,
2080 2473 2230 2506 destituta

1195 2525 1287 2557 facile
1304 2527 1396 2566 capta
1412 2526 1526 2557 evertit
1539 2527 1572 2557 et
1589 2525 1731 2566 diripuit.
1758 2527 1824 2557 Nec
1845 2525 1930 2557 enim
1952 2525 1991 2556 ad
2009 2525 2135 2564 omnia,
2159 2534 2233 2566 quae

1194 2577 1414 2608 vandalorum
1433 2577 1587 2608 invasioni
1606 2577 1776 2617 patebant,
1794 2576 1914 2608 tuenda
1928 2577 2074 2608 sufficere
2086 2577 2234 2617 poterant

1195 2628 1266 2660 Itali
1277 2652 1286 2666 ‚
1301 2630 1468 2669 propterea
1483 2628 1567 2668 quod
1583 2628 1720 2659 hostium
1738 2627 1945 2659 multitudine
1961 2628 2232 2668 opprimebantur.

1197 2679 1340 2719 Denique
1355 2679 1454 2719 copiis
1467 2679 1634 2710 navalibus
1647 2678 1815 2717 carebant,
1839 2687 1919 2718 quas
1935 2687 2035 2718 quum
2049 2687 2068 2710 a
2085 2680 2234 2711 Romanis

1195 2731 1408 2763 Orientalibus
1422 2731 1601 2771 petiissent,
1616 2739 1679 2761 non
1694 2730 1923 2769 impetrarunt,
1940 2730 2015 2769 quia
2036 2730 2138 2762 soedns
2157 2739 2231 2762 curn

1195 2782 1388 2814 Gensericho
1414 2783 1564 2813 fecerant.
1588 2784 1632 2813 Ea
1656 2791 1724 2818 res,
1748 2781 1848 2811 divisa
1861 2781 1980 2811 scilicet
1994 2781 2116 2821 imperii
2129 2781 2233 2812 admi-

1195 2833 1350 2865 nistrandi
1368 2834 1467 2872 ratio,
1490 2841 1606 2873 magno
1625 2832 1816 2864 detrimento
1838 2833 2056 2863 Romanorum
2073 2832 2230 2865 occiden-

1195 2886 1306 2918 talium
1325 2885 1420 2917 rebus
1438 2885 1506 2917 suit.

1237 2937 1329 2969 Circa
1345 2937 1378 2968 id
1393 2938 1519 2976 teinpus
1531 2936 1650 2975 legatos
1663 2934 1702 2966 ad
1718 2934 1895 2966 orlentalez
1907 2935 2066 2965 Romanos
2078 2933 2232 2966 miserunt

1195 2990 1362 3030 Saraguri,
1389 2989 1484 3028 Urogi
1503 2990 1536 3020 et
1553 2987 1704 3027 Onoguri.
1731 2989 1788 3019 llae
1802 2987 1930 3026 gentes,
1957 2987 2091 3026 propriis
2105 2986 2234 3019 sedibus

1195 3044 1323 3082 eiectae,
1349 3041 1519 3073 commissa
1544 3049 1648 3080 pugna
1673 3048 1747 3070 curn
1775 3039 1909 3076 sabb-is,
1935 3047 2015 3077 quos
2043 3039 2232 3078 expulerant

1197 3096 1326 3134 Abares,
1337 3094 1436 3135 etipsi
1446 3102 1574 3134 quoqne
1585 3095 1729 3124 extorres
1743 3091 1816 3123 facti
1835 3099 1854 3121 a
1864 3090 2010 3130 gentibus
2025 3099 2099 3130 quae
2112 3091 2232 3123 oceani

1197 3149 1287 3180 littus
1299 3147 1500 3184 accolebant,
1514 3145 1569 3176 sed
1583 3144 1671 3176 sedes
1686 3152 1759 3175 suas
1773 3143 1966 3182 reliquerant
1982 3144 2110 3182 propter
2124 3143 2229 3183 ingen·

1197 3201 1244 3231 tes
1262 3199 1396 3230 nebulas
1409 3207 1451 3229 ex
1473 3198 1568 3228 maris
1582 3195 1754 3235 vaporibus
1775 3195 1861 3225 ortas
1883 3194 1914 3224 et
1937 3194 2065 3233 propter
2087 3202 2233 3233 magnam

1197 3251 1411 3292 ingruentium
1436 3250 1629 3290 gryphorum
1661 3246 1917 3284 multitudinem,
1947 3254 2028 3285 quos
2052 3254 2115 3278 non
2146 3246 2234 3286 prius

1198 3311 1375 3334 recessuros
1399 3310 1466 3333 esse
1490 3302 1574 3332 fania
1595 3301 1681 3338 erat,
1701 3306 1796 3338 quani
1819 3306 1917 3337 genus
1939 3297 2112 3328 humanum
2138 3297 2232 3328 devo-

1199 3355 1319 3385 rassent
1333 3365 1339 3384 :
1353 3353 1469 3393 quibus
1483 3350 1717 3382 calamitatibus
1727 3348 1867 3386 excitati,
1881 3348 1911 3379 in
1925 3347 2132 3378 finitimorum
2143 3348 2233 3381 sedes

1199 3407 1392 3447 irruperunt.
1419 3407 1455 3437 Et
1469 3413 1579 3436 omnes
1591 3403 1738 3443 quidem,
1754 3402 1808 3441 qui
1823 3400 1998 3432 violentum
2013 3408 2122 3432 eorum
2134 3399 2234 3443 impe-
