2372 3704
135 274 207 307 484

132 350 227 402 αὐτῷ
247 350 382 386 κεῖσθαι
401 348 463 395 τὴν
485 348 669 394 Μεδούσης
687 348 828 399 λέγουσι
844 350 905 395 τῆς
926 347 1094 400 Γοργόνος
1116 364 1177 386 κε-

132 407 259 458 φαλήν.
283 406 453 451 ,Ἀπόντος
479 406 514 445 δὲ
545 410 604 445 τοῦ
626 406 753 457 μύθου,
772 406 854 445 τάδε
886 406 976 445 ἄλλα
1006 409 1039 450 ἐς
1071 405 1179 453 αὐτήν

132 467 223 502 ἐστιν
242 466 407 516 εἰρημένα
421 480 429 489 ·
449 465 592 517 Φόρὸου
615 464 676 516 μὲν
698 464 869 517 θυγατέρα
889 458 995 512 εἶναι,
1012 464 1179 508 τελευτή-

132 539 255 566 σαντος
275 523 311 561 δέ
340 525 371 561 οἱ
389 527 448 562 τοῦ
466 524 613 576 πατρὸς,
636 523 830 575 βασιλεύειν
859 526 927 561 τῶν
947 523 1027 575 περὶ
1047 522 1110 569 τὴν
1129 522 1180 560 λί-

133 597 222 631 μνην
240 581 302 627 τὴν
313 581 510 634 Τριτωνίδα
524 581 721 629 οἰκούντων,
736 581 796 620 καὶ
811 581 866 620 ἐπὶ
883 582 991 633 θήραν
1007 597 1043 618 τε
1058 580 1180 625 ἐξιέναι

133 640 192 678 καὶ
210 642 243 684 ἐς
258 641 319 685 τὰς
333 641 450 692 μάχας
467 644 627 691 ἡγεῖσθαι
643 646 713 684 τοῖς
730 640 877 687 Αίὸυσι,
895 640 954 678 καὶ
972 639 1012 686 δὴ
1030 639 1089 677 καὶ
1103 639 1180 677 τότε

133 699 410 749 ἀντικαθημένην
443 701 582 752 στρατῷ
621 698 706 750 πρὸς
739 698 802 745 τὴν
836 698 1001 751 Περσέως
1036 697 1181 747 δύναμιν

134 756 303 810 (ἔπεσθαι
323 758 389 809 γὰρ
408 757 469 795 καὶ
489 759 539 810 τῷ
567 760 697 810 Περσεῖ
725 757 874 807 λογάδας
893 758 934 794 ἐκ
958 754 1182 801 Πελοποννή-

133 814 212 866 σου)
233 817 505 866 δολοφονηθῆναι
521 815 673 867 νύκτωρ,
689 814 749 853 καὶ
766 815 823 852 τὸν
842 813 981 866 Περσέα
1001 813 1040 851 τὸ
1057 812 1182 856 κάλλος

133 871 183 910 ἔτι
194 872 255 910 καὶ
275 872 333 910 ἐπὶ
347 875 458 924 νεκρῷ
475 873 696 921 θαυμάζοντα
707 904 716 919 ,
735 871 825 910 οὕτω
842 871 904 917 τὴν
922 870 1076 924 κεφαλὴν
1092 873 1182 908 ἀπο-

133 931 283 981 τεμόντα
301 933 429 979 αὖτῆς,
450 931 546 982 ἄγειν
562 934 631 975 τοῖς
646 931 819 977 ’Έλλησιν
837 932 870 974 ἐς
891 929 1066 974 ἐπίδειξιν.
1083 932 1180 981 Καρ-

133 989 285 1041 χηδονίῳ
304 989 339 1027 δὲ
361 989 459 1040 ἀνδρὶ
490 991 644 1041 Προκλεῖ
659 992 709 1040 τῷ
732 988 932 1041 Εὐκράτους
953 987 1064 1039 ἕτερος
1083 987 1184 1038 λόγος

133 1046 190 1085 ὅδε
214 1047 372 1100 ἐφαίνετο
401 1042 490 1085 εἶναι
507 1051 567 1086 τοῦ
592 1047 762 1100 προτέρου
780 1046 1024 1098 πιθανώτερος.
1050 1046 1184 1092 Λιὸύης

133 1109 155 1153 ἡ
170 1106 298 1157 ἔρημος
308 1105 368 1143 καὶ
379 1105 471 1144 ἄλλα
485 1105 678 1157 παρέχεται
691 1106 793 1158 θηρία
809 1105 997 1143 ἀκούσασιν
1009 1106 1047 1142 οὐ
1061 1103 1183 1152 πιστὰ,

135 1164 196 1201 καὶ
218 1165 337 1216 ἄνδρες
360 1165 508 1202 ἐνταῦθα
529 1163 664 1216 ἄγριοι,
686 1164 746 1202 καὶ
773 1163 890 1216 ἄγριαι
919 1162 1094 1214 γίγνονται
1119 1178 1184 1214 γυ·-

139 1227 253 1265 ναῖκες
265 1238 272 1245 ·
294 1222 391 1274 ἔλεγέ
409 1237 447 1260 τε
464 1224 482 1260 ὃ
501 1224 665 1274 Προκλῆς
685 1221 746 1259 ἀπ’
767 1223 881 1260 αὐτῶν
900 1221 1007 1273 ἄνδρα
1025 1222 1108 1259 ἰδεῖν
1124 1237 1186 1259 κο-

136 1280 301 1330 μισθέντα
320 1282 353 1324 ἐς
378 1280 540 1332 Ῥώμην.
564 1280 711 1326 Εἴκαζεν
744 1276 816 1326 οὖν,
849 1281 1088 1326 πλανηθεῖσαν
1118 1295 1184 1330 γυ-

133 1345 236 1377 ναῖκα
264 1340 304 1377 ἐκ
325 1338 454 1377 τούτων
484 1339 544 1377 καὶ
571 1339 785 1391 ἀφικομένην
812 1339 868 1376 ἐπὶ
887 1339 949 1385 τὴν
969 1339 1097 1388 λίμνην
1122 1337 1185 1384 τὴν

133 1398 332 1450 Τριτωνίδα
348 1397 580 1448 λυμαίνεσθαι
599 1396 677 1441 τοὺς
694 1398 915 1450 προσοίκους,
938 1399 970 1441 ἐς
989 1398 1007 1436 ὃ
1028 1397 1186 1449 Περσεὺς

136 1456 332 1494 ἀπέκτεινεν
350 1455 459 1502 αὐτήν
472 1471 480 1480 ·
495 1456 639 1502 Ἀθηνᾶν
658 1455 694 1493 δέ
711 1458 741 1494 οἱ
762 1451 1055 1494 συνεπιλαὸέσθαι
1072 1457 1183 1493 δοκεῖν

135 1518 194 1551 τοῦ
215 1514 336 1565 ἔργου,
358 1514 411 1552 ὅτι
430 1515 462 1552 οἳ
481 1513 560 1566 περὶ
579 1512 640 1560 τὴν
664 1513 791 1565 λίμνην
815 1514 878 1561 τὴν
907 1513 1106 1566 Τριτωνίδα
1126 1513 1186 1551 ἄν-

136 1576 265 1623 θρωποι
283 1572 411 1619 ταύτης
429 1571 513 1610 εἰσὶν
530 1572 626 1625 ἱεροί.

637 1649 674 1673 2.

191 1700 299 1736 Idem
315 1701 381 1748 IV,
402 1699 464 1747 35,
479 1700 500 1736 3
521 1713 529 1736 :
548 1699 712 1749 Προκλῆς
726 1698 761 1736 δὲ
778 1700 796 1736 ὁ
814 1698 1065 1751 Καρχηδόνιος,
1078 1700 1187 1750 τυχῆς

139 1755 202 1805 μὲν
216 1758 374 1808 χρηστῆς
391 1755 518 1804 εἵνεκα,
532 1756 590 1794 καὶ
605 1755 661 1793 διὰ
675 1755 911 1808 λαμπρότητα
928 1757 1049 1808 ἔργων,
1067 1756 1187 1805 ἔνεμεν

138 1814 350 1867 Ἀλεξάνδρῳ
369 1816 420 1867 τῷ
449 1814 632 1854 Φιλίππου
652 1814 779 1852 πλέον·
799 1814 899 1858 τάξαι
927 1814 962 1852 δὲ
983 1815 1127 1856 ὁπλίτας
1149 1830 1187 1852 τε

137 1872 197 1910 καὶ
215 1873 358 1911 ἱππικὸν
387 1872 448 1911 καὶ
468 1872 748 1924 στρατηγήματα
770 1872 826 1911 ἐπὶ
857 1873 981 1925 ἄνδρας
1001 1872 1187 1923 πολεμίους

137 1934 258 1983 εὑρεῖν,
280 1931 418 1983 Πύρρον
439 1930 586 1983 ἔφασκεν
606 1930 771 1980 ἀμείνονα
789 1930 961 1982 γενέσθαι.

191 1993 279 2027 Haec
292 1992 491 2027 Pausanias
507 1992 663 2026 inseruit
678 1992 886 2026 narrationi
901 1992 949 2027 de
964 1991 1188 2026 Mothonaeis

136 2061 274 2098 magna
293 2050 507 2085 calamitate
526 2049 669 2085 affectis
688 2049 736 2084 ab
760 2050 899 2096 Illyriis
912 2076 922 2094 ,
948 2050 1034 2096 qui,
1056 2061 1187 2084 everso

136 2120 268 2156 regum
287 2108 531 2156 Epirotarum
546 2120 684 2155 regno,
703 2107 955 2156 praedabundi
983 2108 1023 2142 in
1051 2108 1190 2142 Messe-

136 2167 238 2201 niam
267 2158 510 2214 appulerunt.
534 2166 677 2202 Eadem
704 2166 905 2201 occasione
935 2166 1115 2203 Proclem
1142 2165 1190 2202 de

140 2224 288 2272 Pyrrho
305 2225 496 2260 monuisse
514 2225 592 2260 veri
612 2225 843 2259 simillimum
862 2231 930 2260 est.

139 2335 245 2365 mulus
271 2335 366 2365 terrae
391 2334 572 2374 consurgit,
598 2333 631 2365 in
649 2343 713 2374 quo
731 2333 898 2365 conditum
922 2334 1028 2365 rerunt
1049 2334 1190 2366 Medusae

140 2386 296 2426 Gorgonis
311 2388 407 2426 caput
423 2399 430 2418 :
454 2386 494 2418 de
515 2395 577 2426 qua
591 2388 707 2426 praeter
722 2386 863 2417 fabulam
878 2386 947 2417 haec
975 2395 1106 2426 quoque
1128 2386 1188 2417 alia

139 2438 302 2470 memoriae
316 2439 441 2479 prodita
453 2440 537 2470 sunt.
551 2439 667 2470 Phorbi
682 2447 753 2470 eam
764 2439 862 2469 filiam
874 2438 969 2470 fuisse
981 2447 989 2469 :
1003 2440 1092 2478 patre
1104 2448 1190 2470 mor-

139 2491 394 2531 tuo,acceptum
407 2489 515 2521 abillo
538 2499 669 2529 regnum
683 2499 794 2521 eorum
822 2491 1034 2530 populorum,
1052 2490 1106 2530 qui
1121 2490 1190 2521 Tri-

139 2541 282 2574 tonidem
302 2542 452 2582 paludem
467 2542 633 2580 accolunt,
647 2542 793 2573 tenuisse.
809 2542 942 2574 Solitam
957 2542 991 2573 in
1007 2543 1193 2573 venationes

140 2595 173 2626 et
196 2603 318 2635 pugnas
333 2594 422 2626 exire
445 2602 519 2625 cum
539 2593 694 2634 Libyum,
721 2594 838 2633 quibus
866 2594 1062 2634 imperabat,
1081 2603 1191 2627 manu.

141 2648 250 2683 Quare
262 2655 362 2686 quum
378 2647 480 2678 Persei
493 2645 591 2686 copiis
600 2669 608 2684 ‚
623 2654 704 2686 quas
717 2645 769 2676 Me
780 2636 967 2677 lectissimas
980 2654 1020 2676 ex
1035 2646 1192 2685 Pelopon—

141 2705 217 2729 neso
228 2697 425 2736 adduxerat,
439 2697 507 2729 acie
520 2697 728 2736 occurrisset,
744 2698 842 2728 noctu
855 2705 911 2737 per
923 2697 1053 2728 insidias
1068 2706 1193 2737 oppres·

141 2757 220 2780 sam.
242 2750 376 2780 Mortuae
397 2748 669 2789 pulchritudinem
682 2747 876 2779 admiratum
894 2750 1064 2787 Perseum,
1081 2748 1193 2787 praeci-

142 2810 214 2832 sum
227 2802 341 2841 caput,
356 2803 392 2832 ut
407 2801 589 2841 spectaculo
602 2801 706 2839 esset,
724 2801 757 2831 in
775 2800 932 2832 Graeciam
950 2800 1138 2839 reportasse.
1154 2801 1194 2831 At

142 2853 248 2884 Procli
265 2853 534 2893 Carthaginiensi,
550 2852 696 2884 Eucratis
717 2852 782 2883 filio
793 2875 802 2892 ‚
817 2851 886 2884 veri
905 2851 969 2883 sere
991 2851 1125 2882 similior
1142 2851 1195 2882 illa

144 2906 248 2945 priore
264 2906 395 2937 historia
419 2906 489 2937 haec
516 2905 695 2936 videbatur.
723 2907 758 2936 ln
781 2904 896 2936 Africae
920 2903 1054 2935 desertis
1078 2903 1195 2934 bestias

143 2957 227 2997 gigni
242 2957 360 2989 multas
373 2958 510 2990 mirabili
519 2958 623 2998 specie
633 2958 664 2989 et
676 2957 873 2996 incredibili,
888 2956 1035 2996 ferosque
1049 2955 1092 2986 ibi
1110 2955 1195 2986 viros

144 3011 177 3041 et
195 3010 326 3040 seminas
340 3018 408 3041 esse
423 3019 431 3040 z
448 3018 485 3041 ac
502 3010 607 3041 virum
624 3019 657 3042 se
675 3012 811 3042 Romam
827 3010 914 3041 illinc
926 3009 1130 3048 deportatum
1145 3007 1194 3038 vi-

145 3061 227 3093 disse
240 3063 384 3093 testatur.
397 3061 592 3101 conjiciebat
605 3062 712 3102 itaque
725 3071 766 3094 ex
776 3062 837 3094 illis
851 3061 976 3093 feminis
989 3069 1086 3092 unam
1100 3059 1196 3091 fuisse

145 3115 310 3147 Medusam
330 3128 337 3146 :
352 3123 426 3155 quae
440 3124 539 3155 quum
556 3124 576 3146 a
588 3115 653 3147 suis
665 3115 812 3156 gregibus
830 3114 981 3162 aberrans
992 3113 1131 3144 venisset
1155 3111 1196 3142 ad

145 3166 342 3197 Tritonidem
357 3165 525 3206 paludem,
548 3166 616 3205 ejus
633 3167 757 3198 accolas
779 3166 862 3197 male
882 3163 1068 3202 mulctarit,
1094 3171 1197 3203 usque

144 3217 222 3248 dum
242 3226 260 3248 a
275 3219 388 3248 Perseo
403 3218 484 3248 esset
507 3217 623 3248 occisa.
643 3217 839 3257 Adjutricem
852 3225 928 3248 vero
942 3218 1056 3247 Perseo
1077 3214 1196 3246 Miner—

147 3279 221 3301 vam
241 3269 336 3301 fnisse
361 3269 478 3300 idcirco
509 3278 575 3300 csse
597 3269 755 3309 proditam
769 3293 777 3308 ,
793 3268 899 3310 quod,
927 3268 982 3309 qui
998 3266 1196 3299 Tritonidem

147 3321 254 3352 lacum
268 3320 417 3352 accolunt
430 3320 591 3359 homines,
610 3320 763 3352 Minervae
777 3320 858 3352 sacri
871 3321 956 3351 sunt.

654 3376 688 3407 2.

193 3426 350 3466 Pyrrhum
370 3425 496 3457 Procles
519 3425 791 3464 Carthaginiensis
832 3425 960 3456 fortuna
970 3425 1002 3455 et
1018 3432 1124 3454 rerum
1147 3431 1195 3462 ge·

150 3478 271 3509 starum
289 3477 469 3510 Alexandro
485 3477 618 3517 Philippi
644 3476 708 3508 filio
724 3477 904 3508 inferiorem
921 3475 1015 3507 ruisse
1031 3476 1167 3507 testatur
1185 3487 1191 3506 :

878 245 1268 306 PROTAcomnis
1299 266 1545 315 cvzicssm,

1242 380 1805 439 PROTAGORIDES
1851 380 2277 439 CYZICENUS.

1294 494 1558 542 Protagorides
1578 493 1731 529 fortasse
1747 494 1839 529 vixit
1855 494 2091 542 temporibus
2107 493 2286 529 Antiochi

1241 551 1359 600 Grypi
1389 551 1477 601 (qui
1502 554 1667 600 primum
1688 552 1805 596 solus,
1828 552 1966 588 deinde
1986 565 2072 588 cum
2092 552 2283 588 Antiocho

1243 609 1426 657 Cyziceno
1446 612 1615 659 regnavit
1632 611 1719 646 inde
1736 611 1782 646 ab
1805 623 1868 648 an.
1892 609 1964 645 125
1981 622 2016 647 a.
2034 610 2116 658 C.).
2134 611 2170 645 Is
2186 611 2287 645 enim

1192 700 1194 702 .
1244 680 1361 714 quum
1379 681 1456 716 prae
1485 670 1616 703 ceteris
1636 669 1788 703 immani
1817 669 1909 703 luxu
1936 668 2047 704 ludos
2070 669 2294 716 Daphnicos

1244 726 1491 761 celebraverit
1520 725 1576 774 (v,
1606 726 1789 763 Posidon.
1821 725 1867 763 fr.
1894 725 1988 775 31),
2019 726 2128 761 facile
2155 733 2289 762 auctor

1243 785 1417 820 exsistere
1437 785 1550 820 alicui
1563 785 1691 832 potuit
1706 792 1748 819 ut
1767 783 1946 819 ludorum
1969 785 2126 820 istorum
2141 785 2289 832 magni-

1243 841 1433 878 ficentiam
1450 843 1706 878 voluminibus
1726 843 1974 888 consignaret.

1274 957 1400 995 ΠΕΡΙ
1429 956 1535 995 ΤΩΝ
1565 956 1654 994 Em
1681 956 1859 1010 ΔΑΦΝῌ
1889 955 2251 994 ΠΑΝΗΓΥΡΕΩΝ.

1561 1051 1590 1085 Ε
1619 1049 1770 1086 LIBRO
1800 1049 1973 1087 PRIMO.

1753 1145 1786 1168 1.

1299 1213 1497 1249 Athenaeus
1512 1215 1576 1258 IV,
1594 1226 1632 1262 p.
1653 1211 1747 1261 150,
1767 1213 1794 1249 C
1818 1226 1825 1247 :
1851 1210 1941 1250 Τίνα
1959 1209 1988 1248 δ’
2001 1204 2043 1257 ’ἦν
2060 1209 2102 1248 τὰ
2116 1208 2292 1261 Αἰγύπτια

1247 1271 1367 1308 δεῖπνα
1398 1269 1670 1322 Πρωταγορίδης
1698 1271 1732 1307 ἐν
1752 1271 1802 1321 τῷ
1827 1268 1957 1321 πρώτῳ
1987 1268 2077 1320 Περὶ
2105 1269 2292 1320 Δαφνικῶν

1247 1328 1390 1378 ἀγώνων
1410 1329 1564 1365 διδάσκει
1583 1332 1677 1378 ἡμᾶς
1696 1326 1808 1378 λέγων
1824 1326 1930 1370 οὕτως
1945 1342 1953 1350 ·
1980 1344 1994 1360 α
2012 1326 2124 1379 Τρίτη
2143 1327 2172 1364 δ’
2200 1325 2292 1364 ἐστὶν

1248 1386 1322 1424 ἰδέα
1343 1386 1486 1424 δείπνων
1508 1385 1751 1438 Αἰγυπτιακὴ,
1773 1387 1952 1437 τραπεζῶν
1970 1384 2032 1436 μὲν
2048 1386 2086 1423 οὔ
2106 1387 2293 1436 παρατιθε-

1253 1446 1377 1495 μένων,
1397 1445 1552 1484 πινάκων
1575 1445 1610 1483 δὲ
1634 1444 1929 1497 περιφερομένων.
1955 1462 1971 1478 »

1531 1547 1559 1581 Ε
1588 1546 1739 1582 Lumo
1768 1545 2008 1591 SECUNDO.

1757 1649 1794 1674 2.

1301 1721 1408 1757 Idem
1427 1722 1491 1765 IV,
1510 1733 1551 1769 p.
1574 1719 1667 1766 176,
1683 1721 1715 1756 A
1732 1732 1740 1755 :
1762 1716 2035 1769 Πρωταγορίδης
2055 1715 2083 1754 δ’
2100 1717 2119 1754 ὃ
2135 1717 2293 1763 Κυζικη-

1249 1777 1302 1820 νὸς
1319 1779 1353 1816 ἐν
1371 1777 1522 1828 δευτέρῳ
1541 1775 1631 1827 Περὶ
1644 1778 1712 1813 τῶν
1731 1775 1787 1813 ἐπὶ
1807 1775 1929 1835 Δάφνῃ
1946 1773 2172 1827 πανηγύρεών
2188 1789 2294 1826 φησι·

1235 1854 1264 1871 ,«
1286 1836 1423 1879 Παντὸς
1438 1836 1468 1872 δ’
1485 1834 1630 1885 ὀργάνου
1647 1833 1841 1883 καταμίτου
1858 1837 1986 1880 ἡπται,
2001 1833 2192 1884 κροτάλων,
2212 1835 2296 1870 ὓπο-

1251 1898 1357 1942 φανοῦ
1377 1893 1415 1944 (?)
1437 1892 1653 1944 πανδούρου,
1674 1894 1722 1944 τῷ
1741 1907 1778 1930 τε
1795 1893 1871 1939 ἡδεῖ
1887 1891 2051 1944 μοναύλῳ
2067 1891 2129 1934 τὰς
2153 1890 2295 1937 ἡδίστας

1252 1952 1418 2004 ἁρμονίας
1437 1950 1687 2003 ἀναμινυρίζει.
1707 1967 1723 1984 ιι

1759 2026 1794 2063 3.

1305 2107 1412 2143 Idem
1432 2109 1493 2153 IV,
1510 2121 1550 2156 p.
1573 2106 1644 2143 183
1657 2133 1667 2151 ‚
1686 2107 1714 2143 F
1734 2118 1743 2143 :
1765 2106 1837 2144 Τοῦ
1857 2104 1893 2142 δὲ
1912 2102 2126 2153 καλουμένου
2145 2100 2296 2140 πανδού-

1255 2181 1312 2217 ρου
1329 2165 1510 2218 Εὐφορίων
1532 2163 1608 2214 μὲν,
1627 2166 1674 2206 ὡς
1698 2162 1921 2215 προείρηται,
1949 2162 2009 2200 καὶ
2029 2160 2299 2214 Πρωταγορίδης

1255 2225 1290 2260 ἐν
1308 2222 1456 2275 δευτέρῳ
1478 2222 1565 2274 Περὶ
1583 2224 1649 2259 τῶν
1667 2221 1724 2260 ἐπὶ
1740 2221 1862 2274 Δάφνῃ
1883 2219 2120 2271 πανηγύρεων.

1251 2334 1283 2365 in
1297 2334 1502 2375 disponendis
1520 2343 1597 2366 vero
1616 2334 1649 2364 in
1665 2333 1734 2364 acie
1748 2333 1891 2373 peditum
1905 2332 2115 2372 equitumque
2130 2330 2229 2371 copiis
2240 2354 2250 2369 ,
2267 2330 2300 2361 et

1252 2386 1327 2417 item
1340 2386 1486 2427 capiendi
1500 2385 1640 2424 consilii,
1658 2393 1725 2425 quo
1742 2383 1841 2416 bostis
1853 2384 2034 2423 caperetur,
2048 2383 2117 2414 arte
2128 2382 2182 2414 illo
2197 2381 2300 2413 muno

1251 2437 1426 2469 meliorem.

1497 2504 1563 2543 DE
1583 2501 1736 2542 LUDIS
1763 2499 2053 2540 DAPHNICIS.

1611 2600 1636 2631 E
1653 2599 1777 2630 LlBRO
1798 2597 1940 2628 PRIMO.

1765 2662 1799 2694 1.

1295 2724 1411 2762 Quales
1441 2723 1558 2755 suerint
1589 2730 1690 2753 coenae
1710 2719 1864 2761 AEgyptiae
1890 2718 1985 2750 docet
2001 2722 2061 2749 nos
2082 2714 2301 2756 Protagorides

1255 2775 1357 2815 primo
1377 2775 1457 2806 libro
1481 2778 1526 2806 De
1541 2773 1624 2805 ludis
1641 2772 1828 2812 Daplinicis,
1844 2770 1899 2802 ubi
1921 2770 1966 2801 sic
1982 2770 2047 2801 ait:
2064 2781 2079 2795 «
2096 2767 2240 2800 Tertium
2253 2767 2301 2798 est

1253 2836 1350 2867 genus
1374 2835 1557 2865 omnm-um,
1587 2825 1805 2864 AEgyptiarum
1835 2835 1844 2854 :
1870 2822 1903 2853 in
1930 2830 1996 2861 quo
2021 2820 2084 2852 cibi
2107 2827 2172 2851 non
2193 2819 2298 2858 impo-

1255 2880 1376 2909 nuntur
1386 2886 1503 2909 mensae
1514 2901 1523 2917 ,
1537 2876 1592 2908 sed
1606 2875 1877 2907 circumferuntur
1893 2872 2021 2912 patinae.
2035 2883 2052 2898 n

1574 2963 1600 2993 E
1621 2961 1749 2992 LIBRO
1773 2958 1978 2991 SECUNDO.

1771 3035 1803 3067 2.

1297 3097 1514 3138 Protagorides
1522 3096 1695 3138 Cyzicenus
1706 3095 1785 3126 libro
1797 3092 1936 3126 secundo
1947 3094 1993 3124 De
2003 3090 2086 3123 ludis
2095 3089 2132 3122 ad
2144 3089 2300 3130 Daphnen

1259 3152 1523 3193 (suburbanum
1540 3148 1724 3181 Antiochiae
1736 3149 1885 3187 Syriacae
1895 3147 1904 3185 )
1915 3144 2082 3176 celebratis
2091 3144 2136 3175 ait
2151 3155 2160 3174 ε
2173 3155 2189 3169 «ι
2204 3141 2301 3173 Omni

1257 3214 1333 3237 vero
1357 3204 1568 3235 instrumento
1584 3201 1700 3233 {idibus
1723 3200 1846 3231 intenso
1859 3197 1962 3235 canit,
1979 3196 2107 3228 crotalis
2119 3218 2128 3234 ‚
2146 3194 2300 3225 humilem
2359 3215 2372 3234 3

1257 3266 1371 3290 sonum
1399 3257 1513 3288 edente
1545 3254 1708 3295 panduro;
1741 3251 1891 3292 dulcique
1919 3249 2071 3281 monaulo
2098 3246 2301 3280 suavissimas

1257 3310 1439 3342 harmonias
1452 3308 1605 3339 cantillat.
1626 3319 1642 3334 »

1759 3360 1792 3391 3.

1299 3419 1454 3452 Pandurae
1467 3416 1669 3449 instrumenti
1686 3413 1847 3455 Euphorio
1857 3437 1865 3452 ,
1885 3413 1920 3443 ut
1933 3411 2018 3451 dixi,
2033 3411 2066 3443 et
2079 3406 2300 3449 Protagoridee

1257 3470 1396 3505 secundo
1413 3473 1458 3503 De
1471 3469 1554 3502 ludis
1573 3466 1743 3508 Daplinicis
1766 3462 1990 3497 meminerunt.
