2326 3724
988 169 1325 211 FRAGMENTA.

2165 182 2240 217 199

81 253 234 306 χαλεπὸς
253 254 322 297 τοῖς
337 250 530 303 Ῥωμαίοις
555 242 760 303 ἐτύγχανεν,
780 250 928 302 ἀσελγὴς
949 251 1133 302 γενόμενος
1193 256 1253 290 τοῦ
1280 252 1458 299 ἡττηθεὶς,
1479 251 1669 304 ἀχθόμενος
1700 254 1745 293 τὰ
1764 254 1946 309 Ὁμηρικὰ
1969 256 2038 309 (11.
2073 259 2116 305 8,
2143 261 2239 310 102)

82 311 141 350 καὶ
156 311 250 362 ὠμὸς
262 311 322 350 καὶ
336 310 566 362 μνησίκακος·
577 309 613 353 ὃς
628 310 695 348 ὑπὸ
711 312 963 357 Διοκλητιανοῦ
980 312 1029 354 εἷς
1044 310 1132 350 Ῥώ-

83 385 154 420 μην
169 368 451 420 ἐπιδημήσαντος
468 368 648 422 διεφθάρη.
663 390 717 398 --
733 370 754 418 §
773 368 812 407 5.
834 386 849 402 υ
871 371 1025 419 Ergone,
1040 383 1132 406 con-

82 430 141 466 sul
154 437 236 466 erat
247 431 292 467 L.
310 430 490 467 Octavius
499 429 515 465 ἰ’
525 430 623 466 Nam
631 427 802 465 Valerius
815 429 1003 464 Maximus
1016 430 1053 465 11
1064 456 1074 474 ‚
1092 428 1131 474 8,

83 487 108 524 6
128 488 175 525 de
195 500 304 525 coena
318 487 539 538 triumphali
555 488 609 523 ait
634 500 643 523 :
664 487 785 523 Moris
799 495 882 523 erat
897 487 948 522 ab
970 490 1133 535 impera—

83 553 160 583 tore
186 546 415 596 triumphum
436 547 590 583 ductum
609 547 776 583 consules
804 548 954 581 invitari
975 546 1031 581 ad
1056 558 1134 582 coe-

80 617 190 650 uam,
223 606 359 643 deinde
391 609 519 654 rogari
546 613 587 641 ut
616 608 748 641 venire
773 605 1055 653 supersedeant,
1086 617 1134 641 ne

79 667 162 712 quis
174 676 218 700 eo
229 665 307 708 ᾱὶε,
328 676 399 713 quo
409 665 476 700 ille
491 663 753 713 triumpharet,
777 666 931 710 maJ‘oris
950 666 988 698 in
1004 664 1131 699 eodem

79 725 239 759 convivio
256 725 307 759 sit
325 725 489 772 imperil.
518 721 604 759 Haec
631 728 759 758 autem
778 722 949 757 narratio
975 733 1044 758 ceu
1070 722 1133 758 hic

79 779 208 817 locum
231 780 372 819 habeat
388 793 468 816 non
496 780 634 826 video,
662 787 777 828 atque
797 779 922 816 obiter
951 791 997 816 ex
1020 792 1134 816 occa-

78 838 186 876 sione
211 840 340 876 nescio
369 851 446 888 qua
472 839 735 888 interpositam
766 839 945 875 arbitror.
979 854 995 871 »
1037 840 1130 875 ΜΛῙ.

78 897 312 948 Interposuit
330 898 411 935 haec
428 905 565 935 auctor
584 897 631 934 de
653 898 849 947 triumpho
866 910 1000 947 agens,
1020 910 1134 946 quem

78 955 339 994 Diocletianus
349 958 426 1007 egit
444 956 539 1006 (303
552 969 593 1006 p.
606 956 688 1006 C.),
703 957 832 1006 paullo
848 964 1050 1004 antequam
1065 957 1133 992 im·

32 1021 35 1023 ’
77 1016 188 1064 perio
213 1028 252 1053 se
278 1016 487 1053 abdicaret.
512 1017 687 1053 ‚Zonaras
714 1022 871 1064 quoque
897 1015 1021 1064 (XII,
1054 1015 1103 1051 32
1119 1041 1130 1060 ,

77 1087 119 1123 p.
139 1073 236 1124 618)
260 1082 299 1112 et
315 1076 480 1112 Joannes
503 1075 762 1112 Antiochenus
781 1074 848 1124 (fr.
875 1073 967 1123 167)
989 1086 1034 1111 ea
1062 1086 1133 1110 oc·-

79 1133 232 1170 vasione
252 1134 437 1170 nonnulla
460 1134 509 1170 de
531 1135 679 1183 origine
705 1134 890 1183 triumphi
920 1133 1133 1169 narrationi

78 1204 152 1228 suae
174 1193 363 1229 intexunt.
387 1214 441 1220 —
472 1191 510 1232 5.
541 1190 953 1242 μετακαλεσάμενος
984 1190 1135 1242 αὐτὸν]

78 1251 251 1303 Intellige
263 1251 522 1290 Constantium
537 1250 735 1292 Chlorum.

434 1350 493 1390 14.
523 1346 772 1386 ΛΙΚΙΝΙΟΣ.

132 1439 219 1480 εὈτι
251 1438 427 1484 Λικίννιος
458 1438 504 1478 τὰ
543 1444 661 1492 χρυσᾶ
691 1437 914 1489 νομίσματα,
948 1438 984 1476 ἐν
1016 1431 1067 1481 οἷς
1104 1438 1123 1474 ὁ

80 1499 344 1542 Κωνσταντῖνος
372 1498 436 1546 τὴν
463 1500 532 1537 τῶν
564 1499 766 1550 Σαρματῶν
795 1496 896 1544 νίκην
928 1495 1131 1546 ἐτύπωσεν,

78 1557 115 1595 οὐ
144 1555 394 1609 προσεδέχετο,
429 1556 506 1595 ἀλλ’
542 1554 772 1608 ἀναχωνεύων
804 1555 896 1594 αὐτὰ
925 1556 973 1600 εἰς
1006 1553 1128 1607 ἑτέρας

79 1612 245 1668 μετέφερε
270 1613 429 1667 χρήσεις,
443 1612 521 1652 οὐδὲ
537 1612 625 1652 ἄλλο
638 1613 707 1656 τοῖς
729 1613 809 1666 περὶ
824 1616 926 1652 τοῦτο
941 1612 1130 1665 μεμφομέ-

79 1687 148 1717 νοις
187 1673 478 1726 ἀποκρινόμενος,
514 1671 538 1718 ἢ
569 1671 623 1710 ὅτι
665 1673 705 1711 οὗ
747 1671 910 1724 βούλεται
951 1670 1131 1724 βάρὸαρον

79 1729 244 1782 ἐργασίαν
261 1732 297 1769 ἐν
323 1735 394 1774 τοῖς
419 1730 688 1782 συναλλάγμασι
712 1733 774 1778 τῆς
792 1732 918 1769 ἑαυτοῦ
948 1728 1130 1782 βασιλείας

80 1788 365 1843 ἀναστρέφεσθαι.

132 1861 165 1888 2.
195 1847 283 1889 “Ox-v.
312 1847 472 1902 Κρίσπου
499 1853 559 1888 τοῦ
580 1849 655 1888 υἱοῦ
679 1849 948 1890 Κωνσταντίνου
975 1848 1129 1901 μεγάλαι

75 1905 247 1959 ἐφάνησαν
256 1908 503 1960 ἀνδραγαθίαι,
518 1909 578 1947 καὶ
603 1909 772 1952 πολλάκις
790 1909 962 1952 Λικίννιος
987 1908 1047 1946 ὑπ’
1067 1909 1128 1947 αὖ·

455 2033 512 2067 14.
533 2030 757 2068 LICINIUS.

126 2113 153 2142 ι.
162 2107 407 2144 Liciniusaurea
416 2111 623 2151 numismata,
634 2112 667 2144 in
675 2111 794 2154 quibus
803 2110 1033 2145 constantinus
1041 2121 1132 2146 suam

83 2160 123 2193 de
139 2162 293 2196 Sarmatis
303 2162 473 2195 victoriam
486 2163 680 2203 excuderat,
695 2172 761 2196 non
775 2163 965 2205 recipiebat,
984 2164 1040 2197 sed
1054 2174 1132 2197 con-

83 2213 162 2247 ssans
173 2222 211 2247 ea
231 2214 265 2247 in
277 2214 358 2248 alios
371 2223 452 2248 usus
467 2215 695 2256 convertebat;
719 2216 799 2248 nihil
812 2216 923 2248 aliud
915 2217 954 2249 iis
964 2218 1019 2258 qui
1036 2217 1067 2250 id
1081 2226 1132 2251 re-

83 2265 316 2306 prehenderent
333 2265 460 2307 dicens,
474 2267 536 2299 nisi
558 2268 646 2308 quod
661 2268 764 2303 nollet
783 2267 988 2329 barbaricum
1003 2278 1085 2311 opus
1100 2271 1133 2303 in

83 2318 132 2350 sui
144 2318 268 2360 imperii
281 2319 551 2360 negotiationibus
563 2320 694 2353 versari.

125 2373 157 2402 2.
171 2370 276 2412 crispi
299 2365 513 2404 Constantino
540 2372 640 2413 geniti
674 2373 799 2414 egregie
817 2373 902 2407 sacta
925 2374 1132 2416 claruerunt,

83 2422 252 2465 victusque
266 2422 308 2457 ab
320 2431 359 2457 eo
376 2433 463 2467 saepe
473 2424 615 2459 Licinius
630 2434 715 2468 aeger
728 2427 919 2461 Homericos
935 2428 1008 2462 illos
1023 2437 1135 2463 versus

82 2475 225 2509 citabat:

156 2553 182 2581 Ο
197 2559 300 2587 senex,
322 2555 353 2583 te
372 2552 459 2583 valde
471 2556 581 2584 vexant
596 2556 724 2591 juvenes
734 2555 908 2593 bellatores,

162 2601 300 2636 Tuusque
311 2600 396 2636 vigor
409 2601 543 2638 languet,
558 2603 647 2638 teque
659 2603 776 2632 senium
789 2603 910 2639 invasit.

126 2669 156 2701 3.
170 2669 314 2703 Tiberius
326 2671 480 2704 retulerat
495 2671 536 2704 ad
549 2673 695 2705 senatum
705 2696 714 2714 ,
731 2674 769 2707 ut
778 2673 856 2707 deus
865 2674 1008 2709 decimus
1020 2676 1135 2711 tertius

1193 313 1305 348 ταῦτα
1325 309 1441 361 ἔλεγεν
1457 309 1544 357 ἔπη·

1238 398 1245 406 ’
1274 389 1320 422 Ὠ
1335 389 1435 431 γέρον,
1450 389 1470 428 ἦ
1485 389 1568 429 μάλα
1585 390 1623 429 δή
1637 402 1673 422 σε
1686 391 1749 423 νέοι
1763 391 1898 432 τείρουσι
1913 393 2065 433 μαχηταί·

1276 436 1318 474 σή
1331 446 1364 467 τε
1379 436 1431 476 βίη
1446 436 1588 482 λέλυται,
1606 438 1743 478 χαλεπὸν
1757 438 1791 469 δέ
1803 448 1839 469 σε
1855 442 1950 480 γῆρας
1967 439 2075 471 ἱκάνει.

1246 524 1275 550 3.
1303 509 1390 551 ’Ότι
1421 511 1590 565 Τιὸήριος
1625 512 1818 564 ἄνήγγελλε
1848 513 1906 551 ἐπὶ
1937 514 2001 560 τὴν
2034 514 2243 566 σύγκλητον,

1192 569 1283 609 ὥστε
1300 570 1359 609 τὸν
1377 572 1532 624 Χριστὸν
1551 572 1839 625 τρισκαιδέκατον
1854 573 1928 611 θεὸν
1947 567 2034 612 εἶναι
2047 589 2057 597 ·
2070 577 2091 620 ἡ
2107 574 2144 612 δὲ
2159 575 2243 625 σύγ-

1193 630 1319 676 κλητος
1339 630 1402 668 οὐκ
1425 628 1641 681 ἀπεδέξατο,
1668 630 1759 669 ὥστε
1779 630 1840 669 καί
1857 646 1934 669 τινα
1956 631 2175 682 ἀστειόμενον
2196 635 2244 671 εἷ-

1192 694 1286 739 πεῐν,
1313 688 1366 727 ὅτι
1386 688 1675 741 τρισκαιδέκατον
1695 691 1734 728 οὐ
1761 689 1925 742 δέχεσθε,
1947 689 2006 728 καὶ
2026 693 2162 742 πρῶτος
2184 690 2245 744 ἔρ-

1192 762 1308 800 χεται.

1246 807 1269 856 5
1296 819 1330 844 1.
1359 809 1416 845 De
1434 809 1494 844 his
1519 809 1643 845 numis
1673 822 1760 846 cum
1780 810 2034 859 inscriptione
2060 822 2247 848 SARMA'riA

1193 879 1358 904 navicu
1377 867 1464 916 (an.
1490 867 1588 916 322)
1613 881 1649 906 v.
1671 869 1828 905 Eckhel.
1849 871 1897 905 D.
1918 871 1968 907 N.
1993 871 2102 915 VIII,
2118 883 2155 919 p.
2177 871 2241 917 87.

1193 927 1250 961 De
1265 938 1307 962 re
1321 939 1356 962 v.
1377 926 1550 963 Zosimus
1565 927 1603 962 ΙΙ
1614 954 1625 972 ,
1649 939 1694 963 21
1706 957 1714 965 .
1733 946 1787 955 -—
1804 927 1827 976 S
1844 939 1882 963 2.
1898 929 1956 964 De
1970 927 2094 977 Crispi
2113 935 2247 964 contra

1194 984 1410 1020 Licinnium
1428 984 1543 1020 rebus
1561 985 1674 1033 gestis
1688 998 1727 1022 v.
1746 987 1885 1022 Zosim.
1905 986 1932 1022 1.
1950 987 1977 1022 1.
1998 987 2182 1023 Eusebius
2196 988 2244 1025 H.

1194 1043 1299 1079 Eccl.
1320 1043 1380 1087 X,
1399 1055 1439 1091 9.

1459 1124 1519 1163 15.
1548 1124 1972 1166 ΚΩΝΣΤΑΝΤΙΝΟΣ.

1247 1205 1334 1248 ’Ὀτι
1352 1208 1615 1254 Κωνσταντῖνος
1631 1210 1864 1250 ἐδουλεύσατο
1880 1213 2018 1279 πρῶτον
2033 1211 2068 1249 ἐν
2087 1211 2245 1263 Σαρδικῇ

1196 1267 1409 1313 μεταγαγεῖν
1428 1262 1473 1300 τὰ
1499 1262 1671 1314 δημόσια·
1701 1265 1811 1316 φιλῶν
1840 1279 1879 1302 τε
1903 1263 1968 1311 τὴν
1989 1264 2125 1302 πόλιν’
2111 1264 2245 1310 εκείνην

1197 1322 1351 1372 συνεχῶς
1366 1319 1509 1370 ἔλεγεν·
1530 1338 1546 1355 α
1568 1320 1615 1361 Ἡ
1634 1321 1702 1371 ε’μὴ
1721 1321 1847 1372 Ῥωμη
1867 1321 2063 1375 Σαρδικῖ
2048 1338 2152 1361 εστιν.
2166 1340 2185 1356 υ

1247 1392 1279 1419 2.
1310 1376 1398 1418 “Ort
1416 1380 1679 1424 Κωνσταντῖνος
1697 1380 1743 1418 τὰ
1762 1383 1832 1419 τῶν
1851 1381 2018 1434 πρότερον
2039 1380 2247 1433 βεὸασιλευ-

1194 1437 1305 1475 κότων
1326 1435 1413 1489 ἔργα
1433 1436 1592 1491 καλύψαι
1618 1438 1741 1486 θέλων,
1769 1437 1901 1477 τούτων
1921 1438 1983 1482 τὰς
2002 1438 2127 1490 ἀρετὰς
2156 1441 2247 1477 ἐπω-

1195 1495 1315 1547 νύμοις
1343 1495 1434 1534 τισὶν
1468 1496 1687 1549 ἔκφαυλίζειν
1719 1496 1943 1542 ἐσπούδαζεν.
1975 1496 2048 1538 Τὸν
2083 1496 2147 1548 μὲν
2180 1497 2247 1550 γὰρ

1196 1553 1437 1594 Ὀκταέιανὸν
1461 1553 1664 1607 Αὔγουστον
1683 1554 1816 1604 κόσμον
1843 1555 1954 1609 τύχης
1972 1555 2108 1604 ἐκάλει,
2129 1555 2188 1595 τὸν
2211 1557 2248 1594 δὲ

1193 1614 1373 1666 Τραϊανὸν
1392 1613 1544 1666 βοτάνην
1565 1614 1697 1668 τοίχου,
1720 1614 1898 1668 Ἀδριανον
1919 1615 1956 1653 δὲ
1981 1616 2161 1667 ἐργαλεῖον
2181 1617 2247 1661 ζω·

1193 1688 1378 1726 γραφικον,
1399 1673 1546 1726 Μάρκον
1568 1672 1605 1711 δὲ
1625 1672 1904 1724 καταγελαστον,
1927 1673 2166 1727 Σεὸἧρον***.

1245 1734 1282 1783 §-
1317 1747 1351 1770 1.
1377 1734 1433 1772 Cf.
1455 1735 1623 1770 Zonaras
1640 1734 1762 1779 XIII,
1789 1733 1850 1770 13.
1872 1754 1926 1763 —
1949 1734 1972 1783 S
1992 1746 2029 1770 2.
2060 1750 2077 1767 «
2103 1735 2249 1771 Desunt

1191 1793 1342 1841 paginae
1357 1791 1442 1828 duae
1459 1803 1582 1839 usque
1601 1791 1651 1829 ad
1668 1790 1784 1828 finem
1803 1793 2085 1840 quaternionis,
2108 1793 2247 1841 quibus

1193 1851 1233 1886 in
1255 1850 1406 1899 paginis
1425 1861 1486 1887 res
1502 1849 1741 1888 Constantini
1761 1857 1799 1886 et
1821 1850 1979 1887 fortasse
2005 1851 2120 1886 etiam
2145 1850 2247 1889 Con-

1193 1910 1722 1958 stantiiexcerptasposuerat
1735 1909 1959 1958 eclogarius.
1983 1925 1999 1942 »
2023 1910 2116 1946 Mu.

1193 2018 1342 2051 Christus
1366 2018 1471 2051 fieret.
1495 2018 1675 2051 Recusante
1697 2019 1830 2058 senatu,
1856 2018 1960 2060 lepide
1978 2018 2061 2051 dixit
2084 2019 2215 2060 quidam
2237 2029 2244 2049 :

1195 2083 1211 2099 «
1229 2074 1335 2110 Quem
1350 2070 1512 2105 decimum
1522 2071 1655 2105 tertium
1667 2079 1732 2104 non
1741 2070 1923 2112 admittitis,
1936 2071 1963 2104 is
1969 2072 2093 2113 primus
2101 2072 2216 2106 veniet.
2231 2085 2245 2100 υ

1490 2183 1547 2219 15.
1565 2183 1952 2222 CONSTANTINUS.

1239 2269 1266 2299 1.
1278 2265 1508 2300 constantinus
1516 2268 1671 2310 principio
1684 2268 1852 2301 consilium
1861 2268 1990 2310 ceperat
1999 2267 2108 2301 sedem
2117 2254 2203 2310 regni
2214 2269 2247 2300 in

1170 2331 1172 2333 ’
1193 2320 1307 2352 urbem
1320 2321 1486 2353 sardicam
1499 2321 1732 2362 transferendi;
1758 2323 1936 2363 captusque
1952 2321 2022 2363 ejus
2037 2322 2127 2355 urbis
2138 2331 2248 2354 amore

1192 2380 1318 2413 semper
1335 2372 1471 2404 iterabat
1489 2385 1497 2405 ε
1517 2386 1534 2401 κ
1547 2374 1651 2406 Roma
1659 2381 1732 2406 mea
1744 2372 1874 2407 sardica
1889 2373 1948 2406 est·
1963 2386 1980 2402 u
2002 2390 2005 2393 ·

1236 2428 1266 2456 2.
1281 2424 1511 2457 constantinus
1531 2424 1737 2458 decessorum
1753 2433 1886 2457 suorum
1897 2433 1947 2458 res
1956 2425 2059 2465 gestas
2074 2424 2247 2458 obscurare

1193 2474 1343 2516 studens,
1367 2475 1484 2508 horum
1500 2476 1638 2509 virtutes
1652 2476 1852 2517 jocularibus
1878 2476 2074 2518 quibusdam
2099 2477 2247 2518 epithetis

1194 2527 1395 2568 vilipendere
1415 2528 1576 2562 studebat.
1601 2529 1731 2563 scilicet
1746 2529 1961 2562 Octavianum
1977 2530 2155 2570 Augustum
2181 2530 2245 2562 for·

1193 2579 1284 2611 tunm
1306 2579 1464 2612 mundum
1475 2580 1673 2622 appellabat,
1686 2580 1861 2622 Trajanum
1875 2580 2008 2614 herbam
2022 2581 2224 2622 parietariam
2235 2606 2243 2621 ,

1194 2629 1394 2662 Hadrianum
1417 2631 1587 2672 pictoriam
1609 2631 1793 2673 officinam,
1810 2633 1956 2666 Marcum
1971 2630 2169 2674 ridiculum,
2189 2636 2243 2666 sc-

1193 2689 1308 2714 verum
1321 2682 1385 2716 ’ΜΕ

910 3043 1463 3070 ἥσθημ-
