2372 3704
354 187 645 236 PASITELlS,
678 189 1057 231 PAUSANIARUM
1089 193 1311 233 LACONlS
1340 196 1406 234 ET
1435 197 1735 238 DAMASCENI
1765 200 2102 243 FRAGMENTA.

145 280 181 318 δὲ
201 280 240 318 τὸ
264 280 321 319 τὸν
350 280 529 334 Ἠρακλέα
560 285 724 335 φονεῦσαι
746 282 918 336 δροίκοντοί
941 300 1019 323 τινα
1039 288 1196 338 ὕπερμευ

145 339 229 390 γε’θη
242 368 253 387 ,
281 340 341 378 καὶ
360 342 567 388 κυλισθῆναι
587 342 635 384 εἷς
664 341 790 390 αὐτὸν,
813 343 1031 388 Κυλίστανος
1052 345 1195 392 ἐκλήθη.

152 415 168 432 «
188 401 278 437 Haec
296 409 480 450 corrupta
498 402 558 438 vel
575 401 725 438 desecta
741 415 818 439 esse
834 412 965 440 monet
986 405 1197 442 Bachman-

145 471 229 495 nus.
262 461 359 497 Nam
390 461 552 498 Parthax
586 473 666 497 non
705 460 813 498 fluvii
849 476 991 500 nomen
1024 472 1098 511 est,
1131 465 1197 501 sed

143 519 362 567 scriptoris,
387 519 496 566 cujus
515 517 648 556 Italica
674 528 864 558 memorat
892 523 1148 559 HerodIanus.
1176 540 1191 556 υ

139 576 278 624 Dindf.
296 578 336 613 in
349 578 477 626 Steph.
493 579 603 615 Thes.
618 592 655 617 v,
673 578 907 632 Κυλίσταρος.
924 581 980 620 Cf.
995 583 1193 632 Lycophr.

139 635 239 684 946,
255 635 347 688 ἀμφὶ
365 636 466 688 Κῖριν
481 635 541 674 καὶ
559 637 782 689 Κυλιστάρου
803 639 812 689 (
829 639 1071 691 Κυλιστάρνου
1090 643 1128 677 in
1145 644 1192 680 al.

139 694 275 745 codd.)
297 694 412 746 γάνος.

193 752 436 802 (Heraclides
452 755 559 792 Alex.
581 753 668 806 ap.)
684 758 853 794 Eustath.
870 759 919 794 ad
935 760 980 797 Il.
1005 759 1092 805 734,
1113 759 1162 803 48
1183 773 1190 795 z

139 808 216 857 Τὴν
235 811 421 849 Αὖλωνίαν
442 812 567 864 Χάραξ
598 814 644 864 (Ι.
674 814 839 866 Πάρθαξ)
860 815 1068 855 Καυλωνίαν
1090 817 1194 869 φησὶν

137 869 174 906 ἐν
192 874 262 912 τοῖς
280 868 475 915 Ἰταλικοῖς.
503 874 548 909 In
575 874 753 911 Characis
772 876 992 925 fragmentis
1009 884 1100 915 torn.
1119 879 1192 923 III,

135 940 176 976 p.
200 928 274 974 641
297 931 402 979 apud
419 931 683 969 Herodianum
707 947 781 983 pro
810 933 955 986 Πάρθαξ
973 936 1088 972 scrib.
1113 950 1193 985 pu-

137 988 274 1038 tabam
297 987 438 1040 Χάραξ.
470 991 620 1027 Etenim
644 993 818 1029 nondum
845 1007 1029 1031 noveram
1061 996 1188 1031 locum

137 1046 407 1097 Etymologici.
439 1050 525 1096 Quo
557 1050 720 1096 collato,
750 1053 990 1089 verisimilius
1009 1061 1063 1090 est
1090 1055 1195 1103 apud

135 1105 306 1145 Eustath.
321 1108 452 1156 potius
466 1104 588 1158 Χάραξ
602 1109 642 1144 in
656 1109 803 1161 Ποίρθαξ
818 1124 896 1148 esse
910 1113 1191 1161 corrigendum.

455 1290 866 1349 PASITELES.

186 1401 329 1437 Plinius
345 1402 396 1440 H.
412 1403 459 1440 N.
486 1404 675 1449 XXXVI,
695 1417 724 1443 s,
749 1410 787 1450 4,
810 1405 832 1454 5
856 1418 901 1441 12
931 1419 939 1440 r
958 1407 1053 1442 Sitoe
1066 1405 1183 1453 fuere

91 1457 94 1460 ’
135 1467 174 1495 et
195 1460 426 1509 Thespiades
441 1463 497 1497 ad
506 1463 628 1498 aedem
649 1465 874 1509 Felicitatis,
901 1478 1058 1513 quarum
1076 1479 1189 1502 unam

133 1519 328 1555 adamavit
360 1532 470 1569 eques
496 1523 688 1557 Romanus
715 1524 854 1558 Iunius
885 1525 1108 1568 Pisciculus,
1153 1534 1192 1561 ut

135 1579 250 1614 tradit
272 1575 393 1615 Varro
420 1592 432 1614 :
458 1580 674 1616 admiratur
690 1585 806 1617 etiam
835 1583 1029 1627 Pasiteles,
1066 1587 1130 1631 qui
1156 1595 1194 1620 et

134 1641 297 1687 quinque
313 1640 512 1674 volumina
525 1643 672 1688 scripsit
690 1641 869 1677 nobilium
886 1655 1038 1690 operum
1057 1646 1095 1678 in
1112 1651 1187 1680 toto

131 1695 231 1734 orbe.
253 1699 376 1735 Natus
393 1698 455 1733 hic
479 1701 517 1733 in
549 1699 698 1734 Groecia
726 1702 858 1736 Italioe
876 1714 944 1737 ora
970 1710 1007 1738 et
1045 1705 1191 1739 civitate

120 1749 305 1793 ¹Romana
333 1759 491 1794 donatus
518 1771 602 1794 cum
628 1762 675 1795 iis
702 1761 853 1808 oppidis
882 1759 967 1811 (an.
994 1760 1047 1799 U.
1065 1762 1187 1812 660),

87 1852 91 1856 ,
132 1817 261 1852 Jovem
268 1815 370 1863 fecit
385 1818 556 1853 eboreum
578 1821 616 1853 in
634 1820 784 1854 Metelli
801 1820 902 1868 cede,
927 1833 1004 1868 qua
1028 1820 1190 1869 Campus

128 1877 280 1922 petitur.
303 1877 456 1911 Accidit
482 1880 539 1922 ei,
569 1889 680 1924 quum
709 1880 747 1912 in
768 1879 980 1923 navalibus,
1009 1879 1190 1925 nbiJ‘erce

129 1932 332 1979 Africanae
351 1943 478 1980 erant,
493 1948 566 1983 per
580 1948 731 1971 caveam
751 1939 898 1972 intuens
914 1939 1055 1974 leonem
1070 1941 1188 1974 coela-

130 2000 201 2036 ret,
226 2001 266 2028 ut
279 2005 330 2028 ex
348 1995 431 2029 alia
447 2006 560 2029 cavea
570 1994 764 2042 panthera
783 2005 1013 2044 erumperet,
1034 2010 1106 2032 non
1122 1999 1190 2033 levi

125 2052 294 2098 periculo
307 2052 586 2098 diligentissimi
603 2053 772 2102 artificis.
794 2055 943 2089 Fecisse
957 2067 1074 2103 opera
1092 2068 1190 2091 com-

126 2111 242 2157 plura
268 2111 406 2146 dicitur
430 2123 439 2146 .·
474 2113 542 2146 sed
568 2123 654 2159 quoe
671 2110 830 2157 fecerit,
864 2117 1085 2150 nominatim
1114 2127 1188 2150 non

130 2167 304 2215 refertur.
323 2170 559 2207 Mentionem
577 2170 690 2217 hujus
707 2173 905 2220 scriptoris
925 2172 998 2208 hoc
1018 2173 1106 2209 loco
1127 2173 1186 2209 in-

130 2229 358 2278 terposuisse
378 2229 493 2265 liceat
506 2257 515 2274 ‚
538 2230 609 2270 etsi
626 2229 672 2265 de
689 2238 798 2268 aetate
814 2230 895 2278 ejus
914 2245 993 2267 non
1009 2233 1055 2268 sit
1076 2232 1188 2268 dubi-

131 2289 268 2326 tatio...
287 2288 430 2324 Plinius
443 2289 635 2337 XXXIII,
655 2301 685 2324 s.
708 2288 755 2325 55
775 2301 784 2327 :
803 2292 1071 2330 Laudamur...
1089 2295 1187 2328 circa

129 2347 265 2396 Magni
306 2348 481 2396 Pompeji
525 2355 678 2383 oetatem
719 2349 916 2394 Pasiteles,
966 2352 1188 2387 Posidonius

127 2406 332 2454 Ephesius,
357 2414 430 2444 etc.

182 2464 291 2501 Idem
305 2465 477 2511 XXXV,
495 2478 522 2502 S.
555 2465 603 2508 45
625 2477 635 2503 ;
656 2468 810 2503 Laudat
837 2467 998 2518 (Varro)
1019 2477 1057 2504 et
1074 2470 1183 2505 Pasi-

129 2525 244 2568 telen,
261 2527 328 2572 qai
334 2526 523 2572 plasticen
535 2533 691 2561 matrem
705 2530 902 2562 statuarioe
910 2529 1185 2576 scalpturaeque

128 2590 168 2618 et
180 2584 375 2618 caelaturoe
393 2595 473 2619 esse
491 2584 612 2628 dixin
646 2593 686 2620 et
709 2598 822 2633 quum
849 2595 946 2622 esset
961 2590 1000 2622 in
1016 2588 1185 2623 omnibus

129 2641 190 2676 his
204 2654 384 2685 summus,
410 2641 513 2677 nihil
528 2655 694 2690 unquam
712 2642 816 2690 fecit
830 2653 1033 2694 antequam
1042 2646 1182 2694 finxit.

172 2699 291 2736 >Idem
306 2701 406 2736 inter
434 2700 557 2737 fontes
584 2702 651 2737 lib.
673 2703 849 2739 XXXIII
868 2705 1042 2740 nominat
1070 2693 1184 2740 Pasi-

129 2760 246 2804 telen,
281 2763 346 2808 qui
377 2758 575 2796 mirabilia
603 2774 719 2809 opera
749 2765 907 2810 scripsit.
943 2763 1001 2801 Cf.
1034 2764 1183 2801 Mtiller.

129 2818 372 2866 Archoeotog.
392 2819 414 2868 S
436 2819 524 2867 196,
547 2833 580 2855 2.

641 3018 671 3047 l.

353 3088 675 3141 (DlAMAscn)
696 3091 957 3140 ornemus,

172 3168 297 3208 Dorus,
315 3167 392 3200 urbs
407 3168 585 3202 Phoenices.
603 3170 709 3209 Civis,
725 3172 862 3204 Dorites.
878 3173 1038 3205 Pausania
1052 3173 1085 3205 in
1102 3173 1183 3205 libro

130 3221 178 3252 De
194 3220 307 3261 patriae
323 3229 392 3253 suae
408 3222 601 3263 originibus,
618 3225 789 3257 Dorienses
801 3233 857 3257 eos
873 3225 1032 3266 appellat,
1049 3226 1095 3258 sic
1108 3226 1185 3258 scri-

130 3270 211 3304 bens
228 3284 236 3304 ε
253 3284 269 3299 «
285 3272 391 3313 Tyrii,
404 3274 613 3314 Ascalonitae,
629 3277 815 3316 Dorienses,
831 3277 1082 3318 Rhaphaneotae.
1104 3291 1118 3305 »

2234 212 2310 247 467

1456 323 1861 385 PAUSANIAS
1900 331 2113 389 LACO.

1314 429 1447 465 Suidas
1468 442 1476 466 :
1496 429 1722 479 Παυσανίας,
1738 431 1887 479 Λάκων,
1910 436 2099 487 ἱστορικός·
2123 439 2210 490 Περὶ
2225 438 2310 478 Ἑλ-

1258 485 1475 534 λησπόντου,
1497 489 1711 539 Λακωνικά,
1734 491 1908 542 Χρονικά,
1928 493 2015 544 Περὶ
2035 494 2308 547 Ἀμφικτυόνων,

1260 544 1349 597 Περὶ
1366 547 1433 582 τῶν
1452 547 1486 583 ἐν
1504 546 1671 585 Λάκωσιν
1689 550 1828 600 ἑορτῶν.

1677 666 1895 680 -α-.οοο.--Ν

1303 748 1707 806 PAUSANIAS
1747 751 2259 811 DAMASCENUS.

1312 867 1577 903 Constantinus
1591 868 1781 916 Porphyr.
1800 871 1853 905 De
1870 870 2000 906 Them.
2019 872 2056 915 Ι,
2073 884 2114 919 p.
2140 871 2201 920 18,
2221 885 2239 917 7
2260 873 2312 908 in-

1257 932 1313 961 ter
1330 926 1566 974 geographos
1582 934 1670 975 post
1687 928 1932 974 Strabonem,
1949 931 2174 978 Menippum
2186 958 2196 976 ‚
2218 932 2311 979 Scy-

1255 983 1372 1019 lacem
1388 992 1556 1020 recenset
1572 983 1781 1022 Παυσανίαν
1796 985 1854 1023 τὸν
1868 986 2121 1035 Δαμασκηνόν.
2136 989 2196 1025 Ad
2211 990 2311 1026 hunc

1254 1042 1330 1077 sive
1357 1043 1407 1078 ad
1435 1044 1550 1079 alium
1580 1046 1804 1081 Pausaniam
1832 1047 1969 1094 Syrum
1999 1047 2196 1084 referenda
2225 1057 2312 1084 sunt

1255 1113 1338 1149 quae
1356 1114 1401 1137 ex
1418 1103 1603 1139 Pausania
1620 1103 1730 1139 affert
1747 1105 1958 1153 Stephanus
1974 1108 2190 1154 Byzantius.
2212 1110 2308 1144 Lau·

1255 1160 1369 1196 datur
1387 1161 1500 1196 semel
1531 1160 1737 1204 Παυσανίας
1756 1162 1789 1198 ἐν
1817 1164 1866 1214 τῷ
1890 1162 1998 1214 Περὶ
2026 1162 2307 1216 Ἀντιοχείας.

1256 1221 1310 1255 Ex
1330 1220 1404 1255 hoc
1422 1232 1538 1268 opere
1553 1222 1671 1269 petita
1693 1234 1734 1257 ea
1752 1235 1836 1270 quae
1857 1223 2011 1260 Malalas
2028 1224 2076 1260 de
2096 1227 2309 1261 Antiochiae

1255 1278 1486 1326 originibus,
1510 1283 1766 1316 monumentis
1786 1289 1822 1317 et
1841 1283 1998 1319 historia
2018 1296 2037 1319 e
2052 1285 2234 1320 Pausania
2254 1298 2308 1321 re-

1254 1336 1340 1372 fert.
1359 1337 1507 1373 Deinde
1523 1339 1733 1386 Stephanus
1746 1353 1783 1377 V.
1803 1341 1924 1391 Δῶρον
1939 1341 2068 1377 laudat
2085 1343 2308 1380 Pausaniam

1254 1395 1288 1431 ἐν
1308 1396 1351 1446 τῇ
1372 1396 1432 1440 τῆς
1453 1395 1617 1447 πατρίδος
1638 1397 1742 1434 αὐτοῦ
1762 1397 1886 1437 κτίσει.
1908 1401 2022 1447 Quod
2054 1403 2236 1449 scriptum
2259 1403 2308 1439 de

1252 1455 1436 1490 Damasco
1456 1456 1552 1491 urbe
1572 1456 1643 1491 fuit
1655 1485 1663 1501 ,
1685 1458 1716 1492 si
1733 1466 1867 1493 auctor
1884 1458 1964 1505 ejus
1981 1467 2035 1495 est
2053 1461 2308 1498 Damascenus

1253 1513 1332 1558 ille;
1351 1514 1408 1548 sin
1423 1515 1567 1559 minus,
1588 1516 1646 1551 vel
1666 1517 1907 1552 Antiochiam
1928 1518 1990 1553 vel
2006 1519 2117 1554 aliam
2136 1522 2309 1566 quamvis

1253 1573 1369 1620 Syriae
1387 1573 1523 1609 urbem
1544 1575 1756 1623 intelligere
1785 1577 1884 1614 licet.
1909 1577 2002 1624 Quae
2021 1585 2201 1625 praeterca
2223 1581 2306 1616 Ste-

1251 1632 1400 1679 phanus
1421 1633 1535 1669 habet
1563 1646 1583 1669 e
1603 1634 1709 1670 libris
1730 1636 1866 1683 quinto
1895 1644 1932 1671 et
1951 1644 2056 1672 sexto
2070 1663 2080 1681 ‚
2104 1650 2150 1672 ex
2176 1639 2308 1674 eadem

1252 1692 1580 1732 Antiochenorum
1601 1693 1760 1730 historia
1779 1694 1972 1731 fluxerint.
2006 1697 2186 1743 Quamvis
2217 1710 2307 1745 pos-

1251 1752 1298 1786 sis
1318 1752 1433 1787 etiam
1452 1759 1616 1788 statuere
1632 1753 1754 1800 majus
1771 1767 1867 1803 opus
1886 1755 1933 1791 de
1954 1755 2060 1803 Syria
2081 1767 2102 1791 a
2121 1757 2308 1793 Pausania

1251 1811 1510 1858 conscriptum
1526 1823 1625 1859 esse,
1643 1811 1750 1858 eujus
1766 1825 1854 1861 pars
1868 1814 1984 1849 fuerit
1997 1814 2156 1850 historia
2175 1817 2306 1852 Antio-

1252 1868 1358 1905 chiae.
1384 1870 1474 1916 Quae
1495 1871 1682 1906 sententia
1709 1879 1764 1907 est
1786 1874 2064 1908 WVestermanni
2087 1875 2123 1909 in
2148 1876 2307 1922 Pauly's

1251 1929 1426 1963 Realenc.
1451 1941 1486 1965 v.
1509 1929 1738 1965 Pausanias.

1762 2021 1773 2042 1
1786 2038 1794 2045 .

1542 2083 1801 2122 ΠΑΤΡΙΔΟΣ
1834 2084 2018 2121 ΚΤΙΣΙΣ.

1303 2170 1433 2217 Steph.
1450 2171 1494 2206 B.
1516 2182 1523 2207 :
1539 2170 1671 2222 Δῶρος,
1684 2169 1781 2213 πόλις
1793 2169 1991 2217 Φοινίκης..
2001 2201 2010 2209 .
2024 2170 2075 2209 Τὸ
2087 2172 2217 2210 ἐθνικὸν
2232 2177 2305 2211 Δω·

1251 2225 1379 2279 ρίτης..
1401 2226 1609 2271 Παυσανίας
1627 2227 1663 2266 δὲ
1688 2230 1723 2266 ἐν
1743 2232 1787 2281 τῇ
1805 2231 1867 2276 τῆς
1883 2228 2049 2281 πατρίδος
2068 2232 2173 2269 αὐτοῦ
2193 2232 2303 2271 κτίσει

1247 2289 1393 2338 Δωριεῖς
1410 2285 1535 2330 αὐτοὺς
1551 2287 1673 2334 καλεῖ,
1695 2289 1777 2339 τῇδε
1792 2288 1955 2341 γράφων·
1973 2306 1989 2322 «
2007 2287 2151 2342 Τύριοι,
2174 2290 2302 2329 Ἀσκα-

1213 2358 1221 2424 l
1247 2346 1408 2392 λωνῒται,
1429 2346 1590 2397 Δωριεῖς,
1611 2345 1872 2399 εΡαφανεῶται.

1757 2431 1777 2453 2
1788 2447 1796 2456 .

1532 2506 1655 2543 ΠΕΡΙ
1687 2505 2013 2545 ΑΝΤΙΟΧΕΙΑΣ.

1298 2594 1403 2631 Idem
1424 2604 1433 2630 :
1457 2591 1736 2640 Σελευκόὸηλος,
1757 2593 1858 2636 πόλις
1875 2594 2006 2646 Συρίας
2025 2595 2190 2642 πλησίον·
2209 2598 2227 2633 ὁ
2243 2611 2302 2633 πο·

1245 2652 1342 2698 λίτης
1373 2650 1676 2698 Σελευκοὸηλίτης
1709 2651 1768 2689 καὶ
1799 2652 2114 2700 Σελευκοὸηλαῗος.
2150 2655 2301 2706 Λέγεται

1245 2710 1305 2748 καὶ
1323 2709 1515 2753 Σελευκεὺς
1533 2710 1618 2762 πρὸς
1637 2712 1687 2762 τῷ
1704 2711 1811 2763 Βήλῳ
1823 2726 1830 2734 ·
1852 2710 1941 2748 οὕτω
1959 2711 2024 2764 γὰρ
2044 2713 2249 2756 Παυσανίας
2267 2715 2300 2750 ἐν

1245 2771 1294 2821 τῷ
1314 2768 1403 2821 Περὶ
1424 2768 1635 2820 Ἀντιοχείας
1656 2770 1752 2821 φησί.

1758 2830 1792 2866 3.

1302 2889 1454 2924 Malalas
1478 2901 1517 2936 p.
1544 2887 1604 2933 37,
1630 2901 1672 2934 17
1697 2889 1758 2925 ed.
1781 2890 1902 2925 Bonn.
1929 2901 1937 2924 z
1961 2886 2006 2926 ‘O
2027 2887 2062 2926 δὲ
2084 2888 2185 2932 αὐτὸς
2206 2890 2298 2939 Περ-

1754 3019 1788 3051 2.

1579 3093 1645 3131 DE
1665 3092 1968 3133 ANTIOCHIA.

1287 3172 1534 3212 seleucobelus‚
1553 3171 1630 3204 urbs
1648 3172 1748 3212 Syriae
1765 3172 1912 3205 finitima.
1941 3173 2029 3204 Civis
2048 3171 2297 3205 seleucobelites

1245 3228 1276 3256 et
1293 3224 1561 3257 seleucobelaeus.
1581 3225 1707 3257 Dicitur
1720 3225 1818 3258 etiam
1834 3225 2032 3258 seleucensis
2045 3225 2084 3256 ad
2100 3225 2210 3256 Belum
2227 3232 2234 3253 :
2250 3222 2295 3253 sic

1245 3276 1330 3308 enim
1345 3277 1516 3308 Pausanias
1529 3276 1627 3309 habet
1640 3278 1671 3308 in
1686 3277 1766 3309 libro
1783 3279 1830 3309 De
1844 3277 2025 3309 Antiochia.
2208 3281 2211 3283 ’

1755 3333 1789 3365 3.

1290 3388 1421 3418 Perseus
1431 3394 1532 3427 quum
1545 3395 1600 3428 per
1610 3387 1731 3419 multos
1739 3394 1839 3418 annos
1851 3385 2019 3426 imperium
2032 3383 2167 3416 Persidis
2177 3383 2294 3415 tenuis-

2138 3451 2183 3477 30.
