2372 3704
990 257 1311 298 FRAGMENTA
1321 287 1332 298 .

123 345 182 385 καὶ
201 345 286 397 ὑπὲρ
302 347 370 384 τῶν
386 347 421 383 ἐν
435 343 560 396 Ῥώμῃ
581 343 861 394 συνειλημμένων
879 342 1161 395 (ἐξεληλεγμένοι

123 403 191 457 γὰρ
210 398 299 451 ἦσαν
312 405 486 442 κάνταῦθα
498 406 568 442 τῶν
583 405 775 454 βουλευτῶν
793 402 914 455 συχνοὶ
927 402 971 441 τὰ
987 406 1047 441 τοῦ
1062 405 1164 442 Κασ-

125 461 202 500 σίου
229 464 425 514 περιφανῶς
453 461 726 513 ἐσπουδακότες)
755 462 929 500 ἐπέστειλε
955 465 1000 514 τῇ
1029 463 1162 514 βουλῇ,

127 519 234 570 μηδὲν
253 519 408 572 χαλεπὸν
430 522 580 571 γνῶναι,
603 519 733 564 τούτοις
752 520 912 572 ἄντικρυς
937 521 1008 564 τοῖς
1032 519 1164 574 ῥήμασι

125 577 365 630 χρησάμενος·
382 577 470 616 αὐτὰ
488 579 554 631 γὰρ
571 579 745 632 εἰρήσεται
756 609 766 627 ,
783 578 846 625 τὴν
861 579 1084 632 χρηστότητα
1104 582 1165 617 τοῦ

127 636 248 688 ἀνδρὸς
263 639 380 689 σαφῶς
394 637 649 688 ἐνδεικνύμενα.
669 632 740 677 ’Ἦν
755 638 784 676 δ’
797 631 855 676 οῧν
868 641 1012 676 τοιαῦτα
1022 653 1030 662 ·
1045 656 1060 673 «
1076 637 1165 677 Ἱκε-

129 712 144 727 α
163 694 253 733 τεύω
273 698 381 746 ὑμᾶς,
400 689 428 734 ῶ
448 696 575 748 βουλὴ,
597 697 752 749 καθαράν
774 712 840 747 μου
876 696 939 743 τὴν
962 696 1074 749 ἀρχὴν
1096 698 1166 736 ἀπὸ

129 770 144 787 ιι
165 753 290 798 παντὸς
304 753 450 805 αἵματος
466 757 686 808 βουλευτικοῦ
707 754 934 813 φυλάξασθαι.
955 756 1019 803 Μὴ
1035 755 1167 808 γένοιτό

130 829 146 845 ι
163 827 240 850 τινα
254 812 288 857 ἐξ
308 815 403 863 ὑμῶν
418 816 472 853 ἐπ’
493 816 577 864 ἐμοῦ
594 813 617 861 ἢ
637 818 681 867 τῇ
696 816 764 867 ἐμῇ
782 812 806 860 ἢ
822 818 865 867 τῇ
895 814 1045 867 ὑμετέρᾳ
1059 815 1163 868 ψήφῳ

129 873 380 918 θανατωθῆναι.
405 891 421 908 υ
447 873 519 912 Καὶ
538 872 634 916 τέλος
655 873 742 926 ἔφη,
763 872 816 911 ὅτι
851 891 866 908 ιι
886 871 948 912 Ἂν
974 873 1023 923 μὴ
1041 873 1164 913 τούτου

128 928 245 981 τύχω,
266 930 458 981 ἀποίσομαι
477 931 561 984 πρὸς
591 932 648 970 τὸν
666 931 811 970 θάνατον
851 948 867 966 υ
887 930 948 970 καὶ
967 933 1030 970 οὒκ
1057 933 1165 986 ἐπῆρε

128 987 187 1026 τὸν
207 987 365 1040 Μάρκον,
384 988 461 1028 οὐδὲ
477 989 720 1043 προσηγάγετο
747 991 892 1037 ἐκὸἧναι
914 991 983 1028 τῶν
1011 991 1167 1038 συνήθων

129 1048 305 1096 λογισμῶν
319 1049 356 1086 οὗ
375 1047 416 1086 τὸ
432 1047 550 1088 ἄδικον
570 1048 630 1087 καὶ
647 1047 785 1087 ἀνόσιον
800 1050 868 1087 τῶν
888 1049 1168 1099 τετολμημένων,

129 1105 195 1166 οιΞχ
208 1108 230 1152 ἡ
250 1105 394 1145 ἀπιστία
411 1109 479 1146 τῶν
498 1107 749 1158 τολμησάντων
782 1109 820 1147 οὐ
834 1107 875 1146 τὸ
894 1106 982 1160 ὑπὲρ
992 1108 1120 1159 ὁμοίων
1137 1111 1169 1155 ἐς

129 1166 224 1208 αὖθις
236 1163 318 1209 δέος.

609 1238 695 1275 119.

499 1312 797 1354 ΚΟΜΜΟΔΟΣ.

181 1391 284 1431 lbid.
313 1405 353 1441 p.
395 1391 444 1429 30
472 1402 482 1429 ε
505 1390 591 1431 Ὅτι
621 1393 724 1445 μέχρι
750 1393 813 1444 μέν
848 1409 935 1438 τινος
968 1396 986 1432 ὃ
1016 1394 1170 1445 Κόμοδος

132 1447 248 1486 πάντα
268 1447 418 1500 ἔπραττε
431 1451 500 1493 τοῖς
516 1456 696 1502 πατρικοῖς
715 1451 824 1503 φίλοις
847 1452 1056 1503 συμὸούλοις
1073 1453 1170 1506 χρώ-

131 1521 245 1555 μενος.
261 1506 406 1554 Ἐπειδὴ
425 1506 460 1546 δὲ
477 1508 661 1560 Περέννιον
675 1508 830 1562 ἔπαρχον
840 1513 909 1548 τῶν
928 1511 1170 1563 στρατοπέδων

130 1564 356 1613 κατέστησεν,
381 1565 489 1619 ἄνδρα
504 1566 543 1605 τὸ
571 1566 632 1618 μὲν
661 1567 757 1618 γένος
772 1568 992 1617 Ἰταλιώτην,
1022 1571 1171 1623 πονηρὸν

133 1623 214 1675 [δὲ]
234 1623 273 1662 τὸ
292 1619 390 1672 ἦθος,
409 1624 510 1669 αὐτὸς
527 1624 589 1676 μὲν
609 1632 754 1679 τρυφαῖς
769 1627 830 1666 καὶ
847 1628 1051 1678 συμποσίοις
1069 1629 1170 1681 ἐσχό-

134 1683 249 1729 λαζεν,
266 1676 362 1727 οὗτος
380 1682 459 1735 [δὲ]
487 1684 604 1730 πάσης
623 1688 683 1732 τῆς
700 1687 811 1738 ἀρχῆς
825 1685 887 1733 τὴν
908 1686 1062 1732 ἐξουσίαν
1080 1689 1172 1726 ἐνδυ-

132 1739 297 1791 σάμενος,
320 1742 399 1786 τούς
418 1758 455 1780 τε
471 1742 652 1796 πατρῴους
668 1744 785 1796 φίλους
796 1745 953 1796 πρώτους
971 1746 1170 1785 διαὸάλλειν

132 1799 278 1853 ἤρξατο,
301 1802 361 1840 καὶ
375 1801 448 1840 ὅσοι
466 1803 625 1841 πλούσιοι
659 1798 762 1852 ἦσαν,
789 1804 927 1848 τούτους
955 1807 1001 1848 εἷς
1023 1806 1172 1859 ὑποψίαν

133 1858 240 1912 ἄγων,
255 1860 294 1899 τὸ
312 1860 489 1913 μειράκιον
511 1861 663 1915 ἐξεφόὸει
676 1892 686 1909 ,
707 1865 752 1906 ὡς
775 1861 816 1900 ἂν
836 1862 958 1906 αὐτοὺς
979 1864 1172 1916 διαχρησά-

133 1933 235 1968 μενος
270 1918 428 1972 ἀφορμὴν
464 1922 558 1974 αὑτῷ
574 1921 751 1973 παράσχοι
771 1921 936 1973 ἁρπάζειν
955 1921 999 1959 τὰ
1018 1923 1169 1962 ἐκείνων.

132 1976 324 2029 Μέχριμὲν
349 1972 407 2016 οὖν
438 1978 527 2022 τινὸς
556 1981 673 2031 ἐπεῖχε
708 1980 766 2018 τὸν
798 1979 871 2017 νέον
900 1982 922 2026 ἦ
957 1984 1017 2019 τοῦ
1042 1982 1172 2034 πατρὸς

134 2034 255 2085 μνήμη
275 2035 335 2073 καὶ
356 2039 378 2083 ἡ
406 2038 473 2074 τῶν
493 2036 601 2089 φίλων
619 2036 741 2081 αἰδώς·
761 2037 837 2076 ἀλλ’
857 2036 976 2091 ὥσπερ
994 2039 1083 2083 τινὸς
1105 2043 1173 2091 βα-

134 2093 262 2133 σκάνου
282 2094 391 2147 τύχης
407 2095 668 2149 ἀνατρεπούσης
682 2098 787 2136 αὐτοῦ
795 2094 863 2144 τὴν
873 2097 1022 2148 κοσμίαν
1042 2097 1170 2149 ἀρχὴν,

134 2153 262 2201 συνέὸη
277 2169 310 2191 τι
325 2158 489 2195 τοιοῦτον.
519 2155 697 2195 Λουκίλλα
713 2150 755 2203 ἦν
774 2158 824 2208 τῷ
850 2156 1000 2209 Κομόδῳ
1019 2156 1174 2208 πρεσὸυ-

133 2210 221 2260 τάτη
242 2213 393 2264 ἀδελφή’
417 2212 505 2262 αὕτη
525 2213 689 2267 πρότερον
714 2214 852 2267 Λουκίῳ
878 2214 984 2267 Βήρῳ
1000 2215 1172 2268 αὐτοκρά-

133 2284 208 2322 τορι
225 2269 391 2323 συνῴκει,
407 2270 445 2309 ὃν
458 2272 617 2310 κοινωνὸν
639 2276 700 2319 τῆς
715 2273 892 2324 βασιλείας
903 2272 1046 2324 Μάρκος
1059 2273 1182 2320 ἐποιή-Δ

134 2343 234 2370 σατο.
255 2329 403 2376 Ἐπειδὴ
422 2326 480 2369 οὖν
496 2331 622 2379 συνέὸη
637 2331 695 2370 τὸν
712 2331 856 2371 Λούκιον
870 2333 1092 2379 τελευτῆσαι,
1111 2347 1173 2382 με-

134 2387 260 2426 νόντων
294 2392 337 2440 τῇ
373 2389 549 2441 Λουκίλλῃ
578 2393 646 2429 τῶν
671 2393 733 2438 τῆς
765 2391 942 2442 βασιλείας
976 2390 1173 2440 συμὸόλων,

134 2439 360 2501 Πομπηϊανῷ
378 2451 396 2487 ὃ
410 2447 527 2501 πατὴρ
540 2449 672 2494 ἐξέδοτο
691 2450 816 2496 αὐτήν·
829 2449 918 2488 ἀλλὰ
937 2449 996 2487 καὶ
1015 2452 1033 2487 ὁ
1052 2450 1173 2500 Κόμο-

136 2505 190 2548 δος
217 2505 387 2554 ἐφύλαττε
417 2505 478 2550 τὰς
495 2507 598 2558 τιμὰς
625 2511 669 2560 τῇ
696 2509 842 2561 ἀδελφῇ.
860 2507 1007 2555 Ἐπειδὴ
1030 2507 1065 2546 δὲ
1085 2507 1173 2558 ἠγά-

135 2578 215 2614 γετο
234 2564 334 2609 αὐτὸς
345 2566 555 2618 Κρισπίναν,
575 2566 708 2617 ἀνάγκη
719 2581 758 2604 τε
773 2565 907 2617 ἐγένετο
914 2564 977 2612 τὴν
986 2565 1172 2618 προεδρίαν

137 2622 371 2672 ἀπονέμεσθαι
392 2627 436 2676 τῇ
464 2628 524 2663 τοῦ
551 2625 792 2676 βασιλεύοντος
817 2623 973 2674 γυναικὶ,
998 2624 1175 2677 δυσφόρως

136 2682 236 2718 τοῦτο
255 2681 407 2733 φέρουσα
429 2685 451 2729 ἡ
474 2683 649 2722 Λουκίλλα
660 2714 672 2732 ,
686 2685 736 2735 τῷ
750 2683 812 2733 μὲν
833 2683 930 2734 ἀνδρὶ
947 2684 1008 2721 οὐκ
1024 2682 1172 2736 ἐθάρρη-

2184 273 2259 306 583

1225 359 1283 383 σεν
1307 347 1433 393 εἰπεῖν,
1465 347 1632 399 Κοδράτῳ
1651 347 1687 386 δέ
1714 364 1800 400 τινι,
1830 353 1876 393 εἷς
1903 350 1939 388 ὃν
1959 352 2017 389 καὶ
2037 352 2256 399 διεὸάλλετο,

1224 402 1367 443 ὖπέθετο
1389 405 1447 443 τὸν
1467 405 1627 455 Κόμοδον
1657 407 1806 445 ἀνελεῖν·
1823 410 1842 446 ὁ
1870 408 1906 446 δὲ
1927 411 2122 463 Κυιντιανῷ
2140 411 2259 464 νεανίᾳ

1225 461 1429 515 θρασυτάτῳ
1444 478 1480 500 τε
1501 464 1559 501 καὶ
1585 464 1809 517 φονικωτάτῳ
1824 464 1886 512 τὴν
1911 466 2066 518 ὀλεθρίαν
2092 469 2259 522 ἐπέτρεψε

1225 519 1360 572 πρᾶξιν.
1381 519 1504 564 “Oetae
1523 520 1640 559 λαὸὼν
1661 522 1883 574 ἐγχειρίδιον,
1903 523 1964 561 καὶ
1983 525 2133 569 ὑποστὰς
2157 528 2191 564 ἐν
2217 530 2260 578 τῇ

1225 581 1286 616 τοῦ
1311 578 1453 631 θεάτρου
1473 578 1597 631 εἰσόδῳ
1625 578 1718 628 (ἔστι
1736 578 1772 617 δὲ
1794 578 1881 627 αὕτη
1898 580 2092 633 ζοφώδης),
2119 582 2262 636 ὥρμησε

1226 635 1316 674 κατὰ
1331 639 1391 675 τοῦ
1409 636 1586 686 Κομόδου.
1610 636 1676 680 Ὡς
1692 636 1728 675 δὲ
1746 636 1915 689 διήμαρτε
1929 641 1990 685 τῆς
2007 641 2161 690 πληγῆς,
2177 656 2263 691 κρα-

1226 693 1339 740 τηθεὶς
1353 695 1420 733 ὑπὸ
1433 698 1500 733 τῶν
1516 695 1838 747 σωματοφυλάκων,
1853 695 1992 734 ἅπαντα
2007 697 2174 747 διήλεγξε.
2194 699 2264 737 Καὶ

1228 753 1328 797 αὐτὸς
1348 752 1409 803 μὲν
1429 757 1650 806 παραχρῆμα
1665 754 1761 802 δίκην
1782 755 1898 798 ἀνοίας
1914 755 2064 807 ὑπέσχεν
2077 772 2084 781 ·
2105 760 2122 795 ὁ
2136 757 2171 795 δὲ
2190 758 2265 797 Κό-

1228 812 1331 860 μοδος
1367 811 1484 850 ἔκτοτε
1523 811 1654 856 κοινοὺς
1692 812 1835 864 ἐχθροὺς
1878 812 2035 858 ἅπαντας
2078 815 2265 866 ἐλογίζετο.

1227 868 1383 922 “Υπῆρξε
1400 869 1436 908 δὲ
1456 870 1515 909 καὶ
1531 873 1581 924 τῷ
1597 870 1774 924 Περεννίῳ
1793 871 1984 924 πρόφασις,
2006 872 2049 919 ἣν
2070 873 2193 919 ἐζήτει·
2203 874 2267 920 τήν

1228 942 1265 964 τε
1284 926 1351 979 γὰρ
1370 927 1520 980 ἀδελφὴν
1549 931 1567 967 ὃ
1596 929 1753 979 Κόμοδος
1783 929 2010 982 διεχρήσατο,
2048 930 2108 969 καὶ
2133 930 2269 976 πάντας

1230 986 1379 1038 ἀφειδῶς
1402 986 1479 1030 τούς
1500 1002 1538 1024 τε
1557 987 1657 1031 ὄντας
1677 988 1711 1025 ἐν
1739 990 1782 1040 τῇ
1803 988 2003 1041 συνωμοσία
2035 989 2095 1026 καὶ
2120 988 2197 1032 τοὺς
2222 992 2268 1033 ὡς

1229 1043 1330 1095 ἔτυχε
1369 1044 1659 1095 διαὸαλλομένους
1689 1045 1964 1097 ἀπεσκευάζετο,
1998 1046 2151 1095 μάλιστα
2192 1048 2270 1091 τοὺς

1229 1101 1410 1156 πατρῴους
1430 1103 1490 1141 καὶ
1505 1103 1711 1154 ἀναγκαίους
1733 1103 1863 1157 φίλους.

1283 1175 1312 1202 2.
1342 1165 1454 1202 Τοῦτο
1483 1165 1543 1200 τοῦ
1573 1161 1762 1214 Περεννίου
1782 1162 2098 1208 κατασκευάζοντος
2119 1164 2267 1211 ποιησά·

1231 1219 1330 1270 μενός
1361 1236 1399 1258 τε
1422 1220 1525 1273 (γὰρ)
1556 1220 1676 1259 ἑαυτὸν
1703 1221 1768 1258 ὑπὸ
1795 1220 1963 1268 ἐξουσίαν,
1992 1220 2195 1260 ἐπιὸούλευε
2225 1227 2267 1275 τῇ

1232 1279 1346 1330 ἀρχῇ,
1367 1276 1424 1316 τόν
1438 1294 1475 1316 τε
1495 1278 1655 1327 Κόμοδον
1669 1278 1950 1330 κατεργάσασθαι
1970 1279 2187 1330 βουλόμενος,
2208 1282 2268 1319 καὶ

1230 1338 1300 1380 τοῖς
1314 1338 1434 1374 ἑαυτοῦ
1454 1337 1554 1375 παισὶ
1580 1336 1641 1384 τὴν
1661 1338 1840 1387 βασιλείαν
1868 1338 2053 1387 διανεῖμαι.
2083 1338 2268 1390 Ἔγνώσθη

1232 1393 1268 1432 δὲ
1293 1397 1315 1441 ἦ
1337 1394 1506 1437 ἐπιὸουλὴ
1523 1395 1726 1447 παραδόξως
1753 1396 1821 1434 ὑπὸ
1841 1395 2028 1448 φιλοσόφου
2055 1397 2143 1440 τινὸς
2167 1399 2201 1435 ἐν
2221 1401 2271 1449 τῷ

1233 1452 1366 1505 θεάτρῳ
1386 1453 1522 1505 μεγάλῃ
1542 1457 1585 1506 τῇ
1606 1457 1701 1506 φωνῇ
1723 1454 1989 1507 ἀνακράζοντος·
2009 1455 2068 1492 καὶ
2089 1457 2106 1492 ὁ
2125 1454 2186 1504 μὲν
2203 1457 2271 1494 ὑπὸ

1231 1514 1292 1549 τοῦ
1308 1512 1492 1564 Περεννίου
1507 1512 1603 1556 δίκας
1623 1516 1684 1559 τ’ῆς
1702 1514 1897 1566 παρρησίας
1916 1513 2048 1560 λαὸὼν,
2070 1514 2154 1565 πυρὶ
2169 1530 2274 1567 παρει

1233 1569 1335 1617 δόθη·
1359 1573 1377 1614 ὁ
1405 1571 1440 1608 δὲ
1471 1570 1628 1620 Κόμοδος
1659 1571 1824 1609 ὑπετόπει
1851 1587 1888 1609 τε
1912 1571 1970 1609 τὸν
1991 1571 2184 1623 Περέννιον,
2212 1574 2272 1612 καὶ

1233 1627 1408 1678 ἐμέμνητο
1417 1631 1484 1667 τῶν
1495 1628 1701 1681 λεχθέντων.
1718 1629 1860 1680 Ὀλίγου
1875 1628 1910 1667 δὲ
1925 1629 2051 1681 χρόνου
2066 1630 2270 1678 διελθόντος,

1234 1686 1445 1739 στρατιῶταί
1464 1703 1551 1730 τινες
1576 1689 1644 1725 τῶν
1666 1687 1858 1740 Ἰλλυριῶν,
1877 1687 2038 1731 λαθόντες
2064 1688 2121 1726 τὸν
2139 1690 2271 1742 Περεν·

1233 1746 1304 1784 νίου
1333 1748 1463 1797 παῖδα,
1487 1747 1686 1797 νομίσματα
1713 1747 1879 1797 ἐκόμισαν
1908 1747 2174 1797 ἐκτετυπωμένα
2205 1748 2270 1794 τὴν

1234 1805 1363 1844 ἐκείνου
1383 1805 1626 1857 εἷκόνα··ἅπερ
1650 1805 1812 1859 ἑωρακὼς
1831 1810 1849 1845 ὁ
1871 1807 2046 1857 Κόμοδος,
2076 1807 2225 1851 πεισθεὶς
2238 1807 2273 1846 δέ

1234 1869 1302 1909 τοῖς
1315 1865 1487 1918 λεχθεῖσιν
1502 1865 1596 1917 αὐτῷ
1612 1865 1795 1915 πολλάκις,
1811 1864 1952 1918 πέμψας
1962 1865 2017 1903 διὰ
2034 1865 2168 1916 νυκτὸς,
2187 1867 2274 1904 ἀπο-

1235 1924 1351 1972 τέμνει
1371 1924 1433 1970 τὴν
1453 1923 1607 1976 κεφαλὴν
1628 1927 1688 1961 τοῦ
1710 1923 1915 1975 Περεννίου,
1937 1922 1996 1961 καὶ
2016 1922 2078 1969 τὴν
2104 1925 2274 1975 ταχίστην

1233 1983 1404 2032 ἐκπέμπει
1423 1982 1506 2034 πρὸς
1525 1982 1582 2020 τὸν
1597 1983 1702 2020 αὐτοῦ
1724 1983 1834 2019 παῖδα
1856 1980 1910 2034 (ὃς
1926 1976 1966 2027 ἧν
1987 1981 2138 2033 ἔπαρχος
2153 1985 2212 2020 τοῦ
2238 1983 2273 2020 ἐν

1235 2041 1416 2092 Ἰλλυριοῖς
1435 2039 1689 2092 στρατοπέδου)
1707 2039 1750 2077 τὰ
1770 2039 1827 2078 ἐπὶ
1850 2041 1910 2087 τῆς
1928 2039 2072 2089 Ῥώμης
2092 2039 2142 2077 ἔτι
2159 2041 2271 2090 ἀγνο-

1235 2103 1359 2148 οῦντα,
1377 2099 1508 2137 κελεύει
1528 2114 1565 2136 τε
1584 2098 1686 2136 αὐτὸν
1707 2098 1764 2136 διά
1781 2099 1855 2148 (τε)
1881 2099 2025 2150 φιλικῶν
2051 2097 2271 2149 γραμμάτων

1235 2157 1330 2204 ἥκειν
1353 2159 1387 2196 ἐν
1407 2160 1449 2210 τῇ
1470 2156 1614 2209 Ῥώμῃ,
1642 2159 1688 2201 ὡς
1707 2156 1767 2194 καὶ
1785 2160 1845 2195 τοῦ
1873 2155 2003 2208 πατρὸς
2023 2156 2128 2194 αὐτοῦ
2150 2157 2274 2208 βουλο-

1237 2215 1339 2266 μένου
1352 2245 1362 2262 ,
1380 2215 1440 2254 καὶ
1453 2214 1515 2262 τὴν
1532 2215 1663 2254 ὕπατον
1683 2214 1794 2267 ἀρχὴν
1813 2216 1916 2253 αὐτοῦ
1933 2213 2144 2265 ληψομένου.
2165 2213 2210 2253 ‘O
2224 2214 2273 2262 δὲ,

1235 2277 1302 2312 τῶν
1314 2273 1468 2325 ἀγγέλων
1485 2273 1651 2312 εἰπόντων
1664 2277 1786 2320 ταῦτα,
1805 2273 1990 2325 ἀσχάλλων
2009 2271 2070 2322 μὲν
2088 2271 2139 2310 ὅτι
2159 2274 2266 2319 ἀτελῆ

1235 2334 1399 2373 κατέλιπε
1418 2333 1462 2372 τὰ
1480 2337 1541 2380 τῆς
1555 2333 1771 2386 τυραννίδος,
1791 2334 1925 2384 θαρρῶν
1945 2330 1981 2369 δὲ
1996 2334 2039 2382 τῇ
2056 2334 2116 2368 τοῦ
2137 2332 2267 2383 πατρὸς

1236 2392 1398 2443 δυνάμει,
1416 2393 1568 2430 ποιεῖται
1584 2391 1646 2438 τὴν
1670 2390 1879 2443 ὁδοιπορίαν.
1900 2389 2090 2439 Γενόμενον
2117 2388 2152 2427 δὲ
2173 2390 2273 2428 αὐτὸν

1235 2450 1327 2488 κατὰ
1348 2450 1411 2497 τὴν
1431 2450 1598 2497 Ἰταλίαν,
1614 2445 1664 2494 οἷς
1684 2453 1785 2488 τοῦτο
1802 2448 1984 2487 ἐντέταλτο
1996 2479 2007 2497 ,
2029 2447 2272 2500 διεχρήσαντο.

1236 2511 1400 2548 Τοιοῦτον
1418 2508 1480 2560 μὲν
1501 2508 1541 2555 δὴ
1561 2507 1658 2552 τέλος
1677 2507 1822 2551 ἐκείνους
1838 2506 2044 2547 κατέλαὸεν.

1289 2580 1320 2606 3.
1348 2566 1395 2606 Ὁ
1428 2566 1464 2604 δὲ
1482 2567 1640 2617 Κόμοδος
1656 2566 1715 2604 δύο
1735 2564 1812 2609 τοὺς
1840 2564 2013 2617 ἐπάρχους
2030 2564 2275 2610 καταστήσας,

1236 2625 1494 2678 ἀσφαλέστερον
1513 2625 1610 2678 ᾠήθη
1630 2624 1806 2678 πράττειν.
1826 2623 1961 2676 Χρόνου
1978 2622 2014 2662 δέ
2027 2638 2115 2666 τινος
2135 2623 2277 2675 διαδρα-

1237 2683 1359 2734 μόντος
1375 2683 1504 2736 ,ἑτέρα
1531 2700 1581 2727 τις
1603 2682 1768 2729 ε’πιὸουλὴ
1799 2683 1877 2720 κατ’
1901 2683 2005 2720 αὐτοῦ
2032 2681 2164 2733 γέγονε.
2190 2684 2275 2720 Μά-

137 2792 270 2834 τρόπους
287 2794 394 2834 ὄντος)
411 2795 628 2836 περιελθούσης
639 2820 647 2835 ,
662 2795 828 2835 ἰδιωτεύσῃ
839 2806 847 2813 ·
863 2796 916 2827 καὶ
939 2795 1044 2826 ἔπεισε
1065 2796 1118 2827 τὸν
1139 2794 1280 2827 Κάσσιον
1302 2797 1341 2828 δι’
1357 2796 1537 2837 ἀπορρήτων
1559 2794 1878 2836 παρασκευάσασθαι,
1901 2792 1958 2832 ἵν’,
1973 2793 2009 2824 ἄν
2030 2804 2059 2824 τι
2073 2793 2090 2823 ὁ
2104 2794 2276 2840 Ἀντωνῖνος

136 2840 247 2878 πάθοι,
262 2841 315 2871 καὶ
330 2842 424 2880 αὐτὴν
437 2843 490 2874 καὶ
505 2843 559 2880 τὴν
573 2843 743 2883 αὐταρχίαν
756 2843 847 2882 λάὸῃ.
861 2859 902 2865 -
915 2842 931 2873 ὃ
942 2854 955 2878 ς
967 2866 976 2882 ,
991 2843 1093 2882 φήμη
1103 2841 1137 2882 ς]
1161 2844 1202 2876 ὡς
1215 2843 1315 2883 φήμης
1329 2842 1442 2873 codex.
1457 2858 1499 2865 —
1519 2840 1698 2872 Ἱκετεύω
1713 2842 1731 2871 ὑ
1741 2843 1810 2880 μᾶς
1826 2840 1905 2871 κτλ.
1918 2838 1930 2879 ]
1947 2839 2071 2878 plenius
2085 2839 2153 2870 haec
2177 2847 2275 2878 quam

137 2896 211 2928 quae
223 2887 405 2928 Xiphilinus
418 2889 531 2928 LXXI,
547 2893 586 2922 30
600 2889 735 2929 praehet.
753 2888 855 2920 -ἐπ’
872 2888 970 2929 ἐμοῦ]
992 2890 1037 2920 sie
1050 2889 1144 2920 etiam
1162 2897 1213 2928 ap.
1239 2888 1436 2928 Xiphilinum
1458 2887 1661 2920 scribendum
1675 2896 1733 2927 pro
1747 2887 1878 2927 vu1gata
1892 2886 1940 2918 ἐπ’
1954 2886 2033 2926 ἐμοί.
2048 2905 2090 2913 --
2106 2887 2173 2916 θαν
2183 2896 2202 2916 α
2212 2896 2277 2916 τω-

139 2934 272 2975 θῆναι]
292 2939 446 2975 σφαγῆναι
459 2936 554 2976 Xiph.
569 2953 610 2959 --
622 2935 865 2976 ἀποίσομαι]
879 2936 1008 2967 σπεύσω
1024 2935 1117 2975 Xiph.

178 2984 232 3014 Fr.
255 2985 324 3014 119.
341 2986 368 3015 A
386 2983 557 3015 commodi
574 2993 670 3024 regno
686 2983 900 3016 Historiarum
914 2983 1040 3014 initium
1056 2982 1190 3022 sumpsit
1203 2981 1413 3020 Herodianus,
1429 2989 1525 3021 quem
1538 2980 1569 3011 in
1582 2979 1789 3020 sequentibus
1802 2988 1867 3019 prae
1884 2979 1996 3011 ceteris
2010 2978 2124 3009 ducem
2138 2979 2277 3010 Joannes

137 3029 198 3061 sibi
214 3029 334 3069 selegit.
350 3031 431 3066 Quae
447 3030 479 3061 in
494 3030 555 3061 hoc
568 3031 745 3071 fragmento
767 3031 927 3070 leguntur,
943 3031 1093 3070 excerpta
1109 3031 1183 3061 sunt
1205 3037 1244 3060 ex
1266 3028 1434 3060 Herodian.
1457 3029 1470 3058 I
1484 3051 1492 3064 ‚
1510 3030 1528 3059 8
1545 3035 1592 3067 sq.
1609 3046 1650 3053 —
1672 3026 1782 3062 αὐτοὺς
1805 3025 1972 3066 διαχρησ.]
1997 3024 2167 3056 Herodian.
2184 3026 2215 3062 Ι,
2237 3027 2276 3063 8;

138 3077 229 3112 αὐτὸς
243 3077 271 3108 δ.
286 3077 398 3109 codex.
414 3097 454 3104 -—
467 3080 535 3119 Κρι
545 3078 710 3119 σπίναν]
725 3078 862 3117 Herod.;
878 3077 1043 3118 Σκιρπίναν
1057 3077 1169 3108 codex,
1185 3097 1226 3102 —
1242 3077 1295 3112 εἰς
1321 3076 1362 3106 ὃν
1389 3075 1452 3106 καὶ
1480 3074 1707 3105 διεὸάλλετο
1718 3072 1729 3113 ]
1742 3073 1787 3113 ἐφ’
1801 3073 1837 3104 οὗ
1851 3074 1905 3104 καὶ
1919 3072 2111 3112 λανθανούσῃ
2125 3071 2275 3123 συνουσίᾳ

138 3124 312 3156 διεὸάλλετο
328 3125 724 3167 Ηοῐοᾶ.-Κυιντιανῷ
735 3126 746 3166 ]
759 3126 874 3157 Herod.
887 3137 896 3166 ;
914 3127 1074 3165 Κυντιανῷ
1086 3123 1234 3164 cod.—§
1245 3128 1274 3154 2.
1287 3122 1657 3158 κατασκευάζοντος
1671 3145 1679 3160 ,
1700 3120 1972 3161 ποιησάμενος
1991 3130 2030 3150 τε
2050 3120 2128 3150 κτλ.
2141 3118 2151 3173 ]
2166 3120 2274 3172 Orauo

139 3171 309 3203 claudicat.
329 3172 499 3204 Herodian.
523 3175 554 3211 1,
569 3177 588 3205 9
605 3183 612 3203 :
627 3173 665 3204 Ὁ
686 3174 718 3204 δὲ
734 3174 892 3214 Περέννιος
914 3171 1208 3212 ἀποσκευασάμενος
1224 3169 1379 3206 πάντας...
1403 3168 1610 3207 ποιησάμενος
1627 3178 1659 3198 τε
1676 3168 1768 3198 αὑτὸν
1785 3167 1833 3198 ἐπ’
1857 3167 1997 3202 ἐξουσίαν
2010 3190 2018 3205 ,
2043 3165 2222 3219 ἐπεδουλευε
2236 3175 2274 3219 τῃ

138 3219 229 3260 ἀρχῇ.
255 3235 296 3245 -
314 3219 395 3260 ὑπὸ]
410 3221 459 3252 ἐπὶ
476 3220 591 3252 Herod.
602 3244 611 3260 ,
628 3220 714 3260 quod
727 3220 824 3252 etiam
841 3220 950 3251 nostro
970 3218 1040 3249 loco
1055 3216 1271 3257 reponendum
1285 3216 1429 3252 videtur;
1445 3214 1505 3245 nisi
1521 3214 1602 3245 sorte
1620 3214 1697 3244 velis
1716 3212 1764 3253 ὑφ’
1778 3213 1887 3244 ἑαυτὸν
1904 3213 1958 3249 τὴν
1975 3212 2126 3247 ἐξουσιαν.
2149 3227 2189 3232 --
2202 3220 2247 3245 τη
2257 3221 2273 3259 ν

141 3267 260 3307 βασιλ
269 3266 351 3298 είαν
370 3265 593 3307 διανεῖμαι]
607 3267 775 3308 ἐγχειρίσαι
793 3268 846 3304 τήν
860 3266 1003 3307 πρόνοιαν
1019 3269 1080 3296 τῶν
1094 3265 1267 3304 Ἰλλυρικῶν
1287 3259 1523 3302 στρατευμάτων
1542 3259 1659 3291 Herod.
1674 3278 1713 3286 —-
1726 3258 1747 3289 ἀ
1757 3269 1772 3289 ν
1784 3269 1804 3288 α
1816 3270 1833 3289 κ
1844 3269 1859 3299 ρ
1869 3258 1889 3289 ά
1900 3261 1914 3295 ζ
1924 3269 1940 3288 o
1950 3269 1965 3289 ν
1976 3269 1993 3289 τ
2004 3268 2021 3288 ο
2032 3256 2066 3312 ς’]
2081 3255 2187 3313 §Verba
2212 3255 2275 3309 phr-

140 3313 276 3352 losophi,
291 3321 363 3353 quae
379 3313 532 3344 excidisse
547 3314 708 3352 videntur,
727 3314 797 3345 haec
818 3316 892 3344 sunt
909 3312 1048 3351 (Herod.
1071 3315 1099 3350 Ι,
1123 3314 1163 3351 9)
1189 3321 1196 3342 :
1222 3311 1268 3342 Οὐ
1283 3308 1496 3348 πανηγυρίζειν
1515 3318 1565 3338 σοι
1581 3307 1687 3347 καιρὸς
1699 3329 1708 3344 ,
1731 3306 1899 3346 Κομμοδε,
1924 3308 1976 3336 νῦν
1988 3328 1997 3343 ,
2024 3304 2093 3335 ουδε
2116 3304 2196 3337 θεαις
2220 3312 2273 3331 και

141 3362 258 3400 ἑορταῖς
273 3359 434 3400 σχολάζειν
447 3369 454 3375 ·
471 3359 622 3391 ἐπίκειται
644 3360 702 3400 γάρ
730 3372 788 3391 σου
801 3363 864 3395 τοῖς
887 3360 998 3400 αὐχέσι
1011 3359 1046 3390 τὸ
1067 3361 1122 3390 τοῦ
1145 3357 1306 3398 Περεννίου
1329 3355 1420 3395 ξίφος.
1444 3374 1484 3380 -
1505 3354 1567 3385 διά
1583 3365 1622 3385 τε
1640 3351 1828 3394 φιλικῶν]
1849 3363 1883 3383 τε
1904 3350 2064 3387 abundat,
2080 3349 2274 3402 excer'ptorns

141 3406 247 3446 culpa.
266 3408 317 3438 Sc.
337 3406 534 3438 Herodianus
553 3419 560 3437 ε
578 3406 745 3447 γράμματά
759 3418 792 3438 τε
807 3406 912 3447 φιλικὰ
935 3406 1067 3443 ποιήσας
1083 3407 1134 3436 καὶ
1152 3406 1269 3445 μείζοσι
1285 3404 1384 3445 φήσας
1402 3402 1505 3432 καλεῖν
1529 3400 1646 3432 ἐλπίσιν
1672 3400 1774 3431 αὐτόν.
1790 3418 1830 3425 -
1852 3396 2087 3436 ἐντέταλτο]
2113 3395 2271 3426 ἐντελτατο

142 3452 211 3484 cod.
231 3470 271 3477 —
292 3451 310 3492 ξ
333 3457 360 3483 3.
376 3452 460 3483 κατ’
481 3453 630 3493 αὐτοῦ]
645 3453 694 3485 vel
711 3453 792 3484 κατὰ
806 3453 841 3484 τὸ
855 3452 948 3491 αὐτὸ,
964 3451 1010 3483 uti
1023 3452 1069 3483 est
1082 3460 1132 3491 ap.
1164 3450 1299 3489 Herod.;
1316 3449 1385 3481 κατ’
1405 3449 1515 3484 αὐτοὺς
1532 3448 1643 3480 codex.
1659 3465 1699 3471 -
1715 3448 1731 3478 δ
1743 3458 1756 3477 ε
1768 3458 1777 3477 ι
1789 3458 1803 3477 ν
1816 3445 1858 3485 ὰ]
1875 3447 1959 3483 Hem
1991 3443 2064 3475 δυνὰ
2075 3441 2195 3473 cod.-
2211 3450 2271 3480 χα-
