2372 3704
168 244 243 279 504

295 350 712 410 SOSTHENES
751 352 1058 412 CNIDIUS.

662 477 697 502 1.

564 556 787 595 lssHPIKA.

410 657 440 692 E
468 656 615 692 LIBRO
644 655 948 693 TREDECIMO.

208 746 432 782 Plutarchus
448 748 504 783 De
523 745 616 784 fluV.
650 746 695 783 16
711 774 721 792 ,
746 746 766 782 3
790 760 797 782 :
814 744 1034 796 Παράκειται
1061 745 1089 783 δ’
1109 746 1203 798 αὐτῷ

125 815 129 817 ·
154 801 226 854 (τῷ
244 803 380 853 Νείλῳ)
415 803 504 855 ὄρος,
531 802 570 842 Ἄ
578 804 714 855 ργιλλον
743 802 956 853 καλούμενον
993 803 1053 841 ἀπ’
1090 802 1202 846 αἰτίας

153 859 329 908 τοιαύτης.
356 861 442 905 Ζεὺς
461 862 504 898 δι’
521 861 691 913 ἐρωτικὴν
708 860 892 911 ἐπιθυμίαν
909 862 948 899 ἐκ
969 860 1122 908 Λύκτου,
1137 860 1201 898 πό·

153 919 240 962 λεως
252 921 440 971 Κρητικῆς,
449 916 579 971 Ἄργην
599 921 736 972 νύμφην
753 919 927 973 ἁρπάσας,
940 919 1134 969 ἀπήνεγκεν
1153 920 1200 962 εἷς

152 978 229 1030 ὄρος
241 981 301 1023 τῆς
328 978 507 1028 Αἰγύπτου
519 1007 530 1028 ,
551 976 590 1017 Ἄ
598 980 732 1031 ργιλλον
744 978 969 1028 καλούμενον·
989 978 1049 1016 καὶ
1064 978 1200 1029 ἐγέννη-

152 1051 210 1074 σεν
222 1036 256 1081 ἐξ
268 1039 374 1083 αὐτῆς
390 1037 477 1083 υἱὸν,
497 1036 710 1087 καλούμενον
727 1036 911 1076 Διόνυσον·
929 1036 965 1081 ὃς
981 1036 1144 1087 ἀκμάσας
1154 1037 1202 1080 εἷς

151 1094 257 1145 τιμὴν
277 1098 338 1142 τῆς
367 1094 497 1148 μητρὸς
525 1094 581 1132 τὸν
600 1095 704 1148 λόφον
733 1094 772 1134 Ἄ
780 1097 917 1148 ργιλλον
952 1095 1198 1146 μετωνόμασε·

152 1154 437 1206 στρατολογήσας
466 1154 499 1192 δὲ
524 1155 656 1206 Πᾶνας·
669 1154 728 1193 καὶ
757 1154 954 1207 Σατύρους,
984 1154 1081 1198 ἰδίοις
1109 1154 1200 1201 σκή-

151 1227 269 1265 πτροις
288 1211 417 1256 Ἰνδοὺς
432 1212 592 1258 ὑπέταξε·
612 1213 757 1260 νικήσας
777 1213 887 1252 δὲκαὶ
904 1213 1075 1266 Ἰὸηρίαν,
1096 1215 1199 1252 Πᾶνα

154 1271 341 1309 κατέλιπεν
360 1271 575 1322 ἐπιμελητὴν
595 1275 663 1310 τῶν
690 1273 825 1310 τόπων·
861 1271 896 1316 ὃς
915 1271 978 1319 τὴν
995 1270 1116 1324 χώραν
1139 1271 1199 1309 ἀπ’

152 1331 258 1368 αὐτοῦ
276 1330 412 1369 Πανίαν
434 1330 681 1382 μετωνόμασεν
694 1347 702 1355 ·
719 1331 762 1379 ἣν
777 1333 806 1370 οἱ
826 1330 1110 1383 μεταγενέστεροι
1126 1346 1199 1368 πα-

152 1388 319 1440 ραγώγως
335 1389 496 1428 Σπανίαν
515 1390 799 1443 προσηγόρευσαν
812 1406 819 1414 ·
841 1389 954 1433 καθὼς
967 1390 1098 1439 ἱστορεῖ
1115 1391 1199 1429 Σω-

155 1449 270 1496 ῑἿένης
290 1450 324 1487 ἐν
342 1449 386 1500 ιγ’
408 1448 608 1502 Ἰὅηρικῶν.

657 1539 691 1562 2.

201 1602 260 1640 Id.
281 1602 335 1639 ib.
357 1615 389 1639 c.
413 1614 474 1647 17,
494 1607 514 1646 4
536 1613 545 1638 :
567 1601 737 1639 Γεννᾶται
753 1599 780 1637 δ’
792 1601 826 1638 ἐν
845 1601 939 1652 αὐτῷ
959 1600 1014 1651 (ἐν
1027 1599 1195 1653 Εὐρώτᾳ)

150 1658 303 1711 βοτάνη,
322 1658 524 1708 καλουμένη
549 1658 732 1711 Χαρίσιον,
754 1658 796 1705 ἣν
815 1665 994 1709 γυναῖκες,
1021 1658 1119 1711 ἔαρος
1137 1660 1197 1711 ἀρ-

148 1717 315 1769 χομένου,
348 1723 417 1761 τοῖς
444 1717 632 1770 τραχήλοις
667 1717 922 1770 περιάπτουσι,
956 1717 1016 1756 καὶ
1043 1718 1109 1756 ὑπὸ
1130 1721 1198 1756 τῶν

149 1777 282 1829 ἀνδρῶν
318 1775 605 1829 συμπαθέστερον
647 1778 873 1828 ἀγαπῶνται·
920 1776 1034 1820 καθὼς
1068 1779 1198 1829 ἱστορεῖ

149 1835 331 1883 Κλεάνθης
346 1837 380 1872 ἐν
404 1834 436 1872 α’
459 1835 549 1887 Περὶ
569 1836 675 1887 ὀρῶν.
697 1835 886 1884 Μέμνηται
899 1834 935 1873 δὲ
954 1835 1084 1873 τούτων
1104 1837 1198 1887 ἀκρι-

150 1891 313 1944 ὅέστερον
347 1891 532 1939 Σωσθένης
552 1895 570 1931 ὁ
598 1892 757 1944 Κνίδιος,
786 1892 868 1945 παρ’
890 1887 929 1931 οῗυ
955 1890 1018 1940 τὴν
1038 1892 1197 1931 ὑπόθεσιν

149 1951 288 2004 εἴληφεν
311 1950 536 2004 Ἑρμογένης.
764 1945 767 1948 ”

657 2457 688 2489 1.

550 2535 767 2574 IBERICA.

186 2615 318 2655 Adjacet
341 2615 414 2648 Nilo
439 2623 533 2646 mons
561 2615 698 2655 Argillus
718 2615 760 2647 ob
790 2616 873 2647 hanc
893 2625 1022 2648 causam
1050 2618 1195 2649 vocatus.

144 2670 290 2710 Juppiter
300 2668 418 2700 amoris
424 2667 579 2700 desiderio
590 2668 756 2708 perculsus
766 2677 804 2700 ex
820 2671 932 2709 Lycto,
943 2671 1046 2701 Cretae
1055 2670 1196 2708 civitate,

144 2725 248 2761 Argen
263 2720 438 2761 nympham
453 2719 576 2760 rapuit,
591 2728 727 2760 eamque
740 2720 772 2751 in
789 2722 931 2752 montem
944 2721 1066 2761 AEgypti
1078 2745 1087 2760 ,
1099 2721 1197 2760 Argil-

144 2782 231 2811 mm,
249 2772 360 2810 duxit,
379 2772 435 2803 uhi
463 2772 564 2804 [ilium
581 2772 729 2810 sustulit,
750 2781 847 2812 quem
872 2772 982 2804 dixere
1007 2773 1194 2812 Dionysum.

143 2824 306 2856 verticem
323 2824 388 2862 ille,
403 2832 505 2864 quum
521 2823 560 2855 ad
577 2824 682 2855 aetatis
697 2823 806 2856 florem
821 2824 1033 2864 pervenisset,
1048 2824 1079 2855 in
1094 2824 1194 2855 hono-

144 2885 212 2908 rem
240 2875 352 2906 matris
380 2875 533 2915 Argilium
550 2875 696 2915 vocavit,
714 2876 891 2915 coactoque
914 2878 1036 2907 Panum
1050 2877 1082 2907 et
1103 2878 1196 2916 Saty·

145 2936 253 2959 rorum
271 2926 412 2959 exercitu
426 2950 435 2966 ,
459 2928 585 2966 sceptro
613 2935 671 2958 suo
699 2926 795 2959 Indos
823 2927 975 2966 subjecit,
1006 2927 1196 2967 devictaque

144 2980 247 3013 Iberia
259 3004 268 3019 ,
288 2983 406 3012 Panem
430 2980 557 3011 illorum
573 2980 717 3011 locorum
731 2980 899 3020 praesidem
914 2980 1058 3021 reliquit,
1076 2981 1130 3021 qui
1148 2990 1193 3012 re-

143 3033 269 3073 gionem
282 3039 300 3062 a
322 3040 356 3062 se
381 3031 448 3071 ipso
474 3031 604 3063 Paniam
621 3031 816 3071 nominavit3
835 3031 920 3064 unde
936 3031 1053 3072 posteri
1069 3034 1195 3073 sumpta

144 3083 342 3116 derivatione
355 3083 503 3123 Spaniam
517 3091 589 3114 eam
608 3083 820 3123 appellarunt,

652 3167 686 3198 2.

183 3243 331 3276 Nascitur
355 3243 389 3274 in
414 3243 534 3275 Eurota
556 3243 664 3282 planta
680 3243 859 3276 Charisium
876 3244 979 3284 dicta,
997 3253 1096 3285 quam
1123 3253 1194 3276 mu-

145 3297 252 3335 lieres,
268 3295 400 3327 ineunte
422 3303 513 3334 vere,
530 3295 613 3326 collo
629 3295 831 3336 appendunt,
846 3298 877 3328 et
892 3297 1111 3329 vehementius
1123 3297 1166 3329 ita
1176 3305 1195 3328 a

145 3348 218 3379 viris
231 3348 392 3386 amantur,
407 3347 443 3378 ut
456 3348 568 3378 auctor
588 3348 635 3378 est
649 3347 821 3379 Cleanthes
833 3348 937 3388 primo
952 3351 998 3380 De
1018 3348 1191 3381 montibus.

142 3398 330 3431 accuratius
351 3398 448 3430 etiam
464 3397 504 3430 de
525 3398 574 3430 his
591 3398 723 3438 exponit
743 3399 915 3432 sosthenes
930 3399 1081 3440 Cnidius,
1098 3409 1116 3432 a
1130 3409 1194 3441 quo

143 3452 368 3492 argumentum
384 3451 519 3492 sumpsit
536 3453 759 3493 Hermogenes.

849 241 1126 283 SOSTHENIS
1156 242 1313 300 chnll
1362 242 1632 294 SOSTRATI,

1566 350 2010 412 SOSTRATUS.

1629 469 1921 509 TrPPHNlKA
1930 502 1939 510 .

1549 569 1578 603 Ε
1606 569 1755 605 LIBRO
1783 570 2025 608 SECUNDO.

1771 663 1804 686 1.

1319 730 1490 768 Stobaeus
1508 732 1639 770 Floril.
1666 732 1803 778 LXIV,
1837 731 1885 768 36
1914 745 1922 768 ε
1946 731 2160 784 Σωστράτου
2181 734 2216 772 ἐν
2231 734 2310 773 δευ-

1264 785 1354 839 τέρῳ
1381 789 1621 840 Τυρρηνικῶν.
1645 786 1783 835 Αἴολος,
1802 789 1870 826 τῶν
1889 787 1982 826 κατὰ
2013 789 2211 842 Τυρρηνίαν
2239 793 2310 843 βα-

1265 843 1377 887 σιλεὺς
1392 845 1522 892 τόπων,
1548 845 1649 898 ἔσχεν
1677 845 1711 891 ἐξ
1741 846 1930 899 Ἀμφιθέας
1959 847 2150 900 θυγατέρας
2175 848 2234 898 ἓξ,
2250 849 2312 888 καὶ

1265 902 1322 940 τὸν
1341 903 1444 941 αὐτὸν
1465 904 1611 956 ἀριθμὸν
1627 904 1778 956 ἀρρένων
1797 904 1930 943 παίδων
1944 936 1955 954 ,
1974 899 2021 944 ὧν
2039 909 2057 945 ὁ
2072 907 2312 959 πρεσὸύτατος

1266 961 1459 1011 (νεώτατος
1488 965 1587 1003 Plut.
1603 963 1617 1015 )
1650 962 1840 1015 Μακαρεὺς
1874 963 2041 1011 Κανάκης
2071 968 2132 1012 τ’ῆς
2159 966 2311 1017 ἀδελφῆς

1264 1020 1418 1072 ἐρασθεὶς
1445 1021 1612 1059 ἐὸιάσατο
1639 1020 1702 1068 τὴν
1730 1021 1999 1075 προειρημένην.
2023 1023 2148 1068 Αἴολος
2169 1023 2205 1062 δὲ
2230 1025 2311 1078 περὶ

1263 1077 1393 1116 τούτων
1406 1078 1526 1128 μαθὼν
1543 1082 1585 1131 τῇ
1597 1080 1742 1132 θυγατρὶ
1759 1080 1851 1133 ξίφος
1864 1079 2032 1134 ἔπεμψεν·
2052 1085 2074 1130 ἡ
2093 1082 2128 1120 δὲ
2141 1084 2187 1126 ὡς
2203 1082 2310 1133 νόμον

1264 1136 1432 1187 δεξαμένη
1455 1137 1513 1176 τὸν
1531 1138 1670 1191 σίδηρον
1691 1139 1799 1185 αὐτὴν
1819 1140 1946 1180 ἀνεῖλε.
1976 1140 2166 1192 Μακαρεὺς
2191 1141 2228 1180 δὲ
2251 1140 2312 1180 τὸν

1262 1195 1478 1245 γεννήσαντα
1492 1195 1830 1248 προεξιλεωσάμενος
1845 1196 1992 1250 ἔδραμεν
2007 1200 2054 1240 εἷς
2065 1197 2123 1236 τὸν
2138 1197 2310 1249 θάλαμον·

1262 1253 1371 1306 εὑρὼν
1403 1253 1438 1292 δὲ
1469 1254 1531 1302 τὴν
1561 1255 1797 1306 ἀγαπωμένην
1826 1258 2106 1309 αἱμορραγοῦσαν
2132 1259 2182 1311 τῷ
2213 1258 2310 1311 αὐτῷ

1262 1311 1349 1366 ξίφει
1369 1313 1426 1352 τὸν
1448 1314 1521 1365 βίον
1539 1314 1763 1368 περιέγραψε.
1785 1317 1928 1353 Eadem
1944 1317 2097 1353 brevius
2111 1318 2307 1354 Plutarch.

1262 1373 1302 1408 in
1321 1375 1452 1410 Parall.
1468 1375 1561 1410 min.
1580 1388 1613 1413 c.
1633 1375 1683 1411 28
1696 1402 1706 1420 ‚
1722 1388 1768 1411 ex
1785 1388 1863 1423 quo
1881 1375 1971 1411 dedi
1990 1375 2218 1426 Τυρρηνικῶν
2234 1389 2309 1426 pro

1261 1432 1505 1482 Τυραννικῶν,
1527 1433 1633 1481 quod
1652 1441 1707 1469 est
1726 1434 1828 1482 apud
1855 1433 2060 1473 Stobaeum.
2084 1433 2225 1472 Contra
2243 1447 2307 1484 ap.

1262 1492 1359 1529 Plut.
1383 1504 1429 1527 ex
1443 1492 1594 1528 Stobaeo
1611 1493 1734 1530 scribe
1750 1490 1885 1541 ὃνόμον
1901 1490 2050 1543 κρίνασα
2066 1505 2138 1541 pro
2154 1505 2218 1546 vg..
2230 1490 2310 1530 ἄνο-

1263 1563 1326 1599 μον
1343 1563 1398 1601 κρ.

1659 1630 1905 1686 ΘΡᾼΚῙΚΑ.

1539 1726 1567 1760 Ε
1594 1724 1744 1761 LIBRO
1779 1725 2019 1762 SECUNDO.

1769 1818 1803 1844 2.

1314 1876 1483 1913 Stohaeus
1503 1877 1634 1913 Floril‘.
1656 1878 1737 1922 VII,
1755 1877 1804 1912 66
1827 1889 1835 1914 :
1857 1874 2069 1927 Σωστράτου
2096 1877 2132 1914 ἐν
2153 1875 2304 1930 δευτέρῳ

1263 1935 1467 1986 Θρᾳκικῶν.
1500 1932 1672 1980 Ἀθηναῖοι
1703 1933 1788 1986 πρὸς
1808 1934 1956 1986 Θρᾷκας
1987 1933 2139 1984 πόλεμον
2170 1934 2307 1987 ἔχοντες

1263 1991 1461 2045 στρατηγὸν
1486 1993 1751 2045 ἐχειροτόνησαν
1773 1991 1918 2045 Κόδρον.
1950 1987 2060 2036 Οὗτος
2087 1991 2238 2038 ἀκούσας
2254 1992 2307 2033 ὅτι

1261 2049 1421 2099 χρησμὸν
1446 2048 1629 2100 εἰλήφασιν
1655 2052 1686 2088 οἳ
1714 2050 1877 2102 πολέμιοι
1901 2052 2080 2103 ἐγκρατεῖς
2099 2050 2307 2099 γενήσεσθαι

1262 2110 1323 2153 τῆς
1353 2107 1451 2154 νίκης
1484 2107 1625 2156 αὐτοὺς,
1651 2107 1710 2147 ἐὰν
1727 2112 1786 2147 τοῦ
1806 2111 2003 2161 στρατηγοῦ
2021 2107 2208 2160 φείσωνται
2238 2111 2307 2147 τῶν

1262 2165 1465 2214 Ἀθηναίων,
1486 2168 1520 2205 ἓν
1533 2166 1702 2218 δρυτόμου
1723 2167 1884 2219 σχήματι
1896 2165 2064 2205 συνέὸαλε
2083 2166 2202 2219 μάχην
2217 2166 2309 2218 μετά

1261 2239 1363 2262 τινων
1376 2226 1528 2277 Θρᾳκῶν
1544 2223 1786 2275 ξυλιζομένων,
1799 2225 1858 2263 καὶ
1874 2228 1924 2278 τῷ
1944 2225 2105 2278 δρεπάνῳ
2121 2224 2308 2278 καιρίως-ἐξ

1263 2284 1376 2322 αὐτῶν
1396 2283 1454 2321 ἕνα
1475 2282 1610 2329 πλήξας
1626 2285 1757 2322 ἀνεῖλεν
1770 2299 1778 2308 ·
1799 2286 1830 2323 ot
1841 2283 1876 2322 δὲ
1893 2283 2008 2322 λοιποὶ
2026 2283 2088 2330 τὴν
2105 2282 2308 2336 περίστασιν

1261 2346 1320 2381 τοῦ
1358 2342 1651 2395 στρατηγήματος
1682 2342 1731 2392 μὴ
1748 2341 1976 2393 γινώσκοντες
2010 2341 2218 2380 ἀπέκτειναν
2248 2342 2307 2380 τὸν

1595 2454 1689 2493 RES
1712 2453 1971 2493 ETRUSCAE.

1766 2537 1799 2569 1.

1304 2602 1416 2634 AEolus
1434 2602 1571 2634 Etruriae
1585 2603 1618 2634 et
1631 2601 1809 2633 vicinorum
1823 2601 1968 2633 locorum
1982 2608 2039 2633 rex
2051 2609 2094 2633 ex
2114 2600 2306 2642 Amphitheam

1259 2653 1339 2685 filias
1358 2663 1414 2686 sex
1431 2653 1628 2694 totidemque
1655 2653 1734 2685 filios
1758 2653 1880 2685 habuit.
1898 2655 2022 2686 Horum
2039 2652 2200 2685 maximus
2226 2655 2304 2686 natu

1259 2707 1426 2737 Macareus
1439 2706 1586 2736 Canacen
1603 2713 1746 2737 sororem
1766 2704 1931 2745 deperiens
1944 2704 2114 2745 stupravit.
2135 2706 2207 2742 Quo
2219 2713 2305 2736 com·

1259 2760 1349 2797 perto
1364 2758 1473 2789 AEolus
1486 2757 1625 2798 gladium
1640 2758 1714 2789 filioe
1735 2757 1830 2789 misit.
1846 2757 1939 2795 Quod
1956 2758 2012 2789 illa
2028 2757 2117 2798 quasi
2133 2757 2234 2798 legem
2252 2765 2304 2790 ac·

1257 2810 1378 2850 cipiens
1395 2811 1496 2841 semet
1519 2810 1586 2849 ipsa
1608 2810 1762 2841 confodit.
1786 2811 1913 2842 Interea
1926 2811 2111 2849 Macareus,
2134 2810 2304 2849 postquam

1257 2861 1336 2892 iram
1352 2861 1490 2901 parentis
1503 2861 1706 2900 placaverat,
1725 2862 1756 2892 in
1772 2861 1951 2892 thalamum
1961 2861 2116 2899 accurrit;
2131 2860 2185 2892 ubi
2201 2869 2303 2901 quum

1256 2912 1416 2952 sanguinis
1426 2911 1574 2951 profluxu
1588 2912 1797 2944 emorientem
1811 2913 1949 2952 puellam
1963 2912 2177 2952 conspiceret,
2190 2911 2303 2945 eodem

1256 2964 1322 3004 ipse
1335 2963 1441 3004 gladio
1455 2964 1554 2995 vitam
1568 2973 1657 2996 suam
1673 2964 1934 3004 clrcumscripsit.

1578 3045 1669 3084 RES
1699 3044 1983 3086 THRACICAE.

1762 3130 1796 3163 2.

1297 3197 1322 3227 E
1337 3195 1470 3227 Sostrati
1478 3194 1558 3226 libro
1567 3194 1707 3226 secundo
1718 3194 2085 3227 Rerum-Thracicarum.
2097 3194 2306 3228 Athenienses

1255 3247 1367 3278 contra
1382 3246 1522 3278 Thraces
1543 3245 1664 3277 bellum
1681 3246 1825 3285 gerentes
1849 3245 1967 3279 ducem
1982 3246 2130 3278 crearunt
2145 3245 2302 3279 codrum.

1255 3299 1287 3330 Is
1299 3305 1398 3338 quum
1421 3295 1627 3336 comperisset
1641 3296 1810 3327 oraculum
1826 3295 1972 3328 hostibus
1983 3295 2095 3327 datum
2110 3304 2196 3335 esse,
2215 3295 2303 3336 quod

1254 3349 1422 3381 victoriam
1447 3347 1663 3389 praedicebat,
1691 3349 1716 3380 si
1739 3348 1812 3380 duci
1842 3348 2085 3380 Atheniensium
2110 3349 2302 3389 parcerent:

1253 3403 1416 3442 assumpto
1426 3401 1546 3433 amictu
1567 3401 1627 3432 viri
1642 3401 1696 3441 qui
1712 3401 1796 3441 ligna
1812 3400 1923 3441 caedit,
1945 3410 2019 3432 cum
2038 3400 2212 3433 Thracibus
2235 3400 2303 3441 qui·

1258 3453 1390 3486 busdam
1411 3453 1494 3494 ligna
1512 3452 1734 3493 colligentibus
1756 3461 1887 3484 manum
1910 3453 2069 3485 conseruit
2085 3460 2250 3493 unumque
2260 3460 2300 3486 ex
