2372 3704
157 246 231 278 368

147 324 285 376 ἠράσθη
317 323 487 376 παρθένου
519 325 714 374 δημοτικῆς
749 326 801 376 (l.
833 325 1076 378 Δημονίκης)·
1106 329 1128 374 ἡ
1155 327 1192 366 δὲ

147 383 319 420 συνελθεῖν
349 381 542 435 ὑπέσχετο,
569 382 628 421 ἐὰν
654 382 707 422 τὰ
732 383 859 436 ψέλλια
890 384 949 423 καὶ
979 385 1038 423 τὸν
1058 384 1190 436 κόσμον

147 443 217 479 τῶν
247 443 421 492 γυναικῶν
444 443 492 493 δῷ
519 442 628 493 αὐτῇ,
648 442 707 480 καὶ
726 442 788 488 τὴν
808 441 961 495 Ἔφεσον
986 445 1191 494 προδοῦναι·

153 503 172 537 ὃ
198 501 227 538 δ’
245 500 370 547 ἠξίωσε
391 500 470 545 τοὺς
490 500 705 554 στρατιώτας
727 501 894 551 ἐμὸαλεῖν
919 503 966 546 εἷς
985 501 1041 539 τὸν
1063 502 1192 541 κόλπον

148 558 186 597 ὃν
207 553 301 611 εἶχον
316 560 446 611 χρυσὸν
462 562 524 606 τῆς
540 560 770 612 φιλαργύρου.
795 559 1024 607 Ποιησάντων
1044 560 1079 598 δὲ
1093 591 1104 610 ‚
1128 561 1194 599 ὑπὸ

148 620 210 664 τῆς
227 618 408 670 δαψιλείας
433 621 496 656 τοῦ
521 622 652 671 χρυσοῦ
674 621 768 663 ζῶσα
788 618 1016 671 κατεχώσθη,
1036 619 1194 671 καθάπερ

147 677 278 727 ἱστορεῖ
295 677 495 730 Κλειτοφῶν
508 678 542 715 ἐν
557 676 688 729 πρώτῳ
702 677 924 716 Γαλατικῶν.
935 678 992 716 Cf.
1005 680 1192 727 Droysen.

145 737 292 773 Hellen.
318 738 378 783 ΙΙ,
396 750 436 786 p.
466 750 552 784 177.

589 831 762 844 ——QQQ—

199 959 395 996 Plutarch.
416 959 474 994 De
493 955 586 996 fluv„
623 971 666 1004 7,
697 958 720 994 6
746 971 755 993 ι
785 958 956 995 Γεννᾶται
974 955 1002 993 δ’
1036 957 1071 994 ἐν
1100 958 1195 1009 αὐτῷ

150 1016 219 1064 (sc.
249 1017 284 1053 ἐν
319 1018 368 1066 τῷ
386 1013 548 1067 Τμώλῳ)
576 1013 667 1058 λίθος
694 1014 853 1066 κισσήρει
883 1013 1095 1066 παρόμοιος,
1131 1015 1193 1053 καὶ

147 1072 302 1116 σπανίως
317 1072 534 1124 εὑρίσκεται·
547 1072 707 1124 τετράκις
720 1072 786 1124 γὰρ
798 1076 859 1120 τῆς
872 1072 1007 1126 ἡμέρας
1023 1073 1193 1112 ἀλλάσσει

146 1131 209 1178 τὴν
234 1131 362 1183 χρόαν·
393 1129 560 1182 βλέπεται
593 1130 629 1169 δὲ
660 1131 727 1170 ὑπὸ
754 1131 936 1184 παρθένων
969 1134 1035 1169 τῶν
1066 1131 1115 1182 μὴ
1144 1135 1193 1186 τῷ

150 1189 266 1242 χρόνῳ
281 1189 476 1241 φρονήσεως
492 1190 647 1241 ἐχουσῶν
658 1205 666 1214 ·
682 1191 717 1228 αἱ
733 1189 768 1228 δὲ
783 1189 876 1242 ὥραν
891 1190 1036 1242 ἔχουσαι
1048 1190 1172 1242 γάμων
1183 1221 1193 1239 ,

146 1248 205 1286 ἐὰν
224 1251 349 1300 ὁρῶσιν
367 1247 489 1295 αὐτὸν,
507 1248 604 1286 οὐδὲν
623 1250 823 1288 ἀδικοῦνται
838 1248 936 1301 παρὰ
955 1251 1021 1287 τῶν
1044 1249 1194 1302 ὑὸρίζειν

150 1307 338 1345 θελόντων·
368 1305 482 1350 καθὼς
503 1308 635 1360 ἱστορεῖ
656 1309 873 1360 Κλειτοφῶν.
903 1309 1046 1346 Eadem
1072 1323 1194 1358 usque

146 1368 197 1403 ad
224 1368 385 1404 verbum
416 1367 571 1417 ἐχουσῶν
593 1369 770 1417 leguntur
797 1369 837 1404 in
865 1369 1022 1406 Aristot.
1052 1369 1190 1407 Mirab.

145 1439 180 1464 c.
205 1431 278 1473 174
297 1426 359 1462 ed.
380 1427 658 1464 Westermann.

651 1504 687 1543 5.

198 1576 323 1612 Schol.
345 1578 475 1613 Venet.
493 1575 539 1613 11.
559 1589 599 1621 υ,
619 1579 693 1619 404
717 1589 724 1611 ;
747 1572 884 1620 Νηλεὺς
906 1574 968 1625 (in
983 1575 1098 1614 codd.
1115 1577 1190 1614 BV.

146 1642 326 1683 corrupte
346 1631 509 1683 Ἀπλεὺς)
528 1634 546 1670 ὁ
568 1631 703 1684 Κόδρου
719 1632 879 1684 χρησμὸν
892 1632 1010 1670 λαὸὼν
1030 1632 1191 1670 ἀποικίαν

144 1692 296 1731 ἔστειλεν
319 1693 365 1734 εἷς
381 1691 541 1737 Μίλητον
571 1690 631 1729 καὶ
656 1690 719 1738 τὴν
740 1691 876 1744 Καρίαν
903 1690 938 1736 ἐξ
959 1691 1111 1738 Ἀθηνῶν
1132 1693 1191 1730 καὶ

143 1754 205 1797 τῆς
221 1751 388 1802 Ἀχαϊκῆς
412 1749 573 1797 ἹΞλίκης.
596 1749 885 1802 Παραγενόμενος
910 1752 957 1793 εἷς
972 1749 1036 1796 τὴν
1053 1749 1191 1801 Καρίαν

143 1808 234 1860 ἱερὸν
263 1809 480 1851 Ποσειδῶνος
497 1807 663 1860 ἱδρύσατο
683 1807 742 1846 καὶ
764 1808 832 1846 ἀπὸ
850 1811 910 1846 τοῦ
930 1809 965 1845 ἐν
985 1807 1112 1857 ‘Elium
1136 1824 1191 1846 τε-

146 1866 271 1915 μένους
291 1865 498 1904 ζΕλικώνιον
515 1865 789 1918 προσηγόρευσε.
807 1867 914 1904 Δοκεῖ
930 1867 963 1903 δ’
981 1866 1068 1903 ἐπὰν
1085 1866 1191 1904 θύωσι

145 1924 226 1975 [τὸν
247 1923 366 1975 θεὸν],
384 1923 589 1976 βοησάντων
606 1925 669 1974 μὲν
686 1927 755 1962 τῶν
774 1926 863 1976 βοῶν
883 1923 1138 1976 προσδέχεσθαι
1152 1924 1191 1963 τὸ

144 1983 233 2020 θεῖον
250 1981 313 2029 τὴν
334 1982 454 2020 θυσίαν
466 1997 474 2006 ·
496 1982 673 2032 σιγώντων
693 1982 747 2030 δὲ,
763 1985 965 2028 λυποῦνται,
983 1982 1118 2032 μηνίειν
1134 1998 1190 2021 νο-

144 2039 311 2089 μίζοντες.
332 2039 381 2079 ‘H
399 2040 534 2092 ἱστορία
554 2041 652 2092 παρὰ
673 2043 919 2094 Κλειτοφῶν-τι.
938 2043 1128 2090 Quaeritur
1143 2056 1191 2079 an

141 2109 246 2137 recte
271 2114 310 2137 se
337 2114 478 2137 nomen
510 2102 663 2140 habeat.
683 2103 855 2138 Fortasse
874 2110 952 2138 erat
976 2115 983 2137 :
1007 2103 1029 2147 ἡ
1053 2099 1190 2153 ἱστορία

143 2158 242 2210 παρὰ
265 2158 418 2210 Κλείτῳ.
442 2161 550 2196 Certe
571 2159 721 2208 Clytum
745 2159 914 2209 (Κλεῖτον
932 2173 994 2209 ap.
1017 2159 1183 2209 Athen.)

142 2218 424 2254 Milesiacorum
447 2219 675 2268 scriptorem
694 2219 791 2255 bene
811 2220 987 2256 novimus
1007 2218 1064 2269 (v,
1086 2226 1114 2255 t.
1133 2220 1190 2266 ΙΙ,

143 2288 183 2324 p.
210 2276 283 2312 333
299 2276 325 2326 ).

523 2433 796 2531 CONoN.

196 2597 346 2654 Quae'in
370 2608 612 2655 sequentibus
637 2621 657 2644 e
679 2609 835 2644 Conone
854 2608 1075 2653 afferuntur,
1098 2621 1190 2644 num

144 2667 270 2701 omnia
291 2665 454 2712 ejusdem
475 2667 639 2701 auctoris
655 2667 751 2711 sint,
771 2673 808 2702 et
825 2666 872 2702 ad
890 2667 1082 2702 Cononem
1101 2678 1188 2714 per-

143 2725 287 2760 tineant
309 2725 467 2772 Augusti
492 2725 697 2772 aequalem,
720 2724 825 2772 cujus
852 2725 1095 2760 Narrationes
1122 2737 1188 2760 su-

142 2783 314 2830 perstites
328 2789 415 2817 sunt
426 2808 436 2826 ‚
460 2783 674 2830 quaerimus.

142 2892 286 2924 liebrem.
310 2894 455 2925 Brennus
483 2893 638 2925 militibus
662 2893 848 2933 mandavit,
873 2893 910 2924 ut
936 2892 1092 2933 quidquid
1121 2892 1189 2923 auri

142 2943 315 2981 haberent,
338 2943 369 2974 id
387 2943 419 2975 in
441 2944 546 2975 sinum
574 2953 680 2976 avarae
698 2945 901 2984 conjicerent.
926 2945 1040 2984 Itaque
1055 2943 1107 2974 illa
1120 2943 1190 2974 auri

143 2993 350 3024 multitudine
369 2993 487 3026 obruta
515 2994 625 3035 periit,
643 2995 737 3027 sicuti
764 2995 936 3036 Clitophon
955 2995 1065 3026 narrat
1087 2994 1190 3035 primo

143 3045 370 3076 Galaticorum.

645 3122 680 3154 4.

184 3194 331 3227 Nascitur
344 3195 374 3226 in
388 3195 503 3227 Tmolo
519 3195 597 3237 lapis
610 3197 729 3237 pumici
747 3198 874 3239 similis,
888 3199 944 3240 qui
961 3198 1192 3240 infrequentius

142 3245 322 3285 invenitur;
339 3246 366 3277 is
378 3249 493 3286 quater
506 3256 561 3288 per
573 3248 656 3279 diem
671 3251 775 3281 mutat
785 3250 945 3291 colorem;
961 3251 1099 3291 conspici
1111 3250 1192 3283 solet

143 3307 163 3329 a
189 3297 380 3337 virginibus,
401 3297 456 3338 qui
479 3300 608 3339 propter
635 3300 738 3331 oetatis
766 3301 1017 3334 imbecillitatem
1039 3302 1191 3343 sapientia

142 3350 286 3391 praeditae
304 3359 368 3381 non
387 3351 474 3382 sunt.
493 3351 612 3388 Quodsi
628 3361 702 3392 quae
726 3354 825 3393 plenis
850 3358 924 3385 sunt
941 3355 1065 3386 nubiles
1081 3354 1188 3394 annu,

144 3410 219 3433 enm
236 3401 471 3442 conspexerint,
486 3403 702 3443 nequidquam
716 3404 879 3437 laeduntur
891 3406 932 3438 ab
945 3406 982 3438 iis
995 3406 1049 3447 qui
1065 3407 1191 3439 tentare

143 3462 196 3486 eas
212 3453 343 3494 volunt,
359 3453 405 3485 uti
421 3455 534 3486 auctor
547 3456 595 3487 est
611 3455 795 3496 Glitoplion.

779 244 1156 287 CLlTOPHONTIS
1185 246 1392 301 RHODII,
1429 250 1671 303 coNONlff,

1663 362 1890 403 ΙΤΑΛΙΚΑ.

1761 474 1796 497 1.

1309 541 1459 578 Servius
1477 542 1526 578 ad
1542 543 1675 592 Virgil.
1695 545 1780 582 AEn.
1802 546 1892 591 VII,
1912 545 1986 592 738
2008 559 2016 582 :
2035 548 2220 586 Sarrastis
2226 564 2300 600 po·

1251 598 1386 649 pulos]
1415 601 1553 648 Populi
1583 601 1806 650 Campaniae
1833 611 1921 639 sunt
1948 617 1974 639 a
2001 605 2123 643 Samo
2153 607 2293 656 (codd.

1256 658 1385 692 Burm.
1412 657 1547 707 Sarro)
1559 659 1690 705 fluvio,
1716 660 1842 696 Conon
1861 664 1898 696 in
1923 675 1965 697 eo
1992 664 2102 708 libro,
2122 678 2229 713 quem
2255 668 2302 704 de

1256 717 1378 751 Italia
1398 719 1560 764 scripsit,
1583 719 1763 765 quosdam
1779 720 1962 767 Pelasgos
1980 723 2145 770 aliosque
2162 735 2212 759 ex
2227 726 2302 762 Pe-

1259 773 1454 820 loponneso
1473 787 1654 810 convenas
1681 777 1736 812 ad
1751 789 1834 813 eum
1856 779 1974 814 locum
2001 782 2136 816 Italioe
2155 781 2302 819 venisse

1256 831 1364 874 dicit,
1388 834 1612 868 cuinullum
1632 841 1748 869 antea
1772 847 1904 870 nomen
1914 834 2059 882 fuerit,
2083 846 2120 874 et
2122 839 2279 886 flumini
2285 867 2298 885 ,

1257 901 1363 936 quem
1386 891 1608 937 incolerent,
1627 892 1750 928 Sarno
1766 905 1900 930 nomen
1919 898 2132 942 imposuisse
2148 910 2199 933 ex
2225 911 2301 946 ap-

1253 949 1457 995 pellatione
1474 953 1592 997 patrii
1595 950 1769 996 fluminis
1775 978 1787 995 ,
1817 960 1857 987 et
1878 965 1918 988 se
1933 953 2151 991 Sarrhastes
2168 958 2302 1005 appel·

1259 1007 1355 1042 lasse
1370 1020 1382 1042 .·
1394 1007 1435 1043 lu·
1446 1010 1541 1044 inter
1550 1011 1667 1046 multa
1680 1011 1819 1059 oppida
1827 1013 2029 1048 Nuceriam
2039 1015 2295 1052 condiderunt.

1756 1104 1794 1129 2.

1309 1164 1524 1200 Macrobius
1543 1165 1618 1201 Sat.
1638 1166 1675 1212 1,
1701 1179 1725 1214 9
1748 1177 1757 1202 ε
1784 1167 1921 1206 Xenon
1942 1167 2146 1219 (Cononi‘)
2174 1174 2304 1220 primo

1256 1222 1419 1257 Italicon
1439 1224 1555 1258 tradit
1567 1225 1706 1259 lanum
1723 1227 1760 1260 in
1777 1227 1894 1261 Italia
1905 1230 2068 1274 primum
2084 1229 2141 1265 dcc
2161 1231 2303 1279 templa

1254 1279 1394 1322 fecisse
1417 1290 1457 1317 et
1475 1286 1570 1318 ritus
1589 1287 1786 1320 instituisse
1806 1297 2012 1330 sacrorum,
2044 1289 2199 1338 ideoque
2217 1302 2301 1326 eum

1256 1343 1293 1375 in
1331 1341 1529 1387 sacrificiis
1555 1340 1822 1390 praefationem
1855 1348 2028 1381 meruisse
2061 1355 2298 1395 perpetuam.

1256 1400 1302 1433 X
1299 1402 1487 1443 enionem,
1531 1402 1597 1448 qui
1631 1402 1774 1438 Cretica
1810 1404 1979 1451 scripsit,
2015 1405 2163 1444 laudari
2194 1413 2304 1455 putat

1254 1459 1404 1494 Vossius
1418 1472 1456 1507 p.
1478 1458 1567 1498 506.
1587 1461 1682 1496 Mihi
1696 1463 1911 1498 Macrobius
1925 1471 1961 1499 et
1977 1464 2126 1500 Servius
2139 1465 2302 1502 eundem
2344 1503 2348 1507 ,

1255 1524 1447 1553 auctorem
1460 1545 1470 1563 ‚
1489 1518 1595 1565 cujus
1608 1531 1749 1556 nomen
1773 1521 1955 1557 alterutro
1974 1523 2061 1558 loco
2076 1531 2302 1573 corruptum

1254 1582 1327 1624 est,
1349 1576 1464 1613 citare
1482 1576 1671 1616 videntur.

1663 1696 1880 1712 ψ

1306 1780 1492 1829 Josephus
1509 1781 1547 1817 C.
1564 1782 1705 1830 Apion.
1729 1783 1769 1827 Ι,
1793 1781 1858 1828 23,
1877 1784 1975 1819 inter
1994 1796 2058 1820 eos
2073 1786 2138 1832 qui
2162 1785 2210 1821 de
2229 1787 2299 1822 Ju-

1254 1839 1426 1875 daeorum
1454 1841 1677 1887 antiquitate
1693 1841 1809 1877 verba
1825 1842 2005 1887 fecerint,
2024 1843 2154 1879 laudat
2172 1845 2301 1881 Theo-

1251 1899 1419 1947 philum,
1451 1899 1714 1945 Theodotum,
1743 1901 1950 1946 Mnaseaen,
1980 1902 2293 1950 Aristophanem,

1254 1959 1550 2007 Hermogenem,
1559 1959 1801 2004 Euemerum,
1815 1958 2008 2004 Cononem,
2024 1959 2295 2009 Zopyrionem.

1581 2215 1589 2222 ,
1636 2188 1916 2229 ΗΡΑΚΛΕΙΑ.

1690 2295 1853 2327 Naxus.
1869 2282 1889 2339 g

1556 2395 1587 2429 E
1613 2393 1764 2430 LIBRO
1793 2386 1991 2430 TERTIO.

1757 2474 1792 2512 3.

1306 2549 1431 2587 Schol.
1467 2549 1596 2597 Apoll.
1630 2548 1705 2586 Rh.
1740 2549 1782 2592 Ι,
1814 2545 1911 2583 1165
1945 2559 1953 2582 :
1981 2544 2026 2584 ‘O
2055 2543 2091 2582 δὲ
2116 2544 2210 2597 πρὸς
2238 2544 2296 2583 τὸν

1254 2605 1435 2656 Αἰγαίωνα
1457 2608 1561 2654 μῦθος
1587 2603 1654 2642 ὑπὸ
1674 2603 1876 2655 Δημητρίου
1896 2603 2035 2656 φέρεται
2064 2605 2125 2641 τοῦ
2155 2603 2298 2642 Κνιδίου

1255 2665 1347 2713 (scr.
1369 2662 1579 2716 Σκηψίουὲ).
1597 2661 1740 2702 Κόνων
1757 2663 1792 2700 δὲ
1810 2663 1850 2700 ἐν
1868 2665 1917 2714 τῇ
1939 2660 2173 2714 Ἡρακλείᾳ
2192 2661 2297 2714 φησὶν

1253 2721 1306 2759 ὅτι
1331 2721 1488 2771 Αἰγαίων
1513 2720 1783 2772 καταγωνισθεὶς
1808 2720 1875 2758 ὑπὸ
1896 2721 2109 2763 Ποσειδῶνος
2127 2734 2299 2757 κατεπον.

1253 2780 1353 2827 τίσθη
1371 2782 1417 2823 εἷς
1436 2779 1474 2817 τὸ
1490 2779 1562 2817 νυνὶ
1581 2779 1767 2830 λεγόμενον
1784 2777 1852 2816 ὑπὸ
1872 2782 1932 2817 τοῦ
1952 2777 2184 2817 Ἀπολλωνίου
2196 2776 2295 2829 ἠρίον

1350 2838 1355 2850 .

1756 2894 1792 2926 5.

1292 2948 1424 2988 Neleus,
1444 2947 1540 2980 Codri
1565 2947 1665 2987 filius,
1685 2956 1725 2979 ex
1741 2947 1861 2979 oraculi
1885 2946 1976 2986 jussu
1989 2945 2148 2977 coloniam
2165 2945 2298 2977 deduxit

1251 3000 1396 3032 Miletum
1413 3000 1445 3031 in
1461 3000 1589 3032 cariam
1607 2999 1738 3031 Athenis
1756 3000 1789 3030 et
1811 3007 1852 3030 ex
1870 2998 1999 3030 Achaiae
2019 2997 2100 3029 urbe
2118 2996 2238 3029 Helice.
2258 2998 2296 3029 ln

1187 3068 1190 3069 ν
1252 3051 1379 3084 cariam
1396 3051 1450 3083 ubi
1467 3052 1615 3090 venerat,
1630 3050 1786 3091 templum
1802 3050 1950 3089 Neptuno
1963 3047 2179 3086 consecravit,
2198 3047 2298 3088 idque

1251 3104 1291 3136 de
1307 3105 1399 3144 sano,
1419 3103 1505 3144 quod
1525 3103 1643 3135 Helicae
1659 3104 1745 3142 erat,
1759 3101 1960 3134 Heliconium
1974 3100 2183 3141 nuncupavit.
2197 3099 2297 3132 Vide-

1251 3159 1304 3190 tur
1316 3158 1423 3188 autem
1436 3156 1698 3195 sacrificantibus,
1709 3154 1735 3187 si
1749 3154 1846 3186 boves
1855 3153 2015 3185 mactandi
2026 3161 2137 3184 vocem
2149 3151 2296 3192 mittunt,

1251 3211 1340 3250 grate
1356 3209 1435 3241 deus
1442 3208 1633 3241 sacrificium
1648 3207 1805 3248 accipere3
1819 3206 1867 3238 sin
1875 3206 1968 3238 silent
1979 3206 2088 3245 boves,
2107 3204 2295 3236 contristan-

1251 3264 1316 3302 tur,
1328 3260 1419 3293 irasci
1433 3269 1552 3292 numen
1562 3260 1721 3300 putantes.
1734 3258 1873 3290 Historia
1883 3257 1968 3298 apud
1982 3256 2221 3297 Clitophontem
2232 3257 2289 3288 est.

1447 3327 1737 3368 HERACLEA.
1769 3327 1838 3366 DE
1866 3325 2079 3365 INSULIS.

1292 3407 1403 3438 conon
1414 3404 1446 3436 in
1459 3403 1611 3436 Heraclea
1626 3403 1704 3435 dicit
1717 3405 1897 3442 AEgaeonem
1911 3401 2084 3434 certamine
2101 3399 2263 3431 devictum
2276 3405 2295 3428 a

1251 3458 1397 3499 Neptuno
1410 3456 1591 3490 demersum
1604 3464 1671 3489 esse
1681 3455 1734 3488 ubi
1748 3456 1796 3489 est
1812 3454 1897 3496 quod
1910 3462 1997 3487 nunc
2005 3451 2294 3494 Apolloniusvocat
