2326 3724
965 141 1298 182 FRAGMENTA.
2156 147 2202 183 47

60 233 221 286 ἐμπόρων
253 232 330 272 οὐδὲ
359 226 406 278 εἷς
432 232 534 284 λόγον
557 230 699 270 πλείονα
732 228 1007 283 ψευδομένων,ἢ
1035 228 1102 266 ὅσα

57 292 244 344 κερδαίνειν
267 290 468 343 βούλονται,
482 291 559 328 ἀλλ’
578 287 644 326 ὅσα
657 291 708 341 τῷ
725 287 916 341 σοφωτάτῳ
933 292 1102 340 μαρτυρεῖ

19 378 31 385 --
57 349 146 390 κατὰ
166 350 341 401 Πίνδαρον
359 348 474 401 χρόνῳ
494 347 510 400 Η
529 346 591 393 τὴν
617 345 869 399 ἅκριὸεστέραν
887 345 1100 398 κατάληψιν.

15 401 21 406 ⁴
113 427 127 442 n
150 410 274 447 verba
304 407 367 454 τὴν
397 406 518 458 ἀκριὸε
523 421 581 444 στε
567 405 649 458 έραν
682 404 892 457 κατάλγψιν,
915 418 937 441 a
963 406 1102 453 quibus

12 482 34 516 ·.;
23 454 158 505 α’Πιιᾱ
196 468 328 503 folium
361 467 516 515 incipit,
550 478 637 501 cum
665 465 708 500 iis
740 477 823 512 quae
859 464 1101 512 praecedunt,

10 543 38 586 5
57 527 211 563 omnino
243 538 322 561 non
349 526 540 560 cohaerere
566 524 814 561 videntur.»
835 524 1026 559 Numana.
1050 523 1102 558 De

17 586 180 622 latinis
201 586 277 620 suis
295 586 341 622 A
363 584 485 619 Maius
508 595 516 620 :
544 599 560 614 «
580 584 665 618 Jam
681 595 769 618 vero
779 583 950 629 ‚inquit‚
969 581 1100 616 candi-

12 642 148 680 dum
166 644 450 691 benignumque
469 642 651 677 lectorem
668 653 793 676 meum
815 639 1101 676 admonendum

51 703 186 751 judico
199 715 261 738 me
275 709 312 738 et
327 702 366 736 in
382 701 642 748 superioribus
656 707 693 736 et
705 701 898 748 praecipue
917 700 957 734 in
974 711 1102 734 conse-

55 761 256 810 quentibus
268 760 379 795 valde
393 759 585 794 interdum
605 760 834 804 aestuavisse‚
858 758 950 794 dum
970 759 1097 793 Euna-

54 821 160 868 pium
175 820 331 855 latinum
348 818 523 858 facerem.
537 819 634 853 Nam
651 824 687 853 et
705 818 969 865 palimpsestus
982 828 1102 864 aeger—

55 879 149 914 rime
171 878 382 926 legebatur,
401 883 437 912 et
454 883 634 924 excerpta
661 876 840 920 hiabant,
863 883 900 911 et
918 882 1098 923 praeterea

17 945 34 956 ⁴
52 935 133 983 Jam
151 936 217 972 diu
238 942 373 983 notum
388 942 442 971 est
462 934 655 971 difficilem
682 947 761 970 esse
789 935 953 983 Eunapii
983 935 1102 970 inter-

55 996 307 1044 pretationem
323 1001 404 1030 tum
419 1001 579 1042 propter
597 994 680 1042 styli
694 995 903 1030 novitatem
921 1001 1001 1029 turn
1013 1005 1100 1041 pro-

55 1061 140 1103 pter
156 1054 334 1090 codicum
349 1053 617 1102 corruptelam.
639 1068 657 1087 n

550 1138 614 1185 75.

113 1227 212 1264 lbid.
232 1239 273 1276 p.
293 1226 471 1272 286-287
497 1239 506 1262 ε
527 1222 614 1264 ’Ότι
633 1223 692 1262 ἐπὶ
705 1223 766 1268 τὰς
784 1223 946 1268 Ἀσιανὰς
965 1239 1103 1276 συμφο-

59 1283 118 1337 ρὰς
134 1282 272 1337 στρέψω
288 1280 351 1330 τὴν
365 1282 587 1335 συγγραφήν·
601 1286 734 1322 τοιοῦτο
751 1282 819 1335 γὰρ
833 1286 851 1321 ὁ
869 1282 1002 1335 μακρὸς
1018 1282 1103 1320 αἷὼν

57 1342 135 1381 οὐδὲ
155 1341 190 1379 ἓν
208 1341 367 1392 ἤνεγκεν,
389 1340 468 1379 οὐδέ
487 1356 539 1384 τις
554 1340 635 1393 περὶ
651 1341 710 1380 τὸν
727 1341 800 1394 βίον
817 1341 874 1379 τὸν
889 1341 1102 1394 ἀνθρώπινον

59 1400 260 1452 ἐνεοχμώθη
275 1398 418 1446 τοιαύτη
438 1398 526 1452 φορὰ
542 1399 602 1437 καὶ
616 1400 762 1448 κίνησις.
781 1399 872 1438 Ἀλλ’
887 1398 981 1450 ὅμως
997 1399 1104 1444 οὕτως

58 1453 131 1511 εἶχε
143 1490 152 1506 ,
171 1457 232 1496 καὶ
251 1457 290 1495 τὸ
313 1457 437 1504 ἀληθὲς
458 1456 675 1506 ἀσιώπητον,
708 1460 754 1501 ὥς
773 1458 908 1506 ἀδικοίη
927 1474 967 1509 γε
989 1458 1029 1496 ἄν
1052 1474 1102 1501 τις

58 1520 87 1556 εἶ
107 1517 163 1556 διὰ
183 1516 223 1555 τὸ
243 1516 410 1554 ἀπίθανον
436 1517 571 1563 τάληθῆ
593 1516 641 1568 μὴ
661 1517 836 1570 γράφοιτο.
858 1518 928 1556 Καὶ
947 1517 1051 1557 τοῦτο’
1065 1533 1104 1568 γε

58 1575 154 1614 οὐδὲν
171 1575 334 1628 διαφέρον
355 1574 466 1613 ἐδόκει
483 1590 542 1626 μοι
558 1579 618 1614 τοῦ
635 1577 725 1614 πιεῖν
740 1592 772 1614 τι
792 1579 860 1615 τῶν
878 1576 1028 1630 δριμέων
1043 1576 1103 1614 καὶ

57 1638 191 1687 πικρῶν
227 1634 284 1672 ἐπὶ
310 1634 487 1687 σωτηρίᾳ·
513 1636 590 1672 ἀλλ’
618 1634 736 1686 ὥσπερ
758 1637 872 1674 ἐκεῖνα
900 1651 1099 1687 κατακερα-

58 1694 181 1733 σθέντα
201 1694 270 1736 τοῖς
287 1691 446 1743 σώμασιν
468 1694 582 1740 ἀηδῶς
600 1693 695 1737 τέλος
714 1693 786 1746 ἔχει
806 1693 868 1740 τὴν
896 1694 1027 1745 ὑγίειαν
1042 1694 1103 1732 καὶ

58 1752 241 1806 σωτηρίαν,
260 1751 349 1790 οὕτω
366 1751 425 1789 καὶ
442 1751 485 1789 τὰ
510 1752 757 1804 τερατευθέντα
785 1753 871 1804 πρὸς
890 1753 929 1791 τὸ
945 1753 1104 1808 παράλο-

57 1827 129 1863 γον,
148 1813 186 1849 οὐ
214 1815 275 1857 τ’ῆς
301 1814 435 1863 γραφῆς
465 1812 537 1848 ἐστι
562 1810 600 1849 τὸ
627 1810 730 1858 ἀηδὲς
762 1812 981 1867 ἁμάρτημα,
1012 1812 1103 1850 ἀλλὰ

57 1868 168 1919 γλυκύ
185 1886 217 1908 τι
241 1868 301 1908 καὶ
325 1869 473 1919 πότιμον
494 1869 549 1907 διὰ
576 1868 637 1916 τὴν
659 1870 824 1917 ἀλήθειαν
853 1871 922 1914 τοῖς
953 1871 1104 1923 ἀκριὸῶς

58 1928 225 1973 ἐξετάζειν
247 1927 468 1980 βουλομένοις
487 1925 630 1978 γίνεται.

110 2001 139 2025 2.
164 1986 235 2026 Καὶ
254 1981 349 2030 οὗτος
371 1986 433 2035 μὲν
455 1986 602 2031 ἐσώζετο
622 1989 737 2030 καλῶς
757 1987 906 2039 πονηρὸς
925 1987 989 2025 ὤν·
1011 1986 1104 2036 ὅμως

57 2099 162 2129 nosti?
178 2111 193 2125 u
206 2106 312 2137 neque
330 2097 421 2128 facile
440 2099 526 2136 erat,
542 2098 628 2129 rixas
637 2107 841 2138 componere.
887 2101 961 2130 ,Iam
978 2100 1010 2130 et
1022 2107 1105 2129 mer-

58 2151 204 2180 catorum
223 2157 317 2179 nemo
337 2148 512 2188 quicquam
534 2151 651 2188 praeter
667 2149 834 2180 mendacia
856 2151 1035 2189 praeterque
1052 2149 1104 2180 lu-

59 2209 150 2231 crum
173 2209 266 2232 suum
289 2199 492 2239 loquebatur,
515 2202 547 2232 et
564 2201 718 2241 quicquid
743 2201 974 2241 sapientissimo
1000 2209 1106 2232 rerum

59 2252 203 2283 omnium
215 2253 368 2292 tempori,
383 2254 479 2291 prout
496 2251 704 2292 Pindari(Ol.
726 2258 781 2293 10,
803 2256 839 2285 64
851 2254 861 2293 )
875 2253 1030 2284 sententia
1041 2254 1105 2292 est,

58 2303 287 2335 accuratiorem
300 2303 430 2335 exhibet
443 2303 708 2343 explorationem.

557 2359 616 2390 75.

99 2416 192 2447 Nunc
210 2412 252 2444 ad
275 2413 428 2445 Asiaticas
449 2413 647 2446 calamitates
670 2414 780 2446 stilum
800 2414 1001 2446 transferam.
1046 2416 1107 2446 Par

58 2465 144 2497 enim
162 2465 239 2496 nibil
260 2474 368 2496 aevum
382 2465 575 2497 immensum
599 2465 690 2505 tulit,
712 2475 816 2506 neque
834 2475 977 2506 unquam
1001 2466 1035 2497 in
1052 2466 1106 2498 bo·

58 2517 184 2549 minum
198 2517 264 2548 vita
277 2519 385 2548 tantus
404 2518 513 2548 motus
531 2518 706 2558 tantusque
725 2526 832 2549 rerum
854 2517 1010 2550 transitus
1033 2517 1104 2549 suit.

59 2570 155 2609 Atqui
173 2568 242 2599 haec
259 2568 302 2599 ita
315 2569 491 2600 evenerunt
509 2577 614 2608 neque
631 2569 757 2601 silentio
779 2569 948 2601 veritatem
962 2578 1106 2610 premere

60 2621 154 2653 licet:
169 2629 243 2651 nam
264 2620 316 2651 ille
333 2620 448 2660 injuste
466 2628 500 2651 se
522 2621 663 2660 gereret,
680 2620 736 2660 qui
752 2619 795 2652 ob
810 2620 881 2652 fidei
896 2621 1104 2662 impetrandae

59 2672 282 2704 difficultatem
303 2682 352 2704 res
365 2681 455 2705 veras
471 2673 612 2705 historiae
626 2682 691 2704 non
710 2673 960 2706 commendaret.
1007 2676 1106 2705 Porro

59 2725 120 2756 boc
136 2725 214 2756 milii
228 2724 311 2756 baud
325 2725 454 2757 differre
470 2725 597 2757 videtur
620 2725 660 2757 ab
676 2735 714 2757 eo
726 2750 735 2765 ‚
753 2726 808 2766 qui
824 2734 897 2758 aere
918 2726 1039 2767 aliquid
1056 2727 1106 2758 at·

59 2785 122 2818 que
134 2785 278 2808 amarum
290 2777 402 2809 salutis
414 2777 514 2817 gratia
527 2777 639 2809 ebibit.
683 2780 763 2810 Nam
779 2778 872 2809 sicuti
888 2778 957 2810 haec
970 2777 1106 2810 insuavi·

59 2829 108 2861 ter
124 2828 310 2868 corporibus
335 2828 511 2860 commixta
527 2829 663 2860 salutem
687 2829 834 2869 pariunt;
851 2829 897 2861 sic
919 2830 1014 2861 etiam
1032 2839 1106 2870 quae

8 2899 9 2902 =
60 2879 246 2912 mirabiliter
263 2881 294 2911 et
313 2882 429 2919 praeter
453 2880 599 2912 omnium
626 2881 808 2921 opinionem
831 2881 1003 2921 accidunt,
1020 2882 1106 2914 haud

60 2931 188 2972 quidem
212 2931 351 2962 historiae
370 2931 542 2963 molestum
566 2934 733 2972 peccatum
754 2932 930 2972 reputanda
945 2934 1036 2972 sunt,
1050 2933 1106 2964 sed

60 2983 155 3015 dulce
177 2982 253 3024 quid
272 2983 378 3023 potius
390 2985 486 3024 atque
499 2983 679 3024 exoptabile
691 2986 822 3024 propter
836 2985 1004 3016 veritatem
1021 2985 1106 3025 apud

61 3043 115 3067 eos
130 3036 184 3076 qui
201 3043 251 3066 res
263 3034 358 3066 altius
370 3035 505 3066 scrutari
519 3035 645 3067 volunt.

104 3092 135 3120 2.
150 3085 260 3128 'Atque
285 3088 329 3119 ita
349 3089 502 3128 praeclare
522 3088 622 3119 evasit
644 3088 832 3127 incolumis,
850 3089 907 3128 qui
930 3089 1035 3120 malus
1056 3088 1106 3120 vir

61 3142 128 3172 erat
145 3153 152 3171 :
171 3141 329 3181 simulque
343 3141 518 3172 valetudini
533 3150 600 3172 suoe
615 3141 695 3172 bene
712 3142 785 3172 fecit
798 3141 974 3173 continenti
988 3142 1107 3181 equita-

61 3191 164 3229 tione,
179 3192 271 3232 (nam
288 3193 395 3231 splene
406 3192 610 3232 laborabat,)
626 3192 830 3232 calculosque
847 3193 983 3224 mollivit
996 3201 1033 3223 ac
1049 3193 1106 3224 mi-

62 3242 183 3282 tigavit.
230 3245 270 3274 Et
285 3243 309 3275 is
322 3243 453 3283 quidem
472 3243 581 3276 abibat
593 3244 719 3284 corpori
735 3252 795 3275 suo
814 3245 863 3275 vel
883 3253 968 3275 nunc
984 3244 1105 3276 bellum

64 3293 180 3333 faciens
205 3295 253 3325 vel
281 3297 389 3335 postea
412 3295 575 3334 sucturum
599 3295 702 3326 multo
724 3296 833 3327 tamen
857 3296 964 3327 vei-ius
985 3295 1104 3328 bellum

63 3345 243 3377 bominibus
259 3347 371 3378 aulicis
390 3347 541 3378 indicens.

1163 229 1198 267 δὲ
1222 229 1298 281 (τὸν
1329 230 1470 275 σπλῆνα
1495 226 1561 280 γὰρ
1581 228 1711 279 ἐνόσει)
1749 228 1880 276 διετέθη
1910 229 2027 273 καλῶς
2057 229 2122 268 ὑπὸ
2147 233 2208 277 τ’ἧς

1162 291 1325 339 συνεχοῦς
1341 286 1534 334 ἱππασίας,
1551 286 1771 339 κατεπράϋνέ
1788 303 1825 324 τε
1843 288 1902 325 καὶ
1918 288 1956 326 τὸ
1973 289 2114 332 λιθῶδες
2130 291 2210 327 ὓπε·

1163 344 1310 395 μάλαξε.
1334 345 1407 384 Καὶ
1427 348 1445 383 ὁ
1467 346 1531 395 μὲν
1557 346 1663 396 ἀπῄει
1682 347 1732 397 τῷ
1749 361 1786 383 τε
1814 346 1970 399 σφετέρῳ
1990 346 2128 393 σώματι
2145 363 2209 385 πο·

1162 404 1278 454 λεμῶν
1300 402 1322 449 ἢ
1341 403 1567 453 πολεμήσων,
1590 404 1649 441 καὶ
1670 407 1740 447 τοῖς
1767 405 1848 457 περὶ
1872 404 1935 451 τὴν
1962 405 2072 452 αὐλὴν
2098 407 2212 457 ἐπαγ-

1162 462 1299 514 γέλλων
1318 461 1547 514 ἀληθέστερον
1568 462 1736 512 πόλεμον.

1214 534 1244 559 3.
1264 520 1310 560 Ἥ
1331 520 1367 559 δὲ
1386 520 1499 560 Λυδία
1519 521 1765 573 πλησιόχωρος
1783 515 1871 560 οῧσα
1888 521 1932 559 τὰ
1950 520 2093 574 δεύτερα
2107 521 2209 571 ἔμελ-

1161 580 1200 617 λε
1217 583 1278 618 τοῦ
1293 581 1435 632 ὀλέθρου
1455 579 1635 632 φέρεσθαι.

1215 651 1246 678 4.
1271 638 1372 685 Πλὴν
1392 638 1458 676 ὅσα
1475 654 1515 689 γε
1531 637 1665 682 τούτοις
1682 639 1716 676 ἐν
1744 637 1880 676 ἐλπίσιν
1899 632 1940 686 ἦν
1960 637 1999 676 τὸ
2019 638 2209 683 σώζεσθαι·

1163 698 1259 741 ἐλπὶς
1277 697 1343 750 γὰρ
1367 699 1402 736 ἐν
1423 697 1631 750 ἀπορρήτοις
1649 696 1700 735 ἔτι
1721 699 1805 741 ζῶσι
1824 697 2060 750 παραμύθιον,

1217 755 1302 795 Ἐπὶ
1321 756 1364 794 τά
1390 772 1428 807 γε
1450 758 1484 794 ἐν
1504 762 1574 799 τοῖς
1597 755 1707 808 ἔργοις
1731 755 1809 808 ξίφη
1827 755 1887 794 καὶ
1910 756 2082 808 βάρβαροι
2101 779 2147 785 -
2172 758 2212 794 οὐ

1162 814 1255 853 κατὰ
1271 815 1333 862 τὴν
1350 814 1492 865 ἔννομον
1510 814 1714 862 ἀπαίτησιν,
1730 813 1921 868 (καιγὰρ’
1907 815 2020 861 εκείνη
2031 815 2070 853 τὸ
2087 816 2212 852 διπλά-

1163 889 1235 912 σιον
1269 873 1500 926 ὑπερέὸαλεν,
1515 875 1526 924 )
1564 873 1655 912 ἀλλὰ
1686 872 1778 912 κατὰ
1813 873 1876 927 τὴν
1889 873 2126 946 βαρὲαρικὴν
2151 874 2212 912 καὶ

1165 932 1313 986 ἄμετρον
1333 931 1545 976 πλεονεξίαν.
1573 955 1624 961 —
1644 931 1847 976 Ἀκινδύνως
1876 935 1950 984 εἶχε
1972 947 2056 983 προς
2077 931 2209 984 ἕτερον.

1218 989 1354 1030 5.“”Οτι
1376 991 1438 1042 [ου
1441 1005 1467 1042 χ
1482 989 1572 1027 οὕτω
1589 989 1910 1041 παρακεκινηκότες
1929 989 1988 1028 καὶ
2004 990 2211 1043 διεφθαρμέ-

1164 1066 1215 1088 νοι
1218 1005 1294 1096 5τὴν
1319 1049 1476 1100 γνώμην,
1496 1048 1613 1100 ἀλλὰ]
1642 1051 1684 1086 δι’
1707 1049 1880 1100 ὑπεροχὴν
1901 1051 2034 1097 κακῶν,
2058 1051 2105 1094 εἷς
2125 1049 2213 1089 Ἰου-

1165 1111 1284 1147 λιανοῧ
1304 1108 1444 1161 καιροὺς
1461 1108 1520 1145 και
1535 1107 1680 1168 χρόνους
1697 1107 1754 1145 τὸν
1769 1110 1933 1160 εὐνουχον
1947 1108 2112 1146 ἀνέθεσάν
2127 1124 2215 1152 τινες

1166 1167 1378 1220 Ευτρόπιον.
1399 1166 1546 1219 Ὥσπερ
1563 1169 1622 1205 οὖν
1639 1167 1708 1204 τῶν
1729 1167 1857 1219 ἷατρων
1874 1182 1967 1204 εστιν
1991 1166 2141 1213 ἀκούειν,
2162 1164 2214 1204 ὅτι

1164 1233 1234 1271 τοῖς
1261 1225 1439 1279 φιλοζώοις
1471 1225 1603 1278 βέλτιόν
1635 1227 1708 1263 ἐστι
1729 1226 1868 1272 σπλῆνα
1892 1225 2004 1263 νοσεῖν
2024 1224 2047 1272 ἢ
2068 1225 2213 1275 κάμνειν

1165 1282 1282 1339 ἧπαρ,
1305 1285 1365 1324 καὶ
1378 1285 1456 1324 ὅσον
1471 1284 1558 1337 ὑπὲρ
1572 1283 1705 1331 ἥπατος
1718 1284 1776 1322 διὰ
1793 1282 1983 1334 πνεύμονος
1997 1283 2054 1322 ἐπὶ
2068 1283 2214 1336 καρδίαν

1165 1348 1456 1396 συμπερατοῧται
1473 1343 1532 1381 καὶ
1555 1343 1746 1395 διεφῖκται,
1766 1341 1856 1380 οὕτω
1875 1342 1935 1380 καὶ
1952 1341 2028 1380 τότε
2050 1342 2214 1380 συνέὸαι-

1165 1418 1235 1449 νεν,
1256 1403 1302 1444 ὡς
1319 1404 1352 1440 ἐν
1374 1402 1506 1454 αἱρέσει
1521 1404 1590 1438 τῶν
1608 1401 1812 1453 αἰσχίστων,
1836 1401 2031 1450 εὐδοκιμεῖν
2051 1401 2214 1452 εὐνοῦχον

1167 1459 1320 1511 μανέντα
1334 1460 1420 1512 πρὸς
1443 1459 1635 1510 παράθεσιν
1656 1462 1724 1497 τῶν
1745 1455 1987 1497 ἐπιλαὸουσῶν
2011 1462 2210 1511 συμφορῶν.

1270 1517 1397 1568 εὈμως
1417 1521 1434 1555 ὁ
1459 1516 1587 1560 Γαίνας
1617 1516 1815 1570 διαφθείρας
1837 1517 1894 1554 τὸν
1914 1517 2080 1566 πολέμιον
2104 1519 2209 1568 (ἐπο-

1164 1575 1266 1627 λε’μει
1266 1577 1352 1647 γὰρ
1372 1576 1544 1650 εὐνούχι),ν
1555 1576 1652 1627 μάλα
1682 1575 1934 1626 ἐντεταμένως·
1959 1575 2051 1614 οὕτω
2082 1577 2216 1629 σφόδρα

1164 1634 1319 1685 γενναῒός
1337 1651 1387 1679 τις
1401 1637 1463 1686 ἠν)
1478 1664 1487 1681 ,
1511 1634 1544 1679 ἐξ
1564 1638 1611 1672 ὡν
1630 1634 1741 1672 ἐδόκει
1755 1632 2024 1686 κατωρθωκεναι
2036 1663 2045 1680 ,
2063 1634 2119 1672 διὰ
2136 1635 2216 1673 τού-

1165 1709 1232 1730 των
1258 1693 1403 1740 ἥττητο.
1436 1694 1644 1747 ζΥγρότερος
1671 1693 1739 1747 γὰρ
1772 1693 1838 1731 ὑπὸ
1859 1698 1918 1731 τοῦ
1944 1693 2215 1744 κατορθώματος

1165 1751 1224 1790 καὶ
1246 1753 1494 1805 μαλακώτερος
1512 1754 1692 1804 γενόμενος
1703 1782 1714 1802 ‚
1730 1755 1776 1796 ὡς
1790 1751 1830 1790 ἂν
1847 1752 1915 1799 ἤδη
1929 1750 1992 1798 τὴν
2008 1751 2215 1800 Ἱ)ωμαϊκὴν

1167 1811 1277 1863 ἀρχὴν
1308 1812 1510 1864 συνῃρηκὼς
1535 1812 1595 1850 καὶ
1616 1817 1686 1855 τοῖς
1711 1811 1813 1848 ποσὶν
1849 1810 2071 1861 ἐπεμὸαίνων
2100 1813 2216 1862 αὐτῇ,

1169 1870 1419 1921 μαλακώτερος
1446 1866 1488 1917 ἦν
1515 1871 1788 1924 ἀμφαφάασθαν
1821 1870 1879 1908 καὶ
1908 1869 1993 1922 πρὸς
2018 1870 2075 1907 τὸν
2101 1869 2215 1922 Ἀργί-

1169 1929 1269 1967 &olma
1290 1931 1332 1979 (l.
1353 1930 1594 1981 Τριῧίγιλθον)
1621 1928 1868 1981 ἐπρεσὲεύετο,
1893 1931 1939 1971 ὡς
1959 1928 1997 1965 τὸ
2021 1928 2214 1974 σπουδαζό-

1169 2003 1270 2038 μενον
1293 1989 1407 2031 αὐτοῖς
1427 1987 1498 2039 ἔχει
1519 1988 1628 2030 τέλος.

1215 2103 1245 2130 3.
1272 2099 1421 2144 Finitima
1454 2099 1553 2144 Lydia
1578 2098 1733 2130 secundas
1756 2098 1844 2130 exitii
1876 2101 1983 2138 partes
2010 2098 2113 2129 latura
2147 2101 2215 2129 erat

1171 2150 1223 2189 (st
1252 2151 1464 2191 Tribiye'ldus
1481 2151 1636 2191 Plu-yma
1655 2153 1794 2182 vastata
1807 2172 1817 2186 ‚
1836 2160 1912 2182 eam
1935 2153 2060 2182 statim
2083 2159 2216 2191 aymus·

1167 2212 1226 2235 sus
1240 2206 1343 2240 esse-c,
1363 2207 1520 2246 nequem
1543 2204 1711 2235 Pisidiam
1723 2206 1837 2244 polius
1850 2213 1886 2236 se
1900 2206 2155 2244 convertisset).

1212 2257 1245 2286 4.
1266 2256 1304 2287 ili
1321 2258 1429 2288 tamen
1452 2256 1562 2287 salutis
1581 2264 1669 2296 spem
1690 2255 1851 2287 fovebant.
1897 2256 2023 2287 Etenim
2037 2265 2124 2296 spes,
2139 2255 2218 2287 dum

1167 2307 1233 2338 vita
1246 2310 1407 2347 superest,
1423 2308 1455 2339 in
1472 2317 1505 2339 re
1518 2308 1639 2339 incerta
1661 2308 1783 2339 solatur
1797 2330 1806 2339 .
1819 2330 1829 2339 .
1846 2331 1853 2338 .
1872 2331 1878 2338 .
1893 2307 1934 2338 ad
1948 2308 2134 2348 proeliorum
2150 2308 2218 2348 gla-

1167 2359 1236 2391 dios
1249 2362 1282 2392 et
1294 2360 1473 2392 barbari....
1488 2370 1551 2392 non
1571 2369 1629 2401 pro
1649 2360 1800 2400 legitimae
1814 2360 1989 2392 exactionis
2009 2360 2106 2392 modo
2117 2384 2126 2399 ,
2142 2370 2217 2401 quoe

1167 2413 1276 2443 tamen
1291 2412 1358 2452 ipsa
1372 2412 1502 2444 dimidio
1523 2413 1661 2452 amplius
1683 2413 1772 2451 erat,
1790 2412 1843 2443 sed
1866 2421 1922 2452 pro
1939 2412 2105 2444 barbarica
2116 2412 2218 2443 inlini·

1167 2466 1264 2504 taque
1281 2464 1466 2504 cupiditate.
1482 2482 1523 2487 —
1534 2464 1584 2496 Ab
1600 2464 1700 2495 altero
1722 2463 1900 2504 periculum
1926 2473 1991 2495 non
2016 2463 2217 2495 imminebat.

1211 2520 1242 2548 5.
1264 2519 1334 2549 Non
1350 2519 1417 2548 tam
1438 2517 1564 2549 vesania
1583 2516 1680 2554 moti,
1704 2525 1802 2557 quain
1826 2518 1955 2556 propter
1974 2516 2135 2548 malorum
2158 2525 2217 2547 cu-

1168 2569 1291 2600 mulum
1311 2570 1402 2601 erant
1416 2570 1472 2610 qui
1489 2570 1681 2610 Eutropium
1695 2569 1881 2600 eunuchum
1895 2567 1934 2599 ad
1955 2568 2139 2600 felicitatem
2154 2568 2216 2599 im-

1167 2620 1244 2660 perii
1266 2621 1405 2652 Julianei
1421 2622 1588 2652 referrent.
1636 2623 1738 2660 Ergo,
1759 2622 1796 2651 ut
1816 2620 1932 2652 medici
1948 2620 2056 2659 aiunt,
2077 2621 2152 2652 vitae
2173 2629 2218 2652 re-

1166 2672 1306 2704 tinendae
1326 2673 1448 2713 cupidis
1462 2673 1578 2704 melius
1591 2681 1659 2704 esse
1671 2697 1680 2712 ‚
1695 2674 1732 2703 ut
1746 2681 1764 2703 a
1775 2672 1882 2712 splene
1896 2672 2043 2710 doleant,
2065 2681 2162 2712 quam
2181 2673 2217 2703 ut

1164 2723 1272 2763 Jecore
1288 2724 1455 2763 laborent,
1474 2724 1524 2755 vel
1538 2732 1576 2756 ea
1588 2725 1696 2764 parte,
1715 2733 1790 2764 quae
1809 2733 1904 2764 supra
1918 2725 2008 2764 Jecur
2024 2732 2079 2764 per
2093 2724 2216 2763 pulmo·

1168 2784 1242 2807 nem
1259 2776 1298 2807 ad
1319 2785 1372 2807 cor
1392 2776 1561 2817 pertingit3
1581 2775 1626 2808 sic
1638 2775 1734 2807 etiam
1752 2775 1807 2807 illo
1826 2777 1972 2816 tempore
1986 2776 2120 2814 accidit,
2135 2776 2216 2807 utin

1167 2837 1275 2859 rerum
1293 2828 1550 2868 turpissimarum
1571 2827 1723 2858 conflictu
1740 2836 1878 2858 vesanus
1901 2827 2069 2858 eunuchus
2089 2827 2215 2858 laudem

1166 2880 1315 2917 referret,
1330 2879 1425 2910 modo
1442 2879 1468 2911 is
1483 2888 1558 2910 cum
1573 2878 1782 2919 praesentibus
1794 2879 1887 2910 malis
1902 2880 2152 2919 compararetur.

1210 2936 1240 2964 6.
1263 2931 1366 2963 Simul
1380 2932 1516 2970 Gainas,
1530 2931 1712 2962 adversario
1735 2930 1888 2970 Eutropio
1903 2930 2057 2962 subverso
2080 2929 2215 2969 (etenim

1167 2984 1352 3016 eunuchum
1364 2984 1571 3015 veliementer
1580 2983 1787 3024 oppugnabat
1802 2996 1810 3015 z
1822 2984 1888 3014 tam
1902 2983 1975 3014 sorti
1985 2983 2093 3014 animo
2106 2984 2174 3014 erat
2184 2982 2213 3020 ;)

1166 3046 1241 3076 qua:
1256 3036 1316 3068 sibi
1330 3036 1498 3068 videbatur
1517 3045 1667 3077 prospere
1685 3036 1802 3076 egisse,
1820 3036 1859 3067 iis
1879 3035 2015 3067 exitium
2036 3035 2096 3066 sibi
2120 3043 2214 3075 pepe-

1168 3088 1220 3119 rit.
1267 3088 1458 3128 Languidior
1477 3088 1562 3119 enim
1579 3097 1597 3119 a
1620 3087 1830 3129 prosperitate
1852 3087 2004 3125 effectus,
2021 3095 2079 3118 ceu
2101 3086 2125 3118 si
2148 3085 2212 3125 iam

1167 3142 1350 3171 Romanum
1366 3140 1532 3180 imperium
1549 3140 1681 3180 pedibus
1693 3140 1914 3180 proculcaret,
1929 3139 2057 3170 mollior
2074 3147 2158 3169 nunc
2172 3137 2212 3168 ad

1167 3192 1431 3223 contrectandum
1448 3194 1526 3224 erat.
1569 3194 1674 3232 Atque
1687 3192 1727 3223 ad
1742 3192 1928 3231 Argibolum
1944 3191 1955 3231 (
1969 3190 2211 3230 Trahiqildnm)

1166 3244 1316 3275 nuntium
1337 3243 1443 3284 misit,
1458 3243 1658 3284 significans,
1673 3252 1846 3275 commune
1858 3243 2025 3274 consilium
2037 3242 2103 3280 jam
2115 3249 2212 3279 scopo

1166 3304 1234 3328 esse
1250 3297 1400 3337 potitum.

1212 3351 1240 3381 7.
1264 3348 1381 3380 Gainas
1400 3348 1431 3380 et
1445 3347 1634 3388 Argibolus.
1654 3373 1661 3380 .
1686 3373 1692 3380 .
1709 3348 1762 3379 ille
1781 3346 1910 3387 quidem
1931 3347 1994 3376 dux
2007 3367 2016 3383 ‚
2035 3343 2085 3374 liic
2102 3343 2209 3374 autem
