2326 3724
613 223 1054 330 PETRUS
1109 238 1742 344 PATalelus.

155 603 213 639 De
231 602 309 637 vita
328 599 554 647 scriptisque
571 596 673 633 Petri
689 595 844 632 Patricii
864 595 917 629 ita
927 593 1045 629 habet
1058 591 1151 630 Nm-

105 671 269 697 ssumuus
303 660 343 694 in
375 659 492 706 Corp.
531 657 670 705 Script.
708 655 805 691 Hist.
849 655 939 701 Byz.
976 660 1070 688 tom.
1111 653 1128 687 Ι
1140 679 1149 697 ,

104 734 144 769 p.
166 731 235 755 xx1
259 731 267 754 :
297 734 315 765 “.
341 718 494 760 Petrus,
517 715 579 750 cui
607 726 630 749 a
656 711 904 762 dignitatibus
928 712 1098 760 magistri
1118 718 1154 746 et

104 777 259 814 Patricii
279 775 510 824 cognomina
519 773 721 816 haeserunt,
737 770 1011 806 Thessalonicae
1027 777 1151 814 natus,

105 849 128 873 a
139 836 333 884 Procopio
352 833 491 883 (Goth.
503 833 536 877 I,
555 830 598 880 3)
614 831 766 878 Illyrius
781 830 943 866 dicitur:
960 842 1039 864 non
1050 828 1156 877 quod

104 895 259 930 natione
273 893 322 929 ad
336 893 531 940 Illyricam
549 897 700 939 gentem
716 890 924 938 pertineret
942 888 1053 938 (nam
1073 888 1157 935 quis

105 954 170 990 illo
191 965 270 988 aevo
290 959 436 988 veteres
450 950 601 998 Illyrios
618 949 665 984 ab
684 949 767 984 aliis
780 947 971 996 gentibus,
991 947 1057 994 qui
1070 947 1158 982 istas

105 1013 279 1061 regiones
295 1010 535 1054 incolebant,
554 1007 806 1044 distinxisset?
820 1005 831 1056 )
843 1033 853 1051 ,
872 1006 938 1042 sed
952 1007 1043 1054 quia
1062 1006 1160 1041 dioe-

108 1073 201 1108 cesis
213 1070 442 1107 Macedonia
452 1069 520 1104 sub
534 1068 783 1115 dispositione
794 1066 966 1102 Praefecti
976 1066 1158 1101 Praetorio

107 1143 178 1180 per
193 1130 390 1177 Illyricum
409 1134 503 1163 erat.
528 1127 599 1164 Hic
624 1126 746 1162 causis
766 1125 921 1173 agendis
940 1124 1159 1161 Constanti—

108 1189 244 1238 nopoli
268 1194 478 1235 occupatus
489 1213 499 1230 ,
521 1198 640 1234 quum
657 1191 819 1234 propter
836 1185 1064 1232 singularem
1080 1183 1161 1218 elo—

110 1248 305 1296 quentiam
334 1245 668 1294 persuasionisque
691 1245 770 1279 vim
801 1243 1058 1278 celebraretur
1093 1241 1103 1290 (
1119 1255 1156 1277 v.

109 1307 263 1343 Testim.
298 1317 335 1340 2.
361 1303 404 1351 4)
420 1330 430 1348 ,
455 1315 478 1338 a
497 1303 710 1339 Justiniano
729 1303 822 1350 imp.
857 1313 893 1336 a.
917 1300 992 1344 534
1017 1302 1162 1349 legatus

111 1366 161 1402 ad
177 1362 488 1401 Amalasuntham
508 1362 736 1406 destinatus,
756 1361 847 1408 quia
868 1361 1019 1395 interim
1037 1360 1163 1395 Theo—

111 1423 281 1461 dahadus
299 1434 461 1469 regnum
481 1421 715 1469 arripuerat,
735 1419 893 1456 Aulonae
912 1418 1098 1463 substitit,
1126 1425 1164 1454 et

110 1495 211 1519 anno
231 1482 384 1517 demum
409 1486 590 1526 sequente
609 1491 697 1514 cum
716 1478 956 1526 imperatoris
975 1477 1163 1513 mandatis

110 1543 333 1578 Ravennam
345 1538 520 1587 pervenit
540 1549 549 1575 :
570 1545 660 1573 tunc
674 1550 766 1573 vero
778 1564 789 1582 ,
807 1537 961 1585 ignavia
975 1544 1013 1572 et
1026 1537 1163 1572 timore

110 1600 275 1636 hominis
295 1597 431 1634 callide
449 1609 537 1632 usus
549 1623 559 1642 ‚
581 1596 840 1632 Theodahado
861 1596 1048 1644 persuasit
1064 1602 1107 1630 ut
1125 1607 1164 1630 se

111 1658 271 1707 Augusti
289 1655 379 1692 fidei
397 1656 654 1704 permitteret,
674 1655 860 1702 Italiaque
876 1655 1054 1689 universa
1067 1666 1164 1689 con-

115 1717 266 1754 cederet
298 1715 487 1764 (Procop.
523 1715 639 1751 Goth.
668 1714 709 1758 1,
731 1712 798 1762 6).
831 1714 922 1759 Quae
942 1725 1062 1760 quum
1084 1713 1164 1761 ipse

113 1774 480 1823 Constantinopolim
497 1773 769 1818 renuntiasset,
788 1773 929 1808 iterum
949 1785 1037 1808 cum
1052 1772 1165 1808 Atha-

113 1837 220 1871 nasio
233 1837 455 1871 Ravennam
473 1833 606 1867 missus
624 1839 699 1876 est,
719 1838 762 1866 ut
777 1831 849 1866 illis
865 1830 1065 1879 agentibus
1083 1843 1165 1878 quae

114 1907 182 1930 rex
201 1894 349 1930 Gothus
364 1892 592 1941 promiserat
610 1890 660 1926 ad
680 1891 824 1926 exitum
838 1890 1140 1939 perducerentur
1155 1900 1164 1927 ε

115 1966 247 1989 verum
262 1954 313 1998 is,
331 1951 475 1987 Mundo
496 1951 647 1986 interim
663 1962 751 1985 cum
768 1950 937 1986 exercitu
954 1950 994 1985 in
1012 1950 1166 1984 Dalma-

118 2014 163 2048 tis
180 2025 274 2048 eaeso
286 2038 296 2057 ‚
318 2011 453 2059 spretis
470 2023 552 2057 quae
573 2010 857 2053 convenissent,
876 2009 1096 2056 violataque
1112 2009 1167 2043 le—

118 2071 315 2118 gationum
326 2070 539 2113 sanctitate,
552 2069 637 2103 illos
646 2069 686 2103 in
698 2067 911 2103 custodiam
926 2067 1032 2103 dedit
1049 2067 1163 2115 (ibid.

117 2118 155 2175 Ϊ,
176 2129 243 2177 7),
262 2140 385 2176 neque
403 2128 510 2176 prius
534 2126 718 2162 redeundi
736 2126 895 2162 facultas
915 2138 1093 2162 concessa
1113 2133 1168 2161 est

119 2201 234 2237 quam
258 2200 280 2223 a
295 2188 417 2235 Vitige
438 2186 514 2222 fere
538 2194 627 2235 post
654 2193 728 2222 tres
757 2199 899 2231 annos,
922 2186 1026 2222 circa
1052 2185 1168 2221 finem

119 2248 207 2284 anni
239 2245 329 2283 538.
360 2246 432 2282 Sed
454 2246 529 2281 hoc
564 2245 854 2281 incommodum
883 2246 997 2280 Petro
1029 2245 1167 2292 insigni

119 2307 265 2342 honore
281 2312 520 2353 repensatum
540 2311 615 2349 est,
639 2305 777 2340 collata
795 2303 979 2351 dignitate
996 2304 1168 2351 magistri

121 2365 337 2402 officiorum
356 2363 421 2413 (Ἴ
440 2365 594 2408 Postea,
611 2375 710 2398 anno
726 2362 802 2398 fere
821 2361 896 2398 550
911 2389 921 2407 ,
938 2361 1018 2409 jam
1036 2362 1084 2398 ad
1098 2375 1170 2411 pa-

123 2426 315 2461 triciatum
329 2430 481 2459 evectus
502 2422 572 2471 (³⁰⁶)
590 2449 599 2467 ,
615 2423 760 2469 legatus
773 2423 813 2457 in
824 2422 1019 2458 Orientem
1035 2423 1168 2457 missus

122 2486 176 2515 est
196 2478 245 2514 ad
260 2477 432 2512 inducias
452 2488 539 2511 cum
558 2476 725 2511 Cliosroe
743 2475 1030 2524 componendas
1054 2476 1171 2524 (Pro--

123 2550 211 2586 cop.
229 2537 295 2581 IV,
317 2534 383 2584 12)
400 2561 411 2579 ‚
429 2534 530 2570 unde
549 2541 675 2570 tamen
690 2547 731 2570 re
746 2534 886 2570 infecta
902 2534 1017 2570 rediit
1032 2545 1040 2572 :
1062 2547 1168 2579 mox,

123 2609 159 2633 a.
178 2594 252 2632 552
274 2593 361 2645 (***)
376 2620 386 2639 ,
406 2594 571 2630 delectus
584 2600 639 2629 est
655 2600 698 2628 ut
715 2606 802 2629 cum
817 2594 956 2642 Vigilio
970 2594 1088 2643 Papa,
1106 2595 1170 2642 qui

167 2713 210 2752 (*)
230 2725 244 2739 «
263 2714 309 2744 De
333 2709 515 2750 magisterio
525 2709 706 2741 officiorum
723 2708 845 2749 legendi
865 2709 940 2740 sunt
956 2710 1096 2741 ,Ioannes
1114 2710 1172 2749 Ly-

126 2761 186 2793 dus
198 2763 244 2792 De
253 2759 395 2798 magistr.
407 2760 449 2790 11.
469 2759 519 2790 10.
535 2762 574 2789 25
586 2761 641 2796 26;
655 2759 696 2788 lll
708 2782 717 2797 ‚
734 2759 774 2789 4ο
785 2781 793 2796 ,
806 2758 837 2788 et
850 2757 997 2788 Valesius
1016 2756 1056 2788 ad
1070 2761 1172 2789 Amm.

127 2810 228 2840 Marc.
248 2808 367 2844 XXVI,
387 2809 416 2836 5.
434 2807 482 2836 Ex
499 2804 787 2836 diversissimorum
806 2805 1007 2844 negotiorum
1026 2812 1174 2844 procura·

126 2856 213 2888 tione
230 2862 286 2894 pro
302 2857 411 2885 nostra
427 2851 577 2892 opinione
591 2850 724 2883 ridicule
743 2851 965 2890 coagmentata
981 2851 1154 2882 conflatum
1164 2876 1173 2891 ,

127 2900 414 2941 complectebatur,
428 2899 465 2930 ut
478 2899 589 2930 nostro
602 2907 748 2930 sermone
763 2898 868 2938 potius
881 2907 980 2938 quam
994 2899 1175 2930 Pannonica

127 2947 286 2980 latinitate
301 2948 392 2977 utar:
409 2944 471 2977 das
486 2946 721 2977 Ministerimn
736 2945 797 2976 der
809 2948 1051 2987 auswoerciyen
1069 2948 1173 2987 Ληρε-

129 2994 358 3035 leyenlzeiten,
380 2992 434 3024 die
456 2993 592 3023 Aemter
612 2991 670 3023 des
695 2992 992 3032 qumarsclzalls,
1023 2995 1174 3025 ceremo-

129 3042 369 3074 nienmez'sters
386 3038 462 3071 und
482 3039 859 3079 Generalpostmeisters
870 3063 878 3078 ‚
899 3039 974 3072 und
990 3040 1044 3072 die
1060 3043 1175 3073 Dc'rec-

132 3090 202 3121 tion
218 3087 279 3119 der
298 3085 611 3126 Gewehvsabrilfen.
631 3099 646 3113 n

172 3134 231 3174 (**)
250 3147 265 3161 «
281 3133 434 3165 Patricius
448 3142 467 3164 a
481 3133 682 3165 Constantini
692 3135 736 3165 M.
749 3134 842 3164 aetate
856 3142 930 3164 eum
944 3133 1050 3164 locum
1062 3134 1092 3165 in
1104 3134 1176 3165 aula

130 3181 295 3213 obtinebat
321 3182 356 3212 ut
379 3181 605 3212 Britannorum
621 3180 727 3219 lingua
749 3180 892 3220 apposite
908 3189 930 3212 α
943 3182 1043 3220 privy
1067 3183 1175 3213 Coun-

131 3229 235 3260 sellor
253 3228 421 3259 diceretur.
438 3227 498 3258 Hic
516 3226 678 3266 dignitatis
699 3227 815 3267 gradus
830 3228 1086 3267 conjungebatur
1102 3236 1176 3259 cum

131 3285 170 3307 eo
185 3275 291 3306 officio
311 3274 343 3306 in
366 3283 429 3314 quo
445 3274 560 3314 aliquis
573 3274 651 3305 alias
663 3274 856 3306 constitutus
876 3278 945 3306 erat
967 3284 975 3305 :
992 3283 1029 3306 ac
1046 3276 1176 3306 Petrum

131 3323 262 3363 quidem
279 3323 425 3353 nostrum
447 3330 552 3362 usque
563 3321 604 3353 ad
622 3325 759 3354 mortem
778 3322 811 3353 in
827 3321 1008 3362 magisterio
1031 3330 1176 3362 perman-

131 3369 207 3402 sisse
221 3370 357 3400 constat.
376 3381 392 3396 n

174 3415 252 3455 (***)
268 3428 282 3442 «
302 3418 349 3447 De
364 3424 448 3447 anno
464 3424 528 3456 quo
547 3415 649 3447 nuntii
668 3415 868 3455 imperatoris
884 3424 958 3446 cum
975 3415 1089 3455 Vigilio
1105 3424 1176 3455 ege·

134 3464 207 3495 runt
218 3487 226 3502 ,
241 3463 281 3495 ct.
298 3463 477 3496 Gieseterus
487 3472 504 3495 a
518 3471 570 3496 me
584 3463 750 3495 consultus
765 3462 925 3503 respondit
936 3471 968 3495 sc
983 3463 1077 3503 plane
1091 3464 1176 3495 Man·

1177 3523 1222 3548 1⁸1

1213 594 1453 631 Chalcedone
1478 594 1741 640 detinebatur,
1770 595 1816 631 de
1836 595 1991 644 negotio
2021 596 2135 631 trium
2156 597 2264 644 capi—

1216 654 1383 689 tulorum
1405 661 1547 702 ageret.
1570 655 1730 702 Vigilius
1748 655 1815 690 ubi
1827 681 1837 699 ,
1860 666 1943 702 quae
1961 660 2048 688 tunc
2066 661 2150 689 acta
2164 661 2264 697 sunt,

1215 721 1364 758 narrat,
1397 714 1551 749 Petrum
1571 714 1832 758 exconsulem,
1859 713 2065 762 patricium
2084 720 2121 748 et
2148 713 2269 760 magi-

1216 778 1335 806 strum
1350 779 1465 807 vocat
1481 785 1489 807 :
1504 784 1593 807 mox
1608 770 1853 820 magnificum
1867 771 1991 806 virum
2003 778 2039 806 et
2054 770 2270 807 referenda—

1217 831 1317 865 rium
1350 843 1358 865 :
1394 832 1461 879 qui
1483 838 1573 866 tunc
1603 832 1785 867 exconsul
1810 830 2024 874 dicebatur,
2054 837 2135 865 erat
2158 842 2271 877 quem

1218 890 1430 938 imperator
1459 891 1677 926 consulatus
1708 890 1895 926 codicillis
1929 895 2154 933 ornaverat-3
2186 901 2272 924 eum

1219 955 1353 996 postea
1372 949 1411 984 in
1430 950 1639 997 Byzantino
1657 949 1836 997 imperio,
1857 948 1913 984 rei
1934 948 2117 996 dignitate
2133 946 2272 995 paula-

1221 1007 1290 1042 tim
1315 1008 1537 1053 imminuta,
1573 1009 1768 1044 consulem
1799 1016 1836 1043 et
1864 1008 2051 1056 hypatum
2080 1006 2269 1042 dixerunt.

1220 1068 1363 1102 Decem
1382 1067 1519 1103 deinde
1538 1068 1644 1103 annis
1668 1066 1894 1114 interjectis,
1913 1078 1948 1105 a.
1972 1064 2044 1101 562
2059 1093 2068 1110 ,
2088 1066 2194 1114 pacis
2208 1077 2274 1100 ne-

1221 1127 1369 1174 gotium
1399 1139 1486 1163 cum
1517 1128 1638 1163 Persis
1666 1128 1825 1171 iterum,
1851 1138 1895 1162 ac
1921 1125 2090 1161 feliciore
2120 1124 2275 1172 quidem

1222 1185 1345 1231 exitu,
1382 1187 1568 1235 suscepit,
1602 1186 1857 1235 ignominiosa
1890 1185 2065 1232 quidem,
2102 1183 2168 1219 scd
2202 1195 2274 1231 pro

1223 1243 1411 1280 exhaustis
1427 1246 1579 1294 imperii
1591 1245 1737 1281 viribus
1751 1245 1962 1280 necessaria
1973 1270 1983 1288 ,
1998 1255 2094 1292 pace
2108 1243 2147 1277 in
2164 1243 2277 1290 quin—

1224 1304 1406 1352 quaginta
1422 1316 1541 1340 annos
1558 1305 1772 1353 composita
1795 1303 2014 1352 (Menandri
2032 1302 2077 1338 fr.
2104 1315 2118 1337 1
2132 1300 2180 1350 1).
2199 1300 2275 1337 Ubi

1225 1374 1343 1409 quum
1360 1374 1382 1398 a
1397 1363 1522 1411 legato
1540 1363 1690 1399 Persico
1706 1375 1820 1411 super
1837 1363 1997 1407 Suania,
2017 1366 2131 1409 quam
2146 1361 2278 1395 Petrus

1223 1421 1441 1469 repetebat,
1474 1421 1598 1457 fallaci
1618 1434 1685 1470 spe
1705 1422 1928 1470 proposita,
1952 1421 2001 1456 ad
2026 1432 2153 1468 regem
2174 1418 2278 1454 Cho—

1224 1491 1349 1515 sroem
1370 1480 1533 1527 rejectus
1562 1488 1676 1526 esset,
1699 1493 1799 1515 anno
1829 1481 2009 1528 proximo
2031 1479 2132 1514 hunc
2154 1477 2249 1513 adiit
2268 1489 2276 1512 τ

1223 1551 1358 1574 verum
1385 1540 1538 1575 frustra.
1570 1541 1626 1576 Ex
1654 1552 1731 1587 qua
1752 1541 1942 1588 legatione
1962 1537 2188 1585 Byzantium
2215 1546 2277 1570 re-

1224 1609 1372 1643 versus,
1395 1599 1499 1635 haud
1517 1600 1638 1634 multo
1664 1606 1752 1647 post
1779 1598 1877 1633 obiit
1908 1597 2029 1647 (Men.
2051 1596 2098 1631 fr.
2125 1594 2182 1643 13)
2198 1621 2207 1639 ,
2231 1593 2280 1629 28

1226 1656 1303 1693 fere
1314 1659 1420 1693 annis
1429 1665 1518 1706 post
1526 1659 1929 1707 primamlegationem
1938 1657 2111 1693 Italicam
2124 1668 2133 1700 ;
2144 1654 2280 1689 relicto

1225 1715 1305 1762 filio
1333 1718 1539 1754 Theodoro
1566 1719 1632 1766 qui
1649 1717 1730 1764 jam
1755 1730 1790 1754 a.
1816 1716 1890 1753 565
1913 1717 2138 1766 dignitatem
2163 1716 2283 1765 patris

1228 1776 1445 1822 obtinebat3
1463 1790 1555 1813 mox
1584 1790 1711 1813 comes
1732 1778 1980 1825 largitionum
2001 1777 2144 1820 factus,
2168 1783 2283 1823 atquc

1227 1847 1262 1871 a.
1286 1833 1360 1880 576
1386 1835 1435 1871 ad
1455 1837 1585 1871 Persas
1601 1837 1734 1871 missus
1758 1843 1813 1871 est
1833 1835 1954 1883 (Men.
1978 1835 2024 1870 fr.
2053 1834 2143 1884 46).
2169 1834 2282 1870 Chri-

1227 1895 1391 1930 stianum
1407 1895 1520 1930 fuisse
1533 1897 1686 1930 Petrum
1707 1895 1826 1931 dubio
1847 1902 1951 1930 caret
1967 1908 1975 1930 z
1994 1895 2137 1943 quippe
2158 1894 2224 1941 qui
2245 1894 2284 1927 in

1228 1954 1416 2002 legatione
1434 1955 1583 1990 Persica
1601 1961 1644 1989 ut
1665 1954 1830 1989 natalem
1851 1954 1990 1992 Christi
2018 1954 2174 1989 Domini
2194 1956 2286 2003 Epi-

1227 2013 1485 2061 phaniamque
1517 2013 1747 2058 celebraret,
1783 2012 1994 2047 substiterit
2027 2012 2149 2061 (Men.
2181 2013 2229 2048 fr.
2247 2013 2257 2062 )
2273 2041 2282 2058 ,

1230 2080 1345 2120 atque
1362 2086 1449 2108 cum
1467 2073 1605 2121 Vigilio
1622 2073 1725 2120 Papa
1743 2072 1788 2108 de
1808 2071 1922 2107 rebus
1939 2084 2022 2119 quae
2038 2071 2087 2107 ad
2105 2072 2286 2122 dogmata

1229 2132 1421 2179 pertinent
1440 2132 1572 2180 egerit.

1289 2206 1304 2222 «
1333 2191 1406 2226 Hic
1428 2192 1560 2226 Petrus
1587 2191 1687 2226 inter
1709 2202 1859 2226 coaevos
1884 2190 2099 2226 incredibili
2121 2191 2286 2238 quadam

1230 2249 1362 2286 floruit
1383 2250 1495 2286 laude
1516 2258 1553 2286 et
1572 2251 1694 2299 gloria
1713 2263 1721 2285 ε
1747 2249 1854 2296 cujus
1873 2251 1929 2291 rei
1949 2251 2167 2286 testimonia
2186 2251 2286 2287 infra

1231 2310 1357 2358 posui.
1381 2310 1519 2344 Praeter
1535 2309 1793 2356 eloquentiam
1814 2315 1929 2355 atque
1948 2309 2102 2344 unicam
2131 2310 2170 2344 in
2194 2323 2285 2358 per-

1232 2368 1426 2404 suadendo
1449 2369 1528 2403 vim
1540 2394 1550 2412 ,
1577 2379 1763 2403 summam
1785 2368 1823 2402 in
1844 2367 1958 2403 rebus
1977 2368 2186 2404 tractandis
2206 2370 2286 2404 sol-

1232 2429 1400 2473 lertiam,
1425 2427 1667 2476 ⁴diligentiam
1683 2426 1928 2472 indefessam,
1947 2427 2073 2475 legum
2094 2429 2287 2476 cognitio—

1233 2501 1319 2523 nem
1337 2488 1679 2530 accuratissimam,
1698 2487 1953 2522 eruditionem
1973 2488 2213 2536 omnigenam
2226 2515 2235 2533 ,
2253 2490 2288 2523 ei

1235 2548 1427 2593 tribuunt3
1443 2554 1523 2582 tum
1534 2559 1626 2582 vero
1646 2558 1837 2582 amoenum
1849 2547 2042 2594 ingenium
2055 2574 2064 2591 ,
2081 2547 2288 2595 mitemque

1234 2608 1402 2642 animum
1431 2618 1439 2642 :
1462 2607 1501 2641 in
1529 2619 1607 2654 quo
1635 2620 1719 2641 cum
1741 2607 1856 2641 unico
1878 2605 1986 2652 cujus
2005 2606 2123 2641 verba
2143 2606 2191 2641 ad
2218 2619 2289 2641 nos

1233 2673 1489 2713 pervenerunt
1521 2665 1779 2701 obtrectatore
1808 2664 1850 2713 (¹⁶)
1882 2666 1935 2700 ita
1968 2666 2157 2700 consentit
2188 2666 2289 2700 Petri

1236 2725 1352 2760 cliens
1376 2726 1541 2760 Joannes
1567 2725 1718 2772 Lydus,
1741 2731 1783 2759 ut
1803 2725 1877 2759 hoc
1899 2732 2001 2759 certe
2030 2731 2196 2769 constet,
2220 2725 2289 2760 be-

1234 2783 1413 2818 nevolum
1430 2782 1564 2827 fuisse,
1591 2783 1832 2830 liberumque
1856 2782 1903 2818 ab
1926 2784 2030 2818 omni
2052 2784 2284 2831 arrogantia.

1235 2843 1358 2877 Etiam
1388 2850 1477 2890 post
1507 2849 1670 2877 mortem
1691 2854 1713 2877 a
1742 2842 1913 2890 Corippo
1939 2842 2033 2877 boni
2061 2843 2288 2890 cognomine

1235 2902 1435 2949 insignitur
1455 2901 1629 2950 (Testim.
1654 2901 1698 2937 13
1715 2900 1744 2949 )‚
1763 2908 1805 2936 ut
1822 2902 1914 2936 olim
1929 2903 2012 2937 Rex
2034 2903 2173 2937 Ancus.
2197 2901 2287 2947 Quae

1236 2968 1365 2996 tamen>
1376 2963 1535 2996 virtutes
1551 2974 1629 2996 non
1645 2961 1796 2996 obstant
1818 2961 2023 3008 quominus
2041 2973 2128 2995 vere
2144 2961 2289 2994 Proco-

1234 3021 1320 3068 pius
1348 3021 1381 3055 ei
1400 3020 1633 3069 exprobrare
1655 3020 1825 3068 potuerit
1853 3019 2129 3054 furacissimum
2151 3018 2284 3061 fuisse,

1236 3087 1351 3127 atque
1379 3079 1599 3127 inexplebili
1623 3079 1843 3114 divitiarum
1864 3078 2074 3126 cupiditate
2093 3078 2288 3113 incensum

1238 3138 1428 3188 (Procop.
1451 3139 1479 3174 l.
1500 3139 1526 3174 l.
1545 3137 1554 3189 )
1574 3151 1581 3174 ε
1603 3139 1764 3174 avaritia
1780 3139 1881 3174 enim
1901 3138 2005 3186 apud
2024 3137 2188 3173 Orientis
2211 3148 2284 3184 po-

1237 3274 1284 3306 sio
1307 3274 1454 3306 assentiri
1476 3274 1532 3314 qui
1555 3273 1633 3305 illud
1650 3282 1678 3305 a.
1699 3278 1758 3306 552
1778 3272 1947 3313 contigisse
1974 3271 2113 3308 statuat,
2129 3269 2294 3307 corrigent

1237 3321 1381 3362 dumque
1394 3322 1424 3352 in
1438 3321 1672 3361 subscriptione
1685 3321 1828 3362 epistolae
1841 3319 2012 3360 encyclicae
2027 3318 2153 3349 censeat
2171 3328 2177 3346 :
2194 3318 2230 3347 P.
2248 3316 2285 3347 C.

1239 3369 1508 3456 Ba(s*¹)hl')r(dcd)pius
1522 3414 1676 3446 Anecdot.
1694 3416 1746 3454 24,
1763 3423 1793 3454 p.
1810 3416 1850 3446 70
1868 3426 1873 3444 :
1890 3414 1990 3454 Πρᾷος
2004 3410 2040 3450 ἦν
2055 3410 2105 3441 καὶ
2121 3410 2161 3445 ὡς
2173 3408 2287 3447 ἥκῑσῒῦι

1238 3462 1367 3503 ὑὸρίζειν
1385 3463 1484 3499 εἰδώς.
1500 3464 1540 3494 V.
1559 3461 1691 3494 'restitit
1710 3466 1739 3493 3.
