2326 3724
0 286 15 347 ξ’

0 395 58 479 5‘

0 483 56 539 3‘

0 542 15 566 4

0 594 13 641 ί.

0 643 10 665 F

0 671 10 719 ,η

0 722 8 744 i

0 759 7 775 ι

0 516 2 518 ,
45 464 74 508 ὦ

30 526 85 576 ἔσ

44 601 83 624 τῦ

996 204 1293 243 RAGMENTA.

47 294 107 333 καὶ
135 295 250 347 ἕτερον
278 308 311 332 τι
331 291 536 346 προστίθηοι
568 295 618 345 τῷ
646 290 861 344 δεδογμένῳ,
896 307 957 330 και
989 291 1021 334 ἐς
1043 289 1087 328 τὰ

76 353 201 391 άλιστα
229 355 294 405 θεῷ
321 350 586 404 κεχαρισμένον.
618 349 776 394 Πολλους
803 351 872 402 γὰρ
899 352 968 388 τῶν
991 349 1089 401 παρὰ

60 411 237 462 Ρωμαίοις
253 410 470 483 δορυκτήτων
488 411 651 462 Περσων,
669 409 824 460 μάλιστα
839 425 916 453 τους
933 411 968 447 ἐν
985 408 1090 457 τέλει,

76 485 93 507 ν
132 469 214 508 ἔνιοι
243 469 304 508 καὶ
337 471 387 521 τῷ
420 468 585 521 βασιλείῳ
616 467 708 519 γένει
741 467 953 519 ξυνημμένοι
983 463 1088 516 ἠσαν,

86 528 176 566 τειλε
202 526 342 580 Χοσρόῃ
370 527 630 581 δωροφορήσας.
659 519 750 565 Εἶτα
777 526 939 579 πρέσὸεις
958 525 1015 564 ἐπὶ
1041 527 1091 577 τῷ

87 587 166 638 ιῷδε
196 585 367 638 ἐξέπεμψε
397 584 584 639 Ζαχαρίαν
614 600 652 623 τε
681 588 797 633 αὖθις,
826 584 884 623 τὸν
917 584 1091 637 βασίλειον

44 644 175 698 ἰατρὸν,
195 644 256 683 ἅτε
275 643 442 688 πολλάκις
457 643 716 696 χρησιμώτατά
735 660 772 682 τε
789 644 850 682 καὶ
874 643 1091 682 εὐνούστατα

45 702 391 756 ἐξυπηρετησάμενον
415 708 492 748 ταῖς
511 703 603 742 κατὰ
629 702 685 741 τὸν
704 703 857 754 πόλεμον
875 707 995 742 τοῦτον
1013 718 1094 755 πρε-

0 778 11 823 {5
43 761 189 806 σὸείαις.
213 764 347 802 Τοῦτον
367 761 409 809 δὴ
442 765 501 801 οὖν
530 761 589 800 τὸν
615 761 726 815 ἄνδρα
753 765 796 814 τῇ
825 760 998 814 λεγομένῃ
1023 761 1092 800 ἀπὸ

0 841 8 876 5
43 821 206 874 ἐπάρχων
229 820 307 874 ἀξία
335 820 612 872 διακοσμήσας
596 820 840 873 εχειροτόνησε
870 820 931 859 καὶ
955 820 1063 859 πάλιν
1080 850 1090 868 ,

2 891 4 916 ἰ
43 880 103 918 καὶ
123 881 164 927 δὴ
184 880 485 933 πρεσὸευσόμενον
507 882 653 934 ἀφῆκεν,
677 874 734 918 οἶα
754 879 797 927 δὴ
817 879 876 918 καὶ
895 881 1000 918 αὐτοῦ
1021 882 1093 919 Ζα-

0 959 6 988 ;
43 939 168 991 χαρίου
187 938 250 986 τὴν
268 938 456 992 πρεσὸείαν
477 939 611 985 ταύτην
640 937 799 990 γενέσθαι
816 938 1092 985 ξυνωθήσαντος·

1 1001 2 1004 ’
44 996 106 1036 σὺν
122 998 172 1051 τῷ
187 996 247 1035 καὶ
264 997 446 1050 Θεόδωρόν
463 1013 539 1036 τινα
551 1027 561 1044 ,
583 996 646 1035 ἕνα
666 999 735 1034 τῶν
756 997 942 1048 βασιλείων
961 1012 1095 1049 μαχαι-

45 1054 212 1108 ροφόρων,
229 1054 367 1106 ἀξίωμα
385 1055 446 1093 καὶ
461 1057 556 1109 αὐτῷ
575 1058 773 1108 στρατηγοῦ
787 1054 951 1108 περιθείς.
969 1055 1094 1094 Τούτω

41 1114 93 1152 τὼ
121 1114 224 1166 ἄνδρε
252 1114 545 1166 πρεσὸευσομένω
574 1113 765 1165 ἀπονείμας
784 1113 924 1166 Χοσρόῃ
948 1113 1094 1164 ἐξέπεμ-

42 1175 122 1227 ψεν,
141 1172 274 1226 ἔγραψέ
293 1189 330 1212 τε
345 1173 532 1218 ἐπιεικείας
553 1173 711 1212 ἀνάπλεα
725 1172 882 1225 ῥήματα.
902 1172 948 1212 Ὁ
969 1173 1004 1211 δὲ
1019 1177 1096 1216 νοῧς

43 1235 105 1279 τῆς
133 1233 335 1279 ἐπιστολῆς
361 1251 376 1266 «
394 1232 491 1283 Ἐγὼ
511 1232 571 1270 καὶ
593 1231 765 1284 βούλομαι
790 1231 853 1278 τὴν
878 1231 1015 1284 εἰρήνην
1037 1232 1096 1270 καὶ

42 1290 101 1330 διὰ
127 1290 167 1330 τὸ
187 1290 366 1330 θεόσδοτον
387 1285 495 1330 οὖσαν
517 1291 741 1341 ἀσπάζομαι·
763 1290 823 1329 καὶ
851 1290 972 1343 ὥσπερ
993 1291 1095 1343 φύσει

42 1350 108 1388 τινὶ
133 1350 334 1403 προσιζάνει
354 1365 414 1401 μοι
441 1349 486 1388 τὰ
514 1353 576 1397 τῆς
605 1349 721 1403 φιλίας
753 1351 866 1400 ὑμῶν.
898 1352 1095 1402 Τοιγαροῦν

43 1408 190 1459 ἑτοίμως
207 1407 280 1460 ἔχω
302 1410 365 1455 τῆς
395 1408 665 1461 Περσαρμενίας
688 1424 726 1446 τε
745 1407 861 1454 πάσης
882 1407 1096 1460 ἀφίστασθαι

42 1467 102 1506 καὶ
118 1467 295 1520 Ἰὸηρίας,
315 1468 354 1504 οὐ
372 1466 441 1517 μὴν
467 1469 535 1505 τῶν
558 1467 777 1519 βουλομένων
800 1470 886 1517 ἡμῖν
905 1467 1095 1504 ὑπακούειν

42 1527 193 1578 Περσῶν
213 1525 396 1579 Ἀρμενίας
415 1541 452 1564 τε
479 1525 539 1565 καὶ
559 1524 726 1576 Ἰὸήρων.
748 1524 958 1575 Ἀναδίδωμι
979 1525 1015 1562 δὲ
1037 1524 1097 1563 καὶ

43 1584 82 1624 τὸ
96 1585 278 1638 Ἀφουμῶν
295 1583 470 1638 φρούριον,
490 1584 550 1623 καὶ
565 1587 626 1631 τῆς
643 1584 676 1624 'A
684 1586 852 1637 ρζανηνῆς
869 1584 949 1633 ὑμῖν
969 1599 1093 1634 παρα-

43 1643 216 1696 χωρήσω,
236 1644 276 1682 τὸ
292 1643 411 1696 Δάρας
431 1642 534 1695 μόνον
553 1642 629 1681 ἀντὶ
644 1642 819 1681 τοσούτων
839 1641 1096 1692 ἀνακομιζόμε-

14 1719 15 1722 ’
43 1717 96 1747 νος
108 1702 194 1755 πρὸς
203 1705 315 1754 ὑμῶν.
333 1721 350 1737 ν
362 1704 487 1742 Ταῦτα
502 1704 535 1742 Τ
540 1701 665 1754 ιὸέριος
679 1704 697 1740 ὁ
715 1700 940 1754 αὐτοκράτωρ
954 1699 1093 1752 Χοσρόῃ

43 1763 220 1812 σημήνας,
244 1764 351 1814 ἐφῆκε
371 1762 537 1815 Ζαχαρία
563 1777 600 1800 τε
626 1761 687 1799 καὶ
712 1760 889 1814 Θεοδώρῳ
914 1760 975 1798 καὶ
998 1760 1096 1811 μεγί-

44 1836 133 1860 στων
161 1820 342 1874 πρέσὸεων
368 1821 460 1874 ἔχειν
493 1820 594 1873 ἰσχὺν
630 1820 691 1859 καὶ
717 1819 780 1867 τὴν
808 1820 947 1873 εἰρήνην
975 1822 1021 1862 ὡς
1052 1818 1093 1857 ἂν

43 1875 145 1920 οἷοίτε
168 1880 299 1919 ἔσοιντο
323 1881 525 1920 διατιθέναι.
555 1880 656 1918 Μετὰ
675 1884 787 1919 ταῦτα
812 1883 874 1926 τῆς
898 1878 1095 1931 ὁδοιπορίας

37 1939 95 1985 ,ἔτι
128 1940 308 1992 σχομένω,
340 1939 506 1978 σταλέντε
544 1938 646 1990 ἄνδρε
679 1938 770 1976 οὕτω
799 1937 999 1990 παρασχὸν,
1037 1936 1098 1975 καὶ

45 1999 204 2051 Χοσρόης
221 2001 239 2036 ὁ
259 2000 408 2050 Περσῶν
433 1996 594 2050 βασιλεὺς
613 1996 853 2047 καταπλαγεὶς
872 1997 942 2040 τοῖς
969 1995 1098 2045 ξυμὸε-

45 2057 192 2105 δηκόσι,
217 2056 422 2110 προφθάσας
449 2055 622 2105 ἐκπέμπει
639 2057 685 2098 ὡς
704 2054 763 2092 τὸν
779 2054 969 2104 Ῥωμαίων
1001 2056 1100 2092 αὐτο-

45 2169 152 2200 mariis
165 2169 260 2208 viris,
272 2177 413 2209 quorum
424 2177 559 2200 numero
573 2169 664 2199 erant
676 2167 823 2199 nonnulli
834 2175 874 2198 ex
886 2167 970 2206 regio
981 2175 1096 2206 genere

44 2220 124 2260 orti,
139 2219 224 2252 dono
237 2220 325 2252 dedit
342 2219 486 2252 Cliosroi.
503 2219 624 2251 Deinde
637 2219 756 2259 legatos
769 2218 808 2250 ad
822 2219 892 2250 haec
903 2218 1000 2258 misit,
1017 2218 1098 2249 inter

45 2281 100 2305 eos
114 2272 299 2304 Zachariam
314 2273 431 2303 iterum
442 2295 452 2311 ,
466 2271 587 2311 regium
604 2270 779 2303 medicum.
795 2271 854 2302 Hic
870 2270 979 2310 plures
993 2272 1025 2303 et
1039 2269 1096 2302 ad-

47 2325 179 2357 modum
206 2328 426 2358 Romanorum
447 2324 543 2356 rebus
560 2324 654 2355 utiles
678 2324 855 2364 legationes
874 2323 907 2355 in
930 2324 991 2355 hoc
1010 2324 1096 2355 bello

47 2379 177 2411 fecerat.
197 2380 310 2418 ltaque
327 2386 402 2409 eum
423 2377 465 2408 ad
481 2377 563 2408 hanc
580 2376 771 2416 legationem
787 2376 964 2417 imperator
985 2377 1096 2417 elegit,

47 2433 80 2464 et
92 2431 247 2472 dignitate
260 2430 444 2463 exconsulis
455 2430 606 2461 ornatum
617 2429 658 2460 ad
669 2429 755 2460 illam
769 2429 950 2461 obeundam
961 2429 1099 2467 dimisit,

48 2484 134 2525 quod
152 2486 184 2516 et
200 2483 266 2524 ipse
281 2482 451 2515 Zacharias
473 2481 593 2520 legatos
613 2480 785 2513 mittendos
797 2490 864 2513 esse
884 2481 1028 2521 inprimis
1044 2481 1099 2512 ad-

48 2537 233 2574 monuerat,
251 2543 315 2565 una
332 2542 462 2574 quoque
487 2532 691 2564 Theodorum
721 2532 881 2573 quendam
900 2542 940 2565 ex
965 2534 1100 2574 impera-

48 2587 127 2620 toris
144 2586 350 2624 satellitibus,
377 2594 474 2626 quem
500 2584 541 2616 ad
566 2584 658 2616 ducis
677 2584 866 2624 dignitatem
886 2586 1013 2617 extulit.
1034 2587 1100 2617 llos

50 2639 146 2681 igitur
170 2639 252 2671 duos
274 2639 377 2678 viros,
400 2638 518 2679 quibus
535 2638 616 2669 lianc
647 2637 839 2677 legationem
866 2638 1030 2678 attribuit,
1059 2639 1099 2670 ad

51 2691 226 2724 cnosroem
240 2691 344 2730 misit,
357 2690 399 2721 ad
418 2699 515 2730 quem
532 2689 640 2722 literas
653 2698 782 2729 quoque
802 2690 1013 2722 humanitatis
1031 2691 1097 2731 ple-

51 2753 108 2777 nas
119 2742 255 2784 scripsit.
266 2743 430 2776 Sententia
441 2743 537 2782 hujus
553 2742 696 2783 epistolae
722 2741 790 2773 haec
808 2742 873 2773 fere
892 2744 959 2774 erat
975 2756 982 2774 ε
1003 2756 1017 2770 «
1035 2746 1100 2783 Ego

50 2804 162 2838 pacem
178 2799 272 2836 opto,
298 2796 330 2826 et
355 2804 374 2826 a
396 2794 456 2826 deo
478 2785 586 2825 datam
613 2794 703 2831 colo,
723 2795 755 2825 et
778 2795 944 2834 tamquam
962 2796 1099 2826 naturali

52 2851 190 2893 quodam
207 2851 362 2882 instinctu
378 2849 417 2881 ad
428 2850 569 2881 vestram
583 2848 755 2880 amicitiam
771 2849 864 2880 seror.
884 2849 995 2887 Itaque
1009 2856 1099 2887 para-

52 2905 105 2936 tus
116 2912 200 2942 sum,
215 2911 343 2934 omnem
359 2901 610 2934 Persarmeniam
622 2902 654 2932 et
664 2900 802 2932 Iberiam
815 2899 906 2931 vobis
913 2899 1099 2938 concedere,

54 2958 169 2996 praeter
181 2963 235 2987 eos
260 2953 493 2986 Persarmenios
509 2953 575 2985 sive
591 2953 718 2992 iberos,
732 2952 787 2992 qui
805 2951 896 2983 nobis
910 2959 1019 2992 parere
1036 2960 1099 2982 ma·

54 3007 124 3039 lint.
154 3007 298 3039 Restituo
321 3007 353 3037 et
381 3005 533 3037 Asumum
553 3004 740 3043 castellum,
770 3005 802 3035 et
824 3006 986 3034 Arzanene
1011 3002 1101 3033 vobis

55 3058 133 3091 cedo
143 3082 152 3098 ‚
174 3057 271 3089 modo
286 3056 438 3097 oppidum
462 3059 560 3088 Daras
576 3065 633 3096 pro
648 3056 696 3087 his
709 3055 860 3086 omnibus
878 3065 896 3086 a
910 3055 1001 3086 vobis
1014 3053 1100 3085 obti-

54 3120 160 3144 neam.
178 3125 197 3140 n.
208 3113 286 3143 Haec
299 3110 444 3142 Tiberius
457 3110 629 3149 imperator
643 3117 699 3148 per
711 3109 896 3140 Zachariam
911 3110 943 3139 et
955 3107 1101 3140 Theodo-

55 3173 125 3196 rum
138 3188 146 3203 ‚
175 3164 290 3204 quibus
325 3162 540 3194 maximorum
567 3162 745 3202 legatorum
778 3163 966 3201 potestatem
994 3160 1099 3199 dedit,

56 3215 188 3247 cnosroi
205 3215 303 3246 literis
318 3213 516 3254 significavit.
532 3213 588 3244 His
611 3212 707 3244 etiam
725 3221 835 3252 pacem
862 3220 919 3251 pro
946 3211 1078 3242 arbitrio
1091 3234 1099 3249 ,

56 3267 94 3298 ut
108 3275 157 3299 res
173 3267 304 3305 ferrent,
322 3267 424 3297 facere
440 3261 596 3306 permisit.
614 3266 655 3297 Et
668 3265 728 3296 illis
744 3264 873 3304 quidem
884 3288 892 3303 ‚
907 3264 984 3294 dum
996 3264 1101 3295 adhue

57 3318 117 3350 iter
135 3318 310 3357 faciebant,
325 3317 441 3349 accidit
455 3318 492 3348 ut
506 3316 663 3348 Chosroes
681 3324 810 3356 quoque
823 3340 831 3355 ,
847 3317 1016 3346 Persarum
1033 3324 1100 3353 rex,

59 3369 96 3401 iis
118 3378 190 3410 quae
208 3369 251 3401 illi
266 3370 377 3400 contra
399 3367 588 3400 sententiam
616 3368 805 3406 evenerant,
824 3366 1007 3406 perculsus,
1025 3374 1100 3405 pro-

59 3429 132 3462 pere
145 3422 183 3454 ad
203 3424 420 3454 Romanorum
442 3421 666 3461 imperatorem
694 3419 834 3459 legatum
862 3418 1021 3458 mitteret,
1046 3418 1100 3458 qui

2122 214 2197 249 255

1151 289 1305 342 κράτορα
1322 290 1552 342 πρεσὸευτὴν,
1573 291 1666 330 καὶ
1648 298 1842 345 αφικνεῖται
1855 309 2026 346 χειμωνος
2046 296 2204 368 ἀρχομέ-

1150 362 1209 385 νου
1226 347 1292 395 ἤδη
1309 348 1371 392 ὅς’
1357 364 1416 386 επι
1431 351 1473 400 τῇ
1489 348 1660 402 πρεσὸεία
1678 351 1921 402 ἐχειροτονήθη
1943 353 2113 403 Πέρσης
2095 354 2216 406 ανὴρ,.

1153 405 1306 457 τοῦνομα
1329 406 1555 459 Φερογδάθης
1568 437 1579 458 ⁷
1600 409 1665 459 οὐχ
1681 412 1784 454 ἡττον
1799 410 1860 447 καὶ
1878 410 1978 454 αὐτὸς
2004 412 2201 464 φιλανθρω-

1156 465 1323 510 ποτάτους
1365 481 1399 504 εν
1432 467 1597 517 ἐπιστολῇ
1635 467 1847 517 διακομίζων
1879 468 2001 519 λόγους
2031 469 2117 521 πρὸς
2144 474 2205 508 τοῦ

1157 525 1303 576 Περσῶν
1335 524 1562 576 βασιλέως,’
1547 540 1582 562 εν
1609 528 1631 576 ᾗ
1658 524 1852 584 ἐγέγραπτο
1871 520 1957 564 ὧδε·
1979 544 1994 561 α
2011 529 2055 566 Εἰ
2080 528 2142 577 μὲν
2165 528 2206 567 τὸ

1157 581 1289 620 δίκαιον
1321 585 1468 630 ποιῆσαι
1499 582 1723 635 βουληθείης,
1755 586 1784 621 ὠ
1814 583 2005 634 Ῥωμαίων
2041 586 2206 637 βασιλεῦ,

1155 640 1303 684 καλῶς*
1286 657 1327 679 αν
1342 640 1485 692 πράξοις
1499 640 1578 684 τούς
1592 656 1629 678 τε
1647 638 1709 686 τὴν
1727 640 1946 680 ἀποστασίαν
1962 645 2022 688 τῆς
2042 645 2207 695 ΙΙερσαρ-
2260 638 2262 640 V

1156 699 1275 749 μενίας
1301 699 1560 751 βουλεύσαντας
1581 699 1773 751 γενεάρχας
1793 698 1946 744 ἐκδιδοὺς
1965 701 2047 750 ἡμῖν
2070 700 2207 754 ὑφέξον-

1155 773 1218 801 τας
1238 757 1378 806 ποινὰς,
1406 759 1441 796 ἐν
1458 763 1528 802 τοῖς
1547 759 1650 810 ὁρίοις
1668 773 1705 795 τε
1728 760 1789 805 τῆς
1807 759 1953 810 Περσῶν
1981 774 2018 796 τε
2037 759 2097 796 καὶ
2114 758 2209 798 Ῥω-

1157 815 1270 865 μαίων
1293 815 1663 870 ἀναρτηθησομένους·
1683 815 1795 860 διδοὺς
1824 816 1861 854 δὲ
1886 816 1946 855 καὶ
1970 816 2033 864 τὴν
2053 818 2207 856 ἐντεῦθεν

1157 875 1343 926 συμὸᾶσαν
1364 875 1491 926 ζημίαν
1507 874 1674 927 Πέρσαις.
1696 876 1740 914 Εἰ
1760 874 1796 912 δὲ
1813 875 1896 926 πρὸς
1912 879 2024 913 ταῦτα
2043 875 2207 920 ἐναντίως

1159 933 1270 986 ἔχεις,
1290 934 1421 987 πρᾶξαι
1439 934 1479 972 τὸ
1495 935 1605 987 φίλοις
1624 933 1773 986 πρέπον·
1790 938 1891 972 τοῦτο
1911 934 1947 972 δέ
1965 936 2037 972 ἐστι
2058 934 2203 987 ξυνδρα-

1161 999 1240 1043 μεῖν
1260 996 1295 1032 ἐν
1313 996 1383 1037 τοῖς
1403 993 1506 1045 ὁρίοις
1527 987 1623 1037 αὖθις
1641 992 1718 1036 τοὺς
1739 993 1902 1045 ἑκατέρας
1920 993 2092 1046 ἄρχοντας
2107 995 2206 1032 πολι-

1159 1051 1271 1099 τείας,
1289 1050 1333 1089 τὰ
1351 1054 1411 1099 τῆς
1429 1051 1585 1104 εἰρήνης,
1611 1054 1657 1095 ὡς
1679 1051 1719 1089 ἂν
1747 1052 1923 1099 δύναιντο,
1946 1051 2074 1102 μεταξυ
2096 1052 2203 1104 (τῶν)

1159 1110 1320 1157 ἀλληλων
1343 1111 1629 1160 διαθησομένους·
1654 1110 1706 1163 ἐφ’
1733 1114 1762 1163 ῳ
1791 1111 1827 1149 δὲ
1854 1110 1898 1149 τὰ
1923 1115 2067 1149 τοιαῦτα
2086 1112 2214 1164 προελ-

1157 1171 1238 1218 θεῖν,
1269 1169 1456 1221 ἀνακωχην
1481 1170 1639 1221 γενέσθαι
1668 1171 1811 1209 τινά.»
1849 1171 1930 1208 Ὡδε
1964 1170 2027 1219 μὲν
2057 1186 2115 1208 ουν
2143 1170 2205 1209 καὶ

1159 1232 1181 1276 ἡ
1203 1229 1360 1282 Χοσρόου
1375 1229 1499 1276 ἐδηλου
1517 1228 1706 1275 ἐπιστολή·
1724 1228 1898 1267 πλείστων
1913 1227 1948 1267 δὲ
1962 1231 2102 1281 ἡμερῶν
2114 1229 2206 1267 κατὰ

1160 1286 1224 1334 τὴν
1256 1287 1419 1340 βασιλίδα
1449 1286 1551 1325 πόλιν
1586 1286 1834 1338 διαγενομένων
1868 1289 1901 1325 ἐν
1933 1293 2011 1332 ταῖς
2043 1290 2078 1326 ἐν
2110 1287 2208 1341 μέσῳ

1162 1346 1356 1390 συνουσίαις
1375 1346 1537 1398 Τι’ὅερίου
1554 1350 1615 1384 τοῦ
1636 1346 1806 1398 βασιλέως
1825 1346 1885 1384 καὶ
1902 1347 2128 1398 Φερογδάθου
2147 1351 2207 1386 τοῦ

1163 1407 1310 1458 Περσῶν
1342 1405 1582 1457 πρεσὸευτοῧ,
1611 1404 1782 1458 γράφεται
1805 1405 1867 1455 μὲν
1888 1407 2047 1444 ἀπιοῦσιν
2070 1405 2126 1444 ἐπὶ
2145 1405 2207 1452 τὴν

1161 1464 1351 1516 πρεσὸείαν
1383 1464 1546 1517 Ζαχαρία
1573 1480 1610 1502 τε
1636 1465 1695 1502 καὶ
1721 1465 1895 1516 Θεοδώρῳ
1924 1471 1993 1507 τοῖς
2021 1465 2209 1516 πρέσὸεσιν

1159 1524 1375 1577 ἐνδιατρίψαι
1408 1523 1500 1562 κατὰ
1531 1522 1595 1569 τὴν
1627 1522 1699 1573 ἕω,
1728 1523 1788 1561 καὶ
1812 1523 1850 1562 οὔ
1863 1541 1893 1563 τι
1906 1525 2002 1575 μάλα
2025 1526 2058 1563 ἐν
2080 1525 2213 1576 σπουδῇ

1160 1582 1279 1621 θέσθαι
1308 1584 1466 1629 δηλῶσαι
1494 1585 1588 1635 σφῶν
1619 1583 1734 1620 αὐτῶν
1755 1582 1817 1628 τὴν
1846 1582 2040 1634 παρουσίαν
2071 1584 2208 1635 βασιλεῖ

1160 1645 1227 1680 τῶν
1245 1643 1408 1694 Περσῶν,
1424 1641 1505 1694 πρὶν
1520 1641 1542 1688 ἢ
1557 1643 1595 1679 ἐκ
1605 1644 1666 1688 τῆς
1681 1642 1858 1693 βασιλίδος
1872 1642 2011 1695 ἀφεθείη
2028 1641 2209 1695 Φερογδά-

1162 1705 1221 1748 θης
1246 1704 1264 1739 ὁ
1282 1703 1428 1754 Περσῶν
1450 1700 1680 1753 πρεσὸευτής.
1711 1701 1958 1752 Προελθόντων
1976 1701 2011 1739 δὲ
2030 1700 2090 1740 καὶ
2110 1716 2209 1739 κεκι-

1162 1759 1318 1811 νημένων
1337 1759 1430 1798 ἐσότι
1448 1760 1619 1799 πλείστων
1634 1759 1759 1811 λόγων,
1776 1759 1948 1810 ἐκπέμπει
1962 1759 2018 1798 τὸν
2031 1759 2211 1812 Φερογδά-

1164 1822 1225 1866 θην
1239 1822 1256 1856 ὃ
1270 1817 1430 1870 βασιλεὺς
1445 1818 1502 1856 ἐπὶ
1513 1818 1658 1869 τούτοις,
1675 1813 1723 1861 οἷς
1735 1818 1775 1865 δὴ
1790 1818 1850 1856 καὶ
1865 1819 1933 1871 πρὸ
1949 1823 2008 1857 τοῦ
2025 1818 2210 1871 ἐγεγράφει

1161 1877 1218 1915 διὰ
1247 1880 1313 1915 τῶν
1348 1876 1538 1926 ζΡωμαίων
1582 1877 1777 1929 πρέσὸεων.
1819 1877 2036 1929 Ἐκεχειρίαν
2070 1877 2104 1915 δὲ
2140 1875 2214 1915 οὔτι

1165 1935 1253 1989 ᾤετο
1286 1937 1355 1974 δεῖν
1387 1935 1444 1973 ἐπὶ
1477 1935 1647 1985 μήκιστον
1680 1935 1804 1988 χρόνον
1836 1937 2004 1974 ἐνδιδόναι
2037 1935 2212 1988 Πέρσαις·

1164 1997 1323 2047 ἀποχρῆν
1354 1995 1421 2046 γὰρ
1450 1994 1579 2048 ἔφασκε
1605 1996 1654 2047 τῷ
1677 1995 1878 2047 βουλομένῳ
1906 1994 1970 2041 τὴν
1991 1994 2130 2046 εἰρήνην
2148 1992 2210 2032 καὶ

1167 2053 1216 2104 μὴ
1249 2053 1307 2091 διὰ
1337 2057 1398 2100 τῆς
1417 2058 1477 2091 τοῦ
1496 2053 1624 2106 χρόνου
1648 2053 1804 2097 πλείονος
1832 2053 1968 2101 ἀπάτης
1991 2056 2214 2106 προμηθευο-

1159 2166 1227 2206 jam
1242 2166 1346 2197 hieme
1367 2166 1497 2197 ineunte
1512 2166 1673 2205 protectus
1689 2166 1768 2197 erat.
1788 2167 1816 2197 [s
1833 2166 1902 2197 erat
1914 2165 1963 2196 vir
1980 2167 2084 2204 Persa,
2102 2164 2156 2205 qui
2170 2164 2210 2196 ad

1161 2217 1245 2249 hanc
1274 2217 1463 2258 legationem
1493 2217 1553 2248 fuit
1569 2217 1712 2248 delectus
1723 2241 1732 2257 ‚
1750 2217 1880 2248 nomine
1895 2216 2123 2256 Pherogdates,
2140 2218 2172 2247 et
2194 2224 2214 2248 a

1158 2271 1328 2301 Persarum
1345 2277 1418 2308 rege
1435 2268 1476 2300 ad
1491 2268 1718 2308 imperatorem
1736 2268 1843 2300 literas
1856 2277 1920 2299 nou
1934 2268 2040 2299 minus
2054 2267 2214 2299 humanas

1158 2323 1190 2354 et
1202 2322 1361 2353 officiosas
1373 2321 1500 2353 detulit.
1519 2322 1578 2354 Hae
1600 2321 1646 2353 sic
1661 2330 1695 2353 se
1717 2321 1877 2352 habebant
1897 2333 1904 2352 :
1930 2332 1945 2347 «
1961 2319 2126 2361 Siquidem
2145 2329 2214 2352 rem

1155 2373 1275 2413 justam
1289 2374 1392 2405 facere
1403 2374 1518 2413 velles,
1532 2374 1707 2414 imperator
1721 2374 1940 2404 Romanorum
1950 2396 1959 2411 ,
1980 2373 2067 2403 recte
2081 2371 2214 2412 quidem

1158 2430 1190 2460 te
1206 2437 1349 2468 gereres,
1365 2428 1389 2459 si
1401 2427 1638 2459 Persarmenios
1651 2426 1844 2466 genearchas
1863 2424 2051 2456 desectionis
2068 2426 2215 2455 auctores

1159 2480 1251 2511 nobis
1265 2479 1409 2511 traderes
1420 2503 1428 2517 ,
1441 2479 1478 2510 nt
1493 2479 1621 2517 meritas
1634 2486 1745 2518 poenas
1758 2476 1836 2508 mihi
1850 2476 1984 2515 darent,
2003 2476 2080 2507 etin
2099 2475 2216 2506 tinibus

1164 2534 1332 2563 Persarum
1347 2532 1378 2563 et
1392 2533 1608 2563 Romanorum
1622 2528 1896 2570 suspenderentur
1907 2539 1916 2567 ;
1927 2529 1959 2559 et
1972 2528 1996 2558 si
2011 2527 2128 2559 damna
2142 2529 2214 2558 Per-

1159 2586 1201 2618 sis
1212 2586 1299 2618 illata
1315 2585 1516 2626 rependeres.
1532 2585 1563 2617 Si
1581 2585 1642 2616 ista
1655 2583 1815 2623 improbas
1826 2606 1834 2620 ,
1851 2581 1962 2613 amicis
1986 2581 2093 2612 officia
2109 2580 2215 2612 debita

1160 2646 1200 2669 ne
1228 2637 1375 2677 deneges.
1399 2638 1468 2668 Hoc
1493 2636 1622 2675 seceris,
1646 2636 1672 2667 si
1693 2634 1818 2667 dederis
1846 2642 1975 2674 operam
1992 2634 2030 2665 ut
2050 2633 2215 2673 utriusque

1161 2690 1206 2722 rei
1224 2690 1363 2731 publicae
1377 2689 1518 2731 primarii
1532 2689 1593 2720 viri
1610 2690 1641 2720 in
1653 2688 1800 2720 confiniis
1816 2687 2022 2725 conveniant,
2036 2687 2068 2717 et
2083 2694 2193 2726 pacem
2204 2709 2213 2725 ,

1160 2742 1185 2773 si
1204 2742 1271 2773 tieri
1287 2742 1397 2782 possit,
1413 2742 1497 2772 inter
1512 2743 1682 2780 utramque
1692 2741 1820 2779 gentem
1835 2739 1978 2770 statuant
1995 2739 2027 2769 et
2040 2737 2213 2769 stabiliant.

1160 2797 1239 2831 Quae
1256 2796 1292 2825 ut
1314 2793 1353 2824 ad
1369 2793 1492 2825 exitum
1511 2792 1738 2832 perducantur,
1764 2791 1891 2831 oportet
1908 2789 1982 2821 belli
2002 2789 2211 2821 intermissio-

1160 2854 1234 2877 nem
1247 2845 1323 2876 fieri„
1336 2858 1351 2872 »
1364 2845 1468 2884 Atque
1478 2845 1549 2875 haec
1556 2843 1688 2884 epistola
1696 2842 1845 2874 Chosrois
1855 2840 2112 2872 continebantur.
2128 2841 2212 2871 Dum

1164 2897 1393 2938 Pherogdates,
1420 2899 1591 2928 Persarum
1615 2896 1696 2935 regis
1715 2895 1855 2936 legatus,
1878 2894 1910 2925 in
1936 2893 2020 2934 regia
2045 2893 2125 2925 urbe
2140 2901 2213 2924 cum

1161 2950 1286 2981 Tiberio
1300 2950 1491 2989 imperatore
1506 2949 1616 2988 plures
1629 2947 1697 2979 dies
1711 2947 1880 2986 transigit,
1894 2946 2056 2978 Zachariae
2066 2947 2098 2976 et
2112 2945 2214 2976 Theo-

1161 3001 1259 3041 doro,
1278 3001 1331 3041 qui
1352 3001 1383 3032 in
1405 3000 1592 3040 legationem
1612 2998 1747 3039 profecti
1762 2999 1871 3037 erant,
1897 3006 1953 3038 per
1972 2998 2080 3028 literas
2093 2996 2212 3035 signiti-

1162 3054 1264 3090 catur,
1279 3054 1315 3083 ut
1329 3052 1361 3083 in
1372 3052 1501 3083 Oriente
1513 3051 1704 3091 subsistant,
1715 3059 1821 3090 neque
1836 3058 1931 3082 suum
1947 3048 2121 3080 adventum
2140 3050 2212 3079 Per-

1161 3112 1268 3134 sarum
1297 3103 1362 3142 regi
1390 3102 1530 3134 indicare
1558 3102 1726 3141 festinent,
1757 3102 1942 3142 priusquam
1970 3109 1989 3131 a
2015 3098 2099 3139 regia
2133 3098 2212 3129 urbe

1164 3154 1374 3193 Plierogdates
1394 3154 1435 3186 sit
1451 3154 1610 3186 dimissus
1636 3153 1777 3186 Tandem
1795 3153 1967 3192 imperator
1994 3149 2211 3188 Pherogdaten

1162 3206 1310 3245 dimittit,
1335 3214 1436 3245 quum
1458 3206 1577 3236 multos
1601 3214 1674 3236 cum
1711 3205 1766 3236 illo
1790 3203 1952 3235 habuisset
1984 3209 2145 3233 sermones
2171 3199 2212 3231 de

1162 3258 1211 3289 his
1234 3266 1307 3297 quae
1323 3257 1411 3297 prius
1426 3257 1468 3288 ad
1491 3259 1710 3288 Romanorum
1728 3256 1847 3295 legatos
1862 3254 2043 3290 scripserat.
2063 3250 2211 3282 inducias

1162 3309 1194 3340 in
1210 3308 1429 3348 longissimum
1447 3309 1576 3348 tempus
1585 3308 1687 3340 Persis
1703 3306 1923 3339 concedendas
1945 3312 2011 3336 esse
2030 3311 2093 3333 non
2116 3303 2210 3341 puta-

1163 3366 1227 3397 bat.
1246 3365 1398 3397 sufficere
1413 3365 1497 3397 enim
1511 3365 1650 3396 duorum
1672 3366 1727 3396 aut
1740 3364 1839 3395 trium
1857 3360 2013 3393 mensium
2030 3357 2167 3398 spatium
2182 3357 2210 3387 ei

1165 3419 1219 3458 qui
1233 3418 1318 3449 bona
1335 3418 1396 3449 tide
1411 3426 1522 3458 pacem
1535 3418 1616 3450 tueri
1628 3417 1834 3455 instituisset,
1861 3421 1965 3453 neque
1984 3419 2039 3452 per
2066 3408 2208 3442 fraudem
