2372 3704
141 254 216 286 (318

137 335 250 385 μαίων
270 334 524 388 παρειληφότος
548 333 677 387 ἀρχὴν,
699 334 865 388 Ῥεκίμερ
886 339 1025 388 ἡμερῶν
1052 336 1134 375 εἴσω
1148 338 1181 375 λ’

135 393 303 432 καταλύει
320 392 377 431 τὸν
396 393 488 445 βίον,
507 391 654 442 αἵματος
669 395 762 447 αὐτῷ
780 394 944 433 πλείστου
958 394 1182 445 ἐξεμεθέντος.

136 452 319 504 Ὀλύὸριος
337 450 372 490 δὲ
395 451 484 502 μετὰ
504 455 622 490 τοῦτον
646 452 688 503 ιγ’
716 452 823 503 μόνας
854 453 1008 496 {mereim
1026 453 1182 506 ἡμέρας,

136 510 248 565 ὑδέρῳ
268 511 448 563 συσχεθεὶς
467 511 700 561 μεταλλάττει
727 517 797 555 τοῖς
811 513 1013 564 βασιλεῦσιν
1035 513 1184 564 [ἐν]αρι-

135 569 278 620 θμηθεὶς
291 572 339 613 εἷς
356 573 466 620 μῆνας
478 569 525 615 ἕξ.
543 569 620 616 Τὴν
632 569 667 608 δὲ
681 574 740 608 τοῦ
756 570 956 622 Ῥεκίμερος
973 570 1183 609 ὑπεισελθὼν

136 629 422 677 Γουνδουὸάλης,
443 628 582 681 ἀνεψιὸς
605 627 651 667 ὢν
673 630 798 677 αὐτοῦ,
819 629 1023 682 Γλυκέριον,
1046 629 1108 675 τὴν
1124 633 1184 667 τοῦ

137 688 303 738 Κόμητος
317 690 384 725 τῶν
405 687 620 737 δομεστίκων
641 687 738 732 ἀξίαν
760 687 908 739 ἔχοντα,
927 688 982 726 ἐπὶ
998 687 1060 734 τὴν
1080 691 1184 740 βασι-

134 747 231 785 λείαν
242 749 330 798 ἄγει.
345 745 450 791 Γνοὺς
465 746 499 784 δὲ
511 747 608 785 Λέων
625 748 641 784 6
655 749 722 784 τῶν
735 745 860 799 εΕῴων
874 746 1035 798 βασιλεὺς
1048 747 1111 793 τὴν
1125 749 1184 784 τοῦ

136 805 327 857 Γλυκερίου
347 805 587 857 ἀναγόρευσιν,
610 805 852 857 ἐπιστρατεύει
870 809 949 843 κατ’
971 806 1076 842 αὐτοῦ
1089 834 1098 850 ,
1117 804 1185 842 Νέ-

135 880 237 902 πωτα
259 864 454 916 στρατηγὸν
483 862 678 907 ἀποδείξας.
711 863 779 908 ΔΟς
810 864 930 910 ἐπειδὴ
959 863 1020 910 τὴν
1040 863 1185 913 Ῥώμην

135 922 343 973 κατέλαὸεν,
362 921 494 974 ἀμαχεὶ
511 921 569 959 τὸν
591 921 778 974 Γλυκέριον
795 921 1028 974 ἐχειρώσατο,
1042 922 1103 959 καὶ
1116 925 1184 960 τῶν

137 981 324 1033 βασιλείων
352 980 481 1025 ἐξώσας
501 980 688 1018 ἐπίσκοπον
722 976 886 1024 Σάλωνος
905 981 1184 1033 προχειρίζεται,

133 1040 169 1087 η’
189 1043 302 1091 μῆνας
322 1039 582 1092 ἐντρυφήσαντα
598 1042 642 1091 τῇ
658 1040 765 1091 ἀρχῇ.
787 1038 899 1083 Εὐθὺς
911 1043 994 1091 γοῦν
1018 1042 1036 1078 6
1056 1039 1186 1084 Νέπως

136 1098 296 1150 βασιλεὺς
312 1097 542 1150 ἀναδειχθεὶς,
560 1092 647 1150 ῆρχε
674 1100 734 1144 τῆς
751 1097 906 1150 Ῥώμης.

618 1206 709 1231 210.

566 1280 749 1319 ΖΕΝΩΝ.

187 1358 287 1394 Ibid.
310 1372 350 1407 p.
373 1371 421 1406 79
438 1371 446 1394 t
465 1355 622 1396 “Οτιέπὶ
641 1355 803 1403 Ζήνωνος
819 1359 880 1395 τοῦ
905 1355 1078 1408 βασιλέως
1092 1358 1186 1395 Θευ-

135 1416 269 1468 δέριχος
288 1418 306 1453 6
322 1416 489 1468 Τριαρίου
501 1448 510 1463 ,
525 1417 587 1462 τὴν
608 1417 824 1468 στρατηγίδα
847 1417 916 1453 τῶν
933 1413 1099 1468 Θρᾳκίων
1117 1415 1184 1454 διέ-

135 1491 225 1522 πων,
241 1474 449 1525 Ἥράκλειον
465 1474 522 1512 τὸν
543 1473 695 1527 Φλώρου
715 1474 799 1527 πρὸς
818 1473 856 1512 τὸ
874 1474 1097 1526 Χερρονήσου
1111 1480 1185 1513 τεῖ-

135 1549 196 1586 χος
216 1535 366 1584 ἀνεῖλεν,
388 1533 447 1572 καὶ
475 1536 537 1580 τῆς
554 1533 638 1586 πρὸς
653 1533 852 1583 Ῥωμαίους
880 1535 1037 1579 ὑπακοῆς
1070 1549 1184 1572 κατα-

135 1592 329 1644 φρονήσας,
351 1593 514 1644 ἐμφανῶς
547 1593 595 1634 εἶς
613 1591 764 1641 πόλεμον
793 1590 972 1644 ὥρμησεν.
995 1592 1184 1639 Βοηθήσων

135 1651 250 1690 τοίνυν
270 1657 339 1695 τοῖς
354 1652 464 1689 ἐκεῖσε
480 1653 498 1688 6
515 1650 649 1694 Ἰλλοῦς
669 1651 808 1694 σταλεὶς
828 1650 895 1688 ὑπὸ
910 1650 1081 1697 Ζήνωνος,
1098 1653 1183 1690 πολ-

134 1710 200 1758 λὴν
229 1710 398 1764 ὠφέλειαν
425 1708 638 1754 ἐπεδείξατο.
671 1709 891 1761 Ἀναμιχθεὶς
916 1709 951 1747 δὲ
984 1709 1185 1764 Βασιλίσκῳ

134 1768 195 1807 καὶ
215 1768 462 1822 συνδιατρίψας
484 1770 578 1820 αὐτῷ
592 1798 603 1818 ,
622 1767 783 1806 κοινωνὸν
805 1770 865 1814 τῆς
879 1767 972 1806 κατὰ
993 1772 1052 1806 τοῦ
1075 1772 1185 1821 βασι-

134 1827 221 1871 λέως
255 1829 405 1866 ποιεῖται
428 1828 566 1879 βουλῆς.
590 1827 662 1866 Καὶ
682 1826 803 1873 δήκαὶ
826 1826 1012 1878 Ἁρμάτιον
1032 1843 1184 1881 προστε-

135 1891 238 1934 θῆναι
257 1887 371 1930 αὐτοῖς
387 1886 630 1938 ὑποσχομένου
651 1885 884 1936 Βασιλίσκου,
903 1886 1098 1938 γράμματα
1115 1889 1184 1926 λα-

137 1945 208 1983 &cuv
226 1949 243 1984 6
261 1945 391 1988 Ἰλλοῦς
410 1945 493 1997 πρὸς
509 1945 567 1983 τὸν
580 1944 778 1997 Ἁρμάτιον,
798 1947 829 1988 ἐς
840 1944 902 1991 τὴν
918 1945 1183 1984 Κωνσταντίνου

134 2006 234 2042 πόλιν
255 2007 440 2051 ἐπανῆκεν.
464 2003 506 2043 Ὁ
527 2002 562 2041 δὲ
583 2004 708 2042 αὐτίκα
730 2005 901 2054 εἰσηγεῖτο
921 2003 1054 2056 Βηρίνῃ
1077 2005 1184 2058 ἄνδρα

134 2061 360 2114 ποιησαμένῃ
381 2062 588 2115 Πατρίκιον,
607 2062 665 2100 τὸν
696 2062 764 2100 ἀπὸ
781 2065 842 2108 τῆς
871 2065 983 2114 ἀρχῆς
998 2067 1058 2100 τοῦ
1079 2064 1184 2115 μαγί-

136 2137 242 2175 στρου
257 2153 268 2173 ,
296 2124 358 2169 τῆς
381 2122 632 2174 αὐτοκράτορος
654 2121 883 2159 ἐπιλαὸέσθαι
902 2121 1076 2174 ἐξουσίας,
1097 2124 1185 2174 μηδὲ

134 2181 242 2234 ἑτέρῳ
251 2182 381 2228 ταύτην
398 2185 593 2234 προεῖσθαι.
607 2179 697 2220 ἽΙδε
713 2180 772 2219 καὶ
789 2179 822 2226 ἐξ
842 2183 946 2228 αὐτῆς
961 2181 1083 2221 τούτου
1100 2185 1186 2231 ἐφιε-

135 2240 222 2291 μένη
249 2241 360 2294 ῥᾷστά
377 2257 414 2278 τε
445 2240 602 2279 ἐπέκλινε
622 2241 707 2293 πρὸς
737 2240 780 2278 τὰ
810 2241 998 2292 εἰρημένα,
1035 2241 1095 2280 καὶ
1122 2241 1184 2290 τὴν

134 2299 276 2351 πρώτην
297 2303 358 2346 τῆς
373 2299 607 2351 ἱπποδρομίας
628 2299 707 2338 θέαν
721 2303 780 2337 τοῦ
800 2300 958 2346 Ζήνωνος
978 2303 1184 2339 συντελοῦν-

135 2374 190 2401 τος
203 2388 212 2404 ,
231 2357 367 2396 στέλλει
385 2357 462 2396 τινὰ
478 2359 563 2409 πρὸς
590 2358 706 2406 αὐτὸν,
724 2358 821 2405 ἥκειν
839 2362 963 2397 θᾶττον
984 2359 1086 2398 αὐτὸν
1107 2376 1185 2399 πα·-

931 247 952 285 J
957 246 1096 286 OANN
1100 247 1145 287 IS
1174 247 1491 289 ANTIOCHENI

1867 338 1882 347 ω

1246 335 1354 383 αὐτὴν
1369 336 1524 387 ἐγένετο,
1540 336 1604 390 ἔφη
1625 337 1769 389 ταχεῖαν
1785 338 1897 381 αὐτοις
1919 339 1987 376 δεῖν
2009 338 2133 390 φυγὴν,
2152 339 2173 387 ἢ
2192 341 2288 391 γενέ-

1247 397 1327 432 σθαι
1346 394 1412 432 ὑπὸ
1430 400 1500 438 τοῖς
1520 398 1736 448 ἀναιροῦσιν·
1757 395 1919 435 ἁπάντων
1936 396 2003 449 γὰρ
2024 399 2070 441 εἷς
2087 402 2186 436 τοῦτο
2207 414 2289 436 συν-

1249 453 1452 499 εληλυθέναι
1468 452 1530 500 τὴν
1551 454 1706 504 γνώμην.
1744 454 1789 494 ‘O
1819 454 1881 505 μὲν
1903 449 1960 494 οὐν
1979 455 2100 503 Ζήνων
2121 458 2167 500 εἷς
2195 456 2290 495 οὐδὲν

1247 511 1546 561 ἀναὸαλλόμενος,
1570 513 1648 563 [ὡς]
1683 512 1831 559 ἤκουσεν
1857 515 1902 557 ὡς
1934 513 2009 551 δέον
2048 514 2171 558 αὐτοὺς
2204 516 2287 552 ἀπο·

1247 570 1384 622 δρᾶναι,
1402 570 1535 622 νύκτωρ
1557 571 1632 622 ἅμα
1649 575 1692 621 τῆ
1710 575 1846 624 γαμετῇ
1862 572 2023 624 Ἀριάδνῃ
2041 573 2101 611 καὶ
2117 576 2160 623 τῇ
2187 574 2292 611 αὐτοῦ

1248 628 1355 679 μητρὶ
1371 628 1523 666 Λαλλίδι
1542 628 1727 667 ἀναλαόὼν
1745 629 1862 668 πάντα
1882 629 1995 669 ὁπόσα
2014 632 2083 676 τοῖς
2105 631 2292 684 βασιλείοις

1247 685 1415 735 κειμήλια
1432 680 1472 733 ῆν
1490 686 1524 724 ἔν
1538 702 1574 724 τε
1590 688 1708 734 ἐσθῆτι
1722 687 1842 739 καὶτῷ
1855 687 1952 741 ἄλλῳ
1963 687 2085 741 κόσμῳ
2095 689 2220 741 ,ἐνάτῃ
2233 693 2294 736 τῆς

1248 742 1415 787 ὑπατείας
1431 744 1562 798 ἡμέρα,
1580 745 1784 797 περαιωθεὶς
1795 745 1887 784 κατὰ
1902 747 2114 794 Χαλκηδόνα
2131 747 2192 785 σὺν
2206 749 2292 785 πολ-

1247 803 1317 846 λοῖς
1330 804 1398 840 τῶν
1411 802 1579 856 Ἰσαύρων
1593 802 1717 856 ᾤχετο,
1728 805 1883 855 ἡμιόνοις
1897 805 1956 844 καὶ
1967 804 2087 850 ἵπποις
2100 805 2293 859 χρώμενος.

1730 895 1821 921 211.

1301 951 1402 990 Ibid.
1423 965 1463 1000 p.
1492 951 1540 988 80
1559 964 1568 990 ζ
1587 949 1675 990 “Ort
1703 951 1793 1001 μετὰ
1825 950 1887 998 τὴν
1920 952 2087 990 ἐπάνοδον
2119 952 2296 1002 Ζήνωνος,

1248 1008 1464 1060 φωραθέντες
1492 1008 1580 1054 τινὲς
1608 1009 1665 1047 ἐπὶ
1689 1009 1860 1062 προφάσει
1879 1011 2077 1063 τυραννίδος
2099 1012 2294 1051 ἀπώλοντο.

1252 1066 1365 1106 Οὔπω
1396 1067 1431 1105 δὲ
1460 1072 1521 1106 τοῦ
1550 1070 1689 1120 πρώτου
1724 1068 1966 1120 διαγενομένου
1987 1071 2143 1109 ἐνιαυτοῦ
2174 1072 2213 1108 ἐκ
2235 1073 2297 1116 τῆς

1248 1125 1416 1164 ἐπανόδου
1432 1125 1608 1174 Ζήνωνος,
1630 1130 1754 1179 μικροῦ
1773 1128 1859 1180 πρὸς
1884 1127 2051 1181 διαφορὰν
2067 1128 2204 1176 ἤλασαν
2221 1128 2296 1167 Ἰλ-

1247 1185 1327 1228 λοῦς
1341 1200 1378 1222 τε
1398 1185 1457 1223 καὶ
1475 1184 1576 1229 αὐτὸς
1587 1217 1596 1232 ,
1611 1187 1650 1224 ἐκ
1663 1189 1723 1224 τοῦ
1743 1189 1958 1237 κρατηθῆναι
1986 1188 2146 1237 Παῦλον,
2163 1186 2220 1225 τὸν
2235 1190 2296 1224 τοῦ

1251 1243 1423 1294 βασιλέως
1439 1245 1590 1292 οἰκέτην,
1607 1244 1794 1297 πρόκωπον
1815 1245 1941 1297 ἔχοντα
1958 1244 2049 1298 ξίφος
2077 1247 2124 1290 εἷς
2154 1244 2296 1284 ἐπιὸου-

1248 1301 1309 1348 λὴν
1327 1302 1458 1341 Ἰλλοῦ.
1477 1302 1582 1341 Ἀλλὰ
1599 1305 1675 1341 τότε
1691 1303 1754 1354 μὲν
1773 1306 1790 1341 ὁ
1809 1304 1931 1350 Ζήνων
1953 1304 2163 1356 ἐθεράπευσε
2173 1303 2212 1342 τὸ
2228 1305 2296 1342 δει-

1247 1361 1315 1407 νὸν,
1334 1360 1452 1405 ἐκδοὺς
1466 1363 1513 1403 εἷς
1525 1362 1694 1414 τιμωρίαν
1711 1362 1770 1400 τὸν
1782 1363 1905 1401 παῖδα.
1917 1365 1950 1401 T
1952 1365 1980 1414 ῷ
1998 1362 2033 1400 δὲ
2043 1363 2171 1401 ἐπιόντι
2183 1364 2296 1400 ἐνιαυ-

1248 1423 1296 1471 τῷ
1311 1421 1404 1470 (478),
1426 1421 1558 1459 ὑπάτου
1578 1420 1641 1472 μὲν
1662 1421 1955 1472 ἀποδεδειγμένου
1983 1422 2115 1468 Ἰλλοῦ,
2137 1422 2196 1460 καὶ
2214 1422 2298 1474 πρὸς

1247 1478 1308 1525 τὴν
1325 1479 1560 1528 ἐπανόρθωσιν
1592 1483 1654 1527 τῆς
1689 1482 1873 1531 βασιλικῆς
1896 1480 2148 1523 ἐσπουδακότος
2169 1487 2272 1524 στοᾶς
2285 1511 2295 1530 ,

1248 1537 1349 1590 ἑτέρα
1372 1554 1422 1581 τις
1435 1541 1513 1575 κατ’
1534 1539 1637 1576 αὐτοῦ
1655 1538 1787 1588 γίνεται
1807 1538 1995 1586 ἐπιδουλὴ,
2017 1538 2050 1583 ἐξ
2081 1538 2194 1582 αἰτίας
2219 1554 2294 1576 τοι-

1248 1598 1344 1635 ᾶσδε.
1365 1596 1548 1649 Βάρὸαρός
1565 1613 1615 1641 τις
1636 1597 1775 1641 Ἀλανὸς
1792 1597 1830 1635 τὸ
1844 1597 1949 1649 γένος,
1967 1596 2059 1635 κατὰ
2073 1596 2136 1644 τὴν
2149 1601 2207 1636 τοῦ
2224 1613 2294 1647 μα-

1246 1655 1387 1708 γίστρου
1407 1654 1539 1707 σχολὴν
1557 1655 1709 1694 ἐπελθὼν
1730 1658 1779 1708 τῷ
1801 1656 1911 1695 Ἰλλοῦ
1931 1656 2074 1708 ξιφήρης
2091 1655 2296 1708 συνέχεται,

1251 1713 1312 1751 καὶ
1346 1714 1510 1764 βασάνοις
1545 1713 1745 1761 ὑποπεσὼν,
1779 1714 1812 1758 ἐξ
1849 1715 2024 1760 ὑποθήκης
2052 1714 2234 1754 Ἰἶπινίκου
2258 1714 2298 1752 τὸ

1246 1772 1402 1825 πραχθὲν
1419 1772 1656 1823 ὡμολόγησεν.
1673 1767 1786 1817 Οῦτος
1803 1773 1838 1811 δὲ
1858 1768 1899 1820 ῆν
1917 1773 2013 1824 γένος
2033 1772 2095 1823 μὲν
2115 1772 2214 1825 Φρὺξ
2227 1803 2237 1820 ,
2261 1776 2296 1812 ἐν

1250 1831 1285 1868 δὲ
1303 1837 1371 1875 τοῖς
1387 1830 1430 1869 τὰ
1442 1831 1644 1882 συμὸόλαια
1662 1833 1799 1870 τελοῦσι
1817 1832 2026 1883 τεταγμένος
2037 1861 2047 1879 ,
2063 1831 2244 1885 Οὐρὸικίῳ
2259 1832 2295 1870 δὲ

1246 1892 1295 1943 τῷ
1311 1892 1379 1928 τῶν
1391 1890 1490 1929 θείων
1506 1891 1621 1928 αὐλῶν
1633 1891 1806 1943 προκοίτῳ
1818 1890 1856 1929 ἔκ
1866 1906 1957 1934 τινος
1973 1890 2195 1943 περιπετείας
2206 1907 2295 1943 γνω-

1248 1949 1390 2001 ρισθεὶς,
1407 1949 1468 1988 καὶ
1485 1948 1546 1996 τὴν
1564 1949 1649 1997 ὅλην
1666 1952 1760 2002 αὐτῷ
1786 1949 1987 2002 περιουσίαν
2007 1949 2209 2002 διῳκηκὼς,
2237 1950 2296 1988 καὶ

1246 2007 1332 2060 πρός
1341 2023 1380 2059 γε
1391 2011 1433 2059 τῇ
1446 2007 1576 2060 Βηρίνῃ
1586 2007 1802 2061 ᾦκειωμένος
1813 2007 1870 2046 ἐπὶ
1881 2007 1942 2055 τὴν
1951 2009 2020 2046 τῶν
2033 2007 2213 2060 πριὸάτων
2223 2007 2299 2046 ἀνέ-

1247 2067 1382 2121 δραμεν
1398 2068 1528 2121 ἀρχὴν,
1545 2067 1673 2106 ἐκεῖθέν
1688 2083 1724 2106 τε
1741 2067 1800 2106 καὶ
1812 2069 1880 2106 τῶν
1896 2066 2081 2119 βασιλείων
2096 2069 2295 2118 θησαυρῶν,

1247 2127 1308 2165 καὶ
1327 2126 1414 2179 πρὸς
1431 2126 1488 2165 τὸν
1503 2126 1660 2180 ὕπαρχον
1680 2126 1787 2173 ἀνέὸη
1806 2126 1936 2179 θρόνον.
1952 2119 2006 2164 Οῦ
2024 2125 2066 2172 δὴ
2085 2124 2297 2177 διελεγχθέν-

1247 2201 1321 2233 τος,
1336 2189 1354 2224 6
1370 2186 1518 2233 Ἰλλοῦς,
1533 2188 1579 2230 ὡς
1593 2181 1635 2233 ἦν
1652 2185 1736 2237 πρὸς
1751 2184 1789 2223 τὸ
1805 2184 2020 2236 θησαυρίζειν
2037 2182 2098 2227 τὰς
2109 2182 2212 2235 ὀργὰς
2224 2185 2300 2222 ’ἐπι-

1247 2244 1401 2293 τήδειος,
1417 2244 1477 2283 καὶ
1491 2248 1593 2283 τοῦτο
1608 2245 1791 2298 διαφῆκεν,
1806 2242 1883 2281 οὐδὲ
1897 2243 1955 2281 τὸν
1967 2242 2094 2281 ἁλόντα
2108 2242 2298 2293 κρατήσας.

1300 2317 1328 2342 2.
1358 2303 1447 2343 Τότε
1467 2305 1529 2354 μὲν
1549 2298 1606 2342 οῦν
1623 2306 1641 2342 6
1655 2303 1779 2350 Ζήνων
1793 2302 1850 2340 τὸν
1866 2301 2043 2342 Ἐπίνικον
2059 2301 2092 2346 ἐξ
2107 2303 2213 2339 αὐτοῦ
2230 2317 2292 2339 κα-

1248 2361 1356 2400 θελὼν
1379 2366 1439 2401 τοῦ
1465 2362 1600 2415 θρόνου,
1635 2362 1694 2401 καὶ
1715 2365 1775 2409 τῆς
1789 2360 1906 2404 οὐσίας
1925 2360 1984 2398 καὶ
2010 2362 2071 2405 τῆς
2094 2359 2192 2404 ἀξίας
2211 2359 2294 2411 ἐγύ-

137 2416 442 2469 ρακελευσαμένη.
460 2416 526 2459 (Ως
542 2416 577 2454 δὲ
597 2417 800 2455 καταλιπὼν
813 2417 953 2456 ἅπαντα
962 2418 1084 2466 Ζήνων
1100 2419 1184 2472 πρὸς
1248 2436 1364 2470 μνωσε
1379 2451 1390 2472 ,
1413 2424 1625 2473 θεραπεῦσαι
1643 2420 1701 2458 τὸν
1730 2419 1862 2459 Ἰλλοῦν
1884 2419 2129 2466 ἐσπουδακὼς,
2149 2418 2210 2456 καὶ
2238 2418 2298 2457 τὸν

2276 2495 2293 2505 -τ

134 2548 175 2555 -
198 2528 217 2569 §
240 2533 270 2560 2.
293 2528 403 2565 ἀξίαν
429 2528 594 2569 ἔχοντα]
622 2530 711 2565 ἀξίως
737 2529 783 2570 ἔχ.
810 2530 880 2562 cod.
907 2549 949 2553 —
972 2531 1186 2572 βασιλείων
1212 2532 1374 2574 ἐξώσας]
1406 2535 1550 2565 Cramer.
1586 2532 1779 2573 βασιεξωσας
1802 2530 1875 2562 eod.
1903 2531 1950 2562 Cs.
1977 2530 2159 2562 Tillemont.
2174 2538 2206 2569 p.
2224 2531 2295 2561 425.

176 2579 230 2608 Fr.
255 2580 327 2607 210.
351 2575 580 2616 Ἡράκλειον
607 2576 779 2617 ἀνεῖλεν]
806 2578 945 2616 Captum
972 2588 990 2610 a
1007 2579 1227 2611 Theoderielio
1256 2580 1458 2618 Heraclium,
1479 2578 1594 2610 deinde
1611 2588 1630 2610 a
1646 2581 1773 2610 Zenone
1790 2577 2009 2618 redemptum,
2029 2576 2084 2608 sed
2102 2576 2133 2607 in
2156 2575 2259 2607 reditu
2279 2583 2298 2607 a

135 2623 251 2654 Gothis
264 2622 425 2653 nonnullis
442 2622 648 2654 intersectum
663 2632 730 2655 esse
743 2624 841 2655 tradit
855 2625 1000 2657 Malchus
1018 2627 1055 2657 tr.
1076 2631 1105 2658 5.
1129 2629 1269 2659 Joannes
1283 2636 1379 2667 quem
1393 2628 1559 2658 auctorem
1577 2627 1607 2656 in
1621 2625 1759 2658 zenonis
1775 2625 1907 2656 historia
1919 2625 2050 2656 secutus
2063 2623 2104 2654 sit
2117 2622 2222 2655 dicere
2233 2630 2296 2654 non

135 2670 249 2702 babeo.
267 2671 313 2701 De
329 2670 476 2701 isauricis
490 2669 624 2701 Candidi
638 2671 789 2710 cogitavit
802 2673 985 2704 Cramerus.
1003 2675 1154 2705 ceterum
1169 2675 1238 2705 hanc
1251 2674 1291 2706 de
1303 2677 1430 2706 Zenone
1443 2674 1621 2714 fragmenta
1635 2673 1666 2704 in
1681 2674 1770 2704 tanta
1786 2671 1984 2712 reliquorum
1997 2670 2127 2702 testium
2141 2670 2299 2702 tenuitate

135 2716 267 2748 maximi
287 2719 361 2748 sunt
373 2717 538 2748 momenti.
552 2734 594 2740 ——
608 2718 812 2759 Θευδέριχος]
828 2721 1021 2760 Θεοδώριχος
1036 2721 1106 2752 cod.
1122 2742 1162 2747 -
1188 2723 1205 2752 ὁ
1222 2721 1247 2753 'l
1258 2720 1391 2761 λλοῠς]
1408 2721 1500 2752 lllum
1521 2721 1553 2752 in
1569 2721 1630 2752 hoc
1643 2719 1769 2760 negotio
1786 2719 2020 2751 commemorat
2033 2717 2132 2750 etiam
2149 2716 2299 2758 Agathias

136 2773 166 2804 p.
184 2766 261 2803 270,
290 2766 325 2795 14
339 2763 389 2794 ed.
408 2765 509 2795 Bonn.
530 2765 575 2795 De
595 2773 629 2796 re
648 2764 690 2796 cs.
711 2765 846 2797 Candidi
861 2766 902 2797 fr.
917 2775 949 2806 p.
971 2771 1038 2799 136.

178 2813 229 2843 Fr.
250 2814 319 2842 211.
338 2811 515 2852 Παῦλον]
530 2814 592 2843 Has
608 2812 736 2844 insidias
749 2821 767 2843 a
779 2815 904 2844 Zenone
920 2815 1059 2846 structas
1075 2814 1184 2854 paucis
1198 2817 1356 2846 memorat
1370 2814 1554 2846 Eustatliius
1570 2814 1724 2855 Epiplian.
1744 2814 1781 2845 fr.
1797 2814 1830 2853 4,
1848 2821 1916 2853 pag.
1939 2814 2009 2850 140,
2026 2820 2076 2852 ap.
2096 2814 2213 2851 Euagr.
2230 2812 2275 2842 ΙΙΙ
2287 2833 2296 2849 ,

136 2861 187 2890 27.
203 2857 318 2890 Fusius
331 2857 371 2888 de
385 2857 421 2888 iis
434 2859 542 2889 narrat
554 2858 765 2899 Theophanes
791 2868 822 2899 p.
852 2862 905 2891 197
931 2859 982 2891 ed.
1008 2861 1097 2891 Bonn
1109 2885 1117 2899 ,
1135 2860 1188 2891 ubi
1211 2861 1350 2893 Ariadna
1372 2861 1573 2901 imperatrice
1593 2861 1762 2900 instigante
1784 2862 1869 2891 Zeno
1885 2858 2047 2890 Urbicium
2065 2858 2212 2889 hortatus
2227 2866 2295 2888 esse

135 2906 299 2943 narratur,
317 2906 353 2935 ut
366 2904 514 2935 sicarium
542 2905 602 2936 lllo
616 2906 816 2938 immitteret.
846 2906 1012 2938 Urbicium
1027 2915 1094 2938 rem
1110 2907 1319 2940 demandasse
1342 2908 1490 2948 Spanicio
1505 2907 1633 2939 cuidam
1645 2931 1654 2945 ,
1669 2907 1723 2947 qui
1737 2907 1768 2937 in
1783 2906 1868 2937 circo
1885 2905 1978 2936 illum
2007 2913 2171 2943 aggressus
2184 2913 2294 2935 aurem

135 2953 163 2983 ei
181 2951 378 2992 praeciderit,
394 2953 536 2982 ceterum
550 2961 627 2983 auso
642 2953 807 2984 exciderit.
825 2954 870 2985 Cf.
890 2954 1082 2992 Tillemont,
1099 2962 1131 2994 p.
1148 2959 1225 2993 510,
1241 2956 1295 2994 qui
1309 2964 1377 2987 rem
1392 2955 1489 2986 refert
1507 2954 1547 2986 ad
1564 2963 1615 2985 an.
1632 2955 1687 2985 481
1704 2977 1713 2991 ,
1728 2961 1827 2992 quum
1845 2960 1886 2982 ex
1909 2955 2017 2982 nostro
2030 2951 2100 2982 loco
2116 2952 2222 2990 pateat
2239 2959 2296 2990 po-

135 2998 274 3030 nendam
288 3007 355 3030 esse
370 2999 444 3029 ante
454 2999 657 3031 consulatum
675 3000 719 3030 llli
736 3001 816 3039 (478
829 3002 851 3039 ).
863 3020 902 3025 -
917 3001 989 3033 ἐσπ
998 3013 1014 3033 ο
1023 3013 1040 3032 υ
1049 3002 1120 3033 δακ
1129 3002 1234 3044 ότος]
1254 3002 1462 3034 ἐσπουδακότι
1474 3002 1545 3033 cod.
1558 3020 1599 3028 —
1615 3001 1684 3042 βάρ
1693 3001 1721 3032 6.
1741 3012 1796 3036 τις
1814 3000 1839 3031 Ἀ
1851 3000 1868 3030 λ
1877 3010 1896 3030 α
1905 3001 1944 3030 νὸ
1953 2998 1988 3039 ς]
2005 3001 2049 3030 De
2064 2998 2112 3030 his
2126 2997 2245 3030 insidiis
2255 2999 2297 3028 cf.

136 3045 300 3078 Candidus
314 3045 335 3076 l.
351 3046 371 3077 l.
398 3045 653 3087 -Ἐπίνικος]
666 3049 711 3078 De
727 3047 787 3078 hoc
800 3048 931 3088 Epinico
949 3048 1063 3081 suidas
1077 3050 1134 3086 (ex
1150 3050 1286 3089 Malcho,
1299 3053 1336 3082 ut
1354 3051 1500 3088 videtur)
1516 3059 1523 3081 ε
1541 3049 1751 3086 Ἐπίνικος,
1765 3048 1902 3087 ὕπαρχος
1921 3051 1973 3084 τῆς
1983 3046 2101 3082 πόλεως
2112 3046 2162 3077 ἐπὶ
2175 3045 2299 3077 Βασιλί-

136 3105 227 3131 σκθυ,
242 3093 311 3134 ὅρον
325 3097 542 3134 χρηματισμοῦ
558 3095 599 3134 μὴ
616 3095 782 3135 λαμὸάνων
797 3097 924 3136 μηδένα,
939 3097 991 3127 καὶ
1005 3097 1045 3127 τὰ
1059 3096 1128 3133 ἔθνη
1140 3093 1194 3127 καὶ
1208 3098 1262 3134 τὰς
1275 3098 1376 3134 πόλεις
1390 3097 1492 3132 πάσας
1506 3096 1690 3133 καπηλεύων
1701 3120 1709 3134 ,
1724 3096 1777 3126 καὶ
1792 3094 1916 3125 ἀτόπων
1930 3094 1984 3129 τὰς
1998 3093 2147 3134 ἐπαρχίας
2161 3103 2298 3134 προστα-

136 3141 263 3183 γμάτων
277 3141 448 3181 ἐμπλήσας·
465 3141 485 3171 ἃ
501 3142 543 3182 μὴ
556 3142 701 3183 φέρουσαι
716 3143 759 3174 ἔτι
773 3149 834 3175 τῶν
854 3144 1011 3185 ἀρχόντων
1025 3145 1056 3174 αἱ
1073 3144 1169 3179 τάξεις
1181 3144 1256 3183 μηδὲ
1273 3147 1303 3175 αἱ
1318 3145 1375 3181 ἔξω
1392 3145 1512 3185 βουλαὶ,
1527 3147 1678 3184 φυγοῦσαι
1689 3142 1854 3172 κατέλιπον
1868 3141 1921 3176 τὰς
1932 3142 1994 3171 τῶν
2005 3140 2104 3180 φόρων
2116 3138 2296 3179 εἰσπράξεις.

137 3191 192 3222 Ἐκ
205 3190 237 3221 δὲ
246 3193 299 3227 τῆς
309 3189 419 3220 τούτου
430 3190 601 3226 πλεονεξίας
616 3191 779 3232 ἀρχόμενοι
795 3193 804 3231 (
816 3193 1006 3233 ἀγχόμενοιί)
1022 3191 1136 3223 Bernh.
1147 3192 1156 3229 )
1168 3191 1265 3222 ἱκέται
1279 3193 1310 3223 ἐν
1326 3195 1388 3228 τοῖς
1405 3194 1518 3227 κοινοῖς
1530 3193 1618 3232 ἱεροῖς
1631 3190 1821 3227 ἐκαθέζοντο,
1840 3188 2014 3228 ἐλέγχοντες
2028 3187 2066 3218 τὰ
2079 3187 2190 3218 τούτου
2202 3187 2296 3228 κλέμ-

137 3248 231 3277 ματα.
251 3236 312 3269 Ἦν
331 3236 362 3268 δὲ
386 3240 479 3268 πᾶσιν
499 3237 634 3278 ἀπεχθὴς
647 3263 655 3276 ,
675 3240 765 3279 τιμὴν
784 3240 882 3271 οὐδενὶ
908 3241 1009 3280 νέμων
1026 3239 1259 3280 προσήκουσαν.
1292 3241 1353 3272 Καὶ
1369 3242 1478 3270 τοῦτον
1498 3241 1551 3276 τῆς
1568 3238 1662 3278 ἀρχῆς
1679 3236 1856 3273 ἀπήλλαξαν
1873 3234 2008 3274 &siv-002*
2029 3233 2241 3273 ἆνθαῑρθῦντῑῑῑ
2265 3232 2297 3264 δὲ

136 3286 230 3326 ἄνδρα
251 3285 267 3302 *
291 3285 494 3326 Λαυρέντιον,
514 3285 546 3321 ὃς
565 3286 602 3324 ἦν
619 3286 649 3322 ἐξ
670 3286 764 3326 ἀρχῆς
781 3291 841 3318 τῶν
859 3288 907 3319 ἐπὶ
921 3291 974 3324 τῆς
989 3287 1101 3328 ἀγορᾶς
1115 3290 1167 3324 τῆς
1185 3288 1317 3328 μεγάλης
1331 3286 1466 3327 ῥητόρων
1479 3310 1487 3323 ,
1511 3286 1562 3316 καὶ
1583 3283 1763 3324 πρωτεύσας
1794 3283 1824 3313 ἐν
1843 3281 1951 3321 ταύτῃ.
1970 3281 2062 3321 ’Ὁτῳ
2085 3280 2117 3311 δὲ
2136 3279 2275 3310 συνείποι
2288 3302 2296 3318 ,

136 3333 206 3364 οὐτε
221 3331 351 3373 τρίὸειν,
369 3333 410 3367 ὡς
427 3332 464 3363 ἂν
482 3333 595 3372 μᾶλλον
611 3333 782 3374 κερδαίνοι,
800 3334 870 3365 οὔτε
886 3335 1014 3366 διέλκειν
1033 3335 1184 3375 ἠνείχετο,
1201 3353 1242 3358 —-
1256 3333 1473 3375 προκοίτῳ]
1491 3333 1565 3363 Post
1582 3332 1613 3362 h.
1633 3339 1664 3361 v.
1680 3330 1783 3361 codex
1804 3329 1900 3360 habet
1911 3328 2090 3368 περιουσίαν
2112 3327 2276 3367 διῳκηκὼς
2288 3349 2297 3362 .

137 3389 211 3419 ‹111ae
223 3378 318 3410 verba
332 3387 405 3409 mox
422 3378 566 3410 redeunt.
577 3397 618 3402 --
630 3381 728 3411 κατὰ
742 3381 807 3417 τὴν
823 3381 843 3412 'l
854 3382 1007 3423 σαύρων
1020 3381 1030 3421 ]
1042 3394 1073 3413 κ.
1086 3386 1147 3413 τῶν
1157 3382 1213 3414 Ἰσ.
1226 3382 1338 3414 codex.
1351 3398 1388 3403 —
1403 3379 1497 3412 λαὸὀ
1507 3390 1619 3420 μενος
1635 3380 1701 3409 τοῦ
1718 3378 1802 3408 τεθν
1812 3376 1898 3407 ἁναι
1912 3374 1998 3416 κτλ]
2015 3375 2114 3406 Aliter
2130 3374 2297 3414 Theopha-

137 3435 193 3457 nes
206 3435 237 3466 p.
266 3428 322 3457 198
340 3438 346 3454 :
373 3426 432 3457 Καὶ
452 3426 592 3465 ᾐτήσατο
604 3427 656 3457 τὸν
672 3427 802 3466 βασιλέα
816 3427 863 3457 ἐπὶ
879 3429 932 3465 τὴν
949 3429 1098 3466 ἀνατολὴν
1115 3429 1272 3468 ἀπελθεῖν,
1297 3428 1347 3459 διὰ
1362 3428 1395 3460 τὸ
1409 3428 1478 3463 τοὺς
1493 3427 1581 3467 ἀέρας
1598 3425 1742 3464 ἀλλάξαι,
1759 3424 1804 3455 ὅτι
1820 3423 1940 3461 ἠσθένει
1956 3423 1990 3453 ἐκ
2006 3425 2057 3459 τῆς
2085 3421 2207 3461 πληγῆς
2234 3420 2245 3459 (
2254 3429 2294 3450 ΟΧ

138 3476 270 3505 vulnero
296 3472 382 3512 quod
401 3473 566 3513 spanicius
584 3474 642 3506 iste
664 3473 853 3513 inflixerat).
